2045 3211
291 160 357 187 1371

610 158 740 186 EUSEBII
761 158 1000 187 CzESARIENSlS
1018 158 1092 186 OPP.
1115 157 1207 185 PARS
1227 157 1258 185 Il.
1279 171 1314 177 -—
1332 155 1583 184 APOLOGETICA.

1835 158 1892 186 l3?!

289 216 337 243 illo
350 217 438 251 spatio
447 216 606 244 diﬁ'usorum
620 216 732 251 aequalis
741 217 826 244 moles
839 218 963 250 exsistat,
975 225 1024 244 nec
1035 217 1073 244 ul-

1129 217 1220 251 κρᾶσις
1231 215 1319 250 (οὔτω
1333 215 1387 251 γάρ
1410 223 1474 249 φασι
1490 214 1640 251 παράθεσιν
1656 202 1790 249 ἐσεσθαι)·
1816 216 1892 250 διελη-

292 264 347 290 lutu
365 265 558 291 incrementum
576 271 608 290 ex
624 264 735 291 alterius
749 263 905 292 accessione
924 271 1073 298 consequa-

293 315 352 336 tur:
365 309 432 336 nihil
447 309 481 336 ab
495 317 528 336 eo
538 309 608 343 quod
620 317 673 336 non
689 314 762 338 secet
774 317 806 337 ac
816 310 928 342 dividat,
938 310 1075 344 relinque-

292 361 345 382 tur.
363 354 418 382 Nec
434 355 505 381 enim
523 355 550 381 in
568 354 719 389 majoribus
730 354 862 382 duntaxat
877 355 1017 389 partibus,
1033 354 1075 382 al-

291 407 366 426 terna
384 400 500 434 quadam
526 401 715 428 vicissitudine
738 401 829 428 mistio
857 401 886 427 ﬁt
915 400 980 435 (sie
1001 401 1073 427 enim

291 445 492 479 adjunctionem
508 446 598 480 potius
613 446 732 474 futuram
747 447 830 482 aieut)
846 455 853 472 :
867 447 914 473 sed
935 451 1020 474 totum
1035 447 1075 473 al-

291 497 379 518 terum
406 493 672 528 permeans,majus
697 493 759 520 licet
782 493 910 527 injectum
931 493 957 520 in
984 493 1075 520 minus

291 537 375 572 (quod
395 538 505 572 quidem
529 538 585 565 ﬁeri
603 547 657 566 non
677 543 782 574 potest.
811 543 841 566 ut
867 539 958 566 minus
973 539 1076 573 aequale

293 582 390 617 majori
408 582 483 618 ﬁat);
500 585 546 611 sed
564 592 710 620 permeans
735 589 843 618 tamen,
867 589 955 612 totum
977 585 1078 619 ubique

295 633 378 656 secat.
396 629 489 664 itaque
501 638 612 658 necusse
626 636 686 665 est,
707 632 729 659 si
755 631 807 659 hoc
829 633 919 666 ipsum
934 631 1032 666 quovis
1048 631 1075 657 in

293 680 394 709 puncto
409 676 470 710 ﬁet,
484 685 535 705 nec
558 678 676 705 medium
703 686 803 714 corpus
825 679 910 706 ullum
937 678 990 705 erit
1003 677 1076 712 quod

1123 261 1203 293 λυθὸς
1217 261 1246 288 δὲ
1256 261 1300 288 διὰ
1314 262 1424 293 παντὸς,
1448 262 1478 289 τὸ
1493 261 1662 297 ὲπεμϐληθὲν
1673 261 1720 287 ἐπὶ
1733 261 1893 297 σμικρότερον

1124 308 1202 343 (ὅπερ
1213 307 1352 338 ἀδύνατον,
1360 308 1392 333 τὸ
1402 307 1509 334 ἔλαττον
1524 308 1580 334 ἴσον
1594 307 1719 342 γενέσθαι
1733 307 1770 342 τῷ
1782 307 1893 341 μείζονι)-

1124 354 1180 380 ὰλλ¹
1194 352 1239 380 οὖν
1251 353 1415 388 διεληλυθὸς,
1433 354 1487 380 πᾶν
1501 354 1594 390 τέμνει
1618 353 1688 380 κατᾶ
1706 354 1768 381 πᾶν.
1790 353 1895 388 Ἀνάγκη

1124 395 1214 427 τοίνυν
1230 401 1254 426 εἰ
1266 399 1326 426 καθ’
1339 400 1428 426 ὁτιοῦν
1444 401 1565 436 σημεῖον,
1584 400 1631 426 καὶ
1658 400 1695 435 μὴ
1715 399 1812 435 μεταξὺ
1828 399 1896 434 σῶμα

1129 446 1226 473 ἔσταιὸ
1244 447 1280 482 μὴ
1296 446 1436 481 τέτμηται,
1459 447 1499 477 εἰς
1526 447 1626 481 σημεῖα
1653 447 1701 482 τὴν
1729 445 1852 481 διαίρεσιν
1870 447 1895 472 οὑ

1127 492 1253 528 σώματος
1275 493 1425 527 γεγονέναι,
1448 492 1516 527 ὅπερ
1528 492 1668 519 ἀδύνατον.
1686 493 1733 523 Εἰς
1744 492 1772 518 δὲ
1798 492 1896 527 ἄπειρον

1126 539 1175 574 τῆς
1188 539 1274 574 τομῆς
1298 537 1380 573 οὔσης
1400 538 1423 573 (ὃ
1439 538 1494 574 γὰρ
1510 538 1543 565 ἂν
1558 538 1643 573 λάϐῃς
1669 538 1758 572 σῶμα,
1780 538 1899 572 διαίρετξη

1127 585 1207 618 ἐστι),
1219 585 1249 610 οὺ
1260 583 1372 619 δυνάμει
1391 584 1481 618 μόνον,
1494 584 1618 619 ἐνεργείᾳ
1629 583 1657 609 δὲ
1672 583 1705 609 τὰ
1716 583 1814 618 ἄπειρα
1824 582 1896 609 ἔσται.

1128 632 1165 658 οὐ
1181 631 1269 657 τοίνυν
1283 631 1342 657 ὅλον
1354 631 1386 656 δι’
1400 630 1460 657 ὅλου
1487 631 1585 666 χωρεῖν
1613 630 1723 656 δυνατὸν
1742 630 1772 655 τὸ
1785 629 1866 664 σῶμα·
1885 630 1898 663 ἡ

1128 678 1157 705 δὲ
1170 678 1244 713 ψυχὴ
1257 677 1289 703 δι’
1305 677 1373 704 ὅλων
1384 677 1432 712 (δι’
1446 676 1590 712 ἀσώματος
1602 676 1666 711 ἄρα.

295 731 348 750 non
365 727 485 758 secetur;
505 729 534 751 ut
549 724 576 751 in
589 730 689 759 puncta
715 733 815 760 corpus
835 725 969 760 integrum
994 723 1152 757 dividatur,
1177 724 1250 759 quod
1264 723 1322 751 ﬁeri
1349 723 1426 751 nullo
1440 723 1520 751 modo
1546 727 1643 758 potest.
1667 722 1714 750 Sin
1728 727 1817 750 autem
1842 722 1900 748 diii-

293 770 379 797 sionis
396 771 469 798 illius
483 771 587 799 inﬁnita
602 772 672 799 ratio
695 772 786 800 futura
817 777 858 800 est
879 772 1071 808 (quodcunque
1095 772 1167 799 enim
1191 779 1292 806 corpus
1310 771 1463 806 acceperis.
1493 771 1634 798 dividuum
1652 778 1761 805 semper
1779 770 1899 804 est),tum

292 825 356 845 vero
372 827 426 846 non
453 821 552 846 vlrtute
567 820 716 853 duntaxat,
739 820 785 848 sed
813 821 895 848 etiam
928 828 1023 855 reapse
1050 820 1155 847 inﬁnita
1185 824 1275 847 erunt.
1298 818 1397 846 Totum
1430 827 1494 853 ergo
1517 826 1616 853 corpus
1641 821 1729 845 totum
1759 817 1832 844 aliud
1850 824 1899 851 per-

293 874 383 894 meare
397 875 450 894 non
467 872 566 902 potest.
587 868 669 903 Atqui
694 873 780 896 totum
798 869 907 896 animus
933 872 1055 903 permeat
1071 877 1078 895 :
1099 875 1214 902 corpore
1230 874 1294 903 ergo
1309 871 1384 894 caret
1396 867 1514 894 animus.

326 972 409 1008 834
425 983 434 998 ε
454 972 532 1006 Quod
558 977 647 999 autem
662 972 779 1007 priorem
797 972 870 998 illam
887 971 972 1006 ipsius
997 975 1076 998 natu-

1163 969 1215 996 «Τὸ
1234 969 1262 996 δὲ
1281 969 1327 996 καὶ
1338 969 1416 1004 φύσει
1431 969 1478 1004 μὲν
1486 968 1525 1004 (6)
1538 969 1672 1005 προτέραν
1685 969 1715 996 τὸ
1730 970 1796 997 αὐτὸ
1811 970 1902 1006 πνεῦμα

295 1028 352 1046 ram
366 1039 373 1051 ,
389 1019 513 1053 spiritum
531 1018 639 1052 proprie
658 1025 689 1044 ac
701 1018 876 1052 peculiariter
889 1025 949 1045 esse
963 1017 1076 1050 dicunt,

295 1073 356 1100 quae
368 1063 474 1099 ψυχρῷ,
490 1065 542 1091 hoc
558 1068 600 1091 est
619 1063 717 1098 frigido
739 1064 765 1090 iu
783 1064 844 1091 loco
869 1063 958 1098 posita
970 1083 978 1095 ,
997 1068 1078 1096 atque

295 1112 380 1138 aciem
393 1111 488 1145 adepta
504 1109 634 1144 majorem
646 1109 747 1146 ,ψυχὴ,
763 1109 814 1136 hoc
829 1114 870 1137 est
884 1110 992 1137 animus
1002 1129 1009 1141 ,
1028 1110 1078 1136 l'ri-

294 1157 370 1193 geris
385 1157 411 1183 vi
431 1156 538 1183 tenuior
553 1156 733 1190 subtiliorque
746 1155 832 1183 factus
844 1157 956 1190 evadat;
976 1157 1027 1183 hoc
1039 1157 1079 1191 ip-

295 1211 355 1230 sum
371 1203 479 1237 quidem
494 1202 642 1229 absurdum
655 1206 712 1230 est.
728 1210 790 1229 cum
804 1202 940 1237 pleneque
951 1202 1078 1229 animan-

296 1253 336 1276 tes
356 1253 383 1275 et
397 1247 494 1275 calidis
510 1252 659 1275 nascantur
675 1247 703 1274 in
729 1247 814 1278 locis,
833 1252 860 1274 et
889 1248 1009 1274 animum
1032 1247 1079 1274 ha-

296 1295 377 1320 beant
393 1293 546 1327 huiusmodi
570 1291 777 1328 refrigeratione
803 1297 950 1319 carentem.
965 1293 998 1319 At
1010 1292 1080 1327 prio-

296 1347 354 1366 rum
375 1345 483 1372 quoque
501 1337 584 1364 animi
607 1342 750 1369 naturam,
765 1344 797 1364 ex
825 1337 968 1371 multiplici
987 1345 1078 1364 rerum

295 1388 468 1411 externarum
484 1391 549 1411 casu
571 1383 701 1411 exsistere
721 1391 752 1410 ac
766 1383 883 1418 pendere
907 1383 1012 1411 volunt.
1039 1383 1078 1410 llli

296 1438 361 1466 ergo
377 1430 449 1465 quod
463 1430 582 1457 deterius
600 1434 660 1461 est,
684 1429 709 1456 id
737 1429 855 1464 primum
880 1430 1002 1463 faciunt,
1025 1437 1080 1464 quo

298 1477 357 1511 ipso
367 1481 494 1511 praeterea
510 1475 639 1510 quiddam
666 1475 757 1508 aliud,
785 1476 874 1502 minus
899 1476 981 1508 licet,
1004 1476 1080 1510 prius

297 1529 387 1550 tamen
404 1523 589 1554 constituunt,
602 1529 682 1557 quem
697 1522 817 1548 habitum
835 1522 988 1549 nominant.
1006 1521 1080 1548 Mens

298 1575 388 1596 autem
403 1573 540 1604 postremo
554 1569 588 1595 ab
608 1569 642 1595 iis
655 1568 716 1595 loco
735 1573 913 1602 numeratur,
939 1569 973 1596 ah
989 1569 1081 1596 animo

299 1617 403 1643 scilicet
427 1616 486 1650 ipso
505 1615 634 1651 profecta.
664 1614 732 1642 Nam
764 1615 786 1643 si
813 1615 937 1650 princeps
957 1615 1079 1642 omnium

298 1670 375 1689 ruens
388 1662 495 1696 ponitur
510 1681 517 1693 ,
533 1661 653 1688 secundo
668 1661 695 1687 in
711 1660 794 1696 gradu
807 1660 939 1693 animum,
956 1665 1079 1687 naturam

298 1708 416 1742 denique
433 1708 459 1734 iu
474 1707 554 1734 tertio
573 1706 706 1734 collocare
717 1711 856 1741 oporteat;
873 1706 964 1741 itaque
977 1713 1082 1740 semper

298 1753 371 1788 quod
385 1753 504 1780 deterius
521 1752 565 1785 sit,
586 1752 684 1779 habere
695 1752 842 1786 posterius,
853 1752 876 1779 si
887 1751 997 1786 quidem
1009 1752 1082 1786 ejus-

300 1800 373 1827 modi
394 1804 485 1826 natum
498 1804 549 1827 est.
567 1798 594 1826 Si
608 1807 673 1834 ergo
693 1798 762 1826 Deus
774 1799 830 1834 ipse
845 1801 972 1834 quoque,
989 1806 1037 1834 pro
1050 1806 1082 1825 eo

301 1852 332 1872 ac
351 1849 441 1872 mente
455 1845 583 1879 praeditus
599 1849 655 1877 est,
679 1846 812 1880 posterior
829 1845 900 1872 idem
922 1853 953 1872 ac
975 1846 1083 1880 genitus

302 1893 356 1923 sit,
372 1896 452 1926 atque
464 1892 638 1919 adventitiam
657 1897 774 1918 mentem
785 1891 870 1926 ipsam
886 1891 1005 1924 habeat;
1021 1899 1085 1918 con-

301 1939 374 1966 cludi
391 1939 461 1965 ferte
471 1939 572 1974 possit,
592 1947 679 1973 neque
696 1938 818 1965 animum
830 1958 837 1970 ,
853 1946 940 1973 neque
955 1943 1083 1969 mentem,

302 1993 390 2020 neque
413 1984 496 2012 Deum
522 1992 591 2012 esse.
616 1984 761 2019 Nunquam
788 1986 860 2012 enim
885 1985 958 2020 quod
987 1985 1086 2012 virtute

302 2031 490 2059 tantummodo
504 2036 560 2063 est,
575 2031 626 2058 nisi
639 2032 715 2066 prius
729 2031 754 2058 id
768 2031 850 2059 fuerit
860 2052 868 2064 ,
878 2031 950 2066 quod
962 2037 1023 2059 actu
1039 2032 1084 2062 sit,

303 2083 365 2105 actu
376 2079 434 2113 ipso
452 2077 572 2104 futurum
590 2082 640 2104 est.
654 2077 740 2112 Cujus
763 2078 834 2104 enim
855 2077 881 2104 vi
897 2078 1012 2105 exsistat
1037 2078 1085 2104 ali-

302 2124 426 2159 quando,
440 2124 462 2150 si
481 2123 555 2150 aliud
569 2128 666 2158 przetcr
693 2124 781 2158 ipsum
808 2123 875 2151 nihil
903 2132 989 2159 eoque
1010 2125 1084 2159 prius

303 2170 403 2197 fuerit?
428 2170 474 2196 Sin
501 2174 589 2196 autem
617 2177 646 2196 se
671 2169 804 2204 proferet,
828 2170 1013 2205 producetque
1036 2179 1084 2206 per

1129 1015 1227 1049 λέγειν·
1243 1015 1271 1041 ἐν
1284 1014 1312 1041 δὲ
1326 1014 1422 1050 ψυχρῴ
1436 1015 1586 1050 γενομένην
1599 1015 1646 1041 καὶ
1659 1015 1903 1051 στομωθεῖσαν,ψδ-

1129 1061 1178 1097 χὴν
1201 1060 1338 1095 γίνεσθαι,
1376 1060 1540 1096 λεπτοτέραν
1567 1061 1597 1087 ἐν
1627 1061 1722 1097 ψυχρῷ
1761 1063 1901 1098 γενομένην

1127 1107 1176 1133 ὡδὶ
1190 1107 1227 1142 (7)
1242 1107 1289 1133 καὶ
1305 1106 1370 1133 αὐτὸ
1391 1107 1498 1133 ἄτοπον·
1520 1107 1605 1133 πολλὰ
1621 1107 1675 1143 γὰρ
1700 1107 1759 1139 ζῶα
1781 1110 1809 1135 ὲν
1824 1108 1902 1144 θερμῷ

1129 1153 1260 1187 γίνεσθαι,
1278 1153 1324 1179 κιίὶ
1343 1153 1432 1189 ψυχὴν
1460 1153 1516 1188 ἔχει
1535 1154 1565 1180 οὗ
1591 1153 1750 1189 ψδχθεῖσαν.
1777 1155 1847 1184 Ἀλλ’
1866 1153 1902 1182 οὖν

1130 1199 1194 1234 φασί
1208 1208 1239 1233 γε
1257 1198 1392 1234 προτέραν
1407 1198 1486 1233 φύσιν
1501 1198 1589 1234 ψυχῆς
1608 1198 1678 1226 εἶναι
1692 1199 1763 1226 κατὰ
1779 1201 1902 1236 συντυχίας

1129 1246 1177 1277 τὰς
1193 1245 1245 1279 ἔξω
1258 1245 1412 1280 γινομένην.
1444 1245 1594 1280 Συμὸαίνει
1609 1243 1655 1272 οὖν
1679 1246 1774 1278 αὐτοῖς
1787 1247 1816 1273 τὸ
1830 1248 1903 1282 χεῖρον

1130 1291 1237 1327 πρῶτον
1248 1291 1343 1321 ποιεῖν,
1355 1290 1402 1316 καὶ
1422 1290 1474 1326 πρὸ
1490 1289 1583 1316 τούτου
1601 1289 1664 1317 ἄλλο
1690 1290 1812 1322 ἔλαττον,
1826 1292 1855 1327 ἦν
1868 1291 1902 1318 λέ-

1130 1345 1222 1370 γουσιν
1235 1335 1300 1368 ἕξιν.
1321 1336 1349 1361 '0
1365 1335 1393 1362 δὲ
1407 1335 1469 1366 νοῦς
1486 1335 1609 1367 ὕστατος,
1630 1336 1683 1362 ἀπὸ
1704 1337 1755 1372 τῆς
1769 1337 1853 1372 ψυχῆς
1866 1338 1903 1373 51,-

1130 1383 1380 1418 λονότιγενόμενος·
1409 1382 1425 1417 ἢ
1454 1383 1478 1408 εἰ
1508 1382 1559 1417 πρὸ
1587 1382 1695 1409 πάντων
1725 1383 1797 1415 νοῦς,
1823 1383 1903 1418 ἐρεῇς

1131 1429 1184 1456 ἔδει
1197 1429 1284 1465 ψυχὴν
1305 1430 1409 1460 ποιεῖν,
1432 1426 1490 1454 εἶτα
1505 1428 1594 1462 φύσιν·
1612 1429 1659 1454 καὶ
1685 1430 1744 1455 αἰεὶ
1768 1430 1798 1456 τὸ
1811 1430 1904 1465 ὕστερον

1130 1478 1230 1512 χεῖρον,
1247 1477 1325 1512 εἴπερ
1353 1477 1483 1511 πέφυκεν.
1499 1476 1531 1502 Εἰ
1556 1474 1603 1502 οὖν
1638 1477 1685 1503 καὶ
1707 1478 1724 1503 ὁ
1747 1477 1812 1509 Θεὸς
1831 1478 1904 1507 αὐτοῖς

1132 1523 1204 1550 κατὰ
1216 1523 1260 1550 τὸν
1274 1523 1335 1549 νοῦν
1350 1522 1470 1558 ὕστερος,
1484 1523 1529 1549 καὶ
1539 1523 1675 1558 γεννητὸς,
1689 1524 1739 1549 καὶ
1750 1524 1858 1550 suam?”
1869 1524 1904 1549 τὸν

1132 1570 1194 1596 νοῦν
1207 1569 1286 1605 ἔχων,
1306 1569 1438 1604 ἐνδέχοιτο
1470 1569 1502 1596 ἂν
1531 1569 1598 1605 μηδὲ
1623 1569 1726 1605 ψυχὴν,
1755 1571 1820 1606 μηδὲ
1846 1569 1903 1599 νοῦν.

1134 1616 1200 1652 μηδὲ
1214 1616 1278 1642 Θεὸν
1295 1614 1375 1642 εἷναι·
1390 1617 1414 1641 εἰ
1431 1615 1461 1641 τὸ
1483 1615 1595 1650 δυνάμει
1613 1616 1661 1651 (8),
1695 1616 1735 1652 μὴ
1757 1617 1828 1648 ὄντος
1852 1615 1905 1650 πρό-

1131 1671 1209 1698 τερον
1225 1662 1271 1688 τοῦ
1296 1662 1430 1697 ἐνεργείᾳ,
1446 1662 1493 1688 καὶ
1519 1662 1575 1694 νοῦ,
1597 1663 1712 1697 γένοιτο,
1726 1663 1786 1689 οὐδὲ
1809 1662 1861 1697 ἣξει
1875 1662 1906 1691 εἰς

1130 1710 1277 1744 ἐνέργειαν
1301 1709 1326 1735 τί
1352 1708 1405 1744 γὰρ
1421 1708 1496 1734 ἔσται
1511 1708 1541 1734 τὸ
1571 1708 1646 1742 ἄγον,
1675 1708 1714 1744 μὴ
1738 1709 1812 1740 ὄντος
1827 1707 1905 1741 ἑτέρον

1131 1755 1268 1790 παράὺτὺ
1285 1748 1417 1790 προτέρου
1428 1763 1435 1786 ;
1448 1754 1479 1780 El
1490 1754 1511 1780 δ’
1532 1755 1611 1781 ἑαυτὸ
1631 1754 1691 1786 ἄξει
1716 1757 1757 1786 εἰς
1773 1754 1904 1790 ἐνέργειά-1.

1131 1802 1198 1836 ὅπερ
1212 1800 1321 1832 ἄτοπον,
1336 1800 1403 1827 ἀλλὰ
1419 1800 1518 1835 βλέπον
1533 1809 1564 1835 γε
1583 1801 1650 1837 πρός
1670 1810 1698 1828 τι
1723 1801 1792 1834 ἄξει.
1806 1802 1819 1828 ὃ
1832 1801 1858 1827 οὐ
1870 1799 1904 1825 δυ-

1135 1848 1215 1882 νάμει
1231 1847 1279 1882 (9),
1298 1848 1423 1883 ἐνεργείᾳ
1439 1847 1467 1874 δὲ
1494 1847 1580 1875 ἔσται.
1609 1849 1707 1876 Καίτοι
1722 1850 1753 1875 τὸ
1773 1850 1814 1876 ἀεὶ
1833 1848 1904 1883 μένειν

1136 1894 1166 1920 τὸ
1182 1894 1257 1924 αὐτὸ,
1274 1894 1352 1930 εἴπερ
1368 1894 1398 1920 ea
1410 1894 1521 1930 δυνάμει
1537 1894 1602 1928 ἕξει,
1626 1895 1687 1921 καθ”
1700 1896 1781 1922 ἑαυτὸ
1797 1896 1832 1926 εἰς
1846 1893 1905 1927 ἐνέρ-

1138 1949 1213 1974 γειαν
1228 1940 1297 1975 ἥξει,
1311 1942 1358 1967 καὶ
1372 1941 1449 1967 τοῦτο
1470 1942 1591 1976 κρεῖττον
1613 1941 1689 1968 ἔσται
1706 1942 1753 1968 τοῦ
1768 1940 1904 1975 δυναμένου.

1134 1983 1188 2013 οῖον
1217 1987 1327 2022 ὀρεκτὸν
1350 1987 1378 2013 ὃν
1398 1987 1511 2014 ἐκείνου.
1537 1988 1672 2024 Πρότερον
1701 1989 1756 2023 ἄρα
1783 1988 1811 2014 τὸ
1834 1987 1905 2021 κρεῖτο

1133 2041 1178 2058 τον
1195 2032 1262 2067 (10),
1280 2033 1326 2060 καὶ
1351 2033 1447 2069 ἑτέραν
1461 2034 1540 2068 φύσιν
1560 2034 1620 2069 ἕχον
1638 2033 1774 2070 σώματος,
1791 2034 1835 2060 καὶ
1845 2034 1904 2066 ὲνερο

1133 2079 1195 2115 γεξᾳ
1208 2079 1237 2105 ὃν
1248 2079 1300 2106 ἀεί·
1324 2079 1455 2116 πρότερον
1471 2079 1525 2115 ἄρα
1539 2080 1586 2106 καὶ
1601 2079 1673 2111 νοῦς,
1699 2081 1746 2107 καὶ
1758 2080 1841 2115 ψυχὴ,
1865 2076 1901 2111 $5-

1134 2134 1212 2157 σεως.
1225 2127 1280 2152 υὺκ
1295 2126 1347 2160 ἄρα
1363 2126 1434 2152 οὕτω
1456 2126 1527 2162 ψυχὴ
1541 2127 1578 2158 ὼς
1593 2126 1714 2162 πνεῦμα,
1726 2126 1821 2156 οὐδ’ὡς
1833 2125 1903 2157 σῶμα.

1145 2172 1213 2198 Ἀλλ’
1225 2173 1265 2199 ὅτι
1281 2172 1330 2207 μὲν
1342 2173 1372 2198 οὐ
1389 2172 1478 2208 σῶμα,
1500 2172 1597 2206 λέγοιτ’
1616 2172 1659 2204 ἇν,
1685 2173 1734 2199 καὶ
1757 2172 1854 2198 atoma:
1868 2169 1905 2195 καὶ

303 2224 363 2244 sese
378 2215 467 2251 (quod
486 2215 573 2250 ipsum
588 2220 676 2241 tamen
689 2214 837 2241 absurdum
849 2215 905 2250 est)
919 2236 926 2247 ,
937 2221 1010 2243 certe
1021 2217 1079 2244 durr

1137 2218 1225 2250 ἄλλοις
1240 2218 1332 2254 ἕτερα,
1349 2219 1428 2245 ἱκανὰ
1441 2219 1470 2244 δὲ
1487 2219 1533 2245 καὶ
1552 2219 1647 2245 ταῦτα..

307 2273 336 2292 se
359 2263 395 2290 ita
412 2263 546 2298 proferet,
580 2262 681 2297 aliquid
713 2263 877 2296 intuebitur,
897 2263 969 2298 quod
996 2273 1049 2291 non
1077 2266 1194 2298 virtute,
1215 2266 1261 2293 sed
1288 2270 1347 2293 actu
1374 2266 1436 2293 erit.
1463 2266 1646 2301 Quanquam,
1675 2266 1700 2293 id
1730 2265 1801 2301 quod
1825 2263 1905 2290 virtute

303 2316 361 2343 est,
378 2311 401 2338 si
428 2311 526 2338 habent
552 2311 621 2337 idem
650 2315 679 2337 ut
691 2311 732 2337 sui
752 2318 858 2346 semper
873 2311 961 2338 simile
983 2317 1107 2345 maneat,
1126 2314 1235 2341 exSistct
1249 2318 1311 2340 actu
1326 2322 1374 2348 per
1386 2321 1457 2345 sese,
1471 2318 1553 2349 atque
1569 2314 1595 2340 id
1607 2314 1659 2340 erit
1674 2314 1762 2341 solam
1774 2309 1902 2340 exsistendi

306 2362 464 2393 potestatem
489 2357 603 2385 habente
634 2357 824 2393 praestantius,
847 2365 908 2384 cum
948 2359 982 2385 ab
1007 2358 1052 2386 illo
1069 2364 1223 2394 appetatur.
1257 2359 1364 2387 lllaueat
1396 2360 1496 2395 igitur,
1520 2359 1596 2394 prius
1621 2359 1645 2387 id
1675 2367 1739 2387 esse
1761 2358 1828 2394 quod
1854 2359 1906 2391 pri

306 2407 421 2434 stantius
432 2406 483 2438 sit,
502 2407 619 2441 itemque
636 2406 708 2441 quod
743 2406 878 2434 diversam
903 2414 917 2433 a
943 2414 1054 2442 corpore
1076 2413 1199 2435 naturam
1217 2409 1330 2441 habeat,
1362 2408 1489 2444 quodque
1503 2413 1564 2435 actu
1583 2415 1691 2442 semper
1711 2407 1828 2434 exsistat.
1855 2403 1904 2431 Inde

305 2454 392 2486 enim,
405 2458 522 2481 mentem
538 2458 565 2481 et
574 2454 710 2486 animum,
727 2458 822 2481 natura
839 2455 943 2488 priores
970 2462 1040 2487 esse,
1069 2463 1119 2483 nec
1138 2457 1265 2490 spiritus,
1291 2461 1337 2484 aut
1354 2457 1477 2491 corporis
1503 2456 1620 2483 similem
1638 2455 1761 2482 animum
1782 2461 1837 2481 esse
1851 2458 1903 2479 con-

307 2501 405 2527 ﬁcitur.
430 2499 461 2527 Et
477 2500 586 2535 quidem
610 2500 642 2527 ad
669 2500 789 2526 animum
820 2508 958 2535 corporeae
980 2506 1083 2529 natura:
1101 2502 1317 2535 subducendum,
1349 2503 1383 2529 ah
1413 2502 1475 2530 aliis
1491 2510 1552 2530 cum
1569 2507 1596 2529 et
1609 2501 1722 2537 proferri
1736 2501 1786 2528 alia
1797 2501 1904 2534 possunt.

308 2552 335 2574 et
350 2547 451 2581 prolata
467 2547 523 2582 jam
542 2553 622 2580 sunt,
638 2552 694 2574 tum
709 2547 766 2574 haec
779 2555 888 2582 quoque
907 2553 999 2576 nostra
1022 2551 1089 2577 satis
1107 2555 1197 2578 erunt.

346 2680 384 2716 (ὃ)
396 2679 476 2716 FW“!
492 2680 562 2716 ὅλον·
595 2715 598 2716 ν
1015 2715 1018 2716 ν
1144 2681 1276 2716 particula
1297 2681 1351 2716 γάρ
1365 2681 1431 2708 nihil
1448 2687 1516 2714 opus
1533 2680 1592 2711 erit,
1610 2686 1660 2705 nec
1674 2677 1818 2712 quidquam
1833 2665 1904 2701 deeri‘

348 2714 386 2753 (ﬁ)
402 2715 498 2753 didm-:5
510 2715 581 2753 per:
593 2715 744 2751 Legendum
762 2716 866 2743 videtur
890 2715 970 2750 φύσιν
989 2715 1047 2751 μέν,
1063 2723 1079 2742 u

1145 2714 1578 2753 adlpeihujus:integritatem.__
1684 2748 1694 2753 ν
1762 2749 1767 2753 .
1802 2746 1808 2752 α
1829 2743 1859 2753 γυ

348 2724 386 2750 ιο)
402 2724 492 2741 Ψυσει
510 2724 575 2748 μεν.
593 2724 744 2751 Legenuum
762 2724 866 2743 vmctur
890 2724 970 2750 φυσιν
989 2724 1047 2751 μεν,
1063 2724 1093 2743 ιιι
1145 2724 1177 2742 au
1192 2724 1242 2743 toet
1258 2724 1338 2748 nutus
1354 2724 1408 2743 inte
1428 2724 1545 2742 ruatem.
1854 2743 1859 2749 δ

314 2750 393 2785 paulo
408 2754 467 2785 post
483 2749 550 2785 linea
567 2751 589 2776 7.
1182 2750 1219 2784 (9)
1240 2751 1269 2776 Ὃ
1282 2753 1317 2778 οὺ
1330 2751 1398 2779 δυν.
1410 2724 1450 2778 ξω
1470 2754 1540 2777 recte
1555 2749 1670 2777 Montac.
1684 2748 1713 2774 In
1728 2746 1809 2783 priori
1824 2743 1877 2772 edit.
1890 2739 1902 2766 ὃ

350 2784 387 2821 (ἶ)
408 2783 566 2821 '9»6[._M_ss.,
583 2786 596 2811 ὃ
608 2786 651 2820 δή,
667 2786 712 2813 sed
727 2786 756 2813 τὸ
768 2786 799 2821 δή
813 2786 890 2820 longe
904 2791 1023 2820 praestat.

1146 2790 1173 2812 et
1189 2786 1218 2812 οὐ
1234 2786 1355 2813 deerant.

352 2815 439 2856 (εςγει
461 2819 491 2856 td
510 2815 649 2854 δυνάμει,
664 2826 716 2847 ete.
742 2815 1053 2855 Legendu'm'existimo,
1071 2829 1079 2846 ε

1182 2821 1236 2856 (i0)
1256 2821 1288 2848 Τὸ
1302 2821 1443 2855 κρεῖττον.
1461 2820 1521 2848 Haec
1539 2828 1623 2855 usque
1637 2819 1669 2847 ad
1683 2819 1714 2844 ὃν
1730 2817 1781 2851 ἀεί,
1794 2815 1902 2843 debeam

316 2854 368 2888 γὰρ
384 2854 413 2880 τὸ
429 2854 549 2890 δυνάμει,
567 2855 588 2881 si
610 2856 721 2887 γένοιτο,
743 2856 814 2890 quod
834 2856 965 2890 sequitur,
986 2857 1079 2882 retinet

1147 2854 1232 2883 eidem
1247 2854 1360 2884 Moutuc.

318 2890 413 2923 plucet.
437 2888 494 2922 Sin,
513 2890 583 2923 quod
610 2899 658 2924 ego
686 2888 802 2923 mallem,
828 2888 930 2924 γένοιτο
954 2892 1094 2923 delebitur,
