2045 3211
171 185 238 213 1577

422 244 619 271 ΚΕΦΔΛΑΙΟΝ
638 244 700 270 KA’.

394 291 463 324 Περὶ
474 289 618 325 μεγέθους
631 290 731 323 ἡλίου.

205 347 214 363 ε
242 335 451 372 Ἀναξίμανδρος
468 335 533 371 ('50),
556 336 601 362 τὸν
614 336 663 371 μὲν
679 336 754 371 ἥλιον
765 336 821 363 ἴσον
841 335 909 364 εἶναι
921 339 955 373 τῇ

166 385 213 418 γῇ,
230 383 275 412 τὸν
290 382 319 409 δὲ
336 382 435 409 κύκλον
445 383 492 416 ἀφ’
508 379 538 409 οὗ
554 382 608 417 (51)
625 381 673 418 τὴν
693 382 809 418 ἐκπνοὴν
825 383 891 418 ἔχει,
910 385 956 410 καὶ

167 431 213 465 ὑφ’
239 425 269 456 οὗ
299 428 421 464 φέρεται,
452 429 796 456 ἑπτακαιεικοσαπλασίονα
824 430 879 463 (52)
906 430 956 465 τῆς

167 477 229 512 γῆς.
264 475 448 513 Ἀναξαγόρας
485 475 704 503 πολλαπλασίονα
740 476 953 512 Πελοποννήσου.

172 522 358 558 Ἡράκλειτος,
376 519 455 557 εὖρος
485 521 566 553 ποδὸς
593 521 771 557 ἀνθρωπείου.
797 522 956 558 Ἐπίκουρος

167 567 249 595 πάλιν
266 568 348 604 φησιν
364 567 517 603 ἐνδέχεσθαι
546 567 581 594 τὰ
597 568 782 604 προειρημένα
814 569 912 595 πάντα·
938 568 954 603 ἦ

167 614 335 650 τηλικοῦτον,
359 613 450 645 ὑλίκος
477 614 619 648 φαίνεται,
649 614 666 650 ἢ
697 614 787 650 μικρῷ
817 614 911 650 μείζω,
938 614 954 649 ἢ

166 661 280 688 ἐλάττω.
293 670 303 687 ι
962 666 964 668 ·

421 707 618 733 ΚΕΦΑΛΑΙΟΝ
641 707 694 733 ΚΕ’

397 751 466 785 Περὶ
477 751 633 786 σχήματος
643 751 743 785 ἡλίου.

207 807 215 824 ι
235 797 411 833 Ἀναξιμένης
428 798 483 833 (55)
495 797 605 830 πλατὺν,
616 797 653 828 ὡς
672 797 798 828 πέταλον,
809 797 854 824 τὸν
871 799 954 833 ἥλιον.

175 844 366 880 Ἡράκλειτος,
401 843 561 878 σκαφοειδῆ,
585 843 747 878 ὑπόκυρτον.
774 844 806 870 Οἱ
832 845 954 876 Στωϊκοὶ,

170 890 338 926 σφαιροειδῆ,
358 889 395 922 ὠς
408 890 453 916 τὸν
466 890 566 925 κόσμον
589 890 683 917 καὶτὰ
702 890 797 926 ἄστρα.
831 890 956 917 Ἐπίκου-

171 945 217 972 ρος
232 935 385 971 ἐνδέχεσθαι
400 936 434 962 τὰ
449 935 633 971 προειρημένα
652 936 748 962 πάντα.
767 936 892 968 Τοιοῦτος
908 937 956 971 μὲν

170 983 263 1014 αὐτοῖς
275 982 289 1007 ό
307 982 393 1016 μέγας
407 981 461 1008 τῶν
490 982 549 1007 κατ’
563 981 676 1016 οὐρανδν
702 982 873 1017 φαινομένων
898 982 957 1015 θεὸς

170 1029 256 1064 ἥλιος.
271 1028 389 1063 Μωῡσῆς
403 1028 441 1060 δὲ,
454 1029 500 1054 καὶ
516 1028 550 1054 τὰ
567 1027 698 1064 Ἐϐραίων
709 1028 786 1062 λόγια
805 1029 879 1055 οὐδὲν
896 1029 956 1056 τού-

170 1083 226 1101 των
239 1073 473 1110 πεοιεργάζονται.
488 1083 496 1099 ι

423 1195 621 1221 ΚΕΦᾹΛΑΙΟΝ
643 1196 714 1229 Kq".

448 1240 518 1275 Περὶ
533 1240 677 1274 σελήνης.

213 1297 222 1314 ι
246 1287 453 1324 Ἀναξίμανδρος
466 1286 530 1322 (54),
551 1286 649 1313 κύκλον
661 1285 730 1314 εἶναι
754 1287 957 1315 ἐννεακαιδεκα-

172 1335 303 1361 πλασίονα
323 1334 373 1368 τῆς
396 1334 459 1369 γῆς,
486 1333 580 1368 ὥσπερ
597 1333 641 1359 τὸν
656 1333 742 1368 ἡλίου,
757 1334 846 1370 πλήρη
863 1335 957 1370 πυρὸς,

172 1381 308 1408 ἐκλείπειν
344 1381 372 1407 δὲ
400 1380 470 1407 κατὰ
497 1380 545 1410 τὰς
582 1379 748 1415 ἐπιστροφὰς
772 1381 819 1406 τοῦ
848 1382 956 1417 τροχοῦ.

172 1428 285 1463 Ὅμοιον
300 1427 328 1453 δὲ
341 1424 409 1453 εἶναι
424 1423 565 1461 ἁρματείῳ
578 1425 675 1461 τροχῷ,
693 1425 784 1462 κοίλην
806 1426 892 1462 ἔχοντι
908 1427 958 1463 τὴν

172 1474 264 1509 ἁψῖδα,
282 1474 328 1500 καὶ
337 1472 422 1508 πυρὸς
439 1472 539 1508 πλήρη,
571 1473 618 1499 καὶ
637 1472 700 1508 μίαν
726 1473 853 1509 ἐκπνοήν.
880 1473 958 1500 Ξενο-

173 1520 270 1556 φάνης,
292 1519 372 1554 νέφος
399 1517 468 1545 εἶναι
491 1518 683 1554 πεπιλημένον.
712 1518 745 1546 Οἱ
777 1520 891 1546 Στωϊκοὶ
918 1520 956 1552 δὲ,

751 180 910 209 ΡΒΑΞΡΛΒ.
933 178 1057 206 EVANG.
1076 178 1143 205 LIB.
1164 177 1222 205 XV.

1724 177 1792 204 1578

1230 237 1311 273 337
1332 236 1445 264 CAPUT
1460 236 1553 263 xxw.

1241 284 1278 311 De
1293 284 1356 311 solis
1373 284 1564 318 magnitudine.

1048 341 1057 357 ι
1072 330 1284 363 Anaximander,
1306 330 1438 364 :equalem
1461 334 1540 356 terra:
1558 329 1641 356 solem
1663 336 1739 360 esse;
1766 334 1794 356 at

1008 384 1070 404 eum
1082 377 1226 409 circulum,
1237 377 1308 403 unde
1318 375 1468 410 respirandi
1481 376 1533 402 vim
1546 380 1571 403 et
1580 375 1732 404 facultatem
1746 376 1794 403 ha-

1010 421 1081 453 heat,
1090 421 1182 448 eadem
1196 425 1298 455 septem
1309 425 1335 447 et
1346 420 1439 454 viginti
1451 412 1573 455 partibus
1585 428 1645 447 esse
1653 420 1792 454 majorem.

1009 466 1194 501 Anaxagoras,
1218 466 1341 500 pluribus
1362 474 1424 493 eum
1451 466 1555 493 vicibus
1578 465 1794 501 Peloponnesum

1009 512 1161 547 adaequare.
1174 511 1337 543 Heraclitus,
1349 511 1461 538 humani
1478 511 1553 546 pedis
1567 511 1709 538 latitudine
1720 519 1795 539 com-

1007 557 1148 592 prehendi.
1168 557 1301 596 Epicurus
1326 556 1430 590 itidem,
1452 557 1592 592 superiora
1615 557 1707 584 omnia
1732 561 1793 583 Vera

1010 611 1069 631 esse
1083 611 1182 638 posse;
1197 603 1253 630 imo
1269 607 1372 630 tantum
1386 604 1480 636 etiam,
1495 608 1614 638 quantus
1631 603 1710 631 nobis
1725 602 1795 630 vide«

1010 655 1054 676 tur
1079 654 1125 676 aut
1139 649 1268 684 majorem
1281 650 1373 684 paulo,
1386 649 1500 684 paulove
1511 650 1655 677 minorem.
1671 659 1681 675 ι

1052 692 1056 695 ’
1289 695 1413 733 λαΑΡιιΤ
1428 695 1501 722 xxv

1288 741 1326 767 De
1338 743 1400 768 solis
1413 742 1509 777 figura.

1047 797 1056 814 α
1072 788 1265 818 Anaximenes.
1276 788 1383 815 laminae
1395 788 1538 822 cujusdam
1551 795 1627 814 more
1638 787 1722 814 latum
1735 794 1795 814 esse

1009 834 1106 862 solem.
1127 833 1287 867 Heraclitus,
1307 834 1414 868 Scaphae
1435 842 1489 860 non
1517 833 1678 865 absimilem,
1701 833 1795 859 incur-

1009 887 1127 914 vumque
1142 879 1275 906 nonnihil.
1296 879 1390 912 Stoici,
1406 879 1560 914 globosum,
1576 879 1664 912 qualis
1677 884 1703 905 et
1715 886 1795 904 mun-

973 926 993 952 Β
1007 925 1058 951 dus
1072 929 1097 951 et
1114 929 1185 951 astra
1201 924 1291 950 omnia
1311 924 1375 950 sinl.
1397 922 1538 957 Epicurus,
1555 923 1611 948 lucc
1625 921 1796 955 omnia'pro-

1009 971 1146 998 bahilitate
1160 978 1209 998 sua
1226 978 1279 997 non
1296 977 1398 997 carere.
1418 969 1506 1003 Atque
1523 968 1678 1002 hujusmodi
1699 967 1794 998 solem,

1009 1024 1137 1052 magnum
1150 1017 1214 1044 illud
1224 1024 1330 1048 eorum,
1342 1024 1402 1051 quae
1418 1015 1443 1042 iu
1455 1015 1523 1042 caelo
1537 1015 1658 1041 videntur
1674 1013 1795 1040 omnium

1009 1071 1109 1090 numen
1126 1070 1186 1090 esse
1209 1061 1365 1098 philosophi
1385 1063 1560 1096 putaverunt.
1582 1058 1617 1085 At
1633 1058 1721 1085 Moses
1746 1057 1797 1084 Ile-

1009 1108 1200 1142 hraeorumque
1217 1107 1327 1134 oracula
1343 1106 1422 1141 IOnge
1437 1110 1499 1133 sunt
1510 1105 1544 1132 ab
1557 1105 1609 1131 ista
1625 1104 1796 1131 curiosarum

1009 1154 1169 1189 opinionqu
1187 1154 1306 1180 vanitate
1322 1152 1462 1186 disjuncti.
1477 1161 1486 1176 ι

1287 1197 1401 1226 CAPUT
1417 1196 1511 1223 XXVI.

1339 1245 1378 1271 Dc
1394 1244 1468 1271 luna.

1047 1302 1055 1319 ι
1069 1291 1280 1324 Anaximander,
1299 1291 1430 1319 circulum
1444 1297 1504 1317 eam
1525 1297 1596 1320 esse,
1609 1288 1794 1316 novemdecim

1009 1340 1116 1367 vicibus
1133 1344 1212 1367 terrae
1225 1338 1438 1373 magnitudinem
1451 1337 1651 1372 adaequantem,
1667 1336 1726 1370 igne
1741 1344 1795 1362 non

1009 1393 1087 1413 secus
1109 1393 1140 1412 ac
1152 1393 1213 1412 eum
1230 1392 1310 1419 quem
1337 1384 1387 1411 soli
1415 1383 1521 1414 tribuit,
1546 1382 1659 1409 omnino
1673 1382 1794 1416 plenum.

1008 1431 1086 1466 cujus
1100 1430 1216 1458 defectio
1228 1430 1340 1457 luminis
1354 1437 1387 1457 ex
1403 1434 1468 1456 rota:
1484 1428 1662 1456 conversione
1679 1427 1793 1454 oriatur.

1008 1477 1112 1512 Quippe
1133 1477 1209 1504 illum
1224 1477 1304 1504 etiam
1329 1480 1394 1503 rota»
1414 1483 1510 1502 currus
1523 1474 1637 1501 similem
1650 1481 1721 1506 esse,
1736 1481 1797 1507 quze

1008 1531 1154 1551 concavam
1175 1523 1303 1556 orbitam,
1319 1523 1432 1557 igneque
1447 1522 1552 1557 plenam
1573 1521 1680 1552 habeat,
1695 1527 1795 1546 unum-

174 1566 269 1601 μικτὸν
283 1567 314 1592 ὲκ
327 1565 415 1601 πυρὸς
445 1564 492 1591 καὶ
525 1564 614 1600 ἀέρος.
633 1564 754 1596 Πλάτων,
784 1566 815 1591 ἐκ
837 1565 957 1597 πλείονος

1008 1577 1060 1604 que
1069 1569 1256 1596 tantummodo
1271 1567 1448 1603 spiraculum.
1466 1566 1658 1600 Xenophanes,
1674 1569 1794 1592 coactam

171 1600 219 1640 τοῦ
228 1613 342 1648 γεώδους
352 1600 416 1648 (55).
428 1611 620 1646 Ἀναξαγόρας,
628 1611 805 1646 Δημόκριτος,
818 1611 957 1647 περέωμα

1012 1623 1071 1642 esse
1082 1615 1315 1649 constipatamque
1325 1614 1433 1640 nubem.
1444 1612 1538 1642 Stoici,
1548 1611 1676 1646 quiddam
1690 1618 1722 1637 ex
1735 1610 1796 1644 igne

171 1661 313 1696 διάπυρον,
329 1659 389 1694 ἔχον
411 1660 440 1685 ἐν
466 1657 553 1693 ἑαυτῷ
568 1657 657 1689 πεδία,
682 1658 729 1684 καὶ
751 1657 812 1692 ὅρη,
833 1658 879 1684 καὶ
907 1658 959 1693 φά-

173 1715 288 1744 ραγγας.
305 1705 489 1742 Ἡράκλειτος,
497 1704 549 1738 γῆν
565 1703 665 1740 ὁμίχλῃ
677 1703 882 1739 περιεχομένην.
902 1704 958 1731 Πυ-

172 1753 302 1789 θαγόρας,
322 1750 392 1778 κατὰ
406 1750 436 1776 τδ
453 1749 594 1785 πυροειδὲς
608 1749 686 1784 σῶμα
701 1749 839 1784 σελήνης.»

1011 1669 1126 1695 aereque
1151 1661 1273 1688 mislum.
1290 1659 1377 1692 Plato,
1395 1659 1494 1685 terreni
1510 1657 1657 1693 plurimum
1685 1656 1794 1682 habere.

1011 1707 1187 1742 Anaxagoras
1203 1710 1230 1733 et
1242 1705 1423 1736 Democritus,
1441 1705 1547 1731 firmum
1563 1702 1627 1738 quid
1640 1710 1672 1729 ac
1688 1702 1794 1734 stabile,

1013 1752 1123 1788 ignique
1136 1758 1308 1782 succensum,
1325 1757 1435 1784 campos
1449 1757 1481 1776 ac
1495 1753 1601 1776 montes
1613 1749 1640 1774 in
1655 1755 1684 1775 se
1699 1747 1796 1774 valles-

172 1797 410 1832 quecomplexum.
428 1795 590 1827 Heraclitus,
616 1799 716 1821 terram
741 1795 855 1829 caligine
873 1795 1077 1825 circumfusam.
1101 1797 1279 1833 Pythagoras,
1314 1796 1383 1831 ignis
1406 1795 1439 1822 ad
1470 1795 1587 1829 speciem
1603 1794 1674 1822 luna:
1697 1801 1795 1828 corpus

172 1845 311 1872 accedere.
327 1854 336 1870 ι

419 1894 615 1920 ΚΕΦΛΛΑῙΟΝ
649 1894 711 1920 ΚΖ’.

365 1941 435 1974 Περὶ
455 1939 598 1974 μεγέθους
617 1939 761 1973 σελήνης.

211 1997 219 2013 ι
238 1987 269 2014 Ol
283 1986 396 2013 Στωϊκοὶ
412 1985 521 2021 μείζονα
544 1985 592 2020 τῆς
619 1985 669 2019 γῆς
695 1985 897 2019 ἀποφαίνονται,
919 1986 956 2018 ὡς

172 2032 280 2060 καὶτὸν
295 2032 379 2068 ἥλιον.
405 2030 586 2067 Παρμενίδης,
605 2030 664 2065 ἴσην
676 2030 715 2066 τῷ
741 2031 817 2066 ἡλίῳ,
838 2033 884 2058 καὶ
909 2033 956 2058 ἀπ’

172 2078 253 2106 αὑτοῦ
267 2077 438 2113 φωτίζεσθαι.
446 2087 454 2102 ι

425 2121 623 2148 ΚΕΦΔΛΑΙΟΝ
640 2122 707 2149 KH’.

364 2168 434 2202 Περὶ
448 2168 603 2202 σχήματος
619 2167 762 2202 σελήνης.

210 2224 220 2241 ι
242 2215 272 2242 Ui
299 2215 422 2246 Στωϊκοὶ,
452 2213 608 2249 σφαιροειδῆ
639 2211 720 2244 εἶναι,
740 2213 777 2245 ὡς
798 2213 842 2239 τὸν
869 2213 954 2248 ἥλιον.

178 2260 361 2297 Ἡράκλειτος,
399 2259 554 2294 σκαφοειδῆ.
586 2259 778 2295 Ἐμπεδοκλῆς,
809 2259 953 2295 δισκοειδῆ.
972 2284 993 2310 D

173 2306 275 2339 Ἀλλοι,
289 2305 480 2341 κυλινδροειδῆ.
487 2315 495 2330 ι

428 2350 624 2376 ΚΕΦΑΛΑΙΟΝ
637 2349 692 2376 ΚΘ⁷

359 2393 427 2427 Περὶ
454 2394 605 2428 φωτισμοῦ
626 2394 771 2429 σελήνης.

211 2448 221 2465 ι
244 2439 460 2474 Ἀναξίμανδρος,
482 2439 545 2465 ἴδιον
555 2440 640 2475 αὐτὴν
655 2440 726 2475 ἔχειν
742 2441 808 2474 φῶς,
834 2441 956 2476 ἀραιότε-

174 2491 221 2520 ρον
234 2485 263 2511 δέ
276 2494 343 2516 πως,
357 2484 498 2519 Ἀντιφῶν,
517 2484 573 2520 ἰδίῳ
581 2485 675 2519 φέγγει
689 2485 806 2520 λάμπειν
816 2485 864 2521 τὴν
879 2486 957 2521 σελή-

210 2594 267 2632 QQ)
284 2595 521 2632 ltrqflgardpoc.
539 2594 676 2632 Plutarch.
695 2595 758 2632 09d.
765 2596 817 2632 lib.
831 2603 890 2631 cap.
908 2596 953 2624 21.

284 2631 341 2664 Ἀφ’
357 2630 404 2660 οὖ.
419 2630 543 2657 Amiotus
559 2631 622 2666 legit
636 2631 678 2665 ἐφ’
693 2629 733 2657 οὗ.
750 2631 820 2658 Nihil
834 2629 919 2658 muto.

221 2633 266 2665 51)
284 2633 341 2664 Ἀφ’
357 2633 404 2660 οὗ.
419 2633 543 2657 Amiotus
559 2633 622 2666 legit
636 2633 678 2665 ἐφ’
693 2633 733 2657 οὒ.
750 2633 820 2658 Nihil
834 2637 919 2658 muto.

211 2633 266 2701 (52)
295 2665 698 2694 Ἑπτακαιεικοσαπλασίονα.
722 2666 759 2692 lla
788 2667 894 2700 reposui
921 2675 955 2694 ex

175 2700 336 2736 Plutarcho;
353 2702 389 2730 ita
407 2702 470 2736 legit
491 2702 629 2733 Amiotus,
652 2709 705 2727 non
728 2701 956 2729 ὀκτωκαιεικοσα-

174 2735 317 2772 πλασίονα,
330 2741 358 2764 ut
375 2738 400 2764 in
413 2735 497 2772 priori
511 2736 644 2772 editione;
661 2737 733 2770 quod
747 2741 835 2762 tamen
854 2736 956 2772 Xylan-

174 2771 355 2807 der_secutus
377 2777 427 2799 est.
450 2771 569 2807 Omnino
590 2771 731 2806 legendum
750 2772 859 2804 ὲπτακ.;
876 2771 956 2807 supe-

174 2805 241 2833 riori
257 2807 328 2842 enim
345 2808 432 2842 capite
456 2806 550 2834 statuit
567 2805 781 2838 Anaximander,
805 2807 869 2833 solis
886 2805 956 2834 inte—

175 2848 252 2875 grum
270 2841 400 2868 circulum
414 2850 474 2869 esse
493 2846 596 2868 tantum
610 2841 955 2870 ὀκτωκαιεικοσαπλασίονα

175 2875 226 2914 τῆς
241 2875 302 2915 γῆς.
324 2876 400 2904 Nunc
412 2877 477 2904 solis
490 2884 588 2911 corpus
604 2877 640 2915 ab
652 2882 773 2915 extremo
784 2877 885 2904 circulo
899 2878 954 2905 dis—

176 2911 285 2945 tinguit,
299 2918 329 2938 ac
342 2915 418 2939 terra:
429 2919 542 2947 prorsus
555 2911 657 2947 aequale
672 2912 746 2939 facit.

1219 1885 1303 1920 333
1328 1884 1441 1912 CAPUT
1460 1883 1567 1911 xxvn.

1242 1931 1278 1958 De
1292 1931 1362 1957 [unm
1375 1931 1564 1965 magniludine.

1049 1990 1057 2005 ι
1077 1978 1171 2010 Stoici,
1187 1983 1258 2006 terra
1275 1979 1405 2013 majorem
1430 1978 1503 2005 illam
1526 1986 1586 2005 esse
1606 1977 1792 2012 pronuntiant,

1012 2032 1065 2050 non
1080 2031 1158 2050 secus
1174 2031 1205 2050 ac
1216 2023 1310 2050 solem.
1323 2022 1505 2053 Parmenides,
1519 2030 1579 2048 cum
1598 2022 1648 2048 soli
1662 2021 1792 2056 mqualeiu

1012 2077 1081 2100 esse,
1093 2073 1148 2095 tum
1163 2068 1197 2095 ab
1210 2075 1242 2096 eo
1252 2075 1359 2103 quoque
1372 2068 1462 2094 lumen
1479 2067 1610 2101 accipere.
1626 2077 1634 2092 ι
1762 2060 1766 2064 ”

1278 2112 1392 2140 CAPUT
1410 2111 1528 2138 XXVIII.

1292 2157 1330 2184 De
1341 2157 1409 2184 lunw
1422 2157 1518 2192 ﬁgura.

1049 2213 1058 2229 ι
1074 2203 1168 2236 Stoici,
1178 2203 1369 2238 gIOI)OS$,IIOII
1383 2202 1473 2228 minus
1488 2209 1571 2236 quam
1583 2201 1678 2233 solem,
1689 2200 1789 2235 ﬁgurae.

1010 2249 1160 2277 Heraclitus
1176 2250 1293 2284 scaphae,
1310 2248 1386 2276 disco
1403 2247 1586 2282 Empedoeles,
1601 2246 1646 2273 alii
1669 2246 1791 2281 cylindro

1007 2303 1060 2322 non
1075 2295 1235 2322 absimilem.
1256 2304 1266 2320 ›

1289 2338 1402 2364 CAPUT
1420 2337 1516 2364 XXIX.

1238 2384 1277 2411 De
1288 2385 1484 2411 illuminatiune
1498 2384 1576 2410 (ante.

1046 2438 1055 2454 ε
1068 2429 1278 2460 Anaximander,
1291 2437 1370 2456 suum
1386 2429 1408 2455 ei
1426 2429 1514 2455 lumen
1530 2436 1561 2455 ac
1579 2428 1714 2462 proprium
1730 2435 1792 2454 esse

1007 2475 1074 2508 vult,
1091 2475 1136 2501 sed
1151 2474 1231 2508 paulo
1245 2474 1344 2501 rarius.
1362 2475 1512 2509 Antiphon,
1524 2474 1666 2508 splendore
1682 2481 1791 2509 quoque

1043 2597 1096 2632 (55)
1118 2595 1317 2630 Ἀναξιμένης.
1333 2595 1471 2624 Plutarch.
1490 2596 1568 2627 ihid.,
1585 2604 1645 2630 cap.
1657 2596 1702 2623 22.

1042 2631 1097 2667 (54)
1119 2631 1484 2667 Ἀναξίμανδρος-,νΙΙ›ἰιΙοιιι,
1501 2639 1560 2667 cap.
1576 2632 1620 2667 ‘25.

1041 2665 1097 2702 ('55)
1113 2666 1166 2693 Τοῦ
1187 2666 1328 2702 γεώδους.
1350 2666 1458 2697 Excusi,
1475 2665 1520 2692 τοῦ
1536 2665 1694 2702 πυρώδους,
1715 2666 1789 2701 quod

1005 2701 1129 2729 Amiotus
1151 2703 1274 2737 sequitur
1288 2710 1292 2726 :
1309 2701 1444 2737 Xylander
1457 2707 1548 2729 nestro
1567 2701 1658 2728 lueret.
1679 2702 1789 2730 Ilectius

1007 2741 1095 2764 tamen
1121 2736 1226 2764 videtur
1254 2736 1409 2771 πυρώδους,
1447 2745 1508 2763 cum
1539 2745 1619 2771 supra
1648 2745 1707 2771 pag.
1736 2737 1789 2764 806

1005 2771 1144 2799 Platonem
1162 2772 1319 2803 viderimus,
1341 2773 1476 2799 caelestem
1500 2772 1572 2798 illam
1598 2773 1733 2807 regionem
1753 2780 1787 2805 ex

1006 2807 1067 2841 igne
1084 2812 1186 2841 partem
1204 2808 1349 2833 maximam
1375 2808 1553 2840 constituere;
1577 2807 1631 2834 imo
1657 2808 1736 2834 etiam
1760 2808 1787 2834 in

1007 2842 1103 2869 Timwo
1119 2843 1284 2869 audierimus
1302 2843 1387 2878 Austris
1403 2843 1529 2869 omnibus
1545 2843 1673 2878 πλείστην
1689 2844 1719 2868 ἐκ
1736 2851 1787 2869 πυ-

1006 2878 1051 2913 ρὺς
1068 2878 1136 2904 ἰδέαν
1152 2878 1279 2906 tribuere.
1296 2876 1373 2910 Quod
1391 2879 1478 2913 ipsum
1495 2879 1563 2906 intra
1579 2885 1640 2913 pag.
1652 2876 1707 2904 ’859
1721 2885 1787 2906 cou-

1006 2914 1138 2940 ﬁrmatur.
