2045 3211
261 153 330 182 1579

581 151 715 180 EUSEBII
733 149 973 179 CAESARlENSlS
993 149 1067 177 OPP.
1087 148 1179 176 PARS
1199 148 1230 175 ll.
1247 163 1281 168 —
1294 146 1542 174 APOLOGETICA.

1824 147 1891 174 i580

260 211 354 239 lunam
368 212 502 239 rollucere
512 219 578 239 suo:
597 211 675 245 cuius
691 218 754 246 pars
767 218 809 241 ea,
825 217 886 244 quae
903 209 1051 244 aliquando

1105 215 1160 242 νην·
1178 207 1208 233 τὸ
1220 206 1243 232 δ’
1257 205 1498 241 ἀποκρυπτόμενον
1509 213 1542 230 πε
1548 203 1573 239 pl.
1581 203 1663 238 αὐτὴν
1674 203 1727 230 ἀπὸ
1742 203 1792 240 τῆς
1808 212 1891 239 προσ-

260 258 335 289 latet.
354 259 419 286 solis
431 266 542 286 accessu
555 258 736 290 obscuretur;
757 265 818 284 cum
836 257 905 292 ignis
917 256 1049 284 valentior

261 304 431 333 imbecilliori
446 305 570 331 tenebras
584 304 723 331 effundere
742 304 829 331 soleat
841 313 846 330 :
860 303 940 338 idque
952 302 1048 330 sideri-

261 351 313 380 bus
328 352 408 379 etiam
426 351 487 377 aliis
501 359 551 378 usu
575 352 676 378 venire.
695 350 805 382 Thales,
819 352 934 384 ejusque
960 353 1048 377 secta-

261 402 346 430 tores,
356 398 477 425 eamdem
487 406 501 424 a
510 388 665 432 sole'potius
673 396 830 424 illuminari.
839 395 991 423 Heraclitus
1001 402 1048 422 so-

261 444 296 472 lis
311 444 432 471 eamdem
443 451 473 471 ac
488 444 558 471 lume
571 443 704 470 rationem
713 450 772 470 esse
783 452 790 470 :
801 450 863 470 cum
875 442 947 470 enim
960 441 1048 468 sidera

261 489 327 521 sint.
342 489 427 524 ﬁgura
442 491 550 524 scaphae
562 489 672 522 similia,
685 489 748 516 dum
758 489 943 516 exhalationes
958 487 1048 514 humi-

261 535 311 563 das
328 537 430 571 passim
450 536 595 571 recipiunt,
612 543 644 562 ea
659 543 741 571 quam
759 535 898 563 cernimus
914 535 974 562 luce
989 535 1047 562 col-

262 582 388 614 lustrari;
404 587 430 610 et
446 582 529 610 solem
548 582 657 617 quidem
673 582 784 612 clarius.
800 581 873 616 quod
888 580 991 616 puriori
1009 580 1048 607 fe-

262 632 338 655 ratur
351 628 378 655 in
394 636 465 661 aere,
481 628 573 655 lunam
591 635 666 661 vero,
679 627 750 662 quod
768 627 795 653 in
813 627 940 661 opaciore
955 633 1047 654 verse-

260 678 318 708 tur,
329 675 473 703 obscurius
485 680 626 710 propterea
638 674 715 702 nobis
730 674 898 702 illucescere.
914 683 923 698 ›

548 761 662 789 CAPUT
679 761 765 788 XXX.

331 819 366 846 De
377 820 493 846 siderum
508 819 656 846 errantium
672 817 858 852 stabiliumque
875 822 982 844 natura.

1102 252 1183 288 ϐολῆς
1199 252 1246 279 τοῦ
1263 252 1337 287 ἡλίου
1362 251 1563 287 ἀμαυροῦσθαι,
1579 250 1728 284 πεφυκότος
1752 249 1800 276 τοῦ
1819 250 1892 284 ἰσχυ-

1104 299 1213 334 ροτέρου
1226 298 1311 334 πυρὸς
1326 297 1356 323 τὺ
1367 296 1560 331 ἀσθενέστερον
1583 296 1734 332 ἀμαυροῦν·
1752 295 1807 332 ὃδὴ
1823 304 1892 330 συμ-

1102 344 1246 371 ϐειίνεικα)⁸
1262 345 1326 379 περὶ
1351 344 1385 370 τὰ
1404 344 1471 371 ἄλλα
1495 343 1594 378 ἄστρα.
1617 342 1718 377 Θαλῆς,
1743 343 1791 369 καὶ
1806 343 1889 369 σιὰ-κ’

1102 391 1195 422 αὑτοῦ,
1213 390 1265 417 ὑπὸ
1281 391 1328 417 τοῦ
1344 391 1419 426 ἡλίου
1429 389 1591 425 φωτίζεσθαι
1601 389 1650 424 τὴν
1665 389 1789 424 σελήνην.
1805 389 1890 424 Ἡρά-

1102 437 1216 469 κλειτος,
1227 437 1257 463 τὸ
1269 437 1334 463 αὐτὸ
1351 436 1510 463 πεπονθέναι
1525 435 1570 462 τὸν
1586 435 1660 471 ἥλιον
1675 435 1723 462 καὶ
1738 435 1788 471 τὴν
1813 435 1890 470 σελή-

1102 491 1159 518 νην·
1177 482 1345 516 σκαφοειδεῖς
1359 481 1412 518 γὰρ
1426 482 1506 513 ὄντας
1515 482 1571 513 τοῖς
1586 482 1705 516 σχήμασι
1735 482 1798 512 τοὺς
1810 481 1890 509 ἀστέ-

1103 537 1163 564 ρας,
1172 528 1334 564 δεχομένους
1350 536 1379 554 τε
1391 527 1426 554 τὰ
1441 527 1496 554 ἀπὸ
1511 527 1560 562 τῆς
1573 527 1659 562 ὑγρᾶς
1672 525 1888 561 ἀναθυμιάσεως,

1103 574 1265 609 φωτίζεσθαι
1288 574 1356 610 πρὸς
1380 573 1429 609 τὴν
1450 574 1608 608 φαντασίαν·
1627 573 1817 609 λαμπρότερον
1843 573 1890 608 μὲν

1101 621 1146 647 τὸν
1159 620 1242 656 ἥλιοψ
1260 622 1288 646 ὲν
1303 619 1487 655 καθαρωτέρῳ
1515 619 1569 654 γὰρ
1590 619 1650 654 ἀέρι
1675 619 1817 654 φέρεσθαι,
1844 619 1890 654 τὴν

1101 666 1130 692 δὲ
1149 666 1262 702 σελήνην
1280 667 1308 692 ὲν
1324 665 1508 701 θολερωτέρῳ,
1525 664 1569 691 διὰ
1583 664 1661 691 τοῦτο
1676 664 1722 691 καὶ
1739 663 1892 700 ἀμαυροτέ-

1104 718 1153 746 ραν
1169 710 1320 745 φαίνεσθαι.
1328 720 1337 736 ›

1374 755 1570 782 ΚΕΦΑΛΑΙΟΝ
1587 755 1625 782 Λ’.

1106 803 1152 836 Τίς
1178 803 1197 836 ἡ
1219 803 1309 830 οὐσία
1347 803 1407 829 τῶν
1441 801 1605 864 πᾷὶανῄτων
1638 801 1757 835 ἄστρων
1789 801 1838 828 καὶ
1860 800 1894 828 d-

1436 845 1458 863 π
1480 845 1572 863 aram.

1436 845 1572 863 πλάνων.

302 896 311 911 ‹
327 885 436 918 Thales,
447 889 555 912 terrena
574 885 682 920 quidem
702 892 764 913 esse
779 889 864 915 astra,
881 885 925 912 sed
940 885 1048 912 inﬂam—

1141 894 1150 910 ι
1169 884 1260 918 Θάλης
1277 883 1343 919 (56),
1361 882 1449 918 γεώδη
1480 883 1538 918 μὲν,
1557 882 1666 918 ἔμπυρα
1682 882 1710 908 δὲ
1735 881 1770 908 τὰ
1793 881 1890 916 ἄστρα,

261 936 345 959 mata.
356 930 531 965 Empedocles
545 930 631 964 ignea.
645 937 678 955 eo
691 929 821 956 nimirum
834 936 867 955 ex
882 928 953 962 igne,
966 936 1046 962 quem

262 977 347 1004 aether
365 976 428 1011 olim
447 976 475 1003 in
494 983 554 1003 sese
575 976 749 1009 complexus,
766 975 817 1002 sub
828 975 942 1009 primam
961 982 1051 1001 rerum

263 1022 441 1049 secretionem
465 1021 616 1048 extriverit.
643 1021 832 1056 Anaxagoras,
855 1020 1053 1048 circumfusum

263 1066 342 1094 nobis
359 1065 469 1098 :elhera,
483 1066 566 1101 839
577 1073 639 1092 cum
655 1065 743 1100 ignem
758 1069 853 1100 suapte
868 1069 965 1092 natura
982 1072 1052 1097 esse.

262 1115 320 1139 tum
331 1111 482 1139 vehementi
491 1116 517 1138 et
526 1111 637 1138 incitato
645 1111 936 1146 conversionisimpetu
946 1110 1056 1139 avulsos

263 1157 313 1184 abs
327 1161 399 1184 terra
419 1157 523 1192 lapides
547 1157 574 1184 in
589 1157 681 1185 stellas
698 1161 892 1185 commutasse.
909 1156 1054 1192 Diogenes,

224 1231 227 1234 _
263 1203 353 1231 sidera
377 1203 515 1237 pumicum
534 1204 567 1230 ad
595 1208 721 1230 naturam
744 1204 884 1237 accedere,
901 1211 933 1231 ac
959 1203 1055 1237 mundi

264 1250 400 1284 spiracula
415 1257 477 1277 esse
491 1249 641 1276 arbitratur
652 1259 658 1276 :
668 1249 916 1284 itemquelapides,
930 1249 977 1283 qui
989 1257 1056 1276 ocu-

263 1296 352 1322 lorum
365 1297 449 1323 aciem
465 1295 580 1331 fugiant,
592 1296 694 1331 quique
707 1297 806 1330 saepius
820 1297 846 1323 iu
863 1301 964 1323 terram
981 1295 1055 1324 deei-

263 1342 359 1369 dentes
377 1342 596 1377 exstiuguantur,
612 1342 765 1376 cujusmodi
783 1342 888 1376 lapidea
911 1342 955 1369 illa
978 1343 1054 1370 stella

265 1388 359 1419 fuerit,
381 1396 441 1423 qua
462 1389 496 1415 ad
512 1389 639 1422 oppidum
657 1388 723 1415 illud
745 1388 823 1423 ignea
842 1389 932 1423 specie
955 1388 1056 1416 decidit

264 1439 335 1466 quos
353 1432 435 1466 vulgo
445 1431 539 1466 Caprae
552 1431 650 1459 ﬂuvios
665 1432 849 1461 nominamus.
866 1432 1053 1468 Empedocles,

265 1477 371 1504 stabilia
384 1477 473 1504 sidera
489 1477 514 1504 in
527 1478 587 1505 coeli
604 1478 731 1513 crystallo
746 1478 848 1514 illigata
859 1483 946 1514 putat,
961 1486 1055 1506 erran-

266 1524 303 1549 tia
326 1531 391 1550 vero
409 1523 497 1550 soluta
516 1531 576 1551 esse
598 1531 630 1551 ac
642 1524 736 1551 libera.
760 1523 848 1558 Plato,
866 1528 970 1559 partem
987 1532 1054 1552 sane

265 1569 411 1596 maximam
430 1569 520 1604 ignea,
537 1577 597 1604 quae
606 1575 696 1597 tamen
704 1570 819 1597 aliorum
831 1570 924 1598 itidem
934 1570 1052 1598 elemeu-
1065 1566 1087 1594 C

265 1620 354 1642 torum
374 1616 530 1650 particulas,
551 1616 629 1650 quasi
654 1616 745 1651 gluten
764 1617 874 1652 aliquod
897 1617 1051 1644 admittam.

265 1660 459 1696 Xenophanes,
471 1662 647 1690 inﬂammatis
659 1671 691 1690 ex
704 1663 823 1690 nubibus
837 1671 882 1690 eas
893 1663 1051 1696 constituit;

265 1717 327 1744 qua
343 1717 404 1736 eum
419 1709 626 1744 exstinguantur
649 1709 777 1742 interdiu,
790 1714 846 1737 tum
874 1717 937 1737 vero
959 1715 1052 1742 noctu,

266 1756 377 1791 quidam
401 1756 479 1790 quasi
497 1756 640 1789 carbones,
659 1757 757 1783 iterum
775 1756 974 1785 accendantur:
995 1757 1051 1792 ipsa

266 1803 338 1829 enim
365 1803 430 1829 oriri
447 1803 538 1834 modo,
561 1803 642 1841 modo
660 1803 794 1836 occidere,
809 1803 882 1830 aliud
897 1811 958 1831 esse
975 1804 1052 1835 nihil,

266 1856 349 1883 quam
372 1849 466 1875 eadem
496 1848 659 1876 inﬂammari
677 1849 802 1882 subinde,
822 1849 992 1885 subindeque
1011 1858 1053 1878 re-

267 1895 380 1930 stingui.
409 1894 576 1929 Heraclides,
595 1903 703 1930 uuaque
730 1895 888 1931 Pytagorei,
913 1897 1052 1932 quodlibet

267 1941 343 1968 sidus
362 1941 496 1977 integrum
520 1949 581 1970 esse
604 1942 745 1973 mundum,
761 1942 809 1977 qui
832 1947 931 1970 terram
950 1951 1051 1977 aerem,

267 1993 348 2022 atque
361 1988 471 2020 caelum,
485 1988 589 2016 infinito
599 1989 716 2024 quodam
730 1989 757 2016 in
773 1990 861 2024 spatio
874 1990 1053 2024 comprehen-

1110 931 1305 966 Ἐμπεδοκλῆς,
1320 930 1430 966 πύρινα,
1448 930 1479 956 ἐκ
1493 929 1539 956 τοῦ
1555 929 1704 965 πυρώδους,
1725 929 1795 964 ὅπερ
1812 927 1893 963 αἰθὴρ

1103 978 1132 1004 ὲν
1149 977 1236 1013 ἑαυτῷ
1259 977 1393 1012 περιέχων
1422 975 1588 1010 ἐξανέθλιψε,
1618 974 1688 1001 κατὰ
1709 975 1758 1010 τὴν
1784 973 1894 1008 πρώτην

1103 1023 1247 1058 διάκρισιν.
1280 1023 1462 1057 Ἀναξαγόρας
1484 1021 1529 1048 τὸν
1560 1021 1748 1056 περικείμενον
1779 1019 1893 1054 αἰΰέρα,

1105 1069 1215 1105 πύρινον
1238 1068 1287 1104 μὲν
1300 1066 1368 1095 εἶναι
1385 1067 1454 1094 κατὰ
1481 1068 1531 1103 τὴν
1556 1066 1661 1099 οὐσίαν,
1688 1068 1720 1102 τῇ
1748 1066 1770 1092 δ’
1788 1065 1895 1100 εὐτονία

1104 1116 1153 1151 τῆς
1168 1115 1363 1151 περιδινήσεως
1377 1114 1571 1141 ἀνασπάσαντα
1588 1113 1691 1149 πέτρας
1701 1112 1756 1140 ἀπὸ
1768 1112 1819 1146 τῆς
1831 1112 1892 1146 γῆς.

1106 1162 1153 1188 καὶ
1165 1160 1381 1195 καταφλέξαντα,
1408 1159 1508 1191 ταύτας
1540 1158 1722 1194 ἠστερικέναι.
1755 1157 1893 1192 Διογένης,

1106 1205 1260 1242 κισσηρώδη
1273 1205 1307 1232 τὰ
1321 1206 1419 1241 ἄστρα,
1432 1204 1560 1236 διαπνοὰς
1576 1205 1604 1231 δὲ
1629 1203 1699 1230 αὐτὰ
1720 1202 1826 1238 νομίζει
1847 1201 1894 1228 τοῦ

1107 1253 1219 1288 κόσμου.
1233 1252 1316 1279 Πάλιν
1328 1252 1356 1278 δὲ
1369 1253 1383 1278 ὁ
1410 1251 1503 1283 αὐτὸς,
1524 1251 1636 1286 ἀφανεῖς
1652 1250 1701 1286 μὲν
1721 1249 1822 1281 λίθους,
1849 1249 1894 1275 πί-

1106 1306 1221 1329 πτοντας
1237 1297 1265 1323 δὲ
1281 1296 1411 1328 πολλάκις
1429 1296 1475 1322 ἐπὶ
1503 1296 1551 1331 τὴν
1575 1295 1626 1330 γῆν
1653 1293 1824 1325 σϐέννυσθαι,
1845 1302 1896 1320 κα-

1107 1345 1193 1381 θάπερ
1219 1344 1266 1370 τὺν
1288 1344 1316 1370 ἐν
1345 1343 1427 1378 Αἰγὸς
1458 1343 1593 1378 Ποταμοῖς
1611 1341 1760 1378 πυροειδῶς
1781 1349 1894 1368 κατενε-

1106 1391 1202 1427 χθέντα
1210 1391 1311 1427 ἀστέρα
1322 1390 1459 1426 πέτρινον.
1468 1388 1662 1424 Ἐμπεδοκλῆς,
1673 1388 1737 1419 τοὺς
1748 1388 1798 1422 μὲν
1810 1386 1895 1413 ἀπλα-

1107 1439 1162 1469 νεῖς
1187 1438 1303 1473 ἀστέρας
1325 1436 1493 1463 συνδεδέσθαι
1517 1434 1556 1470 τῷ
1579 1433 1748 1470 κρυστάλλῳ,
1773 1433 1839 1464 τοὺς
1866 1431 1895 1458 ὁὶ

1106 1484 1244 1519 πλανήτας
1258 1482 1391 1510 ἀνεῖσθαι.
1423 1482 1547 1513 Πλάτων,
1567 1481 1600 1507 ὲκ
1622 1480 1670 1515 μὲν
1698 1478 1745 1506 τοῦ
1765 1479 1894 1505 πλείστου

1108 1530 1207 1566 μέρους
1221 1529 1362 1565 πυρίνους,
1378 1528 1541 1564 μετέχοντας
1553 1527 1582 1553 δὲ
1598 1527 1645 1553 καὶ
1657 1525 1711 1552 τῶν
1727 1525 1816 1552 ἄλλων
1825 1524 1893 1559 (57),

1104 1577 1200 1612 κόλλης
1217 1576 1305 1611 δίκην.
1323 1575 1486 1610 Ξενοφάνης,
1499 1575 1531 1600 ὲκ
1547 1573 1635 1608 νεφῶν
1654 1573 1702 1608 μὲν
1727 1571 1896 1607 πεπυρωμέ-

1104 1631 1165 1650 νων·
1185 1621 1380 1657 σ6εννυμένους
1393 1621 1421 1648 δὲ
1445 1621 1505 1648 καθ’
1517 1620 1636 1655 ἑκάστην
1654 1619 1772 1654 ἡμέραν,
1787 1617 1895 1649 ἀναζω-

1103 1668 1246 1704 πυρεῖσθαι
1261 1669 1379 1703 νύκτωρ,
1396 1666 1522 1701 καθάπερ
1539 1667 1602 1697 τοὺς
1615 1665 1761 1701 ἄνθρακας·
1777 1663 1828 1695 τὰς
1841 1664 1895 1698 γὰρ

1103 1714 1243 1746 ἀνατολὰς,
1261 1715 1307 1740 καὶ
1323 1713 1372 1744 τὰς
1383 1712 1472 1744 δύσεις
1489 1711 1598 1746 ἐξάψεις
1620 1709 1687 1737 εἶναι
1711 1711 1758 1737 καὶ
1776 1709 1894 1740 σϐέσεις.

1109 1760 1286 1796 Ἡρακλείδης
1314 1759 1343 1786 δὲ
1369 1759 1416 1786 καὶ
1444 1760 1468 1786 οἰ
1497 1758 1685 1793 Πυθαγόρειοι,
1705 1757 1821 1783 ἕκαστον
1843 1755 1896 1782 τῶν

1103 1807 1224 1842 ἀστέρων
1241 1805 1342 1841 κόσμον
1363 1804 1507 1840 ὑπάρχειν,
1528 1804 1580 1838 γῆν
1593 1803 1765 1839 περιέχοντα,
1778 1802 1850 1837 ἀέρα
1865 1810 1895 1828 τε

1103 1854 1150 1880 καὶ
1162 1853 1269 1889 αἰθέρα,
1293 1853 1322 1878 ὲν
1338 1852 1378 1887 τῷ
1405 1851 1522 1886 ἀπείρῳ.
1551 1848 1644 1876 Ταῦτα
1672 1847 1708 1874 τὰ
1728 1848 1854 1882 δόγματα
1868 1848 1897 1873 έν

1104 1902 1160 1932 τοῖς
1182 1900 1321 1935 Ὀρφικοῖς
1333 1898 1495 1934 ὲμφέρεταν
1509 1894 1702 1930 κοσμοποιοῦσι
1711 1894 1765 1930 γὰρ
1781 1894 1897 1920 ἕκαστον

1104 1946 1159 1973 τῶν
1175 1946 1307 1982 ἀστέρων.
1322 1944 1480 1979 Ἐπίκουρος
1495 1941 1572 1969 οὐδὲν
1588 1940 1771 1975 ἀπογινώσκει
1782 1939 1895 1970 τούτων,

1105 1992 1233 2027 ἐχόμενος
1245 1990 1292 2017 τοῦ
1307 1989 1506 2025 ἐνδεχομένου.»

267 2035 324 2060 dat.
337 2033 425 2068 Atque
441 2034 492 2061 hoc
522 2034 619 2068 dogma
643 2034 742 2069 passim
758 2033 885 2069 Orphicis
903 2035 1072 2063 carminibus
1092 2038 1256 2069 celebratur,
1283 2043 1343 2071 quae
1360 2034 1476 2070 singulis
1497 2041 1530 2061 ex
1550 2032 1686 2060 sideribus
1703 2030 1825 2058 mundos
1839 2028 1896 2057 elﬁ-

268 2081 353 2108 ciunt.
384 2080 517 2115 Epicurus
542 2081 638 2108 harum
661 2081 858 2108 sententiarum
877 2082 979 2109 nullam
1013 2083 1126 2110 omnino
1149 2083 1290 2118 repudiat,
1305 2089 1386 2109 suum
1409 2080 1486 2113 illud,
1520 2079 1579 2107 ﬁeri
1602 2085 1704 2113 posse,
1737 2081 1896 2104 constanter

268 2128 398 2156 retinens.
413 2138 422 2154 ι

547 2173 661 2200 CAPUT
677 2173 773 2201 XXXI.

517 2220 554 2247 De
562 2221 679 2247 siderum
689 2221 786 2255 ﬁgura.

309 2275 318 2293 ι
333 2266 426 2298 Stoici.
444 2266 554 2301 globosa
566 2274 627 2293 esse
638 2267 738 2299 sidera,
756 2274 810 2293 non
825 2274 904 2295 secus
922 2275 954 2295 ac
974 2275 1054 2295 mun-

269 2312 346 2345 dum,
370 2312 454 2339 solem
475 2315 557 2347 atque
579 2312 682 2339 lunam.
696 2312 841 2340 Cleanthes
858 2313 919 2340 coni
941 2314 1054 2348 ﬁguram

270 2357 306 2384 iis
332 2357 464 2384 attribuit.
488 2357 680 2390 Anaximenes,
703 2358 860 2392 crystallin
886 2358 913 2384 in
941 2365 1056 2392 corpore

271 2403 409 2430 clavorum
428 2403 454 2429 in
473 2403 584 2430 modum
600 2409 661 2430 esse
673 2403 770 2430 deﬁxa.
797 2402 924 2430 Nonnulli
941 2403 1056 2432 laminas

272 2447 403 2482 quasdam
427 2448 533 2483 igneas,
548 2456 609 2483 qua:
625 2448 718 2475 caelata
735 2449 816 2476 veluti
844 2449 920 2484 signa
939 2449 1054 2476 videam

272 2497 326 2520 tur.
344 2503 353 2519 ›
371 2493 511 2529 Ejusmodi
524 2499 598 2528 sunt,
609 2503 670 2530 quae
681 2495 713 2522 de
725 2495 779 2522 illis
795 2503 864 2530 quos
878 2496 1056 2530 aspectabiles

274 2540 318 2566 isti
332 2540 397 2568 deos
413 2541 563 2574 nominant,
576 2541 684 2576 egregia
701 2541 779 2568 nobis
791 2542 955 2576 excogitavit
966 2541 1056 2576 philo-

275 2587 382 2621 sophia.
396 2587 455 2614 Jam
476 2597 537 2623 qua:
556 2589 589 2616 de
604 2589 732 2616 universo
746 2595 855 2623 quoque
875 2589 1053 2624 pronuntient

274 2630 396 2666 ejusdem
410 2640 443 2659 ex
460 2632 597 2661 Plutarchi
617 2634 707 2661 verbis
725 2634 854 2669 intellige.

311 2721 366 2761 (ἒξ)
383 2721 491 2761 ρᾴνῑης.
506 2723 641 2761 Plutarch.
654 2725 713 2752 eod.
731 2725 790 2756 lib.,
803 2731 862 2758 cap.
875 2724 918 2750 15.

311 2757 368 2794 (37)
388 2758 448 2784 Τῶν
464 2759 574 2786 ἄλλων.
588 2760 725 2788 Plutarch.
741 2761 824 2792 addit,
837 2757 990 2794 στοιχείων.

1354 2170 1551 2199 ΚΕΦΑΛΑῘΟΝ
1565 2170 1630 2197 AA'.

1297 2218 1366 2253 Περὶ
1388 2217 1543 2253 σχήματος
1558 2215 1702 2249 ἀστέρων.

1146 2277 1156 2293 ι
1172 2267 1203 2293 Oi
1220 2265 1342 2298 Στωϊκοὶ,
1369 2263 1530 2300 σφαιρικοὺς
1552 2263 1616 2294 τοὺς
1629 2261 1758 2296 ἀστέρας,
1770 2260 1896 2295 καθάπερ

1108 2313 1153 2340 τδν
1168 2314 1279 2348 κόσμον,
1294 2312 1341 2339 καὶ
1354 2311 1439 2346 ἥλιον,
1456 2311 1503 2337 καὶ
1521 2309 1634 2343 σελήνην
1660 2307 1729 2341 (58).
1743 2307 1895 2342 Κλεάνθης,

1109 2359 1270 2389 κωνοειδεῖς.
1316 2356 1511 2392 Ἀναξιμένης,
1555 2354 1627 2389 ἥλων
1661 2353 1740 2388 δίκην
1776 2359 1896 2378 καταπε-

1110 2404 1266 2439 πηῖμένους
1277 2401 1315 2437 τῷ
1328 2399 1553 2437 κρυσταλλοειδεῖ.
1574 2399 1659 2425 Ἔνιοι
1673 2397 1702 2423 δὲ
1716 2397 1822 2423 πέταλα
1843 2396 1894 2422 πύ-

1111 2458 1173 2486 ρινα
1196 2446 1276 2480 εἶναι,
1300 2447 1393 2483 ὥσπερ
1427 2445 1645 2480 ζωγραφήματα.
1662 2452 1671 2468 ι
1702 2441 1820 2469 Τοιαῦτα
1847 2441 1895 2476 τῆς

1110 2494 1267 2530 Θανμαστῆς
1283 2493 1439 2528 φιλοσοφίας
1462 2491 1497 2517 τὰ
1514 2490 1578 2526 περὶ
1592 2486 1630 2515 ὧν
1650 2497 1714 2523 φασι
1726 2487 1894 2522 φαινομένων

1110 2540 1178 2567 Θεῶν
1191 2540 1375 2574 ἐξευρήματα.
1393 2535 1443 2565 Οἷα
1455 2537 1483 2564 δὲ
1509 2536 1557 2563 καὶ
1572 2535 1636 2571 περὶ
1649 2534 1696 2561 τοῦ
1716 2533 1820 2565 παντὸς
1832 2533 1893 2574 διεξ-

1110 2587 1236 2622 λήφασιν,
1260 2587 1292 2611 ὲκ
1303 2585 1352 2619 τῆς
1378 2583 1463 2618 αὐτῆς
1493 2581 1612 2618 μάνθανε
1639 2580 1687 2607 τοῦ
1720 2579 1893 2614 Πλουτάρχου

1107 2640 1207 2667 φωνης.

1145 2721 1199 2756 (58)
1220 2721 1274 2748 Καὶ
1304 2719 1449 2756 cauis-mf.
1478 2716 1617 2749 Κλεάνθης
1642 2714 1806 2745 κωνοειδεῖς.
1833 2711 1893 2740 nec

1110 2754 1264 2785 addidimus
1276 2764 1308 2784 ex
1319 2754 1475 2782 Plutarcho.
