2045 3211
175 152 225 180 138
230 153 238 179 ι

435 209 633 236 KNAAAION
648 210 709 236 AB'.

366 254 431 288 Πῶς
454 256 599 282 σύνεστιν
611 257 627 282 ὀ
641 255 763 290 κόσμος.

210 312 220 328 ι
244 302 272 328 '0
285 302 373 328 τοίνυν
385 301 486 336 κόσμος
503 301 558 336 ('59)
576 301 816 337 περικεκλασμένῳ
829 300 884 335 (40)
897 300 959 335 σκή-

174 358 238 384 ματι
252 349 449 384 ἐσχημάτισται
464 349 509 376 τον
534 348 635 384 τρόπον
651 348 756 374 τοῦτον.
772 347 832 372 Τῶν
848 347 957 381 ἀτόμων

173 395 306 430 σωμάτων
318 394 482 430 ἀπρονόητον
495 393 541 420 καὶ
564 393 676 428 τυχαίαν
689 393 804 427 ἐχόντων
817 392 866 427 τὴν
881 392 956 426 κίνη-

173 449 223 472 σιν,
242 440 359 476 συνεχῶς
372 449 401 466 τε
421 440 466 466 καὶ
489 439 603 475 τάχιστα
629 438 803 474 κινουμένων,
820 439 859 469 είς
874 437 956 464 ταύτὸ

172 486 255 513 πολλὰ
269 486 382 522 σώματα
400 485 589 522 συνηθροίσθη,
605 485 651 512 καὶ
663 484 707 511 διὰ
729 483 807 510 τοῦτο
822 483 954 510 ποικιλίαν

171 533 264 568 ἔχοντα
281 533 426 567 σχημάτων
447 532 494 558 καὶ
526 530 657 566 μεγεθῶν.
686 530 896 566 Ἅθροιζομένων
925 529 954 555 δὲ

170 578 198 603 tv
211 577 301 612 ταύτῷ
317 577 428 609 τούτων,
446 577 481 603 τὲι
500 577 558 612 μὲν,
573 577 622 603 ὅσα
639 575 748 611 μείζονα
764 573 798 611 ἦν
812 575 859 601 καὶ
870 574 953 610 βαρύ-

168 631 236 649 τατα
246 622 364 655 πάντων,
383 622 554 654 ὑπεκάθιζεν·
573 622 622 648 ὅσα
651 621 679 648 δὲ
702 621 786 657 μικρὰ
801 621 847 648 καὶ
875 629 952 656 περι-

168 668 248 704 φερῆ,
269 668 316 694 καὶ
331 667 399 700 λεῖα,
415 668 461 694 καὶ
473 667 606 699 εὐόλισθα,
621 667 707 694 ταῦτα
723 666 871 699 ἐξεθλίϐετο
881 666 951 692 κατὰ

166 712 215 747 τὴν
230 712 336 740 σύνοδον
348 713 400 739 τῶν
413 713 555 749 σωμάτων,
569 713 609 744 εἵς
621 721 650 739 τε
661 712 691 738 τὸ
706 712 839 747 μετέωρον
852 711 949 746 ἀνεφέ-

167 767 236 794 ρετο.
261 759 304 790 Ὠς
317 759 339 785 δ’
365 757 410 785 οὖν
433 758 539 791 ἐξέλιπε
565 759 614 794 μὲν
638 760 653 793 ἡ
684 757 820 793 πληκτικὴ
836 757 949 794 δύναμις

167 805 376 841 μετεωρίζουσα,
393 806 482 831 οὐκέτι
495 805 523 831 δὲ
537 803 604 840 ἦγεν
621 806 637 841 ἠ
652 804 742 840 πληγὴ
757 805 825 840 πρὸς
838 804 867 830 τὸ
885 813 948 839 μετ-

166 851 260 886 έωρον,
277 851 409 878 ἐκωλύετο
432 851 460 877 δὲ
478 851 564 877 ταῦτα
578 850 706 887 φέρεσθαι
725 851 809 882 κάτω,
826 848 947 881 ἐπιέζετο

164 897 231 930 πρὸς
247 897 309 927 τοὺς
324 897 431 928 τόπους,
445 896 506 928 τοὺς
520 896 684 931 δυναμένους
713 894 848 928 δέξασθαι.
869 893 946 922 Οὗτοι

163 941 190 968 δὲ
200 939 271 977 ἦσαν
285 943 308 968 οἱ
325 942 413 978 πέριξ.
430 943 484 969 Καὶ
499 942 565 978 πρὸς
580 941 688 973 τούτους
699 941 765 976 (AM),
789 940 820 967 τὸ
848 940 947 975 πλῆθος

163 988 216 1014 τῶν
229 987 362 1024 σωμάτων
393 988 563 1024 περιεκλᾶτο·
591 987 810 1023 περιπλεκόμενα
824 987 852 1014 δὲ
868 987 947 1022 ἀλλή-

163 1034 217 1066 λοις
228 1034 300 1061 κατὰ
314 1035 363 1070 τὴν
379 1035 538 1071 περίκλασιν
552 1035 596 1061 τὸν
613 1034 726 1070 οὐρανὸν
743 1034 881 1070 ἐγέννησε.
891 1035 946 1069 Τῆς

160 1080 183 1106 δ’
198 1080 282 1115 αὐτῆς
297 1080 423 1115 ἐχόμεναι
434 1080 541 1115 φύσεως
554 1082 581 1107 αἱ
595 1080 699 1116 ἄτομοι,
728 1080 846 1107 ποικίλαι
857 1078 944 1112 οὖσαι,

162 1125 251 1158 καθὼς
261 1125 378 1162 εἴρηται,
394 1126 460 1162 πρὸς
472 1126 502 1152 τὺ
520 1126 655 1162 μετέωρον
685 1125 877 1161 ἐξωθούμεναι,
897 1126 945 1161 τὴν

161 1171 213 1198 τῶν
226 1171 333 1208 ἄστρων
350 1171 429 1207 φύσιν
440 1172 595 1198 ἀπετέλουν.
608 1172 643 1198 Τὸ
658 1171 687 1198 δὲ
702 1171 803 1206 πλῆθος
815 1171 869 1197 τῶν
883 1171 945 1197 ἀνα-

161 1215 338 1252 θυμιωμένων
360 1217 493 1252 σωμάτων
511 1216 662 1252 ἐπέπληττε
674 1216 718 1243 τὸν
734 1217 812 1252 ἀέρα,
825 1217 870 1243 καὶ
884 1217 945 1243 τοῦ-

159 1268 204 1287 τον
216 1260 344 1293 ἐξέθλιϐε·
362 1261 598 1297 πνευματούμενος
609 1262 636 1288 δὲ
652 1258 729 1293 οὗτος
751 1262 821 1289 κατὰ
836 1262 884 1298 τὴν
901 1263 944 1289 κί-

160 1314 252 1341 νησιν,
283 1307 330 1333 καὶ
360 1307 568 1343 περιλαμϐάνων
582 1307 616 1334 τὰ
635 1308 731 1343 ἄστρα,
759 1309 944 1344 συμπεριῆγεν

159 1352 238 1385 αὐτὰ,
263 1354 309 1379 καὶ
325 1353 374 1389 τὴν
388 1353 434 1380 νῦν
451 1353 602 1389 περιφορὰν
616 1353 704 1380 αὐτῶν
733 1354 868 1389 μετέωρον
881 1355 945 1389 ἐφύ-

160 1397 247 1424 λαττε.
261 1398 385 1426 Κᾶπειτα
411 1399 443 1424 ὲκ
461 1399 510 1433 μὲν
529 1398 583 1424 τῶν
599 1398 817 1431 ὑποκαθιζόντων
828 1399 943 1435 ἐγενήθη

160 1443 236 1479 ηγῆ,
259 1443 291 1469 ὲκ
312 1443 340 1470 δὲ
367 1443 420 1470 τῶν
439 1443 678 1479 μετεωριζομένων
695 1444 709 1470 ὁ
723 1444 846 1480 οὐρανὸς,
877 1444 943 1478 πῦρ,

159 1490 220 1526 ἀήρ.
236 1490 339 1525 Πολλῆς
351 1491 379 1517 δὲ
396 1490 461 1526 ὕλης
478 1490 516 1517 ἔτι
531 1491 763 1528 περιειλημμένης
792 1493 821 1518 ὲν
847 1494 879 1528 τῇ
896 1494 942 1528 γῇ,

159 1540 350 1582 πυκνουμένης,
363 1540 391 1567 δὲ
402 1540 515 1575 ταύτης,
527 1541 597 1568 κατὰ
611 1542 660 1572 τὰς
676 1541 730 1568 ἀπὸ
754 1541 808 1568 τῶν
820 1542 941 1577 πνευμά-
957 1551 979 1582 c

143 1594 210 1612 -των
239 1585 355 1621 πληγὰς,
391 1587 437 1613 καὶ
469 1587 518 1618 τὰς
547 1587 600 1613 ἀπὺ
625 1586 679 1613 τῶν
695 1587 816 1623 ἀστέρων
845 1587 941 1624 αὔρας,

157 1630 349 1666 προσεθλίϐετο
362 1631 415 1662 πᾶς
424 1632 437 1657 ὁ
449 1632 618 1667 μικρομερὴς
632 1632 820 1667 σχηματισμὸς
830 1632 941 1667 ταύτης,

157 1676 202 1702 καὶ
217 1677 267 1712 τὴν
290 1677 375 1712 ὑγρὰν
400 1677 478 1712 φύσιν
501 1678 605 1712 ἐγέννα.
638 1678 799 1709 Ῥευστικῶς
823 1678 845 1704 δ’
873 1679 942 1714 αὕτη

155 1721 327 1757 διακειμένη,
344 1723 507 1758 κατεφέρετο
523 1723 591 1759 πρὸς
621 1725 683 1756 τοὺς
713 1723 818 1756 κοίλους
834 1724 941 1757 τόπους,

155 1767 201 1793 καὶ
210 1767 374 1803 δυναμένους
383 1769 504 1804 χωρῆσαι
512 1777 541 1795 τε
553 1770 599 1795 καὶ
613 1769 714 1803 στέξαι·
723 1769 740 1805 ἢ
750 1770 810 1796 καθ’
819 1770 897 1797 ἑαυτὸ
913 1770 943 1797 τὺ

158 1811 228 1849 ὕδωρ
238 1814 368 1845 ὑποστὰν,
382 1815 512 1841 ἐκοίλαινε
525 1815 587 1847 τοὺς
603 1815 799 1850 ὑποκειμένους
810 1815 917 1847 τόπους.
930 1825 939 1841 ι

731 150 890 178 ΡΙΗΕΡΑΒ.
911 149 1037 177 EVANG.
1058 149 1120 176 LIB.
1142 148 1198 176 XV.

1730 154 1799 184 1582

1284 206 1399 234 CAPUT
1415 207 1525 235 XXXII.

1140 253 1198 285 Qua
1211 254 1311 280 ratione
1324 253 1436 280 mumlus
1451 255 1485 281 sit
1502 255 1671 284 constitutus.

1046 309 1054 325 ι
1073 299 1123 326 llic
1146 307 1210 334 ergo
1235 301 1364 332 mundus,
1379 300 1554 327 circumﬂexa
1571 309 1652 335 quam
1672 302 1797 331 videmus

1008 347 1103 382 figura,
1117 346 1189 373 hunc
1205 345 1232 372 in
1248 347 1357 373 modum
1374 347 1560 374 conformatus
1573 352 1623 375 est.
1643 348 1711 376 Cum
1727 350 1796 377 indi-

1006 391 1086 418 vidua
1107 398 1223 426 corpora
1238 390 1385 417 temerario
1398 391 1516 425 quodam
1532 399 1564 418 ac
1580 390 1694 420 fortuito
1709 398 1795 426 motu,

1004 438 1290 473 eodemqueperpetuo
1301 438 1381 465 simul
1390 437 1472 473 840
1484 445 1515 465 ac
1526 438 1669 465 celerrimo
1684 446 1796 474 ageren-

1005 487 1059 516 tur,
1070 491 1184 518 corpora
1197 483 1222 510 in
1235 491 1319 510 unum
1329 483 1446 518 plurima
1456 484 1554 516 colere,
1564 485 1795 520 multiplicemque

1003 534 1144 564 propterea
1172 529 1322 564 ﬁgurarum
1343 533 1369 556 et
1391 529 1610 564 magnitudinum
1636 530 1793 558 varietatem

1003 574 1132 602 habuere.
1156 574 1260 608 Quibus
1283 575 1310 601 iu
1334 582 1418 602 unum
1442 575 1477 601 ita
1498 575 1711 609 conﬂuentibus,
1734 584 1794 610 quae

1002 621 1121 647 maxima
1136 621 1257 647 omnium
1279 624 1356 648 erant
1372 625 1452 655 atque
1472 621 1645 656 gravissima.
1666 623 1792 650 subside-

1001 666 1066 693 baut
1082 677 1087 694 :
1102 674 1162 701 quae
1186 666 1302 700 minora,
1323 667 1450 699 rotunda,
1470 667 1558 695 lmvia.
1574 667 1736 702 dilapsuque
1752 668 1793 695 fa—

1000 712 1072 744 cilia,
1086 720 1220 739 concursu
1237 711 1295 746 ipso
1308 720 1451 746 corporum
1464 713 1561 740 extrita
1574 717 1654 747 atque
1664 720 1790 747 protrusa

999 757 1115 784 sublime
1131 757 1298 784 ferebantur.
1317 758 1351 784 At
1365 758 1410 785 ubi
1429 758 1582 792 propellens
1598 767 1628 785 ea
1645 759 1685 786 vis
1699 764 1726 786 et
1740 760 1792 786 im-

998 807 1077 837 petus
1097 803 1266 837 superiOrem
1290 803 1317 830 in
1348 803 1437 831 locum
1458 804 1554 831 cﬂerre
1577 805 1714 838 desiisset,
1727 813 1789 834 cum

998 848 1056 882 ipsa
1075 856 1185 884 quoque
1213 848 1340 876 deorsum
1367 849 1430 876 ferri
1454 850 1672 884 prohiberentur,
1694 851 1790 878 vicinis

998 894 1101 920 circum
1121 894 1148 920 in
1168 894 1246 926 locis,
1276 894 1376 929 quibus
1397 895 1485 929 excipi
1506 899 1645 929 utcunque
1664 900 1790 930 poterant

996 939 1183 966 vehementius
1205 940 1406 974 premebantur.
1431 939 1471 967 Eo
1497 941 1607 975 quippe,
1622 941 1662 967 vis
1690 941 1787 976 ingens

996 992 1139 1019 corporum
1146 984 1320 1012 circumﬂexu
1331 986 1448 1020 quodam
1461 987 1607 1021 agebatur;
1622 987 1647 1012 in
1658 994 1712 1021 quo
1722 988 1786 1014 dum

997 1030 1048 1057 alia
1073 1038 1136 1057 cum
1155 1031 1215 1058 aliis
1243 1031 1379 1066 implicata
1408 1032 1549 1065 haarerent,
1567 1033 1665 1059 coelum
1687 1040 1788 1068 genuc-

997 1080 1072 1103 runt.
1082 1076 1150 1104 Tum
1166 1077 1225 1104 alize
1242 1085 1336 1104 rursus
1351 1078 1445 1109 atomi,
1457 1078 1550 1105 eadem
1564 1079 1672 1113 quidem
1689 1084 1786 1106 natura

995 1123 1124 1157 przeditze,
1139 1123 1185 1150 sed
1200 1127 1301 1154 tamen,
1314 1123 1353 1149 uti
1366 1123 1422 1157 jam
1439 1124 1542 1151 dictum
1555 1129 1606 1156 est,
1623 1125 1713 1159 specie
1726 1125 1784 1152 for-

995 1176 1094 1204 maque
1109 1169 1265 1201 dissimiles,
1277 1169 1395 1204 itemque
1411 1177 1520 1197 sursum
1536 1177 1631 1197 versus
1652 1171 1782 1205 expulsae.

996 1220 1130 1242 astrorum
1148 1220 1272 1242 naturam
1290 1215 1471 1250 perfecerunt.
1483 1216 1517 1242 At
1529 1223 1673 1251 corporum
1687 1225 1782 1245 eorum

995 1261 1148 1295 multitudo,
1163 1262 1234 1289 unde
1250 1262 1352 1296 aliquid
1376 1262 1558 1289 exhalationis
1582 1262 1703 1296 efﬂatur,
1721 1271 1784 1298 per-

995 1316 1105 1336 cussum
1129 1309 1201 1336 elisit
1225 1309 1479 1344 aerem;quimotu
1506 1309 1566 1344 ipso
1587 1318 1736 1338 conversus
1753 1311 1781 1338 in

995 1358 1115 1387 ventum,
1129 1355 1287 1389 ambituque
1299 1363 1350 1382 suo
1363 1360 1437 1382 astra
1457 1356 1626 1390 complexus.
1640 1364 1672 1383 ea
1690 1364 1783 1384 secum

995 1400 1022 1427 in
1039 1400 1130 1427 orbem
1145 1401 1207 1436 cgit,
1222 1409 1359 1436 quamque
1377 1401 1498 1436 ipsorum
1520 1402 1547 1428 in
1562 1409 1670 1429 summa
1689 1402 1782 1429 mundi

994 1450 1069 1481 parte
1085 1447 1291 1474 conversionem
1313 1447 1446 1481 hodieque
1467 1448 1616 1480 cernimus,
1638 1455 1784 1475 conserva-

994 1492 1041 1519 vit.
1060 1492 1149 1527 Atque
1163 1493 1198 1519 ita
1220 1501 1254 1520 ex
1276 1493 1480 1520 subsidentibus
1497 1493 1606 1528 quidem
1622 1495 1783 1529 corporibus

996 1543 1118 1571 terra,er
1134 1538 1168 1566 iis
1185 1547 1259 1571 vero,
1278 1546 1339 1573 qua:
1359 1539 1475 1566 sublime
1490 1539 1578 1567 delata
1590 1540 1663 1572 sunt,
1671 1541 1781 1573 ccelum.

995 1584 1076 1618 ignis,
1093 1591 1139 1612 aer
1152 1585 1292 1613 exstitere.
1305 1585 1339 1612 At
1355 1593 1417 1613 cum
1446 1593 1571 1620 magnam
1587 1587 1676 1614 adhuc
1697 1592 1781 1615 mate-

996 1631 1042 1658 ria:
1056 1631 1161 1666 copiam
1177 1636 1249 1658 terra
1265 1632 1425 1665 contineret,
1445 1640 1532 1667 eaque
1555 1641 1617 1661 cum
1635 1639 1779 1662 ventorum

993 1677 1183 1711 percussione,
1199 1682 1255 1703 tum
1279 1682 1414 1705 astrorum
1434 1679 1515 1706 etiam
1550 1679 1671 1714 ipsorum
1691 1680 1780 1707 aﬂlatu

994 1723 1102 1750 densior
1115 1730 1147 1752 ac
1158 1723 1271 1758 spissior
1283 1723 1376 1751 eﬂ'ecta
1388 1729 1469 1758 esset,
1483 1725 1614 1760 quidquid
1630 1726 1780 1753 subtilioris

994 1775 1025 1795 ac
1041 1768 1171 1796 tenuioris
1186 1768 1280 1796 formae
1298 1769 1425 1802 habebat,
1441 1777 1601 1805 expressum
1616 1775 1668 1803 est,
1688 1772 1779 1798 humi-

994 1814 1110 1848 damque
1129 1819 1252 1842 naturam
1279 1816 1440 1849 procreavit.
1461 1816 1526 1849 Quae
1544 1816 1616 1843 ﬂuxa
1631 1825 1692 1851 cum
1707 1824 1780 1845 esset

157 1866 187 1886 ac
201 1860 314 1895 liquida,
331 1861 357 1887 in
371 1869 403 1888 ea
416 1862 545 1889 continuo
559 1862 617 1889 loca
636 1863 781 1895 ferebatur,
798 1871 859 1898 quae
874 1869 991 1890 concava
1019 1862 1100 1889 simul
1126 1867 1227 1895 essent,
1242 1867 1322 1897 atque
1336 1864 1369 1890 ad
1394 1872 1453 1891 eam
1464 1869 1491 1891 et
1507 1865 1664 1900 capiendam
1677 1871 1703 1894 et
1714 1874 1779 1894 con-

157 1905 294 1933 tinendam
314 1907 411 1934 idonea
426 1916 432 1934 :
446 1908 488 1934 vel
501 1908 595 1935 eadem
612 1914 685 1936 certe
699 1916 748 1943 per
763 1916 823 1936 sese
835 1910 998 1941 consistens,
1015 1908 1135 1942 subjecta
1151 1908 1210 1936 loca
1225 1909 1375 1937 excavavit.
1391 1919 1399 1935 ι

190 1951 306 1987 Τοιαύτη
321 1952 367 1979 καὶ
382 1953 398 1988 ἡ
414 1952 564 1988 θαυμάσιος
579 1953 668 1980 αὐτῶν
687 1955 860 1990 κοσμογονία.
874 1955 941 1981 Συν-

156 1996 237 2031 ἦπται
267 1997 296 2023 δὲ
318 1998 421 2030 τούτοις
450 1999 515 2035 ἄλλη
530 2008 572 2031 τις
598 1999 710 2034 πλείστη
721 2000 870 2036 λογομαχία
886 2001 940 2027 τῶν

156 2042 286 2070 παντοίων
300 2045 362 2079 περὶ
377 2044 534 2080 προτάσεων
558 2046 763 2082 ἀπορησάντων.
783 2047 815 2073 Ei
828 2047 880 2083 χρὴ
908 2048 938 2074 τὸ

156 2088 208 2114 πᾶν
221 2088 259 2121 ἐν,
274 2089 291 2124 ἢ
312 2090 395 2116 πολλὰ
410 2090 546 2126 ἡγεῖσθαι·
566 2092 613 2118 καὶ
627 2093 651 2118 εί
667 2092 715 2119 ἕνα
733 2093 778 2119 τὸν
794 2093 904 2128 κόσμον,
919 2094 936 2129 ἦ

155 2133 270 2167 πλείους·
281 2137 328 2162 καὶ¹
341 2137 395 2178 si}:
408 2137 528 2172 ἔμψυχος
536 2136 621 2170 οὗτος,
630 2139 676 2164 καὶ¹
691 2139 802 2175 προνοίᾳ
811 2140 938 2174 τυγχάνει

154 2179 220 2206 Θεοῦ
232 2181 426 2217 διοικούμενος,
449 2183 503 2209 εἴτε
520 2184 566 2209 καὶ
579 2184 717 2211 τάναντία·
736 2186 783 2212 καὶ
796 2186 820 2211 εἰ
835 2185 940 2220 ἀφθαρ-

1031 1952 1109 1980 Huuc
1134 1954 1215 1981 etiam
1241 1955 1286 1982 isti
1313 1956 1391 1982 nobis
1409 1956 1546 1991 egregium
1569 1958 1662 1985 mundi
1687 1964 1776 1988 ortum

994 2001 1173 2028 somniarunt.
1181 2000 1285 2033 Quibus
1295 2002 1426 2029 immensa
1435 2003 1557 2037 quaedam
1566 2005 1618 2032 alia
1632 2005 1775 2034 verberum

992 2054 1081 2081 pugna
1102 2048 1293 2082 contentioque
1311 2048 1494 2084 subiungitur,
1510 2050 1649 2078 hominum
1671 2052 1697 2079 in
1715 2048 1776 2080 inli-

989 2093 1046 2118 nita
1065 2092 1247 2127 quazstionum
1280 2093 1346 2120 silva
1373 2093 1571 2122 ﬂuctuantium.
1594 2094 1671 2123 Sitne
1690 2105 1774 2124 unum

988 2137 1090 2172 aliquid
1114 2137 1268 2165 habendum
1297 2140 1348 2166 hoc
1375 2139 1531 2166 universum
1560 2148 1593 2167 an
1621 2141 1772 2176 multiplex.

989 2180 1126 2209 Unicusne
1147 2182 1182 2209 sit
1204 2183 1333 2216 mundus,
1347 2191 1380 2210 an
1404 2184 1503 2218 plures.
1529 2184 1605 2212 Sitne
1637 2187 1774 2215 animatus

154 2227 237 2262 τος,ἥ
256 2227 384 2263 φθαρτὸς·
401 2229 446 2255 καὶ
463 2228 544 2256 πόθεν
570 2229 708 2265 τρέφεται·
726 2230 773 2256 xat
794 2230 848 2257 ἀπὸ
859 2230 935 2256 ποίου

994 2227 1032 2253 hic
1048 2231 1149 2259 noster,
1168 2226 1269 2262 Deique
1287 2228 1454 2262 providentia
1472 2229 1647 2263 gubernetur,
1659 2237 1693 2257 an
1707 2238 1774 2258 con—

155 2272 252 2307 ἠρξατο
267 2275 283 2300 ό
295 2274 361 2306 Θεὸς
388 2277 570 2310 κοσμοποιεῖν·
589 2277 652 2312 περι
663 2285 693 2302 τε
709 2276 757 2311 τῆς
770 2276 871 2310 τάξεως
889 2276 936 2303 τοῦ

155 2319 265 2354 κόσμου·
282 2321 330 2347 καὶ
346 2321 412 2356 τίςὴ
427 2323 501 2348 αἰτία
515 2321 561 2348 τοῦ
578 2323 658 2349 αὑτὸν
675 2321 842 2358 ἐγκλιθῆναι,
870 2323 936 2358 Περί

155 2373 183 2390 τε
198 2366 246 2401 τῆς
256 2366 336 2398 ἐκτὸς
360 2366 407 2393 τοῦ
426 2368 528 2403 κόσμου
558 2368 741 2404 περιφερείας·
757 2369 803 2395 καὶ
827 2369 888 2395 τίνα
902 2369 937 2395 τὰ

154 2409 225 2444 δεξιὰ
239 2413 286 2438 καὶ
300 2412 333 2438 τὰ
345 2412 477 2449 ἀριστερὰ
486 2413 533 2439 τοῦ
550 2413 662 2448 κόσμου·
684 2415 746 2450 τερί
762 2422 791 2440 τε
811 2414 934 2450 οὐρανοῦ·

155 2457 199 2482 καὶ
213 2457 281 2492 πρὸς
314 2458 397 2484 arm
425 2458 539 2490 τούτοις,
572 2459 634 2494 περί
666 2467 696 2485 τε
729 2459 861 2494 δαιμόνων
890 2460 936 2486 καὶ

155 2501 260 2537 ἡρώων·
290 2504 353 2539 περί
366 2511 395 2529 τε
412 2503 487 2539 ὕλης,
502 2504 549 2530 καὶ
563 2505 626 2540 περὶ
642 2505 729 2531 ίδεῶν·
745 2506 807 2541 περὶ
824 2505 874 2540 τῆς
889 2505 935 2532 τοῦ

155 2548 251 2581 παντὸς
264 2549 375 2582 τάξεως·
396 2549 436 2576 ἐτι
449 2550 502 2585 μὴν
530 2551 593 2586 περὶ
622 2551 670 2586 τῆς
686 2551 738 2577 τῶν
764 2551 868 2586 ἄστρων
888 2560 936 2586 φο-

157 2593 204 2628 ρᾶς
219 2602 249 2620 τε
259 2595 306 2621 καὶ
319 2596 460 2631 κινήσεως·
475 2595 522 2622 καὶ
538 2596 618 2622 πόθεν
631 2596 792 2631 φωτίζονται
806 2598 830 2623 οί
854 2597 936 2623 ἀστέ-

157 2646 209 2674 ρες·
231 2641 278 2667 καὶ
301 2642 365 2677 περὶ
390 2642 443 2669 τῶν
472 2642 644 2675 καλουμένων
667 2642 846 2679 Διοσκούρων·
872 2644 936 2679 περὶ

192 2718 246 2754 (59)
264 2719 290 2745 '0
303 2721 405 2747 τοίνυν
420 2722 541 2756 κόσμος.
558 2721 694 2748 Plutarch.
709 2721 829 2756 ejusdem
845 2723 935 2756 operis

158 2751 204 2791 lib.
223 2751 313 2791 igrcap.
329 2756 355 2788 4,
372 2756 416 2782 ubi
430 2751 584 2787 Democriti.
603 2756 711 2791 Epicuri
723 2751 760 2784 'ac
774 2751 933 2785 caeterdrum

158 2787 336 2826 deopthv-‘rmv
353 2791 505 2825 opinionem
523 2787 641 2826 exponii.

192 2797 336 2849 ορὸςοντων
353 2799 505 2825 opinionem
523 2798 641 2826 exponit.

192 2822 204 2863 (_
237 2823 539 2863 )_I7€pmeg¢.1ao’y§‘rq).
568 2827 707 2863 amictus,
736 2827 818 2861 ﬁgure
842 2830 932 2863 ronde,

157 2855 299 2892 Xylalider,
307 2855 458 2894 confracta.
469 2855 563 2889 farina.
576 2861 656 2889 Malui
670 2855 849 2896 Circam/lecta.

987 2275 1040 2298 tra.
1057 2271 1203 2300 lnterituue
1218 2278 1319 2304 careat,
1332 2281 1365 2300 an
1376 2273 1401 2300 ei
1424 2274 1459 2300 sit
1470 2274 1614 2302 obnoxius.
1633 2274 1772 2308 Quoidem

986 2318 1085 2351 pabulo
1102 2319 1247 2345 nutriatur.
1263 2318 1402 2346 Undcuam
1416 2319 1475 2354 ejus
1494 2321 1621 2347 moliendi
1634 2320 1706 2348 Deus
1718 2322 1772 2348 ini-

986 2364 1053 2390 tium
1070 2364 1187 2391 duxerit.
1204 2363 1242 2391 De
1257 2364 1350 2391 mundi
1371 2365 1475 2393 ordine.
1494 2365 1560 2398 Quae
1579 2373 1660 2393 causa
1678 2367 1769 2399 fuerit,

986 2409 1160 2445 quamobrem
1179 2410 1334 2437 inclinatior
1351 2409 1424 2438 ﬂeret
1448 2416 1529 2445 atque
1548 2411 1710 2446 depressior.
1733 2413 1771 2440 De

986 2456 1080 2482 mundi
1093 2456 1228 2483 exteriore
1234 2456 1347 2483 ambitu.
1357 2456 1486 2489 Quaenam
1499 2458 1598 2485 dextra:
1610 2458 1681 2486 illius
1687 2459 1767 2496 θαι

985 2506 1076 2536 partes
1097 2501 1165 2534 sint,
1179 2509 1295 2537 quaeque
1318 2502 1446 2530 sinistrae.
1461 2502 1499 2530 De
1514 2504 1594 2531 coelo.
1611 2503 1648 2532 De
1668 2505 1769 2532 ἀεξιηο-

985 2547 1064 2573 nibus
1089 2551 1228 2581 praeterea,
1243 2548 1330 2582 deque
1348 2548 1484 2576 heroibus.
1501 2549 1538 2577 De
1558 2551 1670 2578 materia
1686 2552 1768 2580 simul

985 2594 1013 2618 et
1023 2591 1100 2618 ideis.
1117 2590 1155 2618 De
1172 2591 1231 2626 ipso
1248 2592 1330 2619 totius
1347 2593 1465 2619 universi
1485 2594 1590 2622 ordine.
1605 2595 1643 2623 De
1654 2604 1768 2624 conver-

985 2636 1061 2664 sione
1081 2642 1212 2672 motuque
1234 2637 1363 2665 siderum.
1385 2638 1462 2667 Unde
1484 2640 1575 2669 lumen
1596 2641 1679 2669 stella:
1692 2643 1767 2671 acci-

1020 2725 1076 2765 (tl)
1090 2725 1144 2752 Καὶ
1162 2725 1236 2765 πρὸς
1251 2727 1385 2765 τρύτφυς..
1402 2727 1474 2765 Haec,
1494 2733 1521 2755 et
1534 2737 1594 2764 qua:
1614 2737 1765 2765 sequuntur

985 2761 1090 2799 omnia,
1105 2768 1190 2799 usque
1204 2762 1237 2799 ad
1253 2763 1276 2799 εί
1289 2762 1340 2797 χρὴ
1358 2763 1388 2799 το
1402 2764 1466 2799 πᾶν,
1479 2761 1620 2799 υιεηάυιθ
1633 2761 1765 2794 habentur

985 2795 1066 2834 intra,
1085 2796 1111 2834 i_n
1133 2795 1348 2834 prioripeditione
1364 2798 1518 2830 defuerunt,
1538 2795 1599 2834 quae
1617 2804 1713 2834 partim
1730 2810 1764 2830 ex

984 2829 1140 2873 ‘Pl'utarcbo,
1160 2832 1255 2873 partim
1272 2839 1303 2858 ex
1314 2831 1433 2873 litum-ac.
1452 2829 1555 2873 codice,-
1568 2829 1771 2873 qui'nusquam.

985 2866 1044 2898 luit,
1060 2873 1141 2901 quam
1162 2868 1213 2894 hoc
1226 2866 1295 2900 loco,
1313 2867 1460 2901 liberalior,
1477 2866 1671 2905 supplevimus.
