2045 3211
286 174 358 202 138.3

604 173 737 201 EUSEBII
755 167 995 201 CESARIEN’SIS
1013 174 1087 201 ΟΡΡ.
1111 174 1199 201 PARS
1218 174 1249 200 II.
1270 190 1303 194 —
1323 174 1569 201 APOLOGETICA.

1820 176 1886 202 I335

286 235 371 270 pia-nt.
389 234 426 262 De
452 235 485 262 iis
500 242 568 269 quos
588 235 667 270 vulgo
682 234 810 263 Castores
827 235 1008 262 nominamus.
1026 236 1061 262 De

1113 237 1258 271 ἐκλείψεως
1276 237 1347 271 ἠλῐου
1374 236 1420 262 καὶ
1449 236 1569 271 σελήνης⁸
1602 236 1647 262 καὶ
1664 236 1727 271 περ).
1750 236 1893 270 ἐμφάσεως

285 283 352 310 solis
372 290 404 309 ac
425 283 494 309 luna
512 281 717 309 defectionibus.
739 282 776 309 De
799 281 918 316 ejusdem
936 282 1006 309 luna:
1024 290 1067 309 as-

286 333 374 363 pectu.
390 327 444 354 Cur
461 327 580 354 terrestri
594 327 710 354 similior
724 332 860 362 appareat.
885 327 922 355 De
942 328 1066 355 interval-

285 373 332 407 lis,
343 374 442 409 quibus
458 382 472 400 a
485 374 541 400 sole
558 377 683 408 terraque
695 373 786 400 distet.
801 374 920 409 Itemque
931 375 964 401 de
975 375 1064 401 annis.

285 418 320 446 At
340 419 396 445 haec
415 418 516 449 omnia,
534 418 670 445 sexcentis
692 425 798 450 eorum,
813 419 846 445 de
864 419 964 453 quibus
978 419 1066 454 loqui-

285 471 356 495 mur,
377 464 598 498 philosophorum
624 464 852 499 disputationibus
878 465 988 499 agitata,
1004 472 1065 492 cum

284 507 411 544 in’pauca
423 509 584 537 Plutarchus
596 510 632 537 ita
645 510 818 540 contraxerit,
831 514 859 536 ut
874 510 994 536 omnium
1007 510 1066 537 bre-

283 556 352 583 viter
366 557 509 591 opiniones
522 557 688 591 dissidiaque
707 557 863 591 complexus
880 557 916 583 sit
930 566 937 583 :
953 564 1009 584 rem
1023 564 1066 584 me

283 609 335 628 non
351 602 472 629 inutilem
495 602 629 629 facturum
647 603 784 635 existimo,
801 603 823 630 si
840 602 959 636 ejusdem
977 603 1065 630 verbis

283 647 327 673 illa
347 647 404 682 ipsa
421 653 621 682 repraesentem,
638 653 668 674 ut
687 655 767 682 quant
783 647 844 682 jure
860 655 892 675 ac
906 648 1003 674 merito
1020 655 1065 675 re-

282 694 387 728 pudiari
405 693 529 727 debeam,
548 694 657 728 planum
679 694 803 721 efﬁciam.
828 694 855 721 Si
880 694 952 722 enim
972 703 1064 722 secum

282 737 331 772 ipsi
342 742 416 765 tanta
434 741 544 772 tamque
557 739 688 772 pertinaci
707 739 877 766 dissensione
888 739 981 766 luctati
990 745 1064 772 sunt,

281 784 408 819 aliudque
424 783 489 810 nihil
502 789 599 819 praeter
614 785 800 812 contentiones
811 790 837 812 et
852 793 956 820 pugnas
966 785 992 811 in
1005 793 1064 813 sese

281 835 376 857 mutuo
398 831 606 863 succenderunt,
621 830 686 857 dum
708 838 819 857 suorum
839 831 940 866 quique
959 831 1064 858 vicino-

281 882 341 901 rum
359 875 508 902 sententias
533 875 607 902 inani
627 875 772 902 verborum
790 875 937 902 ambitione
957 875 1064 903 refelle-

1117 283 1210 317 αὺτῆςο
1224 283 1270 308 καὶ
1283 282 1326 308 διὰ
1341 282 1367 307 τί
1380 281 1482 316 γεώδης
1505 282 1636 315 φαίνεται’
1659 285 1723 316 περὶ
1736 282 1894 316 ἀποστημά-

1117 336 1169 354 των
1185 327 1278 362 αὐτῆς·
1293 327 1332 353 ἔτι
1345 327 1407 362 περὶ
1425 327 1563 353 ἐνιαυτῶν.
1585 327 1675 352 Ταῦτα
1695 327 1724 352 δὲ
1749 327 1838 354 πάντα
1852 328 1894 354 διὰ

1118 373 1220 408 μυρίων
1232 374 1287 404 τοῖς
1298 373 1361 408 περὶ
1374 370 1411 399 ὧν
1422 373 1436 398 ὀ
1459 372 1537 406 λόγος
1550 371 1893 407 κατεσκευασμένα.ὲπεεδὴ

1117 418 1233 445 συνελὼν
1248 419 1261 445 ὁ
1279 418 1458 453 Πλούταρχος,
1479 419 1507 444 ἐν
1523 418 1621 450 ὀλίγοις
1641 417 1735 452 συνῆξε
1748 418 1796 448 τὰς
1808 417 1893 446 ἁπάντ

1115 473 1169 490 των
1198 465 1347 499 ἀποφάσεις
1373 465 1420 490 καὶ
1445 463 1493 495 τὰς
1523 463 1678 498 διαφωνίας⁸
1701 463 1821 498 ἡγοῦμαι
1846 464 1893 489 οὐκ

1116 509 1250 544 ἄχρηστον
1262 508 1346 540 αὑτὰς
1360 508 1522 543 παραθεῖναι
1550 509 1589 538 εἰς
1601 507 1650 543 τὴν
1670 507 1778 542 εὔλογον
1807 509 1892 534 αὐτῶν

1117 555 1288 590 παραίτησιν.
1305 555 1336 580 Εἰ
1349 555 1402 590 γὰρ
1415 554 1489 580 αὐτοὶ
1502 554 1570 589 πρὸς
1584 555 1653 586 σφᾶς
1669 553 1766 585 αὐτοὺς
1781 554 1892 580 ἐναντίοι

1116 601 1185 627 κατὰ
1196 601 1341 636 διάμετρον
1365 600 1490 635 ἔστησαν,
1510 600 1597 635 μάχας
1621 608 1651 625 τε
1676 600 1722 626 καὶ
1750 599 1891 633 πολέμους,

1116 647 1196 672 πλέον
1225 647 1333 673 δὀὺδὲν
1359 645 1419 672 καθ’
1434 645 1535 672 ἑαυτῶν
1562 645 1672 679 ἐξῆψαν,
1687 644 1721 671 τὰ
1736 644 1790 670 τῶν
1813 644 1892 676 :é‘u;

1115 692 1223 718 ἕκαστοι
1238 692 1375 727 φιλοτιμίᾳ
1387 691 1473 725 λόγων
1492 691 1698 725 ἁπελέγξαντες’
1716 690 1775 722 πῶς
1789 691 1838 716 οὐκ
1862 690 1893 716 ἂν

1115 739 1226 770 εἰκότως
1244 740 1308 774 ἡμῖν
1325 738 1432 773 ἀσφαλῆ
1447 738 1496 773 τὴν
1522 738 1586 773 περὶ
1602 738 1703 764 τούτων
1729 737 1831 772 ἐποχὴν
1847 745 1892 770 γε-

1115 784 1219 817 γονέναι
1251 785 1305 816 πᾶς
1329 783 1452 810 ὁστισοῦν
1482 783 1676 818 ὀμολογήσειε;
1704 781 1894 817 ΠΡοσῧὴσωδῖε

1115 830 1178 864 ἑξῆς
1193 831 1248 862 τοῖς
1266 830 1429 865 εἰρημένοις,
1446 830 1496 855 ὅσα.
1513 829 1634 864 καὶπερὶ
1655 828 1708 854 τῶν
1723 827 1894 864 προσγειοτὲ

1117 885 1170 911 ρων
1184 876 1370 911 ὲπηπόρησαν·
1386 875 1449 910 περὶ
1470 874 1522 909 γῆς
1549 876 1693 909 σχήματος·
1712 874 1758 900 καὶ
1776 873 1839 908 περὶ
1853 873 1894 898 θέ-

282 925 342 948 rent
356 930 362 948 :
383 921 445 956 quis
459 928 512 948 non
532 925 637 947 mature
653 929 702 948 nos
713 925 794 955 atque
806 921 952 955 prudenter
966 929 1061 948 assen-

1114 930 1181 953 σεως
1209 922 1255 947 καὶ
1270 921 1416 954 ἐγκλίσεως
1431 920 1524 955 αὐτῆς·
1550 921 1596 946 καὶ
1617 920 1655 946 ἔτι
1671 920 1733 954 περὶ
1748 919 1892 953 θαλάσσης·

280 967 384 994 sionem
405 967 464 994 istis
481 968 506 993 in
529 967 610 994 rebus
626 974 734 994 omnem
758 967 904 994 retinuisse
925 967 1059 994 fateatur!

279 1012 338 1040 lum
355 1021 418 1048 ergo
437 1013 571 1047 prioribus
590 1013 653 1043 illis,
675 1020 735 1047 qua:
758 1013 792 1040 de
808 1013 870 1040 aliis
887 1014 969 1040 etiam
986 1017 1062 1041 terrze

280 1058 519 1093 propinquioribus
535 1058 710 1092 disputarunt
730 1058 782 1085 hoc
799 1058 870 1089 loco.
884 1059 1061 1093 subjungam;

280 1103 319 1130 uti
333 1103 367 1130 de
379 1107 456 1130 terra:
468 1103 552 1138 ﬁgura
564 1113 570 1130 :
585 1104 617 1130 de
630 1103 751 1138 ejusdem
764 1104 818 1130 situ
831 1108 858 1130 et
871 1104 1060 1132 inclinatione:

280 1149 398 1183 itemque
410 1149 443 1176 de
458 1149 542 1175 mari:
562 1153 591 1175 ut
602 1149 746 1183 intelligas,
761 1157 843 1183 quam
864 1157 918 1176 non
940 1150 967 1176 in
983 1157 1062 1185 supe-

280 1194 384 1221 riorum
402 1193 483 1221 modo
507 1201 538 1220 ac
562 1193 714 1220 cmlestium
739 1193 858 1226 illorum,
871 1193 917 1221 sed
935 1194 1017 1221 etiam
1034 1194 1060 1220 in

280 1247 370 1266 rerum
386 1239 418 1266 ad
436 1243 523 1266 terras
537 1238 729 1273 pertinentium
745 1239 922 1273 explicatione
940 1240 1060 1274 prteclari

279 1283 431 1318 philosophi
443 1283 630 1311 dissenserint.
638 1284 761 1318 Atqueut
771 1284 932 1319 sapientium
946 1285 1060 1312 istorum

1111 968 1149 999 ὡς
1165 967 1197 994 ἂν
1208 967 1316 1001 εἰδείης,
1339 968 1380 993 ὅτι
1408 967 1444 1002 μὴ
1467 966 1532 1002 περὶ
1562 966 1647 1001 μόνων
1667 966 1721 991 τῶν
1751 964 1894 999 μετεώρων

1112 1015 1157 1040 καὶ
1172 1013 1323 1048 μεταρσίων
1346 1014 1370 1039 οἱ
1394 1013 1509 1046 γενναῖοι
1528 1012 1681 1046 διέστησαν,
1710 1010 1767 1037 ἀλλ’
1783 1011 1824 1036 ὃτι
1850 1010 1893 1035 καὶ

1112 1062 1140 1087 ἐν
1153 1062 1208 1092 τοῖς
1224 1060 1369 1094 περιγείοις
1387 1059 1633 1094 διαπεφωνήκασιν.
1652 1058 1712 1084 Ἷνα
1739 1057 1767 1083 δὲ
1782 1056 1836 1082 τῶν
1853 1064 1893 1082 σο-

1112 1106 1168 1140 φῶν
1182 1106 1221 1132 ἔτι
1237 1105 1335 1140 μᾶλλον
1345 1105 1392 1140 1εὴν
1407 1104 1502 1139 σοφίαν
1523 1103 1729 1138 ἀποθαυμάσῃς,
1749 1101 1895 1137 προσθήσω

1112 1153 1157 1178 καὶ
1173 1152 1222 1178 ὅσα
1235 1152 1298 1187 περὶ
1321 1151 1418 1185 ψυχῆς,
1435 1151 1481 1176 καὶ
1503 1150 1549 1176 τοῦ
1583 1150 1612 1175 ὲν
1642 1150 1710 1183 αὐτῇ
1731 1147 1894 1183 ἡγεμονικοῦ

1111 1198 1316 1233 διεμαχήσαντο,
1329 1197 1390 1224 οὐδὲ
1403 1205 1470 1230 σφας
1484 1196 1581 1226 αὐτοὺς
1596 1195 1750 1228 ἐπιγνόντες
1769 1194 1828 1224 οἵας
1844 1192 1895 1218 εἰσὶ

1112 1243 1227 1278 φύσεως,
1252 1242 1331 1269 Ἀλλὰ
1342 1243 1396 1278 γὰρ
1407 1242 1526 1276 ἀνίωμεν
1542 1242 1588 1268 ἐπὶ
1604 1241 1638 1268 τὰ
1665 1241 1762 1276 πρῶτα
1783 1240 1838 1266 τῶν
1857 1240 1894 1264 εἰ-

1111 1295 1144 1322 ρη
1149 1286 1242 1321 μένων.

279 1329 436 1363 sapientiam
458 1330 645 1358 vehementius
664 1331 816 1364 admireris,
839 1339 869 1358 ca
890 1339 998 1366 quoque
1029 1333 1175 1367 proferam,
1189 1340 1250 1368 qua:
1269 1332 1302 1359 de
1321 1333 1422 1366 animo,
1449 1339 1481 1359 ac
1507 1331 1540 1359 de
1558 1331 1680 1367 principe
1708 1329 1791 1357 animi
1809 1329 1895 1356 facul-

278 1379 343 1407 tate,
358 1383 446 1410 pugna
460 1377 654 1404 sententiarum
667 1378 797 1405 acerrima
824 1379 983 1412 docuerunt,
1003 1389 1064 1407 cum
1086 1388 1118 1407 ne
1138 1388 1194 1408 sua:
1203 1380 1310 1415 quidem
1331 1381 1381 1416 ipsi
1393 1385 1495 1407 natura:
1514 1379 1694 1407 conditionem
1708 1378 1895 1412 rationemque

278 1427 480 1456 cognoscerent.
501 1422 554 1449 Sed
567 1422 624 1457 jam
637 1424 670 1450 ad
686 1431 717 1451 ea
734 1433 795 1455 nos,
814 1433 873 1460 qum
891 1426 979 1460 primo
995 1432 1058 1454 sunt
1078 1428 1137 1455 loco
1151 1428 1285 1462 proposita
1301 1426 1460 1454 referamus.
1619 1438 1624 1447 ι

544 1469 658 1497 CAPUT
676 1471 795 1499 XXXIII.

463 1513 557 1541 Utrum
572 1515 620 1541 hoc
633 1521 715 1542 totum
727 1525 806 1542 unum
825 1518 869 1544 sit.

316 1567 326 1584 ι
339 1558 421 1586 Stoici
436 1567 519 1586 unum
533 1568 592 1587 esse
607 1561 750 1594 mundum,
761 1562 874 1597 ejusque
886 1571 994 1591 nomine
1004 1571 1065 1591 cum
1080 1567 1101 1595 C

279 1605 435 1632 universum
450 1605 548 1639 ipsum,
567 1610 622 1633 tum
641 1614 797 1642 corpoream
815 1616 923 1643 quoque
937 1614 1060 1636 naturam

279 1649 470 1684 comprehendi
486 1651 638 1678 voluerunt.
655 1651 830 1687 Empedocles
855 1661 938 1680 unum
952 1654 1060 1689 quidem

278 1703 339 1723 esse
354 1697 485 1723 mundum
510 1696 619 1730 fatetur,
641 1705 702 1725 eum
720 1702 808 1725 tamen
831 1699 986 1726 universum
1001 1707 1061 1727 esse

280 1749 334 1768 non
351 1742 418 1773 vult,
433 1742 479 1769 sed
510 1747 614 1777 partem
630 1744 689 1778 ejus
713 1748 816 1771 tantum
839 1745 976 1780 exiguam,
997 1746 1061 1772 reli-

277 1795 362 1822 quum
381 1795 443 1814 vero
460 1788 567 1815 inanem
584 1789 753 1824 otiosamque
775 1791 925 1818 materiam.
943 1791 1019 1818 Plato
1035 1797 1061 1819 et

279 1832 423 1865 mundum,
445 1833 483 1860 uti
502 1834 594 1866 sentit,
609 1836 718 1862 unicum
738 1840 764 1863 et
785 1844 868 1863 unum
888 1837 989 1871 aliquid
1010 1837 1061 1864 hoc

279 1880 436 1906 universum
453 1887 524 1912 esse,
537 1881 703 1915 argumentis
713 1882 823 1916 coniicit
833 1883 945 1910 omnino
957 1883 1058 1915 tribus;

279 1925 351 1960 quod
377 1925 428 1952 nisi
449 1927 539 1953 omnia
566 1927 733 1959 contineret,
754 1927 888 1962 perfectus
905 1928 1060 1964 integerque

279 1979 333 1997 non
353 1971 436 2004 foret;
454 1973 526 2006 quod
547 1973 644 2000 similis
664 1973 811 2008 exemplari
835 1981 884 2000 suo
903 1981 956 2000 non
975 1979 1057 2006 esset,

280 2017 332 2044 nisi
348 2021 422 2044 esset
445 2018 582 2052 unigena;
597 2023 744 2052 postremo.
778 2019 850 2052 quod
874 2019 946 2046 omni
965 2022 1060 2047 eorru-

278 2062 370 2096 ptione
381 2062 450 2089 liber
461 2070 522 2090 esse
539 2071 592 2089 non
604 2068 706 2098 posset,
722 2064 745 2090 si
762 2069 837 2091 extra
849 2064 937 2099 ipsum
957 2065 1059 2100 aliquid

278 2113 441 2142 superesset.
456 2109 489 2135 At
499 2107 604 2135 Platoni
619 2109 780 2142 respondere
791 2109 872 2145 842
885 2111 988 2144 possis;
1006 2119 1057 2138 non

276 2153 405 2181 continuo
412 2153 540 2180 mundum
547 2161 607 2180 esse
612 2154 769 2188 perfectum,
777 2160 806 2182 ut
813 2157 903 2182 omnia
912 2157 1057 2189 contineat;

277 2198 424 2232 perfectum
438 2199 536 2233 quippe
548 2199 685 2226 hominem
697 2207 766 2232 esse,
779 2200 825 2235 qui
839 2206 927 2228 tamen
937 2209 990 2228 non
1000 2210 1058 2229 om-

1368 1473 1561 1501 ΚΕΦΑΔΔῘΟΝ
1574 1473 1623 1500 ΛΓ

1388 1521 1423 1546 Et
1439 1519 1473 1545 ἐν
1494 1520 1526 1545 τὸ
1543 1518 1612 1545 πᾶν.

1156 1575 1165 1591 ι
1182 1567 1212 1592 0t
1231 1566 1279 1601 μὲν
1290 1563 1335 1592 οὖν
1351 1564 1405 1591 ἀπὸ
1429 1565 1478 1600 τῆς
1493 1565 1576 1596 Στοᾶς
1588 1564 1643 1599 (42).)
1654 1564 1702 1590 ⁸ἕνα
1719 1563 1820 1598 κόσμον
1841 1565 1895 1589 ἁπ-

1111 1613 1253 1647 εφήναντο,
1268 1611 1297 1638 ὃν
1312 1611 1344 1646 δὴ
1361 1612 1407 1638 καὶ
1419 1610 1449 1637 τὸ
1461 1611 1514 1637 πᾶν
1526 1610 1629 1645 ἔφασαν
1639 1607 1718 1640 εἶναι,
1738 1610 1785 1636 καὶ
1798 1609 1831 1635 τὰ
1847 1617 1896 1635 σω-
1916 1623 1919 1627 ι

1112 1658 1214 1694 ματικά
1226 1658 1293 1691 (45).
1317 1657 1499 1692 Ἐμπεδοκλῆς
1507 1656 1546 1689 δὲ,
1562 1657 1661 1691 κόσμον
1677 1656 1735 1687 ἕνα,
1752 1656 1783 1682 οὺ
1802 1655 1894 1690 μέντοι

1110 1705 1140 1731 τὸ
1155 1705 1208 1730 πᾶν
1224 1702 1291 1729 εἷναι
1301 1702 1347 1729 τὸν
1362 1703 1473 1737 κόσμον,
1490 1703 1545 1729 ἀλλ’
1566 1702 1654 1736 ὀλίγον
1678 1711 1704 1727 τι
1720 1700 1766 1728 τοῦ
1794 1702 1894 1732 παντὸς

1112 1751 1203 1785 μέρος,
1219 1749 1250 1775 τό
1261 1748 1289 1775 δὲ
1300 1748 1391 1774 λοιπὸν
1406 1748 1493 1784 ἀργὴν
1507 1746 1576 1774 εἶναι
1587 1749 1636 1782 τὴν
1650 1747 1724 1782 ὓλην.
1741 1747 1854 1773 Πλάτων
1865 1747 1894 1772 δε

1110 1795 1285 1831 τεκμαίρεται
1298 1793 1329 1820 τὸ
1342 1793 1450 1826 δοκοῦν,
1463 1794 1504 1819 ὅτι
1528 1790 1568 1824 εἷς
1577 1793 1592 1818 ὁ
1609 1793 1718 1827 κόσμος,
1747 1792 1794 1819 καὶ
1807 1791 1836 1818 ἓν
1863 1791 1894 1818 τὸ

1110 1842 1173 1872 πᾶν,
1190 1841 1221 1866 ὲκ
1244 1839 1336 1874 τριῶψ
1353 1840 1384 1865 ἐκ
1399 1839 1446 1865 τοῦ
1463 1840 1499 1875 μὴ
1515 1840 1622 1866 ἔσεσθαι
1640 1839 1694 1873 (Η)
1715 1839 1826 1870 τέλειον,
1845 1838 1892 1864 ἐὰν

1112 1887 1148 1922 μὴ
1168 1889 1254 1915 πάντα
1277 1887 1402 1922 περιέχῃ·
1430 1887 1462 1912 ὲκ
1485 1885 1531 1911 τοῦ
1558 1885 1595 1920 μὴ
1622 1885 1730 1911 ἔσεσθαι
1747 1885 1840 1919 ὅμοιον
1854 1893 1893 1918 τῳ

1110 1934 1317 1969 παραδείγματι,
1333 1932 1380 1958 ὲὰν
1395 1931 1431 1967 μὴ
1448 1930 1591 1966 μονογενὴς
1669 1931 1702 1956 ὲκ
1717 1930 1764 1956 τοῦ
1779 1931 1818 1965 μὴ
1831 1931 1891 1957 ἕετε-

1109 1978 1170 2005 σΘαι
1180 1978 1260 2004 αὑτὸν
1269 1977 1415 2013 ἄφθαρτον,
1434 1976 1481 2002 ἐάν
1505 1984 1530 2002 τι
1545 1975 1668 2010 ἐξωτέρω
1683 1974 1764 2000 αὑτοῦ
1820 1975 1891 2008 Πρὸς

1108 2024 1135 2050 δὲ
1150 2024 1194 2050 τὸν
1209 2024 1336 2050 Πλάτωνα
1345 2022 1509 2054 λεκτέον,ὅτι
1526 2021 1556 2048 οὐ
1571 2021 1669 2052 τέλειος
1681 2021 1695 2047 ὁ
1712 2020 1812 2056 κόσμος
1822 2020 1890 2055 (45),

1108 2070 1167 2096 οὐδὲ
1185 2069 1239 2104 γὰρ
1252 2070 1339 2095 πάντα
1356 2069 1485 2104 περιέχει·
1503 2067 1550 2094 καὶ
1565 2066 1619 2102 γὰρ
1632 2067 1645 2093 ὸ
1662 2066 1804 2102 ἄνθρωπός
1833 2067 1891 2092 ἐστι

1107 2115 1217 2146 τέλειος,
1243 2115 1342 2140 ἀλλὀὐ
1359 2114 1448 2140 πάντα
1479 2113 1608 2148 περιέχειν
1631 2113 1676 2139 καὶ
1693 2112 1777 2138 πολλά
1802 2120 1891 2147 παμπ-

1107 2160 1240 2194 δείγματά
1255 2161 1338 2191 ἐστιν,
1353 2159 1447 2194 ὥσπερ
1461 2159 1504 2185 ἐπ’
1521 2159 1697 2194 ἀνδριάντων.
1714 2158 1762 2185 καὶ
1785 2158 1889 2188 οἰκιῶν,

1107 2206 1154 2232 καὶ
1168 2205 1340 2241 ζωγραφιῶν·
1359 2205 1416 2236 πῶς
1430 2205 1457 2231 δὲ
1468 2205 1568 2236 τέλειος
1577 2224 1584 2235 ,
1603 2195 1787 2239 εῖπερῖξωθέν
1797 2212 1822 2230 τι
1835 2198 1888 2230 (αὑ-

277 2246 321 2272 nia
330 2246 481 2273 contineat:
500 2246 663 2281 exemplaria
688 2255 768 2282 porro
794 2249 876 2276 multa
896 2258 966 2283 esse,
983 2252 1051 2278 utin

1110 2252 1149 2278 τοῦ
1165 2250 1354 2287 περιδινεῖσθαι
1363 2251 1487 2282 Sim-sat;
1501 2250 1635 2286 ἄξθαρτος
1649 2250 1676 2276 δὲ
1688 2251 1737 2277 οὐκ
1747 2250 1804 2276 ἐστι
1829 2251 1888 2277 οὐδὲ

276 2293 383 2324 statuis,
401 2292 505 2320 aedibus
525 2298 602 2327 atque
620 2293 732 2327 picturis
753 2302 803 2322 usu
820 2296 912 2325 venit:
932 2296 977 2331 qui
991 2304 1056 2324 vero

275 2337 410 2372 perfectus
427 2339 470 2365 ille
485 2339 600 2371 sil,cum
618 2344 693 2366 extra
710 2340 796 2375 ipsum
810 2340 910 2375 aliquid
923 2342 949 2368 iu
963 2342 1054 2370 orbem

276 2384 378 2410 versari
393 2384 618 2419 queat?denique
639 2386 822 2420 corruptionis
841 2392 978 2422 expertem
1006 2395 1055 2415 nec

275 2436 336 2456 esse
352 2429 438 2461 illum,
455 2437 504 2456 nec
525 2437 585 2457 esse
609 2438 688 2464 posse
708 2432 754 2466 qui
767 2432 874 2466 genitus
897 2433 941 2459 sit.
957 2433 1055 2460 Melro-

274 2474 367 2508 dm-us,
394 2479 448 2502 tam
472 2475 618 2502 absurdum
645 2478 761 2509 esseait,
781 2478 887 2505 inﬁnito
912 2479 938 2505 in
967 2479 1054 2513 spatio

275 2520 404 2546 mundum
420 2520 557 2547 exstitisse
571 2529 666 2553 unum,
683 2530 763 2556 quam
779 2523 880 2557 ingenti
895 2524 1010 2558 quodam
1025 2525 1052 2551 in

275 2572 340 2598 agro
362 2565 462 2598 spicam
489 2565 621 2593 duntaxat
647 2575 728 2594 unam
751 2569 883 2602 generari.
901 2569 958 2596 Vim
972 2577 1054 2604 porro

275 2611 435 2637 mundorum
450 2611 581 2639 inﬁnitam
601 2620 669 2646 esse,
684 2613 723 2640 vel
738 2621 770 2640 ex
789 2614 892 2641 inﬁnita
907 2615 1052 2650 principio-

275 2662 335 2682 rum
350 2657 520 2684 multitudine
535 2658 676 2685 manifeste
688 2659 822 2687 concludi.
838 2659 903 2687 Nam
919 2661 941 2687 si
960 2660 1051 2688 ﬁnitus

308 2711 363 2746 (42)
382 2713 413 2738 οι
429 2713 487 2751 μέν
496 2712 552 2741 οὖν
565 2714 692 2751 ἁπὸϋτῆς
709 2715 811 2750 Στοᾶς.
826 2716 962 2744 Plutarch.
978 2717 1051 2751 ejus-

273 2745 489 2783 deni_op_er.’lih.
508 2757 527 2779 ι,
544 2757 604 2783 cap.
620 2749 647 2776 5.

308 2781 365 2850 £53)
378 2781 512 2809 Plutarch.
528 2783 558 2809 τὸ
574 2781 738 2819 σωματικόν.
1002 2805 1007 2810 -

320 2815 363 2850 44)
383 2817 535 2844 Ἔσεσθαι.
550 2819 588 2845 Ita
603 2828 668 2848 mss.
686 2821 751 2850 duo.
773 2829 834 2848 cum
849 2821 977 2850 Montac..
995 2830 1007 2849 ιι

320 2815 363 2850 44)
383 2817 535 2856 Ἔσεσθαι.
550 2819 588 2845 Ita
603 2815 668 2848 diss.
686 2821 751 2851 duo,
773 2829 834 2848 cum
849 2821 977 2856 Montac.,
995 2830 1048 2849 non

273 2847 359 2881 εἶναι,’
370 2857 399 2876 ιιι
411 2853 494 2885 prius.

311 2885 366 2921 (45)
382 2887 422 2912 Οὐ
437 2887 548 2921 τέλειος
563 2890 580 2915 ὁ
603 2890 724 2924 κόσμος,
741 2896 791 2918 etc.
810 2891 980 2920 Manifestum
996 2893 1048 2920 loci

1106 2298 1216 2324 δύναται
1242 2295 1320 2329 εἶναι,
1344 2297 1471 2332 γεννητὸς
1495 2296 1540 2323 ὧν,
1557 2296 1737 2332 Μητρόδωρος
1761 2296 1789 2322 δέ
1807 2305 1888 2331 φησιν

1107 2343 1204 2370 ἄτοπον
1235 2340 1316 2374 εἶναι,
1345 2343 1374 2368 ὲν
1391 2342 1499 2377 μεγάλῳ
1524 2342 1608 2377 πεδίῳ
1630 2342 1677 2368 ἓνα
1707 2342 1806 2376 στάχυν
1825 2351 1887 2376 γεν-

1107 2389 1227 2423 νηθῆναι,
1241 2388 1287 2414 καὶ
1301 2388 1347 2414 ἕνα
1362 2388 1462 2423 κόσμον
1475 2388 1503 2413 ὲν
1517 2387 1554 2423 τῷ
1569 2387 1683 2423 ἀπείρῳ.
1697 2388 1756 2414 ’Ὁτι
1772 2388 1800 2414 δὲ
1814 2388 1888 2414 ἄπει-

1107 2442 1152 2469 ρος
1169 2433 1238 2460 κατὰ
1251 2434 1281 2460 τὸ
1295 2434 1407 2468 πλῆθος,
1422 2433 1500 2468 δῆλον
1527 2434 1559 2460 ἐκ
1578 2433 1624 2460 τοῦ
1639 2433 1740 2468 ἄπειρα
1762 2433 1797 2459 τὰ
1814 2435 1887 2460 αἴτια

1106 2479 1185 2508 εἶναι.
1199 2481 1230 2506 Εἰ
1249 2480 1297 2515 μὲν
1308 2481 1362 2515 γὰρ
1374 2480 1389 2505 ὁ
1402 2480 1502 2515 κόσμος
1522 2480 1738 2514 πεπερασμένος,
1755 2479 1790 2505 τὰ
1803 2480 1831 2506 δὲ
1847 2481 1888 2506 αἷ-

1104 2535 1148 2553 τια
1165 2526 1252 2553 πάντα
1264 2527 1373 2561 ἄπειρα,
1383 2525 1412 2558 ἐξ
1423 2523 1460 2552 ὧν
1471 2525 1512 2552 ὅδε
1521 2526 1535 2552 ὁ
1545 2525 1644 2560 κόσμος
1653 2526 1772 2559 γέγονεν,
1780 2525 1886 2560 ἀνάγκη

1103 2571 1231 2606 ἀπείρους
1244 2568 1323 2597 εἷναι.
1340 2571 1427 2597 Ὅπου
1441 2570 1494 2605 γὰρ
1512 2570 1546 2596 τὰ
1567 2569 1656 2597 πάντα
1675 2571 1786 2604 γέγονεν
1802 2570 1884 2602 αἴτια,

1104 2619 1160 2644 ἐκ;ἰ
1175 2617 1220 2642 καὶ
1244 2615 1459 2651 ἀποτελέσματα.
1473 2616 1551 2642 Λῖτια
1565 2615 1592 2642 δὲ
1610 2616 1668 2651 ἦτοι
1683 2616 1712 2642 αἱ
1737 2616 1843 2650 ἄτομοι,
1869 2615 1885 2649 ἢ

1102 2662 1135 2688 τὰ
1147 2663 1273 2697 στοιχεῖα.
1281 2671 1289 2687 ι

1103 2719 1184 2752 hujus
1214 2719 1308 2745 vitium
1339 2723 1396 2750 est;
1422 2718 1521 2752 alioqui
1548 2719 1694 2753 pugnantia
1718 2718 1883 2752 loqueretur.

1103 2753 1165 2788 Legi
1192 2762 1256 2788 ergo
1279 2754 1373 2787 possit,
1392 2754 1432 2780 ὅτι
1455 2754 1556 2782 τέλειος
1576 2755 1590 2780 ὁ
1605 2754 1723 2788 κόσμος,
1740 2755 1764 2779 εἰ
1787 2754 1832 2780 καὶ
1849 2754 1883 2788 μὴ

1103 2789 1191 2816 πάντα
1206 2789 1336 2824 περιέχει.
1351 2797 1430 2823 quam
1448 2789 1588 2815 lectionem
1612 2789 1773 2823 interpretes
1789 2789 1884 2824 proba—

1103 2828 1214 2855 verunt;
1241 2823 1280 2850 vel
1306 2824 1336 2850 οὐ
1361 2824 1460 2854 τέλειος
1476 2825 1490 2850 ὀ
1507 2824 1615 2858 κόσμος,
1639 2824 1699 2849 ἐπεί
1723 2825 1763 2851 vel
1789 2825 1813 2849 εί
1838 2823 1884 2848 καὶ

1103 2858 1190 2884 πάντα
1204 2859 1334 2894 περιέχει.
1354 2858 1515 2886 Utrumlibet
1536 2861 1648 2894 legatur,
1668 2859 1741 2886 idem
1761 2859 1822 2886 κατ’
1837 2859 1883 2886 ἁν-

1102 2893 1399 2929 τιμετάοεσινζεειιειιε
1414 2895 1535 2922 exsistet.
