2045 3211
276 163 344 190 1387

593 161 727 190 EUSEBII
746 160 983 189 CESARIENSIS
1002 160 1077 189 OPP.
1097 159 1188 187 PARS
1206 159 1238 187 ΙΙ.
1256 174 1292 180 —-
1310 159 1559 188 APOLOGETICA.

1830 160 1896 187 1588

275 222 367 249 mundi
383 226 484 256 partem
498 220 618 248 omnium
634 220 750 255 primam
772 219 893 247 animum
910 220 1058 253 exstitisse,

1111 218 1140 245 τὸ
1156 219 1190 245 ἐκ
1206 218 1291 254 πυρὸς
1305 219 1353 254 μὲν
1367 219 1474 254 καὶτῆς
1485 218 1603 254 πρῶτον,
1616 217 1710 250 ὓδατος
1721 217 1749 243 δὲ
1763 217 1810 244 καὶ
1821 218 1898 253 ἀέρος

277 268 390 295 alteram
415 267 512 294 deinde
534 273 706 301 corpoream,
735 274 767 293 ex
788 273 842 301 qua
867 271 959 293 tamen
985 265 1061 300 prius

276 314 340 342 illud
361 314 514 345 emerserit,
531 313 603 348 quod
622 321 655 340 ex
672 312 733 347 igne
758 317 886 347 terraque
909 316 1060 346 constaret,

275 360 346 394 quod
360 367 393 386 ex
411 367 481 393 aqua
505 364 532 386 et
555 366 630 391 aere,
647 358 794 393 posterius.
813 357 994 394 Pythagoras,
1013 365 1059 385 so-

278 406 339 433 lida:
355 405 447 439 ﬁgurae
460 413 521 432 cum
537 404 591 432 sint
605 404 718 431 omnino
735 404 866 439 quinque,
889 412 957 439 quas
976 404 1058 431 etiam

275 451 480 478 mathematicas
498 451 640 477 nominare
656 452 755 482 solent,
776 449 930 478 confectam
943 457 975 477 ex
987 450 1060 478 cubo

275 502 374 524 terram
388 504 449 524 esse
466 497 514 528 ait,
536 497 624 531 ignem
641 504 675 524 ex
699 497 848 532 pyramide,
874 504 907 524 ex
931 497 1060 524 octaedro

273 550 374 575 aerem,
389 550 420 570 ex
433 542 574 569 icosaedro
585 550 695 577 aquam,
708 542 828 570 universi
840 542 958 577 denique
976 542 1062 578 sphae-

1112 265 1247 301 δεύτερον.
1262 265 1434 300 Πυθαγόρας,
1451 265 1532 291 πέντε
1549 264 1696 300 σχημάτων
1712 264 1798 290 ὅντων
1810 272 1900 299 στερε-

1112 311 1160 344 ὦν,
1185 312 1256 347 ἀπερ
1276 311 1399 338 καλεῖται
1431 311 1477 338 καὶ
1507 310 1695 346 μαθηματικὰ,
1725 312 1757 337 ὲκ
1785 311 1833 346 μὲν
1854 304 1899 336 τοῦ

1111 358 1194 385 κύϐου
1212 359 1278 393 φησὶ
1293 358 1432 393 γεγονέναι
1446 357 1495 393 τὴν
1511 357 1572 393 γῆν,
1589 358 1620 383 ὲκ
1646 357 1675 383 δὲ
1688 358 1736 393 τῆς
1751 357 1900 393 πυραμῶος

1110 404 1142 431 τὺ
1158 404 1224 440 πῦρ,
1239 405 1271 431 ὲκ
1290 405 1318 431 δὲ
1345 404 1392 431 τοῦ
1421 403 1565 440 ὀκταέδρου
1583 403 1629 430 τδν
1646 403 1726 440 ἀέρα,
1750 404 1783 430 ὲκ
1805 403 1834 430 δὲ
1854 410 1899 428 τυυ

1110 451 1284 487 εἰκοσαέδρου
1301 451 1332 478 τὸ
1347 450 1429 486 ὕδωρ,
1459 451 1491 477 έκ
1517 450 1546 476 δὲ
1572 449 1619 476 τοῦ
1646 449 1829 485 δωδεκαέδρου
1847 448 1900 483 (47)

1113 496 1163 533 τὴν
1178 497 1225 524 τοῦ
1236 497 1335 529 παντὸς
1351 498 1480 533 σφαῖραν.
1497 495 1608 522 Πλάτων
1619 495 1649 522 δὲ
1660 495 1718 531 (48)
1736 495 1784 522 καὶ
1799 495 1827 522 ὲν
1842 493 1901 520 τού·

1113 552 1171 576 τοις
1181 543 1372 579 Πυθαγορίζει.
1380 553 1390 569 ι
1453 533 1460 540 ’

273 598 332 618 ram
343 597 375 617 ex
388 589 565 617 dodecaedro.
579 589 639 622 Quo
649 590 730 617 etiam
751 589 778 617 in
790 597 887 625 genere
900 589 978 618 Plato
993 589 1161 626 Pyhagoram
1173 591 1330 618 aemulatur.
1352 600 1362 617 ι

522 647 638 674 CAPUT
658 646 805 675 XXXVIII.
869 668 872 683 ί

290 721 293 723 _
522 693 560 720 De
572 692 664 719 mundi
677 693 781 720 ordine.

312 738 509 766 «Parmenides
537 738 671 773 quasdam
695 738 778 765 veluti
793 745 910 766 coronas
931 746 992 766 esse
1012 738 1061 772 ait,

274 784 344 812 inter
367 792 427 812 sese
457 783 720 821 complexas,\84.&l
739 791 856 819 quarum
886 792 940 812 una
961 785 1061 813 rariori

273 838 306 858 ex
325 837 440 865 corpore
462 830 507 860 sit.
531 831 616 858 altera
633 838 665 858 ex
685 831 804 858 densiori
831 835 973 864 contexta;
990 839 1060 866 quas

274 875 346 902 inter
375 875 435 902 alia:
464 876 520 903 sint
547 883 580 902 ex
613 875 716 903 lumine
742 876 919 911 tenebrisque
946 877 1058 904 mistae:

273 921 345 955 quod
367 925 457 948 autem
473 921 615 948 universas
635 921 785 954 contineat,
806 921 964 948 ﬁrmitatem
987 921 1060 948 muri

275 966 390 1001 alicujus
401 966 568 994 simillimam
584 967 719 993 obtinere.
738 966 891 1001 Leucippus
907 973 990 1002 atque
1010 966 1062 994 De-

274 1015 406 1042 mocritus
419 1022 567 1049 expansum
592 1013 695 1040 mundo
713 1013 834 1040 tunicam
856 1014 1061 1041 membranam-

274 1069 326 1096 que
349 1060 531 1088 circumdant.
561 1058 705 1094 Epicurus,
729 1067 763 1086 ex
790 1060 900 1087 mundis
928 1060 1061 1088 rariorem

273 1107 342 1135 alios
357 1106 505 1133 terminum
526 1105 638 1138 habere,
659 1106 726 1133 alios
741 1105 916 1139 deusiorem;
941 1111 1000 1133 tum
1015 1114 1062 1134 eo-

274 1153 399 1181 rumdem
416 1158 507 1187 partes
525 1153 594 1180 alias
616 1152 732 1185 moveri,
748 1153 816 1181 alias
837 1157 968 1187 perpetuo
983 1153 1062 1188 quie-

274 1206 359 1226 scere.
400 1199 477 1226 Plato
513 1199 631 1234 primunt
660 1199 784 1226 omnium
813 1199 902 1234 ignem
929 1199 1058 1233 collocat,

273 1245 374 1272 :ethera
393 1244 500 1278 deinde,
517 1250 573 1272 tum
600 1253 702 1278 aerem,
725 1253 823 1280 aquam
844 1246 981 1280 deinceps,
1013 1254 1062 1281 po-

274 1294 458 1324 stremamque
472 1295 589 1325 terram;
617 1290 687 1317 idem
706 1294 798 1317 tamen
812 1291 912 1318 aethera
924 1299 985 1318 cum
1000 1292 1062 1327 igne

275 1335 422 1371 aliquando
438 1336 588 1364 consociat.
614 1336 775 1364 Aristoteles
803 1338 922 1372 primum
951 1346 1062 1374 quoque

274 1383 396 1409 omnium
417 1382 517 1410 aethera
536 1382 641 1415 statuit,
661 1383 790 1417 quintum
810 1384 949 1418 quoddam
971 1385 1005 1411 ab
1028 1392 1062 1412 eo

273 1434 373 1463 corpus
388 1428 568 1461 nominatum,
585 1432 667 1463 atque
680 1428 714 1456 ab
730 1429 804 1456 omni
824 1429 945 1464 patiendi
967 1437 1063 1458 neces-

275 1472 355 1500 sitate
375 1473 544 1508 seiunctum;
576 1473 640 1501 huic
662 1474 785 1509 patibilia
801 1474 942 1510 subjungit
958 1476 1061 1509 omnia,

1369 647 1572 675 ΚΕΦΛΝΑῙΟΝ
1581 645 1645 675 AH'.

1340 693 1411 728 Περὶ
1424 687 1542 726 τάξεωςξ
1554 688 1683 727 κόσμου.

1151 741 1360 778 «Παρμενίδης,
1395 740 1529 774 στεφάνας
1558 737 1627 766 εἶναι
1648 737 1902 774 περιπεπλεγμένας

1112 787 1155 814 ἐπ’
1172 787 1308 823 ἀλλήλαις·
1327 787 1377 823 τὴν
1398 787 1448 822 μὲν
1467 787 1499 813 ὲκ
1516 785 1562 812 τοῦ
1579 785 1687 821 ἀραιοῦ,
1700 785 1749 820 τὴν
1768 784 1796 811 δὲ
1810 785 1842 810 ἐκ
1857 783 1901 810 τοῦ

1112 833 1225 860 πυκνοῦ·
1246 833 1344 869 μικτὰς
1360 832 1388 859 δὲ
1402 833 1484 864 ἄλλας
1503 833 1535 859 ὲκ
1550 832 1638 868 φωτὸς
1652 832 1699 858 καὶ
1719 831 1841 863 σκότους,
1861 838 1904 865 με-

1111 878 1178 911 ταξὺ
1191 880 1304 906 τούτων·
1316 878 1363 906 καὶ
1382 878 1413 905 τὸ
1425 878 1551 914 περιέχον
1568 877 1596 904 δὲ
1615 877 1704 908 πάσας
1722 877 1812 912 τοίχου
1827 876 1905 911 δίκην

1113 925 1221 961 στερεὸν
1237 925 1367 961 ὑπάρχον.
1385 924 1543 956 Λεύκιππος
1552 923 1599 951 καὶ
1617 923 1787 959 Δημόκριτος
1804 923 1906 957 χιτῶνα

1112 972 1204 1007 κύκλῳ
1215 972 1261 999 καὶ
1277 972 1363 1007 ὑμένα
1392 971 1572 1007 περιτείνουσι
1591 969 1630 1006 τῷ
1649 970 1754 1005 κόσμῳ.
1777 969 1906 995 Ἐπίκουα

1113 1027 1159 1055 ρος
1171 1019 1237 1055 (49),
1253 1018 1331 1045 ἐνίων
1351 1018 1399 1053 μὲν
1417 1018 1528 1053 κόσμων
1546 1017 1642 1053 ἀραιὸν
1656 1017 1686 1043 τὺ
1706 1016 1803 1053 πέρας,
1825 1015 1906 1041 ἐνίων

1112 1063 1140 1090 δὲ
1154 1064 1264 1090 πυκνόνσ
1283 1064 1330 1090 καὶ
1355 1063 1456 1090 τούτων
1472 1063 1506 1089 τὰ
1535 1062 1584 1097 μέν
1604 1070 1665 1088 τινα
1691 1059 1851 1095 κινούμενα,
1872 1058 1906 1085 τά

1113 1109 1141 1135 δὲ
1157 1109 1282 1144 ἀκίνητα.
1303 1109 1425 1141 Πλάτων,
1444 1107 1499 1143 πῦρ
1515 1107 1635 1142 πρῶτον,
1649 1103 1707 1132 εἶτα
1726 1104 1833 1139 αἰθέρα,
1846 1103 1906 1138 μεθ’

1112 1155 1141 1182 ὃν
1162 1155 1240 1190 ἀέρα,
1257 1155 1299 1189 ἐφ’
1316 1152 1338 1188 ᾧ
1353 1153 1436 1190 ὕδωρ.
1449 1153 1604 1180 τελευταίαν
1622 1152 1651 1178 δὲ
1673 1151 1735 1186 γῆν.
1759 1149 1862 1176 Ἐνίοτε
1878 1149 1906 1175 δὲ

1112 1201 1159 1228 τὸν
1178 1201 1274 1237 αἰθέρα
1292 1201 1420 1228 συνάπτει
1440 1200 1478 1235 τῷ
1487 1200 1562 1236 πυρί.
1584 1197 1783 1233 Ἀριστοτέλης,
1797 1195 1905 1230 πρῶτον

1114 1248 1164 1283 μὲν
1183 1247 1279 1282 αἰθέρα
1313 1247 1415 1282 ἀπαθῆ,
1444 1246 1567 1281 πέμπτον
1593 1244 1625 1279 γέ
1649 1253 1675 1270 τι
1694 1242 1784 1278 σῶμα·
1817 1241 1876 1277 μεθ’
1892 1241 1906 1267 ὃ

1113 1294 1232 1329 παθητὰ,
1250 1293 1317 1329 πῦρ,
1330 1294 1408 1330 ἀέρα,
1427 1292 1508 1329 ὕδωρ,
1528 1291 1685 1318 τελευταίαν
1704 1290 1732 1316 δὲ
1750 1290 1812 1324 γῆν.
1834 1287 1905 1314 Τού-

1112 1349 1166 1367 των
1176 1339 1204 1366 δὲ
1215 1341 1271 1372 τοῖς
1289 1340 1339 1375 μὲν
1358 1339 1494 1376 οὐρανίοις
1510 1337 1687 1365 ἀποδεδόσθαι
1702 1337 1751 1372 τὴν
1768 1335 1904 1371 κυκλικὴν

1113 1385 1229 1421 κίνησιν,
1248 1385 1301 1412 τῶν
1313 1385 1335 1412 δ’
1351 1385 1396 1412 ὑπ’
1414 1386 1506 1412 ἐκεῖνα
1518 1383 1693 1419 τεταγμένων
1705 1383 1761 1414 τοῖς
1780 1382 1830 1417 μὲν
1843 1380 1906 1408 κού-

1113 1439 1174 1466 φοις
1192 1432 1241 1467 τὴν
1255 1432 1321 1465 ἄνω,
1340 1432 1397 1462 τοῖς
1413 1431 1441 1457 δὲ
1466 1430 1560 1466 βαρέσι
1588 1430 1637 1465 τὴν
1664 1429 1749 1456 κάτω.
1774 1427 1906 1463 Ἐμπεδο-

1113 1478 1190 1513 κλῆς,
1209 1477 1303 1513 μὴδιά
1322 1477 1422 1509 παντὸς
1440 1477 1560 1508 ἑστῶτας
1585 1473 1666 1507 εἶναι,
1688 1475 1756 1511 μηδὲ
1780 1474 1904 1510 ὡρισμέ-

273 1518 374 1553 ignem,
390 1526 491 1551 aerem,
514 1527 625 1554 aquam,
641 1524 862 1555 postremamque
878 1525 996 1549 terram:
1021 1530 1054 1549 ex

1111 1532 1168 1556 νους
1181 1525 1244 1556 τοὺς
1260 1523 1360 1555 τόπους
1369 1522 1423 1549 τῶν
1437 1522 1587 1557 στοιχείων,
1604 1520 1672 1548 ἀλλά
1682 1520 1771 1547 πάντα
1781 1527 1841 1551 πως
1849 1518 1904 1553 (50)

273 1562 325 1590 illis
338 1571 429 1598 porro.
450 1564 570 1591 coelestia
588 1565 698 1599 quidem
718 1565 745 1592 iu
763 1566 858 1593 orbem
873 1567 983 1601 proprie
998 1575 1054 1594 mo-

1107 1569 1229 1605 ἀλλήλων
1250 1568 1476 1604 μεταλαμϐάνειν.
1489 1578 1497 1593 ι

272 1610 345 1642 veri;
364 1614 391 1636 at
407 1609 544 1642 inferiora,
557 1611 581 1638 si
602 1611 671 1638 levia
691 1611 772 1639 modo
784 1612 848 1645 sint,
862 1613 993 1647 sublime;
1009 1614 1051 1641 sin
1072 1615 1176 1650 gravia,
1199 1615 1326 1643 deorsum
1361 1615 1436 1643 ferri.
1468 1613 1653 1649 Empedocles,
1677 1611 1820 1640 elementis
1849 1619 1905 1639 non

271 1663 321 1683 sua
335 1656 489 1692 quibusque
503 1657 563 1684 loca
586 1663 660 1685 certa
695 1665 802 1694 semper
824 1666 856 1687 ac
884 1659 993 1688 deﬁnita
1019 1661 1171 1690 consistere

272 1705 374 1737 tuoque
391 1701 546 1729 succedere.
554 1711 563 1728 ι

536 1749 651 1777 CAPUT
670 1750 792 1779 XXXIX.

273 1806 449 1840 Quamobrem
464 1807 622 1836 inclinatior
643 1809 761 1850 _mundus
781 1810 828 1843 sit,
855 1814 933 1845 atque
953 1811 1061 1847 depres-

625 1852 690 1871 διον.

311 1899 320 1916 ι
334 1889 467 1923 Diogenes
487 1893 514 1916 et
529 1889 717 1926 Anaxagoras,
741 1895 863 1919 creatum
877 1890 934 1926 jam
961 1892 1063 1920 conﬂa-

272 1940 384 1970 tumque
399 1936 542 1967 mundum,
558 1937 745 1965 animantibus
760 1938 842 1965 etiam
859 1946 892 1966 ex
914 1942 986 1966 terra
998 1947 1059 1974 pro-

271 1981 370 2014 ductis,
389 1981 480 2008 nescio
497 1989 550 2016 quo
573 1986 653 2017 pacto
675 1990 770 2010 versus
795 1983 941 2010 meridiem
961 1988 1058 2019 sponte

271 2035 322 2055 sua
333 2027 492 2054 inclinatum
510 2035 591 2055 esse:
617 2027 710 2055 divino
731 2027 849 2056 fortasse
870 2030 997 2063 consilio,
1017 2030 1056 2058 uti

272 2076 363 2109 partes
376 2074 435 2109 ejus
447 2074 612 2109 frequentari
629 2074 689 2102 alia
702 2081 824 2110 possent,
841 2076 902 2103 alia:
916 2084 970 2104 non
988 2084 1055 2112 pos-

271 2124 342 2152 sent,
362 2123 443 2154 prout
465 2119 505 2147 vel
532 2119 631 2155 frigore
649 2124 750 2148 aastuve
772 2121 858 2148 nimio
885 2122 1052 2155 laborarent,

269 2166 313 2193 vel
329 2166 432 2194 salubri
452 2167 647 2200 temperatione
661 2172 834 2195 constarent.
862 2167 1055 2203 Empedocles,

271 2219 333 2239 aere
349 2211 415 2239 solis
428 2211 462 2238 ad
474 2211 528 2238 vim
549 2215 576 2238 et
602 2212 732 2246 impetum
748 2212 918 2245 subsidente,
937 2213 1055 2241 inclina-

1201 1672 1208 1690 :
1233 1662 1280 1691 sed
1302 1662 1418 1690 aliorum
1456 1662 1484 1690 in
1502 1662 1600 1698 .locum
1622 1661 1676 1689 alia
1701 1660 1818 1688 subinde
1839 1667 1898 1686 mu-

1369 1754 1567 1781 ΚΕΦΑΛΔΙΟΝ
1581 1753 1640 1781 ΛΘ.

1185 1802 1233 1834 Τίς
1245 1801 1263 1835 ἠ
1282 1801 1360 1828 αἰτία
1377 1801 1431 1827 τοῦ
1447 1799 1501 1827 τὸν
1513 1801 1628 1835 κόσμον
1647 1799 1831 1834 ἐγκλιθῆναι.

1152 1899 1160 1916 ι
1179 1890 1316 1925 Διογένης,
1336 1889 1529 1925 ’Δναξαγόρας,
1549 1887 1618 1924 μετὰ
1646 1887 1675 1914 τὺ
1694 1888 1824 1922 συστῆναι
1858 1887 1903 1913 τὸν

1111 1937 1223 1970 κόσμον,
1243 1936 1291 1962 καὶ
1305 1935 1339 1962 τὰ
1360 1935 1417 1967 ζῶα
1435 1936 1466 1962 ὲκ
1493 1935 1543 1970 τῆς
1557 1934 1609 1969 γῆς
1629 1933 1783 1968 ἐξαγαγεῖν,
1811 1933 1902 1967 ἐγκλι-

1111 1981 1189 2016 θῆναί
1203 1990 1261 2012 πως
1276 1981 1321 2007 τὸν
1333 1981 1434 2016 κόσμον
1448 1980 1480 2006 ἐκ
1506 1979 1552 2006 τοῦ
1569 1979 1724 2014 αὐτομάτου
1746 1979 1787 2010 εἰς
1806 1978 1837 2004 τὸ
1853 1987 1900 2014 με-

1111 2020 1260 2063 σημϐρινὸν
1273 2026 1354 2054 αὑτοῦ
1381 2026 1471 2062 μέρος·
1489 2026 1553 2057 ἴσως
1572 2025 1624 2051 ὑπὸ
1650 2024 1790 2060 προνοίας,
1807 2024 1853 2050 ἵνα
1868 2024 1901 2049 τὰ

1111 2074 1160 2109 μὲν
1180 2073 1294 2108 ἀοίκητα
1310 2073 1432 2108 γένηται,
1443 2071 1478 2098 τὰ
1487 2071 1514 2098 δὲ
1531 2071 1628 2106 οἰκητὰ
1641 2071 1711 2106 μέρη
1728 2070 1774 2097 τοῦ
1784 2071 1900 2106 κόσμου,

1109 2119 1180 2146 κατά
1190 2119 1279 2154 ψῦξιν,
1298 2119 1345 2146 καὶ
1361 2118 1526 2154 ἐκπύρωσιν,
1554 2118 1600 2144 καὶ
1617 2117 1776 2153 εὐκρασίαν.
1797 2117 1899 2151 Ἐμπεο

1108 2166 1215 2202 δοκλῆς,
1231 2165 1278 2192 τοῦ
1290 2166 1370 2201 ἀέρος
1392 2164 1511 2202 εἴξαντος
1529 2165 1561 2200 τῇ
1578 2163 1624 2190 τοῦ
1646 2163 1721 2198 ἡλίου
1749 2164 1833 2198 ὁρμῇ,
1851 2163 1898 2196 ὲγ-

1108 2213 1231 2248 κλιθῆναι
1255 2212 1304 2244 τὰς
1331 2212 1463 2247 ἄρκτους,
1497 2211 1544 2237 καὶ
1565 2210 1599 2236 τὰ
1620 2208 1713 2244 βόρεια
1745 2208 1896 2243 ὑψωθῆναι,

270 2263 313 2285 tos
329 2266 388 2285 esse
403 2257 497 2293 polos,
522 2258 558 2285 ita
585 2257 695 2292 quidem
721 2262 751 2285 ut
774 2258 997 2293 seplentrionalis
1012 2267 1056 2287 su-

1111 2259 1141 2285 τά
1168 2247 1195 2284 δέ
1227 2258 1303 2284 νότια
1336 2257 1554 2292 ταπεινωθῆναι,
1589 2255 1656 2282 καθὸ
1683 2255 1732 2281 καὶ
1760 2254 1807 2280 τὸν
1837 2254 1896 2281 ὅλον

271 2304 352 2330 blime
372 2304 521 2336 tolleretur,
547 2303 676 2330 australis
700 2311 764 2330 vero
790 2304 946 2338 depressior
965 2305 1052 2339 ﬁeret,

270 2351 342 2385 quod
356 2351 444 2385 ipsum
456 2350 569 2386 proinde
584 2350 631 2377 toti
647 2350 748 2377 mundo
763 2350 911 2377 evenerita

563 2405 677 2434 CAPUT
695 2405 753 2433 XL.

342 2463 436 2490 Utrum
448 2464 527 2490 inane
539 2464 585 2497 sit,
597 2463 666 2499 quod
679 2467 754 2490 extra
767 2463 893 2490 mundum
913 2469 962 2492 est.

307 2528 316 2544 ί
330 2518 492 2554 Pythagorei
508 2527 583 2549 extra
610 2523 742 2550 mundum
763 2523 842 2550 inane
857 2523 976 2559 spatium
993 2531 1055 2552 esse

270 2565 373 2598 volunt,
387 2573 441 2600 quo
464 2567 582 2594 mundus
608 2572 688 2602 atque
715 2568 786 2596 unde
803 2569 927 2603 respiret.
959 2567 1055 2602 Stoici,

271 2611 406 2638 lulinitutn
420 2616 446 2638 et
469 2612 631 2640 immensum
652 2613 767 2648 aliquid,
795 2614 823 2640 in
846 2615 918 2649 quod
935 2615 1054 2642 mundus

306 2692 362 2726 (47)
384 2692 419 2718 Τὸ
444 2693 530 2727 ὕδωρι
543 2695 577 2720 ἐκ
594 2693 627 2720 δὲ
646 2693 699 2720 τοῦ
717 2693 930 2727 δωδεκαέδρου.
951 2692 1014 2720 Hac
1028 2692 1056 2720 in

271 2727 356 2763 priori
377 2727 495 2755 editione
512 2729 632 2762 deerant,
651 2737 712 2763 quae
733 2729 918 2763 supplevimus
931 2736 964 2756 ex
989 2727 1056 2754 Plu-

272 2762 500 2831 “minter
520 2797 562 2824 δέ.
588 2797 616 2825 In
636 2797 744 2830 Timeo,
771 2798 817 2825 ubi
841 2798 898 2825 haec
916 2805 992 2824 more
1006 2804 1056 2825 suo

269 2831 395 2874 pluribus
407 2851 414 2864 ,
428 2840 568 2874 quorum
582 2833 778 2874 physiologiam
801 2833 924 2874 aliquam.
938 2841 970 2874 ex
992 2831 1057 2874 Plu-

271 2867 364 2894 tatcho
392 2871 483 2902 petere
509 2867 589 2901 licet,
617 2867 643 2895 in
669 2867 863 2901 Quaslionibus
889 2867 1054 2902 Platonicia,

1107 2306 1219 2341 κόσμον.
1234 2314 1243 2331 ι

1369 2413 1565 2442 ΚΕΦᾹΛΔΙΟΝ
1585 2413 1628 2440 M’.

1158 2473 1228 2507 Περὶ
1242 2473 1294 2500 τοῦ
1308 2473 1395 2506 ἐκτὸς
1413 2472 1466 2499 τοῦ
1476 2473 1601 2506 κόσμου,
1616 2471 1644 2498 εἰ
1660 2470 1727 2498 ἔστι
1743 2470 1844 2497 κενόν.

1144 2540 1153 2556 ι
1170 2531 1202 2557 Ol
1216 2530 1265 2566 μὲν
1283 2529 1337 2557 ἀπὸ
1362 2529 1409 2557 τοῦ
1436 2528 1611 2564 Πυθαγόρου,
1641 2527 1718 2559 ἐκτὸς
1749 2523 1821 2553 εἶναι
1850 2525 1896 2552 τοῦ

1107 2576 1210 2611 κόσμου
1226 2575 1314 2608 κενὸν,
1329 2576 1368 2607 είς
1382 2575 1396 2601 ὃ
1408 2575 1523 2601 ἀναπνεῖ
1548 2574 1562 2599 ὁ
1581 2573 1693 2608 κόσμος,
1708 2572 1756 2598 καὶ
1772 2571 1803 2605 ἐξ
1815 2568 1856 2597 οὗ·
1872 2572 1895 2597 οἱ

1106 2621 1133 2648 δὲ
1143 2621 1266 2654 Στωϊκοὶ,
1286 2622 1326 2653 εἰς
1343 2620 1358 2647 ὃ
1371 2621 1419 2648 καὶ
1435 2621 1467 2655 τῇ
1479 2618 1631 2655 ἐκπυρώσει
1648 2617 1806 2649 ἀναλύεται,
1823 2619 1896 2645 ἀπει-

1127 2703 1204 2725 ιιαιει.
1225 2698 1252 2725 4.

1106 2705 1204 2768 qua???
1224 2705 1414 2768 ἓπιπυυρος,
1434 2731 1522 2758 ἐνίων
1547 2730 1606 2766 μὲν
1633 2731 1768 2765 κόσμων.
1790 2729 1823 2757 Ει
1840 2729 1894 2756 haec

1106 2775 1138 2794 ex
1148 2765 1302 2795 Plutarcho
1318 2765 1420 2795 addita.

1143 2802 1198 2838 (50)
1217 2803 1319 2830 Πάντα
1342 2811 1413 2836 πως.
1435 2801 1472 2829 Ita
1499 2799 1649 2838 Plutarch"
1673 2805 1701 2828 et
1721 2805 1813 2832 recte,
1841 2806 1892 2826 non

1107 2836 1210 2870 πάντας
1226 2838 1346 2871 τούτους,
1363 2842 1391 2866 ut
1410 2838 1485 2873 prius
1501 2836 1648 2872 legebatur.
