2045 3211
167 203 237 232 1395
711 202 874 230 PREPAR.
893 203 936 230 EV

990 203 1018 230 G.
1040 202 1104 230 LIB.
1125 202 1191 236 ΧΗ
1725 205 1792 233 1391

165 270 213 296 καὶ
227 270 255 295 ὲν
275 269 334 300 ταῖς
351 268 511 302 φαντασίαις
533 267 579 295 τοῦ
596 266 674 300 Θεοῦ,
690 268 812 294 τουτέστι
832 267 878 294 τοῦ
896 266 938 294 νοί

990 267 1130 296 ηιὶοηὶιιιιε
1147 267 1290 303 sensisque
1320 267 1478 296 subsistant.
1501 269 1659 298 Aristoteles
1688 270 1791 300 formas

165 314 336 348 ὑφεστώσας.
356 313 544 349 Ἀριστοτέλης
557 313 615 349 εἴδη
630 314 679 349 μὲν
686 314 803 342 ἀπέλιπε
817 315 863 341 καὶ
873 314 938 346 ἰδέας

1007 315 1138 350 ideasque
1162 314 1272 349 reliquit
1295 314 1339 342 ille
1360 315 1480 349 quidem,
1504 323 1556 342 non
1574 320 1662 343 tamen
1678 324 1692 344 a
1706 322 1791 345 mate-

163 362 194 388 οὐ
212 362 265 397 μὴν
282 361 486 397 κεχωρισμένας
510 361 559 396 τῆς
587 360 663 396 ὕλης,
689 359 741 394 ἔξω
760 360 879 396 γεγονὼς
899 359 938 396 (65

1006 360 1048 386 ria
1065 363 1217 394 separatas.
1240 367 1355 394 quarum
1377 359 1410 387 ad
1425 362 1574 395 exemplar,
1587 362 1719 396 quidquid
1740 363 1790 390 abs

164 407 211 434 τοῦ
226 407 279 434 ὑπὸ
293 406 341 433 τοῦ
358 407 436 433 Θεοῦ.
467 407 499 434 Οἱ
512 407 566 433 ἀπὸ
581 408 704 443 Ζήνωνος
720 407 843 439 Στωϊκοὶ,
861 407 937 443 ὲννοή

1006 404 1061 432 Deo
1075 403 1226 440 perfectum
1244 408 1297 436 est,
1314 405 1458 432 exstiterit.
1484 404 1600 432 Profecti
1615 406 1663 433 abs
1681 405 1790 435 Zenone

163 463 236 490 ματα
251 454 371 490 ἡμέτερα
389 455 438 486 τὰς
454 453 552 486 ἰδέας.»

405 542 603 569 ΚΕΦΑΛΑῘΟΝ
617 542 682 576 Mq'

371 589 441 624 Περὶ
455 589 566 622 τάξεως
580 588 723 622 ἀστέρων.

196 645 206 661 ‹
226 635 395 671 Ξενοκράτης
425 636 479 671 (66)
511 636 581 662 κατὰ
600 636 662 671 μίαν
687 635 848 671 ἐπιφάνειαν
865 634 950 662 οἴεται

158 682 292 709 κινεῖσθαι
319 683 382 715 τοὺς
410 682 540 717 ἀστέρας·
566 682 590 707 oI
611 682 686 708 ἄλλοι
701 682 814 708 Στωϊκοὶ
831 682 884 717 πρὸ
896 682 949 708 τῶν

156 729 259 763 ἑτέρων
271 729 334 755 τοὺς
347 728 466 764 ἑτέρους,
479 730 507 755 ὲν
528 728 590 763 ὕψει
610 729 656 755 καὶ
668 728 753 763 βάθει.
769 728 947 764 Δημόκριτος,

155 774 192 802 τὰ
203 775 252 810 μὲν
268 774 375 810 ἀπλανῆ
392 775 510 810 πρῶτον,
529 775 597 810 μετὰ
611 775 639 802 δὲ
653 774 750 806 ταῦτα,
765 775 829 807 τοὺς
844 774 948 810 πλάνη-

156 829 215 853 τας,
232 821 274 855 ἐφ’
288 818 328 852 οἷς
341 820 426 856 ἥλιον,
440 821 594 856 Φωσφόρον,
605 821 729 857 σελήνην.
745 820 867 857 [Quium],
878 820 947 856 μετὰ

155 867 205 903 τὴν
220 852 273 894 τῶν
287 852 414 894 ἀπλανῶν
429 852 514 899 Θέσιν,
525 852 631 903 τέρῶτον
645 852 776 894 ξαίνοντα
789 852 944 902 λεγόμενον,

154 913 201 940 τὸν
213 914 259 940 τοῦ
275 913 389 949 Κρόνου·
403 913 526 950 δεύτερον
539 913 684 946 Φαέθοντα,
695 914 740 941 τὸν
753 914 799 941 τοῦ
813 914 882 946 Διός·
891 914 946 950 τρί-

1006 449 1093 477 Stoici
1125 455 1235 477 nostras
1252 450 1375 485 ipsorum
1389 451 1513 478 unctiones
1530 451 1604 479 ideas
1618 459 1680 480 esse
1697 453 1791 481 defen-

1003 495 1097 524 dunt.)

1284 540 1398 569 CAPUT
1425 541 1517 578 XLVL

1244 585 1282 613 De
1294 586 1432 614 stellarum
1448 589 1548 615 ordine.

1045 633 1228 661 «Xenocrates
1240 641 1288 668 per
1302 634 1424 661 eamdem
1437 642 1532 662 omnes
1548 635 1717 670 superﬁciem
1729 643 1787 664 mo-

1000 680 1056 707 veri
1069 680 1237 713 arbitratur;
1252 684 1279 707 at
1295 680 1391 715 reliqui
1408 679 1491 709 Stoici
1518 682 1622 716 priores
1636 683 1697 711 aliis
1707 684 1786 717 alias,

1001 731 1083 762 prout
1103 727 1213 754 altiores
1229 727 1280 754 illa:
1291 727 1509 761 depressioresve
1522 728 1587 762 sint.
1605 731 1785 758 constituunt.

999 772 1184 804 Democritus,
1207 772 1317 800 stabiles
1337 774 1428 807 priore
1447 773 1517 807 loco,
1533 775 1684 809 posteriore
1704 784 1786 811 vagas

997 823 1175 854 errantesque
1189 819 1275 854 ponit,
1298 819 1398 854 quibus
1417 823 1444 846 et
1470 820 1554 847 solem
1577 825 1604 847 et
1629 819 1784 848 Luciferum

996 868 1023 891 et
1047 864 1137 891 lunam
1163 869 1335 892 annumerat.
1359 863 1446 898 Plato,
1470 865 1515 892 ubi
1541 866 1651 894 stabiles
1682 868 1784 902 posuit,

997 915 1054 937 tum
1083 915 1229 945 sequentes
1254 910 1306 938 hoc
1333 911 1429 938 ordine
1450 911 1580 939 collocat:
1596 911 1783 946 Plnenontem.

155 968 201 986 τον
212 947 360 995 Πυρόεντα,
375 960 420 986 τὸν
438 947 488 986 τοῦ.
501 961 609 994 Ἄρεος·
621 959 761 996 τέταρτον,
779 947 938 995 Ἑωσφόρον1

996 964 1058 991 quae
1074 956 1185 984 Saturni
1207 956 1283 984 stella
1299 962 1341 985 est
1354 966 1362 990 ;
1390 956 1599 992 Phaethontem,
1612 967 1672 994 quae
1687 959 1762 988 .Iovis
1775 969 1782 994 ;

155 1004 200 1030 τὸν
216 1004 266 1040 τῆς
289 1004 458 1040 Ἀφροδίτης·
489 1005 613 1040 πέμπτον
639 1004 795 1036 Στίλῦοντα,
828 1004 873 1031 τὸν
896 1004 942 1031 τοῦ

161 1050 274 1086 Ἑρμοῦ·
289 1051 368 1078 ἕκτον
395 1051 478 1086 ἥλιον·
498 1051 610 1086 ἕϐδομον
628 1051 753 1086 σελήνην.
769 1051 829 1078 Τῶν
853 1051 942 1087 μαθη-

156 1095 277 1132 ματικῶν
290 1105 361 1128 τινες
378 1097 437 1132 μὲν,
451 1097 488 1129 ὡς
501 1097 623 1129 Πλάτων,
636 1097 707 1129 τινὲς
720 1097 758 1130 δὲ,
778 1097 859 1133 μέσον
873 1097 942 1124 πάν-

153 1150 208 1168 των
235 1142 281 1168 τὸν
305 1142 391 1178 ἥλιον.
412 1143 620 1178 Ἀναξίμανδρος
652 1144 698 1170 καὶ
728 1144 908 1180 Μητρόδωρος
928 1144 942 1170 ό

154 1187 229 1220 Χῖος,
244 1187 290 1214 καὶ
318 1187 438 1224 Κράτης,
454 1189 583 1216 ἀνωτάτω
608 1189 656 1224 μὲν
671 1189 780 1216 πάντων
805 1189 850 1216 τὸν
866 1189 941 1224 ἥλιον

152 1233 292 1268 τετάχθαι·
311 1235 369 1269 μετ’
398 1234 478 1261 αὐτὸν
501 1234 550 1270 τὴν
574 1235 698 1270 σελήνην·
717 1235 770 1262 ὑπὸ
785 1235 814 1262 δὲ
830 1236 939 1269 αὐτοὺς,

152 1280 188 1307 τὰ
203 1279 310 1316 ἀπλανῆ
328 1280 381 1306 τῶν
396 1280 502 1316 ἄστρων
519 1281 642 1312 καὶτοὺς
660 1280 824 1317 πλάνητας.»

406 1425 602 1453 ΚΕΦΛΛΔΙΟΝ
615 1426 680 1453 ΜΖ’.

197 1471 268 1506 Περὶ
283 1471 338 1506 τῆς
353 1471 412 1499 τῶν
425 1472 543 1506 ἄστρων
558 1472 652 1507 φορᾶς
670 1473 718 1499 καὶ
735 1472 890 1506 κινήσεως.

188 1528 197 1544 ι
222 1518 415 1554 Ἀναξαγόρας,
427 1519 606 1554 Δημόκριτος.
636 1519 793 1554 Κλεάνθης,
811 1520 857 1547 ἀπ’
871 1520 937 1547 ἀνα-

149 1565 235 1592 τολῶν
248 1565 295 1592 ἐπὶ
311 1565 415 1600 δυσμὰς
443 1565 572 1601 φέρεσθαι
596 1565 699 1597 πάντας
727 1565 791 1597 τοὺς
811 1566 936 1602 ἀστέρας.

156 1611 310 1646 Ἀλκμαίων
322 1611 369 1638 καὶ
383 1612 408 1637 οἱ
423 1611 619 1647 μαθηματικοὶ,
645 1611 708 1643 τοὺς
730 1611 867 1647 πλάνητας
880 1613 937 1644 τοῖς
950 1627 971 1656 c

148 1657 297 1688 ἀπλανέσιν
313 1657 457 1688 ἐναντίους·
482 1657 536 1684 ἀπὸ
551 1656 606 1693 γὰρ
621 1657 731 1693 δυσμῶν
749 1659 792 1684 ἐπ’
805 1658 937 1690 ἀνατολὰς

147 1702 352 1738 ἀντιφέρεσθαι,
372 1702 592 1738 Ἀναξίμανδρος,
618 1703 670 1729 ὑπὸ
689 1702 744 1729 τῶν
757 1703 864 1730 κύκλων
890 1704 937 1730 καὶ

146 1748 202 1775 τῶν
217 1747 350 1783 σφαιρῶν,
371 1748 413 1782 ἐφ’
429 1745 467 1774 ὧν
482 1748 596 1779 ἕκαστος
607 1747 717 1783 βέϐηκε.
733 1748 862 1784 φέρεσθαι
874 1750 937 1781 τοὺς

147 1793 277 1830 ἀστέρας.
292 1794 404 1821 Πλάτων
423 1794 470 1820 καὶ
496 1794 521 1821 οἱ
548 1794 745 1829 μαθηματικοὶ,
781 1795 937 1830 ἰσώρὸμους

146 1837 218 1868 εἶναι
236 1839 282 1868 τὸν
297 1839 383 1875 ἥλιον,
400 1840 445 1866 τὸν
459 1840 615 1875 Φωσφόρον,
628 1840 673 1866 τὸν
686 1839 839 1869 Στίλϐοντα.
853 1851 862 1866 ι

396 1886 592 1912 ΚΕΦΑΛΑΙΟΝ
620 1887 690 1913 MII’.

309 1932 402 1958 Πόθεν
418 1930 589 1966 φωτίζονται
607 1933 634 1958 οἱ
647 1931 780 1966 ἀστέρες.

186 1987 195 2004 ι
212 1978 405 2013 Μητρόδωρος,
426 1977 548 2008 ἅπαντας
576 1977 639 2009 τοὺς
667 1978 796 2010 ἀπλανεῖς
819 1978 936 2013 ἀστέρας

147 2025 200 2051 ὑπὸ
215 2024 261 2050 τοῦ
279 2024 354 2058 ἡλίου
384 2023 619 2058 καταλάμπεσθαι.
651 2023 826 2059 Ἡράκλειτος
845 2025 892 2051 καὶ
911 2026 936 2051 οἱ

146 2071 273 2098 Στωϊκοὶ.
298 2069 443 2103 τρέφεσθαι
472 2069 535 2101 τοὺς
552 2069 669 2104 ἀστέρας
694 2070 726 2096 ἐκ
750 2070 798 2104 τῆς
815 2070 934 2104 ἐπιγείου

144 2116 365 2151 ἀναθυμιάσεως.
388 2115 583 2151 Ἀριστοτέλης,
600 2114 637 2150 μὴ
653 2115 755 2142 δεῖσθαι
774 2115 809 2142 τὰ
822 2116 935 2152 οὐράνια

145 2161 259 2197 τροφῆς·
276 2161 306 2187 οὐ
320 2161 373 2196 γὰρ
388 2160 505 2196 φθαρτὰ,
534 2160 592 2187 ἀλλ’
614 2160 696 2188 ἀΐδια..
724 2160 852 2193 Πλάτων,
879 2171 935 2194 κοιτ

145 2207 201 2239 νῶς
215 2207 263 2234 τὸν
280 2207 381 2243 κόσμον
394 2206 455 2234 ὅλον
478 2207 524 2234 καὶ
541 2207 576 2234 τὰ
603 2207 690 2244 ἄστρα
704 2206 734 2240 ἐξ
747 2207 829 2235 αὐτοῦ
840 2208 935 2244 τρέφε-

146 2253 221 2280 σθαι.
235 2262 245 2279 ι

400 2300 597 2327 ΚΕΦΑΛΛῘΟΝ
619 2301 673 2328 ΜΘ¹
678 2321 685 2328 .

262 2345 331 2380 Περὶ
345 2345 402 2372 τῶν
416 2346 608 2380 καλουμένων
617 2347 813 2381 Διοσκούρων.

185 2401 195 2417 ι
211 2391 376 2427 Ξενοφάνης,
397 2393 461 2423 τοὺς
478 2393 523 2418 ἐπὶ
551 2393 604 2418 τῶν
634 2393 733 2420 πλοίων
757 2394 933 2429 φαινομένους

143 2435 202 2465 οἷον
219 2437 334 2473 ἀστέρας
348 2437 458 2471 νεφέλια
482 2435 551 2464 εἶναι
567 2438 638 2464 κατὰ
659 2439 708 2474 τὴν
728 2438 807 2465 ποιὰν
826 2439 933 2474 κίνησιν

144 2483 376 2519 παραλάμποντα.
394 2483 586 2518 Μητρόδωρος,
609 2484 663 2510 τῶν
691 2484 814 2520 ὁρώντων
835 2485 933 2519 ὀφθαλς

140 2528 208 2564 μῶν
232 2528 301 2564 μετὰ
324 2528 400 2560 δέους
429 2529 475 2555 καὶ
504 2529 698 2565 καταπλήξεως
729 2528 797 2557 εἶναι
826 2530 932 2566 στιλϐη-

143 2574 234 2606 δόνας.
248 2584 257 2600 ι

183 2680 246 2721 (ῆό).
261 2681 338 2721 Ἔξω
349 2681 488 2721 χεγρνῴς.
507 2681 679 2721 Plutarchus.
693 2683 712 2721 6A
723 2683 752 2716 ὲξ
765 2680 803 2712 ὧν
821 2686 931 2719 γεγονὸς

142 2716 176 2743 τὸ
202 2716 253 2742 ὑπὸ
278 2716 323 2743 τοῦ
345 2717 425 2744 Θεοῦ.
448 2717 628 2745 Eusebianam
653 2719 794 2747 lectionem
821 2716 931 2748 secutus

143 2751 252 2778 videtur
270 2751 423 2787 Xylander;
441 2753 522 2779 vertit
537 2753 627 2786 enim,
644 2752 719 2780 Idem
734 2755 803 2780 enim
828 2755 930 2782 alienus

157 2786 198 2813 'uit
218 2786 251 2813 ab
271 2786 302 2814 ea
319 2788 454 2821 opinione,
475 2795 534 2822 qua:
551 2788 604 2814 Deo
627 2789 785 2816 creationem
810 2790 929 2817 ascribit.

155 2827 238 2860 taque
271 2822 516 2860 subintelligit‘inr
544 2823 645 2860 Gron-is
663 2843 670 2855 ,
704 2824 853 2860 ὑποστῆναι
885 2825 930 2852 τὸν

143 2856 257 2891 κόσμον,
271 2857 312 2884 vel
326 2856 426 2892 aliquid
447 2858 544 2885 simile.
570 2859 694 2886 Amiotus
721 2856 865 2887 Plutarcho
881 2868 930 2887 uo-

145 2892 252 2919 biscum
272 2892 358 2919 luesit.
376 2893 530 2925 Lugendum
549 2899 638 2920 tamen
656 2894 777 2925 videtur.
800 2895 838 2927 ὡς
852 2894 880 2927 ἐξ
893 2892 930 2922 ὧν

146 2926 259 2962 γεγονὸς
271 2927 300 2953 τὸ
314 2927 365 2953 ὑπὸ
376 2928 422 2954 τοῦ
433 2928 511 2962 Θεοῦ,
528 2929 569 2956 vel
585 2929 607 2956 si
621 2929 634 2956 ὃ
647 2935 671 2957 et
684 2929 721 2962 ὡς
734 2926 886 2963 susluleris,
900 2930 929 2963 ἐξ

998 1002 1143 1038 Pyroenta,
1171 1011 1232 1038 qua:
1253 1002 1368 1036 Martis;
1383 1002 1549 1037 Luciferum,
1576 1012 1637 1039 quae
1654 1005 1782 1039 Veneris;

997 1047 1158 1082 Stilbonem,
1179 1056 1241 1083 quae
1259 1048 1384 1076 Mercurii
1399 1057 1405 1081 ;
1422 1049 1506 1076 solem
1523 1049 1595 1082 inde,
1623 1040 1783 1085 septimam-

995 1102 1048 1130 que
1064 1095 1167 1122 lunam.
1203 1094 1242 1122 Ex
1267 1094 1466 1122 mathematicis
1497 1094 1636 1123 Platonem
1664 1097 1709 1124 alii
1741 1105 1785 1125 se-

995 1146 1127 1175 quuntur,
1147 1141 1192 1168 alii
1209 1141 1295 1168 solem
1314 1141 1386 1168 inter
1401 1149 1496 1169 omnes
1521 1141 1640 1170 medium
1654 1149 1715 1170 esse
1732 1150 1782 1170 vo-

994 1187 1064 1214 lunt.
1083 1186 1287 1214 Anaximander
1314 1192 1342 1214 et
1365 1186 1536 1215 Metrodorus
1559 1187 1654 1220 Chius,
1673 1193 1700 1215 et
1715 1188 1784 1215 Cra-

994 1236 1035 1260 tes
1054 1231 1215 1259 altissimam
1236 1232 1359 1259 omnium
1386 1232 1437 1259 soli
1453 1232 1590 1268 regionem
1619 1233 1782 1268 attribuunt,

993 1277 1074 1313 eique
1100 1277 1193 1304 lunam
1212 1278 1338 1313 proxime
1367 1277 1540 1312 subjiciunt;
1559 1275 1690 1314 reliquam
1710 1279 1782 1307 side-

993 1331 1054 1350 rum
1070 1327 1124 1350 tam
1147 1323 1286 1351 stabilium
1315 1331 1398 1358 quam
1414 1323 1564 1351 errantium
1582 1324 1781 1352 multitudinem

992 1373 1109 1405 utroque
1120 1369 1275 1398 inferiorem
1287 1369 1454 1398 existimant.
1471 1379 1480 1396 ›

1257 1426 1374 1455 CAPUT
1401 1426 1505 1456 XLVII.

1177 1474 1219 1501 De
1237 1474 1346 1508 proprio
1359 1472 1498 1500 stellarum
1512 1477 1594 1500 motu.

989 1520 1072 1557 847
1082 1529 1091 1546 ι
1103 1519 1291 1555 Anaxagoras,
1307 1519 1488 1551 Democritus.
1503 1518 1657 1552 Cleanthes,
1672 1520 1706 1547 ab
1716 1524 1778 1548 ortu

991 1566 1018 1593 in
1032 1573 1160 1594 occasum
1176 1565 1269 1593 stellas
1292 1572 1389 1593 onmes
1404 1564 1515 1592 deferri.
1531 1564 1650 1593 Alcmeo
1673 1571 1700 1593 et
1719 1574 1778 1594 ma-

991 1612 1141 1645 thematici,
1158 1615 1282 1638 errantes
1302 1611 1455 1646 oppositam
1472 1611 1616 1638 stabilibus
1627 1611 1698 1639 viam
1712 1611 1777 1640 insi-

988 1662 1069 1690 stere,
1083 1657 1135 1684 boc
1144 1661 1195 1688 est,
1210 1656 1245 1683 ab
1258 1663 1358 1683 oceasu
1373 1656 1401 1686 in
1415 1661 1504 1684 ortum
1519 1656 1646 1684 adversas
1663 1658 1775 1685 moveri.

987 1703 1198 1736 Anaximander,
1206 1702 1240 1729 ab
1254 1702 1288 1729 iis
1299 1701 1410 1730 circulis
1421 1707 1447 1729 et
1458 1702 1580 1736 orbibus,
1592 1704 1624 1731 ad
1638 1711 1707 1738 quos
1721 1703 1778 1730 sin-

987 1749 1057 1784 gulae
1076 1748 1277 1780 adhaerescunt,
1294 1747 1477 1776 circumferri.
1498 1747 1575 1776 Plato
1596 1757 1702 1784 unaque
1717 1756 1776 1776 ma-

988 1795 1137 1828 thematici,
1156 1794 1277 1830 aequales
1291 1794 1370 1827 solis,
1385 1793 1510 1827 Veneris.
1523 1799 1550 1822 et
1563 1794 1689 1823 Mercurii
1708 1803 1774 1823 cou-

987 1841 1129 1869 versiones
1143 1848 1214 1869 esse.
1234 1851 1243 1868 ι

1252 1886 1370 1915 CAPUT
1385 1885 1500 1914 XLVIII.

1162 1932 1253 1961 Stella
1267 1934 1336 1961 unde
1352 1933 1436 1960 lucem
1455 1933 1598 1968 accipiant.

1025 1987 1035 2003 ι
1050 1977 1230 2011 Metrodorus,
1243 1978 1292 2006 abs
1304 1978 1361 2006 sole
1374 1976 1488 2005 stabiles
1503 1985 1599 2005 omnes
1612 1976 1772 2004 illuminari.

986 2023 1138 2052 Heraclitus
1159 2028 1186 2051 et
1210 2022 1312 2056 Stoici,
1330 2028 1453 2051 terrenas
1473 2023 1660 2050 exhalationes
1689 2023 1775 2050 stellis

985 2071 1114 2099 omnibus
1127 2070 1258 2098 alimento
1278 2078 1351 2098 esse.
1375 2070 1538 2098 Aristoteles
1555 2069 1631 2097 nullo
1649 2069 1774 2107 caelestes

986 2122 1099 2145 naturas
1132 2116 1262 2144 alimento
1289 2116 1419 2151 indigere,
1450 2116 1524 2151 quod
1553 2117 1587 2144 ab
1613 2116 1686 2143 omni
1713 2123 1774 2143 eor-

985 2162 1111 2197 ruptione
1127 2161 1219 2189 libera:
1229 2162 1284 2189 sint
1300 2165 1382 2197 atque
1399 2161 1580 2196 sempiternae.
1592 2160 1680 2194 Plato,
1692 2168 1772 2187 mun-

985 2209 1050 2236 dum
1066 2207 1236 2241 universum,
1258 2215 1291 2235 ac
1305 2207 1399 2235 stellas
1413 2214 1519 2239 omnes,
1534 2214 1678 2234 commune
1687 2207 1772 2242 quod-

986 2254 1049 2282 dam
1062 2262 1094 2282 ex
1115 2254 1161 2282 illo
1178 2254 1237 2290 ipso
1251 2254 1411 2281 alimentum
1429 2253 1549 2281 haurire.
1567 2263 1576 2280 ι

1263 2299 1378 2327 CAPUT
1400 2299 1494 2326 XLIX.

984 2346 1022 2374 De
1047 2347 1091 2380 iis,
1113 2354 1177 2382 quos
1203 2347 1280 2382 vulgo
1303 2346 1426 2373 Castores
1449 2354 1480 2372 ac
1505 2345 1627 2372 Geminos
1647 2344 1769 2371 dicimus.

1021 2402 1030 2418 ι
1049 2392 1244 2428 Xenophanes.
1262 2400 1332 2427 quas
1346 2392 1426 2426 vulgo
1443 2391 1536 2419 stellas
1553 2390 1667 2418 summis
1682 2390 1771 2417 immi-

983 2446 1047 2466 nere
1072 2438 1187 2466 navibus
1204 2438 1382 2470 arbitrantur.
1405 2437 1554 2465 nubeculas
1577 2444 1638 2464 esse
1663 2436 1770 2471 proprio

982 2484 1100 2519 quodam
1127 2488 1256 2518 certoque
1281 2488 1356 2511 motu
1386 2483 1561 2518 refulgentes.
1589 2474 1769 2514 Metrodorus,

983 2529 1116 2565 fulgerem
1133 2530 1277 2565 quemdam
1295 2537 1329 2558 ex
1346 2530 1433 2557 oculis
1447 2537 1509 2556 cum
1538 2534 1612 2556 motu
1627 2536 1659 2556 ac
1674 2527 1765 2556 formi-

982 2576 1047 2603 dine
1064 2576 1276 2612 suspicientibus
1288 2577 1496 2612 promicantem.
1514 2585 1523 2601 ι

982 2685 1020 2715 ὧν
1034 2688 1175 2722 γεγονέναι
1187 2688 1218 2715 τὸ
1233 2687 1286 2715 ὑπὸ
1299 2689 1345 2715 τοῦ
1360 2688 1437 2716 Θεοῦ.
1459 2687 1571 2715 Etiamsi
1587 2687 1660 2715 enim
1677 2686 1769 2714 Plato-

982 2723 1069 2755 nicas,
1085 2723 1137 2750 hoc
1152 2728 1193 2751 est
1209 2731 1270 2758 qua:
1288 2723 1392 2751 Platoni
1408 2724 1489 2758 vulgo
1507 2723 1674 2755 tribuuntur,
1689 2722 1768 2750 ideas

981 2758 1141 2786 Aristoteles
1164 2758 1320 2793 exploderet
1334 2780 1341 2791 ,
1368 2759 1395 2786 in
1416 2759 1550 2786 eﬂ'ectrice
1574 2763 1665 2785 tamen
1685 2765 1768 2785 eausa

982 2793 1156 2821 informatam
1171 2794 1317 2822 obicienda:
1333 2795 1371 2821 rei
1386 2794 1525 2821 notionem
1542 2798 1570 2821 et
1584 2794 1670 2820 ideam
1684 2800 1768 2827 agno-

982 2829 1083 2856 scnhat.
1101 2828 1173 2861 Quid
1188 2829 1259 2864 quod
1274 2837 1308 2856 ne
1331 2830 1496 2856 creationem
1511 2829 1620 2863 quidem
1633 2830 1718 2864 ipsam
1734 2835 1768 2855 an

982 2871 1014 2891 eo
1030 2864 1181 2898 ignoratam
1195 2872 1256 2899 esse
1271 2864 1392 2899 plerique
1408 2864 1575 2892 delendum?

1017 2899 1072 2934 (66)
1092 2898 1285 2933 Ξενοκράτηςῖ.
1305 2899 1468 2927 Plutarchus
1483 2899 1561 2934 ibid.,
1577 2900 1624 2928 lib.
1638 2908 1668 2933 ιι,
1681 2908 1706 2929 c.
1725 2900 1766 2928 55.
