2045 3211
146 207 158 233 l
164 207 216 234 597

731 200 890 228 PRIEPAR.
912 199 1038 229 EVANG.
1061 198 1204 227 LIB.'XV.

1711 199 1780 227 £598

147 269 190 295 διὰ
206 267 236 294 τὸ
250 264 446 301 περιοικεῖσθαι
472 263 566 298 αὐτὴν.
590 261 715 298 καθάπερ
731 261 780 297 τὴν
794 261 858 297 παρ’
871 262 937 296 ἡμῖν

988 259 1061 296 quod
1083 260 1124 287 uti
1140 263 1233 287 nostra
1252 258 1309 286 haec
1332 262 1403 286 terra
1420 257 1524 293 passim
1540 257 1736 292 frequentetur,
1753 260 1780 287 et

149 314 210 349 γῆν,
229 311 333 349 μείζοσι
347 311 437 344 ζώοις,
454 311 502 337 καὶ
513 311 606 345 φυτοῖς
619 308 766 336 καλλίοσιν.
777 306 855 335 Εἶναι
880 307 935 343 γὰρ

150 357 476 388 πεντεκαιδεκαπλασίονα
486 357 521 384 τὰ
533 357 576 383 ἐπ’
589 355 674 390 αὐτῆς
700 354 758 387 ζῶα
775 355 840 391 (75),
855 354 936 390 μηδὲν

149 406 303 443 σωματικὸν
319 405 509 440 ἀποκρίνοντα·
527 403 573 430 καὶ
596 402 645 438 τὴν
661 401 767 437 ἡμέραν
782 399 938 436 (74)τοσαύ-

149 462 197 489 την
209 452 249 490 τῷ
264 453 355 488 μήκει,
377 451 570 486 Ἀναξαγόρας,
593 449 637 476 διὰ
662 447 859 483 ἀνωμαλότητα
880 446 937 482 (75)

148 500 195 527 τοῦ
211 499 409 535 συγκρίματος,
425 498 469 524 διὰ
483 497 522 536 ’τὸ
545 495 703 532 ψυχροειδὲς
728 495 785 530 (76)
813 495 872 530 ἅμα
890 494 938 520 καὶ

148 546 258 581 γεῶδες·
290 544 419 581 μεμίχθαι
436 544 490 580 γὰρ
517 543 556 578 τῷ
587 542 725 578 πυροειδεῖ
750 541 781 568 τὸ
806 540 936 576 ζοφῶδες·

148 593 209 619 ὅθεν
220 591 373 627 ψευδοφανῆ
397 590 522 625 λέγεσθαι
552 590 597 617 τὸν
616 589 728 624 ἀστέρα.
753 589 784 615 Ol
813 587 937 619 Στωϊκοὶ,

148 638 235 665 διὰτὸ
262 638 408 674 ἀερομιγὲς
431 637 487 672 (77)
510 637 558 672 τῆς
586 636 679 668 οὐσίας
707 635 744 670 μὴ
762 633 832 661 εἶναι
854 634 939 669 αὐτῆς

148 685 287 721 ἀκήρατον
300 684 331 711 τὸ
348 684 499 720 σύγκριμα.
506 693 515 709 ι

405 825 602 852 ΚΕΦΑΛΑΙΟΝ
619 825 682 852 ΝΡ.

290 884 358 919 Περὶ
376 883 434 910 τῶν
453 882 672 917 ἀποστημάτων
691 881 795 915 αὐτῆς.

187 952 196 966 ι
221 941 415 977 Ἐμπεδοκλῆς,
441 939 582 967 διπλάσιον
612 939 724 974 ἀπέχειν
749 938 798 973 τὴν
824 937 939 972 σελήνην
954 956 975 983 Β

149 988 203 1015 ἀπὸ
215 988 262 1015 τοῦ
278 987 353 1023 ἡλίου
375 988 445 1023 ἥπερ
459 987 513 1013 ἀπὸ
536 986 585 1021 τῆς
599 986 660 1021 γῆς.
673 986 704 1012 Ol
716 984 769 1011 ἀπὸ
781 983 834 1010 τῶν
852 982 938 1019 μαθη-

150 1033 284 1068 ματικῶν,
314 1032 626 1060 ὀκτωκαιδεκαπλάσιον.
654 1029 864 1066 Ἐρατοσθένης,
893 1029 938 1056 τὸν

148 1080 224 1114 ἥλιον
234 1080 345 1115 ἀπέχειν
356 1079 409 1106 ἀπὸ
425 1079 475 1113 τῆς
491 1078 541 1113 γῆς
568 1078 682 1104 σταδίων
695 1076 828 1112 μυριάδας
845 1083 940 1111 τετρα-

149 1127 244 1158 κοσίας
257 1127 304 1153 καὶ
317 1125 533 1162 ὀκτακισμυρίας
551 1124 618 1160 (78)·
636 1124 686 1159 τὴν
699 1123 726 1150 δὲ
741 1123 855 1159 σελήνην
882 1122 938 1158 (79)

149 1173 262 1208 ἀπέχειν
272 1173 321 1208 τῆς
336 1172 389 1208 γῆς
402 1172 535 1208 μυριάδας
545 1174 587 1206 οη¹
602 1170 743 1197 σταδίων.)

408 1228 604 1256 ΚΕΦΑΛΑΙΟΝ
614 1228 677 1255 NA’.

421 1287 489 1322 Περὶ
503 1285 657 1314 ἐνιαυτῶν.

188 1354 197 1370 ι
209 1345 344 1376 Ἐνιαυτός
359 1345 417 1371 ἐστι
433 1344 538 1380 Κρόνου
558 1343 606 1379 μὲν
620 1343 751 1370 ἐνιαυτῶν
766 1343 890 1379 περίοδος
905 1343 938 1375 λ’,

149 1391 210 1423 Διὸς
223 1391 251 1417 δὲ
261 1390 374 1422 δώδεκα,
394 1391 490 1425 Ἄρεος
504 1390 532 1416 δὲ
556 1389 638 1422 δυεῖν,
655 1389 731 1425 ἡλίου
748 1389 777 1415 δὲ
793 1389 825 1424 ιβ’
844 1389 938 1425 μῆνες·

148 1439 173 1464 at
192 1438 215 1464 δ’
231 1437 307 1463 αὐτοὶ
327 1436 427 1473 Ἑρμοῦ
457 1436 504 1463 καὶ
525 1435 694 1471 Ἀφροδίτης·
714 1435 849 1470 ἰσόδρομοι
874 1435 939 1471 γάρ·

149 1483 265 1518 σελήνης
279 1483 307 1509 δὲ
323 1482 425 1518 ἡμέραι
449 1481 481 1508 λ’·
495 1478 572 1513 οὗτος
588 1480 642 1516 γὰρ
658 1482 672 1507 ὀ
688 1481 789 1512 τέλειος
807 1480 860 1516 μὴν
887 1480 940 1506 ἀπὸ

149 1529 258 1564 φάσεως
271 1529 311 1560 είς
327 1528 444 1555 σύνοδον.
460 1527 512 1554 Τὸν
540 1527 568 1553 δὲ
588 1527 673 1562 μέγαν
700 1526 821 1553 ἐνιαυτὸν
834 1525 889 1561 (80)
916 1527 940 1553 οἱ

150 1576 201 1611 μὲν
215 1576 243 1602 ἐν
259 1577 291 1611 τῇ
303 1574 473 1610 ὀκταετηρίδι
491 1574 620 1605 τίθενται,
637 1574 661 1599 οἱ
674 1573 702 1599 δὲ
713 1574 743 1605 ἐν
754 1574 787 1608 τῇ
802 1574 941 1599 ἐννεακαι-

149 1621 331 1658 δεκαετηρίδι,
344 1621 368 1647 οἱ
379 1621 407 1647 δὲ
423 1621 451 1647 ἐν
476 1622 530 1651 τοῖς
546 1620 566 1652 ξ’
580 1620 638 1651 ἑνὸς
661 1619 776 1646 δέουσιν.
800 1618 941 1654 Ἡράκλει-
954 1634 976 1664 C

149 1677 205 1700 τος,
222 1669 254 1694 ἐκ
270 1669 372 1703 μυρίων
385 1667 592 1702 ὀκτακισχιλίων
610 1665 741 1701 ἡλιακῶν.
755 1665 893 1700 Διογένης,
908 1666 939 1690 ὲκ

149 1715 231 1742 πέντε
242 1715 289 1741 καὶ
304 1713 434 1749 ἐξήκοντα
446 1714 493 1740 καὶ
507 1712 670 1748 τριακοσίων
694 1711 834 1742 ἐνιαυτῶν,
846 1709 939 1737 τοσού-

148 1770 214 1794 των,
228 1762 296 1787 ὅσων
318 1759 372 1795 (81)
398 1759 469 1786 κατὰ
496 1759 669 1795 Ἠράκλειτον
689 1759 703 1784 ὀ
717 1757 865 1788 ἐνιαυτός.)
884 1756 939 1783 Καὶ

150 1804 215 1840 περὶ
233 1805 281 1840 μὲν
298 1803 351 1830 τῶν
365 1803 497 1839 οὐρανίων
511 1804 558 1830 καὶ
572 1803 724 1839 μεταρσίων
751 1801 869 1828 τοσαῦτα.
883 1802 938 1833 τοῖς

149 1850 345 1886 ῖιεδηλωμένοις
360 1849 428 1885 πρὸς
439 1849 569 1885 ἀλλήλους
598 1849 810 1876 διεστασίασται.
831 1848 885 1875 Θέα
910 1847 940 1874 δὲ

150 1896 198 1922 καὶ
210 1894 243 1921 τὰ
256 1895 319 1930 περ).
331 1895 393 1929 γῆς.

410 1985 607 2011 ΚΕΦΑΛΑΙΟΝ
619 1985 682 2011 NE’.

467 2041 534 2075 Περὶ
552 2041 615 2076 τῆς.

189 2108 199 2125 ι
217 2099 306 2135 Θαλῆς
323 2099 377 2135 (82)
393 2099 439 2126 καὶ
455 2101 478 2126 οἱ
493 2100 539 2126 ἀπ’
556 2099 648 2131 αὑτοῦ,
664 2099 727 2135 μίαν
737 2098 805 2126 εἶναι
819 2099 867 2135 τὴν
875 2099 938 2135 γῆν.

155 2145 273 2180 Ἱκαίτης
287 2145 342 2181 (85)
357 2147 370 2172 ὁ
383 2146 564 2182 Πυθαγόρειος
575 2146 631 2178 δύο,
645 2146 757 2181 ταύτην,
777 2146 822 2173 καὶ
835 2145 882 2182 τὴν
891 2146 938 2172 ἀν-

147 2190 267 2226 τίχθονα.
282 2191 313 2217 Ol.
325 2192 449 2224 Στωϊκοὶ,
460 2193 508 2228 τὴν
519 2193 570 2228 γῆν
583 2192 645 2228 μίαν
656 2193 703 2219 καὶ
716 2193 936 2228 πεπερασμένην.

147 2237 314 2272 Ξενοφάνης,
330 2238 362 2264 ὲκ
390 2238 437 2265 τοῦ
465 2239 619 2274 κατωτέρου
642 2239 742 2274 μέρους
766 2240 806 2270 είς
826 2239 939 2275 ἄπειρον

987 307 1097 342 quidem
1112 305 1264 340 majoribus
1285 304 1472 332 animantibus
1490 304 1646 340 plantisque
1661 304 1782 339 pulchri-

986 352 1099 385 oribus;
1115 351 1200 387 85.9
1214 351 1274 385 ejus
1297 351 1370 378 enim
1400 351 1554 379 animantes
1576 351 1682 378 vicibus
1700 351 1782 386 quin-

987 398 1074 426 decim
1103 403 1212 426 nostras
1237 397 1393 433 aquuare,
1409 405 1629 432 corporeumque
1647 397 1715 423 nihil
1733 405 1780 424 ex-

987 451 1113 476 cernere;
1127 443 1199 470 diem
1216 443 1272 470 illic
1298 447 1429 478 praeterea
1455 442 1567 470 totidem
1586 442 1709 477 partibus
1728 451 1779 469 no—

991 493 1080 517 strum
1096 489 1170 517 hunc
1181 497 1321 524 superare.
1333 489 1522 523 Anaxagoras,
1532 489 1566 516 ob
1575 489 1780 524 temperationis

988 536 1210 571 inaequalitatem,
1234 534 1380 570 frigidique
1408 534 1491 562 simul
1512 542 1545 562 ac
1570 534 1706 562 terrestris
1733 534 1781 561 ad—

988 583 1145 610 mistionem
1164 591 1171 609 :
1191 581 1365 608 tenebrosum
1382 581 1456 608 enim
1469 581 1599 616 quiddam
1616 581 1706 608 inesse
1717 589 1779 608 cum

988 628 1068 663 igneo
1086 628 1190 663 fulgore
1208 628 1384 655 commistutn
1400 636 1407 653 :
1422 635 1510 662 eoque
1524 627 1628 662 lunam,
1643 627 1705 655 falsi
1722 627 1776 654 vul-

989 678 1032 701 tus
1048 681 1080 701 ac
1096 673 1208 701 luminis
1219 678 1322 701 astrum
1341 673 1444 701 vocari.
1463 672 1559 705 Stoici,
1573 673 1646 708 quod
1668 674 1778 700 mistam

989 728 1051 748 aere
1068 725 1192 747 naturam
1210 720 1319 751 habeat,
1342 720 1571 755 temperationem
1599 720 1659 754 ejus
1686 728 1781 748 corru-

989 767 1089 802 ptionis
1102 771 1239 801 expertem
1253 774 1307 793 non
1321 774 1393 793 esse.
1416 776 1426 791 ι

1278 821 1394 850 CAPUT
1419 822 1484 850 Llll.

1140 878 1277 911 Quantum
1292 879 1323 905 ab
1339 879 1393 907 sole
1405 884 1525 914 terraque
1542 879 1634 907 distet.

1028 942 1038 958 ι
1059 932 1254 968 Empedocles,
1272 934 1314 961 bis
1325 942 1385 962 eam
1400 935 1435 962 ab
1449 935 1506 962 sole
1518 939 1635 968 tantum,
1647 939 1780 971 quantum

989 986 1004 1006 a
1030 983 1103 1006 terra
1116 979 1228 1006 distare.
1254 979 1449 1013 Mathematici,
1465 982 1644 1016 posteriorem
1659 989 1675 1009 a
1691 981 1781 1016 priore

989 1023 1146 1051 distantiam
1170 1025 1321 1052 octodecim
1339 1026 1445 1054 vicibus
1460 1027 1609 1062 adaquari.
1621 1027 1780 1055 Eratosthe-

989 1077 1048 1102 nes,
1076 1071 1227 1098 stadiorum
1252 1071 1373 1100 millibus
1401 1073 1539 1107 octoginta
1576 1080 1660 1108 supra
1685 1077 1782 1108 quater

989 1116 1080 1145 decies
1103 1117 1188 1144 solem
1211 1125 1226 1144 a
1244 1122 1317 1146 terra
1337 1119 1456 1153 distare;
1475 1119 1569 1146 lunam
1586 1127 1659 1152 vero,
1678 1119 1781 1147 stadio-

989 1169 1050 1189 rum
1067 1162 1188 1190 millibus
1205 1164 1343 1199 octoginta
1370 1171 1453 1199 supra
1468 1165 1637 1201 septingenta
1654 1165 1751 1193 millia.
1768 1174 1778 1191 ι

1282 1220 1399 1248 CAPUT
1420 1220 1488 1248 LIV.

1313 1276 1352 1304 De
1372 1278 1461 1305 annis.

1029 1340 1038 1357 ι
1057 1331 1168 1359 Saturni
1186 1340 1285 1366 annus,
1299 1341 1433 1361 annorum
1448 1339 1490 1362 est
1504 1335 1614 1371 triginta
1627 1336 1754 1370 periodus
1771 1345 1779 1364 :

989 1376 1075 1409 Iovis,
1091 1377 1234 1405 duodecim
1252 1388 1260 1406 :
1279 1379 1385 1413 Martis,
1398 1380 1515 1408 duorum
1531 1390 1538 1408 :
1556 1382 1632 1414 solis,
1645 1383 1780 1409 mensium

990 1421 1132 1449 duodecim
1143 1431 1149 1448 :
1159 1422 1287 1451 Mercurii
1295 1433 1327 1452 ac
1336 1425 1449 1454 Veneris
1458 1426 1568 1454 totidem
1591 1428 1700 1462 (cursus
1707 1428 1780 1455 enim

990 1469 1122 1503 aequalem
1136 1469 1246 1506 habent)
1269 1480 1276 1498 :
1293 1471 1374 1505 lunae,
1391 1473 1497 1500 dierum
1509 1473 1619 1508 triginta
1631 1474 1781 1509 :perfectus

990 1516 1063 1543 enim
1092 1518 1196 1546 mensis
1217 1519 1262 1545 ille
1273 1525 1325 1551 est,
1344 1520 1390 1555 qui
1405 1529 1420 1548 a
1433 1522 1522 1555 primo
1537 1521 1596 1556 ejus
1611 1526 1733 1557 aspectu,
1746 1522 1781 1549 ad

990 1562 1110 1597 ejusdem
1128 1571 1190 1591 cum
1206 1565 1264 1592 sole
1277 1573 1455 1600 congressum
1470 1567 1638 1600 perducitur.
1652 1566 1780 1603 Magnum

992 1614 1082 1636 autem
1096 1617 1210 1642 annum,
1223 1611 1267 1638 alii
1286 1620 1418 1640 annorum
1430 1619 1503 1646 octo,
1521 1614 1566 1641 alii
1580 1615 1778 1645 novemdecim,

991 1655 1038 1682 alii
1070 1664 1168 1684 novem
1192 1662 1219 1685 et
1241 1658 1439 1694 quinquaginta
1464 1660 1581 1687 circuitu
1602 1661 1781 1695 comprehcn-

989 1703 1066 1730 dunt.
1083 1702 1237 1732 Heraclitus
1252 1713 1386 1733 annorum
1403 1707 1427 1733 ei
1443 1707 1574 1734 solarium
1587 1707 1671 1734 millia
1687 1707 1782 1735 tribuit

989 1750 1153 1777 octodecim.
1178 1749 1321 1786 Diogenes,
1340 1760 1426 1780 annos
1446 1753 1568 1788 quinque
1591 1758 1618 1780 et
1639 1754 1780 1787 sexaginta

989 1803 1070 1829 supra
1081 1799 1228 1830 trecentos,
1237 1802 1263 1825 et
1270 1797 1330 1834 ejus
1338 1798 1446 1834 quidem
1454 1799 1580 1832 rationis,
1588 1800 1667 1835 cujus
1676 1800 1732 1835 ipse
1740 1806 1782 1829 cst

989 1840 1117 1870 Heracliti
1130 1850 1229 1871 annus.
1255 1853 1264 1870 ι
1279 1844 1367 1880 Atque
1379 1845 1536 1880 hujusmodi
1550 1850 1592 1873 est
1605 1846 1782 1881 philosophu—

988 1895 1049 1915 rum
1062 1893 1217 1917 nostrorum
1238 1891 1272 1918 de
1285 1899 1376 1918 rerum
1394 1892 1548 1920 cmlestium
1563 1900 1596 1919 ac
1607 1893 1779 1927 superiorum

989 1939 1086 1961 natura
1109 1939 1136 1962 et
1151 1936 1257 1964 ratione
1288 1937 1434 1966 dissensio.
1450 1937 1599 1966 Veniemns
1615 1938 1649 1966 ad
1665 1943 1778 1966 terram.

1291 1991 1406 2020 CAPUT
1423 1992 1477 2020 LV.

1312 2049 1349 2076 De
1370 2055 1450 2077 terra.
1462 2055 1465 2059 '

1027 2114 1036 2130 ι
1050 2104 1279 2140 Τιιειιεε,θ]ιιςίιιιο
1295 2111 1452 2141 sectatores,
1467 2106 1576 2135 unicam
1592 2116 1652 2136 esse
1666 2114 1778 2139 terram.

988 2147 1102 2178 OEcetcs
1122 2150 1310 2187 Pythagoreus
1336 2153 1414 2184 duas,
1441 2155 1511 2181 hanc
1538 2160 1671 2188 nostram,
1700 2156 1780 2190 eique

989 2198 1153 2232 oppositam.
1177 2198 1272 2232 Stoici,
1290 2204 1318 2227 et
1347 2208 1439 2232 unam,
1454 2206 1481 2228 et
1502 2203 1584 2229 certis
1609 2202 1709 2230 finibus
1725 2208 1780 2232 ter-

990 2244 1132 2271 minatam.
1154 2244 1347 2280 Xenophanes.
1363 2246 1494 2275 inferiore
1510 2249 1551 2275 sui
1568 2254 1656 2283 parte,
1673 2250 1780 2278 inlinita

147 2283 324 2319 ἐρριζῶσθαι,
336 2283 366 2316 ἐξ
382 2284 461 2320 ἀέρος
476 2284 505 2311 δὲ
521 2285 567 2311 καὶ
580 2285 665 2320 πυρὸς
682 2285 869 2320 συμπαγῆναι.
879 2287 939 2320 Μη-

990 2289 1107 2323 quadam
1136 2290 1163 2316 in
1187 2291 1329 2319 altitudine
1344 2292 1484 2320 fundatam
1498 2302 1530 2322 ac
1542 2294 1688 2322 stabilitam
1705 2303 1776 2330 esse,

146 2329 284 2366 τρόδωρος
297 2331 344 2364 τὴν
364 2331 411 2365 μὲν
434 2331 485 2365 γῆν
502 2331 651 2357 ὑπόστασιν
679 2329 748 2358 εἶναι
772 2333 819 2359 καὶ
850 2331 937 2368 τρύγα

146 2374 196 2400 τοῦ
211 2374 315 2406 ὓδατος,
328 2375 373 2401 τὸν
389 2375 417 2401 δὲ
430 2375 504 2410 ἥλιον
520 2376 626 2411 ἀέρος.»

190 2474 340 2513 (7⁷5)-Ζῶατ
370 2474 461 2513 Addit_
475 2474 654 2507 Plutarchus,
673 2478 705 2512 τῇ
730 2477 852 2513 δυνάμει.
884 2477 937 2506 Sed

145 2509 611 2548 auctariummistudalienumest
627 2521 638 2548 :_
649 2509 752 2538 tantum
769 2509 841 2539 enim
868 2521 937 2548 prte-

146 2545 248 2581 cessit,
265 2545 375 2581 patiam
386 2544 481 2578 ζώοις,
501 2551 531 2573 ιιι
545 2546 578 2573 de
599 2546 656 2573 sola
672 2548 859 2581 magnitudine
869 2544 937 2576 'con-

148 2580 298 2607 tentiont-m
315 2580 445 2607 instituat.

186 2614 242 2649 (74)
264 2614 324 2653 Τὴν·
338 2614 461 2653 ἡμέραν.
486 2615 610 2653 Amigtus
627 2616 689 2651 legit
709 2617 758 2653 τὴν
774 2617 876 2651 νύκτα,
892 2626 936 2646 er-

146 2657 211 2686 rore
226 2650 381 2686 manifesto.
398 2650 425 2677 Id
438 2655 528 2677 autem
552 2650 713 2686 Pythagorei
729 2650 873 2685 uolebant,
884 2658 935 2681 tot-

146 2685 222 2723 idem
244 2685 316 2712 hunc
339 2690 463 2723 nostrum
477 2686 547 2723 diem
611 2687 699 2713 lunari
720 2689 842 2721 partibus
857 2696 936 2723 Supe-

146 2720 454 2758 rari_,_quot_animatttes
468 2728 481 2748 a
495 2721 636 2758 lunaribus
648 2720 748 2758 nostra:
761 2720 933 2758 superentur.

167 2760 173 2767 '
184 2754 242 2793 (75)
252 2755 303 2793 ᾼιὰ
309 2756 533 2793 ἁνωμᾳλᾴτητα.
543 2756 679 2784 Plutarch.
692 2758 760 2785 tollit
769 2754 934 2793 prepositio-

146 2797 210 2817 nem
221 2790 275 2826 διά,
286 2790 423 2825 quomodo
435 2791 557 2825 legerunt
571 2792 740 2826 interpretes.
760 2790 877 2821 Eusebio
894 2799 934 2821 ta~

147 2833 212 2852 men
230 2825 519 2865 hgelrendunryidetnr;
538 2835 587 2854 nec
600 2825 672 2865 enim
689 2828 733 2855 hic
744 2829 777 2855 de
789 2837 871 2856 causa
886 2829 934 2865 τῆς

146 2860 356 2896 ἀνωμαλότητος
373 2861 538 2896 disputatur,
563 2863 609 2889 sed
627 2870 709 2890 causa
724 2867 830 2891 tantum
845 2860 934 2892 reddi;

147 2896 384 2931 turrquamobrcm
401 2897 464 2924 luna
481 2898 615 2925 terrestris
632 2903 770 2931 appareat.

187 2930 243 2965 (76)
266 2931 455 2965 Ψυχροειδές.
477 2930 656 2966 Plutarchus,
664 2930 823 2969 ᾦυχομιγές.

988 2343 1021 2361 ex
1041 2343 1103 2362 aere
1123 2341 1213 2363 autem
1229 2341 1256 2364 ct
1268 2337 1322 2372 igni
1335 2343 1419 2366 totam
1434 2347 1495 2367 esse
1524 2340 1679 2369 conflatam.
1696 2341 1780 2377 850

988 2379 1179 2413 Metrodorus,
1221 2386 1319 2410 terram
1347 2384 1534 2414 subsidentem
1571 2393 1650 2420 aquae
1685 2387 1777 2414 {meum

987 2433 1058 2459 esse,
1076 2431 1106 2453 ut
1124 2427 1208 2454 solem
1227 2428 1307 2456 acris.
1327 2439 1336 2454 ι

1024 2483 1091 2526 (77)·
1115 2484 1285 2526 Ἀερομιλτές.
1315 2486 1505 2526 Plutarchus,_
1525 2489 1694 2524 ἑτεροειδὲς,
1724 2499 1779 2526 quo

987 2518 1071 2555 modo
1085 2519 1177 2552 legunt
1190 2518 1364 2555 interpretes;
1383 2530 1432 2550 nec
1452 2518 1533 2550 male.

1023 2553 1083 2595 (78),
1093 2553 1288 2595 Τετρακοσζὰς
1305 2556 1354 2583 καὶ
1367 2557 1608 2593 ὀκτακισμιφίας.
1625 2559 1777 2595 Plutarch.,

987 2588 1172 2629 ἐϐδομῄκρντα
1179 2590 1265 2629 ὀκτώ,
1275 2599 1340 2629 quae
1355 2600 1462 2629 summa
1480 2588 1560 2629 longe
1576 2588 1676 2622 minor.

1022 2623 1086 2660 (79)
1102 2624 1160 2658 Τὴν
1174 2625 1207 2651 δὲ
1224 2623 1371 2660 σελήνην.
1395 2627 1472 2655 Hanc
1491 2623 1609 2656 dcvlnna
1626 2630 1776 2658 clausulam

987 2666 1036 2685 nec
1052 2658 1224 2700 Plutarchus,
1239 2669 1288 2688 nec
1302 2658 1364 2697 legit
1376 2663 1517 2697 Amiotus;
1531 2664 1669 2700 Xylander
1687 2671 1776 2694 tamen

987 2700 1172 2728 I'eprmsenlat.
1190 2695 1223 2721 Et
1237 2702 1311 2723 certe
1326 2695 1479 2726 necessaria
1495 2695 1544 2726 est.

1023 2729 1368 2771 (βο)λν1ἐγτινμὲιςιαυτόν,
1389 2733 1444 2771 Adi
1466 2734 1646 2771 Censorinum
1669 2735 1695 2763 in
1713 2744 1778 2771 opu-

986 2765 1062 2802 senio
1083 2764 1118 2791 De
1135 2765 1217 2802 natali
1234 2766 1292 2799 die,
1308 2775 1369 2802 cap.
1384 2768 1429 2801 18,
1444 2774 1471 2796 et
1489 2769 1628 2798 l’etavium
1651 2764 1777 2799 nostrqu

985 2799 1062 2838 libut
1070 2804 1136 2838 _et_n
1154 2801 1190 2827 De
1201 2801 1327 2838 doctrina
1342 2799 1502 2838 'temporum.

1023 2834 1079 2870 (81)
1100 2835 1181 2862 Forte
1199 2836 1271 2868 ὅσος.

1097 2870 1384 2912 ρᾳλῆς..ΡΙυιοι·ιιΙιιιε
1400 2874 1477 2909 ibid.,
1496 2875 1541 2904 lib.
1560 2884 1600 2910 nt,
1619 2885 1679 2912 cap.
1697 2876 1724 2905 9.

1020 2905 1076 2940 (85)
1097 2904 1272 2942 Plutarchus,
1293 2909 1420 2945 Οἰκέτην.
