2045 3211
175 205 240 234 ην

740 193 896 222 ΡΒΑΞΡΑΒ.
917 190 1042 220 EVANG.
1063 189 1128 216 LIB.
1148 187 1206 215 XV.

1727 181 1797 208 “02

175 259 361 296 καθεψηθῆναι
375 255 583 293 παραλυκίσασα
606 252 673 288 (90),
693 251 761 285 ὑπερ
786 249 832 276 ἐπὶ
860 248 959 279 παντὸς

1023 246 1146 281 tntiphon
1167 244 1310 280 ipsiusmet
1328 247 1410 271 aestus
1430 242 1556 270 sudorem
1588 248 1648 268 esse
1672 240 1795 269 mavult;

180 294 290 344 ἱδρῶτος
306 304 461 340 συμϐαίνει.
473 299 664 336 Μητρόδωρος,
677 296 722 323 διὰ
745 296 776 322 τὸ
790 294 962 330 διηθηθείσαν

177 341 222 379 διὰ
240 352 289 386 τῆς
313 351 364 385 γῆς
387 347 575 385 μετειληφέναι
598 344 645 371 τοῦ
669 343 732 378 περὶ
746 342 830 377 αὐτὴν
849 341 961 376 πάχους,

178 399 303 433 καθάπερ
313 397 347 423 τὰ
360 396 403 422 διὰ
413 395 463 429 τῆς
479 393 581 428 τέφρας
597 390 752 425 ὑλιζόμενα.
769 389 800 415 Gl.
823 388 876 414 ἀπὸ
894 386 964 413 Πλά-

179 452 273 476 τωνος,
285 432 333 470 τοῦ
348 440 532 477 στοιχειώδους
543 438 637 469 ὓδατος
651 437 681 463 τὸ
695 436 743 471 μὲν
757 435 787 467 ἐξ
798 435 877 470 ἀέρος
893 432 964 459 κατὰ

180 489 323 526 περίψυξιν
348 486 539 521 συνιστάμενον
553 484 639 519 γλυκὺ
671 481 802 517 γίνεσθαι·
822 481 852 507 τὸ
867 479 894 506 δὲ
911 479 964 505 ἀπὸ

179 537 231 572 γῆς
243 535 313 563 κατὰ
329 533 487 570 περίκαυσιν
502 532 548 558 καὶ
561 530 716 566 ἐκπύρωσιν
733 526 965 562 ἀναθυμιώμενον,

180 582 327 618 ἁλμυρόν.»
344 580 435 607 Ταῦτα
448 579 494 615 μὲν
507 576 553 604 οὖν
571 577 617 604 καὶ
630 576 694 611 περὶ
708 574 855 608 θαλάσσης.
871 573 965 602 Ὅπως

179 629 208 656 δὲ
218 616 324 664 ὀἱ-περὶ
337 626 383 653 τοῦ
398 625 496 656 παντὸς
510 624 622 659 κόσμου,
646 620 778 657 οὐρανίων
790 628 820 646 τε
840 618 902 653 πέρι
918 616 965 643 καὶ

180 675 317 711 αἰθερίων,
334 674 380 700 καὶ
393 673 441 708 τῆς
455 672 508 698 τῶν
522 671 588 697 ὅλων
604 668 779 704 καταλήψεως
795 665 964 701 φυσιολογεῖν

180 721 417 757 ἐπαγγειλάμενοι,
432 719 491 746 οὐδὲ
506 719 540 745 τὰ
559 718 618 745 καθ’
643 716 755 747 ἑαυτοὺς
787 714 894 750 ᾔδεσαν,
916 712 964 748 μά-

181 770 237 801 θοις
249 769 282 795 ἂν
298 767 326 802 ἐξ
341 765 377 795 ὧν
390 767 437 794 καὶ
450 766 514 801 περὶ
532 765 634 792 τούτων
648 761 698 790 ὧδέ
722 770 780 793 πως
793 759 965 794 διαπεφωνή-

181 824 273 844 κασιν.

1016 293 1156 320 humidum
1173 292 1256 322 enim,
1277 290 1349 324 quod
1365 291 1440 324 prius
1454 288 1622 319 includebat,
1647 288 1680 313 ab
1705 295 1736 313 eo
1755 294 1798 312 sc-

1015 344 1120 367 cretum
1144 346 1214 371 esse,
1239 338 1365 371 quodque
1388 336 1415 362 in
1440 334 1514 361 omni
1531 334 1629 360 sudore
1654 332 1796 366 contingit,

1015 384 1171 414 ebulliendo
1184 388 1344 411 concoctum
1361 381 1458 408 salsius
1470 380 1598 407 evasisse
1617 378 1797 409 Metrodorus,

1016 432 1089 467 quod
1103 439 1149 465 per
1165 436 1264 457 terram
1279 429 1397 456 colatum
1413 434 1487 453 mare
1502 425 1591 455 fuerit.
1606 425 1663 458 ejus
1676 432 1707 451 ex
1723 432 1797 450 cras-

1018 478 1078 505 sitie
1093 477 1194 511 aliquid
1207 475 1258 510 ipsi
1276 475 1432 505 adhaesisse,
1449 477 1478 500 ut
1491 473 1517 499 in
1531 473 1564 499 iis
1578 479 1627 498 usu
1644 471 1724 498 \‘cnit.
1739 479 1798 504 quae

1018 532 1065 559 per
1092 522 1196 550 medios
1213 523 1318 548 cineres
1343 519 1473 555 purgandi
1494 526 1577 546 causa
1604 516 1798 543 transfumlun-

1019 575 1073 598 tur.
1088 567 1231 598 Platonici,
1246 573 1306 593 eam
1324 564 1496 592 elementaris
1520 569 1597 597 aqum
1611 568 1723 596 partem,
1740 567 1800 594 quae

1017 624 1065 651 per
1087 613 1318 649 refrigerationem
1336 619 1369 638 ex
1397 618 1458 637 aere
1484 612 1652 640 concrescat,
1674 607 1798 638 dulcem;

1017 664 1128 690 alteram
1142 668 1217 692 vero,
1232 666 1313 694 quam
1331 663 1402 685 terra
1424 660 1491 684 :leﬂ
1506 660 1533 682 et
1553 655 1648 682 ardore
1669 660 1800 680 succensa

1015 709 1132 739 exhalet,
1160 707 1259 735 salsam
1287 712 1355 732 esse,
1374 703 1536 729 illactenus
1557 701 1637 728 etiam
1663 700 1696 726 de
1720 698 1799 725 mari.

1018 758 1053 783 At
1071 762 1143 787 vero,
1158 753 1204 788 qui
1219 759 1278 779 sese
1289 750 1363 778 orbis
1380 748 1510 779 universi,
1523 754 1668 781 rerumque
1678 745 1800 772 omnium

1017 801 1189 830 aetheriarum
1204 799 1298 829 etiam,
1315 800 1396 830 atque
1410 794 1561 822 cmlestium
1577 798 1700 819 naturam
1720 797 1801 825 atque

182 863 313 895 rationes,
339 858 501 895 explicando
536 856 781 891 comprehensuros
804 859 866 880 esse
889 850 1039 886 jactahant,
1066 847 1084 874 ii
1109 853 1191 881 quam
1220 851 1254 871 ne
1276 842 1401 870 intestina
1432 840 1540 875 quidem
1565 847 1597 866 ac
1617 839 1724 873 propria
1752 846 1801 865 no-

180 909 270 937 verint
282 928 289 941 ,
312 915 346 935 ex
363 908 484 942 ipsorum
515 905 566 931 hOc
587 904 667 930 etiam
692 902 720 929 in
736 907 834 936 genere
853 898 968 926 dissidio
984 897 1062 931 plane
1076 899 1234 928 cognosces.

449 950 646 980 ΚΕΦΑΛΑΙΟΝ
662 949 698 976 Ξ’.

386 1001 454 1034 Περὶ
465 999 563 1034 μερῶν
577 997 631 1031 τῆς
644 995 749 1030 ψυχῆς

222 1059 232 1076 ι
248 1048 410 1084 Πυθαγόρας
435 1046 501 1082 (91),
528 1043 649 1074 Πλάτων,
674 1041 744 1068 κατὰ
770 1040 818 1076 μὲν
836 1040 882 1067 τὸν
899 1040 970 1066 ἀνω-

182 1096 353 1129 τάτωλόγον,
380 1092 478 1128 διμερῆ
505 1091 554 1126 τὴν
582 1089 682 1124 ψυχήν·
709 1087 739 1114 τὸ
765 1087 814 1122 μὲν
826 1087 880 1122 γὰρ
900 1086 971 1121 ἔχειν

183 1143 302 1177 λογικὸν,
318 1140 348 1167 τὸ
375 1140 403 1166 δὲ
427 1138 531 1171 ἄλογον.
558 1134 636 1162 Κατὰ
667 1134 696 1161 δὲ.
720 1133 750 1159 τὸ
770 1132 901 1168 προσεχὲς
925 1131 972 1158 καὶ

183 1188 295 1224 ἀκριϐὲς
308 1185 435 1221 τριμερῆ·
448 1184 478 1210 τὸ
492 1183 545 1218 γὰρ
567 1181 662 1215 ἄλογον
681 1178 828 1214 διαιροῦσιν
844 1178 883 1209 εἵς
898 1186 928 1203 τε
942 1177 972 1202 τὸ

184 1222 299 1270 θυμικὸν
312 1232 358 1260 καὶ
368 1232 399 1258 τὸ
414 1228 619 1265 ἐπιθυμητικόν.
637 1227 668 1253 Οἱ
699 1225 821 1256 Στωϊκοὶ,
849 1224 879 1257 ἐξ
900 1222 971 1249 ὀκτὼ

187 1280 277 1315 μερῶν
298 1277 467 1308 συνεστάναι,
487 1275 567 1301 πέντε
578 1273 631 1300 τῶν
645 1270 819 1306 αἰσθητικῶν,
833 1269 970 1306 ὁρατικοῦ,

184 1324 377 1360 ὀσφραντικοῦ,
392 1319 566 1352 ἀκουστικοῦ,
580 1317 736 1355 γευστικοῦ,
753 1315 879 1343 ἁπτικοῦ
891 1315 970 1340 ’ἐκτου

183 1371 213 1398 δὲ
231 1359 399 1406 φωνητικοῦ,
422 1367 536 1402 ἑϐδόμου
563 1366 591 1392 δὲ
611 1362 810 1399 σπερματικοῦ,
832 1360 923 1395 ὀγδόου
944 1359 972 1387 δὲ

186 1416 268 1444 αὑτοῦ
286 1415 331 1443 τοῦ
345 1412 519 1451 ἡγεμονικοῦ,
532 1412 577 1447 ἀφ’
593 1408 623 1438 οὗ
637 1409 724 1439 ταῦτα
746 1407 835 1434 πάντα
844 1406 971 1434 τέτακται

185 1464 230 1490 διὰ
247 1463 300 1489 τῶν
316 1461 422 1488 οἰκείων
448 1460 579 1496 ὁργάνων,
598 1454 760 1492 προσφερῶς
783 1455 842 1484 ταῖς
864 1451 912 1479 τοῦ
925 1460 973 1478 πο-

186 1509 299 1540 λύποδος
326 1506 499 1537 πλεκτάναις.
532 1504 710 1540 Δημόκριτος,
733 1499 910 1534 Ἐπίκουρος,
935 1498 973 1524 δι-

189 1555 260 1592 μερῆ
275 1555 323 1589 τὴν
335 1553 433 1588 ψυχὴν,
447 1552 476 1578 τὸ
488 1551 536 1586 μὲν
564 1548 670 1584 λογικὸν
691 1547 804 1582 ἔχουσαν
820 1546 848 1572 ὲν
861 1544 900 1579 τῷ
919 1543 972 1570 θώ-

189 1589 467 1637 ρακιγκαθιδρυμένον,
480 1597 511 1624 τὸ
525 1596 553 1623 δὲ
570 1596 665 1629 ἄλογον
683 1593 743 1620 καθ’
763 1593 826 1627 ὅλην
843 1592 891 1626 τὴν
909 1589 972 1623 σύγ-

187 1656 278 1684 κρισιν
291 1646 336 1673 τοῦ
350 1645 478 1680 σώματος
489 1642 696 1678 διεσπαρμένον.
711 1640 739 1666 '0
752 1639 780 1665 δὲ
792 1638 969 1673 Δημόκριτος,

189 1681 278 1721 πάντα
303 1692 424 1728 μετέχειν
448 1691 526 1725 φύσει
547 1690 636 1725 ψυχῆς
661 1688 752 1718 ποιᾶς,
767 1686 813 1712 καὶ
827 1685 861 1710 τὰ
887 1681 972 1716 νεκρὰ

189 1739 243 1766 τῶν
263 1738 405 1773 σωμάτων·
420 1737 487 1763 διότι
504 1735 613 1770 ἀφανῶς
635 1734 690 1769 (92)
705 1741 777 1763 τινος
793 1730 908 1766 θερμοῦ,
928 1728 974 1755 καὶ

189 1783 349 1820 αἰσθητικοῦ
364 1783 481 1818 μετέχει,
498 1782 543 1808 τοῦ
556 1781 675 1812 πλείονος
693 1777 913 1812 διαπνεομένου.»

189 1837 232 1858 rta
259 1835 354 1865 suapte
371 1834 467 1857 natura
490 1834 592 1856 certam
617 1828 735 1854 animam
764 1825 863 1851 habere
888 1824 975 1856 putat,
1011 1817 1093 1844 etiam
1121 1821 1152 1841 ca

992 1865 1110 1893 maxima
1126 1862 1187 1889 licet
1203 1863 1277 1895 parte
1288 1857 1343 1892 jam
1359 1855 1472 1888 dilapsa.
1492 1863 1500 1878 ι

191 1885 299 1912 semper
316 1884 348 1904 ac
374 1883 471 1904 sensus
492 1876 591 1909 aliquid
617 1875 750 1901 retineant
775 1873 832 1907 ipsa
854 1876 972 1905 quoque,

449 1919 644 1948 ΚΕΦΑΛΑΙΟΝ
661 1919 720 1944 EA’.

412 1966 481 2000 Περὶ
495 1965 547 1991 τοῦ
562 1963 738 1999 ἡγεμονικοῦ

194 2036 198 2038 -
230 2025 239 2040 ι
257 2014 377 2045 Πλάτων,
390 2012 556 2049 Δημόκριτος
567 2030 574 2041 ,
595 2011 623 2036 ἐν
636 2009 684 2044 ὅλῃ
707 2010 740 2043 τῇ
760 2006 874 2041 κεφαλῇ.
890 2002 976 2039 Στρά-

192 2072 256 2093 των,
272 2062 300 2087 ὲν
314 2059 468 2095 μεσοφρύῳ.
486 2057 706 2093 Ἐρασίστρατος,
719 2053 783 2089 περὶ
796 2052 844 2088 τὴν
858 2052 977 2087 μήνιγγα
1008 2066 1011 2070 -

192 2109 241 2135 τοῦ
259 2106 419 2141 ἐγκεφάλου,
435 2106 467 2139 ἣν
483 2102 643 2138 ἐπικρανίδα
666 2100 750 2133 λέγει.
773 2097 925 2131 Ἦκόφιλος,
949 2095 977 2120 ὲν

194 2156 228 2190 τῇ
246 2153 291 2179 τοῦ
304 2151 453 2186 ἐγκεφάλου
470 2149 568 2184 κοιλίᾳ,
584 2148 643 2182 ἥτις
661 2146 718 2171 ἐστὶ
737 2144 783 2170 καὶ
797 2143 883 2178 βάσις.
903 2141 977 2174 Παρ-

196 2184 365 2237 μένίδηςίὲν
377 2184 432 2231 ῦλῳ
447 2195 486 2231 τῷ
497 2194 610 2229 θώρακι.
632 2191 800 2224 Ἐπίκουρος,
825 2188 849 2213 ol
865 2184 978 2213 Στωϊκοὶ

195 2231 306 2276 πάντες,
318 2246 346 2271 ὲν
362 2243 410 2279 ὅλῃ
419 2243 451 2277 τῇ
463 2240 567 2276 καρδίᾳ.
588 2237 723 2271 Διογένης,
739 2237 768 2262 ὲν
779 2235 811 2269 τῇ
824 2231 977 2268 ἀρτηριακῇ

195 2291 284 2326 κοιλίᾳ
299 2290 347 2324 τῆς
361 2289 485 2324 καρδίας,
508 2287 567 2321 ἦτις
591 2284 647 2311 ἐστὶ
673 2282 854 2316 πνευματική.
876 2279 976 2312 Ἑμπε-

195 2322 294 2371 δοκλῆς
303 2322 341 2367 δέ,
356 2322 425 2369 ὲντῇ
445 2333 490 2360 τοῦ
506 2332 618 2366 αἵματος
644 2328 780 2355 συστάσει.
794 2327 825 2352 υἱ
849 2324 882 2356 δ’,
901 2325 929 2349 ὲν
940 2322 978 2357 τῷ

196 2369 393 2419 διαφράγματι.
408 2380 468 2406 Τῶν
487 2377 625 2412 νεωτέρων
650 2375 720 2405 τινὲς
742 2373 843 2407 διήκειν
862 2369 916 2396 ἀπὸ
933 2376 979 2394 κε-

198 2413 285 2465 (patri;
304 2413 383 2463 μέχρι
395 2425 440 2453 τοῦ
465 2422 678 2458 διαφράγματος.
702 2417 870 2451 Πυθαγόρας.
886 2414 917 2440 τὸ
931 2413 979 2448 μὲν

198 2458 311 2508 timuit-oe
405 2472 453 2506 τὴν
467 2469 589 2505 καρδίαν,
606 2467 636 2492 τὸ
649 2466 677 2492 δὲ
701 2463 807 2497 λογικὸν
828 2461 874 2488 καὶ
890 2458 980 2493 νοερὸν

199 2503 265 2557 περὶ
284 2520 334 2554 τὴν
354 2503 510 2551 κεφαλὴνηγ
528 2513 650 2539 Τοσαῦτα
674 2511 721 2545 μὲν
742 2508 775 2543 δὴ
797 2508 843 2533 καὶ
862 2505 896 2532 τὰ
918 2503 981 2539 περὶ

199 2568 293 2595 τῶνδε.
305 2565 367 2601 Ἆρ’
387 2563 433 2590 οὖν
453 2563 502 2588 οὐκ
528 2561 557 2587 ὲν
576 2560 637 2593 δίκῃ
674 2565 715 2584 σοι
730 2554 863 2589 δοκοῦμεν
891 2550 980 2586 κρίσει

200 2615 248 2641 καὶ
273 2596 394 2647 λογισμῷ
416 2610 464 2644 τῆς
485 2606 585 2633 τούτων
606 2604 732 2631 ἁπάντων
755 2598 907 2635 ἀνωφελοῦς
936 2596 982 2623 καὶ

201 2658 385 2688 πολυπλανοῦς
410 2652 601 2691 ματαιοπονίας
613 2647 847 2684 ἀνακεχωρηκέναι
858 2645 920 2678 ;κα“ι
930 2643 983 2669 τῶν

204 2707 252 2742 μὲν
277 2689 427 2740 εἰρημένω-ν
455 2701 536 2736 μηδὲν
554 2696 803 2732 πολυπραγμονεῖν·
831 2691 915 2727 (μηδὲ¹
930 2689 983 2724 γὰρ

202 2752 269 2787 ὀρᾷν
280 2750 309 2782 ἐξ
322 2748 410 2776 αὐτῶν
432 2747 461 2773 τὸ
488 2743 634 2774 λυσιτελὲς,
650 2741 697 2767 καὶ
713 2739 824 2767 αὐτόθεν
850 2737 984 2763 συντεῖνον

204 2781 272 2831 “dph;
282 2781 424 2828 ὦφέλειαν,
438 2791 484 2818 κα)⁵
497 2788 598 2824 ἀγαθοῦ
612 2787 706 2822 κτῆσιν
716 2783 889 2820 ἀνθρώποις)
903 2781 985 2816 μόνης

234 2873 290 2908 (90)
317 2873 396 2900 Forte
416 2868 611 2908 παραλυκίσαν,

229 2897 288 2944 ιὸῆ
312 2897 492 2941 ῐιῐιθᾱγάρὰς.
513 2903 577 2931 Ibid.
593 2902 639 2929 lib.
653 2909 690 2933 tv,
703 2906 763 2935 cap.
777 2897 803 2924 ι,

1316 934 1430 964 CAPUT
1449 933 1502 961 LX.

1276 984 1312 1010 De
1321 982 1438 1017 partibus
1453 979 1546 1007 animi.

1059 1043 1068 1059 (
1086 1033 1252 1069 Pythagoras
1268 1034 1294 1057 et
1313 1029 1400 1059 Plato,
1425 1026 1447 1053 si
1464 1034 1479 1052 a
1504 1031 1610 1052 summo
1631 1023 1719 1058 capite
1734 1021 1802 1049 divi-

1022 1080 1125 1108 sionem
1150 1084 1289 1105 arcessere
1312 1075 1402 1104 libeat,
1421 1078 1510 1107 partes
1533 1071 1615 1098 animi
1640 1077 1699 1096 esse
1721 1068 1801 1099 duas,

1023 1127 1127 1154 ratione
1143 1124 1281 1160 praeditam
1300 1121 1423 1150 alteram.
1442 1119 1553 1146 alteram
1576 1116 1666 1142 omnis
1690 1114 1803 1141 rationis

1022 1176 1182 1207 expertem;
1209 1170 1250 1196 sin
1274 1167 1385 1202 propius
1409 1163 1631 1196 enucleatiusque
1656 1164 1802 1194 spectetur,

1023 1219 1109 1247 tribus
1119 1224 1180 1244 eum
1195 1214 1317 1250 partibus
1330 1210 1462 1240 contineri
1477 1218 1483 1236 :
1499 1209 1610 1235 alterum
1628 1207 1699 1232 enim
1718 1204 1802 1236 illam,

1022 1274 1083 1301 qua:
1100 1263 1202 1290 ratione
1218 1264 1318 1291 careat,
1335 1258 1362 1285 in
1383 1254 1528 1285 irascendi,
1544 1259 1571 1280 et
1595 1250 1803 1285 cuncupiscendi

1022 1298 1076 1338 rim
1095 1309 1256 1344 partiuntur.
1274 1303 1357 1331 Stoici
1383 1309 1414 1329 ex
1433 1300 1555 1335 partibus
1572 1298 1645 1324 illum
1659 1301 1720 1323 octo
1737 1302 1803 1321 cou-

1023 1342 1148 1385 stituunt,
1161 1358 1275 1387 quarum
1296 1349 1416 1384 quinque
1438 1353 1566 1373 sensuum
1593 1342 1736 1370 facultates
1754 1348 1804 1366 nu-

1023 1386 1179 1429 merantur,
1197 1395 1315 1426 videndi,
1340 1390 1481 1420 odorandi.
1502 1388 1639 1420 audiendi,
1665 1386 1803 1422 gustandi,

1023 1452 1105 1481 atque
1119 1443 1245 1479 tangendi
1261 1451 1268 1475 ;
1294 1446 1349 1467 tum
1365 1436 1492 1473 loquendi
1518 1440 1604 1466 sexta,
1622 1433 1734 1468 septima
1760 1439 1804 1459 se-

1024 1477 1153 1524 mihandi,
1169 1477 1274 1516 Voctara
1299 1490 1488 1521 postremaque
1508 1481 1589 1517 852
1610 1479 1734 1514 princeps
1761 1477 1805 1504 illa

1024 1537 1242 1570 moderatrixque
1265 1538 1432 1562 camerarum,
1453 1537 1513 1564 quae
1539 1527 1596 1554 suis
1621 1524 1741 1559 singulas
1762 1523 1804 1549 in-

1025 1584 1183 1614 strumentis
1196 1582 1272 1617 regit,
1285 1578 1512 1614 quemadmodum
1527 1574 1584 1601 suis
1596 1572 1709 1613 polypus
1724 1568 1806 1596 cirris

987 1622 1007 1649 θ
1025 1640 1056 1659 ac
1069 1630 1187 1658 brachiis
1207 1628 1245 1654 uti
1262 1626 1339 1653 solet.
1357 1621 1524 1649 Democritus
1544 1622 1571 1645 et
1584 1617 1727 1651 Epicurus,
1742 1621 1806 1648 par‘

1025 1684 1066 1706 tes
1081 1677 1104 1704 ei
1120 1676 1188 1702 duas
1202 1673 1363 1700 attribuunt,
1376 1668 1481 1695 ratione
1493 1664 1642 1700 praeditam,
1656 1661 1681 1687 in
1698 1665 1807 1695 pectore

1025 1725 1196 1752 collocatam,
1213 1723 1240 1747 et
1251 1717 1364 1744 rationis
1379 1718 1527 1749 expertem,
1548 1714 1603 1738 tota
1618 1708 1719 1743 passim
1745 1713 1806 1733 coi-

1026 1768 1100 1805 poris
1116 1766 1185 1793 mole
1200 1764 1337 1792 diﬂ‘usam.
1351 1760 1435 1787 Porro
1452 1755 1621 1784 Democritus
1637 1754 1718 1785 idem,
1740 1758 1808 1778 cun-

1155 1812 1252 1839 davera
1267 1820 1272 1836 :
1288 1812 1427 1843 propterea
1448 1804 1519 1840 quod
1544 1801 1687 1830 manifeste
1708 1798 1807 1826 calons

1317 1899 1429 1928 CAPUT
1447 1898 1512 1924 LXI.

1211 1948 1250 1975 De
1262 1947 1376 1982 principe
1389 1944 1471 1971 animi
1491 1942 1629 1977 facultate.

1068 2007 1077 2022 ι
1094 1996 1169 2023 Plato
1183 1999 1210 2022 et
1231 1992 1412 2022 Democritus,
1434 1994 1489 2016 toto
1505 1996 1564 2016 eam
1579 1988 1605 2014 in
1622 1986 1709 2022 capite
1724 1986 1809 2014 collo-

1029 2048 1101 2071 cant.
1116 2042 1217 2072 Strato,
1232 2039 1437 2074 superciliorum
1453 2037 1479 2062 in
1494 2035 1589 2062 medio.
1616 2033 1809 2064 Erasistratus,

1029 2088 1101 2115 circa
1121 2085 1223 2113 cerebri
1241 2083 1438 2113 membranam,
1454 2088 1534 2115 quam
1551 2079 1734 2114 epicrauidem
1752 2078 1811 2112 ipse

1030 2133 1161 2160 nominat.
1174 2130 1320 2165 Ecophilus
1332 2129 1358 2155 in
1370 2127 1473 2154 cerebri
1487 2125 1646 2157 ventriculo,
1663 2132 1718 2158 quo
1728 2124 1809 2150 etiam

1029 2180 1110 2207 veluti
1128 2178 1302 2205 fundamento
1317 2174 1434 2209 quodam
1457 2172 1597 2199 innitatur.
1624 2169 1810 2202 Parmenides,

1030 2230 1086 2253 toto
1098 2225 1124 2251 in
1139 2228 1257 2258 pectore.
1274 2221 1419 2256 Epicurus.
1433 2227 1464 2245 ac
1478 2218 1559 2245 Stoici
1574 2225 1679 2247 omnes,
1693 2216 1719 2242 in
1730 2215 1812 2242 corde

1031 2275 1096 2298 toto.
1116 2269 1259 2304 Diogenes,
1284 2268 1311 2294 in
1337 2265 1428 2293 cordis
1453 2264 1559 2291 arteria:
1584 2269 1713 2291 concavo,
1741 2260 1813 2295 quod

1029 2317 1127 2351 spiritu
1142 2314 1275 2349 imprimis
1294 2311 1424 2339 abundat.
1449 2308 1635 2344 Empedocles,
1664 2311 1720 2334 tota
1747 2314 1812 2333 san-

1030 2361 1119 2397 guinis
1135 2361 1161 2387 in
1188 2360 1267 2386 mole.
1299 2357 1350 2384 Alii
1375 2357 1496 2391 quidam,
1521 2355 1547 2381 in
1572 2353 1728 2380 mcmhrana
1753 2359 1814 2386 qua:

1031 2394 1105 2433 cOrdi
1136 2404 1308 2440 oppanditur.
1325 2401 1375 2428 Alii
1395 2408 1458 2427 vero
1474 2399 1499 2425 in
1513 2398 1726 2432 diaphragmate.
1742 2394 1813 2422 Non-

1032 2452 1098 2479 nulli
1118 2459 1152 2478 ex
1177 2448 1393 2479 recentioribus,
1420 2455 1435 2473 ιι
1456 2445 1544 2479 capite
1573 2443 1605 2470 ad
1629 2447 1813 2469 transversum

1032 2499 1097 2525 illud
1111 2502 1216 2532 septum
1237 2495 1378 2530 pertinere.
1398 2492 1575 2527 Pythagoras,
1589 2488 1698 2514 vitalem
1713 2487 1739 2513 in
1755 2494 1816 2513 cor-

1032 2552 1107 2579 pore,
1124 2543 1229 2570 ratione
1245 2540 1383 2576 prmditam
1407 2543 1488 2572 atque
1511 2535 1658 2571 spiritalem
1684 2533 1710 2559 in
1728 2532 1815 2566 capite

1033 2590 1182 2619 constituit.
1197 2599 1206 2615 ι
1220 2589 1308 2622 Atque
1321 2587 1450 2613 hactenus
1470 2582 1692 2618 philosophorum
1709 2583 1816 2606 nostro-

1034 2645 1093 2664 rum
1112 2636 1164 2662 hoc
1179 2635 1261 2662 etiam
1279 2640 1368 2659 rerum
1383 2631 1410 2657 iu
1430 2636 1527 2665 genere
1544 2626 1668 2654 dissidia.
1686 2623 1815 2659 Nunquid

1034 2691 1098 2718 ergo
1109 2682 1168 2714 tibi,
1183 2684 1257 2708 certo
1269 2678 1383 2714 judicio,
1400 2681 1553 2711 magnaque
1571 2680 1632 2700 cum
1657 2671 1761 2699 ratione
1775 2670 1817 2696 vi-

1035 2729 1146 2760 demur,
1171 2734 1186 2753 a
1211 2731 1264 2752 tam
1289 2723 1373 2755 inani,
1402 2726 1580 2754 crrorumque
1604 2718 1680 2752 plena
1707 2716 1815 2742 illorum

1035 2774 1157 2803 omnium
1184 2770 1342 2799 curiositate
1361 2767 1458 2795 merito
1478 2763 1659 2794 discessisse?
1683 2770 1737 2790 non
1754 2761 1816 2794 jure

1072 2861 1127 2896 (9'2)
1148 2860 1234 2891 Plato,
1253 2858 1394 2893 διαφανῶς.
