2045 3211
278 160 348 208 “(is

594 184 731 212 EUSEBll
749 185 988 215 CIESARIENSIS
1006 188 1082 216 ΟΡΡ.
1102 190 1194 219 PARS
1211 191 1242 218 ll.
1262 207 1296 213 ——-
1315 192 1565 224 APOLOGETIGA.

1829 201 1840 228 Ι
1846 201 1897 229 4οι

276 241 418 274 Superiora
435 243 524 269 omnia
541 243 641 271 habere
655 253 756 280 susque
768 245 866 281 deque,
881 247 927 282 qui
944 247 1052 276 fructun

1114 251 1141 277 δὲ
1152 251 1200 286 τῆς
1213 252 1284 287 ἀμφὶ
1300 253 1346 279 τὸν
1362 254 1470 281 πάντων
1484 254 1647 291 δημιουργὸν
1664 256 1730 283 Θεὸν
1759 258 1897 291 εὐσεϐείας

275 296 307 314 ex
325 289 358 316 iis
374 289 495 322 nullum,
512 290 580 317 nihil
601 292 675 326 quod
695 300 743 327 per
755 301 816 321 sese
839 294 943 322 homini
958 296 1061 323 utilita-

276 337 329 359 tem
348 335 441 367 ullam,
459 336 577 370 bonique
587 338 789 372 possessionem
808 339 913 373 aﬂ'erat,
928 341 1061 368 exsistere

274 379 437 406 videmnus?
460 381 507 408 sed
536 390 617 421 quam
645 383 717 410 illam
745 385 852 419 potius,
879 394 942 421 erga
970 395 1061 414 rerum

273 425 396 451 omnium
421 427 574 455 molliorem
599 429 683 456 Deum
700 430 828 465 pietatem
848 433 947 466 colere,
970 439 1063 462 eastw-

272 478 326 504 que
340 471 411 504 vilaz,
429 480 461 499 ac
476 478 559 501 totms
574 474 628 503 Deo
642 477 729 510 chari,
746 478 928 514 virtutemque
942 481 1061 514 comple-

271 519 370 545 ctentis
393 519 509 548 instituti
534 523 697 557 rationibus,
721 526 808 553 eidem
831 529 989 562 praepotenti
1006 529 1061 556 Deo

272 564 378 598 placere
397 567 490 594 conari
503 568 514 594 ἰν
525 568 602 601 Quod
617 570 640 597 si
656 572 845 600 malevolentia
859 575 975 609 quadam
990 575 1060 602 invi-

271 609 371 644 diaque
393 618 545 648 correptus,
573 615 607 642 ad
630 624 723 644 verum
748 617 813 645 illud
836 619 914 647 nobis
937 621 1059 647 testium-

271 656 347 683 nium
364 657 506 686 ferendum
523 669 594 696 tegre
618 663 700 689 nitnis
719 671 751 690 ac
771 665 884 692 mule-ste
906 666 1059 700 adduceris,

271 702 370 730 iterum
394 708 421 732 te
444 706 662 740 sapientissimus
685 709 730 736 ille
754 710 908 738 Graecorum
934 711 1060 740 Socrates

270 754 430 782 antevertet,
447 753 493 786 qui
519 753 624 781 sincere
641 762 752 782 causam
771 755 843 784 hanc
865 762 986 784 nostram
1009 766 1060 785 suo

270 795 373 823 dudum
399 797 529 833 suffragio
545 801 744 835 comprobavit.
769 801 838 829 Istos
862 804 1000 831 enimvero
1015 812 1059 831 re-

269 848 331 868 rum
346 845 517 878 superiorum
534 847 659 880 garrulus
672 853 847 881 scrutatores,
868 849 987 877 insanire
999 851 1058 885 pla-

270 889 394 921 ni~sime,
411 899 460 918 nec
473 899 487 918 a
504 893 614 921 furiosis
639 896 788 930 quidquam
810 896 918 923 dill‘urre
933 897 1058 924 ostende-

1112 298 1231 332 ἔχεσθαι,
1248 300 1295 326 καὶ
1311 299 1356 327 διὰ
1371 301 1508 337 σώφρονος
1533 302 1601 341 βίον,
1619 303 1668 338 τῆς
1684 312 1714 329 τε
1736 303 1819 339 ἄλλης
1838 306 1897 332 κατ’

1111 344 1213 379 ἀρετὴν
1222 344 1361 380 θεοφιλοῦς
1377 347 1513 379 πολιτείας
1530 349 1699 384 ἀρεσκόντως
1715 349 1764 384 ζῇν
1784 350 1898 377 σπουδά-

1112 389 1168 421 ζειν
1184 390 1222 425 τῷ
1238 391 1285 417 ἐπὶ
1299 392 1407 419 πάντων
1427 393 1502 428 Θεῴ;
1530 393 1597 420 Ἀλλ’
1611 395 1635 420 εὶ
1651 394 1698 420 καὶ
1715 395 1746 420 σὺ
1766 393 1898 430 βασκανίᾳ

1110 435 1159 462 καὶ
1176 436 1265 471 φθόνῳ
1284 437 1331 472 τὴν
1344 437 1431 473 ἀληθῆ
1444 439 1595 474 μαρτυρίαν
1617 441 1683 474 ἡμῖν
1704 439 1852 475 προσέσθαι
1864 441 1898 467 δι’

1110 482 1189 509 ὄκνου
1207 483 1309 518 φέρεις,
1330 484 1427 518 φθάσει
1449 484 1480 518 γέ
1501 493 1530 511 σε
1561 485 1640 512 πάλιν
1653 487 1667 512 ὁ
1680 486 1788 512 πάντων
1807 486 1898 521 Ἐλλή-

1111 537 1163 555 νων
1176 528 1332 563 σοφώτατος
1354 530 1501 566 Σωκράτης
1523 531 1572 562 τὰς
1594 531 1662 567 ὑπὲρ
1684 532 1764 567 ἡμῶν
1791 532 1897 566 ψήφους

1111 573 1264 610 φιλαλήθως
1279 575 1499 610 ἐξενηνεγμένος.
1515 577 1584 608 Τοὺς
1598 577 1662 611 γοῦν
1680 577 1898 612 μετεωρολέσχας

1110 620 1230 652 ἐκείνους
1247 622 1432 657 μωραίνοντας
1448 623 1618 654 ἀπεδείκνυε,
1643 623 1688 649 καὶ
1706 623 1788 658 μηδὲν
1805 631 1897 657 μαινο-

1112 666 1200 701 μένων
1213 667 1351 702 διαφέρειν
1368 667 1469 701 ἐλεγεν·
1497 667 1655 702 ἀπελέγχων
1669 668 1766 699 αὐτοὺς
1783 667 1896 703 διαρρή-

1110 712 1167 747 δην,
1185 713 1214 739 οὐ
1230 713 1309 748 μόνον
1326 713 1364 745 ὼς
1390 714 1543 749 ἀνεφίκτων
1560 715 1749 751 ὀρεγομένους.
1766 714 1834 740 ἀλλὰ.
1851 715 1897 740 καὶ

1110 758 1174 793 περὶ
1191 759 1313 794 ἄχρηστα
1324 759 1371 785 xui
1386 760 1510 795 ἀνωφελῆ
1521 759 1560 795 τῷ
1575 760 1624 796 βίῳ
1639 760 1911 796 κατατριὸομένουςν

1110 805 1202 832 Ταῦτα
1217 805 1245 832 δέ
1263 814 1304 832 σοι
1329 806 1376 832 xui.
1401 806 1544 842 ὀπρόσθεν
1570 808 1738 842 μαρτυρήσει
1761 806 1896 841 Ξενοφῶν.

1110 851 1271 887 Σωκράτους
1285 852 1401 887 ἑταίρων
1417 852 1638 888 γνωριμώτατος,
1654 849 1705 879 ὧδέ
1719 861 1758 888 πη
1784 853 1897 888 γράφων

1110 897 1139 923 ἐν
1156 897 1475 932 Ἀπομνημονεύμασιν.

270 934 334 963 bat:
356 944 404 964 eos
426 938 514 972 palam
531 939 612 975 853
643 947 789 976 aperteque
815 942 980 977 roargueris,
1002 950 1057 969 non
1077 942 1156 969 modo
1170 943 1241 977 quod
1257 944 1315 970 suis
1327 943 1406 978 longe
1421 943 1525 971 viribus
1543 943 1645 978 majora
1673 948 1819 976 tentarent,
1850 944 1896 970 sed

268 981 348 1008 etiam
371 985 444 1018 quod
462 985 488 1011 in
507 987 587 1014 rebus
607 988 788 1021 inanissimis,
810 994 836 1017 et
861 991 894 1017 ab
912 989 986 1017 omni
1023 989 1147 1016 humanae
1163 989 1225 1016 vitze
1254 990 1343 1017 fructu
1361 991 1466 1023 vacuis,
1496 991 1614 1017 studium
1640 997 1807 1025 operamque
1830 998 1896 1017 con-

269 1031 396 1056 Latel'elll.
410 1029 496 1066 llnjus
515 1033 561 1059 tibi
581 1034 618 1060 rei
634 1040 772 1063 auctorem
791 1037 861 1064 dabo
883 1037 939 1072 jam
975 1038 1114 1064 laudatum
1128 1044 1210 1071 supra
1241 1035 1462 1072 Xenophontem,
1493 1037 1614 1065 Socratis
1640 1037 1791 1064 amicorum
1817 1038 1897 1072 longe

269 1074 454 1110 notissimum,
469 1078 514 1112 qui
531 1079 589 1107 suis
612 1081 638 1107 in
659 1081 876 1109 Memot‘ubilibus
897 1083 950 1110 hoc
966 1083 1054 1118 ipsum
1074 1081 1165 1109 verbis
1182 1083 1291 1110 totidem
1305 1084 1496 1117 consignatum
1517 1084 1635 1119 reliquit.

559 1127 673 1155 CAPUT
688 1129 767 1157 LXII.

268 1166 358 1201 [prum
365 1171 753 1212 quoqueSaerntemGt-wcorum
760 1177 1060 1212 olimsapienlt'ssimum,

284 1211 328 1230 eos
340 1207 385 1239 qui
396 1216 481 1248 rerum
494 1209 622 1248 ejusmodi
637 1211 802 1248 physiologia
821 1207 954 1247 tantopere
967 1207 1060 1240 inse/el

284 1247 394 1279 soerent,
403 1243 440 1270 vel
447 1244 494 1270 hoc
506 1246 609 1272 nomine
616 1243 733 1273 iiécordes
749 1243 773 1274 εἰ
783 1243 1057 1279 ἱηδιιιιοίοειεηάίδεε,

283 1277 391 1319 quod‘iu
407 1279 481 1306 rebus
498 1280 529 1319 ob
541 1282 612 1319 omni
622 1283 775 1319 vitrefructu
788 1284 980 1319 vacuissuuque
987 1285 1057 1310 omni

286 1309 596 1347 facullalesuperioribus
602 1318 662 1343 stud
666 1309 717 1344 iu'm
725 1309 879 1354 operamque
885 1309 1055 1346 ἐσκίρτα-τηε.

306 1368 316 1384 ι
337 1358 469 1393 Socratis,
485 1361 570 1396 inquit
592 1362 754 1398 Xenophon.
772 1373 851 1392 nemo
870 1373 989 1400 unquam
1006 1367 1056 1393 im-

267 1407 339 1443 pium
358 1409 467 1445 aliquod
489 1416 515 1438 et
542 1412 707 1446 improbum,
722 1418 769 1440 aut
791 1413 892 1441 factum
917 1415 992 1447 vidit,
1009 1420 1057 1443 aut

267 1455 378 1482 verbum
395 1456 508 1483 audivit.
525 1456 579 1485 Nec
597 1459 668 1485 enim
693 1460 716 1486 is
729 1479 736 1490 ,
758 1464 787 1486 ut
809 1461 930 1496 plerique
948 1469 1053 1495 omnes,

266 1500 299 1528 de
313 1506 410 1528 natura
432 1511 520 1529 rerum
539 1505 664 1532 universa
680 1505 836 1540 disputabat
848 1515 865 1537 :.
877 1508 1055 1542 quemadmo-

267 1546 330 1573 dum
351 1547 395 1574 hic
412 1555 482 1581 sese,
501 1549 539 1575 uti
557 1557 571 1576 a
588 1550 720 1584 sophistis
735 1556 856 1584 vocatur,
873 1553 991 1580 mundus
1007 1554 1054 1580 ha-

266 1591 339 1623 beat,
361 1597 407 1619 aut
422 1594 522 1628 quibus
538 1597 708 1624 necessitatis
725 1597 830 1633 legibus
844 1599 964 1626 cmlestia
979 1608 1053 1634 quaa-

265 1644 319 1671 que
334 1638 410 1670 ﬁant,
424 1639 562 1667 curiosius
579 1641 754 1677 investigatis.
775 1642 829 1670 lmo
843 1651 916 1677 vero,
933 1645 979 1680 qui
1001 1645 1053 1672 hoc

266 1681 293 1707 in
310 1684 490 1716 quzestionum
504 1693 603 1719 genere
616 1687 696 1713 anxie
712 1693 894 1722 versarentur,
909 1697 956 1717 eos
974 1689 1052 1724 plane

266 1727 386 1754 insanire
398 1729 566 1758 ostendebat.
582 1732 620 1758 Ae
635 1732 752 1766 primum
767 1734 875 1768 quidem
891 1734 917 1761 in
934 1735 986 1761 illis
999 1735 1051 1762 hoc

265 1774 416 1807 spectabat,
444 1779 534 1803 ulrum
565 1784 595 1804 se
620 1786 710 1805 rerum
734 1778 915 1806 humanarum
943 1781 1051 1808 abunde

266 1819 366 1852 peritos
389 1828 450 1848 esse
467 1822 529 1853 rati,
556 1823 588 1850 ad
615 1824 769 1858 superiores
792 1825 851 1853 illas
866 1826 985 1853 studium
1000 1835 1051 1854 eu-

265 1872 377 1900 ramque
395 1867 573 1896 transferrent
588 1877 594 1901 ;
622 1878 655 1896 an
677 1879 750 1904 vero,
766 1879 827 1899 cum
851 1872 982 1906 neglectis
999 1873 1051 1899 hu-

265 1911 352 1939 manis
369 1912 459 1941 divina
484 1915 658 1949 rimarentur,
675 1925 725 1944 suo
751 1918 801 1945 sibi
822 1926 935 1946 munere
948 1919 1050 1946 oilicio-

264 1965 317 1992 que
334 1958 409 1993 fungi
425 1961 589 1989 viderentur.
607 1962 710 1990 Deinde
732 1964 883 1991 mirabatur
896 1965 988 1998 etiam,
1016 1965 1051 1993 ab

264 2002 323 2031 istis
340 2012 374 2031 ne
390 2005 442 2033 hoc
458 2007 566 2040 quidem
585 2008 678 2039 videri,
695 2017 781 2044 genus
797 2010 822 2037 id
837 2011 1000 2045 cognitionis
1016 2011 1050 2038 ab

264 2050 421 2078 hominibus
445 2052 560 2080 obtineri
580 2062 632 2081 non
651 2062 750 2089 posse:
775 2064 835 2083 eum
853 2057 889 2084 illi
915 2057 976 2092 ipsi,
1002 2058 1048 2092 qui

263 2097 493 2130 disputationibus
510 2099 665 2135 hujusmodi
685 2105 826 2137 tantopere
853 2103 1047 2136 intumescunt,

263 2151 316 2169 non
330 2144 385 2178 jam
404 2144 474 2172 inter
500 2153 559 2173 sese
574 2147 747 2180 conveniant,
762 2148 808 2176 sed
824 2150 913 2183 potius
930 2149 1048 2177 furioso-

263 2198 322 2216 rum
339 2191 431 2225 utique
453 2199 528 2218 more
543 2193 701 2221 dissideant.
717 2194 754 2221 Ex
778 2195 890 2222 furiosis
904 2196 988 2228 enim,
1003 2196 1047 2223 alii

262 2245 295 2264 ne
311 2239 472 2272 gravissima
496 2239 605 2274 quidem
621 2240 810 2275 reformidant,
834 2243 891 2272 alii,
904 2251 964 2277 quae
981 2243 1047 2270 nihil

261 2284 342 2311 etiam
359 2285 475 2312 habeant
494 2286 616 2320 periculi,
637 2287 825 2316 extimescunt.
849 2288 991 2317 Nonnullis
1006 2290 1048 2317 vel

261 2330 288 2357 in
305 2331 391 2358 media
405 2332 494 2363 turba,
507 2332 640 2367 quidlibet
653 2338 698 2360 aut
711 2334 840 2369 loquiaut
853 2335 953 2368 lacere,
970 2341 1047 2371 turpe

260 2385 316 2404 non
332 2377 458 2406 videtur:
476 2379 520 2406 alii
538 2385 633 2407 contra
650 2380 702 2408 sibi
717 2389 751 2408 ne
775 2382 915 2409 hominum
937 2383 1046 2418 quidem

261 2424 287 2451 in
314 2425 470 2452 societatem
497 2426 659 2453 veniendum
684 2435 744 2454 esse
778 2428 952 2462 persuadent.
979 2428 1047 2456 Sunt

1365 1132 1563 1159 ΚΕΦΑΛΑΙΟΝ
1579 1131 1625 1158 EB’
1630 1151 1638 1158 .

1117 1179 1174 1205 Ὀτι
1199 1180 1247 1207 και
1265 1178 1324 1206 τῶν
1344 1178 1498 1211 Ἐλλήνων
1518 1181 1534 1205 ὀ
1549 1179 1721 1213 σοφώτατος
1741 1179 1897 1212 Σωκράτης

1144 1215 1215 1247 τοὺς
1227 1215 1275 1241 ἐπὶ
1291 1214 1327 1248 τῇ
1343 1214 1402 1241 τῶν
1415 1214 1634 1248 προειρημένων
1646 1215 1829 1248 φυσιολογίᾳ
1842 1223 1895 1249 με·

1143 1250 1220 1292 γάλςι
1234 1249 1610 1292 έρυσῶνταςμωςοαίνωςτας
1622 1249 1829 1292 ἀπςιξείκνυεν,
1856 1250 1895 1282 ὡς

1144 1285 1209 1319 περ)
1226 1286 1363 1320 ἄχρηστα
1376 1284 1416 1318 τῷ
1433 1284 1492 1317 ,βίῳ
1512 1285 1561 1312 καὶ
1581 1284 1777 1318 ἀκατάληπτα
1804 1292 1895 1312 κατα-

1142 1320 1340 1355 τριϐομένους.

1145 1377 1153 1392 ι
1172 1367 1265 1397 Οὺδεὶς
1280 1366 1335 1401 (95)
1353 1366 1383 1392 δὲ
1396 1365 1506 1392 πώποτε
1524 1366 1684 1401 Σωκράτους
1699 1366 1773 1392 οὐδὲν
1787 1366 1894 1397 ἀσεϐὲς,

1105 1414 1165 1441 οὐδὲ
1182 1413 1288 1440 ἀνόσιον
1312 1413 1373 1440 οὔτε
1389 1413 1553 1448 πράττοντος
1574 1410 1653 1444 εἶδεν,
1680 1412 1742 1439 οὗτε
1769 1413 1895 1446 λέγοντος

1105 1461 1230 1495 ἥκουσεν.
1246 1459 1313 1486 Οὐδὲ
1330 1459 1383 1494 γὰρ
1396 1459 1460 1494 περὶ
1479 1458 1527 1494 τῆς
1543 1458 1597 1485 τῶν
1622 1458 1749 1485 ἁπάντων
1774 1458 1893 1492 φύσεως,

1105 1502 1176 1541 ᾗπερ
1186 1505 1240 1531 τῶν
1255 1504 1341 1531 ἄλλων
1355 1505 1378 1530 οἱ
1392 1503 1520 1534 πλεῖστοι,
1540 1502 1683 1536 διελέγετο,
1701 1502 1808 1528 σκοπῶν
1819 1502 1895 1532 6m;

1104 1552 1118 1577 ό
1144 1551 1308 1585 καλούμενος
1325 1549 1377 1576 ὑπὸ
1400 1549 1453 1576 τῶν
1478 1548 1611 1584 σοφιστῶν
1635 1549 1735 1583 κόσμος
1763 1547 1831 1582 ἔχει,
1847 1547 1894 1574 καὶ

1103 1597 1173 1623 τίσιν
1190 1597 1322 1630 ἀνάγκαις
1337 1596 1441 1623 ἕκαστα
1455 1595 1558 1630 γίνεται
1572 1595 1625 1621 τῶν
1653 1595 1798 1630 οὐρανίων-
1825 1594 1894 1620 ἀλλὰ

1103 1644 1149 1671 καὶ
1165 1645 1227 1675 τοὺς
1242 1643 1431 1679 φροντίζοντας
1443 1643 1477 1669 τὰ
1493 1642 1614 1673 τοιαῦτα,
1629 1642 1813 1677 μωραίνοντας
1830 1642 1895 1668 απε-

1103 1690 1219 1716 δείκνυε.
1237 1689 1291 1715 Kui.
1307 1688 1414 1724 πρῶτον
1438 1689 1486 1724 μὲν
1514 1688 1577 1723 περὶ
1595 1687 1684 1713 αὐτῶν
1702 1687 1825 1714 ἐσκόπει.
1843 1687 1892 1712 πό-

1101 1734 1167 1770 τερά
1182 1743 1246 1760 ποτε
1263 1734 1421 1768 νομίσαντες
1446 1733 1545 1764 ἱκανῶς
1560 1733 1609 1768 ἤδη
1625 1732 1659 1759 τὰ
1680 1731 1838 1768 ἀνθρώπινα
1855 1732 1895 1758 εξ-

1102 1779 1187 1809 δέναι,
1196 1779 1319 1814 ἔρχονται
1335 1779 1381 1804 ἐπὶ
1393 1778 1424 1805 τὸ
1437 1778 1501 1814 περὶ
1515 1778 1569 1805 τῶν
1585 1778 1713 1804 τοιούτων
1727 1777 1891 1812 φροντίζειν,

1102 1823 1118 1858 ἢ
1132 1823 1166 1849 τὰ
1179 1823 1227 1858 μὲν
1241 1822 1397 1858 ἀνθρώπινα
1410 1823 1552 1858 παρέντες,
1580 1822 1614 1849 τὰ
1630 1823 1754 1858 δαιμόνια
1777 1823 1806 1849 δὲ
1830 1831 1893 1849 σκο-

1103 1869 1216 1901 ποῦντες
1231 1868 1358 1904 ἡγοῦνται
1374 1869 1409 1895 τὰ
1434 1870 1604 1905 προσήκοντα
1630 1870 1768 1905 πράττειν.
1792 1869 1890 1896 Ἐθαύ-

1103 1914 1172 1949 μαζε
1182 1914 1220 1945 δὲ,
1232 1915 1256 1940 εἰ
1268 1914 1305 1950 μὴ
1319 1914 1435 1950 φανερὸν
1451 1916 1542 1946 αὐτοῖς
1554 1915 1620 1945 ἐστι,
1637 1915 1678 1941 ὅτι
1694 1915 1784 1942 ταῦτα
1797 1916 1828 1942 οὐ
1847 1915 1891 1941 δυ-

1101 1960 1181 1987 νατὸν
1195 1959 1349 1995 ἀνθρώποις
1361 1961 1460 1995 εὐρεῖψ
1478 1961 1539 1987 ἐπεὶ
1554 1961 1675 1993 καὶτοὺς
1690 1960 1809 1996 μέγιστα
1824 1971 1891 1997 φρο-

1101 2006 1212 2038 νοῦντας
1223 2007 1268 2033 ἐπὶ
1282 2006 1319 2041 τῷ
1331 2008 1395 2042 περὶ
1404 2007 1505 2033 τούτων
1519 2006 1608 2041 λέγειν
1623 2008 1653 2033 οὺ
1670 2007 1755 2034 ταύτὰ
1767 2008 1890 2040 δοξάζειν

1101 2052 1234 2087 ἀλλήλοις,
1251 2052 1317 2078 ἀλλὰ
1342 2053 1389 2079 xui.
1401 2053 1457 2084 τοῖς
1474 2052 1645 2088 μαινομένοις
1671 2053 1771 2087 ὁμοίως
1790 2053 1890 2079 διακεῖ-

1102 2098 1162 2124 σθαι
1178 2098 1246 2133 πρὸς
1263 2097 1402 2133 ἀλλήλους.
1419 2098 1478 2124 Τῶν
1502 2107 1532 2125 τε
1554 2098 1607 2135 γὰρ
1634 2099 1813 2134 μαινομένων,
1826 2100 1889 2130 τοις

1101 2144 1150 2179 μὲν
1165 2144 1224 2170 οὐδὲ
1240 2144 1273 2170 τὰ
1286 2144 1359 2171 δεινὰ
1369 2144 1491 2176 δεδιέναι,
1506 2145 1568 2176 τοὺς
1584 2145 1611 2171 δὲ
1627 2144 1716 2172 καὶτὰ
1729 2144 1767 2179 μὴ
1785 2145 1890 2180 φοϐερά

1100 2190 1249 2224 φοϐεῖσθαι·
1270 2191 1317 2218 καὶ
1332 2193 1387 2223 τοῖς
1405 2192 1453 2226 μὲν
1467 2191 1521 2218 οὐδ’
1538 2192 1567 2217 ὲν
1583 2191 1652 2226 δχλῳ
1663 2192 1751 2218 δοκεῖν
1775 2192 1889 2226 αἰσχρὸν

1099 2235 1168 2264 εἶναι
1186 2237 1274 2271 λέγειν
1298 2237 1414 2273 ἣποιεῖν
1441 2237 1539 2269 ὁτιοῦν,
1551 2240 1607 2269 τοῖς
1628 2238 1656 2264 δὲ
1681 2238 1734 2264 οὐδ’
1750 2238 1888 2273 ἐξιτητέον

1099 2284 1139 2314 εἰς
1152 2283 1311 2318 ἀνθρώπους
1328 2281 1396 2310 εἶναι
1411 2284 1507 2310 δοκεῖν·
1521 2284 1569 2310 xui
1584 2285 1647 2316 τοὺς
1665 2284 1713 2319 μὲν
1728 2284 1785 2310 οὗΟ¹
1803 2285 1886 2320 ἱερὸν,

1098 2330 1158 2357 οὔτε
1171 2330 1271 2365 βωμὸν,
1288 2330 1343 2356 οὔτ’
1361 2330 1423 2357 ἄλλο
1450 2330 1504 2357 τῶν
1521 2330 1600 2357 θείων
1615 2331 1691 2357 οὐδὲν
1717 2332 1810 2366 τιμᾷν,
1823 2332 1887 2362 τοὺς

1097 2377 1182 2404 δὲκαὶ
1198 2377 1272 2410 ξύλα,
1287 2378 1333 2404 xui
1345 2378 1434 2409 λίθους
1446 2378 1509 2410 τοὺς
1521 2379 1661 2413 τυχόντας,
1682 2379 1730 2405 καὶ
1745 2379 1828 2414 θηρία
1845 2380 1888 2405 σὲ-

1098 2424 1202 2451 6εσθαν
1219 2423 1273 2451 τῶν
1296 2433 1326 2451 τε
1352 2425 1416 2460 περὶ
1444 2425 1492 2460 τῆς
1515 2425 1569 2452 τῶν
1587 2425 1693 2451 πάντων
1718 2425 1827 2459 φύσεως
1840 2435 1887 2461 με-

259 2470 305 2505 qui
330 2479 384 2498 non
412 2472 553 2507 templum.
576 2480 628 2499 non
655 2481 741 2507 aram,
758 2474 840 2510 854
855 2483 908 2502 non
924 2475 1044 2502 divinum

1103 2470 1256 2506 ριμνώντων
1268 2472 1324 2502 τοῖς
1340 2471 1388 2506 μὲν
1404 2471 1492 2497 δοκεῖν
1504 2471 1533 2497 ἒν
1551 2472 1631 2506 μόνον
1640 2472 1670 2498 τὸ
1688 2471 1718 2497 ὃν
1733 2470 1813 2503 εἶναι,
1831 2474 1887 2503 τοῖς

259 2517 371 2544 omnino
396 2519 543 2553 quidquam
575 2525 759 2554 venerentur:
791 2525 855 2548 sunt
889 2522 968 2549 etiam
1001 2523 1048 2557 qui

259 2562 350 2597 lignis,
373 2565 419 2598 qui
445 2565 533 2592 obviis
560 2566 714 2602 quibusque
741 2568 887 2602 lapidibus,
915 2570 960 2604 qui
982 2570 1047 2605 ipsis

258 2615 368 2642 quoque
385 2609 449 2638 feris
466 2611 568 2638 cultum
591 2613 746 2640 evhiheant.
768 2613 814 2642 Sic
837 2615 950 2642 istorum
967 2623 982 2643 e
997 2624 1048 2643 nu—

258 2657 345 2688 nier‘o,
366 2656 411 2689 qui
432 2661 557 2684 naturam
576 2666 666 2686 rerum
687 2660 874 2688 universarum
892 2662 1045 2696 explorant,

258 2699 326 2727 alios
343 2702 443 2732 Videas,
459 2703 570 2738 quibus,
585 2705 610 2732 id
624 2713 704 2734 omne
718 2708 790 2741 quod
805 2713 855 2741 est,
866 2717 948 2736 unum
964 2710 1045 2737 modo

258 2746 323 2780 quid
343 2754 403 2774 esse
419 2749 541 2782 placeat;
566 2750 645 2784 alios,
661 2753 706 2787 qui
733 2762 776 2781 res
793 2755 965 2783 multitudine
981 2757 1043 2783 inii-

259 2792 331 2820 nitas
348 2801 407 2820 esse
434 2796 527 2822 velint.
555 2797 671 2830 Quidam
688 2801 792 2827 moveri
817 2809 924 2836 semper
938 2802 1041 2834 omnia,

260 2839 362 2866 moveri
386 2840 453 2867 nihil
479 2851 598 2878 unquam
625 2853 704 2880 posse
729 2847 838 2882 quidam
864 2849 1040 2876 arbitrantur.

295 2905 350 2940 (93)
371 2907 484 2941 Οὐδείς.
503 2910 663 2946 Xenophon.
681 2914 697 2940 l.
714 2923 720 2941 I
743 2914 920 2946 Memorabil.,
936 2924 961 2951 p.
979 2915 1042 2944 710.

1097 2517 1124 2543 δὲ
1141 2517 1241 2552 ἄπειρα
1253 2517 1283 2543 τὸ
1295 2517 1405 2552 πλῆθος·
1423 2519 1538 2549 καὶτοῖς
1556 2518 1604 2553 μὲν
1631 2517 1676 2544 ἀεὶ
1697 2518 1787 2545 πάντα
1801 2521 1886 2544 κινεῖ-

1097 2563 1168 2594 σθαι,
1184 2565 1240 2595 τοῖς
1254 2563 1280 2589 δὲ
1292 2564 1368 2590 οὐδὲν
1383 2565 1414 2591 ἄν
1430 2573 1494 2590 ποτε
1516 2565 1668 2599 κινηθῆναι·
1686 2565 1734 2592 xui.
1760 2566 1818 2596 τοῖς
1837 2565 1886 2600 μὲν

1097 2609 1206 2635 ἅπαντα
1218 2609 1340 2643 γίνεσθαί
1359 2619 1388 2636 τε
1411 2611 1458 2637 καὶ
1470 2610 1644 2640 ἀπόλλυσθαι,
1662 2613 1717 2642 τοῖς
1727 2611 1756 2637 δὲ
1770 2611 1827 2638 οὔτ’
1853 2611 1884 2638 ἂν

1096 2654 1220 2688 γενέσθαι
1249 2656 1313 2681 ποτὲ
1341 2656 1425 2688 οὐδὲν,
1456 2656 1516 2683 οὔτε
1534 2656 1690 2685 ἀπολέσθαι.
1713 2656 1883 2683 Ἐσκόττειὸὲ

1099 2701 1162 2736 περὶ
1179 2701 1266 2728 αὐτῶν
1291 2703 1338 2728 καὶ
1365 2703 1437 2729 τάδε’
1462 2701 1524 2738 Ἆρ’
1550 2703 1645 2738 ὥσπερ
1664 2705 1688 2730 οἱ
1708 2703 1884 2739 τάνθρώπινα

1099 2747 1278 2781 μανθάνοντες
1290 2748 1418 2784 ἡγοῦνται
1428 2748 1500 2775 τοῦθ’
1522 2749 1537 2775 ὂ
1553 2758 1578 2775 τι
1595 2749 1627 2776 ἂν
1641 2749 1766 2785 μάθωσιν
1779 2749 1883 2778 ἑαυτοῖς

1096 2801 1125 2819 τε
1137 2793 1246 2820 καὶτῶν
1260 2794 1346 2821 ἄλλων
1367 2794 1420 2829 ὅτῳ
1443 2795 1476 2822 ἂν
1500 2795 1645 2830 βούλωνται
1662 2796 1799 2831 ποιήσειν·
1814 2795 1883 2822 οὕτω

1096 2841 1142 2866 καὶ
1159 2841 1183 2866 οὶ
1197 2841 1229 2868 τὰ
1243 2841 1302 2868 θεῖα
1318 2841 1461 2876 ζητοῦντες
1477 2843 1641 2878 νομίζουσιν,
1659 2843 1773 2871 ἐπειδὰν
1785 2843 1883 2878 γνῶσιν
