2045 3211
173 192 244 220 1405

736 187 895 215 ΡΒᾹΖΡᾹΒ.
918 186 1043 214 EVANG.
1065 186 1128 214 LIB.
1148 186 1206 214 XV.

1733 188 1802 216 “06

173 249 216 282 αἶς
242 250 375 284 ἀνάγκαις
393 248 495 275 ἕκαστα
512 246 626 281 γίνεται,
651 247 783 282 ποιήσειν,
811 247 873 272 ὅταν
900 245 962 280 βού-

1018 245 1087 273 Sunt
1114 245 1160 280 qui
1186 250 1213 272 et
1236 245 1312 272 nasci
1336 245 1463 273 universa
1486 245 1588 279 dicant,
1614 251 1642 273 et
1667 245 1801 279 interire,

172 298 284 327 λωνται.
296 295 344 322 καὶ
353 295 482 330 ἀνέμους,
498 293 546 321 καὶ
561 293 656 325 ὕδατα,
672 293 720 320 καὶ
741 293 826 328 ὥρας,
840 293 886 319 καὶ
900 293 962 319 ὃτου

173 344 207 370 ἂν
219 342 299 370 ἀλλου
315 342 426 369 δέωνται
443 341 497 368 τῶν
511 341 639 367 τοιούτων
651 349 658 373 ;
675 340 808 376 ἢτοιοῦτο
821 341 870 376 μὲν
887 341 964 367 οὐδὲν

172 389 227 416 οὐδ’
239 388 404 421 ἐλπίζουσιν,
421 388 502 423 ἀρκεῖ
521 387 543 414 δ’
560 387 651 419 αὐτοῖς
664 387 764 416 γνῶναι
784 387 863 423 μόνον
909 386 963 414 τῶν

173 434 300 462 τοιούτων
316 434 419 461 ἕκαστα
430 434 563 468 γίγνεται.
582 434 649 469 Περὶ
667 433 716 469 μὲν
732 431 779 460 οὖν
794 433 848 459 τῶν
877 433 962 460 ταῦτα

174 479 440 515 πραγματευομένων
454 479 564 506 τοιαῦτα
577 479 679 514 ἔλεγεψ
695 479 776 511 αὐτὸς
787 479 814 506 δὲ
832 479 896 515 περὶ
908 479 962 506 τῶν

173 526 351 562 ἀνθρωπείων
380 526 424 553 ἀεὶ
447 525 590 560 διελέγετο.
620 525 728 552 σκοπῶν
748 525 775 551 τι
799 525 920 557 εὐσεϐὲς,
937 525 962 552 τί

173 572 282 604 ἀσεϐἐςο
299 573 325 599 τί
336 572 427 605 καλὸν,
440 572 467 598 τί
481 572 600 607 αἰσχρόν·
613 571 639 598 τί
650 571 764 604 δίκαιον,
781 571 809 598 τί
824 571 926 598 ἄδικον·
937 571 964 597 τι

173 618 345 655 σωφροσύνη,
359 619 384 645 τί
403 619 494 654 μανία.
502 629 511 645 ι

1014 297 1078 319 sunt
1094 296 1189 319 contra
1227 292 1273 327 qui
1292 291 1358 319 nihil
1373 296 1421 318 aut
1435 296 1525 319 ortum
1542 300 1660 327 unquam
1691 297 1738 319 aut
1753 300 1803 319 un-

1014 346 1095 374 quam
1114 338 1286 365 interiturum
1302 345 1362 365 esse
1373 338 1528 365 defendant.
1543 338 1601 371 Qua
1613 338 1645 365 de
1662 339 1802 365 hominum

1015 385 1122 412 ratione
1136 384 1274 419 quaerebat
1292 384 1356 411 illud
1382 389 1510 420 praeterea
1525 393 1532 417 ;
1550 393 1614 411 num
1633 389 1661 412 ut
1687 385 1733 419 qtti
1751 385 1802 412 ltu—

1016 430 1105 457 manis
1122 429 1226 457 artibus
1240 437 1351 465 operam
1367 435 1476 461 navant,
1491 430 1569 464 cujus
1589 430 1679 464 operis
1693 431 1803 456 modum

1015 476 1204 510 rationemque
1230 476 1394 508 didicerint,
1419 476 1444 502 id
1470 484 1530 503 rum
1557 476 1617 508 sibi,
1645 481 1702 503 tum
1727 476 1803 502 alteri

1016 522 1128 549 cuilibet
1145 523 1274 557 perlicere
1291 530 1320 550 se
1343 530 1422 557 posse
1436 522 1576 549 conﬁdunt
1591 531 1597 555 ;
1613 522 1648 549 ita
1663 522 1710 556 qni
1734 522 1803 548 diri-

1018 575 1113 595 narntn
1132 569 1159 595 in
1184 576 1275 595 rerum
1294 568 1471 603 inquisitione
1495 573 1646 600 versentur,
1660 572 1803 603 postquam

1019 616 1069 650 ipsi
1087 624 1140 650 qna
1155 624 1268 651 qumque
1282 616 1443 643 necessitate
1463 615 1539 648 ﬁant,
1555 615 1657 650 optitne
1673 622 1805 649 cognove_

174 665 240 698 rint,
257 670 312 693 tum
326 673 356 693 ea
370 673 399 694 se
419 666 637 705 quotiescunque
661 665 780 697 libuerit,
805 670 912 697 ventos,
945 664 1062 699 pluvias,
1095 667 1289 698 tempestates,
1315 667 1342 690 ct
1376 663 1398 690 si
1422 670 1477 696 quo
1498 661 1632 697 ejusmodi
1660 662 1713 688 alio
1736 669 1805 696 opus

175 711 331 744 habuerint,
347 712 451 740 edicere
476 720 557 747 posse
579 712 757 743 existiment;
777 720 810 738 an
828 711 920 746 potius
936 709 962 736 id
983 717 1015 736 ne
1047 713 1157 744 sperent
1189 709 1310 744 quidem,
1331 717 1384 744 qua
1411 709 1498 735 Sttitlm
1514 708 1632 743 quidque
1648 707 1693 734 ﬁat
1719 708 1804 734 ratio-

176 767 238 786 nem
260 762 352 786 tenere
369 759 500 787 contenti.
517 758 579 788 Haec
602 759 646 787 ille
676 767 737 787 cum
757 759 790 787 de
818 765 909 786 rerum
944 757 1058 785 istarum
1094 756 1312 791 exploratoribus
1331 756 1442 787 diceret,
1461 760 1517 782 tum
1543 755 1670 782 humanis
1693 754 1749 788 ipse
1771 753 1804 780 de

175 807 257 834 rebus
273 812 402 842 perpetuo
413 808 574 841 disserebat,
587 813 612 835 et
625 808 690 843 quid
702 808 776 843 pium
789 812 835 834 aut
848 807 973 841 impium.
988 805 1053 840 quid
1067 805 1210 832 honestum
1223 808 1269 831 aut
1280 808 1367 838 turpe,
1380 804 1443 838 quid
1454 803 1559 838 justum
1592 807 1636 830 aut
1661 801 1804 836 injustutn,

172 855 240 889 quid
254 862 350 882 sanum
369 859 417 883 aut
433 855 562 883 stolidum
583 855 661 889 foret,
677 855 839 890 inquirebat.
858 865 867 880 ι

210 900 302 927 Ταῦτα
320 900 369 936 μὲν
380 900 426 928 οὖν
440 901 598 938 Σωκράτης.
613 901 689 928 Μετά
709 902 736 928 δὲ
752 902 831 928 αὑτὸν
855 901 880 927 οἰ
903 900 967 935 περὶ

1053 894 1329 926 HactenusSocratis
1348 901 1463 922 mentem
1489 900 1569 930 atque
1582 896 1731 922 orationem
1757 895 1806 922 ha-

180 947 359 982 Ἀριστιππον
373 947 418 974 τὸν
430 948 593 984 Κυρηναῖον,
622 947 706 974 ἔπειθ’
723 948 835 983 ὕστερον
855 948 879 974 οι
900 948 964 982 περὶ

189 993 331 1029 Αριστωνα
342 993 387 1019 τὸν
398 994 463 1020 Χῖον
475 994 655 1030 ἐπεχείρησαν
667 994 765 1028 λέγειν,
781 994 818 1026 ὡς
829 993 882 1020 δέοι
897 993 964 1028 μόνα

172 1039 210 1066 τὰ
221 1039 305 1074 ἠθικά
321 1039 483 1074 φιλοσοφεῖν.
501 1038 577 1067 Εἶναι
589 1041 642 1076 γὰρ
654 1040 685 1075 δὴ
699 1040 784 1068 ταῦτα
802 1039 850 1076 μὲν
865 1039 964 1067 δυνατά

175 1086 222 1112 καὶ
234 1085 369 1121 ὼφέλιμα-
392 1086 455 1118 τοὺς
470 1086 560 1122 μέντοι
584 1087 713 1123 περὶτῆς
734 1088 841 1121 φύσεως
871 1087 965 1120 λόγους

176 1132 230 1158 πᾶν
242 1131 403 1164 τούναντίον,
422 1133 489 1168 μήτε
502 1133 691 1168 καταληπτοὺς
702 1131 781 1165 εἶναι,
797 1134 870 1169 μήτ’,
887 1133 966 1160 εἶκαὶ

174 1176 294 1210 ὀφθεῖεν.
310 1177 405 1211 ὄφελος
422 1177 494 1213 ἔχειν
522 1187 557 1205 τι.
576 1179 666 1213 Μηδὲν
687 1179 740 1215 γὰρ
770 1180 835 1214 ἡμῖν
857 1179 966 1206 ἔσεσθαι

176 1223 269 1255 πλέον,
285 1223 343 1250 ἀλλ’
365 1223 419 1250 οὐδ’
431 1225 468 1256 ει,
493 1225 686 1262 μετεωρότεροι
703 1225 750 1252 τοῦ
769 1226 897 1262 Περσέως
914 1225 965 1261 ἀρ-

175 1270 280 1302 θέντες,

219 1352 309 1386 Ὑπέρ
326 1361 357 1379 τε
384 1353 496 1379 πόντου
523 1353 607 1388 χεῦμ’
626 1354 701 1388 ὺπέρ
729 1362 761 1380 τε
790 1353 930 1385 Πλειάδα,

216 1397 305 1430 αὐτοῖς
328 1399 384 1430 τοῖς
398 1398 501 1434 όμμασι
517 1399 670 1434 κατίδοιμεν
682 1399 727 1426 τὸν
747 1400 834 1426 πάντα
854 1400 965 1435 κόσμον,

179 1443 226 1470 καὶ
234 1444 283 1479 τὴν
290 1443 344 1470 τῶν
357 1444 441 1471 ὄντων
450 1445 540 1480 φύσιν,
549 1445 608 1480 ἥτις
620 1445 718 1481 δήποτέ
727 1446 809 1472 ἐστιν.
817 1446 853 1472 Οὐ
868 1445 922 1482 γὰρ
935 1445 967 1481 δὴ

176 1488 222 1515 διά
232 1497 264 1523 γε
287 1489 365 1516 τοῦτο
384 1490 613 1526 φρονιμωτέρους,
637 1491 862 1526 ἢδικαιοτέρους,
886 1491 902 1526 ἢ
922 1491 968 1516 ἁν-

175 1535 381 1571 δρειοτέρους,ἦ
393 1536 624 1572 σωφρονεστέρους
641 1537 714 1571 ἡμᾶς
725 1535 843 1562 ἔσεσθαι·
856 1535 901 1562 καὶ
913 1536 966 1571 μὴν

1017 942 1122 969 bemus.
1141 941 1207 968 Eum
1221 941 1375 975 Aristippus
1387 940 1543 976 Cyrett:etts,
1556 949 1587 967 ac
1600 941 1696 968 deinde
1713 940 1805 968 Aristo

1015 988 1100 1015 Chius
1119 987 1217 1019 secuti,
1236 995 1289 1014 non
1309 986 1361 1013 nisi
1377 987 1410 1014 de
1426 987 1548 1014 motibus
1558 987 1804 1021 philosophandum

1015 1040 1076 1060 esse
1095 1033 1257 1060 docuerunt.
1280 1031 1369 1059 Unum
1388 1032 1459 1059 enim
1487 1033 1538 1059 hoc
1564 1032 1685 1059 scientia:
1708 1040 1804 1066 genus,

1015 1083 1041 1106 et
1052 1086 1131 1113 posse
1144 1078 1345 1113 comprehendi,
1355 1082 1382 1104 et
1393 1077 1539 1112 pluritnnm
1553 1079 1677 1106 utilitatis
1693 1078 1804 1106 all'erre:

1016 1125 1076 1152 ilias
1093 1125 1125 1152 de
1143 1129 1240 1152 natura
1253 1124 1429 1159 quaestiones,
1454 1128 1480 1151 et
1510 1124 1659 1151 humanum
1677 1132 1806 1159 superare

1017 1175 1137 1205 captum,
1159 1178 1208 1197 nec
1223 1174 1253 1197 ut
1273 1169 1408 1205 pervideri
1431 1169 1578 1204 aliquantulo
1595 1170 1709 1205 possint,
1728 1177 1806 1198 cout-

1016 1217 1107 1252 pendii
1125 1217 1272 1252 quidquam
1290 1216 1399 1244 habere.
1418 1215 1491 1242 Nihil
1507 1216 1606 1251 quippe
1622 1217 1699 1244 nobis
1713 1224 1806 1244 accus-

1017 1270 1122 1293 surum,
1137 1262 1159 1290 si
1172 1262 1212 1289 vel
1226 1262 1318 1294 altius,
1334 1270 1415 1297 quam
1429 1261 1545 1290 Perseus
1558 1263 1624 1298 ipse,
1637 1271 1806 1298 raperentur,

1018 1312 1098 1342 atque
1111 1307 1177 1334 adeo

1108 1353 1239 1390 Pontique
1255 1354 1366 1388 ﬂuctus,
1381 1359 1458 1389 atque
1474 1353 1598 1381 Pleiadas
1617 1363 1709 1389 supra,

1019 1400 1150 1427 mundutn
1177 1400 1356 1433 universum,
1382 1401 1536 1435 nudamque
1566 1409 1656 1428 rerutn
1681 1406 1804 1429 naturam

1019 1446 1140 1473 omniutn
1159 1446 1245 1473 oculis
1262 1453 1445 1473 cerneretnus.
1459 1445 1513 1474 Nec
1525 1447 1598 1474 enim
1616 1447 1805 1482 prudentiores

1019 1492 1092 1524 itide,
1107 1491 1246 1525 jnstiores,
1265 1491 1400 1523 fortiores,
1417 1494 1641 1528 temperantiores
1663 1497 1713 1521 nOs
1733 1495 1806 1521 futu-

1020 1546 1076 1569 ros,
1099 1538 1152 1565 imo
1177 1545 1211 1565 ne
1235 1538 1361 1565 robustos
1385 1538 1505 1573 quidem,
1521 1544 1567 1566 aut
1592 1539 1737 1571 formosos,
1760 1545 1807 1568 aut

176 1580 238 1607 οὐδὲ
254 1582 390 1616 ἰσχυροὺς,
406 1582 422 1618 ἢ
437 1582 543 1613 καλοὺς,
564 1582 580 1618 ἢ
597 1581 748 1615 πλουσίους,
767 1579 804 1609 ὧν
822 1582 906 1618 χωρὶς
918 1582 966 1616 οὐχ

1018 1583 1246 1618 divites;qnibus
1271 1584 1294 1611 si
1317 1584 1398 1611 rebus
1426 1593 1537 1617 careas,
1563 1585 1657 1612 beatus
1675 1594 1734 1613 esse
1752 1594 1805 1612 non

176 1625 233 1654 οἷόν
246 1636 275 1653 τε
290 1628 467 1663 εὐδαιμονεῖν.
484 1628 565 1655 Ὅθεν
581 1628 667 1664 ὀρθῶς
685 1626 744 1655 εἶπε
758 1629 915 1664 Σωκράτης,
925 1629 966 1655 ὅτι

176 1673 232 1699 τῶν
247 1673 330 1700 ὄντων
340 1673 374 1700 τὰ
385 1674 434 1709 μὲν
452 1674 522 1710 ὑπὲρ
533 1675 607 1710 ἡμᾶς
632 1675 685 1710 εἴη,
710 1675 745 1701 τὰ
765 1674 792 1700 δὲ
805 1675 881 1702 οὐδὲν
898 1675 967 1710 πρὸς

177 1719 262 1754 ἡμᾶς.
281 1717 357 1746 Εἶναι
376 1720 429 1756 γὰρ
450 1720 483 1747 τὰ
502 1721 603 1755 φυσικὰ
629 1721 677 1756 μὲν
699 1721 769 1757 ὑπὲρ
791 1722 874 1757 ἡμᾶς,
892 1721 925 1748 τὰ
939 1721 966 1747 δὲ

180 1765 249 1800 μετὰ
261 1765 373 1793 θάνατον
383 1766 458 1793 οὐδὲν
474 1767 540 1802 πρὸς
555 1768 637 1803 ἡμᾶς·
651 1768 718 1802 μόνα
732 1767 760 1794 δὲ
777 1768 844 1803 πρὸς
854 1768 927 1803 ἡμᾶς
935 1767 967 1794 τὰ

178 1811 347 1847 ἀνθρώπινα.
368 1813 459 1848 Ταύτῃ
483 1813 512 1840 δὲ
526 1815 572 1841 καὶ
595 1814 698 1849 χαίρειν
715 1814 795 1841 αὐτὸν
808 1815 919 1841 εἰπόντα
933 1815 966 1850 τῇ

185 1858 365 1894 Ἀναξαγόρου
376 1860 423 1886 καὶ
449 1859 595 1895 Ἀρχελάου
613 1860 782 1896 φυσιολογίᾳ,
794 1861 895 1896 ζητεῖν,

181 1994 260 2020 Ὄττι
289 1994 315 2019 οι
338 1993 373 2020 ἐν
386 1993 541 2029 μεγάροισι
570 1995 664 2021 κακόν
695 1995 719 2021 τ’
735 1995 848 2065 draer
871 2003 902 2021 τε
926 1994 969 2021 τέ-

799 2039 913 2056 τυκται.

799 2039 902 2056 τυκται
907 2050 913 2056 .

179 2076 236 2102 Καὶ
253 2076 338 2108 ἄλλως
351 2076 379 2103 δὲ
392 2074 461 2102 εἶναι
473 2077 535 2109 τοὺς
548 2077 678 2110 φυσικοὺς
688 2076 782 2110 λόγους
794 2077 824 2102 οὐ
835 2075 969 2111 χαλεποὺς

179 2121 240 2148 οὐδὲ
257 2121 402 2154 ἀδυνάτους
417 2123 505 2158 μόνον,
523 2122 591 2149 ἀλλά
605 2123 652 2149 καὶ
667 2122 774 2154 ἀσεϐεῖς
795 2122 841 2148 καὶ
855 2123 912 2153 τοῖς
927 2122 969 2148 νό-

181 2168 442 2203 μοιςὺπεναντίους.
456 2169 525 2200 Τοὺς
541 2169 595 2204 γὰρ
615 2168 705 2202 ἀξιοῦν
724 2168 785 2204 μηδ’
805 2166 874 2194 εἶναι
891 2168 969 2200 θεοὺς

179 2214 211 2240 τὸ
224 2214 366 2249 παράπαν,
376 2215 440 2246 τοὺς
454 2214 493 2246 δὲ,
507 2214 631 2250 ἄπειρον,
652 2214 668 2250 ἢ
694 2214 724 2240 τὸ
737 2214 776 2246 ὃν,
792 2214 807 2249 ἢ
825 2215 855 2240 τὸ
867 2214 907 2246 ἓν,
922 2215 969 2241 καὶ

179 2259 271 2286 πάντα
289 2260 388 2295 μᾶλλον
405 2261 421 2296 ἢ
433 2261 495 2292 τοῦς
509 2262 711 2297 νομιζομένους.
721 2261 777 2296 Τήν
788 2262 810 2287 τ’
819 2259 852 2287 αὖ
866 2261 968 2296 διαφω-
984 2251 1005 2278 D

179 2305 240 2332 νὶαν
257 2306 419 2342 παμπόλλην
430 2305 512 2334 οὖσαν
530 2307 597 2343 (94).
628 2308 697 2339 Τοὺς
714 2307 763 2342 μὲν
781 2307 834 2343 γὰρ
857 2307 968 2343 ἄπειρον

180 2351 341 2384 ἀποφαίνειν
358 2352 388 2378 τὸ
400 2353 462 2383 πᾶν,
476 2353 538 2382 τοὺς
564 2353 592 2379 δὲ
610 2352 828 2389 πεπερασμένον·
843 2353 890 2379 καὶ
907 2353 969 2384 τοὺς

182 2396 232 2431 μὲν
246 2396 338 2429 ἀξιοῦν
351 2398 458 2425 ἅπαντα
472 2398 614 2429 κινεῖσθαι,
630 2399 692 2430 τοὺς
719 2398 746 2425 δὲ
775 2398 901 2430 καθάπαξ
918 2408 971 2434 μη-

179 2441 236 2469 δέν.
250 2443 304 2469 Καὶ
321 2443 374 2479 μὴν
390 2444 414 2470 εἰ
427 2452 453 2470 τι
472 2445 518 2470 καὶ
533 2444 604 2476 ἄλλο,
617 2445 725 2472 πάντων
745 2444 843 2480 ἀριστά
860 2453 905 2479 μοι
928 2444 970 2470 δο-

180 2490 225 2515 κεῖ
239 2490 302 2525 περὶ
318 2490 420 2516 τούτων
438 2491 527 2517 αὐτῶν
547 2492 574 2517 ἐν
587 2493 643 2522 τοῖς
658 2492 779 2524 Σίλλοις
795 2492 842 2519 καὶ
855 2492 869 2518 ό
889 2490 969 2518 Φλιά-

181 2543 240 2567 σιος
254 2535 347 2571 Τίμων
361 2537 499 2572 εἰρηκέναι
513 2537 584 2563 τάδε·

186 2626 235 2663 Τίς
248 2622 307 2663 γὰρ
321 2627 392 2659 τούς
405 2627 430 2653 δ’
442 2627 516 2661 ὀλοῇ
529 2628 602 2661 ἔριδι
616 2628 747 2662 ξυνέηκε
760 2628 922 2663 μάχεσθαι;

189 2661 298 2696 Ἠχοῦς
311 2662 480 2697 σύνδρομος
499 2663 598 2698 ὄχλος.
626 2665 656 2690 ὐ
676 2665 740 2699 γὰρ,
760 2661 896 2691 ina-ram
922 2673 970 2698 χο-

181 2731 305 2759 Νοῦσον
323 2733 369 2759 ἐπ’
384 2733 493 2768 ἀνέρας
523 2731 601 2768 ὦρσε
614 2734 715 2769 λάλην
729 2743 735 2749 ·
760 2699 917 2796 δῇῗὲῗξξ
938 2733 971 2759 δὲ

798 2778 846 2796 πο.
859 2789 867 2796 ν
879 2777 894 2795 ο
911 2789 916 2794 .

798 2777 916 2796 πολλοι.

798 2770 916 2796 πολλοί.

187 2813 272 2848 Ὁρᾷς
289 2813 326 2846 ὡς
341 2814 390 2850 ήδη
403 2815 451 2842 καὶ
465 2815 596 2851 ἀλλήλους
615 2769 825 2842 σκώπτουσιέοἱ
835 2816 970 2849 γενναῖοι;

183 2859 240 2894 Τὴν
253 2859 318 2893 γοῦν
336 2861 403 2896 πρὸς
420 2861 549 2898 ἀλλήλους
577 2861 740 2897 φιλονεικίαν
757 2861 857 2894 αὐτῶν,
882 2861 929 2892 τὰς
944 2869 970 2887 τε

222 2909 278 2942 (94)
300 2907 380 2936 Forte
399 2905 479 2936 εἶναι.

1017 1629 1117 1665 possis.
1134 1628 1274 1662 Quocirca_
1292 1630 1358 1657 illud
1376 1630 1503 1658 Socrates
1519 1631 1609 1657 dicere
1625 1631 1721 1659 solitus
1735 1637 1804 1663 erat,

1017 1684 1032 1703 e
1049 1676 1132 1705 rebus
1149 1675 1217 1703 alias
1232 1683 1313 1711 supra
1340 1684 1391 1703 nos
1411 1685 1482 1708 esse,
1511 1677 1578 1704 alios
1602 1678 1669 1704 nihil
1695 1678 1728 1705 ad
1756 1686 1806 1706 nos

1018 1722 1152 1757 pertinere
1169 1731 1176 1749 :
1200 1722 1327 1757 physicas
1349 1722 1421 1749 enim
1438 1727 1517 1758 captu
1536 1729 1630 1751 nostro
1653 1724 1806 1758 superiores

1018 1775 1101 1800 esse;
1132 1774 1193 1802 quae
1221 1775 1285 1794 vero
1301 1772 1414 1794 mortem
1444 1775 1660 1803 consequantur.
1682 1778 1697 1796 ιι
1727 1770 1806 1796 nobis

1019 1813 1131 1840 omnino
1154 1813 1325 1847 disjunctas:
1357 1814 1469 1848 proinde
1497 1820 1588 1841 nostra
1620 1817 1806 1842 tantummodo

1019 1858 1154 1885 humanas
1172 1858 1311 1886 interesse.
1337 1859 1418 1894 855
1448 1859 1519 1894 Ergo
1542 1860 1631 1887 valete
1645 1861 1722 1895 jussa
1752 1866 1805 1888 tant

1019 1905 1197 1940 Anaxagorae,
1207 1914 1288 1941 quam
1296 1906 1421 1934 Archelai
1435 1907 1614 1942 physiologia,
1624 1907 1676 1934 hoc
1682 1915 1711 1934 se
1722 1915 1805 1934 unum

1019 1958 1149 1985 quaerere.

1021 1994 1093 2028 Quid
1107 1995 1208 2031 (telum,
1219 1997 1282 2031 quid
1296 1997 1370 2024 triste
1382 1997 1454 2024 domi
1468 2005 1524 2024 sors
1536 1999 1644 2032 propria
1663 2003 1754 2026 verset.

1022 2072 1168 2100 Enimvero
1179 2073 1306 2108 physicas
1319 2073 1379 2101 illas
1390 2073 1597 2108 disputationes,
1610 2082 1663 2101 non
1679 2075 1808 2102 molestas

1020 2126 1081 2146 esse
1097 2118 1241 2151 duntaxat,
1269 2123 1296 2146 et
1322 2119 1440 2146 hmnana
1466 2119 1593 2146 facultate
1617 2120 1744 2154 majores,
1761 2120 1806 2147 sed

1022 2166 1120 2200 impias
1132 2165 1225 2198 etiam,
1245 2165 1404 2200 legibusque
1420 2167 1582 2194 contrarias.
1609 2166 1684 2193 Alios
1710 2167 1809 2201 quippe

1022 2211 1111 2238 nullos
1126 2211 1204 2246 plane
1220 2211 1286 2239 deos
1305 2212 1468 2245 admittere;
1498 2212 1565 2239 alios
1590 2216 1637 2238 aut
1661 2212 1808 2242 inlinitum,

1022 2263 1068 2285 aut
1085 2259 1110 2286 id
1126 2258 1198 2293 quod
1219 2263 1270 2291 est,
1295 2263 1342 2286 aut
1365 2267 1460 2290 unum,
1486 2262 1534 2285 aut
1550 2258 1602 2285 alia
1620 2259 1746 2293 quzelibet
1762 2266 1810 2292 pro

1022 2305 1074 2332 diis
1100 2305 1209 2336 habere,
1235 2313 1316 2339 quant
1335 2305 1382 2340 qui
1401 2305 1482 2340 vulgo
1499 2305 1598 2339 recopti
1623 2309 1695 2331 sunt.
1723 2304 1811 2338 Atque

1023 2351 1072 2378 hos
1098 2350 1167 2377 inter
1197 2358 1321 2385 magnam
1351 2355 1480 2386 praetcrea
1512 2350 1709 2378 dissensionem
1739 2358 1809 2376 esse.

1022 2396 1096 2424 Alios
1115 2396 1187 2423 enim
1203 2397 1360 2424 universum
1375 2396 1510 2423 inlinitum
1525 2404 1636 2431 ponere,
1649 2396 1716 2423 alios
1728 2396 1811 2423 certis

1023 2443 1122 2470 tittibus
1136 2443 1363 2477 compreltensum
1379 2451 1386 2469 :
1406 2443 1525 2478 itemque
1549 2443 1618 2469 alios
1642 2442 1733 2469 omnia
1750 2450 1810 2469 mo-

1024 2490 1078 2517 veri
1107 2495 1247 2522 statuere,
1266 2489 1334 2516 alios
1359 2489 1470 2516 omnino
1494 2489 1572 2515 nihil.
1597 2488 1661 2515 Mihi
1685 2496 1761 2521 vero,
1787 2488 1810 2516 si

1023 2537 1170 2571 quidquam
1187 2536 1270 2567 aliud,
1297 2536 1349 2563 hoc
1364 2543 1430 2562 sane
1445 2535 1545 2570 optitne
1562 2535 1596 2562 ab
1623 2535 1669 2562 illo
1698 2535 1811 2562 Timone

1024 2582 1144 2610 Phliasio
1159 2583 1185 2610 in
1201 2582 1276 2610 Silii;
1305 2582 1408 2609 dictum
1427 2582 1543 2613 videtur,

1024 2642 1121 2676 Ecquis
1136 2650 1178 2668 eos
1193 2641 1252 2667 diro
1266 2648 1360 2675 pugna:
1375 2640 1548 2676 iit/layrtntavit
1568 2640 1680 2676 amore?

1024 2674 1186 2704 Concurrens
1200 2674 1295 2711 lingua:
1305 2674 1440 2710 fremitus.
1455 2674 1574 2711 Namque
1588 2675 1634 2701 ille
1643 2674 1768 2701 silentum

1025 2712 1181 2748 impatiens,
1195 2710 1279 2738 morbi
1291 2711 1416 2748 cotitagia
1431 2710 1499 2744 [uada
1515 2711 1632 2744 loquacia

1026 2746 1161 2774 Intinisit:
1178 2755 1246 2774 swuo
1267 2746 1344 2772 multi
1360 2746 1460 2780 periere
1476 2753 1582 2772 veneno.

1027 2815 1116 2847 Vides,
1132 2815 1363 2850 quemadmodum
1385 2822 1445 2841 sese
1463 2814 1578 2841 invicem
1598 2813 1720 2840 homines
1736 2820 1812 2847 egre-

1025 2863 1061 2898 gii
1077 2862 1223 2890 vellicent?
1236 2860 1343 2888 Mutuas
1364 2861 1472 2896 quidem
1490 2861 1598 2888 illorum
1614 2860 1810 2890 contentiones.
