3798 6220
402 258 466 316 ll
1530 259 1867 315 EPISTOLA
1911 261 2486 319 NUNCUPATOBIA.
3585 263 3658 315 4‘2

395 376 739 449 voluisset,
776 392 911 436 eum
931 417 949 451 ,
983 375 1148 455 quod
1175 374 1434 456 ipsemet
1462 377 1756 439 maluisse
1787 379 1959 440 visus
1986 388 2110 457 est,
2138 381 2306 442 inter
2332 379 2632 460 Origenes
2657 425 2674 456 ,
2706 378 3131 442 Tertullianos
3158 378 3196 454 ,'
3222 377 3640 445 Bardesanes.

403 496 702 559 Tatianos
723 539 740 571 ,
780 505 838 558 et
866 497 924 560 si
951 497 1058 576 qui
1077 507 1385 575 praeterea
1411 498 1762 561 miserabili
1799 499 2066 564 dissidio
2089 546 2106 577 ,
2148 503 2391 581 ingenii
2421 503 2840 583 doctrinaeque
2872 503 3113 564 laudem
3143 523 3183 562 a
3229 504 3560 582 religionis
3585 505 3650 564 et

397 619 544 701 ﬁdei
566 621 774 700 gloria
813 621 1232 702 sejunxerunt
1255 663 1272 694 ,
1305 621 1681 684 numeravit.
1717 621 1797 683 In
1825 640 1944 702 quo
1975 623 2223 704 quidem
2259 625 2327 686 id
2349 625 2636 705 providit
2661 645 2774 688 suo
2804 645 2973 688 more
3003 629 3344 707 sapienter,
3377 639 3446 690 ut
3486 649 3650 710 quo-

395 770 538 813 rum
567 770 645 814 ea:
673 750 876 813 morbi
913 751 1280 828 contagione
1322 751 1616 830 pericula
1643 769 1857 813 cavere
1897 762 2160 833 posset,
2211 772 2426 814 eorum
2455 754 2787 817 industria:
2814 753 3032 837 fructu
3078 774 3204 817 non
3249 765 3511 820 careret.
3555 757 3647 820 Et

394 898 540 941 vero
562 923 579 955 ,
613 881 741 941 sive
773 878 1131 941 timiditatis
1165 880 1280 941 hoc
1312 879 1441 959 fuit
1461 923 1478 954 ,
1520 880 1648 941 sive
1681 881 1934 960 fraudis
1957 926 1974 956 ,
2011 882 2234 943 tectius
2265 883 2368 944 hic
2395 883 2718 961 aliquanto
2747 901 2929 962 quam
2960 884 3168 946 caeteri
3192 930 3208 960 ,
3247 902 3319 944 ac
3349 903 3652 946 verecum

395 1003 538 1064 dius
564 1004 845 1066 insanire
871 1012 1131 1064 conatus
1161 1013 1274 1075 est,
1306 1010 1377 1063 ut
1407 1004 1538 1064 suis
1565 1005 1698 1083 ipse
1724 1003 1907 1066 libris
1929 1005 2183 1068 Arianae
2213 1005 2494 1086 perﬁdia:
2514 1006 2818 1067 maculam
2850 1018 3182 1087 aspergere
3224 1007 3438 1084 potius
3466 1021 3653 1084 quam

394 1130 648 1191 inurere
710 1124 1019 1187 videatur.
1064 1123 1263 1204 Atque
1301 1133 1373 1183 ut
1403 1121 1476 1182 de
1511 1120 1658 1184 aliis
1683 1123 1796 1184 hoc
1824 1122 1957 1183 loco
1982 1132 2294 1185 taceamus
2317 1169 2334 1200 ,
2369 1123 2646 1205 equidem
2687 1126 2852 1187 hunc
2903 1141 3034 1184 sese
3063 1125 3218 1186 mihi
3252 1125 3653 1203 potissimum

396 1245 696 1309 obtulisse
731 1242 968 1324 gaudeo
991 1289 1008 1321 ,
1039 1243 1108 1305 in
1139 1261 1255 1322 quo
1276 1241 1432 1304 labis
1460 1261 1532 1303 ac
1560 1243 1783 1304 veneni
1799 1243 2217 1321 parcissimus
2244 1243 2483 1322 fuerit,
2520 1242 2867 1320 exquisitas
2894 1240 3269 1304 eruditionis
3308 1261 3454 1322 opes
3491 1243 3652 1305 libe-

391 1371 521 1433 rali
547 1372 854 1450 plenaque
895 1386 1084 1430 manu
1113 1365 1517 1444 congesserit.
1561 1363 1723 1425 Sane
1751 1379 1898 1423 vero
1930 1359 2238 1441 quidquid
2295 1363 2409 1424 hoc
2438 1363 2508 1424 in
2532 1379 2752 1440 genere
2781 1360 2998 1422 laevum
3024 1381 3098 1423 ac
3112 1362 3496 1442 ﬂagitiosum
3517 1364 3653 1424 Eu-

394 1494 554 1556 sebii
583 1511 802 1554 manus
826 1490 1127 1552 alleverat
1153 1530 1170 1563 ,
1199 1486 1268 1549 id
1299 1505 1472 1547 omne
1509 1486 1932 1565 Trapezuntii
1954 1486 2157 1564 pietas
2183 1529 2201 1560 ,
2232 1485 2516 1547 molliore
2536 1485 2633 1546 vel
2660 1482 2821 1564 ston
2847 1486 3192 1550 induxerat
3212 1555 3234 1570 ﬁ
3253 1490 3349 1552 vel
3375 1495 3650 1572 spongia

393 1617 744 1686 deleverat;
774 1614 882 1676 sed
909 1616 978 1677 in
1008 1615 1351 1692 interprete
1367 1610 1517 1690 fides
1544 1611 1742 1689 magis
1773 1607 2195 1671 commendari
2217 1607 2412 1684 solet,
2446 1626 2628 1689 quam
2655 1611 2880 1688 pietas.
2905 1610 3274 1693 Quanquam
3301 1636 3413 1678 nec
3463 1619 3628 1681 tanti

395 1757 558 1812 certe
579 1743 998 1808 dissimulatio
1050 1740 1176 1803 ista
1202 1740 1353 1820 fuit,
1386 1757 1524 1800 cum
1547 1737 1903 1818 prcesertim
1943 1753 2070 1797 non
2099 1734 2343 1810 doceat,
2385 1743 2460 1797 ut
2495 1737 2723 1810 ueteri,
2767 1754 2897 1797 non
2934 1737 3180 1817 probet,
3212 1758 3340 1800 non
3379 1751 3624 1818 urgeat,

391 1876 500 1938 sed
519 1864 781 1937 mentem
802 1869 980 1933 modo
1007 1869 1232 1950 furtim
1259 1867 1496 1931 indicet
1524 1868 1868 1946 innuatque
1889 1885 2067 1926 suam
2089 1884 2109 1924 :
2150 1865 2332 1946 quasi
2387 1883 2516 1926 non
2565 1867 2698 1927 sine
2753 1867 3005 1945 pudore
3060 1869 3270 1949 aliquo
3325 1870 3646 1932 catholica:

388 2007 622 2088 frontis
654 2002 962 2086 pudorem
990 2005 1268 2062 exueret.
1300 1993 1383 2057 At
1411 2004 1713 2075 quantum
1739 1993 1838 2055 hic
1869 2011 1949 2054 eae
1975 1991 2283 2071 locuplete
2303 2007 2479 2069 penu
2498 2007 2708 2050 rerum
2760 2001 2943 2070 atque
2977 1993 3257 2053 locorum
3281 2037 3296 2068 ,
3333 2002 3391 2053 et
3413 2002 3648 2071 quanta

393 2150 531 2195 eum
557 2131 861 2193 varietate
902 2123 1274 2206 protulerit,
1299 2121 1557 2184 suavius
1582 2165 1598 2197 ,
1623 2129 1696 2182 ut
1726 2119 1980 2200 opinor,
2015 2115 2270 2197 legendo
2307 2117 2532 2178 sentiri
2554 2124 2794 2195 potest,
2845 2136 3027 2198 quam
3069 2117 3330 2180 dicendo
3385 2120 3644 2181 uberius

391 2253 724 2332 explicari.
756 2251 883 2327 Qui
908 2249 1155 2330 quidem
1182 2265 1441 2322 sensus,
1480 2247 1909 2309 litteratorum
1936 2243 2211 2305 omnium
2241 2243 2582 2304 communis
2613 2242 2812 2305 adhuc
2857 2243 3136 2325 idemque
3181 2246 3347 2326 fuit,
3395 2243 3504 2324 qui
3564 2252 3624 2303 et

388 2386 578 2466 hujus
603 2384 672 2445 in
708 2383 918 2463 operis
950 2381 1305 2462 cognitione
1330 2395 1462 2439 non
1482 2374 1785 2439 mediocri
1807 2373 2140 2453 diligentia
2167 2370 2495 2451 studioque
2524 2373 2760 2434 versati
2781 2385 2928 2437 sunt
2949 2418 2966 2449 ,
3008 2383 3066 2435 et
3095 2375 3164 2436 in
3185 2392 3251 2434 eo
3273 2373 3632 2452 nonminus

388 2513 732 2577 Eusebium
753 2511 826 2573 de
846 2510 1216 2590 antiquitate
1241 2509 1404 2587 ipsa,
1437 2524 1619 2585 quam
1648 2503 1721 2565 de
1741 2504 2037 2566 universa
2051 2503 2428 2582 posteritate
2453 2502 2748 2564 meruisse
2761 2500 3163 2580 judicarunt.
3185 2498 3382 2579 Atque
3408 2499 3522 2562 hoc
3535 2499 3642 2579 ju-

393 2645 629 2706 dicium
657 2641 944 2704 veritatis
999 2647 1090 2699 est
1109 2682 1127 2714 ,
1149 2654 1277 2697 non
1297 2635 1540 2716 gratiae.
1568 2633 1726 2698 Nam
1755 2642 1829 2694 ut
1857 2649 1959 2694 eos
1987 2633 2334 2710 scriptores
2363 2631 2641 2692 omittam
2665 2674 2681 2705 ,
2713 2647 2977 2710 quorum
3002 2639 3400 2691 monumenta
3450 2630 3630 2692 nobis

391 2769 797 2850 superiorum
819 2774 1068 2828 aetatum
1094 2780 1206 2825 nec
1249 2761 1503 2824 incuria
1541 2760 1817 2839 eripuit,
1847 2775 1961 2820 nec
1992 2755 2222 2819 invidit
2252 2757 2534 2836 injuria,
2569 2755 2795 2834 quibus
2817 2763 3018 2816 tamen
3046 2756 3145 2818 hic
3189 2773 3347 2816 novo
3376 2754 3640 2835 quodam

395 2907 453 2959 et
481 2897 727 2962 illustri
754 2913 900 2970 usu,
931 2893 1334 2957 auctoritatis
1365 2891 1715 2972 plurimum
1745 2897 1803 2950 et
1833 2887 2187 2968 splendoris
2217 2887 2502 2948 accessit.
2542 2883 2699 2961 Quis
2723 2901 2851 2944 non
2878 2884 3042 2946 hunc
3081 2885 3209 2963 ejus
3241 2882 3511 2945 laborem
3530 2925 3548 2960 ,
3573 2893 3639 2946 et

388 3035 607 3109 prisco
638 3023 738 3087 illi
766 3041 890 3084 (evo
918 3023 1260 3084 salutarem
1283 3064 1301 3094 ,
1359 3031 1416 3082 et
1446 3029 1664 3081 nostro
1694 3019 1839 3081 huic
1872 3016 2408 3098 jucundissimum
2435 3033 2507 3075 ac
2547 3011 3121 3093 fructuosissimum
3145 3028 3271 3069 esse
3302 3007 3636 3086 intelligat,

392 3167 510 3231 per
538 3167 716 3230 quem
745 3147 1113 3228 superstites
1143 3164 1254 3206 nec
1271 3163 1510 3224 paucas
1529 3188 1546 3219 ,
1587 3161 1698 3204 nec
1731 3143 1991 3220 exiguas
2013 3149 2401 3202 vetustorum
2423 3183 2439 3214 ,
2469 3140 2582 3200 hoc
2617 3147 2707 3199 est
2735 3138 2832 3200 vel
2859 3147 3128 3215 tempore
3159 3136 3295 3214 ipso
3328 3131 3640 3211 pretioso-

393 3292 537 3336 rum
562 3274 958 3354 ingeniorum
999 3253 1326 3348 reliquias,
1359 3267 1450 3326 sic
1480 3274 1770 3343 tanquam
1797 3272 2073 3324 servatas
2105 3280 2183 3322 ea:
2205 3259 2544 3343 foedissimo
2585 3261 2921 3340 naufragio
2955 3257 3198 3320 tabulas
3250 3257 3576 3318 habeamus
3609 3257 3641 3317 Ῡ

393 3395 595 3474 Atque
617 3403 688 3456 ut
719 3393 920 3456 obiter
947 3391 1225 3470 beneﬁcii
1247 3398 1491 3470 partem
1516 3389 1789 3466 aliquam
1822 3386 2213 3464 degustemus
2239 3429 2254 3460 ,
2291 3386 2423 3466 ejus
2455 3385 2524 3446 in
2544 3384 2772 3464 primis
2814 3399 3008 3460 opera
3037 3381 3641 3442 Sanchoniathonem

395 3527 609 3600 illum,
658 3525 964 3586 hominem
1009 3521 1429 3592 Phoenicium,
1460 3525 1516 3576 et
1542 3515 1868 3595 Trojanis,
1898 3515 1956 3575 si
1984 3513 2299 3593 plerisque
2331 3512 2514 3591 ﬁdes,
2541 3508 3302 3592 temporibussupparem
3329 3505 3640 3576 audimus,

395 3644 684 3712 Philonis
712 3641 1068 3722 Bybliensis
1098 3657 1203 3699 ore
1230 3683 1246 3712 ,
1286 3637 1358 3697 de
1387 3635 1826 3714 antiquissima
1854 3633 2213 3694 Phoenicum
2237 3631 2547 3710 theologia
2584 3631 3042 3710 disputantem;
3073 3647 3208 3708 quae
3241 3626 3644 3686 Hebraeorum

402 3793 483 3836 ea:
500 3771 781 3854 fontibus
803 3816 820 3847 ,
845 3766 952 3828 sed
982 3764 1230 3844 obliquo
1261 3781 1333 3824 ac
1364 3760 1539 3822 devio
1569 3760 1746 3839 flexu
1776 3758 2059 3821 derivata
2081 3804 2098 3834 ,
2143 3760 2210 3822 in
2232 3761 2565 3840 Egyptios
2590 3768 2813 3839 postea
2853 3759 3219 3835 Gracosque
3241 3755 3639 3818 redundavit.

399 3894 703 3956 Audimus
735 3900 789 3952 et
814 3890 1206 3951 OEnomaum
1229 3927 1246 3958 ,
1279 3899 1518 3956 acrem,
1549 3880 1817 3958 Superi!
1843 3897 2305 3960 pugnacemque
2334 3880 2797 3959 philosophum,
2820 3879 3017 3958 quinab
3039 3879 3330 3960 Apolline
3365 3883 3434 3942 in
3464 3884 3646 3960 frau-

397 4019 536 4082 dem
555 4017 898 4098 impulsus,
929 4033 1110 4095 quam
1138 4012 1455 4091 ingeniose
1490 4017 1682 4068 totam
1726 4006 1900 4069 illam
1940 4009 2340 4070 oraculorum
2368 4011 2705 4071 vanitatem
2739 4006 3003 4071 illudit?
3047 4021 3280 4089 quanta
3307 4012 3371 4073 vi
3409 4011 3641 4073 dictio-

398 4151 498 4210 nis
519 4148 703 4210 bilem
731 4166 802 4208 ac
832 4146 1212 4207 stomachum
1237 4145 1305 4207 in
1324 4143 1582 4224 profani
1632 4141 1904 4202 numinis
1929 4150 2117 4219 caput
2142 4141 2464 4220 erumpit?
2489 4140 2657 4216 Quid
2698 4159 2917 4221 graves
2954 4147 3012 4199 et
3068 4139 3346 4200 eruditas
3382 4156 3645 4198 comme-

399 4293 632 4335 morem
672 4271 999 4352 0rigenis,
1043 4268 1425 4348 Diogeniani
1449 4312 1464 4340 ,
1491 4265 1874 4326 Bardesanis
1906 4267 2435 4339 concertationes,
2467 4263 2763 4325 adversus
2791 4267 3043 4344 impiam
3081 4265 3369 4327 'siderum
3409 4265 3646 4343 fatique

397 4394 861 4465 necessitatem,
890 4408 1011 4470 pro
1035 4391 1315 4451 humanae
1354 4386 1664 4450 libertatis
1701 4385 2057 4464 defensione
2113 4387 2486 4463 susceptas?
2537 4385 2705 4461 Quid
2753 4389 3092 4466 Dionysios
3138 4386 3644 4462 Alexandrinos,

403 4521 556 4604 quid
579 4520 896 4583 Maximos
922 4565 938 4593 ,
970 4517 1376 4577 inveteratam
1412 4511 1586 4575 illam
1613 4513 1952 4574 multorum
1975 4512 2496 4591 philosophorum
2517 4511 2588 4572 de
2610 4516 2884 4575 materia:
2914 4516 3263 4574 wternitate
3322 4533 3394 4575 ac
3443 4532 3648 4594 prope

406 4643 738 4706 divinitate
774 4639 1141 4700 sententiam
1160 4681 1177 4711 ,
1208 4636 1650 4716 pulcherrimis
1681 4654 1753 4696 ac
1783 4635 2158 4714 ﬁrmissimis
2187 4634 2545 4696 rationibus
2578 4645 2916 4698 evertentes
2939 4643 2970 4701 ?
2999 4643 3120 4702 Dat
3145 4641 3249 4702 ille
3269 4641 3449 4702 nobis
3473 4642 3640 4702 Por-

403 4768 697 4848 phyrium
729 4809 746 4841 ,
781 4785 858 4827 ea:
885 4765 1104 4827 intimo
1146 4770 1422 4824 veterum
1455 4760 1859 4822 oraculorum
1880 4761 2062 4833 sinu,
2093 4779 2321 4822 novum
2355 4761 2695 4842 reconditae
2710 4765 3126 4843 philosophice
3172 4783 3367 4843 genus
3421 4783 3644 4826 eruen-

402 4903 544 4956 tem.
581 4891 890 4954 Producit
917 4889 1319 4964 Numenium,
1347 4889 1691 4951 Platonica:
1739 4890 2065 4953 academite
2091 4901 2290 4954 sectas
2308 4901 2492 4972 atque
2533 4891 2846 4969 divortia,
2891 4914 3020 4956 non
3064 4898 3268 4959 minus
3312 4896 3651 4975 diligenter

403 5029 463 5081 et
490 5020 806 5082 enucleate
831 5061 847 5092 ,
873 5035 1056 5098 quam
1089 5014 1371 5097 jucunde
1401 5034 1473 5076 ac
1505 5015 1786 5077 suaviter
1817 5015 2574 5098 explicantem.eEjusdem
2607 5035 2686 5078 ea:
2715 5017 3058 5079 Academiae
3095 5021 3324 5098 spatiis
3368 5022 3652 5083 Atticum

400 5143 769 5205 Aristoclem
783 5143 954 5204 sistit
972 5159 1051 5202 ea:
1070 5140 1288 5222 Lyceo,
1307 5159 1571 5221 quorum
1588 5141 1692 5204 ille
1714 5143 1805 5204 sic
1819 5142 2217 5204 Aristotelem
2233 5141 2544 5206 aPlatone
2570 5141 2836 5220 divellit,
2859 5155 2929 5205 ut
2947 5162 3181 5206 omnem
3197 5147 3364 5207 inter
3389 5165 3489 5206 eos
3502 5147 3652 5226 phi-

400 5268 700 5348 losophice
724 5269 1080 5329 societatem
1111 5267 1658 5347 commerciumque
1683 5266 1905 5338 tollat;
1932 5269 2034 5331 hic
2063 5279 2269 5330 autem
2295 5269 2659 5332 Aristotelis
2686 5271 2791 5332 sui
2811 5270 3251 5350 defensionem,
3292 5290 3431 5331 cum
3462 5273 3652 5352 longa

403 5403 463 5453 et
497 5400 797 5453 accurata
833 5407 1046 5451 eorum
1070 5388 1336 5464 maxime
1368 5390 1894 5471 philosophorum
1917 5436 1934 5468 ,
1966 5393 2076 5472 qui
2099 5392 2382 5455 sensibus
2425 5401 2539 5454 aut
2567 5393 2732 5454 nihil
2767 5402 2880 5453 aut
2917 5395 3123 5456 omnia
3151 5395 3515 5477 crederent,
3548 5413 3651 5455 re-

399 5521 813 5601 prehensione
845 5518 1193 5603 conjungit.
1224 5518 1415 5581 Debet
1440 5520 1587 5583 huic
1616 5521 1958 5603 Africanus
1995 5523 2432 5602 Chronologia:
2453 5540 2580 5584 suae
2599 5524 3020 5614 fragmentum
3050 5541 3196 5583 sane
3228 5523 3648 5586 luculentum.

409 5649 594 5715 Debet
624 5648 917 5712 Plotinus
945 5649 1208 5728 egregiee
1235 5647 1691 5740 disputationis
1723 5652 2080 5713 auctarium
2104 5694 2122 5726 ,
2181 5667 2301 5732 qua
2357 5648 2803 5711 immortalium
2856 5649 3204 5711 animorum
3239 5646 3656 5727 purissimam
