3798 6220
141 303 195 359 13
1333 319 1672 377 EPISTOLA
1704 320 2271 382 NUNCUPATORIA.
3341 345 3405 400 14

132 426 500 506 divinumque
525 436 863 492 naturam
885 475 902 505 ,
935 433 1012 495 ab
1045 438 1213 499 omni
1240 455 1561 518 corporeis
1596 447 1656 500 et
1687 439 1870 502 molis
1900 444 2299 506 concretione
2357 447 2654 528 sejungit.
2690 432 2883 513 Debet
2905 452 3094 516 Philo
3141 455 3402 520 Iudaeo-

130 573 248 617 rum
275 555 856 634 eloquentissimus
876 607 895 639 ,
923 565 1421 643 pulcherrimam
1446 613 1464 638 ,
1498 569 1556 630 si
1580 588 1778 631 unum
1817 579 1932 632 aut
1956 571 2227 634 alterum
2263 575 2407 638 inde
2453 594 2694 641 navum
2727 581 3062 644 sustuleris
3087 626 3105 656 ,
3166 580 3397 648 Provi-

129 687 322 750 dentia
343 689 580 751 divine
618 695 1183 771 praedicationem.
1207 701 1330 763 Cui
1352 709 1557 762 tamen
1583 704 1642 763 si
1673 699 1827 782 quid
1865 703 2080 767 deerat
2113 749 2131 781 ,
2170 706 2238 768 id
2283 717 2484 770 totum
2536 711 2924 790 amplissima
2975 733 3055 778 ea:
3101 717 3402 799 Dionysii

130 794 528 876 Alexandrini
560 834 784 895 opere
812 865 830 892 ,
869 830 996 881 tam
1017 823 1315 902 pietatis,
1339 843 1521 903 quam
1551 827 1934 891 eruditionis
1967 834 2166 894 omnis
2211 836 2566 897 accessione
2614 837 2976 902 cumulavit.
3023 842 3210 906 Debet
3244 861 3398 923 pos-

131 948 326 1011 tremo,
389 956 537 1017 qua
564 960 759 1022 pars
801 954 894 1006 est
925 950 1417 1028 Praeparationis
1446 951 1635 1034 hujus
1654 956 2091 1034 perinsignis,
2144 959 2553 1024 Hebraeorum
2602 962 2714 1025 illa
2765 967 2982 1041 natio,
3033 973 3392 1034 memoriam

120 1062 330 1140 generis
361 1080 736 1145 rerumque
761 1089 1034 1133 suarum
1060 1073 1564 1134 vetustussimam
1581 1095 1602 1135 :
1625 1076 1808 1157 cujus
1834 1075 1917 1137 ad
1939 1077 2360 1142 celebritatem
2382 1125 2400 1158 ,
2437 1084 2547 1162 qui
2572 1104 2702 1146 non
2723 1091 2858 1170 ejus
2897 1112 3044 1156 voce
3073 1095 3389 1178 ductuque

119 1208 424 1253 convenere
449 1197 481 1255 ἵ
516 1195 766 1260 Graeci
789 1243 808 1272 ,
841 1199 1104 1262 barbari
1135 1208 1420 1261 oratores
1448 1245 1465 1275 ,
1492 1210 1728 1282 poetw,
1752 1202 2081 1274 historici,
2117 1203 2342 1268 Berosi
2358 1249 2375 1281 ,
2411 1207 2878 1295 Megasthenes,
2909 1221 3212 1302 Abydeni,
3246 1225 3387 1289 Eu-

112 1311 347 1389 polemi,
381 1291 1428 1394 Heeateei,Demetrii,Charili,
1460 1322 1849 1397 Ezechieles,
1892 1325 2230 1407 Artapani.
2287 1330 2485 1412 Cujus
2537 1334 2607 1394 in
2661 1291 2870 1399 laudis
2924 1291 3384 1424 acvdiligentia

104 1450 324 1516 partem
347 1485 366 1514 ,
396 1451 477 1502 ut
499 1444 858 1526 Iosephus
872 1448 1077 1508 etiam
1102 1449 1354 1523 veniat,
1388 1448 1566 1528 longe
1597 1461 1801 1512 tamen
1830 1461 1923 1513 est
1956 1453 2212 1518 Eusebii
2235 1458 2452 1536 gratia
2496 1460 2831 1526 liberalior
2857 1486 2878 1526 :
2925 1474 2984 1528 et
3036 1486 3101 1528 eo
3135 1469 3386 1549 quidem

106 1559 444 1622 astimanda
461 1565 710 1644 pluris
732 1611 753 1640 ,
791 1568 962 1647 quod
987 1587 1070 1630 ex
1097 1571 1228 1633 illis
1243 1572 1660 1654 profanorum
1679 1577 2000 1638 hominum
2024 1579 2420 1656 testimoniis,
2451 1584 2533 1645 ad
2551 1604 2747 1649 sacrw
2773 1589 3056 1654 historice
3081 1596 3377 1657 notitiam

105 1679 429 1756 plurimum
459 1703 643 1765 saepe
667 1686 847 1750 lucis
882 1689 1272 1750 hauriamus.

163 1807 290 1866 Hoc
321 1808 534 1886 igitur
561 1811 907 1874 Eusebius
933 1820 1058 1875 tam
1083 1810 1400 1898 frequenti
1425 1839 1499 1881 ac
1523 1829 1647 1882 tam
1673 1822 1875 1884 nobili
1901 1823 2200 1887 comitatu
2231 1836 2466 1907 septus,
2506 1829 2588 1892 ad
2635 1840 2692 1892 te
2715 1837 2908 1908 venit,
2939 1835 3374 1919 Archiprcesul

103 1926 532 2007 illustrissime,
561 1942 648 1996 ut
684 1937 1014 2018 quodper
1060 1957 1189 1998 sese
1232 1958 1361 2001 non
1407 1951 1662 2021 posset,
1701 1954 1795 2006 tot
1847 1945 2237 2010 eruditorum
2287 1950 2629 2029 clientium,
2675 1973 2848 2036 quos,
2901 1979 2977 2022 ne
3030 1965 3149 2025 toti
3193 1966 3378 2031 nobis

99 2050 312 2132 sibique
339 2066 804 2132 morerentur,
839 2059 1158 2139 singulari
1197 2061 1406 2124 studio
1425 2062 1784 2142 prohibuit,
1820 2063 2171 2146 conjunctis
2200 2068 2456 2130 vocibus
2491 2073 2844 2149 graviorem
2873 2079 2947 2139 ab
2978 2081 3366 2152 humanitate

102 2176 588 2240 tuatemeritatis
620 2196 1029 2259 suwpanam
1057 2181 1450 2262 deprecetur.
1478 2183 1624 2247 Non
1655 2204 1741 2261 es,
1769 2195 1842 2246 ut
1871 2203 2084 2266 spero,
2118 2190 2188 2251 in
2213 2209 2350 2252 eum
2381 2192 2608 2258 durior
2634 2207 2694 2259 et
2725 2200 3157 2271 inclementior
3182 2215 3370 2294 futu-

98 2314 216 2368 rus,
249 2315 428 2376 quam
461 2315 773 2358 summos
795 2299 1134 2378 pontiﬁces
1173 2299 1382 2360 eadem
1412 2302 1482 2362 in
1510 2321 1702 2363 causa
1715 2304 1852 2383 jam
1883 2308 2171 2370 senserit.
2209 2309 2372 2372 Mihi
2394 2314 2562 2391 forte
2590 2319 2804 2382 verior
2833 2331 3148 2394 metuendi
3179 2355 3372 2401 causa

98 2439 291 2505 restat,
323 2449 402 2492 ne
429 2431 877 2510 gravioribus
921 2434 1049 2494 tuis
1079 2433 1622 2514 sanctioribusque
1674 2436 1847 2496 curis
1899 2436 2194 2500 molestus
2240 2441 2680 2521 interpellator
2723 2448 3067 2533 adveniam,
3115 2462 3368 2542 ignotus

97 2563 413 2637 praesrtim
443 2578 523 2621 ac
572 2577 797 2620 novus
825 2560 1031 2634 homo,
1083 2569 1209 2626 tam
1269 2561 1423 2624 mihi
1453 2564 1781 2623 tenuitatis
1816 2571 1876 2624 et
1900 2565 2131 2644 inopia:
2158 2584 2304 2629 mea:
2336 2570 2646 2645 conscius,
2682 2590 2866 2652 quam
2921 2587 3043 2642 tua
3073 2589 3376 2663 conscius,

100 2684 420 2762 dignitatis.
458 2687 888 2768 Quanquam,
921 2687 1032 2776 ubi
1067 2694 1124 2748 te
1160 2689 1416 2768 penitus
1446 2706 1767 2768 moresque
1802 2698 1944 2750 tuos
1982 2696 2339 2770 recognovi,
2370 2712 2447 2754 ne
2480 2697 2646 2757 hunc
2676 2701 2922 2780 quidem
2949 2718 3198 2786 metum,
3230 2714 3364 2774 sine

102 2810 277 2888 aliqua
306 2811 680 2890 offensione
715 2810 1081 2892 injuriaque
1114 2818 1225 2871 tua
1249 2812 1516 2874 retineri
1543 2830 1727 2892 posse
1756 2813 2063 2893 intelligo.
2111 2816 2282 2875 Rara
2309 2835 2456 2877 sane
2497 2819 2632 2878 laus
2663 2827 2722 2877 et
2758 2821 2990 2884 eximia
3017 2827 3362 2896 voluntatis

104 2935 420 3015 indolisque
467 2944 630 3009 tuae,
697 2936 772 2996 in
821 2943 999 2994 tanta
1039 2932 1241 2996 divini
1290 2935 1566 2996 muneris
1605 2933 2020 3013 ampli-tudine
2069 2955 2286 2998 cavere
2320 2937 2676 3018 diligenter,
2712 2961 2789 3005 ne
2832 2950 3153 3030 quisquam
3183 2957 3363 3022 aditu

101 3075 150 3115 se
177 3075 643 3137 congressuque
698 3064 840 3129 tuo,
897 3074 970 3115 ac
1005 3073 1081 3116 ne
1131 3055 1568 3119 benevolentia
1601 3055 1850 3136 quidem
1887 3066 2007 3120 tua:
2057 3058 2346 3139 beneﬁcio
2401 3062 2730 3144 indignum
2779 3077 3147 3145 arbitretur.
3206 3091 3362 3152 Utar

99 3184 271 3258 igitur
299 3185 410 3244 hoc
441 3191 719 3244 natura:
753 3189 875 3241 tua:
903 3179 1088 3255 bono,
1126 3181 1182 3242 si
1215 3191 1391 3242 tuum
1425 3179 1590 3245 illud
1638 3191 1844 3244 tamen
1881 3195 1995 3257 est,
2031 3184 2198 3264 quod
2231 3196 2552 3267 acceptum
2597 3211 2636 3252 a
2675 3202 3039 3280 majoribus,
3078 3218 3135 3268 et
3176 3216 3357 3275 novis

91 3329 192 3388 per
217 3321 269 3370 te
298 3309 727 3372 incrementis
758 3318 1033 3383 auctum,
1066 3316 1190 3368 tam
1238 3327 1553 3374 commune
1607 3329 1748 3372 cum
1785 3313 2068 3375 omnibus
2120 3333 2246 3374 esse
2275 3319 2575 3394 voluisti.
2612 3324 2738 3386 Nec
2782 3345 2926 3388 vero
2971 3331 3168 3396 solam
3195 3339 3356 3402 hanc

95 3435 391 3511 facilitatis
444 3433 864 3512 aliarumque
913 3434 1219 3495 virtutum
1261 3435 1553 3512 gloriam,
1588 3437 1658 3498 in
1693 3434 2054 3502 clarissima:
2083 3441 2474 3506 GONDIOBUM
2498 3448 2752 3527 familiae
2793 3454 3054 3534 stirpem
3084 3450 3390 3538 fontem?

93 3578 182 3638 que
207 3559 538 3640 refudisti.
575 3559 804 3622 Novus
834 3557 918 3616 ad
947 3576 1073 3616 eam
1104 3573 1219 3637 per
1248 3569 1305 3621 te
1336 3559 1636 3639 splendor
1685 3566 1967 3640 accessit,
2028 3567 2119 3627 ita
2171 3567 2287 3629 tibi
2333 3575 2662 3651 proprius,
2715 3577 2807 3638 ita
2859 3582 3230 3660 singularis,
3283 3600 3355 3650 ut

91 3690 292 3748 socium
324 3691 392 3751 in
422 3709 497 3750 eo
531 3708 912 3770 quemquam
938 3710 1051 3753 nec
1079 3691 1322 3767 habeas,
1342 3711 1454 3753 nec
1481 3693 1705 3756 habere
1715 3696 1948 3773 possis.
1983 3695 2278 3759 Illustria
2311 3708 2476 3774 sunt,
2510 3720 2620 3762 nec
2651 3703 2857 3766 laudis
2884 3707 3079 3770 ullius
3109 3717 3354 3790 egentia

98 3813 335 3873 nominis
364 3834 444 3874 ac
474 3817 742 3894 generis
777 3819 876 3879 tui
906 3817 1153 3894 decora,
1183 3822 1391 3900 fateor
1412 3841 1434 3880 :
1464 3839 1537 3881 ac
1567 3840 1643 3881 ne
1677 3831 1854 3882 tanta
1875 3823 1943 3883 in
1966 3823 2103 3885 luce
2129 3834 2519 3904 quaereretur
2544 3828 2750 3888 vivum
2779 3830 2964 3890 etiam
2995 3851 3067 3892 ac
3096 3837 3351 3914 spirans

96 3937 448 4003 Christianae
477 3942 892 4006 demissionis
936 3947 1305 4024 exemplum,
1338 3948 1544 4028 frater
1567 3947 1676 4010 ille
1708 3957 1877 4023 tuus,
1912 3969 1975 4010 se
2005 3951 2144 4028 ipso
2174 3969 2362 4024 nunc,
2397 3970 2531 4030 qua:
2576 3972 2812 4014 summa
2831 3957 3202 4034 prmdicatio
3233 3973 3344 4040 est,

92 4061 285 4134 fortior
317 4076 524 4144 atque
575 4065 884 4139 nobilior,
928 4064 1142 4127 Gallia
1190 4076 1327 4128 tota
1359 4070 1626 4132 mirante
1669 4072 1963 4151 perfecit.
2013 4070 2134 4132 Sed
2170 4073 2495 4152 ejusmodi
2526 4084 2730 4136 tamen
2761 4081 2968 4141 omnia
3018 4093 3186 4158 sunt,
3216 4103 3351 4164 quce

101 4201 256 4252 tecum
291 4205 351 4257 et
384 4214 544 4257 cum
577 4195 730 4257 aliis
763 4194 1214 4256 communicari
1239 4197 1591 4275 potuerint.
1623 4197 1802 4272 Nam,
1829 4205 1900 4258 ut
1931 4199 2155 4259 caetera
2185 4199 2363 4260 modo
2407 4219 2535 4260 non
2565 4204 2891 4282 attingam,
2922 4228 3193 4272 summus
3237 4213 3344 4276 ille

92 4300 330 4396 profecto
393 4327 497 4378 est
542 4316 883 4397 dignitatis
939 4317 1317 4396 honorisque
1380 4315 1642 4394 gradus,
1675 4316 1757 4378 ad
1783 4336 1961 4397 quem
1997 4321 2480 4386 Illustrissimus
2511 4325 2856 4389 cardinalis
2882 4331 3334 4416 HENRICUS,

92 4449 256 4524 frater
278 4449 440 4508 item
474 4456 654 4522 tuus,
684 4465 812 4506 non
839 4448 1047 4505 minus
1074 4444 1381 4505 virtutum
1438 4463 1716 4519 suarum,
1749 4465 1931 4528 quam
1968 4447 2274 4513 Ludovici
2301 4454 2478 4514 Justi
2505 4453 2814 4535 suffragio
2850 4467 3090 4520 evectus
3119 4481 3340 4524 ascen-

95 4562 253 4628 derat.
283 4567 424 4628 Sed
475 4563 660 4626 illum
717 4565 922 4643 ipsum
976 4570 1197 4635 tamen,
1251 4571 1766 4644 quantuscunque
1805 4574 1913 4634 est,
1966 4568 2076 4646 qui
2106 4578 2270 4630 certe
2307 4575 2617 4637 maximus
2665 4587 2777 4654 est,
2807 4584 3255 4664 quamplurimi
3284 4601 3341 4652 et

92 4703 237 4754 eatea
273 4693 620 4756 consecuti
646 4700 821 4765 sunt,
856 4696 914 4751 et
942 4696 1162 4769 postea
1189 4680 1647 4768 consequentur
1670 4710 1690 4748 :
1726 4698 1908 4769 atque
1938 4700 2010 4767 ut
2042 4691 2114 4753 de
2162 4701 2218 4753 te
2270 4695 2408 4774 ipso
2442 4717 2569 4759 non
2614 4701 2745 4764 nisi
2789 4704 3057 4768 modeste
3091 4710 3336 4800 loquar,

92 4824 142 4875 tu
165 4815 410 4895 quidem
470 4833 555 4878 ea:
585 4811 720 4875 illis'
769 4829 933 4873 unus
970 4829 1097 4871 esse
1140 4822 1344 4890 potes.
1395 4810 1479 4871 At
1521 4812 1772 4890 primus
1823 4813 2244 4893 Parisiorum,
2273 4817 2388 4878 hoc
2443 4828 2535 4880 est
2559 4822 2737 4885 urbis
2779 4827 3031 4889 urbium
3064 4835 3336 4896 omnium

85 4943 377 5020 principis
411 4940 958 5018 archiepiscopus,
976 4956 1089 4998 nec
1109 4935 1274 4998 alius
1303 4935 1412 4997 abs
1451 4944 1508 4996 te
1537 4937 1862 5016 quisquam
1891 4947 1983 4999 tot
2010 4948 2182 5001 retro
2212 4942 2456 5004 saeculis
2483 4945 2718 5024 fuerat,
2753 4956 2812 5008 et
2843 4952 3123 5015 omnibus
3153 4954 3332 5017 dein-

87 5087 201 5148 ceps
252 5067 581 5141 aetatibus,
611 5055 851 5144 praeter
878 5082 1072 5126 unum
1102 5072 1180 5137 te,
1231 5063 1398 5124 alius
1448 5080 1577 5122 esse
1609 5081 1739 5124 non
1780 5065 2040 5143 poterit.
2099 5065 2296 5147 Cujus
2338 5067 2457 5130 tibi
2509 5070 2913 5148 cogitationis
2972 5095 3039 5136 eo
3075 5079 3335 5139 suavior

87 5203 281 5269 gustus
316 5211 453 5253 esse
482 5189 681 5263 debet,
713 5207 833 5270 quo
853 5190 990 5270 jam
1019 5196 1075 5248 et
1106 5187 1417 5249 communi
1445 5205 1633 5247 sensu
1657 5187 2066 5268 populorum,
2089 5200 2147 5250 et
2167 5187 2352 5270 longo
2373 5191 2742 5255 sceculorum
2768 5216 2911 5272 usu,
2944 5201 3056 5262 hac
3075 5220 3337 5306 prwroj

86 5315 269 5386 gativa
295 5311 638 5391 dignitatis
669 5319 727 5372 et
750 5309 1021 5385 ordinis,
1052 5309 1438 5372 latissimum
1464 5310 1771 5390 quoddam
1799 5313 2156 5374 sanctitatis
2187 5315 2428 5376 eximiae
2447 5315 2542 5377 vel
2560 5317 2936 5396 auspicium,
2968 5321 3064 5382 vel
3081 5309 3337 5432 praju-J

90 5437 292 5501 dieium
328 5441 718 5500 continetur.
753 5439 974 5517 Itaque
1005 5437 1113 5499 abs
1146 5446 1252 5498 tuo
1293 5439 1564 5513 nomine,
1621 5438 2054 5520 Archiprwsul
2105 5444 2637 5518 reverendissime,
2666 5463 2864 5506 novus
2894 5446 3326 5525 imposterum,

91 5589 143 5632 ac
161 5573 370 5652 priori
405 5573 584 5652 longe
615 5568 924 5642 nobilior,
953 5569 1258 5650 majorum
1300 5571 1660 5632 antistitum
1693 5571 1847 5635 ordo
1902 5573 2210 5652 seriesque
2258 5573 2544 5650 ducetur,
2575 5583 2633 5635 et
2660 5577 2899 5654 quoties
2934 5595 3062 5638 non
3085 5587 3326 5641 tantum

96 5699 444 5778 amplissima
472 5700 872 5776 Goxmoncu
904 5703 1153 5776 tuorum
1178 5697 1444 5776 familia,
1477 5695 1585 5758 sed
1615 5699 1801 5794 etiam
1831 5699 2083 5763 Lutetia
2111 5703 2290 5780 regni
2322 5710 2531 5782 caput,
2558 5700 2629 5762 de
2663 5705 2954 5767 maximis
2977 5708 3323 5770 honoribus
