3798 6220
459 268 528 324 15
1781 261 1959 318 VIGEI

2185 261 2443 318 EFATIO.
3624 258 3685 314 16

453 393 777 474 titulisque
823 392 957 454 suis
1005 388 1466 458 recordabitur,
1527 386 1708 448 toties
1754 395 2020 466 utraque
2070 385 2402 446 Francisci
2469 383 2569 443 sui
2617 382 2991 455 memoriam,
3043 397 3226 459 aquo
3273 395 3498 440 novum
3538 378 3688 440 hunc

450 519 820 598 auspicetur
851 512 1232 576 sanctissimi
1259 509 1601 572 sacerdotii
1629 512 2086 590 principatum,
2135 511 2508 572 suavissima
2538 518 2598 570 et
2630 509 3032 571 ornatissima
3079 505 3500 588 gratulatione
3549 507 3692 568 cele-

453 639 682 704 brabit.
715 639 936 701 Verum
989 644 1059 696 ut
1107 633 1188 695 ad
1218 653 1310 694 me
1351 645 1659 706 revertar,
1710 653 1821 696 nec
1881 646 2082 696 tamen
2139 635 2246 696 abs
2277 645 2334 696 te
2386 634 2719 708 discedam,
2771 633 2924 695 mihi
2952 630 3219 711 quidem,
3249 634 3304 694 si
3339 629 3518 693 aliud
3543 633 3695 697 nihil

452 769 746 850 ﬁduciam
784 770 979 830 aleret
1031 769 1384 848 faceretque
1437 786 1653 841 meam,
1704 769 1803 829 vel
1859 787 1925 828 eo
1975 776 2176 828 tamen
2229 769 2467 848 egregie
2518 764 2896 846 sperandum
2933 770 3246 841 putarem,
3288 758 3455 839 quod
3503 779 3571 820 ea
3611 780 3693 821 me

450 899 728 961 Societas
756 899 826 960 in
853 897 986 957 suis
1011 903 1314 970 numeret,
1352 896 1458 958 cui
1507 915 1587 958 ea:
1629 899 1835 957 animo
1866 896 2013 958 bene
2043 895 2216 971 velle,
2273 905 2396 955 tam
2429 912 2632 974 prope
2667 890 3131 955 hccreditarium
3157 888 3414 970 familia:
3448 897 3565 949 tuo:
3612 901 3692 952 est

451 1037 524 1081 ac
553 1015 842 1093 solemne,
892 1035 1073 1097 quam
1119 1035 1361 1080 nomen.
1415 1017 1540 1093 Qui
1569 1036 1810 1090 sensus,
1853 1036 2036 1097 quam
2081 1016 2204 1078 alte
2253 1035 2459 1080 animo
2508 1018 2778 1079 insideat
2824 1017 3168 1096 hwreatque
3200 1025 3331 1089 tuo,
3370 1017 3504 1096 jam
3532 1016 3693 1078 ultro

450 1143 680 1222 saepius
720 1161 846 1203 non
904 1150 1144 1203 tantum
1185 1143 1628 1217 amantissime,
1674 1141 1783 1204 sed
1833 1145 2020 1205 etiam
2068 1143 2447 1206 amicissime
2493 1142 2853 1206 declarasti.
2908 1144 3103 1224 Cujus
3155 1142 3500 1206 voluntatis
3530 1162 3603 1204 ne
3638 1153 3692 1205 te

448 1285 721 1349 unquam
744 1269 1066 1348 paeniteat,
1119 1268 1395 1330 Societas
1423 1269 1706 1330 vicissim
1730 1278 1956 1330 nostra
1985 1268 2268 1332 omnibus
2315 1267 2720 1330 observantiae
2742 1269 3028 1347 gratique
3057 1271 3253 1332 animi
3283 1272 3534 1352 ofﬁciis,
3566 1291 3694 1334 cum

451 1391 686 1452 amoris
711 1391 806 1451 tui
831 1389 1121 1469 beneﬁcio
1145 1385 1475 1470 studioque
1505 1391 1790 1454 certabit.
1817 1391 1952 1470 Ego
1973 1409 2144 1466 vero,
2168 1400 2240 1452 ut
2265 1391 2538 1451 omnium
2558 1390 2955 1464 novissimus,
2976 1393 3180 1454 animo
3203 1403 3406 1456 tamen
3427 1398 3694 1461 omnibus

452 1515 862 1594 obsequioque
891 1512 1270 1589 simillimus,
1321 1533 1459 1576 cum
1510 1515 1688 1577 aliud
1716 1517 1870 1579 mihi
1914 1534 2082 1576 nunc
2133 1515 2216 1577 ad
2242 1533 2492 1576 manum
2545 1523 2702 1576 esset
2751 1515 2940 1594 nihil,
2969 1518 3134 1582 hunc
3186 1523 3565 1586 cuicuimodi
3594 1527 3689 1600 sit,

452 1645 687 1709 laboris
726 1645 934 1706 nostri
985 1647 1222 1725 fastum,
1277 1643 1703 1722 Amplitudini
1759 1654 1879 1707 tua:
1914 1645 2301 1726 offerendum
2351 1655 2409 1708 et
2462 1645 2950 1707 consecrandum
2990 1647 3256 1726 putavi:
3307 1657 3380 1710 ut
3433 1665 3606 1727 quem
3632 1651 3695 1712 in

448 1770 647 1834 medio
683 1762 945 1834 Lutetia:
980 1779 1099 1832 tua:
1127 1758 1295 1845 sinu,
1330 1771 1732 1851 quotidianus
1783 1773 1951 1834 inter
1977 1763 2246 1835 docendi
2275 1791 2459 1835 curas
2497 1782 2715 1836 natum
2769 1785 2952 1854 atque
2998 1785 3359 1856 susceptum
3409 1779 3692 1840 hactenus

451 1899 732 1975 educavi,
783 1901 838 1961 is
891 1907 997 1960 tuo
1041 1899 1112 1960 in
1149 1898 1477 1978 complexu
1523 1897 1814 1980 deinceps
1869 1918 1996 1961 non
2043 1899 2222 1961 modo
2274 1901 2549 1982 feliciter
2603 1893 2954 1976 adolescat,
3002 1897 3111 1960 sed
3148 1918 3354 1960 omnes
3398 1900 3578 1961 etiam
3607 1896 3688 1960 vel

452 2024 748 2104 temporis
799 2025 1095 2105 injurias,
1149 2020 1243 2084 vel
1287 2025 1623 2103 petitiones
1674 2025 1949 2100 invidiae,
1990 2035 2096 2088 tuo
2130 2027 2490 2108 patrocinio
2549 2035 2746 2089 tectus
2792 2046 2865 2088 ac
2915 2026 3204 2112 defensus
3263 2027 3496 2093 eludat.
3535 2029 3688 2090 Vale.

450 2149 718 2213 Lutetiae
745 2151 1162 2226 Parisiorum,
1194 2170 1360 2214 anno
1388 2154 1640 2219 Domini
1669 2157 1994 2219 millesimo
2021 2159 2472 2221 sexcentesimo
2497 2157 2786 2222 vicesimo
2811 2157 3097 2238 septimo,
3132 2168 3356 2240 quarto
3387 2156 3692 2222 Kalendas

451 2280 767 2350 Octobris.

649 2666 988 2735 Illustriss.
1026 2691 1101 2736 ac
1136 2670 1567 2742 Reverendiss.
1609 2671 2034 2759 Amplitudini
2071 2673 2216 2740 Tua

2064 2836 2506 2904 Deditissimus

2214 3007 2608 3069 ancrscus
2643 3003 3012 3075 VIGEBUS,

2159 3129 2402 3174 SOCIET.
2462 3129 2611 3171 JESU
2678 3127 2753 3169 PR
2764 3125 3064 3168 ESBYT‘ER.

687 3733 850 3823 AD
921 3729 1754 3824 CHRISTIANUM
1828 3730 1980 3821 ET
2053 3731 2687 3823 CANDIDUM
2760 3727 3451 3824 LECTOREM.

2037 4031 2104 4046 β

530 4270 791 4336 Cum'in
823 4283 902 4332 eo
931 4276 1101 4332 esset
1129 4269 1486 4343 Eusebius,
1522 4275 1590 4333 ut
1622 4268 2098 4332 sanctissimum
2124 4268 2502 4330 Christianae
2535 4267 2874 4347 religionis
2903 4267 3244 4331 Auctorem
3277 4311 3294 4339 ,
3335 4262 3688 4345 perspicuis

451 4378 514 4436 et
542 4370 953 4436 evidentibus
1008 4371 1402 4448 argumentis
1435 4369 1756 4434 Christum
1798 4369 1986 4433 illum
2027 4386 2172 4432 esse
2202 4370 2606 4445 ostenderet,
2637 4385 2830 4448 quem
2866 4367 3081 4430 divina
3119 4367 3532 4428 liebraaurum
3565 4380 3699 4426 ora-

450 4471 596 4534 cula
626 4477 800 4532 tanto
829 4475 976 4531 ante
1022 4469 1458 4545 cecinissent;
1507 4488 1589 4533 ue
1642 4487 1836 4551 quam
1875 4471 2227 4549 gentilibus
2267 4470 2512 4533 interea
2560 4470 2958 4545 lacessendi,
3009 4477 3200 4548 atque
3249 4464 3694 4546 interpellandi

449 4571 556 4633 sui
599 4568 1005 4632 occasionem
1039 4569 1470 4650 relinqueret,
1503 4587 1728 4634 eorum
1757 4571 1883 4632 sibi
1925 4589 1996 4633 os
2045 4570 2427 4634 frenandum
2474 4571 2654 4650 prius
2707 4579 2898 4651 atque
2950 4569 3378 4632 obturandum
3434 4567 3691 4646 putavit.

447 4671 672 4750 Itaque
708 4668 982 4732 alterum
1014 4669 1180 4732 illud
1217 4689 1422 4751 opus,
1456 4671 1631 4751 quod
1680 4671 2002 4751 praecipue
2065 4691 2135 4736 ac
2197 4673 2452 4752 proprie
2514 4673 2729 4737 animo
2789 4671 3203 4751 designabat,
3261 4671 3694 4749 Evangelicam

447 4770 1053 4836 Demonstrationem
1079 4771 1461 4854 appellavit;
1493 4770 1644 4834 huic
1673 4779 1886 4834 autem
1914 4818 1929 4845 ,
1975 4791 2105 4852 quo
2149 4774 2223 4835 ad
2252 4774 2509 4838 facilem
2555 4781 2872 4853 susceptas
2899 4771 3355 4852 disputationis
3393 4775 3656 4834 cursum
3676 4811 3693 4842 ,

386 4937 389 4940 .
449 4872 706 4957 planam
737 4876 860 4938 sibi
893 4877 1387 4957 expeditamque
1427 4873 1597 4936 viam
1653 4874 2022 4951 muniebat,
2077 4875 2576 4956 Prwparationis
2631 4874 3022 4952 Evangelica:
3079 4889 3315 4936 nomen
3366 4867 3693 4950 imposuit.

393 4977 396 4986 ³
425 4978 562 5059 ,Est
590 4977 853 5058 quidem
882 4978 1003 5042 hoc
1033 4978 1394 5059 argumenti
1422 4994 1627 5056 genus
1655 5019 1671 5049 ,
1707 4984 1834 5038 tam
1883 4978 2096 5039 Greece
2129 4965 2322 5057 quam
2357 4977 2576 5039 Latine
2605 5019 2621 5049 ,
2655 4976 3212 5038 sanctissimorum
3246 4982 3307 5036 et
3349 4971 3693 5052 sapientis-

420 5055 762 5165 ;‘simo-rum
789 5055 1135 5141 hominum
1156 5095 1350 5156 opera
1383 5078 1732 5157 studioque
1770 5085 2120 5139 tractatum.
2153 5055 2283 5140 Sed
2311 5079 2408 5140 illi
2439 5087 2659 5140 'tamen
2681 5121 2698 5150 ,
2742 5075 2838 5137 vel
2872 5075 3067 5138 altera
3088 5077 3392 5138 duntaxat
3429 5077 3494 5136 in
3530 5079 3697 5151 parte

421 5168 819 5256 Ilaborarunt
843 5229 859 5255 ,
895 5183 996 5246 vel
1039 5191 1375 5264 utramque
1409 5183 1679 5245 strictim
1723 5191 1784 5244 et
1816 5181 2023 5243 obiter
2053 5181 2422 5260 attigerunt.
2453 5183 2542 5243 Ita
2575 5184 2805 5243 Noster
2834 5179 2938 5240 hic
2967 5223 2983 5251 ,
3022 5185 3092 5240 ut
3123 5179 3368 5241 cmteris
3406 5176 3698 5240 laudibus

450 5275 720 5341 inferior
750 5281 856 5354 sit,
892 5279 1054 5342 alios
1081 5287 1287 5342 tamen
1325 5281 1666 5359 utriusque
1697 5280 2168 5358 complexione,
2207 5279 2368 5341 alios
2401 5279 2724 5340 scribendi
2761 5281 3046 5339 ubertate
3080 5279 3431 5356 superavit.
3471 5279 3699 5338 Verum

451 5371 574 5450 hoc
602 5375 744 5441 loco
773 5378 1381 5440 Demonstrationem
1418 5389 1726 5454 praetereo
1752 5421 1769 5452 ,
1807 5376 1992 5456 cujus
2026 5394 2140 5453 pro
2192 5378 2442 5455 integro
2466 5377 2774 5457 justoque
2808 5393 3074 5452 corpore
3104 5423 3120 5450 ,
3153 5375 3447 5438 informis
3477 5379 3554 5438 ad
3589 5387 3702 5437 nas

453 5485 760 5552 truncus,
794 5480 937 5542 sine
969 5479 1172 5558 capite
1203 5477 1632 5556 cruribusque
1674 5476 1988 5554 pervenit.
2020 5475 2152 5537 Hac
2183 5477 2446 5555 quidem
2493 5476 2561 5536 in
2608 5475 3082 5553 Prwparatione
3120 5474 3205 5536 ita
3239 5482 3526 5536 versatus
3567 5479 3700 5543 est,

454 5588 524 5642 ut
548 5579 615 5640 in
647 5580 1009 5641 Grmcorum
1051 5577 1144 5641 vel
1175 5576 1504 5640 erroribus
1538 5575 1938 5636 illustrandis
1966 5617 1982 5646 ,
2020 5575 2119 5635 vel
2157 5573 2488 5636 refutanda
2515 5574 2819 5651 superbia
2854 5618 2872 5648 ,
2908 5593 3033 5638 non
3064 5582 3193 5637 tam
3243 5592 3365 5636 suo
3423 5573 3517 5635 vel
3548 5588 3701 5634 suo-

447 5696 632 5758 sum,
673 5697 864 5762 quam
902 5679 1313 5760 popularium
1345 5695 1414 5740 ac
1458 5677 1958 5740 domesticorum
1990 5673 2251 5738 testium
2289 5689 2402 5735 ore
2434 5672 2845 5753 loqueretur:
2879 5689 3157 5752 quorum
3197 5689 3313 5734 nec
3343 5678 3702 5750 suspectam
