3798 6220
174 368 230 429 ‘J
1550 368 1674 427 VlGl

1947 368 2213 426 EFATIO.
3379 369 3447 425 l8

168 491 280 569 ipsi
307 489 500 551 ﬁdem
524 487 787 551 habere
822 494 1108 568 possent,
1142 504 1259 550 nec
1289 486 1694 565 prudentiam
1724 484 2117 560 desiderare,
2166 502 2284 549 nec
2315 482 3005 550 alienam‘existimaro
3053 485 3444 550 voluntatem

166 587 428 652 Tametsi
489 598 893 651 nostrorum
932 588 1124 651 etiam
1178 589 1543 663 interdum,
1590 587 1710 650 hoc
1757 596 1854 651 est
1913 588 2424 653 Christianorum
2482 582 2817 647 hominum
2884 584 3189 663 pugnavit
3226 585 3447 651 armis.

164 695 410 753 Prorsus
436 735 453 762 ,
488 702 567 750 ut
593 689 821 771 hujus
850 692 918 753 in
951 691 1167 768 operis
1196 688 1555 763 molitione,
1590 689 1952 751 sedulitatis
1986 688 2201 767 potius
2237 703 2309 749 ac
2336 686 2727 766 diligentias,
2778 702 2970 763 quam
3028 683 3350 746 facultatis
3383 689 3447 746 et

162 791 389 871 ingenii
447 793 834 871 quaesiisse
876 792 1131 854 laudem
1157 834 1174 864 ,
1226 807 1343 851 nec
1368 798 1494 850 tam
1527 790 1667 850 suis
1710 789 1851 867 ipse
1886 791 2133 852 viribus
2164 805 2310 850 eum
2340 787 2716 849 adversario
2747 788 3052 864 congredi
3080 830 3097 861 ,
3131 802 3322 860 quam
3363 802 3443 846 ex

163 893 485 974 peregrino
517 902 589 956 et
618 894 1036 957 conductitio
1057 892 1258 955 milite
1283 892 1487 953 aciem
1514 892 1868 963 instruere,
1896 893 2027 954 imo
2046 910 2193 955 cum
2218 892 2401 954 hoste
2426 890 2673 952 hostem
2696 889 3091 951 committere
3121 889 3439 951 videatur.

162 998 453 1058 Ceterum
482 1040 502 1068 ,
539 1013 764 1074 quem
824 995 940 1056 ille
972 994 1269 1058 ordinem
1304 991 1420 1053 hac
1456 991 1523 1052 in
1557 1009 1773 1072 pugna
1810 995 2153 1057 modumve
2183 991 2467 1055 tenuerit
2499 1034 2515 1064 ,
2567 991 2709 1068 ipso
2751 990 2902 1052 libri
2944 991 3179 1052 decimi
3229 990 3442 1069 quinti

156 1095 406 1158 exordio
448 1104 593 1157 tam
629 1097 983 1159 enucleate
1020 1096 1391 1174 diserteque
1445 1093 1820 1175 complexus
1865 1102 1994 1171 est,
2030 1102 2098 1157 ut
2130 1094 2272 1175 ejus
2304 1092 2516 1156 verbis
2552 1091 2703 1153 addi
2736 1090 2901 1154 nihil
2934 1090 3135 1170 possit
3165 1134 3182 1166 ,
3213 1096 3445 1168 praeter

154 1194 421 1255 auctoris
455 1196 831 1275 injuriam.
3104 1236 3107 1237 ν

217 1294 536 1373 Sequitur
569 1313 744 1375 ergo
778 1296 999 1374 potius
1027 1340 1045 1370 ,
1080 1294 1439 1359 Christiane
1473 1298 1698 1360 Lector
1723 1346 1739 1369 ,
1772 1303 1851 1358 ut
1877 1312 2067 1376 quam
2100 1294 2179 1357 de
2209 1293 2327 1355 illo
2356 1293 2519 1355 bene
2552 1292 2789 1355 mereri
2821 1292 3293 1364 studuerimus,
3320 1293 3442 1357 hoc

150 1406 235 1460 est
256 1440 272 1469 ,
304 1397 473 1476 quid
510 1397 589 1458 in
624 1415 808 1460 nova
840 1400 1353 1477 Prwparationis.
1374 1399 1568 1480 hujus
1608 1399 1895 1461 editione
1934 1396 2145 1459 conati
2179 1398 2384 1457 simus
2410 1438 2429 1467 ,
2460 1394 2741 1456 breviter
2762 1394 3061 1474 accipias.

215 1497 483 1558 Exstitit
515 1504 684 1564 ante
720 1498 848 1560 hos
885 1506 1141 1561 centum
1171 1515 1373 1562 annos
1408 1500 1881 1578 Trapezuntius
1908 1544 1931 1573 ,
1970 1497 2162 1559 homo
2205 1503 2266 1558 et
2303 1495 2561 1559 natione
2598 1497 2858 1558 Grmcus
2886 1539 2904 1569 ,
2939 1502 2997 1557 et
3040 1495 3283 1557 Latinis
3337 1496 3441 1558 in-

148 1617 333 1679 super
363 1599 622 1663 litteris
658 1618 804 1663 non
834 1602 1247 1665 mediocriter
1285 1602 1701 1665 informatus:
1755 1601 1903 1681 qui,
1939 1601 1995 1662 si
2028 1600 2258 1663 horum
2316 1600 2393 1661 ad
2436 1600 2751 1661 librorum
2801 1598 3434 1677 interpretationem,

147 1708 458 1780 quantum
493 1702 921 1764 eruditionis
950 1719 1022 1764 ac
1046 1702 1324 1766 solertia;
1349 1704 1695 1778 afferebat,
1727 1709 1974 1765 tantum
2001 1718 2039 1763 a
2066 1702 2239 1763 curis
2275 1701 2678 1780 gravioribus
2713 1700 3020 1778 temporis
3053 1706 3115 1762 et
3140 1699 3257 1762 otii
3287 1714 3441 1763 con-

144 1802 302 1863 ferre
334 1804 746 1881 potuisset;
781 1803 972 1869 nobis
1007 1804 1235 1886 utique
1275 1805 1534 1886 legendi
1566 1805 1958 1884 voluptatem
1986 1847 2002 1877 ,
2057 1819 2186 1865 non
2232 1802 2497 1864 alterius
2546 1818 2759 1880 Operae
2796 1799 3244 1862 necessitatem
3277 1798 3433 1861 reli-

145 1903 414 1985 quisset.
452 1906 539 1966 At
574 1907 750 1967 dum
787 1904 985 1987 (quod
1018 1906 1290 1985 ipsemet
1325 1906 1427 1969 vel
1458 1907 1736 1986 excipit,
1788 1905 1888 1969 vel
1934 1901 2218 1983 excusat)
2268 1921 2413 1965 cum
2461 1920 2685 1965 eorum
2718 1919 2753 1964 a
2794 1901 3034 1981 quibus
3088 1898 3437 1980 urgebatur

145 2002 472 2066 desiderio
503 2049 519 2075 ,
554 2004 874 2066 vertendi
903 2005 1297 2068 celeritatem
1329 2023 1584 2086 aequare
1613 2005 1916 2085 gestiret,
1956 2005 2311 2067 Eusebium
2334 2002 2617 2065 Eusebio
2653 2003 3009 2065 suﬂ‘uratus
3042 2010 3179 2074 est;
3212 2003 3434 2083 itaque

144 2116 259 2162 suo
287 2118 368 2162 ex
395 2119 622 2165 sensu
659 2104 921 2172 vultum
943 2105 1010 2176 ei
1046 2106 1679 2187 speciemqueuﬂnxit
1706 2151 1723 2181 ,
1756 2114 1828 2168 ut
1849 2107 1928 2171 ab
1959 2125 2037 2170 eo
2064 2104 2568 2186 Trapezuntium
2600 2105 2819 2167 verius
2852 2121 3043 2184 quam
3080 2103 3435 2166 Eusebium

148 2198 564 2265 haberemus.
595 2206 702 2266 Ita
742 2206 1025 2285 capitum
1073 2208 1370 2270 ordinem
1420 2227 1894 2290 numerumque
1933 2217 2132 2272 mutat
2166 2231 2181 2282 ;
2229 2209 2315 2271 ita
2350 2208 2742 2283 sententias,
2779 2206 3118 2286 periodos,
3169 2205 3433 2284 paginas

146 2319 637 2384 nonnunquam
678 2308 970 2389 integras
1001 2311 1215 2376 modo.
1244 2312 1592 2391 interpolat
1623 2356 1642 2387 ,
1676 2312 1868 2375 modo
1892 2357 1910 2387 ,
1936 2314 2110 2395 quod
2146 2313 2336 2391 longe
2365 2314 2625 2392 gravius
2655 2317 2754 2374 est
2783 2354 2801 2385 ,
2856 2308 3170 2388 expungit
3221 2324 3292 2369 ac
3321 2323 3431 2369 re-

144 2413 322 2467 secat.
358 2408 655 2470 Librum
694 2412 1225 2474 certedecimum
1259 2413 1561 2492 quintum
1591 2431 1673 2475 ne
1709 2414 1919 2495 attigit
1970 2414 2258 2495 quidem.
2295 2414 2368 2476 1d
2399 2414 2574 2495 quod
2608 2412 2766 2475 viris
2802 2410 2995 2474 etiam
3038 2408 3431 2472 doctissimis

146 2503 341 2579 (randi
365 2507 497 2569 fuit
524 2553 547 2583 ,
592 2511 722 2590 qui
758 2529 904 2573 cum
951 2514 1218 2576 Eusebii
1276 2516 1490 2578 Graeca
1520 2532 1650 2578 non
1684 2514 2039 2594 legissent,
2075 2523 2472 2595 postremum
2500 2514 2674 2576 hunc
2701 2513 2938 2575 librum
2976 2510 3249 2590 periisse
3285 2527 3427 2572 cre-

147 2606 469 2672 diderunt.
504 2612 918 2686 Ostenderat
948 2616 1261 2694 Grynaeus
1287 2617 1551 2696 quidam
1578 2662 1594 2691 ,
1627 2616 1820 2678 homo
1842 2660 1859 2690 ,
1895 2625 1962 2679 ut
1984 2616 2201 2687 aiunt,
2234 2615 2595 2691 haereticus,
2624 2614 2790 2678 velle
2827 2618 3050 2677 se‘tam
3077 2612 3433 2675 inveterato

153 2713 357 2774 morbo
392 2713 1048 2794 medicinmaliquid
1088 2714 1336 2790 facere;
1370 2717 1486 2779 sed
1527 2718 1809 2779 ostendit
1839 2734 1905 2779 re
1940 2716 2081 2796 ipsa
2115 2723 2399 2790 tantum,
2433 2716 2673 2796 quippe
2704 2712 2820 2794 qui
2859 2712 3036 2775 labes
3086 2711 3432 2792 hiatusque

154 2812 498 2883 nonnullos
524 2815 823 2889 sparsim
861 2815 1167 2876 duntaxat
1190 2832 1262 2878 ac
1297 2834 1465 2895 saepe
1496 2817 1682 2880 novis
1711 2817 2039 2879 erroribus
2071 2816 2459 2895 impleverit.

220 2912 832 2993 Quocircajustum
861 2914 1047 2977 ambo
1086 2915 1273 2978 nobis
1304 2917 1760 2996 integrumque
1792 2934 2067 2994 pensum
2101 2916 2466 2994 reliquere;
2502 2930 2581 2976 ue
2617 2930 2746 2994 quo
2780 2911 2945 2981 nihil
2973 2913 3319 2976 admodum
3354 2912 3432 2973 ab

156 3009 448 3090 lappero
477 3058 496 3085 ,
532 3014 666 3092 qui
725 3020 1093 3075 extr‘emum
1146 3014 1385 3077 librum
1418 3015 1835 3093 Trapezuntii
1880 3015 2123 3078 Latinis
2150 3015 2422 3075 attexuit
2445 3056 2461 3086 ,
2517 3012 2768 3075 detrahi
2803 3011 3090 3090 potuisse
3119 3056 3136 3085 ,
3182 3009 3429 3071 invitus

156 3127 331 3183 nemo
362 3112 741 3188 fatebitur,
775 3113 887 3193 qui
928 3112 1090 3175 hanc
1119 3114 1187 3175 in
1219 3114 1559 3176 lectionem
1593 3114 1781 3177 horas
1828 3134 1908 3177 ex
1939 3115 2071 3175 otio
2100 3129 2219 3174 suo
2249 3111 2495 3191 aliquot
2522 3110 2812 3172 derivare
2845 3109 3145 3171 voluerit.
3189 3111 3428 3171 Novam

157 3228 300 3290 ergo
322 3230 357 3274 a
388 3215 614 3293 capite
649 3214 1252 3292 interpretationem
1284 3214 1595 3292 aggressi,
1630 3214 1796 3277 duos
1828 3233 1907 3277 ex
1930 3213 2324 3276 Bibliotheca
2349 3213 2546 3291 Regia
2567 3208 2763 3291 (quod
2788 3213 2863 3271 D.
2897 3209 3152 3289 Rigaltii
3184 3209 3424 3273 doctis-

154 3312 294 3373 simi
322 3324 528 3392 atque
565 3313 1025 3375 honestissimi
1074 3316 1195 3377 viri
1250 3315 1635 3378 beneﬁcium
1686 3315 1813 3383 est)»
1857 3314 2326 3391 manuscriptos
2376 3312 2629 3374 codices
2677 3309 3083 3387 accepimus,
3146 3325 3427 3389 quorum

153 3415 345 3476 altero
370 3415 762 3494 Stephanus
797 3417 867 3478 in
895 3419 1109 3480 Graeca
1134 3418 1417 3480 editione
1450 3434 1612 3478 usus
1643 3416 1932 3491 videtur,
1962 3416 2235 3477 alterum
2289 3414 2350 3475 ei
2411 3429 2578 3490 saepe
2631 3409 3143 3473 dissimillimum
3186 3407 3423 3486 reperi.

151 3518 602 3579 Accesserunt
635 3516 838 3578 varia)
870 3515 1181 3579 lectiones
1218 3534 1297 3579 ex
1330 3516 1628 3578 Richardi
1665 3515 2038 3578 Montacutii
2069 3513 2235 3575 libro
2267 3513 2641 3591 descriptae,
2679 3524 2952 3590 quarum
2984 3508 3143 3570 mihi
3174 3507 3425 3587 c0piam

150 3616 485 3696 aliquanto
537 3616 767 3676 serius
810 3613 962 3676 fecit
992 3616 1068 3675 D.
1099 3614 1407 3675 Morellus
1443 3618 1480 3685 εὶ
1500 3620 1812 3694 μακαρίτης,
1853 3610 2204 3689 bibliopola
2247 3610 2495 3687 regius;
2524 3628 2651 3671 usu
2673 3625 2818 3670 cum
2844 3607 2912 3668 in
2933 3606 3080 3668 aliis
3112 3624 3241 3669 non
3264 3622 3422 3669 con-

154 3718 508 3780 temnenda
536 3762 553 3787 ,
597 3725 745 3778 tum
776 3717 845 3777 in
876 3715 1127 3778 lacunis
1158 3716 1547 3795 quibusdam
1574 3714 1912 3793 explendis
1947 3713 2081 3777 fere
2115 3714 2461 3793 prmeipuo.
2505 3714 2746 3774 Verum
2775 3721 2999 3790 praeter
3021 3725 3424 3771 communem

154 3814 316 3877 illam
352 3816 845 3893 interpretandi
875 3813 1233 3877 molestiam
1256 3832 1454 3894 Lque:
1489 3813 1989 3892 sapientissimis
2021 3813 2396 3875 hominibus
2432 3819 2557 3873 tam
2589 3811 2801 3889 gravis
2844 3826 3099 3889 semper
3120 3825 3190 3869 ac
3214 3808 3428 3886 spissa

152 3917 278 3979 visa
304 3928 407 3978 est
434 3962 453 3989 ,
494 3934 702 3996 quam
723 3933 892 3994 smpe
927 3916 1327 3989 necessaria;
1359 3914 1645 3978 laborem
1674 3914 1946 3992 insuper
1970 3958 1989 3989 ,
2021 3922 2082 3976 et
2113 3914 2266 3976 huic
2310 3911 2684 3990 scriptionis
2715 3909 2936 3990 generi
2965 3908 3328 3987 prOprium,
3364 3915 3428 3966 et

152 4016 339 4080 altero
375 4019 502 4079 illo
540 4018 657 4079 vix
692 4018 1014 4078 minorem
1064 4015 1504 4083 exhausimus.
1533 4017 1692 4079 Cum
1736 4016 1909 4077 enim
1942 4059 1960 4089 ,
1998 4021 2070 4081 ut
2111 4022 2256 4077 ante
2286 4013 2571 4074 diximus
2594 4054 2611 4085 ,
2644 4010 2887 4073 alienas
2920 4016 3051 4071 toto
3082 4008 3202 4073 hoc
3231 4022 3426 4085 Opere

153 4114 402 4197 linguas
428 4116 776 4178 Eusebius
809 4122 1141 4179 mutuetur
1163 4159 1180 4191 ,
1213 4132 1491 4195 quorum
1523 4117 1731 4179 adhuc
1760 4118 2042 4179 rivorum
2063 4113 2283 4177 fontes.
2304 4113 2710 4185 haberemus,
2740 4109 3073 4172 adeundos
3103 4106 3424 4186 imprimis

153 4234 367 4282 omnes
401 4238 481 4281 ac
519 4220 824 4282 studiose
851 4217 1223 4283 lustrandos
1252 4218 1619 4295 putavimus
1654 4240 1670 4292 ;
1702 4233 1979 4297 quorum
2013 4220 2643 4283 autemrexaruerant
2667 4257 2684 4288 ,
2718 4212 2947 4273 horum
2970 4220 3190 4279 tamen
3213 4253 3240 4284 ,,
3266 4210 3415 4271 ubi-

154 4334 403 4398 cmque
438 4317 840 4380 subodorari
870 4316 1096 4389 licuit,
1127 4314 1229 4377 vel
1279 4317 1664 4379 tenuissima
1726 4315 1999 4395 vestigia
2056 4315 2378 4393 persecuti
2429 4330 2679 4375 sumus.
2742 4312 3152 4390 thuamvis
3198 4308 3429 4370 alienae

157 4433 375 4479 manus
425 4435 561 4497 ope
594 4434 668 4478 ac
698 4417 1018 4491 subsidio,
1050 4416 1225 4495 quod
1260 4433 1403 4479 sese
1436 4424 1571 4477 tum
1602 4416 1774 4478 ultro
1800 4432 2079 4494 prmsens
2106 4415 2501 4493 obviumque
2532 4415 2738 4487 dabat,
2766 4414 2860 4475 uti
2892 4411 3171 4483 licuerit,
3206 4407 3424 4469 studio

156 4528 358 4581 tamen
394 4529 749 4596 utcunque
784 4524 1007 4581 nostro
1038 4516 1505 4597 diligentiaque
1539 4516 1697 4591 niti,
1758 4534 1949 4596 quam
1998 4516 2345 4594 precariam
2389 4514 2541 4575 hinc
2590 4514 2741 4576 inde
2800 4513 3033 4592 stipem
3090 4528 3426 4591 corrOgare

157 4620 536 4681 maluimus.
573 4617 855 4686 Partim,
891 4614 1064 4694 quod
1097 4614 1454 4681 etdelicati
1516 4614 1710 4677 nimis
1735 4659 1752 4690 ,
1787 4622 1851 4676 et
1872 4632 2102 4692 parum
2152 4613 2440 4676 liberalis
2483 4615 2732 4694 ingenii
2772 4613 3134 4686 videretur,
3162 4612 3272 4675 ubi
3314 4630 3429 4691 per

153 4727 212 4781 te
250 4722 473 4798 ipsum
508 4727 766 4779 tentare
797 4716 1047 4794 aliquid
1081 4722 1141 4776 et
1172 4717 1456 4794 experiri
1483 4716 1698 4795 possis
1727 4759 1744 4788 ,
1791 4714 1987 4775 alieni
2034 4713 2271 4776 laboris
2309 4714 2525 4779 fructu
2568 4714 2773 4777 otiose
2833 4711 3045 4791 pasci,
3092 4728 3164 4773 ac
3209 4709 3427 4773 faecem

159 4818 330 4881 ﬂiam
366 4819 831 4882 mendicorum
856 4818 1096 4880 imitari
1128 4862 1144 4891 ,
1177 4820 1291 4899 qui
1324 4817 1537 4879 levius
1588 4824 1938 4896 egestatem
1966 4815 2204 4879 ferunt
2237 4834 2429 4897 quam
2474 4817 2776 4878 sudorem
2799 4859 2815 4887 ,
2840 4830 3161 4892 quosque
3218 4812 3428 4874 aliena

157 4938 459 4983 crumena
496 4920 724 4980 vivere
751 4964 768 4992 ,
798 4935 925 4981 non
962 4928 1087 4981 tam
1123 4920 1529 4984 necessitatis
1561 4926 1699 4992 est,
1734 4936 1927 4997 quam
1961 4917 2350 4998 voluptatis;
2381 4919 2543 4980 adeo
2574 4916 2832 4996 publica
2864 4914 3260 4993 benignitate
3294 4930 3426 4974 non
3472 4934 3479 4983 ;

155 5024 231 5083 ad
280 5022 763 5085 sublevandam
822 5022 1149 5100 inopiam,
1195 5024 1310 5086 sed
1360 5025 1439 5091 ad
1498 5022 1839 5086 fovendam
1902 5023 2200 5085 inertiam
2232 5024 2608 5085 abutuntur.
2652 5021 3054 5093 Partim,_ne
3104 5018 3160 5079 si
3192 5001 3475 5078 tantam’

158 5125 550 5201 scriptorum
586 5121 962 5184 varietatem
988 5168 1005 5198 ,
1042 5124 1250 5187 nihilo
1282 5125 1496 5187 minor
1522 5127 1955 5204 interpretum
1997 5124 2340 5187 diversitas
2381 5123 2749 5200 exciperet,
2793 5137 2922 5182 non
2978 5118 3151 5179 fetus
3182 5115 3423 5193 aliquis

157 5224 341 5286 vultu
371 5222 731 5301 coloreque
762 5238 926 5293 uno,
959 5223 1076 5285 sed
1124 5222 1409 5286 deforme
1446 5232 1805 5286 monstrum
1842 5222 2226 5296 exsisteret,
2260 5220 2717 5283 dissimillimis
2744 5238 2839 5281 ex,
2852 5216 3139 5297 partibus
3164 5214 3424 5276 formis-

158 5342 285 5405 qne
319 5323 693 5384 conﬂatum.
718 5324 943 5385 Utrum
977 5324 1151 5385 enim
1175 5368 1192 5399 ,
1216 5342 1334 5399 ex,
1360 5324 1483 5387 hoc
1513 5332 1734 5387 nostro
1773 5324 1994 5396 cultu,
2031 5322 2340 5386 membris
2387 5339 2650 5403 quoque
2690 5320 2970 5398 singulis
3026 5318 3105 5379 ad
3146 5316 3427 5390 speciem

158 5428 411 5508 aliquid
438 5444 510 5487 ac
541 5426 818 5488 nitorem
842 5430 1232 5503 accesserit,
1265 5429 1588 5509 aequitatis
1633 5436 1733 5491 est
1765 5428 2254 5508 prudentiaque
2290 5432 2459 5500 tum,
2514 5427 2735 5487 Lector
2791 5422 3052 5501 Optime,
3101 5426 3381 5481 statuere
3405 5462 3423 5490 ,

162 5550 288 5596 non
326 5532 665 5603 modestim
698 5530 1105 5609 pudorisque
1134 5530 1363 5591 nostri.

241 5640 466 5707 Porro,
504 5636 574 5695 in
605 5634 919 5695 librorum
944 5641 1005 5694 et
1025 5633 1304 5711 capitum
1329 5632 1647 5695 lemmatis
1673 5641 1863 5713 atque
1894 5633 2223 5697 indicibus
2246 5630 2670 5711 prmﬁgendis,
2690 5628 3204 5690 membranarum
3223 5625 3422 5689 facem

172 5737 561 5817 ductumque
589 5736 795 5799 secuti
816 5752 1077 5810 sumus,
1101 5734 1229 5797 nisi
1258 5724 1434 5816 quod
1455 5738 1741 5812 ﬁdenter,
1765 5754 1908 5817 quas
1931 5736 2000 5798 in
2030 5735 2302 5799 alterum
2334 5733 2488 5797 vitia
2518 5748 2987 5811 nonnunquam
3008 5731 3420 5808 irrepserant,

174 5840 431 5903 alterius
452 5841 820 5918 integritate
842 5840 1291 5921 beneﬁcioque
1314 5828 1723 5906 sustulimus.
1748 5844 1823 5906 Et
1841 5841 2144 5923 quoniam
2165 5839 2414 5905 indices
2439 5837 2562 5915 illi,
2586 5854 2701 5902 nec
2722 5834 2895 5900 tituli
2926 5852 3057 5917 pra;
3076 5850 3168 5909 se,
3190 5850 3308 5895 nec
3327 5847 3423 5892 ca-
