3798 6220
383 329 452 387 19
680 363 688 372 .
1054 323 1325 382 EUSEBII
1363 320 1842 379 CIESARIENSIS
1885 319 2038 376 OPP.
2079 318 2262 374 PARS
2294 317 2355 374 11.
2387 350 2458 361 -
2487 315 2992 375 APOLOGETICA.
3588 321 3691 376 20

382 443 562 526 pitis,
589 459 709 505 nec
733 440 913 504 aliud
930 439 1255 520 ejusmodi
1281 455 1517 502 nomen
1535 436 1846 511 ferebant,
1866 435 2038 498 solas
2055 434 2138 496 iis
2158 433 2549 508 numer-ales,
2571 439 2641 496 ut
2673 442 2920 510 vocant,
2942 441 3124 498 notas
3145 435 3514 501 addidimus
3533 438 3654 521 (1)
3673 487 3688 499 .

384 549 691 625 Superest
710 553 780 606 ut
797 543 878 608 de
896 543 1067 606 notis
1083 559 1286 607 unum
1309 548 1416 604 aut
1434 541 1708 604 alterum
1724 555 2126 603 moneamus.
2145 540 2251 605 Eae
2271 538 2509 616 triplici
2527 538 3191 619 potissimumfgenere
3208 541 3601 604 continentu
3614 559 3683 603 ι’.

383 650 514 709 Aut
545 646 744 720 enim,
783 644 992 708 sicubi
1029 661 1296 707 necesse
1325 650 1444 716 est,
1477 645 1712 706 Graecae
1755 641 2059 704 dictionis
2093 639 2220 707 vim
2249 656 2321 702 ac
2364 639 2820 719 pr0prietatem
2851 640 3246 718 expendunt,
3283 650 3392 702 aut
3442 643 3688 704 varias

385 744 677 810 locorum
703 747 964 810 illorum
987 763 1134 826 qum
1163 744 1244 808 ab
1272 744 1558 809 Eusebio
1593 744 1835 824 passim
1855 743 2244 817 afferuntur,
2278 742 2470 804 modo
2501 742 2833 815 lectiones,
2866 741 3058 804 modo
3087 742 3687 822 interpretationes

386 848 746 924 excutiunt,
769 849 836 908 in
861 864 991 928 quo
1010 847 1140 910 dici
1171 847 1278 908 vix
1303 853 1538 925 potest,
1571 852 1887 928 quantum
1910 863 1990 908 ex
2021 853 2247 908 mutua
2275 843 2486 907 Nostri
2547 843 2746 930 hujus
2775 843 3187 923 aliorumque
3229 861 3448 923 opera,
3478 844 3684 907 lucis

385 949 456 1010 in
485 966 711 1012 omnes
739 949 1128 1030 fructusque
1152 948 1556 1024 redundarit.
1579 952 1710 1009 'Aut
1740 947 2049 1027 denique,
2084 949 2142 1011 si
2181 947 2344 1030 quid
2374 947 2453 1009 ad
2491 947 2616 1011 loci
2639 947 2920 1028 alicujus
2944 948 3449 1027 intelligentiam
3492 967 3681 1029 per-

386 1052 621 1131 stringi
670 1056 915 1132 potius,
949 1069 1142 1132 quam
1177 1050 1488 1130 explicari
1513 1049 1746 1129 potuit,
1781 1047 2064 1112 breviter
2090 1049 2470 1129 expediunt.
2501 1049 2663 1124 Qum
2694 1049 2795 1111 vel
2827 1035 3195 1113 sanctorum
3212 1052 3682 1114 PatrumiHu-

291 1211 294 1214 .
385 1152 721 1227 stratione,
763 1153 867 1216 vel
898 1152 1188 1215 uberiori
1218 1152 1602 1214 tractatione
1662 1152 1862 1232 digna
1913 1150 2325 1225 videbantur,
2386 1167 2460 1212 ea
2489 1150 2680 1212 certis
2740 1150 3681 1231 Observationum.capitibus

383 1259 848 1337 comprehensa
882 1252 1031 1321 dare
1063 1263 1448 1332 statueram;
1479 1258 1590 1319 sed
1622 1257 1930 1338 quoniam
1953 1256 2082 1320 alio
2112 1273 2213 1317 me
2244 1255 2505 1318 interim
2536 1262 2851 1334 susceptae
2883 1256 3029 1317 vita;
3056 1257 3338 1318 rationes
3394 1263 3675 1331 vocant,

383 1361 814 1442 effectumque
851 1379 1016 1441 Opus
1045 1363 1283 1425 ducere
1314 1361 1616 1424 nonnihil
1646 1380 1718 1425 ac
1740 1361 2026 1442 proferre
2050 1359 2422 1441 cogunt,uti
2446 1360 2581 1440 jam
2601 1377 2731 1422 non
2773 1360 2973 1423 semel
2997 1361 3298 1440 gravibus
3317 1361 3679 1441 justisque

383 1461 464 1524 de
496 1465 734 1538 causis,
774 1472 834 1527 et
862 1466 1440 1545 interpretationis,
1472 1472 1533 1529 et
1562 1466 1777 1544 ipsius
1801 1464 2109 1529 editionis
2149 1481 2412 1527 cursum
2449 1464 2902 1539 inhibuerunt,
2926 1464 3088 1526 hanc
3134 1465 3287 1527 mihi
3351 1465 3502 1527 dare
3532 1483 3677 1526 ve-

383 1565 558 1625 niam
588 1565 1004 1629 humanitatis
1033 1575 1132 1634 est
1159 1576 1305 1643 tum,
1329 1575 1400 1630 ut
1429 1567 1930 1648 bibliopolarum
1959 1573 2322 1630 nostrorum
2345 1567 2528 1639 ﬁdes,
2551 1567 2789 1629 exteris
2805 1566 2934 1646 jam
2965 1565 3322 1644 provinciis
3344 1563 3677 1643 obligata,

383 1662 528 1727 sine
557 1664 678 1728 hoc
696 1665 882 1744 justi,
916 1669 985 1729 ni
1019 1667 1237 1751 fallor,
1265 1670 1481 1748 operis
1512 1653 1820 1743 auctario,
1847 1669 1926 1732 ad
1951 1677 2203 1746 tempus
2234 1667 2494 1729 liberari
2524 1667 2754 1745 possit.
2787 1668 2878 1728 Ne
2903 1675 3116 1728 tamen
3154 1666 3297 1744 ipso
3327 1667 3542 1726 statim
3581 1665 3673 1726 in

387 1765 609 1829 limine
646 1768 940 1835 dubitare
970 1778 1032 1834 te
1067 1773 1288 1851 patiar,
1323 1773 1579 1836 cuinam
1610 1776 1943 1837 Theodoto
1985 1771 2524 1852 Prwparationem
2543 1772 2706 1836 hanc
2739 1788 2922 1835 suam
2947 1770 3272 1844 Eusebius
3294 1770 3672 1848 inscripse-

382 1863 489 1938 ι’ίιν
525 1864 700 1927 hunc
727 1884 854 1946 ego.
880 1885 1009 1932 non
1040 1871 1240 1934 alium
1266 1873 1559 1946 arbitror,
1591 1891 1781 1955 quam
1815 1874 2249 1936 Laodicenum
2277 1873 2678 1952 episcOpum,
2710 1873 2850 1952 qui,
2877 1871 3180 1935 Marcello
3203 1888 3458 1934 summo
3489 1887 3677 1950 pons-

385 1965 572 2042 tiﬁce,
606 1967 730 2028 sub
751 1983 994 2031 annum
1021 1972 1420 2038 Constantini
1452 1975 1668 2050 Magni
1697 1974 1980 2046 tertium,
2007 1971 2328 2050 Stephano
2357 1972 2426 2033 in
2460 1973 2838 2051 episc0patu
2867 1973 3204 2048 successit,
3241 1972 3494 2033 Arianm
3528 1971 3672 2033 im-

380 2067 639 2157 pietatis
659 2069 978 2134 fautorem
1007 2077 1413 2153 acerrimum,
1432 2077 1645 2158 quovde
1678 2077 1988 2158 legendus
2012 2080 2240 2140 Noster
2265 2077 2507 2140 Eccles.
2524 2079 2773 2140 Hister.
2799 2094 2909 2153 vn,
2934 2095 3070 2157 cap.
3098 2078 3242 2154 ult.,
3271 2083 3334 2140 et
3353 2076 3673 2140 Theodo-

383 2177 561 2232 retus
581 2171 794 2258 ejusd.
824 2177 1075 2243 Histor.
1109 2179 1234 2259 lib.
1262 2199 1306 2255 ι,
1335 2198 1471 2260 cap.
1499 2183 1558 2244 5.

469 2271 564 2334 Ad
581 2281 1289 2360 extremum,quoniam
1324 2281 1620 2344 homines
1653 2299 1905 2358 sumus,
1946 2299 2066 2345 nec
2084 2281 2350 2344 humani
2387 2282 2748 2362 quidquam
2797 2298 2836 2344 a
2862 2281 3051 2344 nobis
3084 2281 3371 2344 alienum
3409 2280 3662 2344 existi—

385 2393 560 2462 mare
591 2379 932 2464 debemus,
971 2385 1087 2464 qui
1119 2386 1307 2456 nobis
1338 2403 1588 2450 errores
1618 2389 1997 2463 exciderint,
2030 2405 2142 2450 eos
2176 2387 2287 2449 abs
2321 2395 2380 2450 te
2406 2406 2533 2452 non
2573 2388 2701 2451 alia
2746 2405 2938 2469 quam
2981 2388 3262 2450 hominis
3311 2394 3372 2451 et
3431 2386 3664 2449 Chris-

384 2476 546 2538 tiani
571 2476 855 2543 hominis
875 2500 1149 2547 censura
1178 2485 1475 2566 castigari
1508 2486 1730 2565 velim,
1758 2504 1876 2548 nec
1905 2493 2050 2548 ante
2073 2487 2302 2550 saltem
2320 2486 2578 2566 gravius
2602 2485 2968 2565 duriusque
3000 2485 3255 2565 conﬁgi,
3304 2502 3496 2566 quam
3533 2495 3663 2548 aut

385 2585 744 2642 erratorum
771 2579 839 2644 in
868 2581 1139 2649 classem
1171 2587 1464 2667 rejectos,
1501 2595 1612 2650 aut
1640 2587 1710 2649 in
1741 2587 1912 2650 notis
1943 2588 2106 2667 ipsis
2129 2588 2450 2667 indicatos
2481 2605 2611 2652 non
2631 2604 2776 2651 esse
2809 2586 3215 2668 cognoveris.

456 2792 534 2863 (1)
565 2790 676 2849 Nos
715 2795 767 2864 iu
793 2796 1034 2877 capitula,
1059 2799 1431 2868 distinximus.
1469 2799 1629 2856 Enn.
1665 2802 1836 2867 Pun.
