3798 6220
362 344 434 398 83

942 451 986 521 ι
1021 448 1251 506 CAPUT
1285 449 1326 504 ι.

425 540 570 611 Quid
611 542 748 597 illud
778 545 878 612 sit,
919 542 1059 614 quod
1097 542 1408 614 evangelica
1448 542 1685 597 materia
1715 542 1854 596 ratio

993 613 1290 682 pollicetur.

419 703 693 774 Cogitanti
739 703 870 758 mihi
899 703 1225 758 Christiana:
1273 703 1553 774 religionis
1591 704 1922 770 institutum,

348 795 457 852 hoc
495 810 686 866 Opere,
739 794 885 864 quod
925 793 1170 849 veritatis
1221 793 1549 863 evangelica)
1585 796 1927 861 demonstra-

345 886 550 941 tionem
628 885 932 955 pollicetur,
1003 885 1148 940 illius
1200 885 1420 956 ignaros
1467 885 1726 950 edocere;
1782 884 1924 940 idem

315 975 471 1043 etibi,
505 976 597 1046 qui
639 992 855 1032 sacrum
906 976 1288 1046 episcoporum
1321 977 1489 1032 decus
1533 985 1589 1031 et
1633 990 1927 1030 ornamen-

346 1080 462 1124 tum
495 1084 576 1133 es,
611 1067 893 1124 Theodote
931 1068 1281 1124 sanctissime
1307 1066 1528 1136 Deoque
1574 1067 1922 1129 charissime,

347 1159 622 1231 adjunctis
669 1161 834 1215 etiam
898 1160 1152 1231 precibus
1203 1173 1526 1214 consecrare
1583 1158 1764 1212 visum
1816 1165 1921 1212 est.

347 1250 466 1320 Qua
494 1253 714 1323 quidem
755 1252 811 1306 in
848 1267 909 1306 re
933 1252 1038 1307 hoc
1070 1260 1292 1307 secutus
1325 1265 1472 1316 sum,
1502 1257 1569 1302 ut
1594 1249 1715 1318 opis
1744 1249 1842 1303 abs
1873 1255 1926 1310 te

346 1344 550 1414 aliquid
591 1344 962 1414 impetrarem,
1019 1343 1219 1413 quippe
1248 1342 1342 1412 qui
1367 1341 1652 1396 sacriﬁciis
1695 1341 1804 1394 tuis
1841 1339 1926 1394 di-

343 1436 472 1492 vino
503 1451 692 1490 amore
722 1435 1003 1490 succensis
1029 1435 1134 1490 hoc
1159 1434 1259 1490 abs
1299 1449 1385 1490 me
1420 1442 1733 1513 susceptum
1761 1448 1925 1488 evan-

1018 333 1291 392 EUSEBII
1328 330 1806 390 CESARIENSIS
1838 333 1903 388 Ol

2057 335 2212 391 ’ARS
2244 334 2310 388 11.
2338 364 2409 380 --
2443 332 2941 391 APOLOGETICA.

1953 457 2001 512 Δ

3530 335 3610 389 28

2569 449 2962 505 ΚΕΦΑΛΑῙΟΝ
2998 453 3076 504 A'.

2102 541 2196 607 Τις
2225 543 2263 611 ἠ
2289 540 2400 611 τῆς
2426 539 2824 612 eameam.
2838 540 3182 606 ὑποθέσεως
3201 539 3545 610 ἐπαγγελία.

2103 699 2206 753 Τὸν
2240 698 2703 770 Χριστιανισμὸν,
2755 700 2783 752 ὅ
2828 696 2884 750 τί
2930 697 3059 750 ποτέ
3095 698 3274 761 ἐστιν,
3305 698 3613 769 ἡγούμενος

2027 795 2140 856 τοῖς
2174 793 2274 846 οὐκ
2313 791 2477 858 είδόρι
2515 787 2970 862 παραστήσασθαι
2997 787 3084 842 διὰ
3111 789 3212 858 τῆς
3237 789 3613 862 προκειμένης

2028 881 2409 953 πραγματείας
2456 879 2554 952 τὴν
2601 880 2958 952 εὐαγγελικὴν
3012 881 3284 946 ἀπόδειξιν
3331 879 3610 952 περιέξειν

2029 973 2540 1046 ὲπαγγελλομένης,
2577 973 2735 1045 τήνδε
2795 990 2914 1040 σοι,
2964 973 3106 1027 θεῖον
3157 974 3466 1028 ἐπισκόπων
3497 973 3607 1047 (1⁸)

2032 1067 2248 1137 χρῆμα,
2275 1065 2652 1136 Θεόδοτε,φίλη
2676 1065 2812 1118 Θεοῦ
2847 1065 2940 1119 καὶ
2970 1065 3090 1137 ἱερὰ
3118 1066 3348 1138 κεφαλὴ,
3381 1068 3475 1120 σὺν
3505 1065 3607 1123 εὖ.

2029 1160 2150 1229 χαῖς
2180 1156 2540 1230 ἐπεφώνησασ
2581 1156 2635 1210 εἴ
2659 1174 2775 1221 πως
2803 1157 2912 1228 ἄρα
2943 1158 3040 1228 τῆς
3073 1158 3222 1230 παρά
3258 1159 3351 1212 σοῦ
3383 1159 3611 1232 τύχοιμι

2028 1248 2312 1321 βοηθείας,
2346 1252 2464 1313 ταῖς
2511 1247 2778 1318 φιλοθέρις
2817 1249 2957 1321 ὑπὲρ
2988 1249 3145 1320 ἡμῶν
3177 1251 3507 1322 ἱερουργίαις
3533 1250 3610 1304 τὰ

2029 1340 2243 1411 μεγάλα
2277 1359 2367 1412 μοι
2398 1342 2861 1414 συμπράττοντος,
2900 1343 2980 1406 είς
3011 1342 3110 1413 τὴν
3151 1341 3610 1414 προόεὸλημένην

2023 1432 2123 1504 τῆς
2153 1432 2512 1504 εύαγγελικῆς
2543 1433 2891 1497 διδασκαλίας
2918 1433 3193 1488 ὑπόθεσιν.
3226 1435 3384 1488 Ἀλλὰ
3409 1436 3516 1508 γὰρ
3550 1435 3608 1490 τί

346 1526 534 1598 gelicre
575 1524 836 1583 doctrinae
892 1533 1273 1594 argumentum
1317 1536 1664 1597 summopere
1701 1535 1903 1592 promo

2057 1523 2275 1584 νούλεται
2305 1524 2463 1578 τοῦτο
2495 1524 2710 1596 δηλοῦν,
2735 1525 2762 1578 ὃ
2800 1542 2979 1595 φαμεν
3005 1524 3360 1594 Εὑαγγέλιον,
3387 1526 3613 1600 πρῶτον

344 1619 516 1675 vebis.
545 1617 650 1673 Sed
672 1618 839 1684 enim,
865 1617 995 1688 quid
1020 1617 1072 1688 2
1098 1617 1231 1671 illud
1263 1616 1366 1672 sibi
1399 1616 1548 1680 velit,
1579 1615 1726 1686 quod
1748 1614 1926 1669 Evan-

2026 1616 2281 1671 ἀπάντων
2306 1617 2638 1690 διαρθρῶσαι
2666 1617 2850 1671 καλόν.
2881 1616 3050 1670 Τοῦτο
3084 1616 3150 1690 δὴ
3192 1619 3359 1672 πᾶσιν
3390 1618 3608 1691 ἀνθρώ-

342 1710 543 1781 gelium
585 1710 942 1780 appellamus,
973 1709 1259 1781 diligenter
1307 1707 1578 1779 imprimis
1635 1707 1903 1763 enucleari

2057 1725 2150 1773 τοις
2192 1709 2292 1781 τὴν
2343 1710 2646 1781 παρουσίαν
2694 1709 2802 1762 τῶν
2847 1708 3136 1762 ἀνωτάτων
3181 1710 3274 1764 καὶ
3331 1709 3608 1781 μεγίστων

338 1802 512 1870 juvat.
545 1799 642 1856 Est
671 1800 836 1871 igitur
866 1798 1244 1871 Evangelium,
1276 1797 1426 1870 quod
1467 1796 1704 1852 faustam
1764 1797 1903 1852 caele

2057 1798 2278 1867 ιγαθῶν,
2311 1800 2476 1854 πάλαι
2507 1799 2608 1871 μὲν
2637 1815 2944 1872 προηγορευ
2954 1799 3147 1869 μένων,
3179 1802 3373 1853 νεωστὶ
3400 1800 3456 1854 δὲ
3487 1803 3608 1864 τοῖς

341 1892 509 1946 stium
567 1892 1050 1962 maximorumque
1099 1891 1372 1946 bonorum
1427 1889 1773 1960 praesentiam
1815 1889 1922 1943 huc

2027 1891 2192 1943 πᾶσιν
2234 1889 2657 1962 ὲπιλαμψάντων
2699 1888 3140 1959 εὐαγγελίζεταιο
3171 1890 3232 1943 οὑ
3265 1890 3357 1944 τὸν
3387 1891 3448 1944 ού
3483 1887 3607 1960 βλέ-

343 1984 490 2038 mani
551 1983 767 2054 generis
825 1983 1167 2039 universitati
1236 1983 1561 2049 annuntiat;
1619 1996 1740 2051 quae
1795 1995 1903 2036 cuu

2057 1997 2195 2034 εοντα
2246 1979 2511 2044 πλοῦτον,
2573 1980 2690 2035 οὐδὲ
2738 1981 2836 2052 τὴν
2882 1980 3121 2053 σμικρὰν
3168 1980 3262 2035 καὶ
3316 1981 3605 2054 πολυπαθῆ

342 2072 597 2142 praedicta
643 2071 756 2142 jam
805 2071 937 2126 olim
983 2071 1254 2138 fuissent,
1297 2081 1412 2127 tum
1450 2085 1579 2128 vero
1623 2070 1903 2126 novissimi

2057 2071 2232 2144 a6th
2263 2071 2408 2144 ζωὴν
2463 2071 2778 2144 προξενοῢν,
2809 2072 2916 2126 οὐδ’
2947 2073 3046 2125 ὅσα
3071 2071 3322 2143 σώματος
3344 2072 3437 2125 καὶ
3468 2071 3606 2140 φθο-

339 2162 596 2218 omnibus
621 2163 932 2224 illuxerunt.
963 2161 1097 2218 Illud
1123 2178 1288 2235 porro
1308 2179 1409 2219 nec
1439 2177 1707 2238 escarum
1731 2176 1922 2232 opum,

341 2268 444 2310 nec
482 2253 605 2309 vita:
648 2254 812 2322 hujus
850 2255 1186 2311 brevissima:
1235 2270 1300 2312 ac
1337 2255 1662 2312 miserrimae
1707 2255 1920 2326 capiam

340 2343 492 2410 facit,
524 2359 628 2400 nec
660 2346 828 2402 ullius
864 2346 1090 2402 omnino
1125 2346 1201 2401 rei
1243 2362 1367 2417 qua:
1403 2362 1531 2402 eum
1577 2361 1806 2416 corpore
1851 2347 1923 2403 sit

336 2443 395 2492 et
420 2436 770 2517 corruptione
803 2437 1130 2506 conjuncta;
1165 2437 1256 2493 sed
1291 2453 1479 2492 earum
1510 2437 1779 2493 duntaxat
1801 2453 1922 2508 qua

338 2543 466 2583 cum
499 2528 698 2582 animis
744 2527 1078 2598 intelligente
1116 2537 1311 2583 natura
1337 2528 1580 2599 praeditis
1616 2531 1920 2586 necessitu-

338 2620 527 2679 dinem
571 2635 636 2680 ac
680 2620 998 2676 societatem
1049 2621 1256 2690 iniere;
1305 2635 1337 2677 a
1388 2621 1591 2692 quibus
1648 2637 1748 2690 ea,
1796 2637 1920 2694 quae

338 2713 586 2784 corporis
634 2713 853 2784 propria
903 2723 1054 2780 sunt,
1097 2714 1169 2768 ita
1217 2714 1473 2784 pendent,
1513 2722 1573 2769 ut
1610 2730 1705 2770 eas
1747 2715 1915 2771 etiam

341 2807 514 2867 instar
556 2806 765 2861 umbrae
802 2815 1231 2876 consequantur.
1271 2805 1451 2878 Caput
1489 2816 1670 2864 autem
1719 2808 1915 2864 borum

338 2897 581 2956 omnium
629 2898 805 2967 pietas
845 2907 968 2963 est,
1020 2913 1130 2954 non
1178 2898 1291 2969 jam
1355 2899 1500 2967 ista,
1544 2917 1668 2972 quae
1716 2916 1914 2957 nomen

337 2987 598 3052 ementita
641 3003 801 3043 suum
843 2989 1071 3044 infinitis
1118 2991 1397 3046 erroribus
1446 2991 1776 3061 implicatur,
1821 2993 1915 3047 sed

335 3077 627 3148 ejusmodi,
663 3081 952 3148 quamhanc
983 3081 1086 3138 sibi
1120 3081 1540 3155 appellationem
1583 3078 1915 3155 suffragante

336 3171 568 3236 veritate
613 3170 875 3227 defendit.
928 3169 1056 3227 Haec
1107 3172 1197 3227 illa
1237 3182 1323 3228 est
1373 3189 1494 3244 quae
1546 3189 1673 3230 cum
1716 3192 1915 3233 sensus

335 3271 555 3326 uestros
597 3263 665 3318 ad
697 3278 846 3330 eum,
892 3278 1056 3334 quem
1103 3280 1275 3319 unum
1322 3279 1387 3320 ac
1445 3266 1645 3332 solum,
1681 3268 1758 3321 uti
1789 3283 1915 3323 vere

335 3363 467 3423 cst,
505 3355 690 3412 omnia
733 3355 902 3411 Deum
954 3357 1304 3424 conﬁtentur,
1365 3360 1558 3430 erigit;
1633 3370 1748 3431 tum
1791 3362 1914 3417 vitae

338 3456 544 3513 nostra:
582 3447 826 3504 rationes
873 3465 939 3504 ea.
986 3448 1161 3519 ipsius
1211 3465 1431 3520 quoque
1474 3452 1753 3508 velitntate
1793 3467 1913 3506 mo-

335 3539 588 3605 deratur.
632 3538 712 3594 Ex
754 3539 856 3596 hoc
897 3550 1077 3596 autem
1123 3541 1250 3596 vitae
1290 3559 1485 3613 genere
1529 3544 1773 3599 nascitur
1811 3545 1913 3600 ho-

335 3630 500 3694 minis
538 3646 662 3686 cum
689 3630 1094 3702 Deola‘micitia,
1139 3634 1229 3689 cui
1271 3643 1354 3690 ter
1393 3634 1484 3689 ille
1517 3633 1666 3700 felix,
1696 3644 1752 3690 et
1795 3636 1910 3691 sin-

334 3723 510 3792 gulari
531 3723 628 3780 Dei
656 3723 1031 3781 benevolentia
1066 3727 1399 3784 constitutus
1434 3728 1558 3783 linis
1594 3729 1907 3796 comitatur,

334 3815 432 3892 qui
473 3830 595 3872 cum
644 3817 858 3875 cmlitus
911 3833 980 3873 ex
1023 3834 1206 3874 rerum
1252 3819 1645 3874 immortalium
1699 3834 1908 3874 conne-

332 3905 494 3963 xione
525 3916 685 3978 aptus
725 3918 842 3975 est,
889 3923 1002 3964 tum
1043 3912 1112 3966 ad
1155 3927 1345 3966 earum
1390 3913 1697 3981 exemplum
1733 3927 1798 3967 ac
1836 3912 1911 3966 si-

334 3998 696 4060 militudinem
723 4003 950 4074 regitur,
983 4013 1146 4074 atque
1177 4005 1229 4058 in
1258 4004 1327 4058 iis
1357 4013 1660 4073 prostremo
1687 4005 1908 4075 acquie-

331 4089 456 4155 scit.
489 4091 630 4156 Quid
673 4108 804 4147 vero
845 4093 986 4149 felici
1025 4095 1130 4150 bac
1167 4103 1222 4150 et
1256 4095 1461 4150 divitiis
1509 4096 1764 4152 omnibus
1798 4097 1908 4151 cir-

329 4183 662 4241 cumﬂuente
712 4185 825 4260 Dei.
858 4187 1099 4252 amicitia
1157 4187 1367 4243 beatius
1425 4189 1654 4260 cogitari
1701 4188 1906 4259 possit?

330 4272 449 4331 Non
484 4275 574 4330 ille
600 4277 743 4342 vitae,
775 4278 935 4344 lucis,
963 4279 1226 4345 veritatis,
1254 4279 1632 4351 bonorumque
1657 4282 1904 4336 omnium

328 4377 572 4440 quaestor
596 4370 761 4426 veluti
791 4386 856 4426 ac
879 4371 1223 4442 dispensator
1251 4373 1386 4428 est?~.
1403 4371 1520 4428 Non
1549 4374 1902 4444 quamobrem

1940 3146 1982 3204 C

330 4463 515 4518 omnia
542 4463 653 4520 sint
684 4473 849 4535 atque
879 4464 1098 4529 vivant,
1158 4479 1382 4521 causam
1418 4466 1473 4532 in
1507 4481 1566 4522 se
1606 4467 1723 4536 ipse
1752 4481 1902 4521 com-
1933 4485 1978 4540 ι)

329 4553 626 4626 plectitur?
671 4553 777 4620 Qui
828 4569 958 4625 ergo
1005 4554 1175 4610 semel
1217 4553 1416 4610 divinae
1454 4555 1617 4625 hujus
1649 4555 1904 4615 amicitia;

329 4661 558 4702 munere
584 4655 813 4702 ornatus
840 4645 932 4710 sit,
961 4645 1093 4715 quid
1123 4645 1335 4710 tandem
1364 4645 1412 4702 is
1442 4646 1586 4706 ultra
1607 4646 1905 4703 desideret?

329 4733 509 4804 Quid,
549 4735 772 4805 inquam
799 4775 816 4802 ,
855 4733 905 4790 ei
947 4735 1123 4802 desit,
1156 4737 1248 4805 qui
1302 4735 1573 4790 bonorum
1624 4746 1902 4792 auctorem

328 4825 573 4881 omnium
627 4824 732 4881 sibi
778 4823 1088 4880 devinctum
1133 4824 1422 4879 habuerit?
1457 4823 1630 4895 Cujus
1669 4826 1903 4896 denique

328 4917 413 4977 rei.
458 4917 672 4972 laboret.
712 4915 916 4986 inopia,
949 4916 1043 4986 qui
1087 4930 1344 4987 magnum
1392 4916 1546 4972 illum
1585 4915 1899 4987 Praesidem,

326 5023 392 5063 ac
420 5016 802 5078 praepotentem
839 5006 1004 5076 hujus
1048 5007 1455 5062 universitatem
1500 5009 1898 5066 moderatorem

326 5100 382 5155 in
407 5100 577 5170 patris
609 5114 675 5154 ac
707 5099 902 5154 tutoris
949 5098 1130 5153 locum
1163 5099 1500 5155 obtinuerit?
1547 5099 1692 5154 Nihil
1717 5100 1901 5172 profe-

403 5212 693 5281 (1⁸)Θεῖον
723 5211 1006 5265 ἐπισκόπ.
1047 5207 1118 5264 Ut
1139 5219 1223 5266 est
1244 5211 1296 5265 in
1323 5213 1494 5267 altero
1514 5229 1617 5269 ms.
1639 5212 1896 5269 Biblioth.

332 5280 532 5354 Regia}.
570 5283 626 5337 Id
663 5290 845 5354 autem
877 5281 1042 5354 malui
1075 5297 1238 5348 quam
1271 5281 1539 5354 Osiwv,pt
1568 5285 1722 5337 habet
1751 5285 1900 5354 prior

326 5349 516 5422 editio,
540 5352 686 5421 quod
714 5349 1163 5422 Ἑλληνικώτερον
1184 5352 1439 5422 putarim.
1469 5351 1658 5407 Dicere
1689 5349 1898 5422 potuis-

328 5431 410 5477 set
444 5421 586 5475 θεῖον
607 5421 904 5474 ἐπισκόπου
927 5421 1136 5492 χρῆμα,
1163 5421 1336 5491 potuit
1365 5433 1420 5476 et
1448 5421 1780 5478 ἐπισκόπων.
1808 5423 1898 5480 Sic

327 5491 680 5560 Aristophan.
711 5494 930 5560 Νεφελ.
966 5491 1074 5546 act.
1107 5509 1159 5545 ιε

324 5559 394 5617 Ὦ
418 5559 836 5626 Ζεῦ-βασιλεῦ,
864 5562 929 5616 τὸ
951 5562 1152 5632 χρῆμα
1174 5561 1292 5616 τῶν
1311 5561 1564 5705 νυκτῶνἰ
1588 5565 1739 5618 ὅσον
1761 5565 1900 5670 ἀστέ-

598 5701 608 5705 _
637 5702 645 5705 _
686 5703 694 5705 Α
971 5703 979 5705 Α
1564 5651 1784 5702 ρατον.

1564 5651 1754 5702 ρατον
1772 5651 1784 5688 .'

518 5701 645 5774 quid
678 5703 815 5758 istuc
842 5703 1006 5756 noctis
1044 5715 1140 5764 est,
1171 5721 1426 5776 quamque
1454 5701 1756 5774 inﬁnitum?

330 5773 472 5834 Idem
500 5773 757 5843 Βατραχ.
794 5781 898 5826 act.
933 5789 1002 5827 v:

2029 2165 2128 2235 ρᾶς
2156 2166 2360 2232 οἰκεία·
2392 2162 2458 2217 τὰ
2495 2164 2554 2217 δὲ
2584 2163 2780 2234 ψυχαῖς
2804 2163 2996 2234 νοερὰν
3022 2163 3206 2217 οὐσίαν
3237 2163 3605 2235 κεκτημέναις

2023 2256 2151 2325 φίλα
2174 2273 2234 2310 τε
2264 2257 2356 2310 καὶ
2389 2257 2732 2328 προσήγορα,
2767 2250 2842 2310 ὧν
2870 2258 2964 2310 καὶ
2991 2256 3059 2309 τὰ
3089 2256 3319 2327 σώματα
3343 2257 3603 2327 ἐξῆπται,

2023 2348 2187 2407 sicut;
2208 2348 2523 2418 ἱφεπόμενα
2557 2347 2734 2419 δίκην.
2777 2347 2878 2418 Εῖη
2909 2347 2954 2400 δ’
2998 2346 3064 2400 ἂν
3104 2346 3310 2400 τούτων
3342 2348 3403 2400 τὸ
3431 2347 3606 2416 acced-

2021 2437 2171 2493 λαιον
2191 2477 2206 2504 ,
2232 2438 2482 2491 εὐσέϐεια
2502 2477 2517 2502 ,
2547 2438 2644 2510 οὐχ
2671 2439 2704 2509 ἡ
2728 2436 3075 2509 ψευδώνυμος
3103 2439 3197 2492 καὶ
3231 2437 3603 2510 πολυπλανὴς,

2021 2529 2134 2582 ἀλλ’
2169 2531 2202 2601 ἡ
2230 2531 2326 2583 σὺν
2368 2530 2596 2602 ἀληθείᾳ
2628 2532 2727 2604 τὴν
2763 2532 3135 2603 προσηγορίαν
3162 2531 3601 2604 ὲπιγραςρομένη.

2024 2620 2179 2674 Ἐστι
2208 2615 2264 2673 δὲ
2299 2620 2436 2692 αὕτη
2466 2625 2498 2692 ἡ
2533 2622 2672 2694 πρὸς
2701 2623 2792 2676 τὸν
2822 2622 2919 2676 ἕνα
2963 2624 3057 2676 καὶ
3089 2625 3247 2694 μόνον
3279 2624 3354 2687 ώς
3383 2623 3606 2695 ἀληθῶς

2019 2711 2449 2784 ὁμολογούμενόν
2489 2731 2546 2767 τε
2588 2716 2683 2768 καὶ
2713 2714 2842 2768 ὄντα
2887 2714 3018 2768 Θεὸν
3063 2715 3348 2780 ἀνάνευσις
3371 2756 3386 2780 ,
3436 2715 3529 2769 καὶ
3561 2715 3604 2788 ἡ

2019 2803 2158 2856 κατά
2183 2803 2374 2858 τοῦτον
2403 2804 2540 2877 ζωή.
2576 2804 2667 2869 Ἐξ
2695 2801 2762 2878 ἦς
2784 2806 2878 2860 καὶ
2905 2809 2938 2878 ἡ
2976 2807 3113 2878 πρὸς
3140 2807 3300 2860 αὐτὸν
3323 2807 3603 2876 ἐγγίνεται

2018 2895 2190 2964 φιλία,
2281 2896 2590 2968 παρέπεται
2621 2897 2684 2950 τὸ
2713 2897 2956 2966 θεοφιλὲς
2981 2899 3150 2963 ὅντως
3179 2897 3274 2952 καὶ
3295 2898 3602 2970 τρισμακά-

2021 3005 2134 3060 ριον
2167 2988 2338 3054 τέλος,
2364 2989 2568 3043 ἄνωθεν
2595 2992 2660 3043 ἐκ
2686 2990 2794 3043 τῶν
2824 2991 3147 3062 κρειττόνων
3171 2991 3596 3062 ἀπηωρημένον,

2018 3081 2111 3133 καὶ
2146 3079 2283 3151 πρὸς
2326 3081 2465 3146 αὐτὰ
2506 3082 3010 3155 διακυϐερνώμενον
3032 3127 3044 3151 ,
3087 3085 3182 3138 καὶ
3227 3080 3293 3138 αὖ
3328 3084 3488 3137 πάλιν
3513 3085 3599 3148 είς

2015 3171 2154 3226 αὐτὰ
2182 3171 2510 3243 καταλῆγον.
2542 3173 2616 3225 Τί·
2637 3170 2730 3227 οὖν
2757 3174 2827 3228 ἂν
2855 3174 3066 3243 γένοιτο
3102 3175 3202 3246 τῆς
3226 3173 3439 3246 ἀγαθῆς
3464 3173 3599 3228 ταύο

2014 3279 2114 3332 της
2158 3264 2252 3318 καὶ
2295 3263 2582 3317 πανολϐίου
2611 3265 2887 3336 θεοφιλίας
2922 3267 3412 3338 μακαριστότερονς
3457 3266 3598 3338 Οὐχὶ

2014 3353 2108 3406 καὶ
2138 3352 2283 3424 ζωῆς
2315 3354 2508 3419 αὐτὸς,
2540 3355 2634 3408 καὶ
2666 3355 2872 3425 φωτὸς,
2897 3356 2991 3408 καὶ
3023 3356 3299 3428 ἀληθείας,
3332 3358 3426 3410 καὶ
3454 3358 3597 3412 πάν-

2013 3461 2122 3498 των
2153 3445 2372 3515 ἀγαθῶν
2398 3448 2600 3518 ταμίας
2638 3448 2732 3500 καὶ
2761 3449 2994 3520 χορηγὸς
3020 3452 3132 3513 τοῖς
3163 3452 3296 3502 πᾶσι
3325 3449 3599 3522 καθέστη-

2013 3554 2140 3605 κεν;
2167 3538 2301 3609 Οὐχὶ
2328 3541 2422 3593 καὶ
2460 3540 2552 3593 τοῦ
2576 3535 2714 3593 εἶναι
2743 3541 2812 3593 τὰ
2842 3542 3037 3605 πάντα,
3068 3544 3162 3595 καὶ
3186 3542 3279 3595 τοῦ
3306 3541 3407 3614 ζῇν
3429 3540 3595 3607 αὐτὸς

2010 3629 2116 3701 τὴν,
2153 3631 2337 3701 αἰτίαν,
2372 3632 2724 3704 περιείληφε;
2773 3632 2863 3703 Τῷ
2895 3633 2958 3702 δὴ
3001 3628 3094 3686 οὖν
3124 3634 3221 3704 τὴν
3249 3633 3386 3704 πρὸς
3427 3632 3593 3686 αὑτὸν

2013 3722 2346 3795 στειλαμένῳ
2383 3725 2562 3794 φιλίαν
2606 3727 2658 3778 τί
2706 3727 2772 3779 ἂν
2821 3726 2902 3779 ἔτι
2931 3725 3384 3792 λείποιτο;τίνος
3429 3725 3474 3778 δ’
3521 3724 3592 3780 ἂν

2011 3818 2291 3891 ὑστεροττο
2365 3819 2395 3872 ό
2460 3819 2568 3874 τῶν
2634 3819 2852 3890 ἀγαθῶν
2918 3821 3010 3873 τὸν
3066 3819 3391 3891 δημιουργὸν
3452 3817 3593 3882 ἐξοι-

2009 3908 2353 3980 κειούμενος;
2404 3909 2437 3980 ἢ
2484 3909 2631 3974 τίνος
2690 3910 2756 3964 ἂν
2807 3910 3074 3980 ἐλαττῷτο
3141 3911 3170 3962 ὁ
3219 3911 3311 3964 καὶ
3384 3908 3592 3982 πατρὸς

2008 4001 2067 4054 ὲν
2107 3999 2262 4074 χώρᾳ
2302 4001 2394 4055 καὶ
2440 4003 2737 4074 κηδεμόνος
2778 4004 2868 4056 τὸν
2918 4005 3094 4074 μέγαν
3141 4003 3448 4074 προστάτην
3492 4003 3590 4057 καὶ

2010 4092 2360 4164 παμϐασιλέα
2417 4093 2526 4147 τῶν
2573 4094 2709 4148 ὃλων
2782 4094 3252 4167 ἐπιγραφόμενος-ς
3307 4092 3445 4147 Ἀλλ’
3485 4093 3590 4150 οὐκ

2007 4181 2153 4236 ἔστιν
2186 4184 2381 4247 εἰπεῖν,
2411 4185 2438 4236 ὅ
2466 4201 2515 4236 τι
2560 4182 2634 4256 μὴ
2675 4183 2773 4255 οὐχ
2803 4185 2831 4237 ὁ
2861 4188 2926 4256 τῇ
2961 4184 3197 4238 διαθέσει
3247 4183 3323 4256 τῷ
3366 4183 3590 4254 παμϐα-

2008 4275 2152 4330 σιλεία
2187 4275 2308 4347 Θεῷ
2351 4272 2698 4349 πλησιάζων,
2732 4279 2826 4332 καὶ
2863 4275 2961 4349 τῆς
3001 4277 3459 4350 παμμακαρίστου
3498 4292 3589 4348 φι-

2006 4367 2124 4432 λίας
2168 4367 2258 4422 διά
2309 4369 2408 4439 τῆς
2450 4370 2878 4441 ὲπιστημονικῆς
2919 4369 3199 4433 εὐσεϐείας
3245 4368 3585 4441 ἠξιωμένος,

2005 4456 2140 4528 ὁμοῦ
2175 4457 2270 4511 καὶ
2309 4457 2485 4529 ψυχῆς
2518 4459 2612 4512 καὶ
2647 4458 2926 4529 σώματος,
2958 4459 3184 4512 καὶτῶν
3219 4443 3376 4523 ἐκτὸς
3412 4459 3589 4513 ἁπάν-

2006 4542 2114 4602 των
2149 4543 2208 4602 εὖ
2249 4548 2316 4602 ἂν
2358 4549 2490 4620 ἔχοι.
2531 4548 2746 4620 Ταύτην
2794 4549 2857 4621 δὴ
2885 4551 3065 4611 τοίνυν
3105 4549 3201 4623 τὴν
3236 4549 3446 4621 ἀγαθὴν
3490 4551 3588 4604 καὶ

2009 4642 2278 4712 σωτήριον
2332 4642 2470 4713 πρὸς
2514 4641 2646 4695 Θεὸν
2690 4641 2990 4714 ἀνθρώπων
3025 4644 3236 4712 φιλίαν,
3283 4643 3486 4698 ἄνωθεν
3519 4645 3586 4698 ἐκ

2004 4730 2100 4786 τοῦ
2150 4734 2464 4802 παναγάθου
2497 4733 2632 4787 Θεοῦ
2685 4735 3098 4806 καταπεμφθεὶς
3141 4739 3170 4789 ὁ
3212 4736 3342 4798 Θεὸς
3379 4737 3582 4804 Λόγος,

2003 4821 2192 4896 ὥσπερ
2238 4841 2322 4887 τις
2354 4825 2816 4895 ἀπειρομεγέθους
2847 4825 3024 4894 φωτὸς
3067 4825 3207 4897 αὐγὴ
3230 4865 3244 4887 ,
3293 4827 3458 4878 πᾶσιν
3488 4826 3585 4879 ἀν-

2004 4915 2241 4991 θρώποις
2285 4917 2724 4984 εὐαγγελίζεταιο
2785 4918 2884 4970 οὐκ
2942 4916 3149 4971 ἐνθένδε
3223 4916 3414 4981 ποθὲν,
3469 4917 3582 4971 οὐδ’

2003 5003 2286 5075 ἑτέρωθεν,
2323 5004 2459 5058 ἀλλὰ
2488 5006 2822 5075 πανταχόθεν
2856 5004 2916 5071 ἐξ
2950 5007 3204 5061 ἁπάντων
3243 5009 3411 5062 ἐθνῶν
3443 5009 3580 5082 πρὸς

2002 5093 2093 5148 τὸν
2114 5095 2220 5148 τῶν
2244 5096 2381 5150 ὅλων
2418 5096 2550 5150 Θεὸν
2566 5097 2867 5169 παρορμῶν
2893 5099 3050 5169 ἥκειν
3086 5098 3185 5170 (2),
3222 5099 3471 5153 σπεύδειν
3494 5115 3579 5166 τε,

2069 5205 2140 5260 Ὦ
2172 5208 2286 5262 Ζεῦ
2309 5209 2598 5274 βασιλεῦ,
2626 5209 2694 5264 τὸ
2720 5209 2918 5280 χρῆμα
2947 5211 3065 5265 τῶν
3088 5212 3510 5274 redactos-door!

2161 5290 2359 5348 quanta
2391 5280 2633 5332 laborum
2661 5281 2853 5335 moles!

2001 5349 2156 5416 Quod
2181 5351 2226 5403 si
2250 5350 2571 5404 retineretur
2591 5349 2770 5422 θείων,
2791 5366 2986 5406 sensus
3003 5352 3296 5418 videretur,
3321 5353 3424 5408 hoc
3444 5368 3576 5422 open

2001 5424 2081 5474 ris
2107 5435 2392 5488 operteque
2418 5435 2589 5489 genus
2616 5421 2684 5474 ad
2711 5422 2996 5491 episcopos
3025 5424 3260 5477 maxime
3282 5421 3573 5492 pertinere.

1999 5491 2069 5544 At
2096 5490 2255 5559 infer.
2296 5489 2448 5542 Plato
2476 5507 2490 5543 :
2523 5489 2707 5559 Ούτως
2742 5492 2962 5559 ἐμαυτῷ
2996 5492 3152 5559 ἔδοξα
3188 5495 3323 5559 πρὸς
3371 5493 3579 5559 ταύτην

1999 5510 2069 5544 At
2096 5510 2255 5545 inter.
2296 5510 2448 5542 natu
2476 5510 2490 5543 :
2523 5510 2707 5554 υυτως
2742 5510 2962 5562 εμαυτῳ
2996 5510 3152 5559 εοοςα
3188 5510 3323 5564 προς
3371 5510 3574 5564 ταυτην

1998 5559 2098 5636 τὴν
2121 5558 2310 5629 σκέψιν
2333 5557 2788 5636 ἀφυὴς-ἀνακῶς
2818 5562 2967 5616 οὐδὲν
2997 5565 3202 5636 χρῆμα.
3235 5566 3291 5620 ld
3324 5574 3424 5627 est,
3465 5574 3574 5632 tam

1998 5631 2226 5701 ineptus,
2248 5647 2408 5701 quam
2435 5632 2525 5700 qui
2557 5633 2806 5701 maxime.

2073 5700 2150 5780 (ἢ)
2190 5699 2320 5780 Post
2365 5699 2540 5771 ἥκειν,
2575 5700 2742 5758 Μοιιι.
2799 5703 2902 5774 leg.
2959 5705 3160 5777 σπουδῇ
3202 5722 3257 5758 τε
3293 5705 3442 5780 πάσῃ
3475 5705 3573 5776 κα)

2004 5771 2293 5843 προθυμίᾳ.
