3798 6220
152 341 217 398 ε
1373 336 1652 393 PREPAI

1931 336 1997 392 G.
2036 335 2162 392 LIB.
2192 334 2233 389 l'.
3360 330 3431 387 20

148 454 235 508 ια).
271 455 421 526 πάσῃ
482 454 779 526 προθυμίᾳ⁵
806 455 988 526 ψυχῆς
1034 457 1095 509 τὸ
1153 456 1324 529 δῶρον
1364 458 1648 528 ὑποδέχεσί

1932 456 2063 512 ιᾱίοἱ
2082 462 2281 526 potest,
2306 468 2415 523 quo
2437 451 2505 507 ad
2525 468 2796 508 summam
2832 450 3275 521 cumulatamque
3314 459 3432 507 tum

148 545 408 616 Έλληνας
439 546 585 617 ὁμοῦ
628 548 730 601 καὶ
760 546 1094 620 βαρϐάρους,
1145 550 1345 619 ἄνδρας
1385 550 1501 620 ἅμα
1531 550 1749 619 γυναιξὶ

142 640 230 691 καὶ
253 639 486 708 νηπίοις,
542 640 799 711 πένητας
832 657 891 693 τε
925 641 1021 693 καὶ
1057 641 1376 707 πλουσίους,
1415 644 1613 712 σοφοὺς
1654 642 1747 695 καὶ

144 727 381 791 ίεῖιῲτας,
426 730 554 782 οὐδὲ
596 730 664 783 τὸ
721 732 996 785 οἰκετικὸν
1041 733 1202 800 γένος
1249 733 1608 803 ὑπερφρονῶν
1648 732 1746 801 τῆς

144 819 394 888 κλήσεως.
427 820 558 871 Ὀτι
583 820 651 891 δὴ
681 822 817 891 μίαν
847 822 948 891 τὴν
976 824 1193 877 πάντων
1218 824 1405 876 οὐσίαν
1436 840 1495 876 τε
1522 824 1615 876 καὶ
1648 822 1748 892 φύ-

146 927 222 962 σιν
250 911 277 963 ό
301 910 484 980 πατὴρ
512 913 715 964 αὐτῶν
740 916 1171 984 συστησάμενος,
1213 916 1341 984 μιᾶς
1395 914 1623 976 εἰκότως
1649 916 1746 967 καὶ

146 1002 233 1070 τῆς
256 1003 371 1071 ίσης
423 1004 653 1067 πάντας
707 1005 876 1059 πάλιν
920 1006 1334 1078 μεγαλοδωρεᾶς
1379 1005 1621 1075 ἠξίωσε,
1648 1004 1747 1076 τὴν

141 1097 261 1165 πρὸς
314 1096 483 1149 αὑτὸν
532 1098 755 1165 γνῶσίν
797 1117 859 1153 τε
899 1101 997 1154 καὶ
1052 1100 1231 1169 φιλίαν
1272 1100 1446 1154 ἅπασι
1487 1102 1598 1163 τοῖς
1645 1099 1749 1151 ὑπ-

141 1186 335 1240 ακούειν
365 1188 653 1255 ἐθέλουσι,
693 1193 793 1245 καὶ
829 1193 931 1262 τὴν
966 1193 1128 1265 χάριν
1149 1192 1406 1263 εὐμαρῶς
1434 1189 1749 1261 ἀσπαζομέ-

140 1297 235 1343 νοις
280 1280 666 1352 δωρούμενος.
719 1284 944 1354 Ταύτην
982 1287 1011 1338 ό
1052 1285 1288 1355 Χριστοῦ
1325 1284 1496 1353 Λόγος
1527 1284 1605 1354 (5)
1639 1280 1745 1355 ἦκε

137 1368 378 1438 τὴνπρὸς
403 1370 502 1421 τὸν
534 1372 717 1425 αὑτοῦ
746 1373 970 1444 Πατέρα
1004 1372 1187 1442 (φιλίαν
1219 1372 1297 1444 τῷ
1333 1374 1608 1445 σύμπαντι
1651 1374 1736 1427 κό-

138 1479 249 1533 σμῳ
296 1465 836 1537 εὐαγγελιούμενος
875 1488 894 1520 ι
931 1468 1065 1531 Θεὸς
1102 1471 1209 1541 γὰρ
1226 1466 1295 1541 ἦν
1328 1472 1518 1543 κόσμῳ
1546 1472 1747 1525 καταλ-

138 1556 335 1609 λάσσων
369 1559 602 1623 ἑαυτὸν,
641 1560 721 1631 μὴ
743 1561 1098 1631 λογιζόμενος
1128 1564 1310 1627 αὐτοῖς
1346 1564 1414 1618 τὰ
1445 1565 1746 1637 παραπτώ-

140 1666 310 1719 ματα,
343 1669 366 1701 ι
515 1652 590 1705 τὰ
644 1652 770 1705 θεῖα
814 1652 1055 1706 διδάσκει
1114 1653 1291 1723 λόγια.
1339 1674 1357 1706 ι
1407 1655 1606 1709 Ἐλθών
1663 1674 1743 1721 τε,

138 1742 307 1824 φησὶν,
340 1744 762 1813 εὐηγγελίσατο
786 1747 1011 1819 εἰρήνην
1046 1748 1160 1811 τοῖς
1192 1747 1431 1818 μακρὰν,
1467 1749 1562 1801 καὶ
1595 1748 1745 1820 εἰρή-

1850 550 2043 613 animi,
2065 558 2182 602 tum
2210 547 2478 616 corporis,
2494 556 2955 613 externorumque
2971 543 3239 597 bonorum
3264 540 3435 597 felici.

1850 648 2015 693 tatem
2057 638 2316 707 indigeat,
2343 638 2436 707 qui
2466 635 2692 707 propius
2719 634 2786 689 ad
2823 650 3003 705 regem
3051 634 3432 689 universorum

1850 731 2018 786 Deum
2056 734 2117 785 vi
2154 731 2438 785 eharitatis
2474 728 2790 791 accesserit,
2829 728 3032 797 quique
3071 727 3140 781 ab
3171 741 3237 780 eo
3270 726 3435 781 fuerit

1848 820 2149 875 beatissimi
2174 820 2379 874 amoris
2398 819 2651 888 gratiam,
2672 817 2886 886 pietatis
2909 816 3092 885 hujus,
3108 816 3348 870 scientia:
3368 830 3434 871 ac

1850 912 2129 981 sapientia:
2166 912 2587 976 conciliatricis,
2643 910 2839 964 merito
2893 919 3238 964 consecutus.
3281 905 3435 963 Hanc

1849 1003 2015 1073 igitur
2041 1004 2176 1057 adeo
2199 1003 2378 1057 laetam
2423 1018 2486 1057 ac
2520 1002 2814 1059 salutarem
2844 1001 3123 1056 hominum
3171 1015 3294 1054 cum
3320 997 3434 1052 Deo

1850 1094 2332 1157 necessitudinem,
2348 1094 2557 1149 missus
2572 1092 2637 1147 ad
2661 1107 2761 1146 nos
2782 1092 2997 1146 caelitus
3013 1107 3077 1145 ex
3091 1090 3435 1146 Deo'summe

1848 1188 1993 1243 bono
2018 1185 2433 1252 DeusVerbum,
2455 1188 2533 1243 sic
2558 1196 2814 1255 tanquam
2838 1185 3094 1253 splendor
3115 1184 3314 1253 aliquis
3340 1184 3437 1237 im-

1847 1281 2022 1337 mensi
2048 1282 2290 1348 luminis,
2309 1282 2524 1337 cunctis
2546 1280 2858 1337 hominibus
2882 1280 3105 1335 feliciter
3124 1276 3430 1331 annuntiat.

1849 1375 1900 1431 Is
1918 1391 2025 1431 non
2050 1376 2101 1446 3
2130 1391 2195 1429 ex
2230 1391 2342 1429 uno
2363 1375 2600 1428 alterove
2626 1373 2768 1435 loco,
2797 1372 2889 1428 sed
2914 1388 2979 1427 ex
3014 1370 3269 1425 omnibus
3285 1367 3437 1424 orbis

1847 1469 2090 1523 universi
2112 1468 2426 1522 nationibus
2452 1466 2702 1521 homines
2715 1465 2779 1519 ad
2806 1480 2987 1520 rerum
3005 1462 3246 1517 omnium
3263 1460 3432 1515 Deum

1853 1561 2202 1615 vehementer
2239 1559 2451 1623 invitat,
2480 1557 2807 1627 Graecosque
2831 1556 3033 1626 pariter
3062 1570 3126 1608 ae
3148 1552 3433 1619 barbaros,

1852 1654 1997 1707 viros
2022 1653 2206 1719 simul,
2243 1650 2477 1707 feminas
2539 1667 2604 1705 ac
2636 1650 2927 1719 puerulos;
2964 1648 3156 1717 inopes
3186 1660 3341 1715 aeque
3369 1659 3435 1701 ac

1848 1744 2069 1808 divites,
2103 1744 2378 1815 sapientes
2405 1752 2457 1797 et
2488 1742 2707 1807 idiotas,
2739 1748 2801 1795 ut
2819 1754 3132 1810 properare,
3161 1737 3435 1792 oblaturu-

134 1819 224 1904 νην
248 1837 363 1899 τοῖς
394 1837 598 1904 ἐγγυς.
645 1857 666 1889 ι
701 1836 892 1892 Ταῦτα
920 1838 1202 1909 πρόπαλαι
1246 1839 1437 1903 παῖδες
1474 1840 1634 1910 Ἐϐρα

1934 1852 1953 1891 3
1984 1852 2186 1891 munus
2229 1836 2379 1889 omni
2414 1849 2539 1889 cum
2572 1833 2882 1887 animorum
2915 1831 3195 1885 alacritate
3230 1844 3294 1884 ac
3315 1837 3434 1887 sill-

135 1925 578 2000 θεοφορούμενοι,
620 1930 708 2001 τῷ
766 1929 1045 2001 σύμπαντι
1085 1933 1281 2004 κόσμῳ
1324 1930 1737 2004 προεθέσπιζον.

145 2020 197 2073 ’0
220 2020 318 2090 μέν
357 2038 445 2083 τις
482 2022 634 2093 βοιῖιν
654 2041 669 2053 ·
691 2037 709 2067 ί
728 2020 1143 2093 Μνησθήσονται
1170 2026 1264 2078 καὶ
1300 2025 1740 2098 ὲπιστραφήσον-

132 2128 217 2167 ται
244 2115 382 2184 πρὸς
400 2116 619 2186 Κύριον
640 2117 824 2171 πάντα
843 2116 911 2170 τὰ
930 2117 1145 2189 πέρατα
1165 2119 1261 2189 τῆς
1285 2119 1409 2189 γῆς,
1444 2120 1539 2172 καὶ
1567 2135 1739 2190 προσ-

133 2209 457 2277 ιωνήσουσιν
492 2210 655 2280 αὐτῷ
688 2213 859 2266 πᾶσαι
882 2216 936 2265 αί
972 2212 1201 2283 πατριαὶ
1220 2211 1327 2263 τῶν
1360 2211 1551 2264 ἐθνῶν.
1584 2231 1602 2262 ›
1629 2213 1740 2265 Καὶ

131 2300 287 2353 πάλιν
310 2318 325 2331 ο
371 2319 390 2351 ι
436 2302 660 2356 Εἴπατε
697 2306 759 2356 ὲν
788 2307 901 2367 τοῖς
927 2304 1159 2367 ἔθνεσιν,
1196 2303 1277 2355 ὅτι
1311 2303 1517 2374 Κύριος
1552 2302 1739 2355 ὲὸασί-

131 2393 277 2447 λευσε
303 2410 316 2424 ’
359 2396 459 2447 καὶ
484 2396 601 2465 γὰρ
624 2396 960 2468 κατώρθωσε
1000 2397 1099 2467 τὴν
1124 2396 1466 2467 οἰκουμένην,
1515 2397 1639 2468 ἥτις
1668 2397 1729 2449 οὐ

131 2486 547 2557 σαὶευθήσεται.
593 2508 613 2539 ι
655 2490 715 2541 '0
766 2490 823 2543 δὲ
858 2492 1121 2558 φάσκων·
1171 2508 1189 2540 ‹
1240 2488 1539 2558 Ἐπιφανὴς
1586 2489 1739 2542 ἔσται

132 2580 323 2651 Κύριος
347 2581 410 2633 ἐν
430 2582 652 2645 αὺτοῖς,
675 2582 772 2634 καὶ
796 2580 1171 2653 ἐξολοθρεύσει
1197 2581 1405 2644 πάντας
1432 2581 1557 2644 τοὺς
1582 2580 1739 2644 Θεοὺς

132 2671 228 2723 τῶν
254 2672 429 2725 iliva
456 2675 564 2745 τῆς
595 2676 724 2744 γῆς,
759 2676 853 2727 καὶ
890 2674 1366 2747 προσκυνήσουσιν
1410 2672 1579 2744 αὐτῷ,
1609 2674 1740 2727 ἕκας-

134 2779 247 2825 στος
283 2764 350 2816 ἐκ
380 2764 481 2817 τοῦ
531 2765 706 2818 τόπου
748 2766 935 2819 αὐτοῦ.
982 2786 1001 2818 ι
1036 2765 1224 2820 Ταῦτα
1256 2766 1537 2838 πρόπαλαι
1572 2764 1739 2829 θείοις

134 2860 394 2925 χρησμοῖς
435 2858 787 2928 ἀνακείμενα
811 2898 826 2923 ,
886 2858 984 2911 νῦν
1019 2859 1100 2922 εἰς
1129 2860 1274 2929 ἡμᾶς
1299 2858 1498 2921 αὐτοὺς
1519 2858 1609 2911 διὰ
1637 2858 1738 2928 τῆς

137 2946 218 2999 τι.τῦ
544 2949 709 3021 ήμῶν
759 2949 935 3021 ’1ησοῦ
971 2951 1209 3024 Χριστοῦ
1242 2951 1593 3014 διδασκαλίας
1641 2951 1738 3003 πέ-

136 3055 294 3109 φηνεν
334 3040 434 3110 (4),
459 3040 541 3104 ὡς
574 3043 678 3113 τὴν
706 3042 877 3096 πάλαι
912 3044 1326 3114 κηρυττομένην
1359 3060 1419 3095 τε
1440 3087 1453 3110 ,
1488 3043 1585 3099 καὶ
1622 3045 1737 3107 τοῖς

227 3130 434 3183 τούτων
464 3133 725 3203 ἀπείροις
759 3133 1217 3205 προσδοκωμένην
1236 3135 1343 3187 τῶν
1364 3134 1535 3187 ὲθνῶν
1558 3135 1736 3197 ἁπάν-

132 3238 233 3275 των
261 3221 629 3290 θεογνωσίαν,
664 3225 892 3289 εἰκότως
926 3227 1061 3297 ἡμῖν
1097 3226 1187 3280 τὸν
1217 3226 1447 3298 ἔναγχος
1480 3225 1539 3292 ἐξ
1568 3226 1735 3296 οὐρα-

128 3310 219 3382 νοῦ
250 3313 511 3385 παρόντα,
527 3314 704 3381 Λόγον
722 3315 1194 3388 εὐαγγελίζεσθαι,
1216 3320 1334 3380 ταῖς
1351 3304 1459 3369 τῶν
1487 3315 1733 3370 παλαιῶν

127 3407 328 3475 φοναῖς
358 3402 432 3455 τὰ
465 3402 559 3457 διὰ
589 3404 701 3457 τῶν
733 3405 912 3477 ἔργων
954 3408 1369 3479 ἀποτελέσματα
1417 3408 1731 3479 συντρέχειν

127 3493 399 3547 ἐπιδεικνύ
408 3514 578 3566 μενον
587 3539 600 3551 .

1844 1929 1937 1982 dio
1967 1928 2249 1997 suspicere
2299 1926 2485 1992 velint,
2518 1924 2833 1983 exstimulat
2859 1938 2957 1979 :ac
2988 1937 3056 1977 ne
3094 1922 3272 1991 ipsum
3306 1918 3435 1990 qui~

1844 2019 1967 2074 dem
2002 2020 2199 2074 servile
2227 2035 2397 2090 genus
2431 2018 2499 2072 ab
2543 2016 2814 2087 ejusmodi
2844 2014 3103 2070 societate
3132 2012 3435 2070 vocationis

1843 2112 2102 2167 excludit.
2126 2111 2336 2181 Quippe
2360 2110 2613 2181 quienim
2643 2124 2751 2163 una
2776 2108 3079 2176 eademque
3100 2119 3291 2160 omnes
3309 2103 3438 2159 sub-

1844 2207 2046 2261 stantia
2095 2216 2403 2275 naturaque
2443 2203 2773 2274 procreavit,
2834 2201 3081 2256 omnium
3121 2214 3337 2269 parens,
3386 2197 3435 2255 is

1837 2299 1963 2369 jure
1992 2313 2184 2353 omnes
2220 2299 2423 2367 pariter
2452 2298 2506 2351 in
2532 2297 2697 2351 unius
2735 2294 3072 2365 aequalisque
3111 2290 3438 2346 munificen-

1844 2390 1934 2444 tize
1981 2390 2426 2445 communionem
2490 2388 2709 2450 ascivit,
2766 2386 3018 2441 notitiam
3076 2396 3433 2451 amoremque

1842 2482 1928 2538 sui
1983 2498 2108 2538 cum
2168 2482 2237 2537 iis
2282 2481 2541 2539 omnibus
2574 2480 2787 2551 prolixe
2844 2477 3285 2535 communicatis.
3337 2474 3433 2543 qui

1842 2588 2049 2629 morem
2079 2574 2296 2628 vocanti
2348 2588 2556 2643 gerere,
2588 2572 2888 2643 gratiaeque
2932 2584 3045 2623 sua:
3082 2565 3433 2629 beneficium,

1840 2666 2075 2722 libenter
2105 2665 2354 2734 accipere
2385 2664 2782 2734 complectique
2805 2660 3099 2716 voluerint.
3138 2656 3293 2713 lianc
3326 2658 3434 2713 ita-

1840 2774 1947 2831 que
1968 2758 2224 2813 Christus
2241 2773 2369 2827 erga
2395 2756 2612 2811 Patrem
2638 2772 2798 2810 suum
2831 2755 3152 2810 charitatem
3186 2753 3436 2808 oratione

1840 2868 1939 2909 sua
1964 2852 2063 2907 toti
2089 2852 2295 2922 passim
2326 2850 2446 2904 orbi
2471 2848 2825 2919 prmdicatum
2857 2848 3026 2902 venit.
3061 2866 3079 2898 ι
3112 2847 3253 2900 Deus
3283 2847 3435 2901 enim

1839 2951 1959 2998 erat
1990 2944 2045 2997 in
2085 2942 2308 2997 Christo
2340 2942 2583 3010 seipsnm
2619 2939 2825 2993 mundo
2856 2938 3176 3003 concilians,
3204 2952 3304 2991 nec
3327 2935 3433 2990 im-

1838 3044 2041 3105 pulans
2077 3034 2158 3089 eis
2188 3041 2412 3104 peccata
2445 3048 2543 3087 sua
2572 3031 2613 3097 ¹,
2654 3049 2672 3082 ι
2741 3029 3203 3101 quemadmodum
3237 3029 3432 3082 littera

1838 3128 2040 3183 divina!
2068 3126 2286 3181 docent.
2328 3143 2348 3176 ι
2387 3124 2524 3178 Cum
2559 3124 2820 3188 venisset,
2860 3122 3055 3193 inquit,
3089 3120 3433 3191 evangeliu-

1838 3220 1916 3275 vit
1943 3234 2131 3289 pacem
2166 3218 2233 3272 iis
2261 3218 2354 3287 qui
2379 3216 2569 3287 procul
2590 3225 2765 3280 erant,
2789 3224 2843 3270 et
2866 3231 3052 3284 pacem
3078 3214 3145 3269 iis
3176 3214 3266 3283 qui
3299 3227 3433 3282 prov-

1838 3328 1907 3383 pe
1940 3314 1984 3366 ³.
2013 3329 2032 3362 ι
2071 3309 2249 3380 Atque
2284 3311 2399 3364 haec
2435 3310 2550 3379 ipsa
2586 3308 2791 3362 mundo
2819 3308 3025 3376 pridem
3050 3307 3303 3360 universo
3327 3302 3433 3359 lie-

1836 3388 2110 3460 brmorum
2137 3402 2304 3473 aliqui
2337 3402 2524 3457 divino
2549 3401 2713 3456 amati
2742 3401 2946 3471 Spiritu
2975 3398 3194 3454 oracula
3226 3396 3433 3452 cecine-

1833 3514 1911 3553 re.
1946 3496 2011 3552 Et
2038 3512 2227 3551 eorum
2269 3495 2489 3566 quidem
2517 3510 2659 3549 unus
2691 3509 2885 3564 magna
2918 3508 3050 3548 voce
3085 3490 3430 3562 pronuntiat.

131 3602 150 3639 ι
182 3584 671 3655 Reminiscentur,
727 3600 781 3646 et
843 3602 1231 3648 convertentur
1290 3593 1360 3649 ad
1425 3591 1716 3646 Dominum
1758 3604 1949 3645 omnes
1982 3591 2117 3643 lines
2166 3595 2347 3651 terrae,
2382 3594 2435 3642 et
2489 3585 2795 3641 adorabunt
2838 3601 2962 3638 cum
3003 3598 3194 3638 omnes
3244 3583 3432 3652 patri!

126 3683 360 3750 gentium
394 3683 437 3737 ³.
490 3703 509 3733 ι
542 3683 614 3755 Et
640 3701 877 3741 rursus:
909 3708 928 3739 ι
968 3687 1136 3743 Dicite
1169 3689 1221 3743 in
1254 3689 1528 3759 gentibus,
1558 3687 1818 3757 quoniam
1861 3685 2126 3745 Dominus
2173 3682 2422 3755 regnavit
2452 3700 2464 3734 :
2501 3682 2699 3736 ctenim
2728 3680 2965 3738 correxit
3004 3679 3195 3738 orbam
3249 3688 3431 3743 terra),

125 3778 208 3847 qui
251 3792 363 3843 ηοη
410 3780 856 3850 commovebitur
885 3779 957 3833 ⁸.»
991 3783 1144 3838 Alius
1171 3797 1299 3836 vero
1335 3782 1415 3836 sic
1444 3782 1731 3851 loquitur:
1779 3798 1797 3831 ι
1824 3776 2170 3847 Conspicuus
2220 3776 2327 3832 erit
2360 3774 2630 3841 Dominus
2680 3776 2734 3829 in
2774 3775 2927 3845 ipsis.
2960 3784 3013 3828 ct
3049 3773 3289 3827 funditus
3336 3789 3430 3827 ex-

127 3872 433 3927 terminabit
474 3888 673 3929 omnes
715 3875 849 3932 deos
893 3877 1174 3942 nationum
1216 3886 1393 3947 terrae,
1430 3878 1721 3948 ipsumque
1759 3874 2065 3931 adorabunt
2095 3872 2295 3943 singuli
2338 3889 2402 3927 ex
2435 3874 2556 3928 loco
2602 3886 2704 3927 suo
2730 3880 2769 3933 δ,
2814 3889 2833 3922 )
2864 3868 2989 3924 ίίᾶἒο
3040 3870 3295 3924 nimirum
3339 3870 3429 3927 illa

126 3980 261 4030 sunt,
296 3984 427 4037 qua:
472 3968 591 4037 jam
625 3986 801 4039 usque
836 3972 905 4025 ab
945 3972 1134 4026 ultima
1170 3978 1497 4035 smculorum
1529 3972 1791 4026 memoria
1831 3969 2034 4025 divinis
2077 3969 2313 4023 oraculis
2358 3967 2613 4022 mandata
2648 3982 2772 4026 cum
2818 3974 3022 4029 essent,
3073 3964 3428 4021 Jesu-Christi

128 4056 428 4117 Senatoris
466 4065 645 4123 nostri
668 4065 935 4131 doctrina:
975 4067 1238 4125 beneficio
1293 4070 1497 4129 nostris
1550 4068 1847 4138 aliquando
1887 4064 2224 4136 temporibus
2255 4066 2532 4119 exstitere.
2572 4064 2650 4118 Ac
2683 4062 2878 4117 merito
2918 4076 3049 4117 sane
3097 4060 3334 4116 Verbum
3363 4062 3429 4117 il-

129 4150 229 4217 lud,
262 4156 415 4223 quod
453 4172 637 4224 nuper
677 4159 743 4211 ad
776 4174 876 4213 nos
900 4173 929 4213 e
963 4160 1105 4223 uelo
1152 4160 1432 4230 delapsum
1470 4168 1574 4220 est,
1601 4160 1741 4214 hanc
1780 4168 1860 4213 tot
1888 4158 2097 4228 pridem
2129 4156 2356 4210 vocibus
2401 4156 2772 4226 praedicatam,
2802 4163 2856 4209 et
2884 4154 2951 4207 ab
2979 4154 3045 4208 iis
3095 4155 3286 4208 saltem
3331 4147 3427 4224 qui

129 4254 177 4310 in
208 4251 535 4321 hujusmodi
582 4253 745 4307 rebus
794 4268 903 4307 non
941 4255 1184 4323 hospites
1218 4255 1436 4324 penitus
1474 4271 1538 4323 ac
1588 4254 1860 4325 peregrini
1907 4260 2083 4323 erant,
2124 4260 2517 4320 exspectatam,
2564 4266 2660 4329 per
2702 4265 2891 4305 omnes
2926 4250 3157 4319 populos
3198 4247 3294 4305 Dei
3329 4262 3417 4305 no-

128 4345 283 4400 titiam
308 4346 697 4410 annuntiarit,
728 4354 787 4398 ttt
808 4350 1114 4415 priscorum
1145 4349 1360 4402 illorum
1385 4364 1547 4404 voces
1576 4348 1951 4419 consentiente
1982 4362 2206 4417 operum
2238 4345 2479 4422 ipsorum
2512 4345 2663 4399 exitu
2712 4346 3113 4413 comprobaret.

198 4434 359 4488 Ἀλλὰ
400 4435 456 4487 τί
494 4433 606 4506 χρὴ
640 4434 915 4498 σπεύδειν,
946 4436 1213 4504 φθάνοντα
1241 4442 1307 4510 τῇ
1327 4440 1605 4515 προθυμίᾳ
1635 4441 1698 4512 τὴ

1920 4437 2115 4505 Verum
2142 4437 2287 4490 enim
2327 4450 2475 4498 vero,
2503 4452 2766 4504 quorsum
2802 4437 2966 4491 nimis
2997 4438 3218 4491 incitato
3251 4436 3420 4493 animi

127 4526 329 4580 τῶνδιὰ
360 4527 465 4581 τοῦ
518 4528 691 4596 μέσου
716 4526 892 4596 λόγων
931 4529 1285 4597 ἀκολουθίαν,
1332 4532 1622 4586 ἀναλαϐεῖν
1672 4535 1731 4601 ἐξ

126 4621 366 4692 ὐταρῂς
400 4621 558 4683 δεον,
596 4618 692 4672 καὶ
718 4619 787 4672 τὰ
821 4621 1071 4692 ἐμποδὼν
1094 4623 1308 4677 ἅπαντα
1335 4624 1726 4693 διαλύσασθαι;

134 4712 340 4782 Ἐπειδὴ
394 4714 512 4785 γὰρ
556 4712 650 4763 τὸν
677 4713 1105 4783 Χριστιανισμόν
1156 4732 1301 4779 τινες
1349 4716 1537 4769 οὐδένα
1572 4716 1726 4785 λόγον

124 4803 442 4868 ἀποσώζειν,
484 4803 677 4874 ἀλόγῳ
702 4804 763 4855 δὲ
805 4804 987 4858 πίστει
1022 4806 1115 4858 καὶ
1145 4806 1487 4876 ἁνεξετάστῳ
1521 4825 1727 4876 συγκα-

123 4898 325 4951 ταθέσει
346 4900 482 4961 τοὺς
502 4898 888 4969 προσηγορίας
912 4898 1229 4969 ἐφιεμένους
1250 4901 1309 4952 τὸ
1330 4900 1487 4967 δόξαν
1521 4900 1721 4973 κυροῦν

125 4990 481 5061 ὑπιλὶγρασιν
503 5006 515 5017 ·
560 4990 730 5060 μηδὲν
761 4989 1065 5057 φάσκοντες
1102 4991 1359 5045 δύνασθαι
1392 4992 1718 5057 ἀποδείξεως

124 5084 339 5154 ἐναργὲς
368 5082 647 5152 παρέχειν
690 5084 991 5154 τεκμήριον
1012 5084 1109 5153 τῆς
1126 5087 1183 5137 ὲν
1208 5088 1320 5149 τοῖς
1340 5085 1718 5156 ὲπαγγελομέ-

124 5192 222 5241 νοις
256 5175 546 5246 ἀληθείας,
576 5173 759 5226 πίστει
782 5174 841 5226 δὲ
871 5174 1007 5246 μόνῃ
1048 5176 1337 5246 προσέχειν
1382 5162 1562 5239 ἀξιοῦν
1589 5175 1715 5239 τοὺς

127 5270 479 5341 προσιόντας·
534 5267 725 5338 παρ’ὃ
755 5266 849 5319 καὶ
898 5269 1122 5332 πιστοὺς
1178 5267 1559 5339 χρηματίζειν,
1613 5266 1715 5337 τῆς

126 5362 339 5433 ἀκρίτου
396 5362 560 5432 χάριν
613 5361 709 5413 καὶ
764 5359 1128 5414 ἀϐασανίστου
1178 5360 1442 5425 πίστεως·
1493 5360 1717 5424 εἰκότως

130 5457 207 5509 ἐπὶ
226 5456 387 5527 τήνδε
418 5455 612 5518 καθεὶς
636 5456 738 5527 τὴν
768 5456 1156 5527 πραγματείαν
1178 5456 1278 5527 τῆς
1307 5454 1717 5527 Εὐαγτελικῆς

130 5547 502 5614 ἀποδείξεως,
521 5550 605 5611 είς
631 5548 1092 5620 προκατασκευὴν
1113 5548 1209 5620 τῆς
1229 5547 1357 5620 ὅλης
1384 5547 1715 5613 ὑποθέσεως,

190 5665 205 5695 ³
245 5661 286 5717 ll
312 5661 442 5717 Cor.
474 5678 529 5724 v,
560 5662 649 5717 19.
729 5665 750 5695 ³
793 5660 899 5718 isa.
937 5678 1068 5731 Lvtt,
1103 5662 1190 5719 l9.
1272 5661 1293 5694 ³
1330 5661 1423 5718 Ps.
1456 5677 1568 5727 ut,
1596 5660 1686 5717 28.

1764 5661 1787 5693 ⁸
1824 5662 1917 5719 Ps.
1948 5680 2071 5730 xcv,
2100 5663 2185 5719 10.

1836 4529 2121 4601 gestientis
2152 4530 2353 4598 impetu
2386 4538 2777 4599 congruentem
2818 4530 3153 4583 intermediae
3182 4530 3426 4599 disputa-

1834 4623 2000 4677 tionis
2034 4623 2304 4687 ordinem,
2339 4632 2392 4676 ct
2426 4622 2874 4691 consequentiam
2911 4638 3267 4691 occupamus.
3296 4638 3421 4677 cum

1832 4731 1946 4769 rem
1976 4731 2005 4768 a
2039 4715 2215 4786 capite
2246 4730 2551 4783 arcessere,
2573 4730 2803 4783 quzeque
2836 4714 2992 4767 nobis
3013 4714 3423 4769 incommodare

1830 4817 2062 4879 possunt
2089 4809 2272 4862 omnia
2304 4808 2636 4864 sunnnoveri
2668 4808 2819 4877 prius
2855 4822 2916 4861 ac
2941 4807 3107 4861 refelli
3140 4807 3424 4876 oporteat?

1829 4900 1963 4955 Nam
2018 4916 2141 4966 cum
2196 4900 2301 4954 hoc
2361 4900 2609 4953 nonnulli
2653 4914 2971 4968 persuasum
3018 4901 3272 4963 habeant,
3308 4900 3421 4954 dis-

1827 4994 2039 5063 ciplina:
2081 4992 2409 5047 Christiana:
2470 4992 2866 5061 professionem
2919 4992 3064 5044 nulla
3110 5007 3268 5060 posse
3330 5006 3419 5045 ra-

1828 5086 1971 5140 tione
2018 5084 2257 5147 defendi,
2291 5085 2381 5139 sed
2426 5084 2518 5153 qui
2560 5100 2757 5139 nomen
2806 5086 2936 5139 illud
2978 5085 3414 5153 amplectantur,

1821 5192 1917 5232 eos
1957 5178 2101 5246 quod
2148 5177 2315 5231 semel
2364 5177 2538 5230 visum
2582 5175 2776 5242 fuerit,
2822 5176 3220 5230 inconsiderata
3277 5174 3412 5242 ﬁde,

1822 5272 2224 5342 negligentique
2265 5270 2320 5343 4
2358 5287 2421 5325 ac
2470 5273 2758 5326 temeraria
2814 5272 3047 5341 quadam
3092 5271 3415 5328 assensione

1824 5365 2211 5433 comprobare;
2260 5364 2505 5433 adeoque
2548 5373 2883 5427 asseverent,
2923 5363 3016 5432 qui
3048 5378 3168 5423 sese
3199 5365 3266 5423 ad
3309 5365 3414 5421 hoc

1823 5455 2135 5511 institutum
2183 5456 2562 5526 aggregarint,
2604 5455 2829 5511 evidens
2881 5464 3200 5527 certumque
3247 5471 3412 5530 argu-

1824 5557 2072 5604 mentum
2098 5548 2299 5603 habere
2322 5548 2556 5614 nullum,
2586 5562 2698 5613 quo
2726 5563 2909 5627 rerum
2932 5565 3055 5622 quae
3084 5552 3411 5624 promittun-

2260 5664 2283 5697 ⁸
2328 5660 2496 5733 Soph.
2531 5678 2591 5727 tt,
2624 5662 2711 5717 ll.

194 5754 268 5830 ᾧ)
306 5752 419 5830 ξω
447 5756 792 5830 όν-Χριστοίξ-
820 5756 1016 5830 Λόγος,
1054 5755 1219 5816 Mont.
1246 5755 1379 5830 _leg.
1412 5756 1647 5814 Χριστὸς
1673 5756 1694 5809 ἐ

1338 5772 1379 5829 g.
1412 5756 1647 5814 Χριστὸς
1673 5756 1703 5809 ὁ
1747 5756 1840 5811 τοῦ
1871 5755 2005 5813 Θεοῦ
2033 5756 2226 5829 Λόγος,
2262 5756 2478 5825 melius,
2509 5765 2569 5813 ut
2604 5756 2838 5814 videtur.

196 5825 268 5897 (4)
306 5823 413 5882 Pro
442 5823 710 5899 πέφηνεν,
741 5823 922 5884 Mont.
957 5829 1056 5897 leg.
1093 5823 1443 5899 πεφοίτηκεν.
