3798 6220
418 308 488 365 '37
1090 309 1362 368 EUSEBII
1399 309 1882 367 CESARIENSIS
1917 310 2068 367 OPP.
2105 308 2290 367 PARS
2321 309 2385 364 ll.
2426 339 2496 350 —
2523 307 3023 366 APOLOGETICA.
3660 299 3756 356 28

420 433 510 477 tur
551 423 832 478 veritatem
886 426 1281 490 demonstrent,
1339 441 1524 480 verum
1563 426 1631 482 ad
1678 442 1846 481 unam
1877 435 1920 480 ta

2255 441 2346 494 μαι
2377 424 2487 478 δεῖν
2530 425 2741 498 βραχέα
2777 423 3160 496 προδιαλαϐεἶν
3197 422 3325 493 περὶ
3373 421 3482 478 τῶν
3521 421 3755 491 ζητη⁴

421 517 704 569 tummodo
733 515 895 570 fidem
929 516 1304 571 adhaerescere
1333 518 1488 582 velle,
1521 517 1853 588 eosdemque
1880 534 1921 588 p‘

2254 533 2310 569 ον
2347 515 2414 569 ἂν
2449 516 2584 581 πρὸς
2614 519 2764 588 ἡμᾶς
2791 517 3028 584 εὐλόγως
3055 515 3159 569 ὑπό
3183 532 3242 568 τε
3281 515 3592 586 Ἑλλήνων,
3623 511 3754 572 καὶ

421 616 543 676 pter
577 607 740 661 istam
789 607 941 660 nullo
980 607 1175 677 judicii
1214 609 1473 678 nulloque
1496 609 1726 665 rationis
1755 611 1921 665 examl

2266 609 2332 660 ἐκ
2377 609 2717 680 περιτομῆς,
2774 607 2973 672 παντός
3007 625 3066 661 τε
3115 605 3208 660 τοῦ
3249 606 3386 676 μετὰ
3425 603 3753 678 ἀκριϐοῦς

419 707 742 752 attentatam
779 699 1233 768 exploratamque
1269 699 1428 755 fidem
1450 741 1464 766 ,
1495 701 1682 756 ﬁdeles
1708 702 1871 772 vulgo
1904 718 1919 755 ι

2248 699 2406 763 ἱσεως
2443 699 2512 753 τὰ
2542 699 2663 753 καθ’
2697 702 2845 771 ἡμᾶς
2869 698 3311 769 διερευνωμένου.
3348 697 3539 772 Ταύτῃ
3603 696 3748 768 γάρ

419 787 661 844 minari:
689 790 815 859 jure
847 805 978 845 sane
1009 806 1076 846 ac
1121 792 1318 846 merito
1350 791 1596 850 facturus
1643 793 1779 848 mihi
1825 809 1919 863 ope

2246 788 2365 843 ἱοκῶ
2391 789 2484 842 τὸν
2511 789 2667 858 λόγον
2699 791 2757 843 ἐν
2791 788 2942 854 τάξει
2967 792 3236 858 χωρήσειν
3266 789 3344 850 εἰς
3386 785 3484 857 τὴν
3540 788 3746 840 ἔντε-

417 881 652 950 pretium
678 881 886 948 videor,
936 883 984 938 si
1033 897 1159 938 cum
1199 885 1268 938 ad
1301 885 1740 955 hocevangelicce
1767 884 1917 939 Demt

2243 881 2365 953 ἐραν
2380 881 2481 951 τῆς
2496 879 2908 951 Εὐαγγελικῆς
2933 877 3297 944 ἀποδείξεως
3316 877 3593 931 διδασκαλ
3603 876 3743 937 ίαν,

418 971 696 1024 atratiom‘s
728 984 866 1040 opus
893 972 1197 1040 aggrediar,
1236 987 1410 1042 pauca
1443 973 1747 1026 sternenda;
1775 987 1839 1026 ac
1861 989 1918 1042 pr

2239 991 2294 1026 τε
2350 972 2449 1045 τὴν
2505 972 2614 1027 τῶν
2653 971 2962 1044 βαρυτέρων
3007 970 3293 1041 δογμάτων
3335 968 3739 1036 κατανόησιν,

417 1062 728 1116 muniendae
764 1063 831 1116 ad
876 1064 1189 1118 universam
1239 1065 1380 1119 hanc
1428 1065 1851 1136 disputationem
1902 1080 1917 1116 ι

2243 1085 2250 1120 ε
2273 1067 2370 1136 τῆς
2395 1067 2860 1139 προπαρασκευῆς
2877 1067 3007 1136 ἡμῖν
3029 1065 3135 1135 πρὸ
3161 1063 3278 1116 ὁδοῦ
3301 1063 3535 1132 γένοιτο,
3561 1077 3743 1114 στοι-

418 1155 591 1224 gratia
623 1155 692 1209 de
741 1156 904 1211 rebus
955 1157 1021 1211 iis
1053 1169 1181 1210 ante
1231 1157 1510 1221 deﬁniam,
1539 1158 1606 1212 de
1657 1157 1857 1226 quibus
1887 1165 1918 1211 ιι

2241 1175 2374 1222 σεως
2413 1159 2507 1212 καὶ
2540 1157 2847 1226 εἰσαγωγῆς
2871 1156 3137 1227 ἐπέχοντα
3159 1156 3342 1220 τόπον,
3376 1154 3469 1208 καὶ
3495 1155 3638 1216 τοῖς
3665 1152 3740 1215 ἐξ

417 1247 614 1315 Graeci,
652 1259 766 1304 tum
799 1250 894 1319 qui
929 1251 1402 1306 circumcisionem
1446 1249 1788 1319 proﬁtentur,
1822 1257 1917 1304 aut

2237 1268 2288 1309 ιν,
2311 1249 2436 1321 ἄρτι
2490 1249 2806 1322 προσιοῦσιν
2851 1249 3302 1320 ἐφαρμόττονται
3341 1245 3410 1299 τὰ
3453 1246 3509 1298 δὲ
3553 1243 3737 1315 μετὰ

416 1342 510 1410 qui
538 1352 796 1411 prmterea
827 1343 1140 1412 diligentius
1168 1343 1502 1411 propiusque
1549 1356 1636 1394 res
1665 1347 1882 1395 nostras
1914 1342 1916 1393 ἓ

2233 1359 2274 1393 κα
2301 1381 2314 1404 ,
2350 1344 2464 1404 τοῖς
2509 1341 2724 1395 ἐνθένδε
2755 1340 3134 1412 διαϐεϐηκόσι,
3181 1340 3277 1393 καὶ
3320 1337 3557 1407 τὴνὲξιν
3603 1337 3733 1408 ἤδη

417 1434 629 1503 spicere
661 1450 724 1490 ac
752 1434 986 1489 scrutari
1013 1435 1200 1499 velint,
1222 1435 1426 1503 justam
1457 1434 1615 1488 nobis
1643 1433 1917 1503 quaestioni

2234 1433 2645 1502 εσκευασμένοις
2693 1434 2773 1495 είς
2814 1431 2913 1503 τὴν
2944 1431 3052 1484 τῶν
3093 1429 3417 1502 κρειττόνων
3451 1426 3734 1499 παραδο-

417 1542 641 1581 movere
673 1541 837 1596 posse
881 1527 1188 1581 videantur.
1223 1527 1431 1580 Etenim
1465 1525 1546 1579 sic
1587 1525 1864 1589 existimo,
1902 1541 1917 1580 l

2268 1523 2366 1596 τὴν
2411 1524 2615 1594 ἀκριϐῆ
2643 1522 2842 1591 γνῶσιν
2871 1520 3211 1594 παραδώσειν
3238 1522 3336 1591 τῆς
3357 1535 3733 1572 συνεκτικω-

417 1628 592 1672 strum
637 1618 782 1672 hunc
838 1632 1147 1672 sermonem
1205 1617 1273 1671 ad
1323 1616 1700 1686 periectiorem
1768 1615 1917 1670 Demc

2231 1633 2271 1686 ις
2303 1616 2446 1669 κατὰ
2483 1615 2574 1669 τὸν
2627 1615 2854 1686 Σωτῆρα
2899 1616 2993 1668 κα)⁸
3033 1613 3237 1686 Κύριον
3283 1611 3441 1682 ἡμῶν
3481 1607 3731 1680 Ἰησοῦν

417 1709 692 1762 stratiom‘s
729 1709 1040 1778 evangelica:
1076 1709 1402 1773 doctrinam,
1433 1709 1857 1777 graviorumque
1903 1724 1917 1761 (

2231 1709 2338 1763 ςτὸν
2381 1708 2469 1762 τὸν
2510 1707 2643 1761 Θεὸν
2681 1707 2950 1778 μυστικῆς
2993 1705 3301 1778 οἰκονομίας
3339 1705 3438 1776 (5).
3484 1701 3731 1774 Ἀρξώ-

419 1810 664 1870 gmatum
699 1801 1108 1871 intelligentiam
1151 1799 1226 1854 ita
1255 1800 1476 1854 demum
1518 1799 1868 1854 convenienti
1909 1816 1919 1850 t

2232 1801 2328 1853 ιδὲ
2355 1800 2456 1871 τῆς
2492 1773 3030 1868 Προπάρασκεύῆς,
3060 1799 3130 1852 τὰ
3177 1773 3314 1868 πρὸς
3349 1773 3494 1868 ἡμᾶς
3545 1773 3732 1846 εὐλό-

418 1892 547 1946 dine
582 1907 993 1961 processurum,
1025 1893 1068 1947 si
1105 1908 1228 1963 quae
1260 1891 1327 1946 ad
1364 1892 1818 1961 praeparationem
1851 1891 1918 1944 ill:

2251 1893 2355 1947 ὑπό
2385 1910 2447 1946 τε
2491 1892 2778 1965 Ἑλλήνων,
2821 1892 3044 1946 καὶτῶν
3076 1893 3140 1943 ἐκ
3169 1889 3472 1962 περιτομῆς
3495 1929 3509 1951 ,
3558 1903 3731 1940 παν-

417 1984 710 2052 pertinent,
743 1983 888 2037 viam
928 1983 1087 2038 nobis
1128 1983 1464 2053 aperuerint,
1501 1983 1704 2053 quippe
1741 1997 1864 2052 quae
1890 1997 1917 2051 p

2237 2003 2300 2038 τε
2330 1985 2426 2038 τοῦ
2469 1985 2607 2056 μετὰ
2649 1983 2910 2057 ἀκριϐοῦς
2949 1983 3250 2050 ἐξετάσεως
3285 1981 3352 2034 τὰ
3390 1979 3514 2034 καθ’
3548 1979 3727 2050 ἡμᾶς

418 2089 636 2129 morum
690 2075 1086 2130 elementorum
1143 2090 1209 2130 ac
1261 2074 1522 2130 facilioris
1577 2074 1918 2129 introductio;

1851 2073 2002 2129 .ionis
2104 2077 2536 2148 διερευνωμένου
2562 2075 2934 2146 λεχθησόμενα
2962 2075 3351 2145 προσάγοντες.

417 2168 540 2223 loco
592 2168 776 2223 futura
807 2169 937 2235 sint,
989 2168 1271 2239 magisque
1304 2167 1373 2222 ad
1409 2183 1600 2222 earum
1655 2169 1921 2238 gentium,
1957 2185 2080 2240 quae
2119 2185 2293 2239 nuper
2344 2170 2413 2225 ad
2467 2185 2570 2225 nos
2629 2185 2942 2234 accessere,
2983 2179 3201 2238 captum
3255 2163 3715 2221 accommodata.

417 2266 621 2320 Deinde
673 2281 822 2333 vero,
872 2266 1036 2320 simul
1075 2275 1236 2335 atque
1279 2261 1596 2336 huiusmodi
1653 2265 1963 2324 rudimenta
2021 2269 2351 2337 superarint,
2406 2266 2759 2336 habitumque
2805 2265 2999 2320 mentis
3047 2265 3113 2320 ad
3171 2263 3379 2332 majora
3427 2259 3721 2329 capienda

414 2356 584 2427 probe
627 2357 1016 2426 compararint,
1069 2357 1394 2426 exquisitam
1449 2357 1582 2426 ipsis
1635 2371 1827 2412 eorum
1883 2360 2251 2429 cognitionem
2297 2361 2595 2424 trademus,
2654 2374 2779 2429 qua:
2826 2358 2894 2413 ad
2930 2356 3344 2428 perfectissimae
3385 2362 3722 2422 carteraque

414 2451 602 2506 omnia
637 2452 934 2521 complexa:
971 2451 1100 2507 Jesu
1142 2452 1347 2508 Christi
1405 2453 1710 2509 Servatoris
1765 2470 1830 2509 ac
1881 2453 2100 2510 Domini
2151 2455 2356 2526 Deique
2410 2457 2584 2512 nostri
2633 2455 2954 2512 (economiaa
3017 2453 3275 2524 mysteria
3321 2449 3712 2520 pertinebunt.

415 2544 568 2601 Hanc
600 2545 765 2616 igitur
787 2546 1239 2615 Prceparationem
1271 2549 1340 2603 ab
1376 2549 1442 2604 iis
1477 2551 1845 2620 auspicemur,
1899 2569 2021 2624 quae
2059 2563 2168 2608 tam
2225 2570 2256 2608 a
2285 2553 2508 2620 Graecis,
2537 2569 2703 2623 quam
2751 2568 2784 2607 a
2818 2550 3022 2606 Judmis
3057 2564 3123 2604 ac
3151 2547 3379 2618 reliquis
3411 2545 3714 2609 omnibus,

415 2639 511 2710 qui
552 2640 807 2696 subtilius
838 2641 892 2696 in
923 2658 1104 2698 mores
1147 2644 1566 2716 institutumque
1597 2655 1850 2702 nostrum
1899 2649 2207 2720 inquirunt,
2239 2649 2656 2707 commemorari
2681 2657 2925 2718 possent.

1042 2757 1271 2814 CAPUT
1329 2760 1396 2816 ll.

2639 2764 3038 2827 ΚΕΦΑΛΑΙυΝ
3074 2761 3148 2818 B'.

417 2868 676 2934 Quanam
722 2872 874 2943 vulgo
899 2873 1085 2955 nobis“,
1135 2875 1334 2955 quires
1368 2885 1578 2932 nostras
1621 2879 1917 2932 criminant:

2207 2896 2258 2932 ἀ
2295 2877 2448 2955 πρὸς
2467 2875 2625 2955 ἡμᾶς
2645 2877 2909 2955 σύαςηρές
2928 2877 3060 2955 ἐστι
3089 2873 3290 2955 λέγεις
3315 2874 3438 2940 τοῖς
3472 2873 3543 2928 τὰ
3563 2872 3707 2928 καθ’

965 2945 1190 3013 objicere
1223 2946 1450 3000 soleant.
1841 2956 1850 2962 "
2340 2945 2350 2946 ί
2394 2945 2551 3019 ἡμᾶς
2589 2947 2938 3020 διαϐάλλειν·
2975 2945 3403 3014 ἐπιχειροῦσιν.

489 3053 568 3108 Ac
592 3053 828 3123 primum
843 3055 1064 3124 quidem
1092 3070 1202 3110 non
1217 3057 1335 3111 sine
1347 3073 1514 3113 causa
1529 3059 1808 3128 quaesierit
1824 3074 1890 3113 ex
1904 3073 1989 3113 no-

2208 3061 2406 3135 Ῑρῶτον
2445 3061 2543 3132 μὲν
2563 3059 2674 3131 γάρ
2704 3059 2930 3122 εἰκότως
2953 3059 3017 3113 ἄν
3043 3076 3126 3122 τις
3149 3059 3520 3137 διαπορήσειε,
3547 3057 3708 3120 τίνες

416 3145 502 3201 bis
515 3147 806 3216 quispiam,
821 3146 1080 3216 quidnam
1095 3148 1377 3204 hominum
1392 3149 1566 3206 simus
1578 3151 1669 3219 qui
1683 3150 1749 3204 ad
1765 3151 1866 3205 hoc
1877 3167 1916 3204 St

2206 3170 2264 3216 ες
2301 3154 2394 3205 ἐπὶ
2422 3152 2521 3222 τὴν
2544 3151 2760 3223 γραφὴν
2792 3148 3245 3222 παρεληλύθαμεν
3269 3166 3282 3178 ’
3309 3148 3534 3219 πότερον
3566 3147 3706 3200 ’Έλ-

419 3237 581 3292 bendi
595 3252 766 3310 genus
781 3239 1108 3293 accedamus
1128 3256 1141 3293 :
1163 3239 1407 3295 Graecine
1424 3256 1493 3294 an
1512 3241 1756 3296 barbari?
1771 3251 1919 3312 autql

2199 3260 2270 3306 οες
2301 3243 2334 3314 ἢ
2373 3241 2673 3314 βάρϐαροι;
2724 3241 2758 3313 ἢ
2789 3241 2842 3296 τί
2892 3242 2958 3295 ἂν
2986 3241 3198 3310 γένοιτο
3241 3239 3447 3292 τούτων
3489 3237 3699 3309 μέσον;

417 3328 562 3384 inter
581 3339 844 3400 utrosque
864 3332 1103 3385 medium
1132 3347 1253 3388 esse
1279 3341 1443 3402 queat
1465 3333 1488 3387 ?
1509 3334 1699 3403 quales
1720 3348 1885 3403 porro
1908 3351 1917 3388 ι

2197 3334 2374 3396 ιτίνας
2395 3333 2618 3396 ἑαυτοὺς
2651 3327 2789 3384 εἶναί
2815 3349 2994 3402 φαμεν
3019 3372 3032 3394 ,
3061 3332 3120 3384 οὐ
3157 3332 3252 3402 τὴν
3295 3329 3697 3402 προσηγορίαν,

419 3438 540 3478 esse
557 3423 933 3493 proﬁteamur,
956 3439 1062 3478 non
1089 3425 1277 3494 utique
1303 3425 1544 3491 nomine,
1570 3427 1714 3496 quod
1732 3426 1843 3496 jam
1863 3442 1919 3496 ar

2218 3425 2444 3488 καὶτοῖς
2479 3425 2644 3476 πᾶσιν
2673 3423 2893 3494 ἔκδηλος
2915 3423 3078 3495 αὕτη,
3097 3422 3233 3476 ἀλλὰ
3252 3423 3340 3475 τὸν
3368 3422 3568 3494 τρόπον
3597 3421 3699 3474 καὶ

421 3501 612 3571 omnes
632 3516 909 3586 vulgatum
928 3524 1031 3582 est,
1051 3516 1146 3572 scd
1173 3532 1388 3572 morum
1410 3519 1639 3588 vitaque
1662 3519 1921 3574 rationibt

2197 3534 2206 3563 ν
2236 3514 2554 3586 προαίρεσιν
2591 3513 2685 3566 τοῦ
2717 3514 2832 3584 βίου
2857 3531 2870 3580 ;
2895 3513 3020 3567 οὔτε
3039 3514 3149 3586 γὰρ
3175 3513 3241 3567 τὰ
3270 3513 3536 3586 Ἑλλήνων
3559 3530 3697 3584 φρο-

421 3605 632 3676 Quippe
661 3622 720 3662 se
745 3621 921 3676 neque
953 3605 1267 3661 Graecorum
1300 3608 1444 3676 apud
1483 3623 1585 3663 nos
1621 3608 1783 3674 ritus,
1829 3625 1921 3679 neq

2196 3624 2333 3670 ›ντας
2361 3607 2514 3679 ὀρᾷν,
2542 3605 2665 3659 οὔτε
2697 3606 2766 3659 τὰ
2809 3606 3100 3684 βαρϐάρων
3150 3606 3587 3676 ἐπιτηδεύοντας.
3627 3606 3696 3658 Τί

423 3699 869 3771 5Barbarorum
926 3709 1130 3753 sectam
1184 3699 1352 3752 ullam
1407 3699 1626 3754 intueri.
1679 3700 1823 3767 Quid
1874 3716 1923 3756 ei

2197 3720 2201 3735 ι
2246 3699 2310 3753 ἂν
2345 3699 2553 3768 γένοιτο
2582 3699 2645 3751 τὸ
2667 3698 2787 3751 καθ’
2817 3700 2962 3773 ἡμᾶς
2991 3698 3159 3765 ξένον,
3201 3700 3295 3751 καὶ
3325 3699 3407 3762 τίς
3437 3701 3466 3750 ὁ
3499 3714 3697 3752 νεωτε-

423 3792 552 3848 novi
583 3791 855 3862 professio
889 3801 1076 3847 nostra
1110 3791 1214 3846 sit?
1243 3801 1338 3847 aut
1367 3808 1619 3863 quaenam
1651 3793 1769 3850 haec
1797 3811 1923 3866 nupt

2198 3792 2304 3864 ·μὺς
2345 3790 2439 3844 τοῦ
2492 3791 2607 3862 βίου
2622 3808 2642 3864 ν;
2688 3790 2814 3855 Πῶς
2855 3791 2903 3844 δ’
2934 3792 2994 3845 οὐ
3044 3790 3380 3860 πανταχόθεν
3412 3790 3698 3854 δυσσεϐεῖς

424 3885 643 3942 vivendi
683 3891 913 3944 norma?
955 3890 1161 3946 Deinde
1195 3902 1348 3953 vero,
1383 3885 1510 3955 quis
1550 3902 1653 3942 nos
1701 3895 1756 3942 et
1788 3903 1924 3943 sumi

2205 3881 2314 3939 εἶεν
2342 3885 2436 3938 καὶ
2466 3885 2634 3950 ἄθεοι,
2664 3885 2714 3937 οἱ
2742 3883 2853 3937 τῶν
2891 3883 3133 3954 πατρίων
3160 3883 3298 3937 ἐθῶν
3337 3883 3695 3947 ἀποστάντες,

424 3975 626 4047 impios
654 3994 798 4046 esse,
837 3989 892 4036 et
921 3980 1270 4036 Divinitatem
1309 3979 1558 4036 funditus
1591 3979 1880 4035 sustulisse
1911 3997 1924 4034 ι

2199 3970 2275 4032 ὧν
2310 3979 2419 4032 πᾶν
2459 3977 2611 4040 ἔθνος
2637 3978 2732 4031 καὶ
2776 3979 2927 4030 πᾶσα
2971 3977 3127 4040 πόλις
3153 3976 3511 4048 συνέστηκεν;
3542 3976 3612 4028 Ἦ
3642 3975 3697 4028 τί

427 4077 535 4140 get,
579 4070 673 4141 qui
710 4087 892 4127 mores
926 4073 1133 4144 patrios
1165 4073 1590 4141 deseruerimus,
1625 4087 1862 4142 quorum
1906 4087 1927 4127 ε

2195 4070 2275 4124 ’.ὸν
2303 4070 2520 4123 ἐλπίσαι
2553 4071 2700 4134 εἰκὸς
2725 4070 2853 4134 τοὺς
2881 4070 2991 4124 τῶν
3031 4069 3311 4142 σωτηρίων
3347 4069 3573 4140 ἐχθροὺς
3599 4068 3695 4122 καὶ

428 4163 706 4217 servantia
731 4165 914 4220 nullus
937 4181 1044 4220 non
1076 4167 1331 4236 populus,
1359 4180 1467 4219 non
1492 4165 1684 4221 civitas
1709 4174 1835 4220 ante
1857 4181 1928 4220 nu

2193 4164 2404 4235 λεμίους
2469 4164 2868 4228 καταστάντας,
2913 4163 3009 4218 καὶ
3049 4164 3174 4227 τοὺς
3217 4163 3513 4234 εὐεργέτας
3554 4179 3693 4233 παρ-

428 4253 851 4309 continebatur?
883 4255 1178 4324 Przeterea,
1233 4257 1368 4328 quid
1419 4255 1732 4312 hominibus
1784 4257 1892 4312 illis

2192 4257 2456 4329 αμένους;
2488 4258 2600 4311 Καὶ⁹
2622 4258 2674 4310 τί
2694 4256 2802 4330 γὰρ
2831 4257 2977 4321 ἄλλο,
3001 4257 3034 4327 ἢ
3061 4257 3491 4327 θεομαχοῦντας;
3531 4255 3690 4318 ποίας

428 4359 581 4414 spem
633 4347 797 4403 ullius
829 4347 958 4403 boni
1002 4350 1344 4414 ostendatur,
1394 4350 1487 4419 qui
1533 4349 1856 4404 tutelaribus
1901 4350 1928 4404 d

2195 4350 2290 4403 καὶ
2320 4348 2720 4422 ἀξιωθήσεσθαι
2753 4349 3081 4421 συγγνώμης
3111 4349 3237 4413 τούς
3277 4348 3337 4415 ἐξ
3367 4349 3558 4412 αἰῶνος
3592 4349 3689 4419 μὲν

427 4435 632 4492 bellum
663 4439 1060 4506 denuntiarint,
1095 4457 1348 4512 quosque
1383 4449 1463 4497 tot
1486 4442 1876 4498 beneﬁciorum
1907 4458 1927 4496 ι]

2193 4443 2264 4514 ρὰ
2295 4444 2461 4496 πᾶσιν
2493 4442 2718 4514 Ἕλλησι
2756 4443 2850 4498 καὶ⁵
2883 4442 3200 4514 βαρϐάροις,
3231 4441 3373 4495 κατὰ
3403 4459 3464 4494 τε
3510 4442 3691 4505 πόλεις

427 4535 608 4583 ctores
640 4529 861 4595 habent,
897 4531 1281 4603 repudiarint?
1311 4529 1451 4587 Nam
1490 4533 1622 4603 quid
1663 4534 1732 4588 ab
1762 4533 1830 4590 iis
1859 4534 1927 4588 ali

2190 4538 2208 4589 ἱ
2238 4535 2442 4606 ἀγροὺς
2470 4535 2745 4599 παντοίοις
2778 4537 2940 4605 ἱεροῖς
2969 4535 3060 4588 καὶ
3091 4534 3332 4597 τελεταῖς
3362 4533 3454 4586 καὶ
3491 4550 3690 4604 μυστη-

427 4618 566 4684 ﬁeri,
593 4637 757 4691 quam
791 4638 917 4677 cum
942 4623 1048 4678 diis
1076 4624 1210 4694 ipsis
1237 4625 1470 4696 pugnari
1490 4625 1680 4681 dicas?
1701 4623 1820 4691 Qua
1840 4641 1927 4697 pur

2185 4645 2248 4691 ης
2282 4629 2417 4700 πρὸς
2463 4628 2716 4682 ἁπάντων
2759 4627 2896 4698 ὁμοῦ
2940 4626 3200 4697 βασιλέων
3238 4644 3300 4678 τε
3336 4627 3428 4681 καὶ
3466 4627 3685 4696 νομοθε-

429 4710 586 4763 venia
619 4711 815 4782 dignos
847 4711 983 4780 fore,
1024 4715 1120 4784 qui
1161 4730 1288 4770 cum
1335 4715 1402 4770 ab
1433 4731 1629 4771 eorum
1671 4717 1823 4774 cultu
1852 4717 1929 4772 del

2184 4737 2218 4774 ιν
2249 4721 2340 4773 καὶ
2383 4719 2686 4790 φιλοσόφων
2728 4719 3177 4789 Θεολογουμένους
3221 4718 3684 4790 ἀποστραφέντας,

431 4802 629 4867 cerint,
681 4819 822 4873 quos
872 4806 942 4861 ab
985 4806 1166 4862 omnis
1201 4807 1302 4862 aevi
1356 4809 1626 4864 memoria
1674 4819 1788 4865 tam
1834 4808 1931 4864 Gra

2183 4811 2402 4882 ομένους
2437 4811 2496 4865 δὲ
2529 4810 2600 4864 τὰ
2623 4811 2794 4881 ἀσεϐῆ
2825 4813 2920 4864 καὶ
2961 4809 3096 4863 ἄθεα
3129 4809 3235 4865 τῶν
3267 4812 3322 4863 ἐν
3351 4809 3683 4882 ἁνθρὼποιςς

430 4907 596 4962 quam
649 4893 873 4950 barbari
924 4898 1130 4966 passim
1183 4900 1448 4966 universi,
1509 4910 1619 4956 tam
1667 4901 1724 4956 in
1779 4903 1930 4958 urbil:

2186 4905 2302 4968 θίαις
2338 4904 2381 4957 δ’
2421 4904 2523 4957 οὐκ
2570 4904 2634 4959 ἂν
2673 4905 2897 4969 ἐνδίκως
2929 4903 3283 4974 ὐποϐληθεῖεν
3306 4905 3616 4976 τιμωρίαις,
3639 4905 3686 4957 oi

428 5001 593 5055 quam
621 4985 675 5040 in
706 4988 873 5058 agris,
901 4990 1051 5044 omni
1076 5006 1382 5057 sacrorum,
1414 4993 1739 5063 religionum
1787 5010 1853 5050 ac
1891 5012 1928 5050 η

2184 5013 2219 5049 ιν
2250 4976 2346 5067 μὲν
2377 4995 2622 5068 πατρίων
2651 4995 2886 5065 φυγάδες
2905 5036 2920 5060 ,
2960 4994 3069 5049 τῶν
3100 4995 3143 5048 δ’
3171 4995 3390 5048 ὀθνείων
3425 4995 3516 5047 καὶ
3542 4993 3684 5066 παρὰ

432 5079 724 5133 steriorum
778 5096 998 5149 genere,
1059 5085 1450 5155 communique
1493 5103 1684 5157 regum
1735 5087 1932 5142 omnin:

2182 5089 2245 5142 ἱσι
2285 5088 2727 5160 διαϐεϐλημένων
2767 5089 3072 5156 Ἰουδαϊκῶν
3108 5088 3568 5159 μυθολογημάτων
3594 5106 3682 5157 γε-

432 5168 864 5240 legumlatorum'
891 5188 956 5227 ac
989 5172 1441 5245 phil050phorum
1460 5178 1851 5247 approbatione
1871 5179 1932 5234 De

2181 5197 2327 5250 μενοι
2377 5179 2650 5252 ζηλωταί;
2698 5178 2815 5243 πῶς
2853 5180 2899 5233 δ’
2931 5181 2993 5233 οὐ
3045 5179 3345 5252 μοχθηρίας
3392 5177 3529 5233 εἶναι
3590 5181 3681 5234 καὶ

436 5260 820 5331 celebrarunt;
889 5271 1004 5318 tum
1059 5279 1188 5319 vero
1242 5266 1510 5336 quidquid
1571 5268 1713 5323 inter
1758 5269 1936 5324 homin

2183 5269 2394 5341 χερείας
2436 5271 2704 5341 ἐσχάτης,
2745 5270 2806 5323 τὸ
2853 5271 3177 5342 μεταθέσθαι
3221 5271 3318 5339 μὲν
3358 5270 3590 5334 εὐκόλως
3617 5271 3683 5324 τὰ

433 5352 659 5421 impium
718 5371 782 5412 ac
832 5355 937 5411 diis
988 5355 1228 5411 invisum
1275 5366 1424 5422 erat,
1485 5358 1630 5415 ultro
1671 5360 1933 5432 delegerin

2181 5378 2220 5414 ιν
2256 5361 2492 5426 οἰκείων,
2529 5360 2704 5432 ἀλόγῳ
2726 5361 2783 5415 δὲ
2804 5362 2898 5415 καὶ
2926 5361 3263 5433 ἀνεξετάστῳ
3292 5362 3471 5415 πίστει
3495 5361 3560 5414 τὰ
3583 5361 3681 5414 τῶν

432 5443 642 5509 Quibus
705 5455 888 5501 autem
943 5448 980 5501 ii
1031 5448 1154 5518 jure
1218 5463 1328 5503 non
1385 5449 1749 5519 subjiciantur
1791 5453 1932 5522 ι)ωηὶ

2181 5453 2386 5506 σσεϐὦν
2420 5455 2515 5507 καὶ
2563 5455 2726 5508 πᾶσιν
2769 5454 2946 5508 ἔθνεσι
2987 5453 3261 5525 πολεμίων
3295 5453 3540 5519 exesam;
3576 5455 3679 5506 Kal

433 5536 528 5606 qui
565 5538 868 5606 patriorum
898 5553 1184 5597 sacrorum
1227 5541 1554 5612 desertores,
1600 5544 1914 5615 peregrinas

2177 5545 2240 5617 γδ⁹
2269 5544 2419 5616 αὐτῷ
2449 5545 2528 5617 τῷ
2555 5546 2705 5618 παρὰ
2745 5547 3017 5613 Ἰουδαίοις
3057 5549 3353 5620 τιμωμένῳ
3384 5546 3519 5618 Θεῷ,
3551 5547 3677 5601 κατὰ

476 5714 582 5798 _(5)
623 5716 1005 5797 Οἰκονομίας,
1038 5719 1187 5778 Trita
1213 5733 1317 5780 VO!
1342 5721 1485 5794 apud
1517 5719 1616 5782 SS.
1645 5719 1857 5792 Patres,
1883 5722 1933 5779 di

433 5803 540 5841 των
571 5786 706 5858 πρὸς
733 5789 918 5863 αὐτήν.

2167 5727 2650 5804 ὲνανθρωπήσεως,
2686 5730 2779 5785 καὶ
2813 5729 3141 5802 σαρκώσεως
3192 5728 3284 5789 τοῦ
3322 5733 3496 5800 Λόγου
3517 5769 3532 5799 ,
3580 5732 3664 5785 καὶ
