3798 6220
175 335 240 392 29
1385 334 1710 391 ΡιίιΕΡΑΒ.
1754 335 1762 388 1

1884 333 2006 392 .NG.
2038 335 2167 390 LIB.
2205 335 2244 388 l.
3377 344 3448 400 50

169 456 232 506 τὰ
265 454 395 524 παρ’
427 452 621 515 αὐτοῖς
668 452 1030 523 προσανέχειν
1069 452 1293 523 νόμιμα·
1334 452 1525 524 καινὴν
1555 451 1613 505 δέ
1641 468 1762 504 τινα

1884 452 2113 506 )mnium
2146 451 2427 507 traductas
2449 449 2677 507 vocibus
2698 449 3014 507 Iudaeorum
3040 451 3252 510 fabulas
3272 471 3446 511 aemu-

169 545 252 597 καὶ
283 545 503 614 ἐρήμην
530 543 753 596 ἀνοοιαν
782 545 997 606 ἑαυτοῖς
1029 546 1330 614 συντεμεῖν,
1359 544 1498 615 μήτε
1529 543 1598 598 τὰ
1644 542 1760 596 Ἐλ-

1888 545 2084 598 entur?
2127 542 2264 610 Quis
2298 543 2427 598 item
2463 545 2569 599 hoc
2603 560 2832 600 summae
2859 545 3146 616 cujusdam
3181 547 3446 616 improbiu

169 635 348 706 λήνων,
383 637 530 705 μήτε
552 634 624 687 τὰ
659 635 933 688 Ἰουδαίων
959 635 1363 705 φυλάττουσαν;

1884 634 2002 689 tatis
2023 650 2088 689 ac
2110 635 2434 691 temeritatis
2459 651 2580 692 esse
2615 653 2723 694 non
2758 634 3293 705 videat,'amicorum
3337 654 3440 694 ne-

172 729 653 798 cessariorumque
701 745 889 785 mores
934 739 1100 799 atque
1133 730 1272 786 ritus
1315 729 1716 785 inconsiderate
1745 745 1810 785 ac
1849 730 2040 785 leviter
2096 731 2365 801 abjicere,
2419 747 2485 787 ac
2530 747 2651 789 sese
2693 732 2836 789 futili
2899 734 3133 804 quadam
3185 735 3448 806 nulloque

169 824 405 878 examine
449 825 698 892 probata
737 823 843 877 ﬁde
884 824 953 878 ad
1009 824 1290 878 hominum
1351 824 1668 894 impiorum,
1711 825 2053 894 populosque
2094 840 2286 882 omnes
2343 827 2525 881 hostili
2585 830 3030 900 prosequentium
3067 831 3194 886 odio
3240 844 3446 888 sectam

170 915 492 984 adjungere?
562 913 706 980 lmo,
743 931 816 969 ne
853 915 1023 970 Deum
1074 915 1295 988 quidem
1346 917 1526 986 ipsum
1557 933 1588 972 a
1621 916 1823 973 Iudaeis
1862 918 2068 973 cultum
2123 935 2276 974 more
2313 921 2669 991 institutoque
2699 921 3010 978 Judaeorum
3039 927 3285 980 venerari
3311 945 3326 980 :
3351 925 3446 982 sed

171 1025 348 1064 novam
378 1025 447 1064 ac
472 1009 766 1065 desertam
802 1012 1121 1080 quamdam,
1166 1011 1260 1067 ubi
1307 1012 1518 1066 nullum
1575 1021 1672 1066 aut
1713 1010 2030 1072 Graecorum
2071 1022 2166 1069 aut
2233 1014 2593 1070 barbarorum
2636 1017 2918 1087 vestigium
2965 1031 3242 1090 appareat,
3282 1023 3449 1078 semi-

171 1112 268 1158 ta
292 1102 603 1158 insistere?

223 1197 414 1252 Ταῦτα
450 1200 559 1268 μὲν
603 1195 702 1251 οὗν
752 1199 979 1263 εἰκότως
1019 1201 1085 1255 ἄν
1130 1217 1214 1264 τις
1253 1199 1544 1271 Ἑλλήνων,
1597 1198 1764 1270 μηδὲν
1799 1260 1801 1262 η

162 1292 348 1362 ἀληθὲς
409 1293 556 1362 μήτε
622 1291 736 1344 τῶν
787 1292 1004 1344 οἰκείων
1029 1332 1043 1356 ,
1089 1293 1224 1363 μήτε
1283 1291 1393 1344 τῶν
1441 1291 1565 1345 καθ’
1616 1293 1764 1362 ἡμᾶς

161 1387 379 1447 ἐπαΐω),
429 1384 577 1454 πρὸς
624 1385 779 1452 ἡμᾶς
819 1383 1175 1455 ἀπορήσειεν.
1235 1383 1671 1453 Ἐπιμέμψαιντο
1717 1382 1763 1435 δ’

162 1477 220 1529 ἂν
249 1477 384 1546 ἡμῖν
411 1477 514 1528 καὶ
555 1475 833 1546 Ἐϐραίων
866 1476 1086 1540 παῖδες,
1118 1477 1167 1528 εξ
1194 1475 1258 1547 δὴ
1298 1475 1583 1544 ἀλλόφυλοι
1611 1474 1764 1538 ὄντες

163 1571 248 1622 καὶ
271 1568 622 1636 ἁλὶογενεῖς,
659 1573 786 1633 ταῖς
815 1568 994 1623 αὐτῶν
1022 1567 1221 1638 βίϐλοις
1252 1566 1620 1638 ἀποχριῦμεθα
1662 1583 1767 1637 μη-

1937 1195 2118 1264 Atque
2156 1196 2272 1250 haec
2299 1194 2614 1250 Graecorum
2649 1195 2787 1252 forte
2823 1197 3120 1267 quispiam,
3167 1200 3260 1268 qui
3305 1200 3444 1254 nihil

1867 1302 2101 1356 usquam
2128 1287 2239 1340 veri
2273 1286 2340 1341 de
2383 1287 2499 1342 suis
2529 1289 2798 1342 nostrisve
2832 1291 2995 1344 rebus
3033 1305 3098 1344 ac
3135 1291 3446 1348 rationibus

1865 1377 2214 1444 intellexerit,
2241 1378 2400 1432 nobis
2423 1379 2794 1434 verisimiliter
2809 1381 3052 1451 objiciat.
3079 1380 3288 1436 Hebraei
3312 1399 3443 1438 vero

1865 1479 2058 1527 contra
2084 1477 2464 1538 succenseant,
2489 1472 2634 1540 quod
2663 1473 2872 1526 externi
2895 1482 2949 1528 et
2972 1473 3290 1544 alienigenae
3316 1490 3442 1528 cum

1865 1563 2062 1627 simus,
2102 1578 2296 1618 eorum
2319 1572 2504 1618 tamen
2533 1563 2689 1619 libris
2715 1565 2851 1619 nihil
2877 1564 2944 1619 ad
2980 1580 3083 1620 nos
3106 1565 3295 1635 utique
3325 1581 3448 1635 per-

159 1661 239 1713 6‘sv
266 1663 402 1731 ἡμῖν
427 1663 870 1732 προσηκούσαις·
905 1663 988 1714 ὁτι
1012 1678 1072 1712 τε
1109 1659 1360 1725 ἀναιδῶς,
1397 1659 1474 1723 ὡς
1515 1659 1581 1713 ἂν
1607 1659 1761 1712 αὐτοὶ⁵

1887 1655 2162 1710 inentibus
2205 1655 2533 1720 abutamur,
2581 1655 2839 1726 quodque
2889 1671 2992 1712 nos
3043 1657 3192 1727 ipsos
3235 1657 3447 1712 invere-

158 1756 331 1820 φαῖεν,
383 1755 487 1806 καὶ
534 1754 920 1825 ἀναισχύντως
968 1754 1194 1816 ἑαυτοὺς
1243 1753 1342 1824 μὲν
1385 1751 1758 1822 εἰσωθούμεν,

1884 1747 2060 1813 :unde,
2101 1755 2162 1803 ut
2197 1747 2300 1818 ipsi
2329 1747 2646 1818 loquentur,
2677 1757 2730 1804 et
2769 1748 3114 1819 impudenter
3158 1750 3444 1805 intruden-

158 1846 279 1908 τοὺς
322 1845 385 1897 δὲ
434 1845 686 1909 οἰκείους
721 1845 818 1897 καὶ
866 1846 1110 1913 ἐγγενεῖς
1150 1843 1258 1897 τῶν
1296 1844 1483 1906 αὐτοῖς
1518 1842 1762 1914 πατρίων

1884 1856 1967 1905 ,es,
1993 1840 2330 1895 domesticos
2357 1849 2412 1896 et
2437 1840 2720 1911 indigenas
2747 1841 2944 1910 patriis
2966 1842 3323 1911 religionibus
3350 1857 3447 1911 per

159 1935 378 2000 ἐξωθεῖν
423 1937 914 2008 παραδιαζόμεθα.
960 1937 1086 1990 Εἴτε
1127 1937 1235 2007 γάρ
1276 1953 1360 2000 τις
1403 1935 1488 2006 εἴη
1528 1935 1764 2007 Χριστὸς

159 2026 591 2097 θεσπιςόμενος,
643 2029 784 2082 ἀλλὰ
845 2028 1114 2082 Ἰουδαίων
1172 2024 1314 2099 ἦσαν
1374 2028 1650 2101 προφῆται
1713 2027 1763 2080 οἱ

158 2117 348 2171 τούτου
377 2119 482 2190 τὴν
511 2121 700 2188 ἄφιξιν
714 2120 1180 2193 προκηρύξαντες,
1200 2122 1248 2175 οἳ
1268 2122 1360 2174 καὶ
1370 2118 1646 2190 λυτρωτὴν
1670 2119 1765 2172 καὶ

164 2211 384 2280 βασιλέα
421 2213 702 2267 Ἰουδαίων
736 2211 886 2283 ἥξειν
915 2214 1099 2277 αὐτὸν,
1130 2215 1250 2284 οὐχὶ
1291 2214 1349 2267 δὲ
1391 2212 1500 2266 τῶν
1534 2211 1765 2281 ἀλλοφύ-

159 2301 263 2356 λων
295 2304 476 2356 ἐθνῶν
503 2305 880 2376 κατήγγειλαί
902 2321 916 2334 ⁸
946 2307 1057 2359 εἴτε
1111 2304 1231 2358 τινὰ
1273 2305 1408 2359 ἄλλα
1439 2304 1766 2376 φαιδρότερα

159 2395 513 2464 περιέχουσιν
546 2396 606 2448 αἱ
627 2397 862 2467 Γραφαὶ,
893 2395 989 2448 καὶ
1024 2395 1198 2448 ταῦτα
1236 2394 1514 2456 Ἰουδαίοις
1548 2395 1767 2460 ἀναφω-

158 2486 399 2548 νεῖσθαι,
445 2479 528 2539 ὧν
569 2487 676 2539 οὐκ
721 2482 782 2540 εὖ
832 2487 1171 2558 πράττοντας
1218 2484 1552 2557 παρακούειν
1590 2485 1760 2555 ἡμᾶς.

160 2578 265 2630 Καὶ
309 2578 531 2649 σήρα
579 2578 802 2641 ἀτόπως
844 2579 974 2641 τοὺς
1015 2577 1112 2649 μὲν
1150 2576 1291 2631 κατὰ
1331 2575 1427 2628 τοῦ
1459 2574 1646 2636 ἔθνους
1677 2573 1763 2642 ἐφ’

162 2664 236 2731 οἷς
270 2671 603 2740 ἡμάρτανον
638 2669 916 2740 ἐλέγχους,
949 2665 1011 2722 εὖ
1061 2667 1205 2739 μάλα
1247 2667 1541 2738 ἁρπαλέως
1567 2664 1762 2718 ἀποδέ-

164 2760 380 2827 χεσθαι·
415 2760 525 2823 τὰς
563 2761 624 2814 δέ
658 2762 769 2814 τῶν
820 2759 1042 2829 ἀγαθῶν
1081 2760 1246 2814 πάλιν
1287 2759 1472 2822 αὐτοῖς
1513 2757 1766 2822 θεσπιζο-

169 2849 330 2917 μένας
362 2852 714 2920 ἐπαγγελίας
753 2853 1110 2922 ἀποσιωπᾷν,
1163 2850 1363 2924 μᾶλλον
1405 2851 1462 2904 δὲ
1510 2849 1763 2913 ἐκϐιάζε-

169 2938 285 2992 σθαι
324 2941 422 2995 καὶ
452 2945 538 3006 εἰς
575 2944 810 3007 ἑαυτοὺς
858 2941 1208 3014 μεταφέρειν,
1241 2941 1502 3010 ἄντικρυς
1547 2937 1765 2992 πλεονε-

169 3031 447 3097 κτοῦντας,
478 3033 577 3086 καὶ
623 3035 776 3087 οὐδὲν
810 3035 1003 3099 πλέον,
1032 3036 1066 3105 ἢ
1094 3035 1319 3098 ἑαυτοὺς
1355 3031 1760 3096 ἐξαπατῶντας.

169 3123 238 3175 'B
282 3123 343 3177 δὲ
393 3122 494 3178 οὖν
541 3127 803 3180 ἁπάντων
855 3125 1332 3198 παραλογώτατον,
1381 3126 1464 3179 ὅτι
1513 3124 1647 3195 μηδέ
1693 3125 1762 3178 τὰ
1791 3165 1833 3222 C

166 3214 373 3285 νόμιμα
405 3216 818 3288 παραπλησίως
846 3219 1029 3283 αὐτοῖς
1060 3218 1433 3289 περιέποντες,
1464 3216 1600 3270 ἀλλὰ
1625 3233 1762 3287 προ-

169 3307 351 3373 φανῶς
392 3309 869 3381 παρανομοῦντες,
913 3312 1012 3376 τὰς
1054 3312 1471 3383 ἐπηγγελμένας
1511 3313 1625 3374 τοῖς
1653 3311 1763 3364 τῶν

168 3397 345 3467 νόμων
407 3398 611 3466 φύλαξι
660 3402 1033 3472 χρηστοτέρας
1097 3401 1330 3472 ἀμοιϐὰς
1398 3402 1479 3464 εἰς
1539 3401 1764 3464 ἑαυτοὺς

165 3487 556 3560 ἐπισπώμεθα.

1863 1931 1975 1986 vim
2021 1932 2315 1987 exturbare
2356 1947 2641 1987 conemur.
2697 1932 3012 1998 Enimvero,
3052 1933 3164 1988 sive
3195 1934 3446 1989 Christus

1865 2023 2064 2093 aliquis
2106 2023 2369 2079 divinitus
2418 2025 2549 2078 olim
2594 2025 2993 2095 praznuntiatus
3035 2025 3330 2090 habeatur,
3379 2040 3445 2080 ex

1864 2114 2068 2170 Iudaeis
2099 2124 2246 2171 certe
2276 2117 2572 2187 prophetas
2619 2117 2746 2174 illos
2779 2117 2970 2185 fuisse,
3016 2120 3108 2189 qui
3151 2121 3444 2176 adventum

1864 2209 1986 2279 ejus
2012 2209 2335 2280 praedixere,
2378 2211 2474 2280 qui
2519 2210 2685 2266 simul
2722 2211 2900 2282 ipsum
2938 2210 3160 2275 Judzeis,
3192 2227 3299 2266 non
3341 2229 3445 2268 au-

1865 2311 1973 2357 tem
2008 2303 2227 2374 populis
2255 2303 2578 2373 alienigenis
2608 2302 3027 2374 Redemptorem
3062 2321 3182 2360 esse
3214 2304 3446 2375 Regem-

1866 2411 1976 2467 que
2005 2405 2300 2450 venturum
2340 2395 2589 2450 cecinere
2620 2415 2634 2450 :
2669 2396 2784 2452 sive
2818 2397 2925 2451 alia
2955 2401 3203 2467 quzedam
3237 2397 3446 2452 laetiora

1866 2502 2042 2543 sacrae
2078 2487 2273 2542 litterae
2309 2474 2646 2553 contineant,
2693 2503 2758 2542 ea
2801 2503 3022 2559 quoque
3069 2487 3274 2544 Judaeis
3316 2503 3445 2559 pro-

1865 2577 2119 2632 nuntiata
2164 2591 2320 2642 esse,
2362 2576 2606 2648 adeoque
2650 2578 2835 2633 minus
2874 2577 3021 2648 juste
3074 2593 3177 2634 nos
3233 2578 3444 2647 facere,

1865 2670 1960 2740 qui
2000 2685 2287 2741 perperam
2313 2670 2504 2725 eadem
2547 2679 2604 2725 et
2649 2670 2828 2724 alieno
2866 2671 3028 2740 plane
3064 2686 3230 2726 sensu
3263 2671 3448 2741 capia-

1865 2778 2010 2818 mus.
2042 2763 2100 2833 6
2128 2760 2267 2817 Illud
2307 2762 2475 2816 etiam
2542 2761 2940 2832 perabsurdum
2985 2777 3128 2828 esse,
3173 2764 3318 2833 quod
3351 2779 3446 2820 eas

1866 2853 2090 2923 quidem
2134 2851 2612 2921 reprehensiones,
2652 2852 2853 2921 quibus
2886 2852 3126 2909 nationis
3155 2853 3316 2923 hujus
3351 2855 3447 2909 de-

1865 2943 1993 2998 licta
2044 2951 2438 3014 coarguuntur,
2479 2943 2674 3014 cupide
2713 2943 3009 2998 admodum
3051 2946 3317 3016 avideque
3356 2962 3447 3000 ar-

1867 3033 2169 3105 ripiamus;
2219 3049 2341 3104 qua:
2379 3048 2512 3088 vero
2567 3034 2841 3105 promissa
2895 3035 3162 3091 divinitus
3204 3039 3255 3093 ei
3302 3039 3447 3094 bona

1867 3137 2016 3191 sunt,
2070 3127 2296 3182 omnino
2343 3128 2692 3193 reticeamus,
2747 3128 2831 3184 vel
2879 3129 3062 3199 potius
3094 3140 3305 3185 extorta
3349 3146 3449 3201 per

1868 3220 1979 3274 vim
2016 3220 2070 3274 in
2100 3235 2202 3275 nos
2242 3221 2392 3290 ipsos
2433 3219 2830 3275 transferamus
2859 3239 2872 3275 :
2905 3221 3052 3291 quod
3098 3237 3231 3277 sane
3264 3223 3445 3292 palam

1869 3320 2079 3366 etcum
2125 3311 2360 3364 aliorum
2393 3309 2594 3379 injuria
2635 3327 2749 3367 suae
2786 3312 3072 3383 cupiditati
3117 3315 3342 3382 servire,
3383 3330 3448 3370 ac

1872 3415 1932 3455 se
1961 3400 2143 3470 ipsum
2183 3400 2240 3454 in
2271 3414 2512 3454 errorem
2547 3409 2603 3456 et
2632 3400 2880 3457 fraudem
2915 3402 3174 3458 inducere
3203 3412 3306 3459 est.
3338 3404 3444 3460 De-

1873 3494 2038 3562 nique
2078 3492 2184 3546 hoc
2209 3493 2278 3547 ab
2318 3492 2467 3546 omni
2495 3491 2706 3547 ratione
2751 3493 2990 3547 maxime
3024 3493 3263 3547 alienum
3303 3509 3446 3560 esse,

167 3587 306 3654 quod
372 3603 505 3642 cum
553 3604 626 3645 ne
675 3589 768 3644 illa
817 3590 1062 3660 quidem,
1101 3606 1223 3662 quae
1261 3587 1574 3645 Iudaeorum
1638 3589 1848 3659 legibus
1889 3588 2182 3644 constituta
2240 3595 2400 3656 sunt,
2461 3589 2652 3644 eodem
2713 3588 2822 3643 ritu
2875 3604 3192 3654 servemus,
3249 3589 3344 3644 sed
3391 3589 3446 3642 in

169 3683 414 3737 omnium
459 3684 642 3740 oculis
695 3686 986 3742 adversum
1035 3701 1100 3741 ea
1149 3686 1567 3757 delinquamus;
1614 3685 1883 3755 promissa
1929 3691 2112 3739 tamen
2152 3684 2220 3738 iis
2273 3684 2368 3754 qui
2397 3683 2608 3754 legibus
2649 3682 3028 3754 obtemperant
3058 3684 3262 3754 optima
3296 3699 3448 3754 quae-

169 3792 266 3843 qe
293 3778 461 3833 nobis
493 3779 723 3849 praemia
754 3779 1115 3835 vindiecmus.

720 3873 1118 3926 ΚΕΦΑΛΑΙΟΝ
1155 3872 1230 3926 Γ’.

203 3962 320 4013 Ὀτι
362 3963 457 4030 μὴ
498 3962 924 4030 ἀνεξετάστως
967 3964 1039 4018 τὰ
1070 3966 1176 4019 τοῦ
1206 3967 1504 4034 σωτηρίου
1545 3965 1734 4034 λόγου

689 4034 936 4102 φρονεῖν
966 4036 1262 4104 εἱλόμεθα.

236 4123 460 4176 Τούτων
491 4123 734 4193 εὐλόγως
754 4126 820 4180 ἂν
848 4129 880 4197 ἠ
891 4127 1007 4197 μῶν
1040 4139 1065 4167 α
1096 4130 1154 4181 ἐν
1200 4127 1437 4200 πρώτοις
1475 4126 1774 4200 ἀπορηθέν-

173 4229 293 4274 των,
340 4212 509 4283 φέρε,
572 4213 665 4266 τὸν
706 4215 817 4268 τῶν
857 4215 994 4270 ὅλων
1034 4215 1186 4283 Θεὸν,
1233 4217 1324 4272 διὰ
1370 4216 1466 4271 τοῦ
1521 4217 1773 4289 Σωτῆρος

171 4304 342 4373 ἡμῶν,
375 4305 480 4357 τοῦ
525 4305 697 4359 αὑτοῦ
725 4307 898 4376 Λόγου
921 4348 935 4372 ,
971 4308 1044 4373 ὡς
1096 4302 1162 4375 δι’
1218 4310 1553 4381 ἀρχιερέως,
1582 4311 1776 4362 ἐπικα-

171 4393 494 4467 hminum,
544 4398 610 4450 τὸ
661 4398 878 4470 πρῶτον
926 4400 1034 4453 τῶν
1079 4401 1451 4472 προτεθέντων
1499 4401 1774 4456 ἀποκαθά-

472 4490 822 4560 συκοφάντας
879 4492 1366 4563 προαποδειξαντες
1426 4493 1553 4556 τοὺς
1607 4493 1762 4564 μηδὲν

1884 4487 1983 4554 lio;
2019 4487 2167 4558 quod
2211 4486 2449 4557 primum
2491 4486 2652 4542 nobis
2691 4485 2965 4556 objectum
3004 4493 3088 4540 est
3132 4485 3205 4538 ita
3253 4498 3448 4554 purge-

176 4504 353 4558 ρωμεν
374 4530 388 4552 .

170 4581 309 4651 ἔχειν
358 4585 517 4653 ἡμᾶς
571 4583 639 4636 δι’
686 4583 1015 4649 ἀποδείξεως
1065 4585 1432 4656 παριστάναι,
1478 4583 1656 4655 ἀλόγῳ
1710 4583 1767 4638 δὲ

175 4677 349 4728 πίστει
401 4675 702 4746 προσέχειν
753 4674 1225 4746 ἀποφηναμένους
1285 4675 1519 4729 Αὐτόθεν
1566 4673 1640 4746 (6)
1701 4673 1767 4745 δὴ

176 4763 262 4822 οὖν
293 4767 460 4821 τοῦτο
507 4769 608 4822 καὶ
640 4768 741 4821 οὐκ
774 4769 839 4821 ἐκ
873 4767 1085 4842 μακροῦ
1111 4767 1477 4838 διελέγξομεν,
1506 4766 1570 4820 ἐκ
1600 4784 1660 4820 τε
1689 4759 1766 4821 ὧν

178 4860 437 4929 χρώμεθα
478 4859 623 4930 πρὸς
661 4861 790 4924 τοὺς
832 4861 926 4913 ἐπὶ
971 4860 1286 4933 διδασκαλίᾳ
1325 4860 1434 4914 τῶν
1461 4859 1584 4914 καθ’
1619 4862 1768 4932 ἡμᾶς

178 4951 346 5018 λόγων
393 4952 728 5022 προσιόντας
773 4951 1126 5020 ἀποδείξεων,
1172 4954 1265 5007 καὶ
1309 4953 1419 5006 τῶν
1461 4953 1598 5024 πρὸς
1641 4953 1770 5016 τοὺς

243 5145 269 5172 ι
306 5133 402 5187 τσο
429 5134 589 5204 μίν.

249 5290 328 5359 (6)
347 5289 907 5362 _Airedoer.fBudao
933 5290 1009 5362 τῷ
1033 5291 1196 5354 πάνυ,
1228 5291 1639 5360 observatajam
1663 5291 1769 5362 hu-

182 5362 267 5432 jus
294 5359 908 5432 adverb.‘signiﬁcatio,
932 5359 991 5414 in'
1018 5373 1288 5432 promptu,
1322 5377 1354 5416 e
1381 5378 1440 5416 re
1463 5359 1612 5416 nata.
1663 5360 1770 5416 Sed

147 5457 150 5460 ~
187 5431 346 5493 infra,
381 5428 804 5502 αὐτόθεν-πρὸς
835 5428 1089 5494 εὐζωῖαν,
1119 5428 1248 5497 etc.,
1279 5448 1371 5500 per
1419 5448 1547 5497 sese,
1583 5441 1770 5500 suapte

186 5502 251 5560 ri.
292 5501 433 5565 suis,
469 5499 792 5571 nonraliehis
820 5502 1040 5571 opibus;
1073 5509 1127 5556 et
1165 5520 1180 5556 :
1215 5499 1286 5554 τὸ
1315 5501 1541 5554 αὐτόθεν
1603 5499 1771 5571 ὑπερ-

187 5571 324 5643 έχον,
344 5570 618 5643 etc.,_eod.
648 5586 834 5643 sensu.
853 5570 1020 5643 Apud
1049 5571 1108 5643 Β.
1133 5573 1606 5643 Clirysost.aerm.
1625 5573 1690 5625 de
1702 5570 1767 5643 _S.

193 5589 210 5622 ε
245 5589 324 5632 ον,
344 5589 618 5632 etc.,eou.
649 5589 834 5625 sensu.
864 5589 1020 5639 Apua
1049 5589 1108 5625 η.
1133 5589 1416 5643 utrysosr.
1447 5589 1606 5626 serm.
1625 5589 1766 5626 aea.

193 5589 403 5724 litabyla‘
427 5657 444 5693 :
468 5640 606 5724 Τότε
641 5640 696 5692 δέ
718 5641 945 5694 αὐτόθεν
971 5641 1264 5723 ἐδεικνυτο,
1287 5642 1368 5724 ὅτι
1420 5637 1766 5724 δαιμόνιξγνῆν

191 5709 322 5778 ἑργα
348 5711 418 5763 τα
445 5709 767 5782 τελούμενα,
795 5722 927 5776 etc.,
959 5712 1221 5767 omissum
1252 5709 1554 5782 interpreti.
1584 5709 1768 5782 mest,

197 5797 271 5848 res
299 5797 384 5846 per
441 5797 553 5836 sese
601 5781 1112 5852 loquebatur,.opera
1145 5799 1254 5839 esse
1287 5781 1604 5839 (Iunianum.
1642 5781 1770 5837 Plu~

2494 3861 2725 3920 CAPUT
2764 3861 2857 3918 ΠΙ.

1876 3955 2000 4010 Non
2049 3966 2239 4010 temere
2273 3964 2569 4024 susceptam
2611 3971 2644 4006 a
2686 3952 2835 4006 nobis
2879 3968 2992 4008 esse
3038 3950 3294 4006 salutaris
3351 3949 3449 4003 do-

2410 4026 2596 4080 ctrinae
2617 4027 2912 4078 veritatem.

1943 4117 2212 4173 Adductis
2245 4117 2300 4171 in
2333 4115 2576 4171 medium
2608 4117 2699 4184 iis,
2725 4116 2793 4172 de
2816 4116 3018 4186 quibus
3047 4113 3287 4170 dubitari
3322 4129 3446 4168 cum

1875 4210 2062 4279 aliqua
2085 4209 2469 4280 probabilitate
2491 4209 2686 4280 possit,
2708 4225 2806 4281 age
2827 4207 3255 4278 jam,implorato
3286 4207 3451 4276 hujus

1874 4301 2249 4358 universitatis
2297 4300 2391 4356 Dei
2431 4317 2529 4372 per
2573 4299 2922 4357 Servatorem
2976 4310 3224 4356 nostrum
3276 4299 3449 4368 ipsius

1875 4394 2136 4466 Verbum,
2170 4404 2429 4465 tanquam
2473 4409 2570 4464 per
2603 4409 2879 4450 summum
2921 4392 3255 4463 pontiﬁcem,
3289 4391 3449 4446 auxi-

1868 4594 2014 4644 mus,
2072 4586 2135 4634 ut
2183 4593 2279 4634 eos
2329 4587 2456 4634 ante
2503 4577 2688 4634 omnia
2726 4576 3051 4632 calumniari
3103 4575 3448 4632 demonstre-

1868 4685 2017 4737 mus,
2044 4670 2141 4740 qui
2172 4670 2311 4724 nihil
2339 4685 2370 4724 a
2408 4670 2570 4726 nobis
2591 4680 2741 4726 certo
2778 4684 2940 4739 posse
2972 4677 3292 4739 argumento
3317 4682 3449 4722 con-

1869 4762 2100 4830 ﬁrmari,
2145 4762 2240 4818 sed
2289 4763 2416 4817 ﬁdei
2458 4763 2677 4818 cuidam
2725 4762 2795 4816 ab
2834 4761 3090 4817 omnibus
3141 4760 3448 4815 rationibus

1869 4851 2430 4923 imparata'addictos
2454 4869 2558 4908 nos
2596 4868 2717 4908 esse
2740 4851 3038 4922 allixosque
3070 4850 3443 4922 pronuntiant.

1869 4945 2058 5018 Neque
2110 4961 2243 5003 vero
2300 4955 2671 5002 commentum
2728 4947 2874 5001 istuc
2928 4945 3147 5016 longius
3204 4943 3447 5014 repetitis

1875 5278 2049 5333 tarch.
2068 5272 2381 5345 Comparat.
2415 5273 2632 5330 Solonis
2661 5284 2715 5328 et
2742 5271 3051 5345 Publicolae,
3071 5270 3275 5345 p._lll,
3297 5268 3332 5325 Ι)
3357 5270 3446 5345 g'O

1871 5350 1927 5402 δὲ
1950 5348 2172 5402 αὐτόθεν
2194 5340 2497 5418 ἀναρρίψας
2523 5346 2615 5418 τὸν
2641 5345 2733 5418 ἐπὶ
2759 5343 3027 5418 μεγίστων
3049 5340 3310 5404 κίνδυνον,
3355 5341 3449 5393 ἐπ-

1872 5401 2071 5489 ανέστη
2105 5401 2417 5489 Ταρκυνίῳ,
2453 5401 2729 5489 confestim
2759 5401 2812 5489 in
2840 5401 3087 5489 'apeIlunt
3125 5428 3240 5489 sese
3267 5401 3448 5489 reer

1871 5480 2226 5542 maximarum
2256 5480 2562 5540 discrimen'
2592 5480 2894 5553 conjiciens.
2928 5480 3164 5551 Opponit
3195 5483 3342 5553 enim
3374 5481 3445 5553 ilc-

1872 5559 1964 5612 lud
2002 5557 2248 5622 αὐτόθεν,
2281 5557 2498 5611 Solonis
2544 5555 2620 5626 τῷ
2672 5550 3097 5626 προσποιήματι,
3127 5562 3184 5626 et
3225 5550 3444 5626 παιδιᾶς

1871 5646 1977 5700 3w:
2009 5629 2215 5700 τρόπῳ,
2239 5643 2363 5683 cum
2395 5623 2671 5691 Publicula
2695 5623 2810 5680 sine
2835 5623 2984 5680 larva
3013 5633 3066 5680 et
3095 5623 3443 5680 simulatione

1875 5698 2234 5770 Tarquinium
2264 5709 2487 5770 peteret.
