3798 6220
401 298 468 358 ιιι
1026 294 1300 354 EUSEBII
1343 288 1821 349 CESARIENSIS
1855 286 2003 345 OPP.
2036 283 2218 342 PARS
2251 282 2315 340 ll.
2357 313 2428 325 ——
2461 276 2959 336 APOLOGETICA.
3604 265 3692 321 32

403 410 843 484 probationibus,
878 407 973 465 sed
1001 423 1033 464 e
1064 423 1124 463 re
1161 415 1290 463 nata
1330 406 1511 462 ductis
1547 404 1973 475 redarguemus;

2087 395 2602 468 ἀντιδιατιθεμένους
2643 394 2779 465 ἡμῖν
2813 393 2876 484 ἓν
2915 391 3035 453 ταῖς
3072 383 3463 484 λογικωτέροξις
3497 380 3694 484 ζητῇ-

402 504 602 575 partim
641 502 895 557 videlicet
935 515 1001 556 eo
1033 499 1562 554 demonstrationum
1607 511 1826 567 genere,
1867 509 1980 564 quo

403 596 545 667 apud
577 594 701 650 illos
726 594 954 656 utimur,
995 592 1091 662 qui
1134 590 1493 661 percipienda:
1530 602 1846 643 sermonum
1881 601 1980 641 eo-

400 704 523 744 rum
571 702 713 758 quos
763 686 830 741 de
880 684 1045 739 rebus
1089 683 1296 739 nostris
1344 681 1684 737 instituimus
1715 679 1979 734 doctrinae

404 779 580 851 gratia
607 777 943 833 conveniunt
976 793 990 830 :
1022 774 1220 845 partim
1250 789 1317 829 ex
1355 772 1654 842 responsis,
1687 771 1888 841 quibus
1922 770 1978 826 in

399 867 797 940 quaestionibus
820 881 885 920 ex
926 864 1200 920 subtiliori
1231 863 1533 933 logicorum
1568 871 1685 917 arte
1711 860 1979 917 discussis

400 959 840 1016 adversariorum
877 966 1196 1029 argumenta
1232 954 1563 1023 refellimus;
1596 954 1794 1025 partim
1820 954 1979 1009 deni-

401 1064 510 1121 que
546 1064 609 1103 ει
662 1048 1128 1120 disputationibus
1160 1047 1289 1114 illis,
1330 1062 1471 1118 quas
1510 1055 1775 1116 tanquam
1820 1044 1979 1100 nobis

400 1141 753 1207 honoriﬁeas,
800 1150 911 1196 tam
954 1142 1160 1212 scripto
1208 1155 1374 1210 quam
1425 1139 1547 1195 sine
1589 1138 1815 1209 scripto,
1862 1138 1981 1193 sive

400 1233 655 1304 privatim
682 1248 805 1288 eum
832 1233 1062 1304 singulis
1086 1232 1180 1302 qui
1208 1248 1310 1287 nos
1336 1233 1696 1303 interrogant,
1729 1233 1844 1287 sive
1869 1247 1980 1301 pu-

400 1325 544 1381 blice
580 1326 648 1380 ad
679 1326 939 1396 populum
982 1325 1126 1379 ultro
1157 1325 1360 1379 habere
1391 1324 1804 1379 consuevimus.
1836 1324 1978 1391 Qui-

400 1421 504 1476 bus
535 1420 735 1474 merito
764 1434 896 1473 sane
919 1416 1065 1481 libri,
1089 1431 1230 1487 quos
1260 1430 1372 1486 pra:
1402 1416 1658 1472 manibus
1689 1415 1977 1486 habemus,

396 1509 523 1565 addi
550 1518 800 1579 pessum,
836 1515 1023 1585 utpote
1051 1508 1147 1577 qui
1181 1508 1501 1563 universum
1526 1508 1842 1584 evangelica:
1878 1507 1981 1564 De-

396 1599 798 1653 monstrationis
839 1614 978 1669 opus
1009 1598 1494 1668 comprehendant.
1540 1599 1635 1656 Sic
1673 1601 1818 1656 enim
1866 1615 1982 1656 ma-

397 1697 618 1745 nantem
673 1705 739 1744 ex
777 1688 891 1744 Deo
943 1690 1216 1761 gratiam,
1264 1704 1330 1744 ac
1371 1690 1612 1746 caelestis
1663 1690 1983 1747 muniﬁcen-

396 1780 489 1837 tiae
541 1781 695 1849 vim,
746 1788 1007 1852 tanquam
1064 1780 1195 1836 felix
1243 1782 1512 1849 nuntius,
1568 1781 1824 1838 universo
1876 1784 1978 1837 lio-
2009 1762 2052 1817 Β

398 1872 610 1928 minum
668 1873 853 1942 generi
919 1880 1210 1942 susceptus
1266 1888 1298 1927 a
1353 1872 1515 1929 nobis
1563 1888 1744 1928 sermo
1793 1873 1978 1929 decla-

398 1976 504 2031 rat,
551 1973 613 2020 ut
653 1965 802 2019 illam
847 1980 1068 2035 quoque
1114 1965 1247 2021 Jesu
1293 1965 1498 2021 Christi
1546 1965 1641 2021 Dei
1682 1965 1804 2021 Filii
1856 1966 1982 2021 Ser-

398 2057 609 2111 vatoris
661 2054 988 2125 nominique
1038 2057 1213 2111 nostri
1272 2056 1635 2112 oeconomiam
1691 2057 1979 2112 subtiliore

400 2147 760 2219 plurimorum
787 2157 843 2202 et
867 2147 1374 2204 illustrissimorum
1407 2157 1855 2217 argumentorum
1881 2147 1979 2202 de-

399 2240 797 2296 monstratione
831 2240 1138 2296 confirmet.
1187 2240 1265 2295 Ac
1314 2239 1570 2309 permulti
1618 2239 1837 2310 quidem
1880 2255 1980 2294 an-

397 2339 450 2386 te
480 2331 530 2401 '7
563 2347 663 2388 nos
704 2330 759 2386 in
807 2331 917 2386 alio
949 2347 1091 2401 saepe
1119 2331 1429 2402 disputandi
1461 2346 1657 2401 genere
1682 2331 1979 2387 studiosius

397 2422 781 2491 elaborarunt;
824 2440 918 2480 seu
967 2426 1186 2495 scriptis
1221 2425 1589 2481 voluminibus
1635 2424 1980 2480 adversario-

398 2528 520 2569 rum
552 2524 864 2577 nostrorum
890 2516 1227 2585 objectiones
1256 2515 1641 2581 confutarent,
1694 2530 1790 2577 seu
1833 2530 1980 2570 com-

398 2602 681 2658 mentariis
728 2604 1055 2673 quibusdam
1115 2612 1172 2660 et
1229 2604 1553 2661 tractatibus
1595 2604 1870 2674 sigillatim
1920 2604 1976 2659 in

396 2702 545 2748 certa
574 2694 820 2751 membra
848 2696 1094 2767 digestis,
1125 2695 1421 2766 inspiratas
1463 2697 1729 2752 divinitus
1762 2712 1979 2754 sacras-

397 2799 507 2853 que
531 2784 738 2843 litteras
775 2786 1061 2856 diligenter
1088 2788 1466 2857 explanarent,
1500 2803 1598 2845 seu
1645 2788 1880 2859 denique
1909 2790 1978 2844 ﬁ-

397 2873 487 2930 dei
517 2886 716 2933 nostrae
747 2875 1001 2945 dogmata
1046 2879 1439 2934 vehementiori
1481 2880 1833 2935 contentione
1878 2881 1970 2938 de-

397 2964 701 3022 fenderent.
757 2966 1083 3037 Hujusmodi
1141 2979 1323 3025 tamen
1370 2972 1529 3039 quasi
1579 2973 1859 3043 proprium
1913 2988 1978 3030 ac

398 3058 675 3127 singulare
699 3072 1082 3129 argumentum
1110 3076 1140 3122 a
1171 3062 1331 3118 nobis
1354 3079 1477 3118 cum
1501 3064 1669 3120 animi
1701 3049 1978 3134 voluptate

399 3156 685 3205 tractatur.
736 3148 1057 3219 Quanquam
1091 3152 1336 3206 omnium
1385 3168 1519 3207 sane
1549 3156 1799 3226 princeps
1833 3155 1978 3211 Pau-

399 3238 488 3294 lus
514 3239 602 3294 ills
627 3255 779 3296 socer
809 3242 1092 3310 apostolus
1112 3282 1130 3307 ,
1164 3243 1464 3313 repudiatis
1491 3243 1775 3302 fallacibus
1799 3262 1866 3303 ac
1894 3245 1983 3302 fu-

399 3338 577 3385 catam
600 3330 1000 3400 probabilitatis
1043 3331 1279 3402 speciem
1314 3335 1727 3392 ostendentibus
1759 3338 1982 3393 conclu-

398 3420 699 3486 siunculis,
742 3429 920 3478 certas
953 3429 1007 3477 et
1060 3422 1131 3477 ab
1174 3423 1324 3478 omni
1371 3424 1724 3496 ambiguitate
1775 3442 1981 3484 vacuas

399 3510 896 3568 demonstrationes
947 3512 1248 3580 adhibens,
1306 3514 1387 3571 sic
1438 3515 1641 3572 alicubi
1688 3517 1978 3588 loquitur:

406 3618 428 3659 ι
460 3600 526 3657 Ει
550 3618 729 3659 sermo
755 3619 910 3659 meus
942 3614 994 3660 et
1021 3605 1335 3675 praedicatio
1361 3623 1482 3663 mea
1510 3623 1620 3663 non
1660 3609 1717 3664 in
1750 3625 1979 3680 persua-

401 3692 651 3749 sibilibus
701 3693 954 3750 humana:
985 3695 1263 3765 sapientia:
1288 3684 1638 3764 verbis,rsed
1691 3699 1747 3755 in
1798 3710 1981 3756 osten-

399 3784 557 3841 sione
583 3784 810 3854 spiritus
839 3793 894 3839 et
922 3785 1138 3841 virtutis
1171 3786 1215 3842 ⁸.
1258 3805 1278 3839 ι
1327 3785 1538 3854 Quibus
1570 3789 1685 3844 haec
1716 3773 1979 3861 subjicitf

404 3894 429 3936 ι
470 3877 802 3947 Sapientiam
837 3887 1021 3932 autem
1066 3877 1345 3948 loquimur
1378 3881 1518 3934 inter
1538 3879 1848 3951 perfectos;
1886 3897 1979 3937 sa-

400 3966 659 4038 pientiam
707 3983 835 4022 vero
881 3984 987 4022 non
1021 3968 1184 4036 hujus
1228 3970 1432 4035 Sat-culi,
1461 3986 1637 4041 neque
1667 3972 1977 4042 principum

401 4056 569 4127 hujus
598 4057 780 4111 saeculi
806 4095 823 4121 ,
858 4059 951 4128 qui
999 4059 1401 4114 destruuntur:
1442 4061 1535 4114 SO’J
1577 4061 1854 4130 loquimur
1885 4063 1977 4118 Dei

401 4147 727 4216 sapientiam
752 4147 805 4200 iu
841 4148 1118 4218 mysterio,
1149 4162 1272 4217 quae
1307 4149 1624 4204 abscondita
1651 4160 1736 4207 est
1762 4152 1803 4207 ⁷.
1842 4171 1861 4205 ι
1899 4151 1977 4206 Ac

398 4254 620 4295 rursum
650 4256 667 4299 ι
698 4258 718 4290 ι
755 4237 1085 4296 Suﬂicieutia
1138 4252 1325 4296 nostra
1347 4282 1361 4307 ,
1397 4243 1594 4313 inquit,
1627 4259 1690 4298 ex
1723 4242 1831 4298 Deo
1855 4253 1974 4313 est,

398 4332 493 4401 qui
546 4339 601 4387 et
660 4332 899 4403 idoneos
936 4348 1036 4389 nos
1104 4332 1232 4389 fecit
1285 4334 1564 4390 ministros
1606 4336 1735 4390 novi
1788 4334 1978 4391 Testa—

2082 507 2230 545 σεσιν
2274 488 2676 559 ἀντιρῤήσεων·
2709 484 2777 538 δι’
2806 475 2881 536 ὧν
2923 497 2985 534 τε
3031 473 3458 548 φιλοτιμούμεθα
3493 473 3690 526 ποιεῖ-

2083 581 2207 637 σθαι
2235 579 2502 652 ἀγράφων
2535 595 2595 631 τε
2642 577 2736 631 καὶ
2778 574 3088 647 ἐγγράφων,
3135 570 3243 642 ἰδίᾳ
3270 584 3332 622 τε
3374 567 3472 622 καὶ
3531 563 3691 636 πρὸς

2079 677 2313 730 ἕκαστον
2345 673 2456 727 τῶν
2493 667 2844 743 ἐρωτώντων,
2888 665 2983 719 καὶ
3016 665 3168 733 κοινῇ
3204 659 3340 732 πρὸς
3382 658 3453 711 τά
3483 654 3687 727 πλήθη

2079 766 2389 832 διαλέξεων.
2430 764 2537 817 Ναὶ
2570 761 2675 834 μὴν
2708 760 2803 813 καὶ
2836 757 2924 812 διά
2960 755 3068 809 τῶν
3110 756 3171 807 ἐν
3197 751 3353 823 χερσὶ
3380 764 3689 819 συγγραμ-

2084 861 2304 934 μάτων,
2337 857 2436 931 τὴν
2480 855 2708 911 καθόλου
2750 848 3132 924 πραγματείαν
3173 844 3553 934 περιεχόντων
3567 840 3687 934 τῆς

2081 931 2492 1024 Εὐαγγελικῆς
2522 945 2900 1011 ἀποδείξεως·
2930 943 2987 995 ἐν
3096 941 3274 994 πᾶσαν
3296 936 3393 1008 τὴν
3427 937 3494 989 ἐκ
3529 931 3686 988 Θεοῦ

2080 1046 2262 1118 χάριν,
2306 1042 2403 1096 καὶ
2447 1041 2545 1112 τὴν
2588 1037 2839 1110 οὐράνιον
2865 1031 3202 1105 εὐεργεσίαν,
3233 1030 3261 1083 ό
3291 1025 3480 1100 παρὼν
3508 1024 3687 1093 λόφος

2084 1139 2295 1200 πάντας
2319 1132 2639 1206 ἀνθρώπους
2673 1130 2771 1203 (6‘)
2807 1126 3234 1197 εὐαγγελίζεται,
3270 1124 3367 1194 τὴν
3400 1120 3547 1175 κατά
3575 1118 3687 1173 τὸν

2083 1231 2311 1301 Σωτῆρα
2335 1227 2428 1281 καὶ
2446 1220 2648 1298 Κύριον
2664 1226 2698 1296 ἡ
2707 1222 2821 1295 μῶν
2849 1218 3054 1293 Ἰησοῦν
3067 1216 3404 1291 Χριστδνξτδν
3417 1213 3548 1268 Υἱδν
3573 1210 3684 1268 τοῦ

2082 1321 2218 1377 Θεοῦ
2243 1320 2556 1391 οἰκονομίαν
2599 1314 2956 1388 λογικώτερον
2982 1311 3069 1366 διὰ
3091 1310 3356 1363 πλείστων
3390 1305 3485 1361 καὶ
3511 1307 3676 1377 ἐναρ-

2080 1416 2192 1485 γῶν
2226 1411 2551 1479 ἀποδείξεων
2586 1407 2964 1478 πιστούμενος.
3002 1402 3394 1457 Ἐσπούδασται
3443 1398 3543 1470 μὲν
3574 1393 3683 1452 οὖν

2081 1506 2353 1571 πλείστοις
2389 1504 2498 1560 τῶν
2540 1504 2646 1575 πρὸ
2686 1501 2846 1574 ἡμῶν
2888 1497 3056 1569 πολλή
3105 1513 3189 1560 τις
3230 1493 3363 1564 άλλη
3404 1506 3681 1563 πραγμαο

2081 1601 2221 1668 τεία,
2265 1599 2387 1654 τοτέ
2430 1598 2527 1669 μὲν
2571 1596 2823 1666 ἐλέγχους
2867 1592 2962 1646 καὶ
3009 1587 3359 1660 ἀντιρρήσεις
3402 1581 3678 1637 ἐναντίων

2083 1695 2213 1766 ἡμῖν
2254 1692 2426 1761 λόγων
2457 1685 2894 1759 συνταξαμένοις,
2939 1683 3061 1736 τοτὲ
3086 1680 3144 1734 δὲ
3175 1678 3273 1741 τάς
3316 1675 3534 1738 ἐνθέους
3568 1672 3678 1727 καὶ

2083 1785 2234 1857 ἱερὰς
2280 1781 2503 1856 Γραφάς
2555 1779 2901 1849 ἐξηγητικοῖς
2954 1773 3341 1845 ὑπομνήμασι,
3393 1768 3488 1822 καὶ
3541 1766 3680 1857 ταῖς

2080 1856 2222 1932 κατά
2252 1878 2414 1948 μέρος
2441 1870 2679 1945 ὁμιλίαις
2705 1866 3147 1939 διερμηνεύσασι,
3175 1863 3297 1916 τοτὲ
3318 1861 3375 1914 δέ
3398 1860 3511 1923 τοῖς
3539 1856 3677 1911 καθ’

2078 1971 2227 2043 ἡμᾶς
2256 1968 2520 2038 δόγμασιν
2552 1958 3050 2033 ἀγωνιστικώτερον
3080 1953 3497 2028 πρεσὸεύσασιψ
3529 1951 3677 2022 ἡμῖν

2078 2079 2147 2131 γε
2170 2060 2274 2132 μὴν
2314 2059 2458 2122 ἰδίως
2495 2057 2529 2128 ἡ
2562 2054 2699 2127 μετά
2725 2052 2901 2123 χαρᾶς
2936 2050 3012 2121 (7)
3039 2050 3346 2103 ἐκπονεῖται
3381 2043 3671 2116 πρόθεσις.

2079 2131 2303 2226 Πρῶτός
2329 2151 2393 2221 γέ
2417 2167 2498 2204 τοι
2528 2149 2744 2203 πάντων
2771 2146 2799 2198 ὁ
2821 2143 2964 2215 ἱερός
2989 2139 3280 2203 ἀπόστολος
3305 2136 3536 2200 Παῦλος,
3557 2131 3667 2226 τάς

2082 2224 2182 2319 μὲν
2208 2243 2491 2314 ἀπωτηλάς
2509 2242 2603 2295 καὶ
2626 2235 2939 2308 σοφιστικὰς
2964 2230 3341 2300 πιθανολογίας
3364 2224 3670 2319 παραδτθῦῗ

2082 2317 2258 2410 μενος,
2277 2333 2662 2406 ἀναμφιλόγοις
2674 2330 2731 2383 δὲ
2746 2326 3027 2400 χρώμενος
3042 2326 3162 2387 ταῖς
3174 2322 3500 2387 ἀποδείξεσι,
3524 2317 3668 2391 φησί

2078 2445 2202 2482 πουο
2239 2447 2257 2478 ι
2284 2428 2396 2481 Καὶ
2421 2427 2449 2479 ὁ
2472 2424 2630 2493 λόγος
2666 2420 2845 2493 ἡμῶν,
2877 2419 2971 2472 καὶ
2997 2416 3058 2470 τὸ
3077 2416 3337 2486 κήρυγμα
3350 2412 3449 2465 οὐκ
3471 2410 3527 2463 ἐν
3544 2424 3674 2462 πει-

2064 2520 2163 2589 ,θοϊ
2213 2516 2561 2588 ἀνθρωπίνης
2612 2512 2803 2582 σοφίας
2856 2509 3055 2578 λόγων,
3118 2504 3231 2559 ἀλλ’
3283 2505 3340 2556 ἐν
3391 2498 3673 2589 ἀποδείξει

2079 2608 2389 2679 πνεύματος
2409 2606 2502 2660 xui.
2526 2604 2826 2674 δυνάμεως.
2861 2619 2880 2653 ι
2913 2595 3007 2663 Οἷς
3027 2595 3269 2665 ἐπιλέγει
3291 2611 3305 2625 ο
3343 2612 3362 2645 ι
3386 2591 3584 2661 Σοφίαν
3602 2588 3671 2644 δὲ

2077 2698 2343 2770 λαλοῦμεν
2381 2696 2441 2750 ἐν
2472 2697 2585 2759 τοῖς
2622 2692 2868 2754 τελείοις
2907 2689 3099 2758 σοφίαν
3132 2686 3211 2751 δὲ,
3245 2685 3305 2738 οὐ
3330 2682 3425 2737 τοῦ
3467 2680 3672 2744 αἰῶνος

2077 2769 2289 2853 τούτου,
2314 2787 2436 2842 οὐδέ
2457 2784 2565 2839 τῶν
2592 2783 2865 2856 ἀρχόντων
2887 2780 2996 2835 τῶν
3023 2773 3500 2847 καταργουμένωνο
3525 2769 3671 2824 ἀλλά

2076 2880 2345 2953 λαλοῦμεν
2374 2877 2509 2933 Θεοῦ
2552 2876 2742 2946 σοφίαν
2775 2876 2832 2927 ἐν
2870 2870 3154 2944 μυστηρίῳ
3180 2866 3281 2939 τὴν
3312 2867 3671 2953 ἀποκεκρυμῖ

2081 2950 2267 3045 μένην.
2297 2989 2317 3022 ι
2359 2969 2468 3023 Καὶ
2505 2962 2687 3030 αὖθιςο
2723 2984 2742 3017 ι
2789 2964 2855 3017 Ἠ
2900 2961 3153 3030 ἱκανότης
3213 2955 3368 3029 ἡμῶν
3412 2952 3520 3007 ἀπὸ
3565 2950 3668 3045 τοῦ

2078 3042 2234 3126 Θεοῦ,
2267 3060 2325 3124 ὃς
2346 3059 2439 3114 καὶ
2470 3057 2731 3112 ἱκάνωσεν
2757 3055 2904 3126 ἡμᾶς
2931 3051 3209 3112 διακόνους
3240 3045 3444 3116 Χαινῆς
3467 3042 3669 3113 Διαθῆ-

2080 3171 2206 3225 κης.
2247 3173 2265 3206 ι
2297 3151 2538 3215 Εἰκότως
2584 3150 2720 3222 δῆτα
2757 3149 2890 3219 ἡμῖν
2937 3147 2995 3199 ἐν
3047 3143 3216 3197 ἆπασι
3261 3137 3664 3210 παρήγγελται,

2080 3246 2327 3316 ἐτοίμους
2373 3241 2509 3296 εἶναι
2552 3241 2631 3304 είς
2656 3237 2951 3307 ἀπολογίαν
2997 3234 3159 3289 παντὶ
3197 3230 3275 3302 τῷ
3318 3225 3670 3316 ἐπερωτῶντι

2079 3315 2227 3409 ἡμᾶς
2245 3334 2400 3403 λόγον
2431 3333 2561 3404 περὶ
2592 3331 2691 3402 τῆς
2733 3332 2790 3382 ἐν
2814 3330 2948 3400 ἡμῖν
2982 3324 3216 3388 ἐλπίδος.
3246 3320 3409 3375 Ὅθεν
3437 3317 3532 3373 καὶ
3550 3315 3666 3409 τῶν

2078 3404 2213 3478 νέων
2255 3420 2613 3493 συγγραφέων
2656 3417 2855 3490 μυρίας
2902 3415 3052 3479 ὅσας,
3087 3413 3163 3476 ὡς
3204 3409 3437 3482 εἴρηται,
3465 3404 3671 3461 πανσό-

2080 3533 2213 3587 φους
2232 3515 2326 3569 καὶ
2351 3515 2597 3586 ἐναργεῖς
2624 3510 2762 3583 μετά
2785 3505 3159 3578 συλλογισμῶν
3179 3502 3498 3569 ἀποδείξεις,
3522 3498 3669 3572 ὑπὲρ

2076 3608 2172 3664 τοῦ
2196 3607 2315 3662 καθ’
2357 3608 2503 3678 ἡμᾶς
2525 3604 2826 3678 γραφείσας
2858 3600 3039 3670 λόγου,
3061 3596 3350 3667 διαγνῶναι
3379 3594 3665 3666 πάρεστιν,

2081 3697 2454 3770 ὑπομνήματά
2474 3714 2534 3751 τε
2571 3696 2672 3750 οὐκ
2700 3695 2855 3764 ὀλίγα
2896 3694 2975 3756 εἰς
2999 3690 3098 3754 τάς
3129 3687 3279 3761 ίεράς
3318 3686 3412 3740 καὶ
3450 3683 3668 3746 ἐνθέους

2078 3789 2303 3863 Γραφάς
2334 3779 2803 3860 πεπονημένα,’τὸ
2831 3783 3060 3855 ἀψευδές
3100 3799 3161 3835 τε
3192 3780 3287 3833 καὶ
3328 3777 3667 3832 ἀδιάπτωτον

2078 3883 2188 3936 τῶν
2211 3881 2450 3954 ἀρχῆθεν
2471 3878 2943 3949 καταγγειλάντων
2971 3877 3101 3947 ἡμῖν
3125 3872 3214 3927 τὸν
3235 3870 3336 3941 τῆς
3358 3864 3668 3929 θεοσεϐείας

2079 3974 2258 4043 λόγον,
2314 3974 2661 4046 γραμμικαῖς
2709 3967 3015 4033 ἀποδείξεσι
3099 3963 3469 4037 παριστῶντα.
3513 3957 3665 4029 Πλὴν

2077 4066 2214 4121 ἀλλά
2246 4066 2487 4136 περιττοὶ
2524 4065 2573 4117 οί
2597 4063 2747 4132 λόγοι
2779 4062 2997 4125 πάντες,
3028 4050 3103 4112 ὧν
3141 4056 3342 4130 ἐναργῆ
3370 4055 3464 4107 καὶ
3493 4048 3663 4121 σαφέ-

2078 4177 2244 4232 στερα
2274 4157 2344 4212 τὰ
2377 4158 2533 4230 ἔργα,
2571 4157 2713 4227 ειπερ
2734 4157 2767 4226 ἡ
2790 4154 2909 4208 θεία
2948 4152 3040 4207 καὶ
3072 4150 3319 4221 οὐράνιος
3362 4145 3455 4199 τοῦ
3479 4143 3664 4214 Σωτῆ-

2082 4270 2172 4324 ρος
2225 4254 2256 4321 ἡ
2267 4251 2384 4322 μῶν
2423 4250 2671 4320 δύναμις,
2720 4247 2928 4310 πάντας
2977 4242 3295 4316 ἀνθρώπους
3335 4240 3435 4310 τὴν
3483 4237 3663 4291 ἔνθεον

2078 4348 2174 4401 καὶ
2197 4346 2446 4414 οὐράνιον
2473 4343 2616 4415 ζωὴν
2646 4339 3126 4412 εὐαγγελιζομένη,
3156 4335 3453 4409 διαρρήδην
3494 4332 3661 4386 είσέτι

398 4421 568 4476 menti
599 4420 642 4476 ⁸.
678 4440 699 4473 ι
739 4420 1030 4477 Enimvero
1075 4422 1197 4491 jure
1242 4424 1400 4479 nobis
1433 4424 1572 4478 inter
1620 4438 1811 4480 omnes
1841 4441 1973 4496 prae-

2087 4437 2173 4490 καὶ
2199 4433 2294 4489 νῦν
2335 4434 2721 4488 ἐπιδείκνυται.
2748 4430 2956 4484 Αὐτίκα
2997 4427 3129 4498 γοῦν
3174 4427 3273 4499 τὴν
3318 4422 3659 4478 διδασκαλίαν

398 4523 612 4581 ceptum
644 4514 748 4568 hoc
769 4521 883 4578 est,
936 4522 997 4568 ut
1023 4514 1335 4583 quicunque
1387 4515 1604 4569 demum
1641 4516 1787 4572 illius
1817 4516 1970 4587 spei,

377 4620 521 4675 [quae
552 4606 812 4675 religione
842 4616 1027 4660 nostra
1059 4606 1373 4661 continetur
1392 4646 1407 4673 ,
1437 4607 1701 4663 rationem
1727 4622 1791 4662 ex
1815 4608 1973 4664 nobis

378 4692 676 4767 requirat,
727 4699 794 4753 ad
839 4699 1244 4769 suscipiendam
1287 4698 1409 4767 ejus
1455 4700 1828 4756 defensionem
1878 4716 1975 4771 pa-

392 4791 502 4845 rati
538 4793 799 4846 continuo
851 4808 906 4848 et
949 4794 1185 4863 expediti
1243 4794 1435 4848 simus.
1487 4790 1851 4859 Quamobrem
1879 4808 1976 4848 ex-

395 4883 611 4954 plorare
656 4884 828 4940 cuivis
870 4899 934 4939 ac
964 4885 1239 4941 discutere
1291 4887 1454 4953 licet,
1495 4900 1620 4940 cum
1670 4886 1979 4941 innumera-

395 4975 555 5042 biles,
588 4985 795 5032 utante
823 4976 1069 5032 dicebam
1096 5018 1112 5043 ,
1159 4994 1298 5048 quas
1350 4980 1686 5035 recentiores
1729 4979 1977 5049 plerique

399 5068 748 5125 acutissimas
779 5076 834 5124 et
861 5069 1300 5127 evidentissimus
1351 5071 1415 5125 ad
1465 5071 1728 5125 doctrinae
1774 5079 1979 5126 nostra:

400 5159 871 5216 confirmationem
896 5171 1341 5232 argumentorum
1361 5162 1711 5233 probationes
1738 5162 1976 5230 edidere;

476 5267 498 5301 ⁸
533 5267 557 5322 ι
586 5268 716 5326 Cor.
752 5285 814 5335 ιι,
839 5269 896 5327 4.
972 5269 994 5303 '
1047 5272 1182 5332 ibid.
1213 5270 1272 5338 6.
1302 5268 1356 5328 7.
1421 5269 1443 5301 ⁸
1468 5285 1507 5324 ιι
1531 5272 1658 5333 Cor.
1683 5286 1765 5336 ut,
1792 5269 1845 5335 5,
1877 5273 1934 5328 6.

476 5380 856 5453 (6')]!drtac
883 5382 1253 5453 ἀνθρώπους.
1300 5380 1397 5437 Est
1443 5383 1536 5452 qui
1588 5383 1765 5453 legere
1808 5385 1981 5451 malit,

405 5452 485 5516 είς
535 5451 742 5529 πάντας
774 5451 1112 5529 ἀνθρώπους.
1150 5453 1279 5508 Mihi
1312 5451 1982 5529 nihil'nttttandutnuvide-

407 5530 533 5589 tur;
562 5521 819 5593 frequens
849 5521 993 5579 enim
1032 5539 1165 5579 usus
1214 5533 1296 5578 est
1340 5539 1421 5576 vel
1437 5523 1489 5577 bi
1534 5522 1983 5592 εὐαγγελίζεσθαι

407 5607 534 5648 cum
570 5604 812 5665 accusat.
850 5597 1060 5665 tamrei
1083 5609 1247 5665 quam
1278 5608 1539 5665 persona}.
1588 5594 1662 5665 Ita
1688 5611 1854 5665 mor
1879 5611 1984 5650 no.

411 5672 552 5748 ater:
573 5663 1125 5748 ﬁdit-tag'dvliptbrrou';
1145 5663 1441 5748 τὴνκένθεογ
1463 5664 1556 5717 καὶ
1568 5663 1819 5748 οὐράνιον
1838 5663 1984 5748 ζωῂν

407 5733 893 5806 ιῦαγγελιζομένηο
914 5733 988 5791 ἐι
1015 5734 1154 5791 infra
1180 5733 1307 5790 τ’Τά
1354 5733 1606 5808 μέγιστα,
1636 5733 1733 5789 καὶ
1767 5733 1982 5808 ἀληθῶς

2084 4525 2248 4582 αὐτοῦ
2291 4523 2737 4597 κηρυχθήσεσθαι
2763 4521 2995 4592 καθόλης
3020 4520 3117 4591 τῆς
3145 4515 3447 4587 ἀνθρώπων
3481 4514 3659 4567 οἰκου-

2079 4616 2273 4689 μένης,
2301 4616 2381 4679 είς
2411 4614 2707 4688 μαρτύριον
2722 4600 2887 4666 ⁶πᾶσι
2927 4614 3040 4675 τοῖς
3068 4610 3242 4663 ἔθνεσι
3286 4607 3661 4670 θεσπίσαντος,

2074 4711 2175 4781 τήν
2202 4726 2263 4763 τε
2291 4708 2516 4780 ὕστερόν
2568 4722 2697 4760 ποτε
2730 4707 3003 4759 συστᾶσαν
3031 4706 3097 4774 τῇ
3128 4700 3292 4756 αὑτοῦ
3336 4700 3557 4769 δυνάμει
3598 4697 3662 4764 ἐξ

2076 4804 2330 4859 ἁπάντων
2372 4800 2482 4854 τῶν
2509 4798 2677 4852 ἐθνῶν
2715 4790 3061 4871 Ἐκκλησίαν,
3087 4795 3239 4849 οΰπω
3276 4794 3397 4848 τότε
3423 4791 3542 4847 καθῗ
3564 4789 3661 4856 οῦς

2077 4894 2489 4969 ἐνηνθρωπήκει
2536 4895 2758 4966 χρόνους
2804 4892 3110 4964 ὁρωμένην,
3151 4888 3272 4943 οὐδὲ
3318 4884 3660 4940 συνεστῶσάν

2077 5005 2187 5052 πω,
2222 4986 2388 5057 ἐνθέῳ
2427 4982 2733 5058 προγνώσει
2780 4982 3047 5053 ἀήττητον
3096 4980 3193 5035 καὶ
3238 4978 3661 5049 άκαταμάγητον

2079 5076 2316 5141 ἔσεσθαι,
2345 5075 2438 5130 καὶ
2464 5073 2825 5147 μηδεπώποτε
2849 5072 2954 5127 ὑπὸ
2992 5071 3221 5126 θανάτου
3249 5067 3659 5140 νικηθήσεσθαι,

2082 5169 2302 5233 ἑστάναι
2326 5167 2384 5222 δέ
2429 5167 2522 5221 καὶ
2589 5165 2774 5239 μένειν
2815 5166 3082 5229 ἄσειστον,
3127 5161 3277 5218 ὡσάν
3305 5163 3391 5225 ἐπῗ
3427 5160 3661 5234 ἀσείστῳ

2086 5383 2267 5456 ἀγαθά
2290 5384 2496 5449 πάντας
2521 5382 2840 5456 ἀνθρώπους
2868 5379 3325 5456 εὐαγγελίσασθαι
3344 5377 3661 5456 ἡμέτεη

2092 5452 2388 5531 ρονῇλόγον,
2423 5465 2478 5510 et
2529 5452 2658 5508 alibi
2711 5469 2872 5531 saepe.
2906 5452 3059 5531 Quod
3091 5455 3155 5531 in_
3176 5452 3312 5531 aliis
3334 5452 3656 5531 quibusdam

2086 5520 2573 5607 {remisi-coeptum
2603 5533 2707 5582 est.
2735 5520 2801 5579 ut
2824 5525 2878 5578 in
2908 5520 3103 5589 ποιεῖν,
3139 5520 3489 5593 ἐργάζεσθαι,
3510 5527 3561 5576 et
3586 5520 3658 5576 si-

2091 5595 2489 5738 ωιίίιςυῗίαρᾱς.
2525 5663 2686 5723 Forte
2716 5664 3006 5738 legendum
3037 5664 3247 5740 χεῖρας.
3279 5662 3435 5721 Enr.
