3798 6220
404 244 478 302 33
1060 248 1332 307 EUSEBII
1368 244 1850 316 CESARIENSlS
1885 260 2035 319 OPP.
2075 265 2260 325 PARS
2292 270 2357 327 ll.
2401 304 2471 315 —
2507 275 3015 340 APOLOGETICA.
3624 295 3714 350 56

401 362 582 418 nicem
612 373 775 435 caput
819 365 1058 431 attollit,
1105 383 1172 423 ac
1225 370 1383 427 novis
1414 374 1660 442 quotidie
1700 375 1901 448 dignita

2212 387 2302 451 vei;
2333 389 2430 443 καὶ
2463 391 2747 464 πολεμιοις
2793 394 3062 454 δουλείαν.
3103 401 3172 454 ’Δ
3214 404 3308 458 καὶ
3345 409 3463 473 ταῖς
3510 413 3712 481 apop—

400 451 757 510 incrementis
787 469 970 521 aucta,
997 458 1231 528 spiritali
1265 474 1330 515 ac
1359 461 1548 519 divino
1569 467 1879 535 praedicata:

401 543 496 571 211..
528 545 744 571 ..ἓΑι-ιε-
786 545 995 571 ε.-ι..-..-
1024 551 1224 571 ---,εμ
1254 552 1319 571 ε.Α
1368 568 1383 571 ,
1410 570 1413 571 ,
1504 570 1511 571 κ
1597 563 1609 571 .
1687 566 1697 571 -

2210 490 2321 530 εσιν
2364 451 2698 551 ἀκολούθως,
2724 451 2884 555 ’μετὰ
2934 451 3173 559 τὴν*τῶ

401 543 499 601 illo
528 545 747 616 pietatis
785 545 999 619 fulgore
1024 551 1228 619 passim
1254 552 1329 606 ita
1359 563 1705 622 coruscat.nt
1727 576 1839 615 non
1867 577 1901 617 si

2210 568 2419 633 ουσίαν,
2455 543 3116 646 φαίνονταίπεπονθότες.
3161 582 3285 636 Ἐπὶ
3325 543 3710 657 τὲότοιςΖΓ-τίς

399 646 616 693 tantum
651 639 924 707 hostibus,
957 642 1050 696 sed
1084 657 1153 696 ne
1199 643 1334 713 ipsis
1354 646 1576 716 quidem
1620 653 1819 708 mortis
1854 653 1899 709 fe

2248 657 2314 712 ἂν
2359 662 2658 737 ἐκπλαγείη
2706 667 2815 721 τῶν
2864 668 3042 723 αὐτῶν
3095 673 3307 729 ἀκούων
3357 681 3706 753 προφητῶν,

399 728 506 784 bus
538 729 619 783 vel
647 731 915 785 tantillum
946 731 1227 787 debilitata
1258 737 1541 793 concedat.
1583 738 1717 806 Quae
1761 744 1899 813 quid:

2212 747 2233 802 ὶ
2264 751 2367 823 τὴν
2399 728 2989 830 Χριστοῖπαρουσίαν,
3012 761 3109 833 τὴν
3136 764 3243 818 τῶν
3257 728 3712 827 ἰουὲζίξξέιᾏ

396 825 584 878 omnia
616 824 743 880 huic
773 824 866 879 uni
918 826 987 881 ab
1038 841 1104 880 eo
1147 829 1423 898 quondam
1463 834 1688 901 prolata:
1734 839 1896 892 voci:

2202 857 2317 908 ισιν,
2351 844 2452 916 τὴν
2485 846 2593 900 τῶν
2633 848 2806 904 ἐθνῶν
2836 852 3045 923 κλῆσιν,
3083 853 3362 929 λαμπραῖς
3391 863 3488 914 καὶ
3518 863 3702 918 διαυ-

392 924 550 985 ccpta
570 915 785 972 ferenda
824 918 993 972 sunt’
1023 937 1037 974 :
1066 938 1087 971 ι
1115 918 1289 990 Super
1308 921 1451 978 hanc
1471 934 1680 994 petram
1701 930 1892 986 aediﬁc:

2204 972 2208 986 .
2239 915 2443 1004 φωναῖς
2475 915 2969 1016 εὐαγγελιζομένην
3001 915 3113 1019 (θ);
3148 915 3221 1002 ζΗ
3243 915 3358 1004 ⁸καὶ⁷
3393 915 3704 1027 auehi;-

391 1004 695 1063 Ecclesiam
723 1024 932 1078 meam,
979 1019 1033 1066 et
1062 1021 1233 1081 porta:
1276 1013 1435 1069 inferi
1466 1033 1575 1072 non
1607 1020 1891 1087 prmvalebt

2196 1043 2277 1089 ως
2314 1030 2395 1090 εἰς
2422 1004 2597 1101 ἔργον-
2618 1004 2865 1106 ἐχώρησε
2896 1004 3019 1100 ταῖςΣ
3052 1004 3424 1111 προφητείαιςῨ
3439 1004 3696 1102 ξιξὲλξιξ-

389 1098 656 1154 adversus
690 1115 832 1154 eam.
889 1120 909 1154 ι
949 1100 1218 1158 (laterum
1276 1106 1487 1162 inﬁnita
1537 1121 1667 1165 sunt
1714 1112 1767 1166 id
1802 1128 1889 1183 ger

2191 1133 2213 1180 ’,
2244 1115 2332 1170 διὰ
2356 1098 2467 1188 τῆς-
2495 1119 2589 1172 τοῦ
2903 1127 2935 1195 ή
2946 1098 3062 1195 μῶν
3097 1098 3691 1197 διδασκαλίαςδιῖοῦ

387 1186 495 1243 alia
515 1227 531 1255 ,
583 1203 615 1242 a
648 1186 941 1245 Servatore
973 1200 1165 1248 nostro
1222 1196 1586 1264 praenuntiata
1610 1239 1626 1265 ,
1686 1200 1887 1269 quibus

2189 1208 2379 1272 παντὸς
2403 1186 2595 1279 γένους
2631 1186 3143 1290 ἀνθρῶτ-αυν-μυρίοι
3174 1221 3287 1274 ὅσοι
3314 1186 3555 1293 τὴν
3586 1186 3689 1280 ei:

384 1281 669 1351 proprium
695 1298 761 1338 ae
789 1282 1068 1353 singulare
1098 1296 1481 1357 argumentum
1517 1289 1811 1363 locumque
1836 1308 1884 1347 Ct

2190 1314 2261 1351 ων
2287 1281 2986 1377 ἀποστραφέντες-πλάνην,
3020 1281 3114 1363 τοῦ
3149 1311 3247 1363 ἐπὶ
3280 1281 3499 1368 πάντων
3526 1314 3690 1371 Θεοῦ

384 1376 575 1443 gestis,
614 1374 746 1429 dum
799 1387 1164 1446 congruentes
1209 1389 1264 1435 et
1316 1392 1718 1441 consentaneos
1768 1386 1879 1441 divi

2206 1389 2383 1463 ἀληθῆ
2411 1393 2612 1461 γνῶσίν
2637 1412 2697 1447 τε
2727 1396 2818 1449 καὶ
2852 1374 3137 1454 εὐσέϐειαν
3164 1403 3540 1471 κατεδέξαντο,
3571 1423 3690 1478 μο-

383 1458 503 1528 ejus
559 1463 1024 1530 praesensionibus
1070 1483 1256 1523 rerum
1307 1471 1553 1540 ipsarum
1603 1474 1786 1531 exitus
1845 1491 1883 1530 a1

2298 1458 2309 1462 -
2371 1458 2383 1463 -
2425 1458 2434 1461 -
3368 1458 3386 1470 ,
3526 1458 3539 1471 ,
3571 1458 3647 1478 Γ-

2181 1481 2287 1551 rex}.
2338 1484 2685 1556 πιστούμενοι
2732 1490 2861 1551 τοὺς
2905 1490 3014 1543 τῶν
3063 1491 3306 1547 παλαιῶν
3353 1498 3681 1567 χρησμοὺς,

381 1550 575 1606 oculos
602 1553 882 1622 ponimus,
912 1571 1104 1612 eorum
1133 1574 1255 1628 quae
1287 1560 1449 1614 nobis
1476 1561 1545 1617 de
1585 1562 1702 1632 ipso
1735 1578 1881 1633 perst

2184 1589 2199 1635 ;
2227 1550 2287 1625 τε
2307 1574 2518 1641 ἄλλους,
2537 1550 2642 1631 ’καὶ
2664 1578 2727 1650 δὴ
2755 1550 2853 1632 τὸν
2871 1580 2960 1633 διὰ
2986 1582 3080 1634 τοῦ
3119 1550 3513 1656 Ἱερεμίοῖτδέ
3533 1550 3684 1661 πρόἰ

382 1641 599 1708 demus,
645 1648 935 1702 certiorem
967 1651 1120 1704 omni
1147 1652 1487 1709 dubitatione
1511 1655 1797 1711 veritatem
1845 1674 1882 1712 e:

2176 1681 2267 1730 που,
2304 1666 2606 1736 φήσαντος·
2640 1687 2660 1721 ς
2700 1641 2869 1743 Ιξύριε
2898 1672 2926 1726 ὁ
2950 1672 3083 1737 Θεός
3114 1641 3236 1744 μου,
3260 1641 3409 1747 ’πρὸς
3438 1678 3497 1731 σὲ
3528 1641 3676 1753 ἔδνῙη

377 1733 846 1794 demonstramus.
881 1738 1068 1811 Neque
1107 1757 1237 1797 vero
1264 1744 1415 1818 Jevis
1465 1755 1520 1801 et
1573 1756 1877 1803 contemnet

2170 1773 2293 1809 ηυσιν
2319 1733 2414 1810 ἀπ’
2448 1760 2674 1831 ἐσχάτου
2701 1733 2802 1835 τῆξ
2826 1764 2953 1835 γῆς,
2990 1733 3083 1819 καί
3113 1733 3349 1839 spatiata,
3375 1733 3450 1836 ῶς
3481 1733 3670 1847 ψευδῖί

375 1837 482 1893 est,
506 1829 553 1884 si
587 1830 655 1884 ad
690 1833 1001 1902 superiores
1035 1834 1399 1906 adiungatur,
1427 1838 1603 1892 eidem
1637 1840 1850 1895 veritati

2172 1848 2380 1918 ’ήσαντο
2418 1850 2466 1904 οἱ
2507 1829 2949 1925 πατέρες-ἡμῶν
2993 1829 3207 1923 εἴδωλα,
3244 1829 3345 1913 καὶ,
3377 1829 3474 1914 οέκ
3495 1829 3571 1933 ἦν
3599 1829 3672 1919 εὖ

374 1922 620 1977 serendae
650 1922 807 1989 ﬁdes,
833 1941 1000 1995 quam
1030 1942 1098 1981 ex
1121 1926 1511 1985 Hebraicarum
1538 1932 1844 1987 litterarum

2170 1942 2249 2003 οῖς
2281 1940 2539 2010 ὠφέλεια.
2570 1944 2635 1996 Εἰ
2654 1922 2943 2016 ποιήσειεν
2975 1949 3125 2021 αὑτῷ
3150 1951 3433 2024 ἄνθρωπος
3473 1922 3666 2021 θεοὺς,

373 2012 634 2070 stimonio
663 2017 1018 2087 arcessimus,
1055 2034 1181 2075 cum
1212 2020 1281 2076 iis
1313 2029 1440 2077 ante
1490 2032 1570 2078 tot
1611 2039 1785 2079 annos
1818 2040 1873 2094 pr

1348 2029 1440 2077 nte
1490 2032 1570 2078 tot
1611 2039 1785 2079 annos
1818 2040 1957 2094 prte-
2062 2025 2158 2079 καὶ
2182 2028 2281 2080 οὐκ
2303 2030 2440 2082 εἰσὶν
2470 2048 2618 2084 ουτοι
2644 2012 2793 2101 050E;-
2827 2054 2845 2087 ι

372 2104 609 2159 sentium
661 2105 932 2161 bonorum
979 2109 1401 2177 promissionem
1461 2109 1672 2168 Hebraei
1720 2115 1996 2185 prophetae
2034 2118 2218 2185 generi
2269 2120 2580 2176 mortalium
2636 2124 2890 2182 universo
2934 2130 3302 2198 praedicarim,
3367 2135 3666 2209 ipsiusque

371 2197 512 2251 adeo
538 2196 741 2253 Christi
777 2200 1020 2255 nominis
1066 2201 1141 2256 ita
1172 2202 1557 2268 meminerint,
1598 2215 1661 2259 ut
1706 2206 1954 2262 futurum
1993 2208 2160 2264 simul
2209 2209 2278 2264 ad
2327 2211 2576 2269 homines
2630 2215 2876 2285 ejusdem
2931 2196 3224 2278 adventum
3276 2196 3661 2295 praedixeriht.

366 2287 521 2343 Adde
552 2289 701 2359 quod
739 2304 941 2345 novum
994 2293 1159 2347 etiam
1224 2302 1280 2348 et
1320 2295 1591 2361 insolens,
1622 2313 1747 2368 qua
1789 2314 1886 2368 per
1928 2315 2122 2357 omnes
2165 2304 2396 2372 populos
2431 2305 2768 2372 funderetur,
2809 2310 3069 2369 doctrina
3119 2287 3292 2386 genus
3316 2319 3656 2387 indicarunt,

366 2378 610 2436 futuram
643 2398 866 2454 quoque
913 2384 1155 2442 Iudaicae
1202 2389 1443 2446 nationis
1491 2392 1925 2449 incredulitatem
1967 2407 2025 2450 et
2061 2396 2418 2476 obﬁrmatam
2462 2401 2519 2457 in
2574 2407 2930 2475 repugnando
3002 2378 3402 2468 contumaciam
3449 2378 3661 2485 praedi:-

366 2484 573 2545 eentes,
599 2494 700 2533 nec
734 2495 846 2535 non
871 2482 1135 2552 quidquid
1162 2484 1425 2541 adversus
1454 2501 1581 2542 eum
1603 2487 1770 2559 impie
1806 2490 1994 2545 molita
2033 2501 2137 2558 est,
2167 2508 2232 2548 ac
2273 2510 2613 2568 quaecunque
2641 2500 2789 2554 illam
2825 2510 3110 2573 propterea
3146 2521 3254 2561 non
3294 2482 3474 2564 dilataj
3517 2509 3657 2564 lonr

363 2572 517 2641 gius,
585 2574 644 2645 9
701 2576 797 2632 sed
838 2580 996 2647 quasi
1041 2594 1073 2634 e
1116 2581 1348 2653 vestigio
1395 2593 1595 2639 secutae
1637 2587 1978 2643 calamitates
2035 2602 2359 2659 oppressere
2410 2610 2425 2647 :
2491 2610 2803 2663 supremam
2871 2598 3114 2671 intelligo
3176 2602 3340 2673 regiae
3396 2604 3648 2673 ipsorum

360 2671 681 2740 metropolis
702 2671 1066 2739 obsidionem,
1121 2675 1409 2749 ipsamque
1448 2679 1581 2734 adeo
1618 2682 1770 2751 regni
1829 2682 2076 2739 funditus
2108 2685 2280 2741 excisi
2325 2692 2684 2757 eversionem,
2729 2706 2856 2746 cum
2906 2709 3098 2749 eorum
3128 2712 3226 2766 per
3260 2713 3450 2753 omnes
3500 2714 3643 2769 gen-

359 2767 444 2816 tes
460 2762 823 2832 dispersione,
851 2782 1127 2840 quamque
1150 2772 1254 2826 sub
1280 2773 1629 2829 inimicorum
1658 2786 1712 2831 et
1752 2779 1989 2833 hostium
2033 2780 2317 2835 dominatu
2339 2784 2621 2853 patiuntur
2670 2788 2919 2845 servituti
2954 2792 3324 2861 conjunctam.
3350 2792 3483 2860 Quae
3518 2809 3648 2850 cer-

359 2862 415 2908 te
452 2855 903 2924 praedictionibus
945 2860 1051 2916 illis
1090 2871 1480 2931 consentanea,
1522 2874 1649 2937 post
1700 2868 1944 2938 ejusdem
1986 2871 2162 2943 nostri
2209 2869 2515 2930 Servatoris
2565 2876 2881 2947 adventum,
2928 2880 2979 2934 in
3017 2855 3265 2937 omnium
3301 2855 3476 2940 oculis
3508 2902 3643 2957 per-

359 2951 554 3007 tulere.
579 2951 699 3007 Jam
732 2969 861 3010 vero
887 2957 1013 3026 quis
1056 2973 1167 3013 non
1222 2960 1464 3017 illustres
1497 2963 1618 3017 illas
1652 2972 1817 3034 atque
1851 2966 2173 3035 perspicuas
2215 2969 2532 3024 earumdem
2573 2973 2966 3041 prapbetarum
3010 2991 3195 3042 voces,
3240 2980 3441 3048 quibus
3482 2951 3634 3036 futu-

356 3062 503 3114 ram,
522 3047 756 3103 Christo
793 3049 906 3119 jam
937 3068 1005 3121 ex
1042 3054 1209 3109 rebus
1254 3056 1513 3112 humanis
1563 3059 1854 3126 subducto,
1902 3076 2028 3116 cum
2065 3060 2380 3118 Iudaeorum
2425 3065 2827 3135 prolapsionem
2887 3085 2953 3126 ac
2998 3072 3452 3141 repudiationem,
3515 3084 3633 3130 tum

356 3139 599 3209 gentium
651 3141 993 3196 vocationem
1062 3141 1296 3199 feliciter
1345 3148 1816 3217 praenuntiarunt,
1888 3151 2252 3209 admiratione
2324 3153 2536 3210 deﬁxus
2586 3157 2970 3228 Obstupescat,
3030 3139 3156 3217 cum
3215 3164 3331 3219 hac
3381 3166 3631 3223 similiter

356 3231 663 3289 Serratoris
702 3237 874 3290 nostri
915 3237 1179 3294 doctrina:
1226 3240 1511 3308 beneﬁcio,
1554 3245 1737 3315 palam
1771 3246 1978 3301 exitum
2018 3258 2178 3302 nacta
2231 3248 2394 3304 fuerit
2449 3266 2573 3305 cum
2615 3252 2832 3308 illorum
2882 3256 3182 3326 prophetiis
3239 3259 3464 3315 omnino
3496 3275 3626 3316 con-

350 3330 663 3401 gruentem?
687 3330 789 3385 Per
838 3331 1015 3401 ipsum
1052 3336 1197 3390 enim
1249 3336 1501 3393 effectum
1558 3348 1663 3407 est,
1688 3348 1747 3393 ut
1784 3341 2197 3400 innumerabilis
2224 3361 2292 3400 ex
2339 3346 2488 3400 omni
2518 3347 2802 3402 hominum
2853 3365 3050 3419 genere
3088 3351 3377 3407 multitudo
3412 3354 3632 3423 rejectis

354 3426 627 3481 idolorum
674 3427 974 3495 erroribus,
1032 3446 1215 3485 veram
1250 3436 1600 3504 praepotentis
1640 3452 1822 3491 rerum
1863 3439 2107 3494 omnium
2157 3442 2519 3498 moderatoris
2556 3441 2652 3498 Dei
2700 3445 2952 3499 notitiam
2996 3445 3419 3516 religionemque
3452 3450 3629 3503 susci-

349 3529 538 3591 peret,
590 3504 826 3591 cumque
861 3532 1182 3580 caeterorum
1242 3543 1364 3598 quae
1425 3530 1593 3600 prisci
1642 3531 1895 3589 homines
1950 3533 2209 3591 fuderunt
2258 3539 2627 3605 oraculorum,
2677 3551 2796 3595 tum
2845 3541 3011 3611 hujus
3060 3542 3328 3612 imprimis
3377 3541 3628 3600 Jeremiae

347 3614 648 3685 prophetiae
678 3615 841 3670 ﬁdem
892 3617 1297 3688 quodammodo
1328 3622 1514 3681 facere
1541 3625 1821 3684 videretur
1850 3646 1865 3684 :
1902 3648 1922 3682 ι
1969 3630 2198 3701 Domine
2220 3633 2365 3690 Deus
2412 3651 2589 3700 meus,
2612 3635 2680 3691 ad
2708 3645 2763 3693 te
2800 3647 2988 3708 gentes
3044 3639 3262 3694 venient
3289 3641 3357 3693 ab
3380 3649 3626 3695 extremo

348 3715 528 3776 terrae,
560 3718 615 3764 et
662 3709 865 3782 dicent,
908 3713 1054 3782 quod
1105 3713 1241 3770 falsa
1281 3727 1463 3787 patres
1511 3720 1681 3775 nostri
1706 3720 1852 3776 idola
1907 3725 2288 3792 possederunt,
2320 3743 2421 3784 nec
2465 3738 2585 3785 erat
2635 3730 2692 3784 in
2732 3730 2865 3800 ipsis
2914 3730 3141 3785 utilitas.
3198 3730 3255 3785 Si
3314 3731 3475 3787 faciet
3513 3733 3620 3791 sihi

347 3798 515 3858 homo
544 3804 697 3871 deos,
728 3817 784 3863 et
814 3806 917 3878 ipsi
946 3822 1057 3862 non
1084 3816 1213 3864 sunt
1234 3808 1311 3864 dii
1341 3810 1420 3863 ὀἳ
1459 3828 1479 3863 ι

960 3921 1191 3980 CAPUT
1227 3922 1320 3981 ιν.
1965 3928 2008 3986 C

1965 3928 2008 3986 C
2580 3930 2976 3984 ΚΕΦΑΛΑΙΟΝ
3008 3932 3080 3983 A'.

354 4028 472 4088 Non
500 4034 891 4092 inconsiderate
921 4054 1015 4092 nos
1037 4039 1108 4092 ad
1135 4056 1311 4128 regum
1339 4041 1748 4097 utilissimarum
1775 4044 1852 4115 βά

2123 4060 2161 4096 τι
2184 4041 2282 4128 μὴ,
2300 4042 2555 4109 ἀκρίτως
2576 4041 2733 4128 ⁸ἡμῖν·
2767 4042 2807 4128 ἠ¹
2830 4041 2965 4110 περὶ
2992 4040 3112 4128 t5)?-
3149 4042 3623 4128 ὠξελιμωτὰτων

762 4124 859 4162 suo
897 4118 1125 4179 tempore
1151 4111 1522 4167 adhaerescere.
1775 4110 1786 4115 ’
2187 4110 2262 4165 ’πς

2187 4110 2416 4177 ’πίστις
2448 4110 2601 4165 κατὰ
2632 4110 2855 4180 καιρὸν
2892 4110 3433 4182 παραλαμϐάνεται.

415 4197 545 4256 Haec
565 4201 731 4271 igitur
758 4204 849 4258 illa
874 4215 1025 4270 sunt,
1057 4208 1258 4276 quibus
1290 4208 1526 4264 instituti
1569 4210 1742 4266 nostri
1794 4212 1915 4268 ratit

2119 4205 2291 4258 Πάντα
2322 4203 2388 4275 δὴ
2420 4202 2592 4255 ταῦτα
2621 4203 2713 4256 τὸν
2738 4204 2871 4275 περὶ
2896 4204 3003 4256 τῶν
3030 4203 3153 4257 καθ’
3187 4206 3334 4276 ἡμᾶς
3362 4203 3619 4275 πραγμά-

344 4291 421 4347 ita
439 4292 819 4360 conﬁrmatur,
844 4304 905 4351 ut
933 4297 1118 4367 quivis
1148 4297 1414 4369 intelligat
1445 4314 1565 4353 eam
1602 4315 1711 4355 non
1736 4302 1844 4356 hun

2115 4314 2139 4347 ν
2167 4293 2452 4348 πιστοῦται
2480 4295 2657 4365 λόγον,
2703 4295 2780 4359 ὡς
2810 4294 2910 4348 οὐκ
2947 4293 3007 4361 ἐξ
3038 4296 3390 4368 ἀνθρωπίνης
3432 4296 3615 4367 ὁρμῆς

342 4395 419 4435 no
447 4382 685 4452 quodam
714 4383 918 4454 impetu
945 4387 1334 4457 excogitatam,
1363 4390 1457 4444 sed
1473 4391 1755 4459 praevisam
1787 4392 1841 4445 di

2110 4386 2467 4457 ιτηδευθέντα,
2511 4387 2692 4441 θεόθεν
2733 4387 2789 4440 δὲ
2831 4387 3268 4459 προγνωσθέντα,
3299 4388 3394 4443 καὶ
3426 4387 3610 4440 θεόθεν

340 4473 514 4539 nitus,
546 4476 876 4547 scriptisque
909 4478 1147 4533 oraculis
1179 4478 1441 4535 divinitus
1480 4482 1840 4550 praenuntiata

2108 4479 2251 4533 ετῶν
2284 4481 2575 4551 ἐγγράφων
2617 4479 2880 4551 χρησμῶν
2923 4480 3471 4552 προαναφωνηθέντα,
3512 4481 3608 4534 καὶ

340 4564 611 4637 longeque
639 4568 776 4623 adeo
808 4568 984 4638 magis
1008 4570 1279 4624 universis
1308 4569 1623 4626 hominibus
1651 4587 1683 4626 a
1726 4571 1840 4626 Seri

2105 4571 2165 4624 λὺ
2199 4571 2360 4625 πλέον
2385 4572 2471 4624 ἐτι
2499 4571 2681 4626 θεόθεν
2717 4573 2807 4626 διὰ
2833 4572 2926 4624 τοῦ
2955 4572 3208 4644 Σωτῆρος
3239 4572 3400 4644 ἡμῶν
3439 4574 3605 4625 πᾶσιν

338 4662 460 4711 tore
500 4665 692 4713 nostro
737 4659 1002 4715 divinitus
1031 4660 1271 4715 oblatam
1302 4659 1492 4717 fuisse.
1523 4659 1785 4717 Praeterea
1817 4680 1838 4717 ι

2102 4658 2332 4731 θρώποις
2373 4661 2837 4734 προϐεϐλημένον,
2869 4658 3023 4727 αὖθίς
3057 4681 3117 4716 τε
3161 4665 3224 4716 ὲκ
3269 4662 3404 4717 Θεοῦ
3443 4664 3602 4719 δυνα-

337 4749 488 4805 mine
514 4750 673 4819 plane
693 4751 881 4806 divino
903 4752 1074 4806 robur
1108 4751 1229 4821 ejus
1250 4767 1316 4807 ac
1350 4752 1667 4807 ﬁrmitatem
1719 4770 1837 4809 con:

2101 4750 2293 4822 ύμενον
2325 4755 2417 4807 καὶ
2444 4754 2777 4819 συνεστῶτα,
2812 4755 2888 4819 ὡς
2920 4756 2979 4809 ἐν
3008 4754 3285 4819 τοσούτοις
3318 4755 3454 4809 ἐτῶν
3482 4755 3601 4829 χρό-

337 4840 492 4905 tisse,
520 4856 643 4895 cum
672 4850 864 4897 vexata
896 4851 976 4898 tot
1018 4858 1213 4910 annos,
1246 4844 1555 4914 partimque
1609 4846 1837 4900 daemon:

2094 4859 2131 4905 ,ς
2184 4842 2541 4914 ἐλαυνόμενον
2580 4844 2718 4917 πρός
2762 4862 2825 4898 τε
2862 4845 2970 4898 τῶν
3015 4845 3263 4916 ἀοράτων
3310 4846 3594 4918 δαιμόνων,

335 4934 431 5004 qui
464 4934 634 4989 videri
659 4948 769 4988 non
792 4942 1045 5004 possunt,
1075 4935 1277 5004 partim
1312 4950 1507 4990 eorum
1545 4937 1640 5007 qui
1681 4951 1781 5007 pro
1824 4954 1835 4977 π

2094 4932 2115 4985 ὶ
2146 4934 2282 5006 πρὸς
2313 4934 2426 4987 τῶν
2454 4935 2596 4989 κατὰ
2627 4937 2851 5008 χρόνους
2885 4937 3095 5008 ὁρατῶν
3134 4937 3432 5009 ἀρχόντων,
3460 4938 3594 4993 πολὺ

335 5026 530 5080 rietate
593 5032 897 5094 temporum
960 5025 1163 5080 diversi
1205 5026 1565 5095 imperabant,
1634 5029 1835 5098 oculisq

2112 5024 2180 5078 ἱον
2239 5025 2559 5097 διαλάμπειν
2578 5066 2594 5092 ,
2647 5029 2917 5100 ὁσημέραι
2944 5047 2997 5081 τι
3018 5041 3042 5068 ⁸
3067 5027 3387 5100 διαπρέπειν
3407 5028 3500 5080 καὶ
3520 5029 3612 5082 αἲ-

335 5117 701 5174 cernebantur
722 5118 1026 5188 principum
1047 5118 1344 5173 acerbitate
1360 5118 1585 5187 jactata,
1611 5120 1835 5190 majorit

2088 5135 2148 5181 LV,
2179 5119 2272 5171 καὶ
2301 5118 2434 5171 πολὺ
2477 5119 2676 5190 μᾶλλον
2702 5118 2959 5191 πληθύειν
2985 5138 2999 5152 ’
3028 5121 3285 5193 ἄντικρυς
3316 5120 3415 5192 τῆς
3447 5119 3588 5175 ἄνω-

335 5204 522 5261 indies
539 5209 881 5264 ornamentis
895 5218 948 5262 et
964 5208 1246 5262 illustriori
1269 5210 1558 5279 splendore
1580 5211 1835 5280 conjunct

2090 5225 2108 5261 ν
2131 5210 2195 5261 ἐκ
2221 5208 2314 5262 τοῦ
2347 5208 2456 5263 τῶν
2480 5210 2615 5263 ὅλων
2648 5209 2783 5263 Θεοῦ
2817 5213 3128 5284 συνεργίας,
3162 5211 3224 5265 τὸ
3256 5217 3468 5283 ἄμαχον
3498 5210 3590 5266 καὶ

334 5294 729 5370 hominumque
758 5298 1115 5370 frequentiori
1146 5300 1489 5357 multitudine
1520 5311 1805 5372 augeatur.

2089 5317 2298 5371 ττητον,
2328 5300 2390 5354 τό
2421 5318 2483 5354 τε
2512 5300 2651 5356 κατὰ
2678 5301 2786 5356 τῶν
2827 5302 3036 5375 ἐχθρῶν
3082 5303 3358 5375 νικητικὸν
3397 5304 3466 5375 τῇ
3494 5299 3586 5357 τοῦ

403 5448 435 5480 ι
472 5436 563 5493 td.
583 5454 663 5492 τε.

398 5553 425 5587 ³
463 5547 876 5615 Matth.xvr,l8.
912 5549 1164 5607 “Jerem.
1194 5566 1310 5615 xvr,
1346 5548 1434 5606 l9.

397 5666 474 5738 (8)
510 5662 1078 5738 Εὑατγελιζομένην.
1134 5663 1296 5738 _Yerti
1354 5664 1579 5738 perinde
1629 5678 1697 5721 ac
1742 5660 1790 5720 si
1848 5662 1897 5720 h:

2076 5679 2173 5733 ur,
2229 5660 2770 5736 εὐαγγελιζομένων,
2820 5653 2899 5719 ιη’
2934 5662 3202 5720 referatur
3260 5662 3325 5718 ad
3373 5673 3574 5733 προφη-

327 5734 464 5793 τῶνζ
491 5734 669 5807 Atque
686 5734 769 5791 ita
803 5737 907 5804 leg.
939 5740 1104 5792 etiam
1133 5734 1304 5792 Mont.
1355 5734 1376 5752 "
