1899 3110
98 125 140 152 31

727 122 890 151 PRAEPAR.
912 123 1038 152 EVANG.
1053 122 1119 151 LIB.
1140 121 1160 151 ι.

1726 126 1761 154 38

81 187 227 220 Σωτῆρος
245 191 329 220 ημων
342 186 506 220 διδασκαλίᾳ
525 192 555 211 τε
578 189 625 211 και
642 191 813 220 προσηγοριᾳ
836 191 908 217 παρ-

967 185 1048 221 plane
1057 184 1181 213 dubitare
1192 191 1273 212 nemo
1282 185 1370 219 possit
1380 185 1446 220 quin
1459 185 1531 213 Deus
1546 185 1591 213 ille
1599 193 1691 214 rerum
1701 192 1759 214 mo-

78 231 228 266 gp-ngg.
248 231 307 257 Καὶ
322 231 352 257 τὸ
365 230 482 257 αὐτόθεν
495 230 525 257 δὲ
546 230 616 265 πρὸς
632 229 747 261 εὑζωῖαν
766 230 848 256 πᾶσιν
863 230 911 256 ἀν-

80 276 230 311 εμδτεσις,
250 277 280 302 οὺ
300 276 385 311 μόνον
406 276 442 302 ἐκ
455 276 513 302 τῶν
538 275 685 310 προφανᾶΝ
705 275 788 302 αὐτοῦ
812 275 909 309 λόγων,

80 320 161 347 illi
183 321 236 347 καὶ
262 321 293 353 ἐξ
319 321 490 357 ἀπορρήτου
512 321 654 356 δυνάμεως
678 320 909 356 προϐεϐλημένον,

88 368 153 400 πῶς
171 369 224 394 οὒκ
240 368 273 394 ἂν
287 368 399 401 γένοιτο
417 368 471 402 τῆς
488 367 583 393 ἐνθέου
601 367 740 402 δυνάμεως
752 367 836 393 αὐτοῦ
854 375 909 393 πα-

90 413 276 449 gas-.znxév;
291 413 379 445 Θείας
396 413 450 448 μὲν
466 413 523 448 γὰρ
534 413 582 439 καὶ
596 413 753 448 ἀπορρήτου
769 412 910 447 δυνάμεως

94 459 140 495 ἦν,
157 461 187 486 τὸ
202 460 259 494 ἅμα
273 459 313 494 τῷ
330 458 422 485 αὐτοῦ
439 458 527 493 λόγῳ,
546 459 594 484 καὶ
611 458 659 484 σὺν
678 459 710 493 τῇ
727 458 792 493 περὶ
808 465 910 493 μοναρ-

97 507 156 541 lh;
172 506 231 536 ἑνὸς
245 505 292 531 τοῦ
311 506 363 532 ἐπὶ
381 506 503 532 πάντων
524 504 593 531 Θεοῦ
614 504 822 540 προϐεϐλημένῃ
838 503 912 530 διδα-

97 553 189 587 nuli;
211 551 306 583 αὐτοῦ,
325 551 403 586 ὁμοῦ
434 552 488 577 καὶ
506 551 558 586 τῆς
576 550 764 582 πλυπλανοῦς
782 551 829 577 καλ¹
850 550 910 577 δαι-

93 598 202 634 μονικῆς
221 597 382 633 ἐνεργείας,
403 597 484 632 ὁμοῦ
509 598 558 623 καὶ
579 597 628 632 τῆς
644 597 698 623 τῶν
721 596 806 623 ἐθνῶν
829 596 912 623 πολυ-

88 644 181 680 αρχίας
197 644 346 678 ἐλεύθερον
366 643 557 678 καταστῆναι
573 643 604 669 τὺ
621 642 675 669 τῶν
692 642 843 679 ἀνθρώπων
865 641 913 677 γέρ

85 699 141 721 λος·
164 690 268 725 μυρίων
294 689 368 723 γοῦν
398 689 435 716 τὸ
468 688 591 716 παλαιὸν
614 689 675 715 καθ’
696 689 812 715 ἕκαστον
834 687 912 719 ἔθνος

80 736 207 771 ῥιπὶέων
227 736 277 762 καὶ
292 735 465 770 τοπαρχᾶνδ
483 735 711 771 ἐπικρατούντων
733 735 803 762 κατὰ
819 734 911 766 πόλεις

75 783 118 810 aut
135 782 239 818 χώμ,
258 782 310 808 καὶ
330 781 395 808 τῶν
418 781 480 816 μὲν
504 780 785 816 δημοκρατουμένων,
806 780 861 806 τῶν
881 780 911 807 δὲ

69 828 305 864 τυραννουμένων,
334 827 401 853 τῶν
431 827 469 853 δὲ
492 826 759 863 πολυαρχουμένων,
782 825 910 861 πολέμων

66 883 90 901 τε
108 874 221 901 κατὰτὸ
242 874 328 905 εἰκὸς
354 875 396 900 ἐκ
423 873 540 900 τούτου
563 873 698 900 παντοίων
724 871 909 905 συνεστώτων,

64 921 137 948 ἐθνῶν
164 920 257 947 ἔθνεσι
291 920 613 955 προσῇγνυμένων,
637 919 685 946 καὶ
710 918 829 953 συνεχῶς
853 919 911 951 τοῖς

61 967 251 1003 πλησιοχώροις
275 967 566 1002 ἐπανισταμένων,
577 966 712 1003 δῃούντων
727 975 758 992 τε
770 965 817 992 καὶ
830 965 910 1000 δῃου-

62 1014 145 1048 μὲ-δων,
168 1015 231 1045 ταῖς
249 1013 321 1040 κατ’
340 1013 503 1048 ἀλλήλων
525 1012 697 1048 πολιορκίαις
717 1012 912 1047 ἐπιστρατευο-

62 1060 144 1095 μένων,
160 1060 231 1086 ὥστε
245 1059 299 1086 διὰ
320 1059 436 1086 ταῦτα
457 1058 614 1094 πανδημεὶ
627 1058 729 1089 πάντας
740 1057 803 1089 τούς
816 1065 846 1083 τε
860 1056 911 1088 τὰς

60 1107 134 1139 πόλεις
146 1106 313 1138 οἰκοῦντας,
330 1106 393 1132 καὶ¹
412 1106 452 1131 ἐν
470 1106 582 1140 ἀγροῖς
600 1103 811 1140 γεηπονοῦντας,
826 1102 856 1135 ἐξ
869 1102 910 1129 ἔτι

57 1152 141 1179 παίδων
154 1152 187 1179 τὰ
202 1151 374 1187 πολεμικὰ
392 1150 617 1181 διδάσκεσθαι,
635 1149 795 1184 ξιφηφορεῖν
807 1157 837 1175 τε
852 1148 911 1175 δια-

57 1199 138 1231 παντὸς
159 1199 231 1225 κατά
253 1207 291 1224 τε
320 1197 388 1229 τὰς
417 1196 620 1231 λεωφόρους,
639 1194 687 1222 καὶ
709 1194 782 1221 κατὰ
801 1193 909 1229 κώμας,

59 1247 94 1272 ut
105 1245 204 1281 ἀγρούς.
224 1244 364 1279 Ἐπειδὴ
387 1242 515 1278 παρῆν
535 1242 552 1268 ὁ
565 1241 683 1277 Χριστὸς
697 1240 773 1276 (περὶ
787 1237 817 1267 οὗ
826 1240 911 1267 πάλαι

59 1289 309 1326 ὅιὰτὺνπροφητῷν
328 1289 509 1323 ἀνείρητο
523 1295 531 1302 ’
551 1296 561 1312 ι
579 1286 715 1313 Ἀνατελεῖ
727 1287 755 1312 ὲν
769 1287 828 1318 ταῖς
843 1285 911 1321 ἡμέ-

63 1346 104 1373 ρας
127 1337 202 1365 αὖτοῦ
231 1336 460 1370 δικαιοσύνη,
496 1333 555 1360 καὶ
577 1333 680 1368 πλῆθος
715 1331 846 1368 εἰρήνῆς·
864 1332 911 1358 καὶ

63 1384 208 1418 σηκὸᾼουσιν
234 1383 297 1414 τὰς
333 1380 526 1417 μαχαίρας
554 1379 644 1406 αὐτῶν
672 1379 713 1410 εἰς
730 1378 843 1414 ἄροτρα,
864 1378 911 1404 καὶ

63 1431 96 1462 τὶς
115 1430 213 1461 ζιῆὑνας
248 1428 372 1455 αὐτῶν
402 1427 460 1458 εἰς
491 1425 644 1461 δρέπανα·
666 1425 713 1450 καὶ
740 1424 769 1450 οὐ
796 1424 907 1458 λήψεται

63 1475 114 1506 lim;
169 1474 256 1505 ἔθνος
277 1474 487 1508 μάχαιραν,
509 1470 564 1496 καὶ
574 1470 605 1495 οὐ
623 1469 660 1504 μὴ
677 1468 799 1504 μάθωσιν
811 1468 850 1494 ἔτι
862 1477 910 1494 πο-

966 232 1076 259 derator
1084 232 1218 264 omnium,
1230 231 1383 259 Servaloris
1393 232 1478 259 nostri
1488 231 1620 259 doctrinae
1650 231 1702 265 ιο
1727 240 1760 260 ac

966 277 1136 305 nominivim
1149 278 1297 313 quamdam
1309 279 1384 306 omni
1399 282 1499 305 conatu
1514 282 1541 305 et
1554 277 1760 313 oppugnatione

966 325 1147 360 superiorem,
1159 330 1375 360 cunctorumque
1386 325 1525 352 victricem
1542 324 1661 351 hostium
1677 324 1759 351 caele-

966 372 1001 398 sti
1012 371 1115 398 auxilio
1127 371 1269 406 largiatur.
1282 370 1341 398 Jam
1353 378 1418 398 vero
1429 370 1494 397 illud
1506 370 1606 404 ipsum,
1618 370 1690 403 quod
1701 378 1760 397 om-

966 417 1048 444 nibus
1062 425 1111 452 per
1130 425 1190 444 sese
1210 417 1367 444 hominibus
1381 417 1413 443 ad
1429 416 1497 443 bene
1513 416 1647 450 beateque
1664 415 1758 442 viven-

965 463 1041 495 dum,
1057 462 1157 497 partim
1173 462 1335 490 clarissimis
1347 462 1434 497 ipsius
1447 462 1547 494 verbis,
1564 462 1662 497 partim
1676 461 1700 488 vi
1713 469 1760 488 oc-

965 509 1082 536 cultiore
1096 508 1309 543 proponebatur,
1322 508 1463 542 cujus’non
1474 508 1561 535 oculis
1571 508 1690 535 divinam
1699 507 1759 541 ejus

967 558 1130 590 potestatem
1147 555 1330 589 virtutemque
1356 554 1507 588 subjiciat?
1528 554 1635 581 Etenim
1660 554 1759 580 divinae

963 599 1086 635 profecto
1100 607 1262 634 arcanaeque
1273 599 1414 634 potestatis
1427 598 1526 632 idfuit,
1537 603 1567 625 ut
1581 598 1663 625 simul
1675 603 1757 632 atque

963 647 1078 674 verbum
1098 646 1183 679 illius,
1197 646 1285 680 deque
1297 646 1397 673 summi
1418 645 1500 672 unius
1515 649 1620 672 tantum
1637 644 1695 677 Dei,
1707 644 1756 679 qui

963 693 1046 720 rebus
1058 697 1188 727 praeesset
1202 692 1340 725 omnibus,
1350 692 1516 727 principatu,
1525 691 1648 719 doctrina
1660 699 1760 725 propo-

963 742 1085 770 neretur,
1100 738 1232 765 continuo
1244 746 1330 772 genus
1340 738 1482 765 hominum
1497 737 1523 764 in
1536 738 1668 772 integram
1679 738 1760 765 liber-

962 789 1046 812 tatem
1063 792 1125 812 cum
1138 792 1153 811 a
1164 784 1337 811 fraudulenta
1349 784 1502 811 daemonum
1517 784 1689 817 eﬂicacitate,
1700 790 1759 812 tum

962 836 980 859 a
993 830 1135 866 multiplici
1150 831 1269 866 gentium
1279 830 1419 857 dominatu
1432 830 1627 857 vindicaretur.
1642 831 1759 858 Praeser-

926 871 948 899 Β
963 876 1023 909 tim,
1039 883 1102 904 cum
1117 876 1237 904 sexcenti
1251 876 1315 903 olim
1327 883 1419 913 .reges
1440 876 1556 911 singulis
1579 876 1607 903 in
1632 877 1754 903 nationi-

961 922 1024 955 bus,
1041 922 1069 949 in
1082 922 1198 949 urbibus
1215 926 1306 949 autem
1319 929 1350 949 ac
1365 922 1522 957 regionibus
1535 922 1680 957 imperium
1694 923 1755 950 inﬁ-

961 969 1013 996 niti
1034 968 1121 1004 reguli
1142 968 1437 1002 obtinerent‘;aliique
1453 968 1556 1002 populi,
1576 973 1755 1003 tyrannorum

962 1015 1018 1048 alii,
1040 1014 1087 1042 alii
1104 1014 1223 1048 denique
1239 1013 1359 1048 plurium
1383 1013 1524 1040 dominatu
1544 1019 1754 1047 premerentur;

961 1069 1080 1096 cumque
1100 1060 1163 1087 inde
1177 1060 1267 1087 omnis
1282 1059 1389 1094 generis
1411 1059 1490 1092 bella,
1506 1065 1534 1086 ut
1547 1067 1596 1094 par
1608 1063 1677 1091 erat,
1687 1060 1756 1087 exsi-

959 1111 1072 1140 sterent,
1088 1105 1243 1134 commissis
1261 1106 1332 1132 inter
1354 1113 1415 1136 sese
1437 1105 1575 1140 gentibus,
1596 1105 1755 1140 vicinosque

960 1154 1075 1189 populos
1091 1153 1198 1180 infestis
1215 1160 1324 1187 semper
1341 1153 1426 1179 armis
1441 1152 1611 1186 petentibus,
1631 1156 1756 1179 mutuas-

960 1208 1014 1235 que
1035 1199 1158 1227 vicissim
1182 1199 1272 1226 clades
1298 1202 1458 1233 stragesque
1472 1197 1664 1230 subeuntibus,
1679 1199 1754 1233 quod

960 1245 1063 1273 mutuis
1091 1246 1160 1273 alios
1186 1245 1232 1272 alii
1269 1244 1459 1272 obsidionibus
1495 1244 1754 1279 incursionibusque

960 1296 1090 1318 vexarent
1106 1311 1113 1317 .
1126 1290 1164 1317 Ex
1178 1298 1232 1325 quo
1255 1290 1369 1325 proinde
1385 1289 1475 1322 ﬁebat,
1496 1293 1526 1316 ut
1554 1297 1609 1316 non
1626 1289 1645 1316 ii
1672 1289 1754 1317 modo

959 1338 1006 1372 qui
1019 1337 1144 1365 civitates
1158 1337 1325 1368 incolebant,
1345 1336 1391 1363 sed
1405 1337 1488 1363 etiam
1513 1336 1532 1362 ii
1561 1336 1608 1370 qui
1622 1336 1650 1362 in
1672 1344 1754 1371 agro-

960 1392 1022 1412 rum
1038 1391 1070 1412 ac
1087 1389 1165 1411 terra!
1182 1384 1288 1411 cultura
1314 1383 1503 1413 versabantur,
1526 1390 1583 1409 rem
1606 1382 1754 1410 militarem

957 1431 1014 1466 jam
1027 1430 1090 1458 inde
1104 1438 1119 1457 a
1132 1430 1225 1465 pueris
1239 1429 1421 1462 addiscereut,
1442 1429 1603 1464 gladiosque
1615 1429 1754 1456 continen-

960 1481 1011 1508 ter,
1033 1483 1066 1504 ac
1079 1476 1160 1511 vulgo
1175 1483 1223 1511 per
1233 1475 1291 1503 vias
1308 1475 1442 1511 publicas,
1466 1482 1562 1509 pagos,
1579 1482 1715 1510 agrosque
1726 1479 1754 1502 et

63 1521 126 1556 λεμεῖν
139 1531 146 1546 ι
159 1521 176 1555 ),
196 1518 372 1547 ἀκόλουθα
401 1518 491 1548 ταῖς
518 1516 709 1551 προρρήσεσιν
733 1514 910 1549 ἐπηκολούθει

964 1530 1024 1549 rura
1035 1526 1183 1557 gestarent.
1200 1521 1236 1549 At
1249 1528 1313 1549 vero
1329 1528 1393 1548 cum
1415 1528 1475 1548 sese
1494 1520 1614 1555 primum
1625 1520 1753 1548 Christus

62 1567 151 1603 τᾶἔργα,
160 1568 242 1594 πᾶσα
257 1567 321 1602 μὲν
342 1563 487 1592 αὐτίκα
504 1562 670 1597 περιῃρεῖτο
679 1561 831 1596 πολυαρχία
843 1562 910 1587 Ῥω-

63 1612 323 1649 gemmam-:9»
363 1610 466 1637 κατὰ
498 1608 535 1634 τὸ
562 1607 629 1634 αὐτὸ
654 1608 687 1643 τῇ
710 1607 757 1633 τοῦ
784 1607 911 1642 Σωτῆρος

62 1659 117 1693 ἡμῶν
128 1658 279 1693 ἐπιφανείᾳ
307 1654 605 1692 μοναρχήσαντος.
626 1652 671 1684 Ἐξ
687 1651 792 1678 ἐκείνου
814 1651 842 1678 δὲ
862 1652 910 1678 καὶ

63 1705 90 1736 εξ
105 1704 168 1738 δεῦρο
182 1704 240 1730 οὐκ
261 1703 304 1729 ἂν
331 1702 438 1732 ἴδοις,
466 1699 516 1730 ὡς
541 1697 574 1724 τὺ
598 1698 674 1733 πρὶν,
697 1697 789 1730 πόλεις
813 1698 909 1725 πόλεσι

63 1750 214 1786 πολεμήσας,
238 1749 307 1775 οὐδ’
329 1747 438 1778 ἔθνος
467 1744 555 1771 ἔθνει
575 1743 787 1779 διαμαχόμενον,
805 1744 864 1770 οὺδέ
878 1752 909 1778 γε

62 1797 93 1822 τὴν
109 1796 155 1831 βίον
172 1797 203 1821 ὲν
224 1794 321 1829 πᾶα-ῃ
353 1794 531 1826 συγχύσει
551 1789 793 1825 κατατριϐόμενον.
812 1789 909 1816 Καίτοι

114 1845 156 1870 οὒκ
169 1843 253 1875 ἄξιον
284 1839 492 1874 θαυμάζειν
519 1836 735 1871 ἐπιστήσαντας,
751 1835 777 1862 τί
793 1835 824 1871 δή
844 1844 910 1862 ποτε

64 1890 84 1916 τὸ
96 1889 135 1925 μὲν
147 1888 295 1919 παλαιὸν,
313 1887 374 1912 ὅτε
397 1884 472 1911 τῶν
494 1882 587 1909 ὲθνῶν
603 1882 732 1909 ἁπάντων
745 1882 911 1918 κατετυράν-

65 1923 108 1962 ναν
120 1937 141 1962 οἱ
152 1935 311 1970 δαίμονες,
328 1932 394 1959 καὶ
415 1929 524 1964 πολλή
541 1937 584 1960 τις
598 1926 631 1964 ἧν
645 1923 797 1965 ἀνθρώπων
811 1929 827 1964 ἡ
844 1928 910 1964 περὶ

66 1981 139 2012 imit;
146 1979 309 2014 Θεραπεία,
324 1977 415 2012 πρὸς
426 1973 538 2001 αὐτῶν
548 1973 603 1999 τῶν
611 1973 679 2000 θεῶν
691 1973 910 2009 ὲξοιστρούμενοι

66 2028 100 2053 ἐπὶ
109 2027 164 2057 τοὺς
176 2025 246 2052 κατ’
263 2023 426 2058 ἀλλήλων
441 2020 496 2053 iis
503 2019 631 2055 μαίνοντο
642 2018 787 2054 πολέμους·
801 2019 839 2051 ὡς
849 2018 910 2046 τοτὲ

69 2073 107 2107 μὲν
125 2073 263 2106 Ἕλληνας
299 2070 423 2099 αὐτοῖς
456 2065 592 2100 Ἕλλησι,
615 2065 676 2092 τοτὲ
698 2065 727 2091 δὲ
747 2065 912 2099 Αἰγυπτίους

69 2119 224 2152 arpi-nim;
244 2117 303 2143 καὶ
325 2115 461 2149 Σύρους
488 2111 599 2147 Σύροις,
619 2110 773 2146 Ῥωμαίους
793 2119 823 2137 τε
842 2112 909 2138 Ῥω⁶

166 2164 328 2198 πολεμεῖν,
358 2157 632 2194 ἁνδραποδὶζεσθαί
657 2165 687 2183 τε
711 2156 844 2192 ἀλλήλους
865 2157 912 2184 καὶ

399 2204 604 2239 πολιορκίαις,
632 2203 776 2239 ὡσπεροῦν
798 2204 826 2230 αἱ
847 2204 913 2240 περὶ

70 2164 146 2197 alim;

71 2210 242 2244 ιατατμὺχειν
268 2210 323 2234 ταῖ
329 2216 345 2239 ς

72 2259 159 2284 πᾷςων
178 2256 303 2292 δηλοῦσι
327 2254 398 2280 τῶν
428 2251 561 2278 παλαιῶν
586 2251 722 2286 ἱστορίαι·
748 2250 807 2285 ἃμα
825 2250 855 2276 δὲ
877 2251 910 2286 τῇ

78 2302 113 2328 τῶ
130 2302 264 2337 Σωτῆρος
291 2299 391 2335 ἡμῶν
421 2295 614 2332 εὐσεϐεστάτῃ
639 2296 685 2322 καὶ
711 2296 912 2332 εἰρηνικωτάτῃ

80 2348 254 2383 muniri?”
278 2347 337 2381 τῆς
371 2344 432 2380 μὲν
464 2342 598 2368 πολυθὲου
624 2341 729 2377 πλάνης
752 2341 912 2377 καθαίρεσις

87 2393 301 2425 ὶπετελεῖτο,τὰ
328 2392 362 2418 δὲ
390 2391 450 2425 τῆς
471 2388 528 2414 τῶν
548 2388 633 2414 ἐθνῶν
651 2388 817 2419 διαστάσεως
844 2387 913 2414 παῦ-

92 2439 139 2465 )αν
155 2440 254 2466 αὐτίκα
267 2436 410 2464 παλαιῶν
428 2433 525 2461 κακῶν
538 2433 731 2469 ἀπελάμϐανεν
741 2442 748 2465 ;
760 2433 775 2459 ὃ
794 2434 841 2460 καὶ
858 2433 912 2468 μά-

95 2485 173 2511 iam
184 2485 316 2520 μέγιστον
335 2481 417 2518 ἡγοῦ
423 2490 474 2516 μαι
491 2482 640 2516 τεκμήριον
652 2481 797 2515 τυγχάνειν
807 2480 857 2515 τῆς
868 2480 912 2506 ὲν-

98 2529 157 2555 ῠὲαυ
183 2530 228 2556 καὶ
245 2528 421 2564 ﬁmoﬁmo
447 2525 590 2560 δυνάμεως
610 2524 657 2551 τοῦ
681 2524 808 2559 Σωτῆρος
821 2524 911 2560 ἡμῶν.

100 2573 154 2607 Γῆς
167 2574 190 2600 δ’
204 2575 237 2600 ὲκ
251 2573 309 2600 τῶν
326 2571 419 2599 αὐτοῦ
439 2571 530 2605 λόγων
543 2570 763 2606 προφαινομένης
778 2570 911 2604 ὠφελείας

95 2618 198 2652 δεῖγμα
215 2617 334 2653 ἐναργὲς
351 2616 426 2647 ἴδοις
440 2615 485 2647 ἂν,
504 2615 665 2650 ἐπιστήσας,
678 2615 716 2646 ὡς
735 2614 796 2641 οὐδὲ
816 2614 912 2641 ἄλλοτέ

95 2671 140 2689 πω
167 2664 198 2697 ἐξ
220 2664 332 2695 αἰῶνος,
353 2662 415 2689 οὐδ’
430 2661 573 2692 ὑπό·τινος
594 2660 648 2687 τῶν
662 2660 747 2687 πάλαι
761 2660 909 2695 διαφανῶν,

95 2710 129 2734 ἐι
150 2710 242 2745 μόνων
261 2710 292 2736 δὲ
308 2709 367 2735 τῶν
380 2707 468 2734 αὑτοῦ
489 2706 599 2742 φωνῶν,
617 2706 666 2733 καὶ
685 2707 735 2742 τῆς
749 2706 801 2733 ἀνὰ
819 2707 911 2733 πᾶσαν

97 2756 149 2789 τὴν
180 2755 348 2790 οἰκουμένην
370 2753 546 2788 διαδοθείσης
568 2752 740 2785 διδασκαλίας
765 2752 858 2785 αὑτοῦ,
878 2750 910 2780 εὖ

141 2866 168 2882 ⁸·
190 2868 238 2893 lsa.
259 2874 287 2899 ιι,
306 2866 332 2893 ὦ.

959 1567 1124 1595 ostendisset
1138 1567 1183 1602 (de
1197 1574 1252 1602 quo
1265 1566 1403 1601 propheta:
1415 1565 1480 1592 olim
1501 1565 1552 1592 ista
1572 1565 1729 1593 cecinerant
1744 1574 1750 1592 ε

964 1621 973 1638 α
988 1612 1099 1640 Orietur
1109 1612 1136 1639 in
1154 1612 1251 1639 diebus
1270 1612 1355 1646 ipsius
1365 1611 1473 1646 justitia
1487 1615 1514 1638 et
1536 1611 1682 1638 multitudo
1704 1618 1754 1646 pa<

958 1658 999 1686 cis
1020 1667 1027 1685 :
1050 1662 1078 1685 et
1089 1657 1364 1693 conﬂabuntgladios
1378 1665 1443 1685 suos
1460 1658 1487 1684 in
1507 1665 1644 1689 vomeres,
1659 1661 1686 1684 et
1695 1657 1754 1683 lan-

961 1713 1025 1733 ceas
1038 1712 1106 1733 suas
1125 1705 1151 1731 in
1166 1703 1261 1737 falces,
1274 1711 1328 1731 non
1345 1708 1436 1730 sumet
1450 1711 1516 1737 gens
1531 1703 1663 1730 adversus
1689 1710 1754 1737 gen-

959 1754 1013 1777 tem
1046 1748 1177 1783 gladium,
1198 1755 1249 1775 nec
1264 1748 1370 1775 discent
1408 1748 1526 1783 amplius
1548 1748 1650 1775 bellum
1676 1755 1754 1782 gere-

958 1802 989 1822 re
1017 1794 1038 1810 “
1066 1794 1112 1829 ι),
1138 1793 1314 1821 oraculorum
1339 1793 1482 1820 veritatem
1509 1793 1640 1820 continuo
1661 1800 1753 1820 rerum

958 1840 1049 1868 exitus
1058 1839 1256 1874 comprobavit.
1276 1838 1383 1866 Etenim
1399 1839 1541 1874 multiplex
1553 1839 1598 1866 ille
1612 1839 1753 1866 Romano-

958 1895 1020 1913 rum
1034 1886 1204 1922 principatus
1224 1885 1298 1912 illico
1320 1885 1444 1913 sublatus
1455 1890 1497 1912 est
1509 1893 1590 1918 ,cum
1612 1886 1753 1920 Augustus

960 1934 1011 1961 sub
1023 1933 1113 1968 ipsum
1149 1932 1237 1959 nostri
1252 1931 1407 1958 Servatoris
1440 1932 1585 1958 adventum
1614 1939 1751 1958 summam

959 1987 1051 2007 rerum
1083 1986 1155 2006 unus
1176 1977 1336 2012 accepisset.
1359 1976 1398 2003 Ex
1417 1984 1451 2003 co
1481 1984 1546 2004 vero
1569 1981 1693 2011 tempore
1719 1976 1754 2003 ad

959 2030 1066 2053 aetatem
1083 2032 1169 2059 usque
1184 2028 1318 2057 nostram,
1342 2022 1469 2050 civitates
1490 2026 1521 2050 ut
1541 2026 1621 2049 antea
1638 2030 1700 2049 cum
1716 2022 1754 2050 ci-

959 2071 1091 2099 vitatibus
1106 2070 1279 2102 dimicantes,
1296 2070 1469 2104 populosque
1482 2075 1544 2096 cum
1556 2068 1664 2103 populis
1679 2075 1754 2094 com-

960 2118 1072 2150 missos,
1086 2116 1228 2143 hominum
1257 2115 1376 2150 denique
1398 2116 1482 2142 vitam
1513 2122 1604 2141 rerum
1630 2114 1753 2141 omnium

964 2162 1168 2197 perturbatione
1204 2161 1350 2189 contritam
1375 2168 1457 2188 nemo
1488 2161 1566 2187 vidit.
1595 2159 1662 2192 Quis
1690 2167 1753 2194 ergo

929 2212 948 2238 D
963 2217 1017 2236 non
1027 2209 1087 2243 jure
1099 2208 1224 2240 miretur,
1239 2207 1262 2235 si
1293 2207 1437 2238 diligenter
1461 2214 1554 2234 secum
1572 2206 1629 2240 ipse
1640 2206 1751 2241 cogitet,

960 2255 1026 2289 quid
1039 2262 1131 2282 causa:
1141 2253 1234 2286 fuerit,
1248 2253 1427 2288 quamobrem
1440 2252 1566 2280 homines
1591 2253 1667 2285 olim,
1693 2259 1749 2287 quo

961 2306 1083 2336 tempore
1106 2305 1200 2335 gentes
1225 2300 1369 2327 universas
1380 2300 1519 2326 daemones
1540 2299 1683 2334 tyrannide
1703 2305 1752 2333 op-

961 2355 1071 2382 pressas
1089 2346 1228 2379 tenebant,
1243 2350 1270 2374 et
1282 2354 1390 2374 summo
1419 2346 1525 2374 cunctis
1552 2353 1567 2372 a
1591 2345 1752 2372 mortalibus

962 2394 1037 2421 cultu
1057 2393 1274 2426 celebrabantur,
1291 2392 1405 2420 deorum
1418 2392 1539 2426 ipsorum
1550 2395 1635 2418 (nstro
1649 2390 1751 2425 percit.

960 2444 992 2467 In
1000 2443 1095 2466 mutua
1116 2438 1186 2465 bella
1203 2438 1308 2465 furioso
1319 2437 1438 2472 quodam
1457 2437 1559 2471 impetu
1574 2436 1704 2463 ruerent:
1717 2435 1756 2462 sic

963 2490 994 2513 ut
1004 2485 1084 2512 modo
1100 2484 1185 2512 (Ξτωεί
1195 2492 1256 2512 cum
1270 2484 1382 2517 Graecis,
1393 2483 1475 2511 modo
1487 2490 1548 2510 cum
1558 2481 1691 2517 Aﬁgpriis
1705 2480 1755 2507 ᾹΞ-

963 2532 1046 2568 gyptii
1074 2532 1123 2566 ιι
1140 2551 1146 2563 ,
1164 2531 1225 2566 Syri
1240 2538 1302 2558 cum
1318 2530 1395 2566 Syris
1408 2550 1416 2563 ,
1443 2537 1506 2557 cum
1523 2528 1653 2556 Romanis
1672 2527 1749 2554 deni-

963 2581 1017 2614 que
1030 2578 1145 2605 Romani
1165 2579 1215 2613 ipsi
1229 2578 1300 2605 bella
1313 2577 1494 2612 susciperent,
1506 2575 1606 2610 aliique
1629 2573 1750 2601 vicissim

964 2625 1033 2652 alios
1048 2625 1091 2652 vel
1102 2624 1130 2651 in
1145 2624 1303 2651 servitutem
1315 2623 1492 2652 abducerent,
1504 2621 1547 2647 vel
1561 2618 1750 2646 obsidionibus

964 2672 1139 2703 conficerent,
1158 2669 1386 2706 quemadmodum
1401 2673 1507 2694 veteres
1521 2665 1630 2692 illorum
1648 2668 1748 2698 tempo.

965 2726 1025 2745 rum
1044 2717 1166 2744 historiis
1188 2716 1377 2750 consignatum
1403 2720 1435 2739 ac
1452 2715 1579 2739 testatum
1606 2709 1752 2744 reliquere;

965 2768 995 2789 ut
1023 2764 1141 2799 primum
1163 2768 1253 2790 autem
1275 2760 1479 2796 religiosissima
1501 2757 1632 2792 pacisque
1654 2762 1750 2783 aman-
