3798 6220
435 241 508 298 39
1075 239 1349 298 EUSEBll
1400 235 1885 297 CESARIE‘NSIS
1923 234 2075 291 OPP.
2115 233 2297 288 PARS
2335 232 2398 288 Ii.
2441 265 2509 274 —
2552 233 3056 292 APOLOGETICA.
3680 244 3754 298 ,ιο

439 361 652 417 tissima
701 359 1010 416 Servatoris
1050 361 1224 417 nostri
1264 359 1514 415 doctrina
1561 356 1866 420 increbuit,
1914 371 2010 410 nor

2176 352 2194 404 ι
2226 351 2402 406 πάντα
2435 350 2545 406 τῶν
2589 351 2760 407 ἐθνῶν
2806 353 3013 425 νόμιμα
3041 356 3242 419 κεῖται,
3275 354 3415 410 αὐτά
3439 358 3644 414 ἐκεῖνα
3680 359 3752 417 τὰ

442 455 536 512 ille
566 461 780 508 tantum
811 463 967 509 errOr
994 494 1010 518 ,
1045 454 1139 524 qui
1171 454 1399 508 deorum
1445 450 1850 506 multitudinem
1884 449 2034 505 inve-

441 544 627 608 hebat,
662 543 913 599 funditus
950 546 1230 599 tolleretur
1261 563 1275 610 ;
1307 560 1495 598 verum
1531 548 1695 597 etiam
1725 543 2034 611 importata:

439 635 644 692 dudum
669 651 764 707 per
790 636 892 691 ista
923 637 1244 705 populorum
1271 635 1496 689 dissidia
1543 633 1888 688 calamitates
1938 649 2032 688 su-

438 729 554 784 bito
608 730 1100 800 conquiescerem?
1161 729 1428 799 Equidem
1483 729 1538 783 id
1587 729 1674 783 vel
1731 727 2030 782 maximum

438 823 676 879 arbitror
725 824 924 878 divinas
980 838 1310 893 arcanazque
1370 820 1679 877 Servatoris
1719 821 1890 876 nostri
1937 834 2035 890 po-

438 917 653 971 testatis
708 924 1113 986 argumentum.
1149 915 1302 972 illius
1350 925 1530 970 autem
1582 912 1832 967 utilitatis
1862 951 1878 976 ,
1912 927 2034 981 quae

437 1009 616 1078 palam
681 1009 946 1063 doctrina:
1017 1008 1183 1080 hujus
1245 1007 1688 1080 praedicationem
1737 1013 2033 1061 consecuta

441 1107 560 1161 οδε,
612 1112 785 1152 ουινιε
837 1114 950 1152 rem
1003 1115 1184 1152 secum
1233 1107 1437 1152 attente
1493 1109 1766 1166 reputanti
1806 1115 2016 1153 marum

445 1190 552 1246 hoc
592 1190 646 1244 in
697 1191 888 1258 primis
917 1202 970 1244 et
1016 1190 1220 1243 illustre
1255 1191 1529 1256 Specimen
1565 1189 1767 1244 intueri
1805 1190 1965 1244 licvat
2002 1209 2016 1247 :

436 1277 583 1348 quod
610 1293 712 1332 nec
735 1279 873 1333 alias
898 1295 1137 1348 unquam
1163 1295 1227 1335 ex
1248 1280 1401 1334 omni
1429 1277 1715 1334 hominum
1741 1279 2028 1344 memoria,

433 1384 538 1424 nec
567 1369 637 1423 ab
678 1384 868 1423 eorum
906 1369 1019 1424 ullo
1040 1413 1055 1437 ,
1089 1371 1183 1440 qui
1213 1369 1359 1425 fama
1391 1370 1668 1440 quondam
1707 1370 1946 1426 nominis
1977 1380 2032 1426 et

433 1463 842 1517 existimatione
868 1462 1172 1517 ﬂoruerunt
1201 1477 1216 1516 :
1256 1463 1351 1518 sed
1386 1471 1598 1516 tantum
1624 1477 1692 1516 ex
1721 1479 1832 1533 quo
1857 1463 2029 1533 ipsius

434 1554 700 1610 doctrina:
745 1570 841 1625 per
891 1555 1207 1609 universum
1261 1555 1450 1609 orbem
1502 1553 1716 1611 diﬂ‘usae
1757 1557 1941 1612 verbis
1975 1567 2030 1613 et

435 1646 798 1701 concionibus
830 1646 1111 1701 hominum
1156 1661 1320 1701 aures
1352 1645 1524 1700 ali-lari
1556 1662 1770 1718 coepere
1795 1687 1810 1712 ,
1850 1650 2028 1704 conti-

436 1752 548 1792 nuo
594 1735 795 1791 factum
832 1736 923 1801 sit,
973 1745 1033 1789 ut
1059 1735 1155 1805 qui
1191 1734 1352 1790 ferini
1384 1735 1536 1806 prius
1583 1752 1646 1792 ac
1675 1738 1894 1794 barbari
1922 1755 2025 1794 na-

434 1828 646 1884 tionum
676 1827 923 1883 omnium
956 1843 1137 1882 mores
1161 1827 1409 1893 fuerant,
1440 1829 1602 1884 iidem
1631 1830 1931 1887 lenioribus
1970 1841 2025 1887 et

435 1920 858 1976 humanioribus
901 1917 1167 1973 institutis
1199 1928 1671 1975 mansucscerent.
1702 1915 1892 1991 Itaque
1923 1939 2024 1979 nec

432 2011 634 2075 Persae,
675 2013 768 2081 qui
805 2012 972 2067 semel
1003 2013 1123 2081 ejus
1151 2011 1459 2083 disciplina:
1492 2031 1691 2072 nomen
1721 2019 2020 2086 dederunt,

432 2106 652 2176 nuptias
683 2104 919 2174 amplius
943 2118 1066 2158 cum
1094 2105 1360 2160 matribus
1387 2106 1613 2163 ineunt:
1655 2125 1755 2164 nec
1785 2108 2020 2181 Scythae,

431 2197 580 2269 quod
637 2197 692 2251 in
739 2213 932 2252 eorum
983 2214 1204 2268 quoque
1251 2199 1529 2269 regionem
1585 2200 1791 2257 Christi
1840 2218 2022 2260 sermo

431 2288 774 2358 penetrarit,
827 2287 1076 2356 phumana
1137 2289 1249 2362 jam
1301 2305 1466 2345 carne
1531 2301 1872 2360 pascuntur;
1919 2309 2020 2350 nec

429 2378 537 2433 alia
576 2379 941 2434 barbarorum
975 2395 1174 2450 genera
1227 2381 1436 2436 incesto
1485 2381 1720 2437 til'iarum
1768 2399 1832 2439 ac
1859 2400 2016 2440 soro-

428 2486 554 2526 rum
600 2472 893 2526 concubitu
939 2474 1302 2542 polluuntur:
1337 2490 1438 2530 nec
1471 2475 1540 2529 ad
1585 2491 1765 2532 mares
1806 2476 2017 2534 furioso

432 2561 678 2616 libidinis
717 2570 853 2616 aestu
889 2577 1070 2618 mares
1104 2563 1205 2633 ipsi
1243 2564 1537 2633 rapiuntur
1559 2602 1577 2629 ,
1607 2579 1708 2620 nec
1755 2575 1978 2623 caeteras
1999 2605 2014 2632 ,

427 2668 554 2724 quae
583 2661 796 2708 natura:
823 2654 968 2725 leges
998 2654 1234 2721 violant,
1269 2656 1518 2726 corporis
1549 2656 1856 2728 voluptates
1895 2675 2019 2729 per-

427 2754 776 2816 sequuntur,
823 2761 926 2801 nec
973 2747 1202 2803 canibus
1247 2756 1414 2818 atque
1459 2749 1774 2806 volucribus
1824 2767 2016 2808 neces-

426 2838 702 2892 sariorum
733 2853 798 2892 ac
841 2839 1272 2909 propinquorum
1305 2855 1531 2896 suorum
1561 2842 1847 2913 cadavera,
1886 2845 2012 2915 qui-

427 2929 532 2984 bus
581 2929 635 2984 id
669 2930 944 3000 quondam
997 2933 1055 2986 in
1097 2948 1250 2988 more
1301 2933 1521 3003 fuerat,
1555 2936 1860 3006 objiciunt:
1911 2955 2015 2995 nec

2137 442 2268 514 πρὶν
2297 443 2534 515 θηριώδη
2576 444 2669 498 καὶ
2704 443 2976 517 βάρϐαρα.
3024 447 3111 510 Ὡς
3145 447 3345 520 μηκέτι
3378 449 3610 522 Πέρσας
3645 469 3749 524 μη-

2134 538 2452 607 τρογαμεῖν,
2483 537 2611 599 τοὺς
2651 536 2799 607 αὑτῷ
2830 537 3270 609 μαθητευθέντας
3291 557 3306 571 ·
3344 541 3465 614 μηδ’
3529 543 3752 616 ἀνθρω-

2136 627 2388 699 ποϐορεῖν
2419 627 2632 692 Σκύθας
2659 629 2744 683 διὰ
2775 630 2866 683 τὸν
2896 631 2988 683 καὶ
3039 631 3234 704 μέχρις
3275 633 3455 688 αὐτῶν
3508 635 3748 689 ἐλθόντα

2133 719 2224 772 τὸν
2260 719 2497 791 Χριστοῦ
2538 720 2715 789 λόγον,
2763 721 2895 793 μηδὲ
2935 722 3068 776 ἄλλα
3120 724 3251 796 γένη
3302 725 3612 798 βαρϐάρων
3654 731 3746 781 ἐκ-

2136 809 2355 881 θέσμως
2415 809 2718 882 θυγατράσι
2791 811 2884 864 καὶ
2929 811 3186 882 ἀδελφαῖς
3235 813 3555 884 μίγνυσθαι.
3603 815 3748 887 Μηδ’

2134 899 2372 973 ἄρρενας
2411 899 2638 972 ἄρρεσιν
2669 902 3074 973 ἐπιμαίνεσθαι,
3107 905 3201 958 καὶ
3238 905 3337 970 τὰς
3379 907 3536 978 παρά
3581 907 3745 978 φύσιν

2132 992 2329 1065 ἡδονὰς
2356 994 2598 1064 μετιέναι
2619 1011 2631 1025 ·
2668 995 2801 1067 μηδὲ
2831 997 2958 1050 κυσὶ
2988 998 3082 1050 καὶ
3101 999 3317 1062 οἰωνοῖς
3341 1001 3469 1064 τοὺς
3493 1000 3743 1065 οίκείους

2133 1085 2363 1155 νεκροὺς
2408 1085 2722 1156 προτιθέναι
2771 1089 2898 1152 τοὺς
2942 1088 3110 1142 πάλαι
3153 1089 3313 1143 τοῦτο
3361 1091 3738 1163 πράττοντας,

2137 1177 2257 1249 μηδ’
2286 1178 2493 1252 ἀγχόνῃ
2525 1181 2652 1244 τοὺς
2679 1182 3078 1253 γεγηρακότας,
3099 1182 3298 1256 ὥσπερ
3326 1180 3394 1256 ἦν
3438 1185 3738 1258 πρότερον,

2133 1271 2467 1326 ἐπιϐάλλεινο
2523 1273 2656 1345 μηδὲ
2685 1274 2893 1345 σάρκας
2921 1276 3130 1349 νεκρῶν
3158 1277 3265 1331 τῶν
3295 1276 3575 1347 φιλτάτων
3597 1280 3741 1334 κατά

2130 1363 2192 1417 τὸ
2232 1364 2458 1418 παλαιὸν
2505 1365 2626 1430 ἔθος
2667 1365 2944 1421 θοινᾶσθαι
2967 1385 2980 1398 ⁸
3017 1369 3140 1440 μηδ’
3171 1368 3626 1441 ἀνθρωποθυτεῖν
3663 1372 3738 1436 ὡς

2131 1455 2274 1520 θεοῖς
2302 1461 2415 1522 τοῖς
2439 1456 2656 1529 δαίμοσι
2683 1456 2823 1512 κατά
2851 1460 2980 1524 τοὺς
3011 1461 3293 1526 παλαιοὺς,
3329 1463 3464 1535 μηδὲ
3492 1463 3572 1516 τά
3617 1463 3738 1533 φίλ-

2129 1567 2269 1603 τατα
2311 1550 2712 1620 κατασφάττειν
2752 1551 3036 1616 εὐσεϐείας
3067 1553 3352 1626 ὑπολήψει.
3399 1555 3596 1609 Ταῦτα
3627 1555 3736 1626 γὰρ

2129 1637 2198 1714 ἦν
2229 1643 2325 1697 καὶ
2355 1643 2590 1714 συγγενῆ
2619 1643 2830 1708 τούτοις
2861 1645 3034 1716 μυρία
3059 1645 3130 1699 τά
3161 1645 3334 1700 πάλαι
3361 1647 3450 1700 τὸν
3479 1647 3598 1702 τῶν
3636 1650 3733 1703 ἀν-

2129 1732 2361 1806 θρώπων
2398 1735 2511 1806 βίον
2548 1734 2936 1807 λυμαινόμενα.
2979 1737 3338 1809 Ἱστοροῦνται
3363 1740 3734 1810 Μασσαγέται

2126 1826 2222 1879 καὶ
2250 1825 2514 1898 Δέρϐικες
2537 1825 2900 1893 ἀθλιωτάτους
2924 1830 3175 1900 ἡγεῖσθαι
3201 1830 3309 1883 τῶν
3341 1831 3567 1886 οἰκείων
3600 1833 3732 1896 τοὺς

2125 1918 2451 1989 αὐτομάτως
2486 1917 2932 1990 τελευτήσαντας.
2968 1921 3059 1974 Διὸ
3091 1921 3185 1975 καὶ
3219 1920 3529 1992 φθάσαντες
3595 1941 3731 1976 κατ-

2124 2009 2300 2075 έθυον,
2321 2010 2416 2063 καὶ
2447 2010 2726 2064 εἱστιῶντο
2751 2011 2859 2065 τῶν
2877 2011 3145 2082 φιλτάτων
3161 2013 3288 2077 τοὺς
3316 2014 3729 2085 παρακμάσαν-

2120 2119 2241 2165 τας.
2269 2101 2494 2173 Τιϐαροὶ
2619 2102 2674 2154 δὲ
2705 2102 2912 2166 ζῶντας
2941 2102 3379 2175 κατεκρήμνιζον
3399 2105 3532 2170 τοὺς
3563 2107 3725 2174 ἐγγυ-

2119 2195 2267 2249 τάτω
2288 2195 2570 2266 γέροντας.
2611 2195 2868 2266 Ὑρκανοὶ
2891 2195 2949 2248 δὲ
2978 2197 3074 2249 καὶ
3101 2197 3363 2265 Κάσπιοι,
3393 2198 3444 2250 οἱ
3473 2198 3577 2269 μὲν
3607 2199 3725 2251 οίωο

2120 2288 2233 2348 νοῖς
2279 2287 2372 2339 καὶ
2400 2285 2528 2338 κυσὶ
2568 2285 2908 2357 παρέϐαλλον
2951 2285 3180 2352 ζῶντας,
3222 2288 3274 2341 οἱ
3303 2287 3360 2341 δὲ
3389 2287 3718 2350 τεθνεῶτας.

2120 2375 2326 2429 Σκύθαι
2367 2374 2423 2430 δὲ
2468 2377 2921 2450 συγκατώρυττον
2969 2377 3199 2443 ζῶντας,
3227 2381 3320 2433 καὶ
3367 2380 3718 2450 ἐπέσφαττον

2118 2470 2240 2531 ταῖς
2267 2471 2470 2538 πυραῖς
2507 2467 2601 2532 οὒς
2631 2469 2861 2538 ἠγάπων
2891 2472 2940 2523 oi
2981 2469 3280 2534 τεθνεῶτες
3311 2471 3575 2542 μάλιστα.
3608 2473 3719 2525 Καὶ

2121 2559 2378 2632 Βάκτριοι
2426 2559 2536 2631 (10)
2585 2560 2642 2613 δὲ
2671 2563 2782 2625 τοῖς
2816 2562 2944 2614 κυσὶ
2975 2561 3312 2634 παρέϐαλλον
3347 2561 3560 2628 ζῶντας
3588 2564 3718 2626 τοὺς

2117 2651 2399 2724 γέροντας.
2445 2651 2603 2706 Ἀλλά
2641 2652 2816 2706 ταῦτα
2847 2653 2944 2723 μὲν
2977 2652 3144 2706 πάλαι
3170 2649 3238 2724 ἦν
3275 2654 3563 2726 πρότερον,
3598 2657 3717 2708 νυνὶ

2115 2745 2173 2798 δὲ
2199 2744 2380 2799 οὐκέθ’
2409 2746 2611 2816 ὁμοίως
2664 2745 2833 2812 ἐστὶν,
2866 2745 2984 2810 ἐνὸς
3002 2745 3096 2798 τοῦ
3130 2747 3397 2818 σωτηρίου
3418 2747 3588 2818 νόμου
3613 2749 3712 2816 τῆς

2121 2836 2489 2908 εὐαγγελικῆς
2517 2835 2798 2907 δυνάμεως
2825 2835 2923 2906 τὴν
2951 2835 3190 2908 θηριώδη
3218 2838 3312 2890 καὶ
3339 2837 3714 2910 ἀπάνθρωπον

2115 2931 2320 2982 τούτων
2341 2929 2476 2981 ὅλων
2505 2927 2907 2990 καταλύσαντος
2934 2928 3105 2980 νόσον.
3138 2928 3211 2980 Τὸ
3238 2928 3296 2982 δὲ
3331 2929 3529 2999 μηκέτι
3553 2929 3715 2992 θεοῖις

426 3021 581 3076 senio
601 3023 714 3089 jam
739 3021 1028 3090 confectis,
1059 3033 1120 3078 ut
1141 3035 1318 3093 antea,
1352 3028 1578 3097 laqueos
1610 3029 1882 3099 injiciunt,
1911 3048 2010 3088 nec

2176 3023 2372 3090 (sici-0m
2419 3021 2539 3092 ἦτοι
2589 3019 2657 3073 τὰ
2703 3017 2871 3091 νεκρά
2901 3019 2995 3072 καὶ
3023 3017 3182 3088 κωφὰ
3212 3017 3394 3086 ξόανα,
3426 3020 3459 3091 ἢ
3488 3022 3623 3086 τοὺς
3656 3023 3713 3073 ἐν

425 3112 530 3166 sibi
564 3112 1028 3167 amicissimorum
1061 3129 1229 3170 carne
1258 3125 1382 3186 post
1412 3119 1620 3173 obitum
1651 3120 1877 3191 antiquo
1906 3124 2014 3178 ritu

426 3203 783 3271 saginantur:
817 3221 917 3260 nec
944 3206 1212 3276 majorum
1248 3207 1501 3264 instituto
1529 3210 1871 3268 daemonibus
1901 3224 2016 3268 tan-

424 3306 589 3362 quam
638 3294 743 3349 diis
777 3295 1025 3351 homines
1053 3297 1381 3367 immolant,
1421 3315 1524 3355 nec
1555 3302 1661 3356 sibi
1695 3304 2014 3360 carissimos

421 3385 676 3456 jugulant
714 3385 853 3442 falsa
884 3388 1103 3458 pietatis
1147 3391 1406 3460 opinione
1433 3393 1632 3449 delusi.
1680 3394 1806 3450 Ηιεο
1847 3397 2014 3452 nimi-

423 3492 547 3530 rum
597 3477 687 3532 illa
717 3488 866 3543 sunt,
899 3480 1116 3551 aliaque
1159 3481 1211 3534 id
1240 3497 1412 3552 genus
1459 3487 1852 3555 propemodum
1884 3488 2010 3542 inii-

423 3569 561 3635 nita,
596 3571 798 3640 quibus
833 3572 1031 3626 infesta
1066 3573 1344 3643 quondam
1379 3575 1666 3632 hominum
1697 3579 1809 3634 vita
1839 3579 2010 3636 habe-

422 3662 609 3717 batur.
642 3662 721 3718 Ac
759 3662 1078 3736 Massagetae
1127 3665 1348 3734 quidem
1393 3676 1556 3736 atque
1602 3667 1861 3727 Derbices
1888 3713 1902 3738 ,
1950 3683 2013 3730 ut

421 3751 780 3809 historiarum
815 3754 920 3810 ﬁde
950 3756 1228 3826 proditum
1259 3767 1375 3825 est,
1411 3761 1844 3832 propinquorum
1877 3780 2010 3822 suo-

421 3858 546 3898 rum
585 3845 748 3917 longe
778 3848 1120 3905 miserrimos
1148 3865 1245 3906 eos
1308 3852 1616 3922 putabant,
1649 3855 1744 3924 qui
1774 3861 2011 3916 naturali

420 3931 536 3988 fato
581 3949 900 4004 supremum
949 3937 1074 3992 vita:
1121 3939 1262 3994 diem
1316 3940 1628 4008 obiissent,
1673 3945 1832 4015 cujus
1883 3958 2010 4004 ante

420 4033 712 4096 propterea
738 4029 1121 4084 necessitatem
1152 4045 1504 4101 occupantes,
1543 4051 1682 4104 quos
1713 4038 2008 4094 vehemen-

419 4117 533 4172 tius
561 4117 887 4188 diligerent,
920 4135 1016 4174 eos
1045 4129 1205 4176 aetate
1248 4123 1364 4192 jam
1408 4123 1620 4181 cﬂ‘mtos
1662 4144 1770 4183 non
1805 4130 2007 4186 immo-

417 4207 607 4264 labant
639 4212 833 4274 modo,
873 4214 966 4267 sed
995 4213 1063 4269 iis
1093 4215 1258 4270 etiam
1285 4218 1444 4286 quasi
1479 4219 1804 4285 lautissimis
1831 4224 2007 4294 epulis

417 4301 733 4356 utebantur.
781 4303 852 4358 At
879 4320 1009 4360 vero
1037 4304 1294 4362 Tibareni
1321 4347 1338 4373 ,
1365 4324 1523 4365 senes
1551 4312 1788 4366 maxima
1818 4328 2004 4369 secum

2121 3112 2330 3176 τούτοις
2371 3112 2729 3184 ἐνεργοῦντας
2773 3114 3044 3183 πονηροὺς
3089 3112 3369 3183 δαίμονας,
3400 3113 3432 3185 ἢ
3463 3114 3533 3167 τὰ
3568 3116 3708 3187 μέρη

2115 3206 2210 3260 τοῦ
2241 3206 2564 3276 φαινομένου
2594 3205 2823 3276 κόσμου,
2857 3205 2890 3277 ἢ
2921 3205 3020 3268 τὰς
3047 3206 3153 3260 τῶν
3181 3207 3350 3261 πάλαι
3386 3206 3712 3278 κατοιχομέ-

2119 3296 2230 3351 νῶν
2267 3296 2477 3369 θνητῶν
2503 3296 2701 3368 ψυχὰς,
2737 3299 2770 3368 ἢ
2809 3296 2919 3351 τῶν
2966 3298 3175 3367 ἀλόγων
3205 3298 3358 3362 ζώων
3385 3299 3456 3353 τὰ
3486 3299 3708 3370 βλαπτι-

2115 3389 2364 3463 κώτερα’
2399 3391 2520 3444 ἀντὶ
2567 3391 2624 3444 δὲ
2663 3390 2870 3445 τούτων
2916 3392 3170 3447 ἀπάντων
3209 3392 3297 3446 διὰ
3326 3395 3454 3465 μιᾶς
3481 3393 3587 3464 τῆς
3613 3393 3705 3445 τοῦ

2115 3485 2369 3556 Σωτῆρος
2409 3484 2567 3556 ἡμῶν
2611 3485 2974 3557 εὐαγγελικῆς
3015 3485 3384 3551 διδασκαλίας,
3436 3485 3706 3557 Ἓλληνας

2110 3574 2248 3647 ὁμοῦ
2273 3576 2365 3629 καὶ
2391 3575 2719 3648 βαρϐάρους,
2746 3576 2876 3640 τοὺς
2903 3577 3166 3649 γνησίως,
3201 3579 3314 3631 ἀλλ’
3346 3578 3447 3632 οὐκ
3471 3579 3706 3632 ἐπιπλά·

2115 3684 2258 3732 στως
2305 3667 2472 3721 αὐτοῦ
2519 3668 2597 3739 τῷ
2633 3669 2777 3740 λόγῳ
2828 3670 3282 3741 προσανέχοντας,
3333 3672 3412 3734 είς
3452 3670 3704 3724 τοσοῦτον

2113 3760 2290 3831 ἄκρας
2313 3760 2629 3831 φιλοσοφίας
2650 3761 2846 3825 ἐλθεῖν,
2868 3761 2944 3826 ὡς
2974 3761 3132 3833 μόνον
3151 3762 3242 3816 τὸν
3266 3763 3526 3818 ἀνωτάτω
3549 3763 3700 3822 Θεὸν.

2111 3851 2272 3904 αὐτὸν
2315 3853 2522 3904 ἐκεῖνον
2549 3851 2641 3904 τὸν
2679 3851 2936 3905 ἐπέκεινα
2962 3851 3071 3905 τῶν
3098 3853 3254 3920 ὅλων,
3289 3854 3380 3907 τὸν
3425 3855 3704 3925 παμϐασι-

2111 3944 2212 3998 λέα
2241 3945 2334 3998 καὶ
2355 3944 2544 4016 κύριον
2573 3945 2802 4016 οὐρανοῦ
2832 3945 2926 3999 καὶ
2951 3945 3077 4016 γῆς,
3095 3945 3249 4017 ἡλίου
3270 3963 3329 4000 τε
3347 3947 3440 4001 καὶ
3461 3948 3699 4021 ἄστρων,

2111 4037 2205 4089 καὶ
2239 4035 2335 4089 τοῦ
2382 4036 2700 4107 σύμπαντος
2743 4037 2951 4109 κόσμου
2995 4038 3326 4110 δημιουργὸν
3371 4039 3574 4108 σέϐειν,
3612 4039 3700 4094 καὶ

2111 4128 2322 4200 ὑμνεῖν,
2367 4130 2462 4181 καὶ
2511 4128 2808 4196 θεολογεῖν·
2837 4129 2985 4199 βιοῦν
3005 4148 3064 4184 τε
3109 4131 3353 4202 ἀκριϐῶς
3384 4131 3526 4185 οὑτω
3565 4148 3699 4204 μαν-

2111 4219 2314 4284 θάνειν,
2355 4221 2432 4284 ὼς
2470 4221 2632 4292 μέχρι
2673 4222 2768 4274 καὶ
2802 4221 2899 4274 τοῦ
2927 4221 3222 4293 ἐμϐλέπειν
3262 4226 3376 4287 τοῖς
3405 4223 3700 4296 ὀφθαλμοῖς

2112 4313 2599 4383 παιδαγωγεῖσθαι,
2649 4315 2742 4367 καὶ
2787 4315 2950 4386 μηδὲν
2998 4315 3293 4369 ἀκόλαστον
3334 4317 3399 4369 ἐκ
3439 4315 3534 4370 τοῦ
3585 4315 3698 4389 μετ’

417 4391 680 4448 aliinitate
701 4394 1027 4463 conjunctos
1045 4397 1352 4468 prmcipites
1376 4415 1568 4470 agere:
1595 4400 1832 4473 Hyrcani
1855 4406 2009 4462 vivos

2176 4405 2408 4478 τιθυμίας
2444 4408 2597 4478 ὁρᾷν,
2629 4409 2828 4461 ἐννοεῖν
2849 4441 2862 4464 .
2901 4407 3196 4480 πρόρριζον
3220 4409 3266 4462 δ’
3295 4407 3355 4474 ἐξ
3387 4411 3559 4483 αὐτῆς
3585 4410 3696 4465 δια-

417 4481 639 4538 eosdem
670 4499 734 4539 ac
762 4486 1054 4556 spirantes,
1083 4488 1266 4558 Caspii
1295 4490 1412 4559 jam
1442 4502 1617 4548 morte
1643 4493 1863 4550 functos
1891 4497 2008 4551 avi~

419 4572 524 4630 bus
543 4575 882 4646 canibusque
905 4593 1028 4647 qua:
1042 4583 1240 4634 mortui
1267 4596 1612 4653 summopere
1634 4585 2005 4656 adamassent,

419 4662 667 4735 ipsorum
709 4667 812 4736 12
859 4668 927 4723 ad
975 4683 1138 4738 rogos
1182 4669 1435 4742 jugulare
1461 4711 1476 4737 ,
1515 4670 1717 4730 Bactrii
1773 4676 2007 4748 denique

422 4757 671 4814 seniores
704 4761 885 4815 adhuc
930 4763 1251 4830 superstites
1299 4765 1531 4820 canibus
1565 4767 1751 4822 itidem
1793 4768 2008 4824 lanian-

418 4849 521 4906 dos
553 4852 820 4921 projicere
857 4865 1279 4912 eonsueverant.
1317 4856 1442 4913 llaac
1467 4899 1483 4924 ,
1518 4858 1740 4929 inquam
1769 4900 1785 4927 ,
1820 4863 2005 4919 omnia

422 4948 806 5016 superioribus
855 4947 962 5003 illis
1008 4951 1348 5019 temporibus
1397 4953 1828 5022 grassabantur,
1858 4971 2006 5011 nunc

423 5050 601 5094 autem
633 5040 750 5094 ﬁeri
781 5040 1008 5094 omnino
1039 5035 1276 5107 desiere,
1309 5042 1537 5098 immani
1563 5059 1628 5099 ac
1653 5045 1891 5100 belluina
1925 5057 2005 5102 tot

422 5131 692 5186 malorum
743 5141 895 5202 peste
959 5132 1218 5190 salutaris
1275 5135 1439 5191 unius
1493 5137 1820 5207 evangelicae
1866 5139 2001 5210 legis

420 5220 628 5277 viribus
657 5223 962 5294 proﬂigata.
997 5223 1118 5280 Jam
1163 5242 1294 5282 vero
1316 5268 1331 5294 ,
1360 5228 1506 5298 quod
1540 5244 1718 5301 neque
1760 5234 2000 5302 expertia

417 5316 544 5371 vitae
589 5319 864 5390 surdaque
915 5319 1244 5384 simulacra,
1295 5335 1473 5390 neque
1503 5324 1855 5380 conscelerati
1889 5326 1999 5381 dae-

418 5423 613 5466 mones
641 5426 868 5468 suarum
899 5413 954 5467 in
1001 5414 1070 5468 iis
1103 5412 1503 5485 prastigiarum
1537 5416 1648 5470 vim
1674 5428 1995 5489 exerentes,

418 5515 598 5572 neque
622 5513 804 5574 partes
839 5506 1028 5562 mundi
1070 5506 1236 5578 hujus
1266 5506 1652 5583 aspcctabilis,
1694 5526 1872 5583 neque
1902 5513 2002 5568 hoc

492 5638 568 5712 (9)
611 5645 857 5723 thapol.
899 5646 1218 5723 Existimavi
1250 5643 1704 5723 leg._Tz6_qtpqvol,
1737 5668 1900 5723 quam
1929 5653 1999 5712 le-

421 5713 658 5769 ctionem
685 5715 742 5769 in
774 5714 942 5772 Mont.
968 5729 1156 5787 postea
1188 5713 1536 5791 deprehendi.

2116 4499 2266 4562 νοίας
2291 4500 2398 4552 πᾶν
2425 4499 2650 4571 αἰσχρὸν
2673 4499 3073 4571 ὑποτέμνεσθαι
3101 4500 3272 4566 πάθος
3288 4519 3300 4532 ·
3326 4502 3500 4556 ταῦτα
3521 4503 3700 4559 πάντα

2110 4592 2231 4657 πῶς
2272 4594 2372 4646 οὐκ
2409 4592 2474 4646 ἂν
2522 4595 2637 4656 τοῖς
2681 4595 2815 4646 πᾶσι
2863 4592 3223 4663 συμϐάλλοιτο
3258 4594 3395 4666 πρὸς
3430 4593 3691 4660 εὐζωΐανς

2111 4687 2206 4740 καὶ
2233 4685 2295 4738 τὸ
2328 4685 2494 4757 μηδὲν
2522 4685 2779 4756 εὐορκίας
2803 4684 3031 4748 δεῖσθαι,
3063 4684 3258 4738 πολλοῦ
3306 4703 3369 4755 γε
3405 4686 3486 4740 δεῖ
3511 4689 3692 4758 ἐπιορ-

2109 4781 2226 4832 κεῖν
2252 4819 2267 4845 ,
2315 4776 2404 4830 διὰ
2448 4777 2510 4829 τὸ
2551 4776 2690 4847 πρὸς
2731 4774 2897 4830 αὐτοῦ
2950 4775 3239 4847 μανθάνειν
3291 4776 3425 4848 μηδὲ
3467 4777 3690 4849 ὀμνύναι

2107 4870 2266 4933 ὅλως,
2297 4871 2354 4922 ἐν
2385 4870 2519 4922 πᾶσι
2548 4868 2606 4921 δὲ
2637 4867 2887 4937 ἀψευδεῖν
2929 4869 3024 4920 καὶ
3065 4868 3369 4938 ἀληθεύειν,
3403 4870 3480 4934 ὡς
3508 4870 3693 4943 ἀρκεῖ-

2109 4963 2232 5016 σθαι
2260 4961 2339 5034 τῷ
2367 4962 2489 5025 ναὶ,
2524 4962 2618 5015 καὶ
2646 4960 2724 5032 τῷ
2749 4963 2842 5026 οὐ,
2871 4962 3074 5025 παντὸς
3101 4963 3266 5033 ὅρκου
3305 4962 3405 5034 τὴν
3436 4965 3693 5036 προαίρε-

2107 5072 2190 5109 σιν
2238 5055 2586 5128 βεϐαιοτέραν
2637 5055 3191 5127 παρασκευάζοντας;
3239 5055 3312 5109 Τὸ
3359 5057 3418 5110 δὲ
3469 5057 3592 5128 μηδ’
3637 5057 3693 5111 ἐν

2104 5147 2279 5218 ψιλοῖς
2325 5147 2614 5219 ῥηματίοις
2659 5149 2752 5201 καὶ
2795 5150 2915 5212 ταῖς
2960 5151 3166 5212 κοιναῖς
3204 5148 3442 5220 ὁμιλίαις
3473 5150 3688 5220 ἀδιαφο-

2109 5241 2247 5312 ρεῖν,
2291 5239 2766 5312 ἀκριϐολογεῖσθαι
2798 5239 2856 5293 δὲ
2885 5241 2978 5294 καὶ
3009 5242 3172 5314 μέχρι
3197 5242 3423 5309 τούτων,
3448 5245 3524 5308 ὡς
3557 5246 3628 5317 μή
3643 5259 3688 5294 δε

2103 5332 2321 5403 ψεῦδος,
2357 5335 2493 5405 μήτε
2525 5332 2812 5405 λοιδορίαν,
2855 5334 2992 5404 μήτε
3032 5351 3085 5388 τι
3119 5336 3344 5408 αἰσχρὸν
3390 5338 3485 5391 καὶ
3525 5338 3689 5409 ἄσχη-

2105 5441 2208 5497 μον
2245 5425 2529 5498 προῖεσθαι
2557 5427 2623 5496 τῇ
2658 5427 2832 5496 φωνῇ,
2859 5425 2949 5477 διά
2989 5426 3089 5498 τὴν
3117 5428 3283 5482 αὑτοῦ
3314 5429 3477 5483 πάλιν
3508 5445 3683 5504 παρα⁹

2103 5515 2374 5581 κέλευσιν,
2411 5514 2479 5568 δι’
2505 5510 2793 5589 ἦς’ἕφησε,
2845 5533 2866 5566 ι
2903 5515 3040 5587 Περὶ
3074 5517 3276 5582 παντὸς
3301 5517 3474 5591 ἀργοῦ
3508 5520 3683 5591 ρἠαυ

2176 5651 2288 5730 (ιο)
2327 5650 2620 5730 Βάκτριοι..
2664 5651 2969 5721 Legebatur
3013 5653 3279 5730 Βάκριοι,
3331 5659 3425 5715 scd
3475 5654 3682 5730 praetuli

2103 5724 2329 5781 alterius
2359 5739 2462 5780 ms.
2491 5725 2801 5805 lectionem.
