1920 3108
57 189 83 218 ﬂ
424 185 430 190 “
631 185 794 213 ΡΒΕΡΑΒ.
812 184 936 213 EVANG.
955 184 1022 212 LIB.
1041 184 1062 211 Ι.
1620 178 1656 205 42

57 253 94 276 eo;
105 243 195 270 δώσετε
211 242 288 276 λόγον
302 242 331 269 ὲν
342 241 433 277 ἡμέρᾳ
445 241 565 277 κρίσεως
575 248 583 256 ”
601 249 611 267 ι
628 241 723 272 ὁποίας
737 241 822 276 ὑπερ-

879 241 977 268 minum
988 240 1093 275 pridem
1108 239 1305 267 exstincturum
1320 247 1426 270 manes,
1440 244 1526 272 neque
1537 237 1658 263 animan-

58 289 127 322 ϐολῆς
139 288 276 322 φιλοσόφου
290 286 364 322 ζωῆς
385 287 495 322 ἓχεταις
515 286 553 313 Τὸ
566 286 594 313 δὲ
611 286 658 313 καὶ
673 286 822 322 συλλήϐδην

59 334 148 369 ἀθρόως
161 333 290 368 μυριάδας
305 333 368 364 ὅλας
383 332 486 367 ἀνδρῶν
499 332 546 358 καὶ
558 332 694 366 γυναικῶν
706 332 754 359 καὶ
765 332 824 358 παί-

58 381 111 412 δων,
123 378 226 404 οἰκετῶν
241 386 271 404 τε
286 377 335 404 καὶ
347 377 507 412 ἐλευθέρων,
522 376 622 408 ἀδόξων
634 384 664 403 τε
679 376 726 403 καὶ
740 376 824 402 ὲπιδὰ

59 423 112 456 ξων,
122 423 162 450 καὶ
175 422 284 458 προσέτι
299 422 443 458 βαρϐάρων
453 421 521 456 ὁμοῦ
537 422 584 448 καὶ
600 422 743 457 Ἑλλήνων,
755 421 824 449 κατά

60 470 133 496 πάντα
145 469 219 495 τόπον
231 469 278 495 καὶ
293 469 371 494 πόλιν
386 468 433 494 καὶ
446 467 550 503 χώραν,
565 468 613 494 καὶ
626 468 693 494 πᾶσι
707 469 763 499 τοῖς
779 468 824 502 ὑφ’

60 516 121 551 ἥλιον
134 515 230 542 ἔθνεσιν
245 515 294 541 ἐπὶ
309 515 465 551 διδασκαλίᾳ
481 514 535 541 τῶν
551 513 676 541 τοιούτων
693 513 824 549 μαθημά-

60 568 110 592 των,
118 560 173 586 οἴων
181 559 281 595 ἀρτίως
297 550 510 595 μεμαθήκαμεν,
520 561 615 595 φοιτᾷν
625 559 728 591 καὶτὰς
741 560 825 591 ἀκοὰς

60 605 132 640 λόγοις
143 605 277 641 παρέχειν,
302 606 493 632 ἀναπείθουσιν
517 607 548 632 οὺ
571 606 650 641 μόνον
667 605 825 632 ἀκολάστων

59 651 266 685 ἐπιχειρημάτων,
280 650 406 677 ἀλλὰκαὶ
419 650 473 678 τῶν
485 651 556 678 κατὰ
571 651 690 677 διάνοιαν
706 650 826 686 αἰσχρῶν

60 695 246 731 ἐνθυμημάτων,
279 696 403 731 γαστρός
432 704 462 722 τε
484 696 532 723 καὶ
552 696 606 728 τῶν
632 695 685 722 ὑπὸ
706 696 827 731 γαστέρα

59 743 165 776 κρατεῖν·
181 741 210 767 τό
233 750 263 767 τε
284 742 340 768 πᾶν
355 742 433 775 γένος
452 741 577 768 παιδείαν
598 741 771 768 παιδεύεσθαι
786 741 827 767 ἐν-

59 786 108 813 θεον
123 787 165 813 καὶ
178 786 289 821 εὐσεϐῆ,
310 786 404 822 φέρειν
423 795 453 813 τε
474 786 620 822 μανθάνειν
634 788 765 821 γενναίως
780 788 827 814 καὶ

59 832 123 867 βαθεῖ
135 834 280 868 φρονήματι
296 833 347 865 τάς
365 833 419 859 τῶν
433 834 655 869 ἐπανισταμένων
666 833 768 869 ὕϐρεις,
780 834 828 860 καὶ

61 877 90 912 μὴ
109 879 157 910 τοῖς
179 879 244 911 ίσοις
264 879 329 910 τοὺς
349 878 466 913 φαύλους
493 878 661 914 ἀμύνεσθαι·
686 878 771 914 θυμοῦ
799 879 828 905 δὲ

60 924 98 949 καὶ
115 924 199 958 ὀργῆς,
217 924 262 950 καὶ
278 924 372 959 πάσης
388 924 526 960 ὲμμανοῦς
549 924 665 960 ὀρέξεως
687 924 826 959 κρείττους

59 969 176 1002 γίνεσθαι·
190 970 232 996 ναὶ
244 970 297 1005 μὴν
314 970 363 997 καὶ
377 970 432 996 τῶν
448 969 627 1005 ὑπαρχόντων
648 970 761 1005 ἀπόροις
779 969 827 996 καὶ

61 1014 145 1041 ὲνδεέσι
169 1018 318 1048 κοινωνεῖν,
339 1015 428 1042 πάντα
446 1024 476 1041 τε
498 1015 640 1050 ἄνθρωπον
654 1015 771 1050 ὁμογενῆ
786 1015 828 1041 δε·-

61 1058 172 1092 ξιυῦπθαι,
197 1060 242 1087 καὶ
268 1061 316 1087 τὸν
345 1060 537 1096 νενομισμένον
560 1060 644 1092 ξένον,
670 1059 743 1086 ὡσάν
756 1060 828 1095 νόμῳ
856 1058 858 1060 ’

62 1103 150 1137 φύσεως
166 1105 330 1131 οίκειότατον
359 1106 406 1132 καὶ
429 1104 543 1138 ἀδελφὸν
564 1103 718 1140 γνωρίζειν,
735 1104 828 1131 Πάντα

61 1150 87 1184 δὴ
100 1150 193 1186 ἁθρόως
206 1150 292 1178 ταῦτά
312 1159 357 1182 τις
375 1149 535 1185 συναγαγὼν
548 1170 554 1183 ,
572 1149 632 1182 πῶς
647 1149 697 1176 οὐκ
711 1150 745 1177 ἂν
761 1150 828 1186 ὁμο.

61 1194 165 1231 λογήσειε
186 1195 218 1222 τὰ
236 1195 355 1232 μέγιστα
372 1196 418 1222 καὶ
434 1194 542 1231 ἀληθῶς
552 1194 644 1229 ἀγαθὰ
659 1195 764 1227 πάντας
779 1196 827 1222 ἀν-

62 1239 167 1274 θρώπους
181 1240 408 1275 εὐαγγελίσασθαι
431 1240 476 1268 τὸν
491 1241 627 1276 ἡμέτερον
636 1240 725 1275 λόγον,
748 1241 778 1267 τό
798 1249 828 1267 τε

62 1285 154 1313 αὐτόθεν
174 1287 304 1323 ὑπερέχον
328 1287 398 1323 πρὸς
418 1287 533 1319 εὑζωΐαν
551 1286 591 1322 τῷ
605 1285 659 1313 τῶν
678 1286 829 1322 ἀνθρώπων

64 1333 240 1366 παρεσχηκέναι
252 1333 303 1368 βίῳ
314 1341 321 1365 ;
340 1333 447 1359 Ὀποῖον
460 1332 488 1359 δέ
500 1341 540 1359 σοι
552 1330 622 1359 εἶναι
635 1332 717 1366 δοκεῖ,
733 1332 763 1359 τὺ
775 1333 829 1360 πᾶν

64 1375 126 1409 γένος
141 1376 293 1412 ἀνθρώπων,
312 1378 346 1404 οὐ
364 1378 443 1412 μόνον
470 1377 613 1413 Ἑλλήνων,
628 1376 696 1404 ἀλλὰ
714 1376 829 1404 καὶτῶν

65 1421 255 1458 ἀνημερωτάτων
282 1423 440 1459 βαρϐάρων,
465 1423 512 1450 καὶ
542 1422 596 1449 τῶν
616 1424 645 1449 ὲν
667 1424 726 1455 ταῖς
746 1424 829 1458 ἐσχα-

67 1468 123 1499 τιαῖς
132 1468 174 1504 τῆς
185 1469 233 1504 γῆς
249 1470 409 1502 οἰκούντων,
425 1469 476 1504 τῆς
490 1469 541 1505 μὲν
555 1469 652 1503 ἀλόγου
670 1469 830 1504 θηριωδείας

69 1512 182 1548 ἀνασχεῖν,
196 1514 272 1547 δόξας
282 1515 311 1542 δὲ
326 1514 487 1549 φιλοσόφους
495 1514 639 1541 ἀναλαϐεῖν
655 1514 831 1550 παρασκευά-

69 1566 118 1591 eat;
133 1557 191 1593 οἷον,
210 1561 275 1597 φέρε
297 1563 397 1592 εἰπεῖν.
408 1561 459 1591 τὰς
473 1561 537 1596 περὶ
555 1560 705 1592 ἀθανασίας
729 1560 828 1595 ψυχῆς,

69 1605 106 1630 καὶ
119 1605 180 1640 ζωῆς
198 1606 244 1641 τῆς
263 1607 342 1642 παρά
359 1605 419 1641 Θεῷ
435 1606 503 1641 μετὰ
523 1605 573 1642 τὴν
588 1605 693 1633 ἐνθένδε
708 1605 829 1632 ἀπαλλα-

68 1649 109 1684 γὴν
116 1650 163 1681 τοῖς
176 1650 323 1685 θεοφιλέσιν
336 1651 531 1687 ἀποκειμένης,
549 1651 583 1677 δι’
594 1652 628 1687 ἢν
641 1651 689 1677 τοῦ
701 1650 831 1686 προσκαί-

71 1703 107 1728 ρου
120 1696 202 1723 τούτου
215 1696 263 1733 ζῇν
279 1698 463 1732 καταφρονεῖν
475 1697 643 1732 ἐμελέτησαν
655 1705 661 1711 ·
678 1696 748 1723 ὥστε
762 1697 830 1723 ἀπο-

70 1739 135 1772 δεῖξαι
148 1743 238 1775 παῖδας
250 1744 314 1776 τοὺς
332 1743 442 1770 πώποτε
450 1743 496 1770 ἐπὶ
509 1742 652 1778 φιλοσοφίᾳ
661 1742 828 1777 διαϐοήτους,

72 1786 107 1811 καὶ
117 1786 227 1821 παίγνιον
242 1787 288 1814 τὸν
313 1787 512 1823 θρυλλούμενον
528 1788 630 1814 ἐκεῖνον
641 1786 765 1818 θάνατον,
780 1787 832 1813 ἀνά

73 1831 140 1866 στόμα
159 1833 304 1868 φιλοσόφων
322 1833 431 1860 πάντων
454 1833 599 1868 ᾀδόμενον·
629 1832 743 1868 Θηλειῶν
766 1834 830 1869 παρ’

73 1875 122 1910 ἡμῖν
133 1877 174 1903 καὶ
196 1877 292 1913 κομιδῆ
315 1878 429 1910 παίδων,
456 1877 600 1913 βαρϐάρων
620 1885 649 1903 τε
666 1877 770 1913 ἀνδρῶν
784 1877 832 1904 καὶ

75 1920 163 1948 εὐτελῶν
177 1923 212 1957 τῷ
223 1923 322 1955 δοκεῖν,
342 1923 376 1958 τῇ
390 1922 437 1949 τοῦ
450 1923 576 1957 Σωτῆρος
586 1921 665 1957 ἡμῶν
675 1922 787 1958 δυνάμει
800 1931 830 1949 τε

74 1966 110 1992 1.11
125 1969 262 2004 συνεργείᾳ,
277 1969 324 1995 τὸν
342 1969 406 2004 περὶ
418 1968 508 2003 ψυχῆς
529 1967 678 2000 ἀθανασίας
691 1968 769 2002 λόγον
784 1969 831 2004 ἔρ-

74 2017 118 2043 γηις
134 2013 282 2049 πρότερονῆ
304 2015 424 2049 ῥήμασιν
444 2013 647 2049 ἐπαληθεύοντα
668 2012 831 2047 δειξάντων;

76 2052 122 2082 Οἶον
133 2056 166 2089 δὲ,
181 2059 224 2085 καὶ
243 2059 274 2085 τὸ
295 2059 412 2086 καθόλου
430 2059 536 2089 πάντας
555 2058 713 2092 ἀνθρώπους
728 2059 790 2090 τοὺς
804 2060 833 2085 ἐν

77 2100 127 2126 τᾱςι
143 2104 190 2134 τοῖς
205 2103 317 2135 ἔθνεσιν,
335 2104 368 2130 ὲκ
381 2103 435 2130 τῶν
451 2103 498 2130 τοῦ
513 2103 636 2139 Σωτῆρος
652 2103 729 2138 ἡμῶν
746 2101 834 2137 μαθη-

80 2144 149 2178 μάτων
156 2148 212 2183 περὶ
218 2148 284 2175 Θεοῦ
297 2148 425 2184 προνοίας
431 2148 468 2180 ὠς
477 2147 619 2183 ἑφορώσης
631 2147 664 2174 τὰ
679 2147 832 2182 σύμπαντα,

79 2189 141 2222 ὖγιῶς
162 2194 204 2219 καὶ
225 2194 389 2229 ἐρρωμένως
402 2194 509 2228 φρονεῖν
529 2191 711 2219 παιδεύεσθαι·
734 2192 781 2218 καὶ
802 2191 833 2217 τὺ

79 2236 146 2263 τίειν
160 2238 239 2274 ψυχὴν
260 2240 407 2275 μανθάνειν
428 2238 473 2265 τὸν
490 2238 554 2273 περὶ
570 2237 763 2273 δικαιωτηρίου
786 2237 833 2263 καὶ

873 286 941 313 tium
955 287 1061 313 ratione
1081 286 1232 313 carentium
1250 286 1396 313 teterrima:
1411 293 1443 313 ac
1457 283 1658 312 noeentissimae

873 333 985 360 deorum
1000 331 1116 366 amplius
1127 331 1154 358 in
1166 339 1280 358 numero
1296 331 1446 359 habeantur
1459 339 1465 358 :
1480 330 1527 358 sed
1543 331 1656 357 istorum

875 377 997 404 omnium
1013 376 1074 404 loco
1086 396 1094 409 ,
1110 383 1159 411 per
1174 384 1256 403 unam
1274 376 1344 404 hanc
1361 376 1544 411 evangelicam
1559 375 1659 403 Serva-

875 423 943 451 toris
962 422 1048 450 nostri
1072 421 1223 449 doctrinam
1249 421 1374 449 ell‘ectum
1398 421 1443 454 sit,
1459 427 1489 449 ut
1503 429 1537 448 ex
1558 420 1660 449 Graecis

874 471 976 504 pariter
999 477 1031 498 ac
1046 470 1170 497 barbaris
1187 475 1319 505 quotquot
1334 470 1394 505 ejus
1416 471 1530 497 verbum
1552 470 1660 498 sincero

875 515 978 548 animo,
1004 522 1059 554 non
1075 515 1250 543 simulatione
1273 515 1390 550 quadam
1405 520 1432 543 et
1450 515 1524 542 inani
1538 520 1660 543 ostenta-

877 561 949 589 tione
962 561 1125 596 suscipiunt,
1140 569 1202 589 eum
1214 568 1346 595 supremae
1357 561 1534 596 philosophia:
1545 561 1659 596 gradum

876 607 1010 642 attingant
1021 627 1028 640 ,
1045 610 1076 633 ut
1088 614 1172 634 unum
1195 607 1374 642 eumdemque
1394 614 1531 634 summum
1553 606 1638 634 Deum
1649 625 1659 639 ,

876 653 958 681 trullis
981 653 1063 688 hujus
1077 656 1124 679 aut
1140 652 1324 681 universitatis
1338 657 1385 680 aut
1407 653 1455 680 aavi
1473 652 1572 679 ﬁnibus
1586 660 1661 680 com-

877 698 1052 732 prehensum,
1070 701 1262 732 praepotentem
1278 697 1339 725 cceli
1357 701 1546 732 terrarumque
1559 696 1659 732 Regem

877 750 908 770 ac
925 742 1080 775 Dominum,
1097 742 1173 775 solis,
1186 746 1321 770 astrorum
1334 743 1473 777 totiusque
1487 742 1582 770 mundi
1595 742 1662 770 Pro-

877 793 1026 816 creatorem
1042 793 1222 822 venerentur,
1237 789 1390 821 celebrent,
1403 788 1542 824 Deumque
1555 788 1660 815 fatean-

878 840 942 867 tur;
967 834 1003 860 ita
1026 841 1109 868 porro
1132 834 1215 861 vitam
1241 834 1321 869 quasi
1346 834 1379 861 ad
1401 834 1532 861 amussim
1555 833 1662 868 exigere

878 879 1105 915 conlormareque
1119 880 1256 913 studeant,
1272 884 1302 907 ut
1314 880 1403 914 ipsum
1418 880 1501 907 etiam
1518 879 1662 906 oculorum

878 933 987 953 sensum
1005 926 1155 961 disciplinae
1172 925 1277 961 legibus
1291 925 1456 956 contineant,
1474 925 1594 959 nihilque
1606 932 1662 952 non

878 976 1057 1006 temperatum
1079 979 1112 999 ex
1135 976 1246 1006 aspectu
1268 979 1330 998 cum
1354 970 1501 1005 cupiditate
1515 970 1663 1006 conjuncto

878 1018 904 1044 in
921 1018 1042 1045 animum
1058 1017 1150 1045 subire
1163 1017 1315 1052 patiantur,
1329 1024 1361 1044 ac
1375 1016 1416 1044 vel
1434 1016 1491 1051 ipsa
1506 1024 1539 1043 ex
1560 1016 1663 1051 cogita-

879 1064 953 1091 tione
976 1063 1106 1090 radicitus
1135 1070 1222 1098 genus
1244 1070 1325 1090 omne
1349 1062 1429 1090 {cedat
1451 1061 1663 1097 perturbationis

879 1109 1059 1137 exscindant:
1087 1110 1146 1137 haac
1172 1109 1265 1137 omnia
1291 1109 1354 1144 quis
1380 1109 1529 1144 plurimum
1556 1109 1662 1136 cunctis

881 1154 1038 1183 hominibus
1054 1155 1088 1182 ad
1112 1155 1180 1183 bene
1205 1156 1336 1190 beateque
1359 1155 1504 1183 vivendum
1531 1156 1664 1182 momenti

881 1201 978 1230 aﬂ'erre
1001 1210 1055 1230 non
1081 1201 1192 1229 videat?
1217 1200 1369 1233 Praeterea,
1390 1201 1463 1236 quod
1484 1202 1559 1229 nullo
1583 1202 1664 1236 plane

877 1245 1054 1281 jurejurando
1071 1253 1140 1281 opus
1159 1246 1277 1274 habeant
1297 1246 1423 1281 (tantum
1447 1246 1523 1275 abest
1547 1251 1579 1274 ut
1602 1255 1665 1282 per-

877 1291 952 1326 jurio
966 1291 1043 1320 locus
1056 1299 1116 1320 esse
1130 1291 1249 1327 possit),
1263 1299 1296 1319 eo
1311 1293 1384 1327 quod
1398 1300 1538 1327 nunquam
1553 1293 1664 1320 omnino

878 1337 1025 1373 iurandum
1043 1345 1104 1365 esse
1117 1358 1124 1371 ,
1140 1344 1167 1365 at
1191 1337 1291 1372 rejecto
1314 1338 1454 1366 mendacio
1483 1346 1575 1366 verum
1596 1347 1663 1366 con-

880 1386 985 1411 stanter
1005 1387 1032 1411 et
1048 1383 1148 1418 ubique
1170 1383 1340 1411 retinendum
1362 1391 1394 1410 ex
1418 1384 1463 1410 illo
1489 1383 1663 1417 didicerunt,

881 1429 949 1457 adeo
965 1433 995 1457 ut
1014 1429 1054 1455 ita
1076 1429 1118 1462 vel
1137 1437 1189 1456 non
1213 1429 1248 1456 in'
1261 1436 1368 1456 onmem
1389 1434 1492 1463 partem
1514 1429 1581 1457 satis
1604 1437 1666 1458 esss

879 1480 985 1511 putent,
1008 1475 1107 1510 quippe
1129 1475 1177 1510 qui
1198 1474 1240 1501 vel
1265 1474 1351 1509 ipsam
1377 1474 1461 1501 animi
1479 1474 1663 1503 inductionem

881 1522 957 1549 omni
973 1525 1143 1549 sacramento
1164 1520 1312 1548 ﬁrmiorem
1327 1524 1409 1556 atque
1422 1520 1565 1548 certiorem
1585 1521 1664 1548 exhi-

882 1568 974 1596 beant.
1004 1567 1154 1599 Similiter,
1178 1566 1252 1601 quod
1277 1573 1311 1593 ne
1331 1566 1359 1593 in
1384 1566 1530 1594 levissimis
1554 1567 1663 1601 quidem

882 1613 998 1647 voculis,
1021 1620 1054 1640 ac
1075 1613 1178 1640 mutuis
1191 1612 1412 1647 quotidianisque
1425 1613 1665 1647 congressionibus

883 1665 943 1686 sese
963 1658 1142 1693 negligentius
1164 1657 1265 1684 habere
1280 1656 1383 1689 velint,
1407 1656 1454 1684 sed
1476 1656 1504 1683 in
1525 1656 1559 1684 iis
1583 1657 1665 1684 etiam

882 1707 1018 1736 accurate,
1033 1703 1166 1738 quidquid
1182 1703 1341 1737 loquuntur,
1359 1702 1527 1738 expendant,
1545 1710 1580 1730 ne
1593 1702 1665 1738 quod

882 1748 950 1782 ipsis
967 1749 1079 1775 verbum
1096 1752 1143 1775 aut
1156 1755 1255 1775 vanum
1269 1768 1277 1781 ,
1297 1752 1344 1775 aut
1360 1745 1586 1776 contumeliosum
1599 1769 1606 1781 ,
1621 1752 1669 1775 aut

883 1797 973 1828 turpe,
989 1793 1114 1820 minusve
1129 1793 1309 1828 compositum
1321 1793 1448 1827 excidat;
1463 1793 1544 1828 idque
1557 1799 1668 1828 propter

883 1846 968 1865 unum
980 1839 1032 1865 hoc
1042 1838 1167 1873 ejusdem
1176 1839 1307 1866 monitum
1318 1848 1324 1866 :
1337 1848 1346 1865 ‹
1358 1840 1394 1866 De
1403 1839 1478 1866 omni
1486 1839 1569 1866 verbo
1579 1839 1668 1866 otioso

883 1883 1001 1911 reddetis
1011 1884 1144 1911 rationem
1158 1884 1185 1911 in
1197 1884 1240 1911 die
1250 1882 1345 1919 judiéii
1358 1884 1396 1917 ¹¹;
1410 1893 1419 1910 ι
1432 1887 1530 1918 totum,
1545 1885 1667 1919 inquam,

883 1929 949 1956 illud
975 1929 1054 1964 cujus
1081 1929 1195 1957 obsecro
1222 1929 1283 1956 vitae
1306 1934 1367 1961 est,
1394 1937 1528 1964 quamque
1551 1930 1668 1958 sublime

882 1975 1062 2010 philosophiae
1085 1983 1170 2011 genus
1186 1976 1339 2010 prolitentis
1351 1975 1363 2002 ?
1376 1974 1416 2002 Ad
1438 1975 1495 2003 haec
1508 1996 1515 2007 ,
1537 1976 1609 2011 quod
1624 1977 1668 2003 in-

883 2020 960 2047 ﬁnita
981 2020 1123 2052 virorum,
1140 2021 1285 2048 mulierum
1304 2028 1337 2048 ac
1350 2028 1508 2056 puerorum,
1526 2028 1668 2049 servorum

883 2070 985 2105 pariter
998 2074 1080 2104 atque
1102 2069 1252 2097 liberorum
1265 2089 1273 2103 ,
1298 2070 1458 2105 ignobilium
1475 2074 1502 2097 et
1517 2070 1647 2098 nobilium
1660 2089 1671 2104 ,

884 2129 990 2149 necnon
1004 2121 1182 2149 barbarorum
1199 2120 1281 2148 simul
1301 2125 1383 2156 atque
1401 2120 1567 2154 Graecorum,
1583 2122 1671 2149 omni-

885 2172 937 2199 bus
948 2172 976 2199 in
985 2171 1065 2204 locis,
1074 2171 1194 2206 oppidis,
1202 2171 1360 2206 regionibus
1370 2175 1397 2199 et
1405 2176 1539 2207 quotquot
1550 2172 1600 2200 soli
1611 2171 1672 2199 sub-

883 2224 961 2260 jectae
970 2224 1020 2259 13
1033 2229 1096 2251 sunt
1106 2223 1273 2255 nationibus,
1281 2223 1314 2250 ad
1323 2223 1494 2251 subeundam
1503 2231 1597 2251 eorum
1604 2231 1675 2260 prae-

80 2282 170 2315 κρίσεως
261 2273 349 2320 ’λόγον
360 2305 367 2317 ,
388 2284 436 2312 καὶ
451 2284 482 2310 τὸ
501 2283 738 2319 πεφροντισμένως
766 2282 828 2318 ζῇν,

884 2281 1037 2310 ceptorum,
1053 2275 1151 2310 quibus
1170 2281 1257 2309 nuper
1278 2273 1417 2302 informati
1433 2282 1538 2308 sumus,
1552 2274 1673 2309 discipli-

80 2326 114 2352 καὶ
122 2329 273 2363 φολακτικῶς
283 2331 356 2366 ἔχειν
366 2330 419 2356 τῶν
426 2330 474 2366 τῆς
489 2329 587 2360 κακίας
601 2328 836 2364 ὲπιτηδευμάτων;

888 2334 963 2359 nam,
975 2326 1059 2354 denso
1074 2325 1182 2361 agmine
1207 2324 1352 2353 multitudo
1368 2325 1498 2357 conﬂuat,
1526 2324 1674 2360 ejusmodi-

81 2381 119 2408 que
132 2379 287 2407 sermonibus
313 2386 395 2406 aures
421 2378 549 2413 praebeat,
573 2376 672 2411 quibus
697 2376 731 2403 ad
747 2375 924 2402 coercendam
946 2381 1001 2401 non
1026 2374 1163 2401 actionum
1185 2373 1264 2400 modo
1279 2372 1465 2407 petulantiam,
1481 2380 1575 2400 verum
1590 2372 1671 2399 etiam

81 2425 162 2456 earum,
178 2432 232 2459 quae
248 2425 275 2451 in
301 2424 359 2452 sola
375 2428 464 2451 mente
483 2427 638 2453 versantur,
663 2421 857 2457 cogitationum
876 2419 1083 2455 turpitudinem,
1098 2426 1246 2454 omnesque
1259 2423 1317 2446 tum
1334 2419 1445 2451 ventris,
1469 2423 1526 2445 tum
1548 2426 1609 2453 quae
1623 2418 1674 2445 sub

81 2473 152 2496 ventre
170 2471 251 2498 sedem
271 2471 373 2498 habent
387 2470 539 2505 voluptates
560 2469 709 2497 domandus
720 2468 869 2495 excitetur:
888 2466 1015 2501 quodque
1036 2465 1140 2492 nullum
1156 2472 1209 2492 non
1234 2471 1320 2499 genus
1346 2463 1488 2491 hominum
1512 2463 1609 2490 divina!
1625 2463 1675 2490 do-

83 2516 155 2544 milia
179 2519 396 2554 pmceptionibus
424 2518 572 2551 imbuatur,
596 2521 626 2544 ut
654 2514 845 2543 lacessentium
865 2514 1038 2541 inimicorum
1070 2513 1185 2547 injurias
1208 2512 1315 2540 excelso
1342 2515 1558 2547 exaggeratoque
1583 2510 1674 2537 animo

84 2560 145 2595 ίεπε,
167 2573 215 2592 non
232 2567 333 2594 mutuis
350 2574 383 2593 ac
399 2566 534 2594 similibus
560 2564 700 2599 improbos
719 2563 844 2590 homines
868 2562 962 2589 ulcisci
986 2560 1069 2588 velit:
1085 2565 1116 2588 ut
1143 2560 1291 2588 iracundiae
1311 2560 1378 2594 vim,
1398 2562 1428 2587 ut
1442 2559 1616 2594 impotentem
1643 2564 1675 2584 ac

84 2607 189 2639 furiosum
210 2614 362 2648 cupiditatis
389 2613 478 2641 omnis
505 2613 635 2648 impetum
658 2618 752 2646 regere
776 2617 809 2637 ac
831 2609 939 2637 frenare
966 2613 1089 2641 conetur,
1123 2608 1244 2643 adeoque
1271 2612 1300 2635 ut
1323 2615 1387 2642 opes
1409 2606 1588 2640 fortunasque
1611 2611 1676 2631 suas

86 2663 131 2685 σιιω
148 2659 260 2695 inopibus
280 2662 475 2696 egentibusque
499 2659 705 2688 communicet:
723 2662 753 2685 ut
776 2657 924 2692 quemlibet
946 2656 1084 2683 hominem
1109 2655 1263 2683 communis
1276 2653 1453 2681 humanitatis
1469 2652 1579 2680 nomine
1600 2658 1676 2677 com-

87 2704 205 2739 lllbctalur,
234 2716 364 2743 quemque
387 2708 468 2742 vulgo
497 2711 627 2741 tanquam
658 2704 831 2739 peregrinum
860 2703 979 2735 habent,
1007 2709 1070 2729 eum
1092 2701 1171 2736 quasi
1202 2705 1307 2728 natura:
1338 2700 1396 2734 lege
1419 2697 1674 2732 coniunctissimum

90 2754 189 2782 acveluti
204 2755 308 2784 fratrem
327 2759 466 2791 agnoscat.
480 2755 544 2782 Haec
559 2753 605 2789 qui
628 2752 710 2780 simul
729 2751 856 2779 universa
877 2754 1014 2785 congerat,
1040 2749 1132 2777 ﬁerine
1147 2749 1257 2783 poterit,
1282 2747 1347 2782 quin
1377 2746 1446 2773 idem
1463 2744 1675 2791 praedicatam-a

91 2799 147 2827 nobis
162 2801 302 2830 doctrinam
324 2789 384 2831 eam
413 2809 475 2830 esse
499 2801 627 2832 fateatur,
656 2807 718 2835 qua:
735 2805 842 2827 summa
865 2805 979 2833 veraque
1009 2797 1077 2824 bona
1107 2796 1212 2824 cunctis
1223 2794 1380 2822 hominibus
1394 2792 1507 2820 feliciter
1534 2789 1675 2835 nuntiarit.

94 2849 188 2883 “(Mque
208 2851 366 2886 praecipuum
394 2855 421 2878 et
435 2849 514 2885 quasi
537 2852 619 2884 caput
632 2834 673 2875 ad,
685 2848 753 2875 bene
777 2846 909 2880 beateque
920 2845 1065 2872 vrvendum
1079 2851 1127 2879 per
1142 2850 1201 2871 sese
1212 2846 1280 2874 erat,
1293 2841 1432 2869 hominum
1448 2839 1509 2866 vitae
1517 2834 1673 2886 contulerit.

61 2927 64 2938 ι
95 2889 143 2919 l‘llud
154 2902 222 2929 porro
233 2898 303 2932 quod
327 2898 459 2932 sequitur,
487 2895 639 2932 cuiusmodi
661 2894 770 2923 tandem
793 2900 854 2921 esse
872 2897 962 2928 putas,
982 2892 1054 2928 quod
1074 2891 1204 2919 nimirum
1229 2889 1322 2918 eadem
1349 2895 1434 2924 genus
1450 2886 1590 2914 hominum
1615 2889 1676 2909 um-

62 2939 64 2976 ]
122 2941 138 2955 ¹¹
152 2942 232 2971 lauh.
247 2952 294 2975 nl,
311 2945 355 2972 56.

62 2981 66 2991 1
194 2980 306 2991 I’I,_,,__
341 2981 380 2991 μέ
436 2980 511 2991 νυν

1556 2962 1578 2991 2

62 2981 75 3079 ἱ
194 2980 323 3011 Ρλτιιοι..
341 2981 399 3011 Gn.
436 2980 521 3010 XXI.
