3798 6220
171 403 221 456 i5
1284 390 1607 448 PREPAR.
1647 389 1899 445 EVANG.
1946 389 2070 444 LIB.
2107 388 2150 444 1.

3258 387 3326 442 46

164 516 331 587 βασιλεῖ
361 514 444 568 καὶ
483 512 735 586 νομοθέτῃ
773 513 1041 578 πείθεται,
1088 511 1358 566 πιστεύων
1401 509 1644 564 συνοίσειε

1769 519 1902 562 artis
1947 509 2314 578 cognitionem
2363 515 2638 578 pertinent
2689 507 2852 577 longo
2900 521 3002 561 usu
3051 505 3328 574 multaque

160 608 277 680 αὐτῷ
309 608 360 660 τὸ
391 607 867 678 προστεταγμένον.
914 604 1069 658 Οὕτω
1103 605 1196 658 καὶ
1241 602 1480 676 μαθηταὶ
1512 603 1666 674 παρὰ

158 696 429 752 διδασκάλων
453 695 636 764 λόγους
665 696 912 760 παιδείας
935 695 1303 765 ἀποδέχονται,
1337 695 1663 747 πιστεύσαν-

157 805 227 850 τες
259 785 426 852 ἀγαθὸν
452 785 630 848 αὐτοῖς
659 784 877 838 ἔσεσθαι
918 785 977 838 τὸ
1011 785 1256 856 μάθημα.
1284 785 1392 838 Ναὶ
1429 784 1534 855 μὴν
1573 785 1664 837 καὶ

158 875 408 942 φιλοποσίας
434 874 491 925 οὗ
517 873 780 944 πρότερόν
805 892 888 938 τις
909 875 1156 944 ἐφάψαιτ’
1181 874 1268 939 ἂν,
1303 875 1337 944 ἢ
1369 875 1662 940 πιστεύσας

161 967 364 1018 σδνοίσειν
388 965 527 1034 αὖτῴ
546 966 606 1016 τὸ
636 966 980 1037 ἐπάγγελμα.
1005 968 1114 1020 Καὶ
1143 967 1170 1019 ὁ
1203 967 1300 1037 μέν
1328 985 1411 1030 τις
1441 967 1662 1022 αὐτόθεν

154 1060 280 1110 είλετο
306 1059 362 1111 τὰ
404 1059 741 1129 Ἐπικούρου·
776 1061 805 1110 ό
834 1059 893 1112 δὲ
943 1059 1032 1112 τὸν
1075 1061 1307 1114 Κυνικὸν
1344 1060 1495 1132 ζηλοῖ
1523 1063 1655 1132 βίον,

151 1149 268 1211 ᾰὶλθς
306 1149 427 1201 κατὰ
465 1149 724 1202 Πλάτωνα
766 1150 1071 1220 φιλοσοφεῖ,
1115 1154 1235 1204 κατ’
1286 1153 1658 1227 Ἀριστοτέλην

147 1241 304 1310 ἱτερος,
343 1241 424 1291 καὶ
463 1240 620 1292 πάλιν
651 1241 810 1305 ἄλλος
849 1244 1059 1297 πάντων
1091 1244 1160 1298 τὰ
1190 1247 1405 1300 Στωϊκὰ
1445 1249 1660 1317 προετί-

147 1347 295 1399 μησεν,
322 1331 531 1382 ἑκάστου
559 1333 903 1404 χρηστοτέρα
935 1335 1108 1388 ἐλπίδι
1137 1354 1194 1389 τε
1234 1339 1326 1391 καὶ
1371 1339 1550 1393 πίστει
1596 1341 1657 1394 τὺ

143 1419 262 1481 δάξαν
297 1420 362 1483 ὡς
401 1425 633 1474 συνοῖσον
679 1425 1083 1495 ἀγαπήσαντος.
1131 1429 1284 1482 Οὕτω
1335 1433 1426 1484 καὶ
1465 1433 1656 1502 τέχνας

141 1510 360 1580 ἄνθρωποι
397 1513 487 1575 τὶς
522 1513 700 1583 μέσας
746 1517 1026 1587 μετῆλθον,
1071 1522 1162 1574 καὶ
1194 1521 1340 1576 ἄλλοι
1369 1525 1459 1577 τὸν
1494 1543 1655 1597 στρα-

139 1603 355 1664 τιωτικὸν,
381 1603 520 1656 ἄλλοι
551 1605 606 1657 δὲ
639 1605 738 1659 τὸν
781 1609 1074 1679 ἐμπορικὸν
1109 1611 1240 1680 βίον,
1280 1615 1458 1667 πίστει
1488 1616 1651 1671 πάλαι

139 1692 465 1762 προειληᾳότες
489 1693 892 1766 βιοποριστικὺν
926 1698 1103 1761 αὐτοῖς
1134 1700 1346 1754 ἔσεσθαι
1377 1703 1437 1755 τὸ
1464 1704 1654 1775 ἐπιτή-

136 1781 287 1850 δευμα.
328 1785 426 1836 Καὶ
487 1786 692 1855 γάμων
750 1787 806 1838 δέ
863 1789 916 1840 αἱ
985 1791 1196 1860 πρῶται
1243 1792 1490 1859 σύνοδοι,
1551 1796 1648 1849 καὶ

1765 601 2009 656 doctrina
2036 600 2361 670 perdiscere.
2393 600 2689 669 omniaque
2710 600 2918 654 ratione
2943 607 3176 654 tractare
3203 597 3328 668 :qui

1763 707 1894 746 vero
1925 691 1990 746 ad
2011 693 2228 748 eosdem
2268 691 2521 746 curandae
2543 691 2714 760 gratia
2734 690 3062 745 valetudinis
3085 704 3328 745 accesse-

1764 784 1893 844 rint,
1920 782 2043 837 illos
2081 782 2203 836 ﬁdei
2233 781 2448 836 cuidam
2480 782 2764 851 exitusque
2793 781 3014 836 laatioris
3047 789 3331 846 exspecta--

1762 873 1898 927 tioni
1927 889 2045 927 sese
2070 874 2143 927 ita
2176 875 2506 942 permittere,
2539 883 2600 926 ut
2626 887 2750 926 cum
2807 888 2871 927 ex
2901 873 3058 927 istius
3088 872 3331 928 scientia

1760 965 2043 1034 praeceptis
2076 965 2376 1034 intelligere
2402 964 2532 1017 nihil
2569 973 2821 1018 accurate
2837 963 3178 1033 perfecteque
3202 979 3317 1033 pos-

1763 1056 1891 1117 sint,
1926 1070 2033 1108 non
2067 1054 2174 1108 nisi
2209 1069 2270 1108 ex
2308 1063 2538 1124 utraque
2584 1068 2880 1124 suspensas
2914 1055 3149 1108 habeant
3176 1055 3300 1109 inco

1761 1143 2026 1199 lumitatis
2082 1159 2194 1198 suae
2232 1144 2510 1200 rationes?
2559 1143 2638 1200 Ac
2694 1145 3061 1214 peritissimus
3105 1146 3325 1215 quidem

1759 1236 2002 1290 medicus
2025 1235 2077 1288 in
2107 1236 2343 1290 medium
2391 1234 2668 1304 prodiens,
2709 1235 2842 1304 quid
2886 1246 2979 1290 aut
3005 1250 3196 1290 cavere
3231 1245 3327 1290 aut.

1759 1325 1936 1381 facere
1965 1336 2231 1395 oporteat,
2269 1326 2349 1382 sic
2379 1336 2638 1397 tanquam
2683 1330 2934 1398 princeps
2967 1343 3030 1382 ac
3069 1329 3324 1384 dominus

1757 1418 1954 1488 aliquis
1979 1419 2210 1474 scienter
2233 1418 2475 1487 praecipit
2493 1437 2506 1472 :
2525 1427 2760 1488 aegrotus
2776 1428 2954 1472 autem
2979 1420 3078 1489 ipsi
3103 1420 3324 1489 perinde

1759 1526 1825 1565 ac
1853 1511 1966 1580 regi
1998 1520 2052 1564 et
2084 1511 2376 1581 legislatori
2428 1511 2766 1579 obsequitur,
2802 1511 2946 1580 quod
3000 1512 3102 1566 sibi
3159 1511 3322 1580 quid-

1755 1601 1885 1669 quid
1922 1610 2247 1671 praeceptum
2276 1601 2344 1654 ab
2367 1614 2432 1655 eo
2458 1598 2649 1672 fuerit,
2680 1601 2811 1656 utile
2831 1617 3048 1672 quoque
3077 1601 3322 1655 futurum

1754 1696 1925 1758 putet.
1962 1689 2039 1744 Ita
2084 1691 2334 1758 discipuli
2388 1671 2631 1759 cujusvis
2692 1690 2954 1745 doctrinae
2979 1701 3244 1760 pmcepta
3289 1706 3320 1744 ο

1754 1777 2028 1847 magistris
2064 1778 2364 1847 excipiunt,
2389 1779 2532 1846 quod
2559 1779 2628 1833 ab
2656 1779 2763 1834 illis
2785 1780 3092 1846 didicerint,
3133 1781 3187 1835 id
3217 1782 3321 1836 sibi

136 1874 356 1955 κοινωνίαι
401 1873 497 1943 τῆς
548 1876 700 1929 κατὰ
745 1879 1081 1932 παιδοποιίαν
1127 1881 1358 1948 ἐλπίδος,
1406 1883 1466 1950 ἐξ
1513 1886 1644 1955 ἀγα-

1753 1869 2008 1937 expedire
2033 1869 2156 1923 rati.
2190 1871 2307 1923 imo
2343 1884 2473 1924 vero
2503 1885 2572 1925 ne
2611 1871 2782 1940 ipsius
2805 1870 3025 1941 quidem
3073 1871 3318 1941 philoso-

135 1961 209 2032 θῆς
259 1965 522 2035 ἐνήρξαντο
590 1969 855 2032 πίστεως.
903 1972 1010 2024 Καὶ
1069 1973 1191 2026 πλεῖ
1241 1993 1326 2038 τις
1375 1973 1529 2042 αὖθις
1570 1981 1652 2043 εἰς

135 2055 303 2124 ἐδηλον,
343 2058 441 2110 οὐδ’
470 2059 634 2130 ἄλλην
656 2061 934 2133 προϐεδλη
943 2065 1098 2133 μένος
1125 2067 1226 2138 τῆς
1261 2069 1530 2141 σωτηρίας
1548 2071 1650 2140 ἄγ-

133 2149 339 2220 κυραν,ἢ
373 2151 530 2221 μόνην
580 2152 688 2224 τὴν
726 2157 908 2210 πίστιν
940 2160 1030 2211 καὶ
1059 2161 1160 2229 τὴν
1186 2161 1396 2234 ἀγαθὴν
1425 2163 1632 2220 ἐλπίδα.

133 2236 217 2289 Καὶ
251 2243 463 2310 γεωργεί
509 2241 680 2295 πάλιν
714 2243 890 2308 ἄλλος,
933 2247 1025 2298 καὶ⁵
1065 2247 1154 2299 τὸν
1197 2249 1394 2320 σπόρον
1433 2251 1514 2313 είς
1545 2252 1650 2322 γῆν

131 2327 382 2400 ἀπορρίψας
414 2331 672 2403 κάθηται,
706 2335 802 2404 τῆς
825 2334 972 2406 ὧρας
1005 2336 1104 2408 τὴν
1130 2338 1334 2410 τροπὴν
1368 2340 1653 2412 ἐκδεχόμε-

129 2436 212 2482 νος,
242 2422 482 2475 πιστεύων
522 2424 582 2477 τὸ
627 2425 840 2496 φθαρὲν
875 2429 966 2480 ἐπὶ
1005 2429 1109 2498 γῆς
1149 2430 1244 2482 καὶ
1275 2430 1652 2505 πλημμυρίσιν

129 2510 258 2564 {ira}:
283 2513 552 2582 καλυφθὲν,
593 2512 761 2580 αὖθις
790 2517 976 2591 ῶσπερ
1007 2522 1071 2573 ὲκ
1105 2521 1313 2592 νεκρῶν
1355 2523 1652 2578 ἀναϐιώσε-

130 2597 461 2672 σθαιηορείαν
503 2606 561 2659 δέ
597 2624 691 2670 τις
733 2609 948 2682 μακράν
988 2613 1074 2663 ἐπ’
1114 2611 1415 2686 ἀλλοδαπὴν
1454 2618 1519 2670 ἐκ
1551 2618 1652 2687 τῆς

311 2695 670 2766 στελλόμενος,
702 2700 864 2753 πάλιν
891 2701 990 2771 τὴν
1023 2702 1212 2757 ἐλπίδα
1232 2705 1327 2758 καὶ
1351 2707 1447 2774 τὴν
1471 2707 1652 2763 πίστιν

130 2776 288 2842 ἀγαθὰς
322 2783 534 2851 ὁδηγοὺς
563 2787 754 2856 ἐαυτῷ
782 2790 1158 2858 συνεπάγεται.
1192 2793 1300 2846 Καὶ
1326 2793 1377 2847 τί
1404 2795 1511 2865 γὰρ
1535 2796 1650 2850 ἀλλ’

131 2867 155 2935 ἦ
178 2869 244 2920 τὸν
270 2872 425 2926 πάντα
453 2877 563 2933 τῶν
591 2877 903 2950 ἀνθρώπιον
945 2880 1056 2950 βίον
1080 2883 1225 2936 δυοῖν
1255 2885 1458 2940 τούτων
1485 2887 1584 2959 ὰνη
1593 2906 1652 2960 ρ-

349 2964 550 3030 ἐλπίδος
568 2986 631 3021 τε
648 2971 747 3022 καὶ
766 2967 1020 3034 πίστεως,
1042 2974 1525 3048 καταλαμϐάνομεν
1544 2995 1558 3044 ;
1579 2959 1644 3032 Τί

192 3048 462 3121 θαυμάζεις,
481 3061 528 3111 εί
545 3061 643 3113 καὶ
658 3060 728 3114 τὰ
746 3062 1024 3132 κρείττονα
1043 3064 1183 3118 κατά
1201 3067 1297 3138 τὴν
1315 3047 1509 3140 ψυχὴν,
1537 3072 1651 3137 τοῖς

133 3138 204 3204 μὲν
221 3140 289 3194 διὰ
313 3145 532 3212 πίστεως
563 3151 943 3224 παραδίδοται,
977 3151 1058 3218 οἷς
1089 3159 1149 3210 οὐ
1175 3158 1338 3230 σχολὴ
1360 3138 1648 3228 λογικώτε-

1751 1960 1892 2030 phiaa
1919 1969 2128 2030 partem
2159 1962 2326 2016 ullam
2369 1963 2657 2032 quisquam
2705 1963 3012 2034 attingeret,
3055 1964 3160 2019 nisi
3192 1964 3316 2033 ejus

1751 2049 2145 2119 professionem
2177 2051 2298 2107 usui
2319 2062 2442 2107 ante
2469 2053 2572 2107 sibi
2609 2051 2724 2107 fore
2745 2055 3006 2109 crederet.
3032 2055 3210 2125 Atque
3243 2057 3322 2110 ita

1751 2137 1954 2195 factum
1986 2141 2252 2206 videmus,
2300 2151 2358 2195 ut
2398 2141 2537 2196 alius
2572 2140 2792 2212 Epicuri
2827 2155 3030 2199 sectam
3074 2145 3316 2214 eligeret,

1752 2229 1896 2285 alius
1929 2230 2179 2300 cynicum
2225 2229 2438 2284 vivendi
2483 2245 2653 2300 genus
2694 2230 3058 2298 aemularetur,
3093 2233 3160 2286 ad
3189 2231 3316 2287 Pla-

1753 2323 1917 2388 tonis,
1951 2322 2016 2375 ad
2051 2321 2358 2376 Aristotelis
2405 2321 2548 2375 alius
2588 2337 2708 2378 sese
2735 2322 3073 2392 disciplinam
3118 2324 3317 2394 adjun-

1752 2420 1918 2482 geret,
1966 2411 2105 2466 alius
2159 2411 2393 2482 denique
2433 2411 2744 2468 Stoicorum
2795 2415 3047 2486 dogmata
3105 2419 3316 2474 caeteris

1753 2501 2010 2555 omnibus
2039 2500 2335 2556 anteferret
2369 2520 2383 2558 :
2415 2503 2494 2558 sic
2519 2514 2578 2558 ut
2599 2506 2794 2576 singuli
2824 2506 3087 2576 quidquid
3116 2509 3317 2578 proba-

1751 2601 1891 2656 rent,
1926 2593 1979 2647 id
2019 2595 2122 2648 ﬁde
2148 2595 2380 2663 quadam
2415 2610 2618 2665 speque
2648 2597 2858 2652 meliori
2897 2608 3155 2669 tanquam
3208 2602 3313 2657 sibi

1751 2683 2095 2752 profuturum
2121 2695 2366 2740 amarent
2390 2695 2551 2756 atque
2588 2690 2899 2743 retinerent.
2917 2687 3008 2746 Sic
3030 2703 3173 2760 artes
3197 2710 3312 2761 eas,

1752 2789 1872 2843 qua:
1900 2773 2089 2828 mediae
2130 2775 2496 2840 nominantur,
2546 2777 2794 2831 homines
2840 2780 3106 2848 persecuti
3135 2791 3262 2836 sunt
3297 2799 3310 2834 :

1750 2873 1805 2919 et
1831 2864 1920 2918 alii
1950 2867 2165 2935 quidem
2197 2868 2276 2921 rei
2309 2867 2528 2921 militari
2588 2883 2647 2923 se
2691 2869 2922 2935 dedere;
2951 2881 3309 2928 mercaturam

1751 2955 1838 3009 alii
1857 2955 2100 3012 factitare
2126 2959 2452 3026 maluerunt,
2475 2975 2537 3012 ea
2582 2959 2839 3015 nimirum
2869 2961 2973 3016 ﬁde
2999 2977 3064 3017 ac
3088 2978 3312 3033 persua-

1752 3047 1904 3102 sione
1927 3049 2096 3103 multo
2124 3059 2246 3104 ante
2293 3050 2530 3113 adducti,
2553 3050 2696 3121 quod
2726 3051 2991 3120 ejusmodi
3019 3053 3142 3108 vita:
3171 3055 3312 3109 ratio

1751 3138 2042 3207 plurimum
2075 3143 2177 3196 sibi
2235 3143 2300 3196 ad
2323 3157 2441 3196 eam
2490 3141 2742 3196 tuendam
2766 3146 2886 3213 epis
2909 3152 3056 3214 esset
3077 3159 3140 3200 ac
3159 3161 3310 3200 com-

133 3244 200 3293 ρον
220 3232 273 3285 τὰ
294 3237 420 3289 κατὰ
453 3207 621 3310 μέρος
647 3207 1020 3311 παιδεύεσθαι,
1039 3207 1161 3311 irati;
1283 3207 1377 3303 καὶ
1403 3207 1528 3316 τοὺς
1556 3254 1644 3307 λό-

1748 3231 2024 3285 meditatis
2079 3231 2323 3286 allatura.
2381 3229 2700 3302 Nuptiarum
2757 3207 2920 3287 etiam
2970 3212 3160 3303 prima:
3203 3235 3308 3290 illa:

128 3334 225 3384 γους
249 3326 418 3392 αὐτοὺς
437 3332 668 3400 πάρεστι
698 3335 961 3404 μετιέναι,
983 3339 1195 3403 καὶτὰς
1220 3342 1519 3410 ἀποδείξεις
1536 3345 1644 3399 τῶν

127 3414 505 3488 πρεσϐευομένων
542 3425 878 3493 μανθάνειν;
917 3427 1072 3482 Ἀλλὰ
1097 3430 1205 3502 γὰρ
1238 3433 1294 3485 ἐν
1325 3433 1487 3506 ὀλίγῳ
1524 3435 1644 3488 τού-

125 3509 326 3577 τωνήμῐν
342 3512 431 3564 οὐκ
459 3516 537 3578 είς
565 3515 845 3588 ἄχρηστον
869 3523 1453 3592 προγεγυμνασμένων,
1483 3526 1643 3580 ἀνίω-

127 3612 198 3660 μεν
224 3599 300 3652 ἐπὶ
323 3602 410 3674 τὴν
435 3606 660 3678 πρώτην
686 3612 1039 3680 κατηγορίαν·
1074 3616 1169 3667 καὶ
1196 3615 1339 3679 τίνες
1369 3616 1517 3680 ὄντες
1547 3621 1642 3674 καὶ

124 3688 243 3779 τόθεν
276 3695 590 3767 ὁρμώμενοι,
626 3704 743 3764 τοῖς
781 3702 1168 3776 διερωτήσασιν
1197 3707 1636 3779 ἀποκρινώμεθα.

125 3776 210 3832 Ὅτι
237 3784 321 3852 μὲν
345 3781 430 3890 ούν
451 3790 513 3842 τὺ
543 3792 706 3860 γένος
741 3795 998 3866 Ἕλληνες
1021 3797 1190 3861 ὄντες,
1221 3799 1316 3851 καὶ
1345 3776 1414 3851 ad
1453 3776 1681 3902 ἙλλήἿ

123 3888 198 3922 νων
222 3879 536 3947 ᾳρονοῦντες,
573 3884 642 3936 ἐκ
698 3887 968 3940 παντοίων
1014 3905 1071 3940 τε
1115 3887 1303 3951 ἐθνῶν,
1343 3889 1488 3942 ὼσὰν
1526 3909 1640 3944 νεο-

122 3955 261 4015 lima
295 3972 537 4038 στρατιᾶς
567 3972 797 4041 λογάδες
832 3974 1246 4045 συνειλεγμένοι,
1281 3975 1380 4046 τῆς
1410 3977 1636 4047 πατρίου

123 4048 467 4126 δεισιδαιμονίας
495 4063 808 4116 ἀποστάται
827 4063 1254 4136 καθεστήκαμεν,
1285 4065 1470 4120 οὐδ’ἆν
1485 4066 1636 4120 αὐτοί

123 4156 220 4196 ποτε
249 4146 610 4222 ἀρνηθείημεν·
643 4153 788 4206 ἀλλὰ
829 4155 922 4208 καὶ
952 4157 1032 4208 ὅτι
1060 4161 1175 4219 ταῖς
1211 4158 1518 4222 Ἰουδαῖκαῖς
1553 4158 1635 4228 βί-

122 4234 227 4299 εὶοις
248 4244 677 4314 προσανέχοντες,
699 4245 810 4298 κάκ
821 4244 928 4298 τῶν
947 4247 1073 4318 παρ’
1090 4248 1273 4310 αὐτοῖς
1290 4250 1634 4320 προφητειῶν

119 4326 167 4377 τὰ
193 4329 381 4387 πλεῖστα
407 4334 497 4388 τοῦ
527 4337 655 4390 καθ’
693 4339 844 4408 ἡμᾶς
871 4337 1024 4406 λόγου
1063 4339 1401 4407 συνάγοντες,
1429 4341 1528 4394 οὐκ
1556 4341 1631 4394 ἔθ’

294 4423 382 4494 ζῇν
412 4429 523 4489 τοῖς
567 4430 635 4479 ἐκ
663 4429 968 4498 περιτομῆς
998 4431 1288 4500 προσφιλὲς
1329 4432 1628 4504 ἡγούμεθα,

1744 3325 2177 3394 congressiones,
2211 3324 2437 3394 ejusque
2484 3325 2597 3394 spei
2636 3340 2756 3394 qua:
2790 3326 2994 3382 sobolis
3033 3342 3306 3398 propaga-

1743 3415 1944 3470 tionem
1975 3417 2218 3470 intuetur
2263 3416 2676 3484 conjunctiones
2735 3427 2960 3481 mutuae,
2994 3433 3061 3473 ex
3094 3419 3306 3474 sincera

1742 3507 1974 3575 quadam
2003 3508 2324 3577 egregiaque
2371 3508 2476 3562 ﬁde
2533 3497 2746 3561 initium
2791 3509 3115 3566 habuerunt.
3167 3510 3307 3568 Prte-

1741 3605 1887 3652 terea
1910 3599 2304 3668 navigationem
2339 3600 2462 3668 quis
2493 3599 2726 3653 adornat
2753 3602 2974 3670 ancipiti
3011 3605 3182 3672 exitu,
3207 3609 3302 3676 qui

1740 3704 1848 3745 non
1880 3691 1984 3744 alia
2037 3692 2188 3760 prius
2224 3691 2452 3744 salutem
2509 3707 2663 3746 suam
2697 3708 2862 3762 quam
2895 3695 3018 3749 ﬁdei
3060 3696 3302 3767 laetaque

1740 3782 1853 3850 spei
1881 3783 2119 3837 anchora
2175 3781 2518 3836 fundaverit?
2541 3782 2698 3838 Alius
2750 3784 2878 3838 item
2913 3785 3300 3854 agriculturam

1738 3880 1973 3936 exercet,
2027 3873 2282 3942 jactoque
2314 3873 2366 3926 in
2416 3882 2615 3928 terram
2674 3875 2884 3930 semine
2939 3875 3087 3930 domi
3128 3879 3299 3946 sedet,

1738 3965 2072 4033 tempestatis
2103 3963 2513 4019 conversionem
2561 3972 2901 4035 eXspectans,
2946 3965 3302 4039 futurumque

1739 4059 1839 4112 sibi
1870 4063 2219 4129 persuadens,
2255 4072 2316 4118 ut
2347 4079 2528 4120 semen
2571 4065 2699 4118 illud
2727 4064 2839 4132 jam
2889 4064 2945 4118 in
2993 4075 3150 4120 terra;
3173 4081 3296 4136 gre-

1737 4152 1848 4205 mio
1879 4163 2214 4223 corruptum,
2241 4169 2305 4210 ac
2331 4155 2633 4224 pluviarum
2668 4153 3110 4210 inundationibus
3131 4157 3300 4210 obru-

1735 4251 1870 4306 tum,
1901 4244 2078 4298 denuo
2099 4255 2354 4315 tanquam
2375 4261 2442 4300 ex
2472 4246 2586 4314 ipsa
2615 4256 2786 4300 morte
2806 4246 3113 4301 reviviscat.
3141 4247 3296 4301 Alius

1733 4347 1896 4402 porro
1923 4335 2142 4404 longum
2172 4351 2236 4390 ex
2284 4336 2456 4404 patria
2478 4337 2530 4388 in
2561 4344 2801 4390 exteram
2858 4336 3094 4405 aliquam
3118 4337 3294 4406 regio-

1733 4441 1856 4480 nem
1885 4428 1985 4482 iter
2011 4428 2321 4495 instituens,
2361 4444 2510 4498 spem
2539 4429 2790 4484 similiter
2817 4439 2980 4498 atque
2999 4428 3157 4484 ﬁdem
3187 4429 3291 4483 sibi

119 4510 182 4559 κιὶ
213 4513 333 4566 τοῦτ’
357 4515 419 4571 ἂν
451 4519 687 4571 αὐτόθεν
705 4519 1152 4591 ὁμολογήσαιμεν.
1182 4523 1318 4594 Ὥρα
1349 4527 1633 4597 τοιγαροῦν

1744 4518 2002 4587 adjungit,
2059 4517 2268 4574 faustas
2311 4521 2498 4589 utique
2548 4519 2653 4574 sibi
2687 4519 2786 4574 vim
2843 4520 3010 4576 duces
3055 4518 3292 4577 futuras.

118 4601 267 4656 πὶτων
289 4608 370 4659 τὸν
385 4609 794 4680 αἱτιολογισμὺν
817 4612 1088 4683 ὑποσχεῖν.
1105 4615 1228 4677 Πῶς
1255 4611 1346 4668 οὖν
1368 4616 1433 4670 ἂν
1460 4617 1633 4683 ἄλλως

117 4688 308 4777 ἔξαιμεν
331 4696 383 4753 εὖ
428 4703 800 4773 πεποιηκέναι
833 4703 901 4756 τὰ
939 4706 1142 4777 πάτρια
1180 4707 1630 4777 καταλείψαντες,

114 4776 138 4847 ἢ
161 4785 331 4850 πρῶτον
354 4793 425 4855 εἰς
451 4791 618 4862 μέσον
644 4792 790 4846 αὐτὰ
810 4776 1197 4866 παραθέμενοι,
1221 4800 1313 4852 καὶ
1337 4776 1632 4868 ἀγαγόντες

114 4872 180 4925 ὑπ’
213 4878 312 4946 όψιν
340 4884 439 4936 τῶν
481 4882 925 4955 έντευξομένωνς
966 4887 1120 4942 Οὕτω
1165 4888 1274 4960 γὰρ
1315 4891 1383 4944 δον
1426 4891 1632 4959 γένοιτο

112 4969 271 5040 φανερά
295 4977 377 5028 καὶ
408 4979 506 5047 τῆς
541 4977 914 5048 εύαγγελικῆς
946 4979 1270 5047 ἀποδείξεως
1310 4983 1343 5051 ἡ
1383 4983 1501 5036 Θεία
1540 4983 1631 5037 δύ-

113 5074 248 5125 ναμις,
274 5066 317 5117 εἰ
335 5071 440 5131 τοῖς
467 5070 607 5121 πᾶσι
644 5067 758 5138 πρὸ
786 5067 1080 5141 ὀφθαλμῶν
1105 5071 1310 5142 τεθείη,
1340 5072 1500 5127 τίνων
1533 5075 1628 5127 καὶ

110 5149 259 5207 ὁποίων
275 5159 445 5212 κακῶν
465 5159 566 5232 τὴν
603 5160 755 5214 ἴασιν
791 5161 1216 5230 εὐαγγελίζεται.
1243 5162 1368 5227 Πῶς
1382 5147 1438 5218 ’δ’
1471 5164 1538 5218 ἂν
1569 5165 1631 5217 τὸ

111 5238 275 5308 εὖλσγον
298 5249 387 5319 τῆς
415 5251 522 5303 τῶν
559 5250 868 5305 Ἰουδαϊκῶν
895 5254 1233 5323 γραμμάτων
1261 5255 1630 5325 μεταδιώξεως

113 5335 272 5418 fuit},
295 5338 361 5409 μὴ
379 5342 494 5411 οὐχὶ
517 5343 613 5396 καὶ
635 5341 744 5410 τῆς
764 5343 964 5396 τούτων
983 5346 1180 5415 ἀρετῆς
1200 5345 1625 5418 ἀποδειχθείσης;

113 5416 194 5471 Τίνι
223 5439 272 5477 τε
292 5429 424 5501 λόγῳ
457 5432 558 5495 τὰς
594 5434 734 5504 παρ’
768 5434 949 5498 αὐτοῖς
983 5436 1198 5507 γραφὰς
1237 5416 1624 5508 ἀσπαζόμενδιν

203 5516 358 5586 ὅμοιον
385 5523 474 5576 τοῦ
517 5524 640 5594 βίου
682 5527 884 5596 τρόπον
924 5529 1305 5599 ἀποκλίνομεν,
1347 5529 1530 5594 καλῶς
1561 5531 1629 5585 ἂν

119 5597 192 5669 ’τις
216 5607 428 5666 διελθεῖνο
459 5619 557 5671 καὶ
596 5619 698 5672 ἐπὶ
736 5623 887 5685 πᾶσι,
915 5623 996 5685 τίς
1021 5624 1050 5676 ὁ
1081 5597 1202 5675 καθς
1230 5624 1375 5694 ἡμᾶς
1404 5623 1505 5693 τῆς
1532 5624 1625 5677 εὐ-

122 5699 344 5785 αΤΤελαῆς
375 5710 691 5775 ὑποθέσεως
729 5711 900 5781 λόγος,
943 5714 1036 5767 καὶ
1066 5715 1151 5778 τίς
1196 5713 1264 5768 ἂν
1307 5715 1509 5785 κυρίως
1538 5715 1626 5767 λε-

123 5784 278 5863 ΝΜ
313 5800 758 5874 Χριστιανισμδς,
801 5804 912 5858 οὔθ’
957 5804 1306 5880 Ἑλληνισμὸς
1355 5784 1449 5874 ῶν,
1495 5804 1620 5861 οὔτε

1732 4609 1872 4676 Quid
1899 4610 2044 4664 aliud
2097 4611 2330 4680 denique
2385 4611 2638 4665 manibus
2692 4610 2971 4680 oculisque
3021 4619 3294 4676 tenemus,

1731 4717 1893 4772 quem
1928 4703 2092 4757 vitam
2135 4703 2413 4756 hominum
2444 4703 2752 4758 universam
2783 4717 2848 4757 ex
2883 4703 3093 4759 duabus
3141 4705 3296 4760 hisee

1729 4793 1917 4857 rebus,
1943 4808 2037 4862 spe
2057 4793 2313 4847 nimirum
2343 4793 2578 4862 ﬁdeque,
2600 4807 2918 4863 suspensam
2949 4795 3156 4848 teneri?
3189 4795 3298 4865 ιϐ

1729 4883 1870 4951 Quid
1893 4900 2024 4954 ergo
2050 4899 2229 4939 causae
2260 4893 2344 4939 est
2371 4885 2726 4955 quamobrem
2753 4885 2888 4941 adeo
2913 4887 3146 4952 mireris,
3165 4873 3293 4956 q'ui-

1729 4977 1832 5032 bus
1860 4991 1970 5029 non
1999 4984 2156 5030 vacat
2207 4974 2388 5030 omnia
2432 4975 2704 5043 sigillatim
2740 4989 2804 5030 ac
2854 4977 3107 5036 subtilius
3133 4975 3291 5030 addi-

1729 5083 1901 5136 scere,
1927 5069 2232 5123 illisdivina
2283 5068 2417 5134 haec,
2473 5069 2780 5139 quibusque
2834 5078 3044 5125 tantum
3073 5069 3292 5124 animus

1728 5157 2075 5225 informatur,
2105 5169 2372 5228 praecepta
2395 5158 2519 5215 ﬁdei
2566 5175 2728 5214 manu
2782 5159 2953 5224 tradi;
2990 5158 3110 5212 aliis
3163 5173 3292 5213 vero

1726 5250 1892 5305 licere
1928 5258 2185 5319 praeterea
2224 5250 2370 5319 ipsas
2392 5265 2611 5320 quoque
2651 5249 2916 5320 vestigare
2943 5248 3204 5316 rationes,
3236 5260 3293 5306 et

1726 5357 1916 5399 eorum
1971 5356 2091 5411 quae
2150 5352 2473 5397 asseruntur
2521 5343 2894 5411 docenturque
2951 5341 3290 5396 demonstra-

1729 5435 1902 5490 tiones
1928 5435 2218 5504 indagare?
2243 5433 2347 5488 Sed
2381 5435 2526 5489 enim
2572 5450 2744 5504 pauca
2782 5435 2896 5488 haec
2921 5432 3077 5503 quasi
3102 5433 3290 5502 prolu-

1727 5525 1893 5581 sionis
1919 5540 2084 5580 causa
2115 5541 2214 5579 nec
2243 5525 2361 5581 sine
2410 5525 2640 5580 utilitate
2691 5523 2920 5594 prafati,
2953 5523 3021 5579 ad
3051 5525 3287 5594 primum

1725 5616 2090 5672 accusationis
2117 5625 2282 5687 caput
2313 5616 2612 5692 aliquando
2649 5617 2957 5680 redeamus,
2981 5627 3036 5672 et
3063 5617 3288 5685 quinam

1725 5711 1921 5774 simus,
1959 5725 2161 5782 quasve
2205 5709 2376 5764 secuti
2429 5718 2584 5763 antea
2640 5707 2763 5762 vitae
2800 5709 3057 5774 rationes,
3089 5708 3156 5762 iis
3193 5705 3286 5776 qui

1723 5813 2015 5873 utrumque
2039 5817 2104 5872 ex
2133 5801 2290 5858 nobis
2309 5814 2550 5871 quzerere
2590 5799 2767 5856 solent
2787 5839 2804 5868 ,
2841 5789 3285 5867 respondeamus.
