3798 6220
422 348 494 404 47
1057 345 1328 404 EUSEBH
1367 344 1842 402 CIESARIENSIS
1875 344 2023 400 OPP.
2075 343 2255 398 PARS
2293 341 2356 398 11.
2397 374 2469 383 -
2505 341 3004 399 APOLOGETICA.
3604 337 3677 395 48

419 461 531 520 Nos
559 464 719 536 igitur
746 471 798 520 et
822 479 1018 535 genere
1041 462 1261 520 Grmcos
1276 479 1416 530 esse,
1441 472 1493 518 et
1522 462 1833 519 Graecorum
1857 463 1983 518 olim

2117 460 2448 532 Ιουδαῖσμδς,
2478 460 2615 514 ἀλλά
2639 477 2723 523 τις
2755 459 2914 531 καινὴ
2944 458 3035 512 καὶ
3059 453 3264 528 ἀληθὴς
3300 451 3574 520 θεοσοφία,
3613 448 3679 514 ἐξ

419 554 718 615 sententias
745 571 1032 626 moresque
1070 556 1382 626 complexos
1425 555 1615 622 fuisse,
1636 570 1779 610 nunc
1806 565 1985 610 autem

418 663 488 704 ex
511 648 782 704 universis
829 647 1162 710 nationibus,
1217 657 1473 717 tanquam
1531 647 1826 702 novissime
1858 661 1990 716 con:

419 739 610 811 scripti
642 739 913 795 exercitus
973 739 1204 793 selectos
1249 738 1590 809 eximiosque
1629 738 1827 793 milites
1855 753 1987 794 con-

419 841 721 905 gregatosa
753 830 926 900 patria
983 831 1373 900 superstitione
1426 829 1707 896 defecisse,
1766 843 1834 883 ne
1883 829 1987 899 ipsi

417 924 636 996 quidem
658 923 1055 995 negaverimus.
1093 922 1359 978 Praeterea
1401 922 1579 985 nobis,
1600 937 1724 976 cum
1769 920 1988 976 Judaao-

414 1031 540 1072 rum
590 1009 798 1071 litieras
851 1016 1234 1086 approbemus,
1285 1016 1689 1085 maximamque
1727 1015 1988 1070 doctrinae

414 1116 619 1164 nostra:
666 1115 875 1178 partem
921 1121 988 1162 ex
1031 1121 1220 1162 eorum
1287 1105 1588 1178 prophetiis
1644 1105 1985 1176 colligamus,

414 1215 522 1254 non
542 1199 682 1256 idem
716 1208 895 1253 tamen
950 1197 1207 1267 amplius,
1262 1212 1374 1267 quo
1418 1195 1852 1251 circumcisionis
1890 1196 1984 1250 de-

412 1289 662 1346 fensores
693 1297 941 1356 utuntur,
957 1290 1079 1343 vitae
1107 1303 1278 1359 genus
1307 1288 1541 1357 placere,
1575 1288 1626 1342 id
1649 1302 1776 1341 vero
1793 1298 1985 1356 sponte

411 1396 633 1452 quoque
663 1382 915 1450 ultroque
956 1378 1248 1434 fateamur.
1294 1377 1450 1433 Nunc
1478 1393 1607 1448 ergo
1641 1386 1854 1447 tempus
1901 1387 1984 1433 est

413 1473 641 1528 istorum
663 1471 907 1525 omnium
931 1470 1190 1525 reddendi
1209 1469 1496 1524 rationem.
1523 1467 1772 1535 Quonam
1802 1477 1980 1523 autem

2091 555 2262 625 αὐτῆς
2296 554 2395 623 τῆς
2428 553 2796 625 προσηγορίας
2827 553 2925 622 τὴν
2949 547 3297 619 καινοτομίαν
3333 543 3673 613 ἐπαγομένη.

2092 646 2224 718 Φέρε
2249 641 2342 698 οὖν
2367 645 2430 715 δὴ
2461 645 2675 715 πρῶτον
2696 644 2951 698 ἁπάντων
2982 640 3079 704 τὰς
3104 637 3470 699 παλαιοτάτας
3493 635 3586 688 καὶ
3608 633 3677 704 δὴ

2093 739 2186 793 καὶ
2211 737 2310 801 τὰς
2333 737 2592 810 πατρίους
2623 736 2781 807 ἡμῶν
2804 733 2982 788 αὐτῶν
3012 731 3310 799 θεολογίας,
3331 727 3471 782 κατά
3493 729 3679 780 πᾶσαν

2097 828 2248 882 πόλιν
2283 828 2450 882 εἰσέτι
2478 829 2572 882 καὶ
2589 827 2683 881 νῦν
2713 825 2975 899 τεθρυλλη
2987 825 3152 895 μένας
3181 821 3672 892 ὲπιθεωρήσωμεν,

2093 920 2190 982 τάς
2211 936 2267 971 τε
2300 936 2356 972 σε
2365 919 2501 991 μνάς
2511 918 2618 972 τῶν
2634 916 2892 986 γενναίων
2911 916 3211 987 φιλοσόφων
3243 913 3368 982 περί
3390 929 3447 963 τε
3466 911 3679 980 κόσμου

2096 1010 2406 1074 συστάσεως
2418 1011 2513 1063 καὶ
2529 1028 2595 1064 πε
2605 1012 2656 1082 pl.
2671 1010 2808 1064 θεῶν
2824 1010 3119 1080 διαλήψεις
3130 1007 3213 1059 ἵνα
3223 1005 3438 1074 γνῶμεν
3454 1001 3564 1055 εἴτε
3581 999 3680 1054 καὶ

2091 1101 2264 1172 ὀρθῶς
2280 1102 2487 1172 ἀπέστη
2498 1120 2594 1173 μεν
2613 1102 2812 1166 αὐτῶν,
2828 1102 2935 1155 εἴτε
2957 1101 3048 1154 καὶ
3068 1099 3326 1171 μή.Θήσω
3347 1098 3403 1151 δὲ
3423 1097 3559 1150 οὐκὲ
3568 1093 3681 1166 μὰς

2091 1193 2273 1262 φωνὰς
2296 1195 2354 1246 ὲν
2462 1194 2568 1247 τῶν
2594 1193 2938 1265 δηλουμένων
2967 1194 3247 1262 ὲκφάνσει,
3275 1190 3385 1243 ἀλλ’
3408 1187 3586 1241 αὐτῶν
3611 1186 3679 1257 δὴ

2087 1285 2196 1337 τῶν
2227 1284 2460 1356 μάλιστα
2481 1284 2577 1356 τὴν
2593 1286 2721 1358 περὶ
2747 1285 2841 1349 οὓς
2868 1303 2998 1354 φασι
3015 1285 3189 1348 θεοὺς,
3219 1281 3496 1336 εὐσέϐειαν
3516 1295 3681 1349 περι-

2092 1376 2426 1430 σπούδαστον
2451 1378 2848 1447 πεποιηκότων,
2873 1378 2948 1441 ὡς
2978 1377 3085 1431 ave
3111 1376 3266 1444 λόγος
3282 1373 3498 1443 ἁπάσης
3520 1368 3683 1432 ἐκτὸς

2086 1469 2187 1541 τῆς
2221 1471 2349 1540 περὶ
2385 1470 2479 1523 τοῦ
2525 1471 2855 1524 πλάττεσθαι
2895 1472 3043 1541 ἡμᾶς
3068 1468 3322 1530 ὑπονοίας
3345 1464 3682 1534 κατασταίη.

411 1567 521 1624 alio
584 1566 847 1636 consequi
880 1566 1042 1622 modo
1099 1565 1416 1634 poterimus,
1472 1573 1531 1618 ut
1581 1565 1718 1620 ritus
1771 1565 1978 1635 patrios
2012 1565 2135 1635 jure
2205 1581 2268 1619 ac
2337 1566 2534 1621 merito
2576 1565 2885 1622 deseruisse
2933 1564 3232 1627 videamur,
3271 1576 3433 1632 quam
3468 1559 3511 1615 si
3553 1558 3686 1614 illos

411 1660 564 1731 ipsos
597 1660 652 1715 in
686 1661 924 1716 medium
967 1659 1332 1730 producamus
1354 1699 1369 1724 ,
1405 1666 1460 1713 et
1494 1673 1708 1723 eorum,
1743 1659 1835 1729 qui
1881 1659 1981 1714 hos
2021 1659 2073 1712 in
2132 1659 2302 1714 libros
2337 1658 2646 1724 inciderint,
2689 1659 2759 1713 ob
2829 1658 3016 1712 oculos
3069 1653 3378 1727 ponamus?
3409 1652 3499 1707 Sic
3527 1649 3682 1706 enim

411 1752 736 1824 evangelicae
779 1766 997 1823 quoque
1048 1752 1530 1808 demonstrationis
1561 1752 1642 1807 vis
1677 1751 1769 1807 illa
1799 1752 1981 1807 divina
2022 1752 2225 1808 clarius
2292 1754 2579 1816 elucescet,
2613 1755 2660 1808 si
2689 1754 2863 1808 oculis
2902 1766 3093 1806 omnes
3143 1763 3411 1817 usurpare
3477 1757 3682 1816 potue-

411 1846 543 1913 rint,
589 1862 824 1918 quorum
871 1847 1087 1902 tandem
1131 1855 1185 1902 et
1245 1846 1552 1917 cuiusmodi
1616 1847 1881 1903 malorum
1922 1863 1984 1902 ea
2058 1848 2384 1902 medicinam
2423 1848 2652 1903 feliciter
2699 1846 3000 1902 annnntiet.
3030 1843 3150 1910 Quo
3193 1851 3351 1912 pacto
3413 1851 3682 1910 praeterea

411 1956 514 1997 nos
560 1955 896 2012 magnacum
925 1940 1138 1995 ratione
1185 1938 1499 1996 Iudaeorum
1545 1940 1754 1996 litteras
1824 1952 2146 2010 persecutos
2195 1959 2316 1999 esse
2381 1943 2670 2006 constabit,
2740 1942 2846 1996 nisi
2886 1956 3074 1996 earum
3127 1939 3292 1994 etiam
3350 1937 3461 1991 vim
3507 1944 3684 2005 atque

410 2038 790 2095 auctoritatem
825 2037 1218 2093 ostendamus?
1276 2035 1395 2092 Jam
1436 2052 1564 2092 vero
1603 2037 1926 2108 praeclarum
1986 2039 2145 2093 simul
2195 2039 2377 2106 fuerit,
2409 2055 2573 2108 quam
2640 2038 2710 2092 ob
2746 2052 2968 2092 causam
3036 2034 3129 2105 qui
3183 2034 3425 2102 ipsorum
3485 2045 3685 2084 monu-

410 2142 594 2189 menta
621 2131 1072 2202 complectamur,
1103 2133 1338 2187 similem
1403 2141 1584 2187 tamen
1621 2132 1745 2186 vitae
1816 2135 2265 2189 consuetudinem
2328 2135 2699 2206 repudiemus,
2731 2133 3048 2197 OStendere;
3116 2129 3183 2184 ad
3214 2138 3517 2184 extremum
3552 2141 3684 2195 quas

410 2237 596 2285 nostra
656 2229 729 2284 sit
782 2229 1107 2300 evangelicae
1161 2227 1426 2283 doctrina:
1475 2228 1637 2291 ratio.
1673 2229 1798 2298 quis
1856 2230 1985 2285 item
2054 2229 2271 2300 proprie
2330 2229 2784 2284 Cbristianismus
2823 2227 3157 2290 nominetur,
3201 2225 3401 2292 quippe
3431 2220 3523 2291 qui
3574 2235 3681 2274 ne-

409 2339 516 2394 que
544 2323 858 2379 Graecorum
891 2323 981 2389 sit,
1012 2337 1187 2394 neque
1225 2321 1537 2378 Judaeorum
1575 2325 1910 2393 institutum,
1952 2325 2046 2381 sed
2087 2341 2276 2381 recens
2302 2325 2558 2395 quaedam
2585 2341 2819 2395 veraque
2851 2323 2940 2378 Dei
2980 2321 3266 2391 sapientia,
3293 2334 3415 2390 quae
3444 2317 3526 2372 vel
3557 2317 3682 2387 ipso

408 2419 630 2475 nomine
675 2417 1027 2485 professionis
1061 2434 1174 2474 sua:
1233 2419 1528 2474 novitatem
1577 2435 1688 2489 prae
1715 2435 1773 2474 se
1822 2420 1980 2475 ierat.
2023 2421 2134 2492 Age
2173 2421 2388 2492 itaque,
2447 2421 2846 2476 vetustissimas
2887 2421 3131 2488 adeoque
3169 2418 3290 2472 illas
3335 2417 3502 2486 ipsas,
3536 2431 3684 2487 quas

409 2528 442 2569 a
496 2513 799 2584 majoribus
852 2513 1164 2584 accepimus
1192 2514 1259 2569 de
1289 2513 1515 2569 deorum
1569 2522 1761 2569 natura
1810 2515 2127 2580 sententias,
2173 2529 2402 2585 quaeque
2442 2515 2496 2567 in
2560 2513 2814 2568 omnibus
2870 2513 3075 2583 passim
3113 2513 3338 2568 urbibus
3376 2516 3683 2567 etiamnum

405 2609 599 2678 jactari
616 2608 820 2672 solent;
840 2623 1054 2678 unaque
1070 2610 1490 2680 pergravesillas
1505 2612 1846 2680 egregiorum
1881 2612 2350 2681 philosophorum,
2389 2609 2456 2664 de
2472 2609 2658 2664 mundi
2694 2625 2759 2664 ac
2781 2609 3006 2663 deorum
3049 2611 3290 2678 ipsorum
3310 2608 3539 2679 origine,
3556 2608 3685 2662 dis-

404 2702 715 2772 putationes
740 2708 865 2755 ante
911 2700 1092 2755 omnia
1114 2701 1544 2771 contemplemur
1576 2721 1587 2756 :
1618 2702 1699 2757 sic
1733 2702 1878 2756 enim
1914 2703 2299 2774 intelligemus,
2330 2702 2524 2771 jureue
2582 2716 2652 2754 an
2704 2716 2862 2755 secus
2919 2700 2988 2754 ab
3040 2700 3233 2754 iisdem
3265 2700 3682 2755 recesserimus.

411 2796 513 2866 17
533 2793 721 2850 Verbis
741 2803 943 2862 autem,
967 2794 1020 2848 in
1045 2794 1112 2850 iis
1134 2811 1254 2865 qua:
1286 2795 1384 2851 abs
1425 2812 1511 2851 me
1555 2798 1850 2866 prodentur
1887 2809 2049 2868 atque
2072 2798 2460 2868 vulgabuntur,
2507 2810 2616 2850 non
2651 2797 2788 2850 meis
2819 2805 2962 2859 utar,
3001 2796 3095 2850 sed
3135 2797 3375 2861 illorum,
3411 2795 3500 2862 qui
3534 2811 3686 2864 quos

410 2889 513 2956 ipsi
542 2887 673 2943 deos
699 2899 915 2955 vocant,
963 2903 1155 2944 eorum
1190 2889 1396 2945 cultum
1427 2892 1690 2962 singulari
1740 2909 1802 2948 ac
1837 2896 2107 2964 praecipua
2141 2893 2486 2948 contentione
2541 2892 2832 2962 studioque
2883 2889 3262 2958 defenderunt,
3312 2901 3371 2946 ut
3418 2891 3486 2946 ab
3524 2889 3684 2946 omni

409 2978 646 3049 ﬁngendi
678 2977 1156 3048 calumniandique
1188 2981 1499 3049 suspicione
1531 2993 1717 3036 nostra
1759 2983 1872 3037 haec
1899 2982 2198 3054 disputatio
2231 2982 2560 3037 vindicetur.

1016 3071 1246 3128 CAPUT
1281 3073 1370 3128 V’l.

447 3188 524 3244 De
551 3187 785 3257 principe
815 3185 1121 3241 Phoenicum
1149 3185 1629 3258 Ai'gyptiorumque
1668 3187 1950 3260 theologia.

478 3299 770 3355 Plimnices
793 3297 1011 3368 quidem
1043 3307 1096 3352 et
1123 3297 1408 3369 IEgyptios
1435 3299 1680 3353 omnium
1715 3299 1989 3370 principes

409 3395 534 3461 soli,
569 3393 712 3448 lunae
737 3407 802 3447 ac
824 3391 995 3445 stellis
1023 3391 1359 3446 divinitatem
1403 3391 1682 3457 tribuisse,
1709 3393 1989 3462 vulgatum

410 3499 528 3553 est;
560 3487 735 3570 iisque
775 3485 908 3540 solis
951 3499 1134 3539 rerum
1175 3485 1422 3539 omnium
1448 3493 1600 3540 ortus
1629 3485 1991 3556 interitusque

409 3593 632 3634 causam
663 3576 1002 3648 assignasse;
1034 3576 1229 3631 deinde
1254 3592 1384 3632 vero
1410 3592 1533 3646 qua:
1555 3578 1760 3646 passim
1790 3587 1843 3633 et
1867 3577 1990 3632 ubi-

410 3688 518 3742 que
558 3673 834 3742 jactantur
871 3669 1099 3724 deorum
1150 3679 1260 3724 tam
1318 3670 1629 3726 molitiones
1661 3686 1824 3741 quam
1856 3685 1986 3740 pro-

409 3763 718 3820 creationes
750 3762 806 3816 in
846 3761 1128 3816 hominum
1183 3775 1353 3832 genus
1411 3761 1681 3816 invexisse
1722 3779 1736 3815 :
1795 3761 1986 3816 saltem

409 3866 537 3911 ante
565 3856 706 3922 illos,
733 3869 899 3925 supra
928 3869 1015 3910 res
1047 3869 1141 3910 eas
1183 3869 1305 3922 qua:
1338 3854 1391 3907 in
1422 3853 1562 3908 coelo
1588 3853 1758 3908 videri
1787 3853 1985 3920 solent,

382 3987 387 3996 .
409 3947 768 4018 intelligentia
787 3946 871 4002 vel
887 3946 1158 4001 tantillum
1174 3961 1522 4016 progressum
1538 3961 1659 4000 esse
1679 3946 1951 4000 neminem
1969 3963 1984 4014 ;

409 4041 457 4094 ai
488 4049 665 4094 tamen
696 4053 900 4108 paucos
933 4038 1142 4108 aliquot
1159 4039 1424 4110 excipias,
1450 4055 1684 4109 quorum
1709 4040 1850 4109 apud
1878 4039 1981 4094 He-

411 4131 588 4185 braeos
619 4129 887 4185 memoria
911 4129 1237 4195 celebratur,
1267 4131 1360 4200 qui
1390 4139 1562 4185 totum
1594 4131 1647 4185 id
1675 4132 1826 4201 quod
1863 4132 1986 4188 visu

411 4219 728 4292 percipitur,
770 4218 931 4290 longe
980 4219 1274 4290 purissimo
1299 4219 1497 4274 mentis
1541 4218 1700 4273 oculo
1723 4234 1989 4287 superan-

408 4322 514 4376 tes,
570 4313 749 4383 ipsum
799 4311 987 4366 mundi
1021 4310 1364 4376 Eﬂ‘ectorem,
1397 4325 1462 4365 ac
1511 4325 1689 4365 rerum
1740 4311 1986 4365 omnium

410 4402 719 4457 molitorem
747 4415 934 4457 sancte
953 4401 1148 4471 pieque
1169 4400 1488 4465 coluerunt;
1521 4415 1646 4455 cum
1675 4410 1880 4455 tantam
1914 4402 1982 4455 il-

2617 3075 3014 3130 ΚΕΦΛΛΑΙΟΝ
3045 3077 3136 3142 σν.

2092 3191 2233 3260 Περὶ
2263 3190 2556 3244 Φοινίκων
2583 3190 2680 3243 καὶ
2710 3189 3048 3260 Αἰγυπτίων
3083 3188 3394 3259 θεολογίας
3418 3186 3663 3256 πρώτης

2161 3305 2418 3368 Φοίνικας
2443 3301 2731 3375 τοιγαροῦν
2759 3303 2850 3355 καὶ
2873 3303 3200 3372 Αἰγυπτίους
3227 3300 3474 3373 πρώτους
3497 3301 3678 3355 ἀπάνο

2091 3413 2200 3450 των
2241 3395 2460 3466 κατέχει
2496 3395 2672 3464 λόγος,
2707 3394 2856 3465 ἥλιον
2897 3395 2992 3446 καὶ
3039 3393 3269 3464 σελήνην
3315 3394 3410 3446 καὶ
3442 3391 3685 3465 ἀστέρας

2093 3487 2248 3551 θεοὺς
2273 3488 2570 3558 ἀποφῆναι,
2603 3487 2795 3558 μόνους
2822 3503 2882 3539 τε
2921 3483 3061 3540 εἶναι
3086 3487 3185 3557 τῆς
3211 3485 3319 3540 τῶν
3344 3485 3480 3538 ὅλων
3523 3484 3676 3553 γενέ,-

2093 3579 2230 3644 σεὼς
2267 3597 2327 3633 τε
2358 3580 2453 3633 καὶ
2491 3579 2696 3652 φθορᾶς
2735 3578 2976 3642 αἰτίους·
3013 3573 3134 3632 εἶτα
3170 3577 3228 3630 δὲ
3253 3577 3349 3641 τὰς
3378 3576 3527 3648 παρὰ
3563 3578 3684 3642 τοῖς

2092 3675 2226 3726 πᾶσι
2273 3671 2549 3743 βοωμένας
2583 3670 2856 3735 θεοποιίας
2903 3688 2962 3724 τε
2995 3673 3088 3723 καὶ
3128 3669 3404 3739 θεογονίας
3455 3671 3681 3740 εἰσηγήο

2091 3765 2287 3819 σασθαι
2313 3764 2390 3836 τῷ
2416 3764 2534 3835 βίῳ·
2565 3764 2670 3835 πρὸ
2695 3763 2750 3817 δέ
2775 3781 2838 3833 γε
2865 3763 3065 3817 τούτων
3095 3763 3296 3834 μηδένα
3325 3761 3488 3832 μηδὲν
3516 3761 3684 3814 πλέον

2088 3855 2196 3909 τῶν
2235 3855 2355 3910 κατ’
2383 3855 2612 3926 οὐρανὸν
2649 3854 2990 3926 φαινομένων
3023 3855 3243 3919 εἰδέναι,
3283 3853 3478 3921 όλίγων
3518 3851 3684 3916 ἐκτὸς

2089 3945 2296 4018 ἀνδρῶν
2324 3945 2432 3999 τῶν
2461 3947 2589 4016 παρ’
2626 3945 2900 4016 Ἑϐραίοις
2938 3944 3450 4016 μνημονευομένων,
3479 3943 3527 3996 οἳ
3555 3943 3678 3996 δια-

2089 4040 2234 4103 νοίας
2279 4039 2688 4109 καθαρωτάτοις
2713 4040 2925 4109 δμμασι
2962 4038 3070 4091 πᾶν
3111 4037 3172 4090 τὸ
3198 4034 3473 4107 ὁρώμενον
3502 4036 3680 4106 ὑπερ-

2089 4131 2378 4201 κύψαντες,
2421 4130 2512 4184 τὸν
2544 4131 2871 4201 κοσμοποιὸν
2908 4131 3004 4184 καὶ
3037 4130 3128 4183 τὸν
3170 4129 3304 4182 ὅλων
3347 4129 3689 4199 δημιουργὸν

2089 4221 2486 4290 ἐσεϐάσθησαν,
2515 4220 3038 4292 ὑπερθαυμάσαντες
3075 4219 3176 4289 τῆς
3203 4218 3471 4289 τοσαύτης
3511 4219 3688 4274 αὐτὸν

2090 4314 2281 4383 σοφίας
2305 4330 2364 4365 τε
2386 4314 2478 4366 καὶ
2503 4313 2803 4383 δυνάμεως,
2821 4313 2886 4383 ἢν
2913 4315 2976 4366 ὲκ
3001 4311 3108 4364 τῶν
3133 4311 3308 4384 ἔργων
3336 4311 3691 4380 ἐφαντάσθησο

2091 4421 2211 4467 σαν,
2239 4403 2334 4456 καὶ
2369 4403 2528 4473 μόνον
2555 4398 2691 4455 εἶναι
2721 4403 2852 4456 Θεὸν
2881 4402 3212 4467 πεισθέντες,
3261 4402 3422 4473 μόνον
3448 4402 3688 4468 εἰκότως

408 4494 517 4550 lius
549 4493 872 4564 sapientiam
907 4502 1069 4562 atque
1114 4501 1464 4562 potestatem,
1497 4509 1663 4563 quam
1711 4502 1983 4563 utcunque

2116 4494 2468 4564 θεολόγησαν,
2503 4495 2601 4564 τὴν
2643 4493 2815 4565 ἀληθῆ
2847 4495 2944 4547 καὶ
2977 4492 3221 4565 πρώτην,
3251 4495 3344 4548 καὶ
3375 4495 3541 4565 μόνην
3578 4497 3686 4549 εὐ-

409 4585 516 4641 sibi
567 4600 630 4639 ex
675 4583 932 4654 operibus
963 4583 1098 4652 ipsis
1147 4584 1332 4638 animo
1363 4593 1415 4639 et
1453 4585 1782 4655 cogitatione
1812 4585 1980 4654 [inge-

407 4677 562 4740 bant,
601 4675 864 4747 singulari
896 4676 1134 4745 quadam
1182 4676 1540 4732 admiratione
1586 4692 1980 4748 prosequeren-

406 4777 496 4822 tur
522 4785 538 4822 :
563 4779 801 4836 cumque
825 4782 994 4821 unum
1019 4767 1171 4821 illum
1195 4765 1362 4821 Deum
1389 4767 1555 4822 semel
1577 4782 1699 4821 esse
1720 4767 1983 4822 credidis-

410 4864 553 4923 sent,
581 4859 835 4914 eumdem
866 4873 1087 4928 quoque
1113 4859 1282 4914 Deum
1309 4875 1502 4922 unum,
1535 4867 1595 4914 ut
1622 4874 1718 4929 par
1743 4867 1879 4925 erat,
1906 4858 1983 4914 ita

405 4949 811 5022 pradicarunt,
859 4958 921 5003 ut
964 4963 1152 5004 veram
1200 4949 1348 5004 illam
1383 4965 1448 5005 ac
1485 4950 1786 5020 principem
1828 4965 1982 5005 eam«

406 5043 640 5113 demque
687 5041 860 5097 solam
890 5041 1166 5112 pietatem,
1205 5057 1368 5112 quam
1407 5057 1439 5096 a
1471 5042 1796 5111 parentibus
1827 5057 1984 5098 acce-

409 5141 624 5203 perant,
657 5132 901 5188 studiose
925 5131 1079 5187 liberi
1110 5133 1426 5187 retinerent.
1458 5133 1528 5188 At
1556 5134 1765 5203 reliqua
1803 5134 1983 5190 homi—

407 5237 538 5278 num
579 5222 872 5277 multitudo
895 5236 1020 5276 cum
1064 5220 1133 5276 ab
1164 5221 1283 5291 ejus
1315 5222 1478 5277 unius
1509 5223 1734 5278 veritate
1769 5223 1985 5293 pietatis

409 5313 722 5380 excidisset,
766 5314 833 5368 ad
860 5313 984 5369 caeli
1022 5323 1318 5379 astrorum,
1350 5329 1473 5383 quae
1501 5315 1776 5384 corporeis
1810 5314 1985 5370 oculis

409 5405 746 5469 intuebatur,
773 5405 1118 5475 splendorem
1147 5405 1342 5475 puerili
1365 5414 1546 5460 mente
1569 5405 1984 5474 obstupescens,

405 5497 500 5551 illa
533 5499 666 5554 deos
688 5513 810 5552 esse
842 5497 1235 5568 pronuntiavit,
1267 5497 1567 5566 iisdemque
1592 5497 1987 5552 sacriﬁciorum

404 5599 460 5644 ct
490 5590 825 5646 adorationis
863 5590 1067 5646 cultum
1105 5589 1380 5656 adhibuit;
1433 5589 1514 5644 sic
1562 5597 1764 5654 tamen,
1800 5599 1990 5646 utnec

407 5681 543 5750 ipsis
575 5683 772 5752 templa
808 5693 1171 5748 construeret,
1205 5699 1306 5739 nec
1347 5697 1538 5737 eorum
1587 5691 1794 5738 statuas
1826 5691 1990 5753 atque

412 5773 705 5828 simulacra
733 5774 1018 5830 mortalem
1042 5774 1208 5830 ullam
1233 5776 1285 5829 in
1318 5772 1552 5843 speciem
1575 5770 1870 5842 ellingeret,
1895 5773 1987 5831 sed

2089 4587 2303 4640 σέϐειαν
2349 4589 2479 4650 παῖς
2525 4585 2676 4658 παρά
2717 4587 2920 4657 πατρὸς
2945 4587 3313 4659 διαδεξάμενοι
3357 4590 3451 4642 καὶ
3504 4591 3690 4658 φυλά-

2085 4678 2292 4745 ξαντες.
2325 4680 2392 4732 Οἵ
2415 4695 2477 4747 γε
2525 4678 2631 4750 μὴν
2669 4679 2844 4732 λοιποὶ
2888 4679 2997 4733 τῶν
3025 4679 3326 4750 ἀνθρώπων
3370 4682 3528 4752 τῆσδε
3569 4683 3686 4753 τῆς

2088 4769 2256 4841 μόνης
2281 4770 2376 4821 καί¹
2413 4768 2646 4839 ἀληθοῦς
2672 4768 3042 4832 ἀποπεσόντες
3069 4769 3372 4834 εὐσεϐείας,
3416 4771 3488 4823 τά
3523 4787 3689 4838 φωσ-

2088 4861 2229 4933 φόρα
2272 4861 2382 4915 τῶν
2415 4862 2700 4934 οὐρανίων,
2746 4861 2948 4932 σαρκὸς
2993 4860 3311 4932 ὀφθαλμοῖς,
3359 4856 3448 4916 οἶα
3488 4864 3689 4934 νήπιοι

2085 4950 2185 5014 τὰς
2209 4950 2385 5021 ψυχὰς
2417 4951 2878 5021 καταπλαγέντες,
2907 4951 3063 5014 θεούς
3101 4969 3161 5004 τε
3189 4953 3428 5016 ἀνεῖπον,
3457 4954 3550 5006 καί
3581 4953 3692 5009 θυ-

2089 5040 2229 5104 σίαις
2267 5041 2360 5093 καὶ
2390 5041 2824 5110 προσκυνήσεσιν
2862 5039 3175 5110 ἐγέραιρονο
3220 5039 3280 5091 οὐ
3311 5037 3446 5103 vet‘m;
3480 5038 3688 5109 δειμά-

2091 5149 2262 5202 μενοι,
2296 5131 2403 5184 οὐδ’
2439 5130 2772 5202 ἀφιδρύμασι
2817 5132 2912 5184 καὶ
2953 5129 3161 5195 ξοάνοις
3210 5130 3422 5200 θνητῶν
3454 5130 3686 5195 εἰκόνας

2088 5223 2426 5294 πλασάμενοι
2445 5239 2458 5252 ·
2491 5222 2626 5293 πρὸς
2656 5222 2849 5293 αἰθέρα
2875 5221 2932 5275 δὲ
2961 5223 3053 5275 καὶ
3081 5221 3241 5274 αὐτὸν
3275 5221 3504 5293 οὐρανὸν
3537 5222 3691 5276 ἀπο-

2089 5313 2398 5376 ϐλέποντες,
2433 5315 2529 5367 καὶ¹
2559 5313 2720 5384 μέχρι
2761 5313 2871 5366 τῶν
2901 5314 3030 5384 τῇδε
3081 5314 3373 5384 ὁρωμένων
3405 5313 3526 5376 ταῖς
3565 5312 3686 5382 ψυ-

2089 5409 2210 5476 χαῖς
2249 5404 2647 5476 ἐφικνούμενοι.
2693 5405 2826 5458 Ἀλλ’
2853 5405 2914 5458 οὐ
2936 5389 3068 5476 τῇδε
3108 5407 3217 5476 ἄρα
3252 5407 3345 5458 καὶ
3371 5407 3483 5468 τοῖς
3513 5408 3688 5476 μετέ-

2090 5515 2250 5552 πειτα
2276 5498 2582 5570 ἀνθρώποις
2600 5499 2669 5554 τὰ
2693 5500 2794 5571 τῆς
2815 5499 3074 5553 πολυθέου
3102 5499 3310 5566 πλάνης
3327 5499 3684 5568 περιίστατο,

2090 5589 2378 5644 ἐλαύνοντα
2401 5590 2457 5644 δὲ
2481 5592 2563 5654 εἰς
2591 5589 2749 5662 βυθὸν
2778 5591 2984 5657 κακῶν,
3018 5590 3238 5662 μείζονα
3259 5591 3356 5660 τῆς
3382 5590 3684 5661 ἀθεότητος

2090 5683 2187 5755 τὴν
2221 5683 2536 5740 δυσσέϐειαν
2571 5686 2966 5757 ἀπειργάζετο,
3014 5686 3294 5749 Φοινίκων,
3342 5680 3460 5736 εἶτα
3507 5684 3684 5751 Αἰγυ-

2093 5774 2262 5832 πτίων
2313 5775 2713 5845 ἀπαρξαμένων
2777 5777 2878 5844 τῆς
2929 5775 3169 5840 πλάνης·
3228 5776 3355 5836 παρ’
3404 5767 3480 5827 ὧν
3537 5792 3679 5837 φασι
