3798 6220
201 230 267 293 ω
1410 238 1733 299 ΡΗΑςΡΑΒ.

1874 245 2028 303 ANG.
2070 247 2199 304 LIB.
2244 247 2282 304 l.
3383 257 3452 314 50

200 347 413 419 πρῶτον
446 345 660 420 Ὀρφέα
684 349 775 404 τὸν
812 350 1050 423 Ύάγρου
1075 351 1182 425 (Η)
1212 356 1694 428 μεταστησάμενον
1712 358 1773 412 τὰ

1879 372 2156 432 aspectum
2201 365 2256 419 in
2283 363 2480 420 aethera
2502 364 2811 438 caelumque
2842 364 3021 438 ipsum
3054 369 3278 424 omnino
3314 368 3450 425 deli-

199 440 320 510 παρ’
396 440 755 507 Αἰγυπτίοις,
818 442 1045 514 Ἕλλησι
1102 445 1416 515 μεταδοῦναι
1473 449 1778 520 μυστήρια,

198 529 484 603 ιὶισπεροῦν
511 534 609 586 καὶ
659 534 880 605 Κάδμον
906 535 977 589 τὰ
999 535 1276 591 Φοινικικὰ
1298 541 1411 603 τοῖς
1433 540 1615 605 αὐτοῖς
1640 541 1779 610 ἀγα-

195 626 306 693 γεῖν
334 623 479 694 μετά
504 624 603 678 καὶ
628 624 733 694 τῆς
756 626 866 681 τῶν
905 629 1247 699 γραμμάτων
1278 630 1565 703 μαθήσεως
1586 649 1599 663 ·
1628 632 1782 688 οὔπω

192 715 297 787 γὰρ
332 716 506 769 είσὲτι
539 717 671 780 τοὺς
697 717 967 791 Ἕλληνας
1003 720 1123 773 τότε
1162 722 1260 794 τὴν
1296 722 1404 776 τῶν
1436 724 1779 797 γραμμάτων

193 807 385 878 χρῆσιν
410 807 641 861 εἰδέναι.
672 809 874 880 Πρῶτα
896 810 1075 864 τοίνυν
1105 812 1413 884 σκεψόμεθα
1444 815 1513 869 τά
1539 815 1637 887 τῆς
1687 833 1778 870 κο-

203 899 495 968 σμογονίας
529 900 633 971 τῆς
661 900 927 973 πρώτης,
960 903 1109 968 ὅπως
1146 906 1193 958 οἱ
1235 905 1549 977 δηλούμενοι
1579 907 1777 981 διειλή-

194 1006 349 1057 ςασι·
381 988 586 1043 ἔπειτα
627 991 697 1044 τά
734 993 865 1065 mp!
902 994 1002 1065 τῆς
1037 993 1257 1067 πρώτης
1283 998 1377 1051 καὶ
1410 999 1777 1072 παλαιοτάτης

190 1080 277 1133 τοῦ
302 1079 415 1133 τῶν
441 1081 756 1154 ἀνθρώπων
783 1085 898 1155 βίου
937 1086 1386 1158 δεισιδαιμονίας·
1433 1091 1527 1144 καί
1570 1092 1773 1162 τρίτον,

187 1170 252 1225 τὰ
279 1172 582 1226 Φοινίκωνο
614 1173 898 1246 τέταρτον,
940 1175 1009 1229 τά
1036 1177 1363 1247 Αἰγυπτίων.
1401 1180 1535 1235 Μεθ’
1560 1180 1595 1236 ἀ
1628 1183 1771 1254 πέμ-

189 1276 335 1325 πτον,
360 1261 436 1314 τὰ
475 1262 750 1335 Ἐλλήνων
774 1263 1063 1328 διελόντες,
1101 1266 1363 1339 πρότερον
1411 1270 1510 1341 μὲν
1545 1271 1645 1343 τὴν
1682 1274 1776 1327 καὶ

185 1352 389 1407 τούτων
420 1355 670 1408 παλαιὰν
709 1358 805 1409 καὶ
852 1358 1229 1432 μυθικωτέραν
1273 1361 1479 1433 πλάνην
1512 1364 1776 1418 ἐποπτεύ-

189 1464 379 1518 οομεν·
422 1444 550 1503 εἶτα
580 1450 642 1503 δὲ
666 1452 766 1523 τὴν
799 1452 1131 1525 σεμνοτέραν
1162 1455 1256 1508 καὶ
1293 1450 1669 1527 φυσικωτὲραν
1707 1457 1772 1528 δὴ

188 1541 311 1608 περὶ
338 1539 486 1593 θεῶν
521 1540 846 1611 φιλοσοφίαν
866 1560 879 1573 ·
909 1544 1003 1597 καὶ
1029 1543 1166 1615 μετά
1193 1544 1364 1599 ταῦτα
1392 1546 1482 1599 τὸν
1512 1548 1638 1618 περὶ
1664 1547 1772 1601 τῶν

190 1629 525 1701 θαυμαστῶν
562 1634 910 1704 χρηστηρίων
935 1634 1091 1705 λόγον
1129 1637 1503 1708 ὲφοδεύσομενο
1535 1639 1620 1708 ἐφ’
1668 1634 1769 1706 οἷς,

188 1724 276 1777 καὶ
297 1723 369 1777 τά
399 1724 583 1795 σεμνά
608 1725 711 1796 τῆς
734 1728 987 1796 γενναίας
1024 1728 1287 1801 Ἑλλήνων
1316 1729 1632 1799 φιλοσοφίας
1657 1732 1775 1785 ὲπι-
1803 1708 1847 1764 Β

188 1814 525 1885 σκεψόμεθα.
558 1816 780 1870 Τούτων
804 1818 851 1871 δ’
882 1821 1019 1890 ἡμῖν
1052 1820 1554 1893 διευκρινηθέντων,
1588 1824 1680 1876 ἐπὶ
1704 1823 1774 1878 τά

184 1903 463 1975 ,Ἑϐραίων
482 1906 932 1979 μεταϐησόμεθα,
949 1908 1059 1963 τῶν
1082 1910 1145 1982 δὴ
1166 1910 1396 1982 πρώτων
1427 1912 1523 1966 καὶ
1560 1913 1774 1984 ἀληθῶς

194 1995 481 2068 Ἐϐραίων,
524 1998 622 2051 καὶ
664 1998 801 2069 μετά
849 1999 1025 2054 ταῦτα
1058 2001 1157 2073 τὴν
1202 2001 1467 2056 Ἰουδαίων
1504 2002 1774 2075 λαχόντων

184 2089 583 2160 προσηγορίαν.
623 2090 745 2143 Ἐπὶ
762 2093 895 2145 πᾶσι
913 2091 971 2145 δὲ
997 2091 1225 2171 τούτοις,
1248 2092 1397 2147 ὥσπε
1405 2111 1436 2166 ρ
1457 2095 1774 2167 ὲπισφράγι-

185 2194 293 2251 σμα
310 2180 423 2233 τῶν
450 2182 614 2247 ὅλων,
652 2183 941 2254 ἐποίσομεν
970 2183 1039 2237 τά
1059 2184 1320 2257 ἡμέτερα.
1359 2186 1694 2255 Ἀναγκαίως
1717 2187 1774 2241 δὲ

183 2272 278 2343 τῆς
300 2271 516 2326 τούτων
544 2273 799 2328 ἁπάντων
832 2275 1277 2347 μνημονεύσομεν
1302 2278 1561 2347 ἱστορίας,
1586 2278 1662 2343 ὼς
1707 2276 1775 2333 ἀν

178 2364 265 2417 διά
309 2364 415 2436 τῆς
459 2365 577 2419 τῶν
634 2366 941 2437 ἑκασταχοῦ
998 2366 1462 2441 τεθαυμασμένων
1521 2370 1765 2442 παραθέ-

180 2470 316 2519 σεως
346 2457 395 2509 ὁ·
430 2456 539 2526 τῆς
588 2456 849 2528 ἀληθείας
890 2457 1113 2529 ἐλεγχος
1154 2460 1521 2533 ἀποδειχθείη,
1573 2461 1774 2517 ὁποίων

175 2562 234 2639 τε
258 2547 428 2617 ἡμεῖς
475 2548 821 2612 ἀποστάντες
841 2588 858 2613 ,
896 2548 998 2621 τὴν
1025 2550 1216 2605 ὁποίαν
1254 2551 1509 2623 εἱλόμεθα
1541 2551 1773 2623 φανερὸν

175 2636 285 2698 τοίς
321 2636 726 2707 ἐντυγχάνουσι
768 2637 1000 2707 γένοιτο.
1044 2638 1205 2695 Ἀλλά
1249 2639 1358 2711 γάρ
1397 2640 1642 2712 ἐπίωμεν
1679 2640 1774 2694 ἐπὶ

174 2725 235 2779 τὺ
259 2726 510 2796 πρῶτον.
540 2727 717 2783 Πόθεν
738 2729 875 2801 δῆτα
897 2730 1282 2803 πιστωσόμεθα
1310 2730 1410 2796 τὰς
1433 2731 1769 2798 ἀποδείξεις;

175 2818 234 2870 οὐ
268 2820 369 2889 μὲν
399 2820 469 2892 δὴ
512 2820 581 2873 ἐκ
609 2819 722 2875 τῶν
749 2822 879 2892 παρ’
902 2823 1037 2893 ἡμῖν
1070 2821 1447 2894 γραμμάτων,
1482 2822 1559 2887 ὡς
1587 2823 1653 2877 ἂν
1695 2823 1771 2897 μὴ

173 2906 423 2980 δοκοῖμεν
456 2911 842 2983 κεχαρισμένα
879 2914 1138 2985 πράττειν
1179 2914 1261 2985 τῷ
1299 2912 1464 2985 λόγῳ*
1496 2915 1772 2987 μάρτυρες

174 2997 233 3054 δὲ
268 3001 571 3071 παρέστων
602 3004 740 3072 ἡμῖν
786 3002 1055 3075 Ἑλλήνων
1091 3004 1270 3059 αὐτῶν
1302 3006 1358 3059 οῖ
1392 3022 1452 3059 τε
1493 3005 1591 3077 τὴν
1624 3005 1772 3076 φιλο-

176 3092 372 3160 σοφίαν
404 3091 734 3162 αὐχοῦντες,
768 3094 863 3148 καὶ
897 3093 999 3166 τὴν
1052 3094 1216 3166 ἀλλην
1260 3096 1371 3151 τῶν
1416 3094 1586 3151 ἐθνῶν
1625 3098 1770 3150 ίστο-

174 3182 299 3254 ρίαν
335 3184 787 3256 διηρευνηκότες.
817 3186 1025 3258 Γράφει
1074 3187 1250 3242 τοίνυν
1281 3187 1487 3243 ἀνωθεν
1532 3187 1630 3259 τὴν
1663 3205 1769 3242 πα-

169 3272 332 3328 λαιὰν
366 3275 758 3347 ὑφηγούμενος
805 3275 1081 3345 θεολογίαν
1117 3279 1425 3347 Αἰγυπτίων
1454 3280 1484 3333 ό
1517 3278 1773 3333 Σικελιώ-

168 3379 275 3434 της
322 3364 624 3435 Διόδωρος,
675 3363 1100 3435 γνωριμώτατος
1151 3367 1289 3440 ἀνὴρ
1341 3369 1454 3433 τοῖς
1507 3367 1771 3441 Ἑλλήνων

167 3455 555 3524 λογιωτάτοις,
596 3456 753 3509 ὠσάν
791 3456 899 3510 ὑπὸ
952 3458 1082 3529 μίαν
1125 3457 1471 3531 συναγηοχὼς
1511 3477 1771 3532 πραγμα-

164 3547 326 3600 τείαν
371 3546 602 3601 ἃπασαν
640 3547 739 3619 τὴν
772 3549 1051 3620 ἱστορικὴν
1090 3549 1512 3620 Βιϐλιοθήκην.
1573 3549 1662 3618 Ἐξ
1710 3544 1771 3607 οὗ

168 3638 270 3692 καὶ
319 3638 530 3709 πρῶτα
580 3638 992 3711 παραθήσομαι,
1036 3639 1073 3695 ἃ
1125 3642 1254 3715 περὶ
1289 3642 1389 3712 τῆς
1432 3642 1526 3697 τοῦ
1572 3643 1770 3709 παντὸς

166 3731 551 3801 κοσμογονίας
589 3731 891 3802 ἀρχόμενος
917 3731 1011 3784 τοῦ
1047 3731 1206 3802 λόγου
1240 3733 1501 3804 διείληφε,
1525 3734 1625 3801 τάς
1660 3735 1769 3789 τῶν

169 3822 430 3877 παλαιιῖη
477 3823 714 3894 ἱστορῶν
748 3823 929 3891 δόξας,
961 3824 1145 3879 τοῦτον
1179 3826 1273 3879 τὸν
1299 3827 1519 3900 τρόπον.

1882 469 2051 529 geret,
2083 460 2301 531 vimque
2331 461 2528 517 mentis
2556 476 2771 517 omnem
2803 479 2984 518 rerum
3008 478 3216 530 earum,
3247 482 3367 538 qua:
3390 468 3446 523 in

1880 542 1974 603 illo
2003 557 2318 613 cernuntur,
2349 546 2545 605 ﬁnibus
2569 549 2900 605 terminaret.
2931 549 3122 607 Verum
3149 553 3448 623 enimvero,

1880 654 2223 710 nequaquam
2243 639 2330 695 hic
2347 640 2495 694 stetit
2520 655 2731 707 eorum,
2754 642 2848 710 qui
2876 654 3064 713 postea
3094 645 3266 701 secuti
3291 654 3449 703 sunt.

1879 733 2162 789 hominum
2193 733 2262 790 de
2304 734 2649 790 multitudine
2680 734 2906 791 deorum
2938 751 3114 803 error,
3150 738 3243 795 sed
3279 737 3335 794 in
3367 739 3447 796 al-

1877 834 1989 879 tam
2040 825 2403 894 improbitatis
2431 826 2746 897 voraginem
2779 836 2953 893 actus,
2983 829 3313 899 impietatem
3353 846 3451 901 pe-

1877 917 2020 987 perit
2058 916 2176 987 ipso
2211 932 2428 987 quoque
2452 926 2659 988 negatae
2688 917 2997 975 Divinitatis
3019 921 3220 979 scelere
3238 921 3452 994 gravio-

1876 1023 2030 1075 rem;
2071 1015 2233 1078 atque
2278 1008 2442 1076 hujus
2481 1007 2681 1064 erroris
2718 1006 3003 1066 Phcenices
3035 1027 3099 1068 ac
3131 1015 3293 1083 paulo
3325 1020 3451 1086 post

1877 1098 2137 1172 Egyptii,
2171 1110 2418 1158 auctores
2460 1098 2629 1155 fuere.
2671 1087 2913 1155 P'rimum
2954 1103 3097 1159 enim
3143 1119 3211 1160 ex
3250 1104 3319 1161 iis
3346 1103 3448 1160 Or-

1874 1190 2073 1260 pheum
2096 1198 2399 1245 memorant
2425 1186 2620 1261 Hyagri
2656 1190 2761 1262 18
2783 1190 2951 1245 [ilium
2979 1193 3240 1250 translata
3261 1209 3449 1251 secum

1875 1277 2253 1351 Egyptiorum
2289 1280 2541 1350 mysteria
2570 1295 2692 1335 cum
2725 1278 2925 1336 Gmcis
2957 1264 3268 1341 hominibus
3293 1300 3449 1340 com-

1874 1372 2215 1437 municasse;
2256 1368 2574 1425 thnicum
2613 1378 2794 1425 autem
2833 1371 3120 1444 religiones
3151 1373 3294 1446 apud
3322 1390 3448 1431 eos-

1874 1460 1995 1516 dem
2038 1476 2146 1516 una
2200 1478 2321 1517 cum
2377 1466 2617 1532 ipsarum
2670 1461 2971 1517 litterarum
3020 1465 3304 1535 disciplina
3341 1464 3447 1521 Ca-

1872 1550 2059 1606 dmum
2106 1551 2352 1608 intulisse
2381 1570 2394 1606 :
2424 1566 2521 1606 nec
2560 1550 2858 1607 litterarum
2888 1568 2953 1608 eo
2988 1553 3168 1609 adhuc
3204 1563 3448 1624 tempore

1876 1650 2061 1696 notum
2098 1639 2301 1696 Graecis
2351 1655 2511 1696 usum
2555 1638 2744 1696 fuisse.
2780 1639 2892 1698 Nos
2931 1642 3097 1714 igitur
3127 1642 3184 1697 in
3230 1643 3443 1715 primis,

1873 1747 1994 1802 quas
2014 1733 2078 1787 ad
2102 1732 2330 1802 primam
2352 1731 2499 1785 illam
2523 1732 2711 1786 mundi
2739 1732 3166 1809 procreationem
3192 1735 3442 1798 attinent,

1873 1838 1937 1878 eo
1966 1823 2121 1891 plane
2146 1822 2308 1877 modo
2336 1822 2728 1892 spectabimus,
2767 1837 2876 1893 quo
2904 1823 3106 1896 vulgati
3132 1823 3447 1895 laudatique

1873 1929 1903 1969 a
1931 1914 2090 1970 nobis
2118 1914 2411 1985 scriptores
2436 1915 2501 1970 de
2526 1913 2617 1969 illa
2654 1914 3005 1985 disputarunt
3032 1932 3048 1970 :
3080 1924 3195 1971 tum
3225 1931 3348 1987 quae
3377 1915 3445 1971 de

1872 2003 2113 2074 principe
2144 2018 2208 2059 ac
2242 2003 2608 2060 vetustissima
2646 2006 2861 2075 generis
2916 2006 3144 2061 humani
3178 2004 3444 2076 supersti-

1875 2096 2021 2150 tione
2073 2094 2469 2164 prodiderunt:
2507 2095 2724 2150 tertium
2777 2110 2907 2151 vero
2958 2096 3139 2152 locum
3186 2093 3276 2161 iis,
3322 2111 3446 2167 quas

1873 2186 2179 2249 Phoenices,
2214 2195 2471 2255 quartum
2507 2186 2596 2251 iis,
2632 2202 2753 2257 quae
2790 2185 3031 2259 Egyptil
3056 2187 3312 2253 docuere,
3346 2186 3445 2242 tri-

1872 2278 2132 2344 buemus;
2150 2276 2340 2347 quinto
2358 2284 2560 2342 autem,
2580 2293 2701 2348 qua:
2718 2275 3029 2333 Gmcorum
3048 2278 3268 2349 propria
3293 2287 3441 2342 sunt,

1872 2367 1949 2421 ita
1979 2367 2307 2435 dividemus,
2332 2376 2391 2422 ut
2411 2368 2646 2438 primum
2672 2367 2891 2438 quidem
2923 2367 3168 2437 priscum
3190 2366 3355 2422 etiam
3374 2366 3444 2423 il-

1870 2452 2051 2511 lorum
2104 2456 2458 2528 pluribusque
2504 2455 2704 2512 fabulis
2752 2455 3091 2526 implicatum
3147 2469 3389 2510 errorem
3423 2493 3441 2519 ,

1871 2549 2067 2604 deinde
2103 2549 2265 2619 paulo
2295 2548 2597 2619 graviorem
2644 2545 2924 2618 magisque
2966 2545 3103 2602 adeo
3141 2559 3264 2600 cum
3296 2546 3445 2615 ipsa-

1871 2648 1983 2694 met
2039 2648 2233 2694 natura
2290 2638 2640 2709 conjunctam
2693 2635 3111 2707 philosophandi
3170 2636 3441 2692 rationem

1871 2730 2332 2801 contemplemur;
2366 2738 2478 2784 tum
2508 2743 2638 2785 vero
2666 2727 2733 2783 de
2771 2726 3003 2800 egregiis
3035 2728 3282 2797 ipsorum
3312 2740 3442 2782 ora-

1871 2822 2010 2878 culis
2067 2821 2485 2891 disputationem
2529 2834 2921 2890 persequamur
2956 2838 2969 2873 :
3013 2818 3079 2874 ad
3132 2825 3440 2873 extremum

1871 2913 2196 2986 gravissima
2241 2926 2470 2982 quaeque
2528 2910 2802 2968 praeclaras
2862 2910 3176 2967 Grmcorum
3206 2910 3447 2983 philoso-

1798 3038 1841 3098 ο
1870 3002 2012 3073 phiae
2037 3009 2310 3056 momenta
2332 3000 2716 3071 ponderemus.
2747 2999 2864 3098 Jam
2894 3001 2986 3056 ubi
3015 3001 3139 3098 haec
3151 3000 3336 3057 omnia
3363 3000 3446 3057 di-

1875 3093 2101 3165 ligenter
2131 3103 2184 3148 et
2209 3093 2487 3149 enucleate
2510 3091 2952 3158 discusserimus,
2988 3092 3056 3148 ad
3092 3089 3444 3148 Hebraeorum

1874 3203 1976 3244 nos
2015 3187 2264 3259 dogmata
2311 3184 2674 3251 conferemus,
2698 3200 2890 3241 eorum
2922 3185 3144 3256 inquam
3185 3182 3447 3241 Hebraeo-

1874 3295 2019 3346 rum,
2067 3278 2160 3349 qui
2207 3278 2366 3349 primi
2414 3293 2478 3333 ac
2509 3293 2636 3333 vere
2668 3278 2772 3333 hoc
2802 3275 3022 3332 nomine
3058 3276 3443 3344 censebantur,

1876 3372 2079 3442 quique
2109 3368 2418 3425 Judaeorum
2463 3368 2875 3441 appellationem
2909 3377 3097 3439 postea
3121 3368 3264 3425 nacti
3291 3375 3441 3423 sunt.

1874 3461 2083 3530 Quibus
2105 3461 2358 3517 omnibus
2382 3470 2693 3517 nostrorum
2723 3459 2956 3530 denique
2976 3459 3182 3515 rituum
3205 3458 3444 3529 explica-

1871 3555 2098 3619 tionem,
2129 3554 2208 3609 sic
2236 3563 2493 3624 tanquam
2526 3554 2764 3624 sigillum
2814 3550 3034 3622 aliquod
3072 3550 3440 3620 imponemus.

1872 3644 2141 3701 Caeterum
2177 3644 2243 3699 ad
2288 3645 2668 3714 perterendam
2711 3646 2940 3700 istorum
2983 3641 3227 3698 omnium
3268 3639 3443 3695 histoo

1871 3737 2012 3792 riam
2044 3736 2366 3792 necessitate
2404 3736 2638 3808 quadam
2680 3735 3032 3800 adducimur;
3066 3740 3127 3788 ut
3150 3731 3219 3787 iis
3240 3730 3441 3802 quaain

1873 3826 2115 3898 qualibet
2133 3827 2393 3897 religione
2422 3824 2682 3898 primaria
2704 3824 3012 3895 eximiaque
3040 3822 3212 3878 videri
3239 3819 3438 3885 solent,

166 3913 227 3970 in
256 3917 522 3971 omnium
549 3916 673 3972 luce
699 3919 915 3987 positis,
940 3919 1111 3989 ipsius
1132 3920 1379 3977 veritatis
1437 3922 1577 3978 ratio
1607 3921 1808 3978 clarius
1843 3921 2173 3985 deprehendi
2218 3921 2529 3992 certiusque
2577 3920 2775 3992 possit,
2819 3918 3062 3987 adeoque
3102 3929 3264 3972 nemo
3329 3926 3443 3969 non

168 4010 470 4083 intelligat,
499 4012 598 4083 qui
640 4012 800 4067 modo
831 4013 1002 4069 libros
1029 4013 1196 4071 hosce
1223 4016 1446 4087 legerit,
1477 4016 1784 4086 cuiusmodi
1822 4017 1930 4073 sint
1952 4031 2076 4071 cum
2097 4030 2183 4082 ea,
2208 4030 2331 4085 quae
2364 4014 2725 4082 deseruimus,
2763 4022 2877 4068 tum
2913 4012 3004 4069 illa
3028 4010 3250 4077 veritas,
3276 4020 3441 4079 quam

168 4105 351 4161 secuti
375 4119 600 4160 sumus.
627 4101 731 4159 Sed
762 4103 907 4158 enim
937 4103 1002 4159 ad
1033 4105 1267 4174 primum
1295 4113 1458 4176 caput
1478 4106 1769 4178 aliquando
1806 4104 2108 4161 veniamus.
2140 4101 2296 4159 Unde
2341 4111 2521 4160 autem
2546 4101 3070 4160 demonstratiunum
3128 4108 3444 4154 nostrarum

171 4197 535 4252 ﬁrmamenta
571 4194 918 4264 repetemus?
944 4209 1057 4248 non
1118 4195 1307 4265 utique
1375 4195 1578 4251 nostris
1647 4209 1713 4250 ex
1738 4192 1954 4258 litteris,
2002 4208 2073 4249 ne
2110 4193 2373 4249 doctrinae
2401 4193 2544 4263 [huic
2590 4200 2789 4249 nostra:
2823 4190 3026 4248 servire
3093 4188 3344 4255 nimium,
3378 4202 3444 4244 ac

168 4288 454 4359 prolixius
505 4285 790 4356 indulgere
828 4284 1132 4342 videamur.
1182 4284 1292 4341 Eos
1337 4300 1467 4357 ergo
1497 4287 1677 4357 potius
1704 4301 1772 4341 ex
1809 4283 2014 4341 Graecis
2039 4285 2172 4356 ipsis
2198 4294 2362 4341 testes
2385 4284 2773 4357 producamus,
2796 4283 2891 4356 qui
2949 4298 3060 4340 non
3116 4280 3281 4337 modo
3321 4281 3445 4349 phi-

169 4382 460 4454 losophia:
486 4380 717 4436 nomine
766 4381 1087 4452 gloriantur.
1144 4383 1239 4439 sed
1286 4391 1448 4439 etiam
1487 4382 1581 4454 qui
1615 4393 1931 4439 caeterarum
1980 4384 2224 4453 gentium
2292 4380 2551 4437 historias
2609 4379 2921 4452 diligentius
2986 4377 3336 4450 iudagarunt.
3368 4372 3447 4430 Ac

170 4473 463 4529 Diodorus
506 4471 728 4543 quidem
788 4471 1027 4540 Siculus,
1065 4489 1150 4528 vir
1203 4472 1345 4544 apud
1385 4472 1585 4529 Graeca:
1651 4472 1973 4529 eruditionis
2029 4473 2302 4544 principes
2333 4472 2493 4543 longe
2548 4471 2890 4535 notissimus,
2920 4469 3119 4539 quippe
3145 4467 3237 4538 qui
3262 4478 3433 4522 unum

172 4569 235 4624 in
284 4582 500 4638 corpus
528 4565 914 4621 Bibliotheeam
941 4567 1290 4622 historiarum
1333 4567 1645 4623 universam
1703 4567 2051 4639 comnegerit,
2108 4568 2386 4638 antiquam
2416 4565 2792 4638 Egyptiorum
2820 4563 3144 4635 theologiam
3171 4562 3239 4618 ab
3297 4562 3446 4632 ipso-

172 4674 293 4718 met
338 4676 638 4719 arcessens
667 4659 844 4732 capite
900 4662 1264 4732 prosequitur.
1320 4660 1400 4717 Er
1450 4676 1559 4732 quo
1598 4661 1774 4731 prima
1811 4672 2023 4718 tantum
2053 4660 2145 4716 illa
2174 4659 2482 4731 subjiciam,
2510 4674 2632 4731 qute
2662 4659 2782 4729 ipso
2808 4658 2992 4714 statim
3050 4657 3231 4730 operis
3288 4655 3451 4710 initio

177 4765 439 4813 veterum
471 4755 776 4812 sententias
821 4769 1254 4811 commemorans
1295 4736 1368 4812 de
1408 4755 1601 4812 mundi
1644 4767 1770 4816 ortu
1806 4756 1954 4813 hunc
1986 4755 2043 4811 in
2069 4755 2293 4811 modum
2323 4754 2439 4827 ipse
2464 4754 2777 4825 disputavit.

255 4938 307 5011 (1
323 4939 379 5009 l)
427 4936 698 5011 ngpov.
738 4937 960 5011 Qertum
990 4937 1202 5011 videtur
1256 4937 1467 5011 legend.
1514 4937 1769 5011 Οἰάγρου,

181 5006 279 5064 uti
298 5006 472 5080 habet
498 5006 668 5080 ﬂent.
702 5006 935 5080 υίαγρος
964 5009 1104 5063 enim
1144 5022 1257 5063 non
1286 5008 1549 5080 Ὕαγρος,
1573 5006 1775 5079 Orphei

180 5091 373 5151 pater.
408 5079 554 5134 Stat.
590 5078 750 5133 Theb.
781 5094 814 5130 v
845 5078 860 5132 ἐ

852 5186 868 5201 .
912 5188 927 5202 .
971 5188 983 5202 .
1015 5146 1281 5218 magrius
1309 5147 1422 5218 illic

333 5220 570 5289 ᾼιτιὲυἱε
594 5219 733 5273 malo
764 5218 953 5273 mediis
980 5217 1265 5274 intersonat
1288 5217 1524 5289 Orpheus

338 5288 619 5355 Remigiis.

192 5359 342 5433 Virg.
382 5375 436 5414 tv
467 5358 729 5430 Georgia,
759 5373 812 5412 v.
846 5357 991 5414 525:

2374 4975 2388 4990 .
2434 4978 2448 4992 .
2493 4976 2508 4990 .
2549 4945 2705 5007 caput
2736 4952 2767 4990 α
2796 4924 3281 5007 εενυὶιοατευιιίξιιηι

2016 5008 2235 5079 Gurgite
2255 5024 2372 5064 cum
2401 5007 2573 5062 medio
2599 5003 2815 5076 portans
2841 5006 3104 5075 (Eagrt'us
3133 5003 3338 5056 Hebrus

2030 5079 2304 5135 Volneret“
2317 5118 2358 5133 ..

1877 5150 2148 5222 Apollon._
2166 5165 2228 5222 Iv
2250 5150 2483 5222 Argum:

1880 5209 2056 5347 E;cEi
2078 5218 2165 5291 μὴ
2190 5217 2279 5289 ἄρ’
2305 5209 2574 5289 όὶάγροιυ
2602 5216 2742 5286 παῖς
2768 5216 3035 5287 Θρηΐκιος
3062 5209 3325 5284 Ὀρφεύς.
