3798 6220
374 290 438 348 Si
1033 284 1307 344 EUSEBll
1343 284 1822 344 CESARIENSIS
1856 284 2007 344 OPP.
2042 286 2222 343 PARS
2242 285 2307 342 ll.
2349 315 2416 325 —
2453 284 2949 343 APOLOGETICA.
3549 286 3624 342 ἓξ

907 406 1015 477 19
1049 405 1279 461 CAPUT
1319 404 1434 462 vn.

377 517 691 593 Cuiusmodi
722 538 785 576 ea:
830 530 997 576 mente
1034 520 1338 646 (graecorum
1384 521 1569 576 mundi
1611 529 1757 575 ortus
1787 520 1950 592 fuisse

1093 603 1287 646 :catur.

1093 603 1287 646 tcatur.

453 705 475 740 ι
509 685 586 742 De
620 688 724 742 diis
754 687 941 757 igitur,
996 702 1134 756 quas
1155 696 1209 741 et
1252 686 1559 755 cujusmodi
1595 687 1844 745 notiones
1874 687 1951 744 illi

375 782 577 840 animis
611 781 980 844 informarint,
1013 779 1108 850 qui
1157 779 1321 849 primi
1350 780 1519 836 divini
1557 781 1797 838 numinis
1835 781 1952 837 cul-

375 886 491 928 tum
539 872 786 941 exemplo
818 887 918 926 suo
959 872 1214 937 docuere,
1264 887 1328 926 ac
1369 872 1437 927 de
1479 873 1708 943 singulis
1758 888 1951 930 eorum

373 960 576 1031 quibus
617 960 1081 1015 immortalitatem
1152 959 1352 1015 fabulae
1393 961 1723 1029 tribuerunt,
1789 962 1950 1018 dabi-

372 1063 499 1105 mus
521 1063 764 1119 operam,
791 1057 850 1104 ut
874 1050 1133 1120 quoniam
1157 1051 1264 1106 hoc
1280 1059 1659 1122 argumentum
1676 1052 1949 1122 ejusmodi

371 1150 477 1203 est,
506 1141 650 1211 quod
678 1141 895 1211 longam
927 1144 1228 1199 orationem
1261 1144 1552 1209 desideret,
1589 1160 1690 1201 suo
1717 1162 1950 1217 quaeque

373 1233 493 1288 loco
510 1235 990 1304 seorsim-plurima
1015 1237 1461 1305 complectamur.
1476 1236 1632 1295 Nunc
1655 1255 1808 1307 vero,
1830 1256 1952 1311 quae

372 1341 498 1380 cum
538 1327 605 1382 iis
652 1342 791 1397 quas
817 1343 929 1397 prae
961 1329 1213 1384 manibus
1235 1329 1519 1393 habemus,
1558 1331 1802 1388 historiis
1827 1348 1954 1389 con-

372 1426 635 1472 sentanea
665 1419 824 1473 nobis
857 1426 913 1474 et
937 1421 1293 1490 congruentia
1326 1422 1674 1489 videbuntur,
1710 1439 1954 1479 summa-

369 1508 470 1562 tim
507 1508 596 1564 hic
623 1524 685 1564 ea
718 1502 1091 1580 subjiciemus,
1122 1528 1188 1569 ne
1214 1514 1346 1585 quid
1373 1515 1619 1582 omnino,
1643 1515 1788 1586 quod
1809 1516 1950 1571 scitu

370 1599 597 1668 dignum
631 1600 724 1664 sit,
776 1602 1110 1670 requiratur.
1150 1604 1229 1661 Ac
1276 1605 1345 1661 de
1405 1606 1663 1662 universo
1730 1607 1950 1677 quidem

372 1687 657 1744 hominum
691 1707 908 1761 genere,
943 1695 1309 1765 omnibusque
1334 1697 1499 1753 rebus
1525 1713 1646 1768 qua:
1672 1697 1728 1751 in
1760 1699 1950 1769 cngni-

372 1780 446 1834 tis
498 1780 648 1834 orbis
691 1789 960 1836 terrarum
1006 1785 1255 1854 partibus
1293 1796 1460 1856 gestae
1500 1796 1648 1852 sunt,
1693 1804 1857 1859 quam
1894 1791 1948 1844 in

372 1879 522 1926 tanta
571 1881 843 1929 vetustate
883 1876 1002 1930 ﬁeri
1046 1878 1463 1934 accuratissime
1501 1880 1721 1950 poterit,
1760 1896 1951 1935 narra-

369 1964 577 2019 tionem
613 1965 985 2034 instituemus,
1039 1983 1269 2040 eamque
1310 1969 1380 2025 ab
1407 1971 1596 2025 ultima
1626 1972 1948 2028 saeculorum

370 2056 636 2111 memoria
659 2069 989 2126 repetemus.
1014 2060 1184 2130 Igitur
1208 2060 1275 2115 de
1297 2061 1474 2129 primo
1497 2062 1780 2117 hominum
1801 2072 1948 2129 ortu,

370 2145 516 2215 apud
552 2147 902 2216 aequissimas
936 2163 1002 2203 ac
1042 2150 1462 2219 probatissimos
1491 2165 1676 2206 rerum
1723 2161 1949 2207 natura-

370 2236 503 2292 lium
547 2237 1016 2310 historiarumque
1051 2243 1380 2311 scriptores,
1415 2244 1697 2298 sententiae
1730 2243 1950 2301 fuerunt

371 2328 597 2383 omnino
649 2330 791 2386 duae.
845 2329 951 2397 Qui
1001 2331 1147 2386 enim
1198 2347 1267 2387 ex
1300 2331 1369 2387 iis
1410 2347 1511 2389 nec
1548 2333 1736 2388 mundi
1766 2342 1947 2389 ortum

369 2421 544 2475 ullum
589 2421 781 2491 fuisse,
825 2438 928 2479 nec
960 2424 1241 2480 interitum
1290 2425 1537 2480 futurum
1585 2441 1708 2482 esse
1751 2418 1950 2497 posueé

370 2502 521 2578 runt,
558 2512 592 2566 ii
621 2500 1013 2587 sempiternum
1045 2530 1264 2585 quoque
1293 2530 1464 2586 genus
1489 2516 1770 2571 hominum
1801 2532 1945 2583 esse,

370 2615 474 2656 nec
497 2602 604 2658 ullo
627 2619 866 2673 unquam
886 2612 1129 2676 tempore
1151 2606 1366 2661 illorum
1385 2610 1814 2677 procreationem
1837 2623 1949 2664 cm-

368 2693 517 2764 pisse
540 2695 849 2751 voluerunt.
879 2695 984 2763 Qui
1006 2713 1135 2752 vero
1161 2708 1478 2768 generatum
1508 2700 1761 2755 eumdem
1786 2686 1950 2771 atque

369 2802 701 2843 occasurum
733 2799 1082 2859 putaverunt,
1122 2790 1159 2845 ii
1188 2790 1410 2861 perinde
1430 2801 1591 2862 atque
1625 2792 1818 2862 ipsius,
1848 2792 1949 2846 ho-

373 2881 585 2935 minum
621 2882 784 2937 etiam
827 2883 1230 2953 generationem
1262 2893 1410 2939 certo
1437 2885 1671 2954 quodam
1707 2894 1950 2955 tempore

368 2973 697 3043 principium
726 2974 980 3030 habuisse
1006 2973 1381 3030 defenderunt.
1401 2975 1611 3046 Quippe
1631 2991 1756 3032 cum
1783 2975 1949 3046 hujus

368 3067 609 3135 primum
640 3066 882 3122 universi
905 3069 1304 3138 coagmentatio
1328 3070 1499 3135 ﬁeret,
1517 3085 1683 3125 unam
1707 3070 1945 3141 aliquam
1976 3093 2019 3151 ο

368 3158 496 3213 caeli
542 3167 596 3212 et
641 3166 799 3213 terrae
840 3174 908 3213 ex
948 3160 1208 3228 permista
1260 3159 1601 3230 confusaque
1660 3161 1949 3216 amborum

368 3256 567 3303 natura
600 3248 832 3304 formam
862 3250 1137 3307 exstitisse
1161 3269 1176 3319 ;
1196 3251 1392 3307 deinde
1436 3266 1566 3306 vero
1595 3251 1760 3307 simul
1788 3260 1952 3322 atque

371 3355 664 3411 corporum
696 3341 976 3398 distinctio
998 3340 1385 3409 successisset,
1404 3345 1667 3400 continuo
1684 3345 1949 3400 mundum

370 3433 614 3504 quidem,
651 3441 824 3489 totum
873 3436 1044 3502 hunc,
1080 3451 1244 3506 quem
1284 3435 1554 3501 videmus,
1580 3436 1818 3506 partium
1852 3452 1948 3491 or-

370 3526 554 3580 dinem
585 3527 882 3597 accepisse,
916 3542 1097 3583 aerem
1136 3544 1267 3585 vero
1302 3530 1601 3584 continenti
1641 3539 1794 3585 motu
1830 3531 1948 3602 agi-

370 3617 477 3673 tari
504 3618 763 3687 coepisse;
802 3618 877 3674 ita
924 3627 1105 3674 tamen
1137 3628 1197 3675 ut
1225 3636 1355 3691 pars
1392 3621 1513 3691 ejus
1551 3622 1708 3690 ignea
1753 3637 1947 3693 supre-

370 3722 518 3762 mam
545 3709 598 3761 in
625 3709 902 3777 regionem
937 3710 1198 3776 evolaret,
1230 3710 1376 3780 quod
1410 3711 1582 3780 ipsius
1610 3721 1804 3766 natura
1828 3727 1946 3768 sur-

368 3813 491 3852 sum
558 3799 800 3870 ingenita
854 3799 1075 3855 levitate
1133 3799 1368 3856 ferretur
1438 3801 1623 3871 (atque
1662 3801 1805 3857 hanc
1825 3817 1947 3857 esse

367 3905 614 3955 causam,
653 3891 1011 3961 quamobrem
1056 3892 1138 3948 sol
1179 3893 1297 3963 ipse
1336 3907 1401 3948 ac
1454 3892 1663 3963 reliqua
1704 3894 1944 3949 siderum

365 3982 666 4038 multitudo
700 3983 1095 4039 incitatissima
1122 3984 1594 4040 circumvectionis
1617 3985 1820 4055 impetu
1851 4001 1944 4040 ra-

365 4076 644 4146 piantur);
668 4076 814 4145 quod
842 4084 1024 4131 autem
1048 4091 1331 4132 caenosum
1355 4092 1420 4133 ac
1440 4077 1715 4132 turbidum
1736 4086 1874 4146 erat,
1887 4078 1940 4133 id

365 4182 435 4222 ex
459 4165 670 4220 humidi
704 4166 1092 4236 conjunctione
1116 4177 1456 4233 concretum,
1486 4184 1655 4223 unum
1681 4169 1735 4223 in
1759 4169 1942 4225 locum

364 4258 439 4313 ob
463 4257 688 4313 insitam
718 4258 1041 4328 gravitatem
1080 4258 1408 4314 subsideret.
1437 4259 1590 4314 ιιιυά
1619 4275 1783 4329 porro
1813 4274 1938 4315 cum

364 4348 423 4404 in
455 4362 515 4405 se
556 4348 735 4418 ipsum
779 4357 1039 4418 perpetua
1097 4351 1453 4406 conversione
1489 4351 1816 4417 volveretur,
1872 4366 1940 4406 ex

1978 412 2028 471 Δ

2611 406 3004 461 ΚΕΦΑΛΔῘΟΝ
3027 408 3098 461 Ζ’.

2050 518 2199 574 Ποία
2232 536 2323 586 τις
2358 513 2512 573 εἰναι
2543 517 2780 591 λέγεται
2823 519 2875 642 ’ῆι
2903 520 3030 574 καθ’
3061 519 3362 589 Ἕλληνας
3402 536 3631 592 κοσμοο

2741 605 2851 642 τιον
2876 605 2934 642 α.

2741 605 2934 659 Torta.
3388 645 3395 652 .

2121 678 2233 753 (12)
2272 698 2294 733 ι
2349 678 2487 753 Περὶ
2522 679 2620 751 μὲν
2649 673 2741 734 οὖν
2774 679 2911 734 θεῶν
2949 679 3101 744 τίνας
3130 681 3340 745 ἐννοίας
3386 680 3541 752 ἔσχον
3569 682 3624 735 οἰ

2049 773 2259 845 πρῶτοι
2301 773 2714 841 καταδείξαντες
2749 774 2916 846 τιμᾷν
2941 774 3004 828 τὸ
3029 776 3198 841 Θεῖον,
3224 775 3319 828 καὶ
3351 773 3481 845 περὶ
3512 774 3632 827 τῶν

2054 863 2533 935 μυθολογουμένων
2590 864 2821 918 ἑκάστου
2874 863 2985 918 τῶν
3036 862 3339 931 ἀθανάτων,
3396 863 3465 917 τά
3525 863 3628 933 μὲν

2050 955 2220 1010 πολλά
2261 954 2621 1022 συντάξασθαι
2656 938 3033 1027 πειρασόμεθα
3074 957 3195 1008 κατ’
3234 953 3390 1018 ἰδίαν,
3440 953 3531 1007 διὰ
3564 953 3631 1006 τδ

2049 1047 2147 1119 τὴν
2179 1045 2433 1101 ὑπόθεσιν
2457 1046 2662 1118 ταύτην
2693 1047 2885 1101 πολλοὺ
2918 1046 3077 1116 λόγου
3110 1046 3456 1118 προσδεῖσθαι
3477 1063 3491 1077 ο
3522 1047 3631 1100 ὅσα

2049 1136 2096 1189 δ’
2138 1134 2208 1190 ἂν
2243 1137 2365 1200 ταῖς
2408 1136 2795 1208 προκειμέναις
2835 1136 3098 1209 ἱστορίαις
3143 1136 3356 1190 ἐοικότα
3384 1137 3631 1208 δόξωμεν

2051 1229 2338 1300 ὑπάρχειν,
2387 1228 2775 1301 παραθήσομεν
2825 1231 2885 1284 ἐν
2939 1228 3275 1299 κεφαλαίοις,
3325 1230 3411 1283 ἴνα
3455 1229 3629 1301 μηδὲν

2048 1318 2158 1373 τῶν
2195 1319 2365 1390 ἀκοῆς
2397 1317 2563 1384 ἀξίων
2612 1319 2961 1392 ἐπιζητῆται.
3018 1321 3155 1392 Περὶ
3187 1320 3244 1374 δέ
3292 1321 3384 1375 τοῦ
3430 1321 3632 1390 γένους

2048 1410 2157 1465 τῶν
2197 1412 2452 1467 ἁπάντων
2495 1410 2816 1485 ἀνθρώπων,
2866 1414 2961 1467 καὶ
3004 1413 3116 1467 τῶν
3166 1414 3524 1486 πραχθέντων
3564 1416 3631 1467 ἐν

2047 1506 2161 1567 τοῖς
2193 1502 2619 1576 γνωριζομένοις
2670 1505 2862 1577 μέρεσι
2906 1507 3008 1578 τῆς
3048 1508 3392 1579 οἰκουμένης,
3437 1507 3512 1571 ὡς
3557 1506 3629 1561 ἂν

2050 1594 2328 1666 ἐνδέχηται
2362 1598 2489 1667 περὶ
2512 1598 2620 1652 τῶν
2647 1596 2790 1651 οὑτω
2812 1597 3076 1664 παλαιῶν,
3106 1597 3347 1669 ἀκριϐῶς
3380 1596 3634 1670 ἀναγράέ

2050 1684 2243 1755 ψομεν,
2266 1685 2374 1739 ἀπὸ
2394 1686 2500 1739 τῶν
2522 1687 2893 1758 ἀρχαιοτάτων
2920 1689 3126 1760 χρόνων
3142 1687 3458 1762 ἀρξάμενοι.
3485 1690 3632 1760 Περὶ

2050 1776 2147 1840 τῆς
2194 1777 2416 1849 πρώτης
2447 1779 2624 1834 τοίνυν
2656 1781 2922 1850 γενέσεως
2954 1781 3062 1836 τῶν
3110 1781 3413 1855 ἀνθρώπων
3445 1782 3629 1837 διτταὶ

2050 1869 2335 1937 γεγόνασιν
2368 1870 2700 1939 ἀποφάνσεις
2732 1869 2843 1944 (15)
2884 1872 3034 1943 παρά
3066 1875 3180 1936 τοῖς
3225 1873 3634 1945 νομιμωτάτοις

2048 1959 2157 2015 τῶν
2205 1977 2264 2014 τε
2297 1960 2629 2030 φυσιολόγων
2662 1965 2757 2016 καὶ
2786 1962 2895 2017 τῶν
2931 1964 3238 2036 ἱστορικῶν.
3281 1966 3344 2018 Οἱ
3382 1964 3479 2035 μὲν
3513 1964 3632 2036 γὰρ

2049 2052 2252 2117 αὑτῶν,
2297 2054 2559 2124 ἀγένητον
2603 2056 2698 2110 ml
2736 2056 3010 2129 ἄφθαρτον
3055 2057 3492 2129 ὑποστησάμενοι
3529 2055 3632 2110 τὸν

2050 2144 2279 2216 κόσμον,
2306 2147 2656 2218 ἀπεφήναντο
2694 2149 2788 2202 ml
2814 2149 2876 2202 τδ
2905 2148 3063 2218 γένος
3095 2148 3204 2202 τῶν
3231 2148 3533 2221 ἀνθρώπων
3560 2146 3628 2213 ἐξ

2049 2235 2246 2300 αἰῶνος
2296 2238 2582 2311 ὑπάρχειν,
2634 2239 2902 2311 μηδέποτε
2943 2241 3042 2311 τῆς
3088 2240 3270 2295 αὑτῶν
3308 2239 3631 2304 τεκνώσεως

2048 2329 2222 2401 ἀρχὴν
2254 2330 2568 2401 ἐσχηκυίας.
2605 2332 2669 2384 Ut
2705 2333 2783 2397 δέ,
2819 2333 3043 2404 γενητὸν
3069 2334 3162 2387 ml
3203 2332 3477 2404 ἄφθαρτον
3510 2332 3630 2405 (Η)

2048 2415 2189 2474 εἶναι
2230 2422 2572 2493 νομίσαντες,
2605 2422 2809 2494 ἔφησαν
2849 2425 3048 2495 ὁμοίως
3082 2426 3311 2490 ἐκείνοις
3345 2427 3455 2498 (l5)
3497 2428 3631 2491 τοὺς

2050 2511 2369 2585 ἀνθρώπους
2399 2517 2582 2585 τυχεῖν
2613 2515 2713 2586 τῆς
2747 2516 2969 2588 πρώτης
3007 2517 3272 2585 γενέσεως
3299 2518 3631 2589 ὡρισμένοις

2049 2605 2282 2678 χρόνοις.
2309 2605 2469 2660 Κατά
2494 2608 2602 2679 γὰρ
2626 2607 2726 2680 τὴν
2751 2606 2813 2673 ἐξ
2839 2608 3014 2681 ἀρχῆς
3033 2609 3142 2664 τῶν
3173 2609 3309 2663 ὅλων
3345 2610 3627 2676 σύστασιν,

2051 2699 2185 2769 μίαν
2229 2697 2372 2769 ἔχειν
2419 2701 2562 2754 ἰδέαν
2594 2701 2822 2772 οὐρανόν
2871 2719 2934 2755 τε
2968 2702 3062 2754 ml
3105 2703 3228 2773 γῆν,
3279 2704 3629 2775 μεμιγμένης

2049 2791 2230 2845 αὑτῶν
2258 2792 2358 2862 τῆς
2408 2792 2640 2862 φύσεως·
2681 2793 2820 2864 μετά
2857 2794 2915 2848 δέ
2943 2793 3116 2848 ταῦτα
3156 2795 3486 2849 διαστάντων
3512 2795 3629 2849 τῶν

2052 2882 2320 2955 σωμάτων
2349 2883 2443 2935 ἀπ’
2489 2882 2755 2956 ἀλλήλων,
2785 2884 2877 2938 τὸν
2920 2884 3019 2954 μὲν
3067 2884 3269 2956 κόσμον
3313 2885 3633 2956 περιλαϐεῖν

2050 2973 2268 3029 ἃπασαν
2295 2974 2393 3046 τὴν
2423 2974 2708 3046 ὁρωμένην
2737 2976 2793 3027 ἐν
2820 2975 2967 3047 αὑτῷ
2996 2974 3383 3040 σύνταξιν,’τδν
3412 2976 3457 3028 δ’
3481 2960 3631 3046 ἀέρα.

2051 3068 2314 3138 κινήσεως
2345 3068 2527 3137 τυχεῖν
2557 3066 2831 3138 συνεχοῦς.
2867 3068 2977 3122 Καὶ
3005 3067 3065 3119 τὸ
3111 3069 3209 3137 μέν
3242 3067 3484 3140 πυρῶδες
3519 3070 3627 3122 αὑ-

2055 3157 2151 3214 τοῦ
2182 3158 2316 3229 πρὸς
2340 3160 2466 3223 τοὺς
2496 3159 2929 3230 μετεωροτάτους
2953 3159 3150 3222 τόπους
3173 3160 3625 3231 συκθαναδραμεῖν,

2057 3247 2369 3321 ἀνωφεροῦς
2401 3247 2568 3320 οὑσης
2591 3250 2690 3319 τῆς
2718 3249 2970 3319 τοιαύτης
3012 3249 3225 3317 φύσεως
3256 3249 3344 3303 διὰ
3373 3251 3468 3320 τὴν
3497 3267 3631 3304 κου-

2057 3339 2293 3411 φότητα·
2326 3337 2418 3407 ἀφ’
2450 3333 2518 3409 ἦς
2548 3338 2725 3401 αἰτίας
2750 3336 2839 3390 τὸν
2879 3337 2976 3408 μὲν
3007 3338 3179 3407 ἥλιον,
3215 3339 3309 3390 καὶ
3340 3337 3401 3390 τὸ
3437 3337 3627 3391 λοιπὸν

2054 3432 2258 3502 πλῆθος
2295 3432 2405 3486 τῶν
2445 3432 2659 3502 ἄστρων
2698 3430 3137 3501 ἐναποληφθῆναι
3179 3433 3245 3501 τῇ
3290 3430 3438 3502 πάσῃ
3476 3428 3625 3499 δίνῃ’

2052 3521 2115 3576 τὸ
2146 3521 2202 3574 δὲ
2236 3521 2455 3585 ἰλυῶδες
2478 3522 2573 3574 καὶ
2601 3518 2817 3591 θολερὸν
2849 3519 2989 3591 μετά
3011 3519 3113 3589 τῆς
3137 3519 3245 3573 τῶν
3275 3518 3453 3591 ὑγρῶν
3487 3535 3630 3588 συγ-

2054 3613 2288 3684 κρίσεως
2322 3613 2414 3666 ἐπὶ
2452 3611 2616 3666 ταὺτὸ
2654 3610 2985 3681 καταστῆναι
3018 3608 3106 3662 διὰ
3136 3608 3197 3662 τὸ
3225 3608 3407 3679 βάρος·
3443 3606 3630 3661 εἱλού-

2056 3725 2215 3780 μενον
2261 3707 2306 3761 δ⁹
2350 3710 2409 3763 ἐν
2452 3706 2628 3778 ἐαυτῷ
2660 3709 2754 3761 καὶ
2791 3705 3224 3778 συστρεφόμενον
3258 3704 3512 3774 συνεχῶς,
3558 3704 3634 3759 ὲκ

2055 3802 2154 3874 μὲν
2181 3800 2289 3856 τῶν
2315 3801 2518 3873 ὑγρῶν,
2543 3800 2643 3873 τὴν
2673 3801 2946 3855 θάλασσαν
2966 3815 2981 3829 ·
3010 3799 3075 3851 ἐκ
3095 3797 3151 3851 δὲ
3174 3795 3281 3850 τῶν
3310 3814 3631 3867 στερεμνωα

2050 3893 2226 3964 τέρων
2260 3894 2480 3965 ποιῆσαι
2505 3895 2603 3964 τὴν
2635 3895 2758 3965 γῆν,
2786 3891 3029 3964 πηλώδη,
3056 3892 3150 3944 ml
3175 3889 3450 3953 παντελῶς
3480 3890 3635 3941 ἀπα-

2050 3984 2167 4057 λήν.
2201 3988 2412 4058 Ταύτην
2442 3987 2519 4052 δέ,
2555 3986 2616 4039 τὸ
2647 3987 2743 4058 μὲν
2780 3985 2993 4056 πρῶτον
3036 3983 3129 4037 τοῦ
3170 3983 3299 4052 περὶ
3335 3983 3427 4036 τὸν
3468 3982 3631 4053 ἥλιον

2050 4078 2220 4149 πυρὸς
2248 4077 2718 4149 καταλάμψαντος,
2755 4074 2915 4148 πῆξιν
2953 4075 3155 4130 λαϐεῖν·
3188 4061 3377 4132 ἔπειτα
3410 4074 3497 4128 διὰ
3519 4075 3631 4144 τὴν

2049 4170 2350 4241 θερμασίαν
2390 4169 2761 4240 άναζεομένης
2791 4168 2901 4241 (16)
2926 4168 3024 4239 τῆς
3056 4168 3395 4237 ἐπιφανείας,
3439 4182 3630 4220 συνοι-

2046 4264 2207 4334 δῆσαί
2248 4282 2369 4318 τινα
2399 4264 2507 4318 τῶν
2540 4263 2721 4336 ὑγρῶν
2754 4261 2894 4317 κατὰ
2921 4262 3148 4325 πολλοὺς
3182 4261 3377 4324 τόπους
3402 4259 3496 4315 ml
3521 4276 3628 4329 γε-

2046 4356 2231 4410 νέσθαι
2246 4356 2373 4428 περὶ
2392 4356 2529 4410 αὑτά
2558 4354 2852 4426 σηπεδόνας
2876 4354 3036 4424 ὑμέσι
3060 4352 3275 4437 λεπτοῖς
3297 4353 3630 4424 περιεχομέ-

366 4439 610 4496 humidis
659 4440 746 4494 sui
792 4440 1040 4510 partibus
1083 4430 1279 4509 mare,
1316 4442 1424 4512 20
1474 4456 1543 4497 ex
1590 4442 1942 4498 solidioribus

2066 4465 2161 4513 νας.
2196 4448 2370 4520 Ὅπερ
2413 4446 2556 4501 ἔστιν
2601 4446 2835 4501 ἐν”ἐλεσι
2868 4446 2963 4501 καὶ
2999 4447 3112 4510 τοῖς
3152 4430 3469 4516 λιμνάζουσι
3506 4444 3625 4498 τῶν

363 4545 498 4586 vero
521 4540 721 4587 terram
739 4532 979 4589 lutosam
1003 4531 1408 4604 admodumque
1423 4542 1666 4591 teneram
1694 4536 1947 4590 mollem-

363 4637 474 4693 que
501 4637 819 4693 procreasse
853 4642 866 4678 :
903 4638 1025 4694 quae
1072 4624 1343 4694 principio
1373 4625 1592 4697 quidem
1622 4625 1781 4695 igneo
1808 4626 1942 4683 solis

365 4719 682 4778 irradiantis
710 4721 895 4776 aﬂlatu
936 4731 1221 4793 compacta
1255 4722 1457 4778 sensim
1496 4738 1561 4779 ac
1585 4724 1782 4794 stipata
1811 4739 1944 4779 con-

365 4813 594 4881 stiterit;
636 4813 852 4881 deinde,
881 4829 1006 4870 cum
1052 4814 1257 4870 extima
1287 4815 1603 4886 superﬁcies
1650 4817 1703 4870 vi
1741 4817 1940 4873 caloris

363 4903 758 4972 ell'ervesceret,
783 4914 967 4976 partes
992 4904 1112 4973 ejus
1134 4905 1384 4976 quaedam
1413 4906 1749 4963 humidiores
1773 4907 1941 4963 variis

366 4996 599 5052 subinde
624 4996 763 5054 locis
802 4998 1185 5065 intumuerint,
1216 4998 1420 5070 quibus
1448 4999 1656 5055 inclusa
1683 5000 1940 5056 materies

364 5089 604 5157 putrida,
642 5091 1088 5163 membranisque
1125 5093 1467 5148 tenuissimis
1504 5093 1747 5149 involuta
1792 5092 1941 5149 fove-

365 5189 514 5234 retur
550 5200 565 5236 :
611 5183 664 5237 id
706 5183 853 5253 quod
887 5184 944 5239 in
986 5184 1194 5255 stagnis
1228 5184 1551 5253 etiamnum,
1578 5185 1821 5256 locisque
1843 5201 1941 5256 pa-

364 5269 628 5329 lustribus
660 5273 780 5330 ﬁeri
819 5275 1090 5344 videmus,
1136 5276 1184 5333 si
1209 5276 1430 5348 quando
1467 5286 1940 5349 posteaquam_so-

364 5426 764 5555 ωξξὶξὶῆξοωε
817 5441 998 5490 exstat
1046 5431 1188 5504 apud
1238 5431 1463 5489 Diodor.
1491 5433 1530 5488 l.
1561 5448 1601 5502 ι,
1629 5448 1686 5503 p.
1718 5431 1752 5489 6
1785 5447 1939 5489 novae

432 5567 547 5705 νδ)
600 5571 1005 5642 Ἀποφὰνσεις.
1049 5572 1229 5638 Diod.,
1264 5573 1586 5643 ἀποφάσεις.

463 5638 547 5705 14)
593 5642 939 5705 Ἀφθαρτον.
982 5644 1138 5698 Diod.
1172 5643 1429 5705 φθαρτόν,
1454 5654 1586 5701 recte

586 5638 939 5715 :Agottptor.
961 5638 1138 5698 'Diod.
1172 5638 1429 5715 φθαρτόν,
1454 5638 1617 5701 recte.

430 5708 545 5783 (Ιὸ)
586 5708 894 5783 Lugendum
950 5708 1434 5786 videtur-txétvqi,
1489 5729 1685 5786 nempe
1730 5714 1809 5788 τῷ
1847 5715 1936 5771 κό⁴

2043 4540 2225 4593 τόπων
2264 4538 2345 4592 ἔτι
2385 4538 2478 4591 καὶ
2522 4536 2616 4590 νῦν
2647 4538 2874 4608 ὁρᾶσθαι
2916 4537 3215 4608 γινόμενον,
3265 4520 3484 4589 ἐπειδὰν
3515 4537 3626 4607 τῆς

2043 4630 2226 4703 χώρας
2276 4629 2695 4700 κατεψυγμένης
2736 4629 2890 4699 ἄφνω
2934 4629 3196 4700 διάπυρος
3232 4627 3340 4700 ἀὴρ
3372 4628 3622 4698 γένηται,

2045 4725 2120 4796 μὴ
2154 4722 2333 4777 λαϐὼν
2370 4722 2469 4793 τὴν
2506 4721 2805 4794 μεταϐολὴν
2846 4723 2911 4775 ἐκ
2954 4722 3047 4775 τοῦ
3084 4724 3204 4777 κατ’
3239 4722 3435 4790 ὀλίγον.
3467 4722 3624 4774 Ζωο-

2041 4816 2380 4887 γονουμένων
2427 4814 2483 4867 δὲ
2535 4814 2642 4868 τῶν
2690 4813 2870 4886 ὑγρῶν
2912 4813 3000 4869 διὰ
3044 4816 3141 4886 τῆς
3184 4813 3485 4886 θερμασίας
3521 4814 3625 4869 τὸν

2040 4907 2328 4979 εἰρημένον
2349 4906 2572 4979 τρόπον,
2604 4905 2704 4971 τὰς
2731 4906 2826 4976 μὲν
2864 4905 3066 4970 νύκτας
3093 4905 3389 4977 λαμϐάνειν
3415 4905 3624 4961 αὐτίκα

2040 5003 2139 5073 τὴν
2171 5001 2375 5075 τροφὴν
2416 5004 2483 5056 ἐκ
2522 5003 2620 5073 τῆς
2658 5000 2962 5073 πιπτούσης
3005 5001 3114 5056 ἀπὸ
3138 5002 3232 5056 τοῦ
3264 5002 3624 5076 περιέχοντος

2040 5092 2298 5165 ὁμίχληςο
2332 5092 2430 5157 τάς
2467 5093 2513 5146 δ’
2546 5092 2759 5165 ἡμέρας
2787 5091 2892 5146 ὑπὸ
2920 5093 3014 5147 τοῦ
3039 5093 3317 5166 καύματος
3357 5092 3621 5165 στερεοῦ-

2043 5186 2185 5241 σθαι.
2209 5186 2284 5240 Τὸ
2308 5185 2366 5240 δὲ
2391 5184 2635 5257 ἔσχατον,
2662 5183 2772 5238 τῶν
2796 5187 3252 5258 κυοφορουμένων
3275 5187 3374 5258 τὴν
3399 5184 3621 5239 τελείαν

2041 5275 2267 5351 αὔξησιν
2295 5276 2698 5349 λαμϐανόντων,
2720 5278 2941 5334 καὶτῶν
2966 5278 3180 5351 ὑμένων
3210 5277 3619 5336 διακαυθέντων

2039 5473 2221 5597 σμίῖδ)
2274 5524 2703 5605 Ἅγαζεομένης.
2744 5524 2899 5583 Diod.
2924 5536 2978 5582 et
3003 5525 3196 5605 Manu,
3230 5521 3621 5605 ἀναζτέμουμέ-

2038 5614 2156 5667 νης,
2207 5598 2353 5669 quod
2404 5605 2490 5657 est
2537 5598 2904 5669 fermentatam
2940 5598 3092 5670 quasi
3132 5598 3618 5651 massamiutuma-

2040 5684 2201 5725 εεενε.
