3798 6220
224 138 296 192 ὦ
1437 149 1760 206 Ριὶ.λΕΡΑΗ.

1902 151 2056 208 ANG.
2095 152 2224 208 LIB.
2266 152 2306 208 l.
3094 194 3103 203 -
3425 165 3492 218 54

217 275 279 309 τε
313 255 416 312 καὶ
464 265 945 335 περιρραγέντων,
978 267 1281 338 ἀναφυῆναι
1315 269 1685 333 παντοδαποὺς
1729 287 1776 322 τι

1930 272 2040 325 lum
2077 271 2367 336 refrixerit,
2396 281 2528 328 aestu
2561 275 2843 344 repentino
2871 290 2964 330 aer
2987 276 3294 342 incalescat,
3321 295 3495 352 neque

220 365 359 413 παυς
387 351 582 416 ζώων.
625 356 844 410 Τούτων
888 357 944 411 δὲ
989 361 1059 412 τά
1098 361 1195 430 μὲν
1228 361 1488 432 πλείστης
1525 361 1825 432 Θερμασίας

215 447 705 515 κεκοινωνηκότα,
750 451 887 519 πρὸς
926 453 1055 515 τοὺς
1091 451 1394 524 μετεώρους
1424 453 1619 517 τόπους
1656 454 1824 507 ἀπελ-

251 535 355 599 εὒδ,
391 539 680 607 γενόμενα
722 541 929 610 πτηνά·
981 543 1051 596 τά
1103 544 1158 597 δὲ
1203 544 1436 613 γεώδους
1489 546 1825 615 ἀντεχόμενα

218 630 606 698 συγκρίσεως,
637 634 699 685 ἐν
732 637 798 704 τῇ
829 633 940 684 τῶν
979 634 1223 704 ἑρπετῶν
1263 637 1356 690 καὶ
1400 639 1467 708 τῇ
1512 637 1620 690 τῶν
1649 637 1822 693 ἄλλων

213 718 327 771 τῶν
370 722 646 788 ἐπιγείων
678 724 832 788 τάξει
871 726 1368 798 καταριθμηθῆναι·
1404 728 1474 782 τά
1509 729 1566 782 δὲ
1609 729 1822 798 φύσεως

215 809 400 880 ὕγράς
433 813 688 880 μάλιστα
723 816 1098 888 μετειληχότα,
1123 819 1260 890 πρὸς
1283 820 1375 874 τὸν
1397 822 1635 891 ὁμογενῆ
1657 822 1822 874 τόπον

217 901 581 971 συνδραμεῖν,
636 907 1010 977 ὀνομασθέντα
1055 910 1262 964 πλωτά.
1320 909 1430 982 Τὴν
1480 912 1537 964 δὲ
1585 913 1685 982 γῆν
1732 914 1821 966 ἀεὶ

215 993 424 1060 μᾶλλον
463 1000 869 1070 στερεουμένην
914 1001 1020 1054 ὑπό
1046 1019 1104 1055 τε
1134 1001 1227 1055 τοῦ
1261 1002 1390 1074 περὶ
1421 1003 1514 1056 τὸν
1538 1003 1686 1074 ἥλιον
1718 1022 1819 1056 πυ-

211 1081 326 1151 ρὸς,
371 1085 474 1137 καὶ
516 1087 633 1139 τῶν
667 1093 1021 1161 πνευμάτων,
1057 1093 1117 1146 τὸ
1151 1093 1458 1147 τελευταῖον
1495 1095 1693 1164 μηκέτι
1726 1093 1817 1147 δύ-

207 1174 414 1227 νασθαι
445 1177 628 1248 μηδὲν
672 1179 780 1234 τῶν
817 1181 1078 1252 μειζόνων
1119 1184 1422 1250 ζωογονεῖν,
1472 1185 1585 1238 ἀλλ’
1614 1186 1678 1238 ὲκ
1718 1186 1818 1257 τῆς

204 1263 350 1334 πρὸς
385 1267 608 1336 ἄλληλα
639 1271 842 1340 μίξεως
862 1273 1070 1327 ἕκαστα
1093 1275 1382 1342 γεννᾶσθαι
1403 1275 1510 1330 τῶν
1534 1276 1812 1347 ἐμψύχων.

208 1356 408 1410 Ἔ-λικε
435 1358 492 1412 δὲ
523 1361 660 1431 περὶ
687 1363 786 1433 τῆς
816 1364 927 1416 τῶν
951 1364 1086 1418 ὅλων
1129 1365 1343 1434 φύσεως
1373 1367 1479 1420 οὐδ’
1515 1368 1814 1439 Εὐριπίδης

201 1445 512 1517 διαφωνεῖν
557 1456 675 1516 τοῖς
714 1456 1149 1527 προειρημένοις,
1192 1457 1436 1529 μαθητὴς
1479 1457 1554 1512 ὢν
1590 1459 1814 1522 Ἀναξα-

201 1540 376 1611 γόρου
409 1543 510 1596 τοῦ
542 1546 799 1614 φυσικοῦ.
842 1548 930 1600 Ἐν
961 1548 1070 1618 γὰρ
1095 1551 1162 1620 τῇ
1195 1551 1555 1619 Μεναλίππῃ
1596 1550 1812 1622 τίθησιν

201 1647 265 1683 συ
271 1649 410 1695 τως·

1926 363 2185 433 paulatim
2205 365 2559 418 mulationem
2579 365 2847 435 ejusmodi
2877 368 3131 438 patiatur.
3162 368 3350 440 Itaque
3368 387 3493 429 cum

1926 455 2262 511 humidiores
2290 456 2395 510 illae
2424 466 2607 525 partes
2636 457 2782 512 hunc
2823 457 2878 512 in
2906 460 3128 514 modum
3153 461 3366 517 vitalem
3398 479 3494 534 pa-

1924 545 2100 599 riendi
2126 545 2233 598 vim
2260 561 2326 600 ex
2349 547 2531 601 calore
2549 547 2863 618 prolemque
2891 550 3258 619 conciperent,
3276 566 3369 608 eas
3392 568 3496 609 no-

1924 645 2012 691 ctu
2035 637 2254 707 quidem
2279 651 2348 691 ex
2377 637 2657 694 decidente
2683 639 2754 694 ab
2777 654 2903 696 aere
2926 641 3258 700 circumfuso
3295 645 3491 702 nebula

1923 730 2337 798 nutrimentum,
2364 730 2602 786 interdiu
2632 747 2760 786 vero
2803 733 2970 789 robur
2997 749 3064 790 ει
3099 736 3279 792 calore
3307 750 3372 791 ac
3400 736 3491 790 ﬁr-

1923 820 2167 874 mitatem
2195 820 2473 889 accepisse
2507 839 2522 875 :
2558 820 2732 877 donec
2764 822 2868 893 ipsi
2904 823 3048 880 fetus
3072 823 3278 895 justum
3313 826 3490 881 incre-

1921 917 2163 964 mentum
2183 925 2448 980 suamque
2465 913 2833 969 maturitatem
2854 915 3184 984 obtinerent,
3207 917 3490 988 ruptisque

1920 1000 2138 1054 demum
2168 1011 2302 1058 aestu
2347 1004 2701 1068 membranis,
2739 1006 3096 1061 animantium
3117 1009 3296 1064 omnis
3323 1023 3489 1080 gene-

1919 1093 1994 1146 ris
2027 1091 2213 1146 forma:
2237 1103 2614 1148 nascerentur.
2641 1093 2721 1148 Ex
2753 1096 2838 1150 his
2861 1105 3040 1151 autem
3068 1112 3188 1166 quae
3224 1098 3485 1165 majorem

1918 1191 2090 1236 nactm
2118 1183 2353 1238 calorem
2376 1193 2578 1253 essent,
2601 1199 2696 1240 eas
2723 1186 2918 1255 pennis
2948 1185 3244 1242 instructas
3265 1189 3488 1245 altiores

1917 1275 1974 1329 in
2004 1276 2192 1330 mundi
2216 1277 2402 1346 plagas
2434 1276 2784 1332 subvolasse:
2812 1278 2866 1332 in
2893 1277 3094 1348 quibus
3118 1293 3248 1334 vero
3272 1288 3484 1336 terrena

1916 1367 2193 1420 concretio
2228 1367 2606 1422 dominaretur
2626 1407 2646 1433 ,
2711 1367 2832 1422 illas
2861 1367 3134 1438 reptilium
3163 1383 3227 1423 ac
3264 1379 3486 1426 caetera-

1915 1471 2060 1523 rum,
2097 1472 2216 1526 qua:
2244 1456 2298 1510 in
2321 1465 2464 1511 terra
2488 1467 2792 1521 versantur,
2817 1458 3177 1513 animantium
3205 1459 3395 1514 ordine
3423 1475 3488 1515 ac

1915 1564 2145 1602 numero
2195 1548 2615 1617 comprehensas
2667 1546 2836 1603 fuisse
2877 1566 2893 1603 :
2938 1557 3206 1619 quotquot
3249 1549 3485 1620 denique

1918 1640 2138 1695 humida
2166 1641 2401 1696 maxime
2426 1649 2620 1695 natura
2641 1648 2972 1706 constarent,
2998 1655 3091 1695 eas
3118 1639 3172 1693 in
3195 1649 3486 1710 cognatum

201 1724 310 1777 sibi
344 1726 693 1799 amnemque
734 1731 917 1787 locum
955 1747 1145 1790 omnes
1175 1735 1521 1801 conﬂuxisse,
1566 1735 1800 1805 piscium
1840 1735 2061 1790 nomine
2087 1735 2400 1806 appellatas.
2429 1734 2512 1789 Ad
2575 1743 2873 1788 extremum
2941 1748 3072 1789 vero
3102 1741 3325 1797 terram,
3357 1749 3483 1788 cum

202 1817 488 1884 majorem
527 1822 584 1874 in
623 1821 744 1878 dies
777 1824 1198 1894 solidioremque
1219 1825 1474 1880 duritiem
1501 1828 1695 1896 partim
1729 1841 1796 1881 ex
1835 1827 1968 1882 solis
2043 1827 2336 1882 ardentiori
2378 1826 2578 1890 calore,
2627 1825 2821 1895 partim
2871 1841 2937 1880 ex
3006 1835 3290 1880 ventorum
3348 1824 3480 1882 ﬂatu

199 1908 422 1977 capiat,
458 1910 670 1965 nullam
725 1926 820 1982 per
871 1929 993 1970 sese
1035 1916 1268 1986 amplius
1311 1931 1378 1972 ex
1417 1918 1800 1988 grandioribus
1838 1919 2206 1974 animantibus
2240 1933 2527 1988 procreare
2581 1933 2764 1988 posse,
2829 1917 2926 1973 sed
2954 1932 3142 1974 earum
3177 1918 3484 1986 quamlibet

199 2018 270 2056 ex
307 2013 512 2060 mutua
549 2008 786 2063 marium
816 2025 880 2065 ac
917 2010 1242 2067 feminarum
1289 2014 1667 2070 commistione
1707 2017 1975 2085 generari.
2033 2014 2220 2086 Neque
2252 2016 2650 2086 discrepantem
2700 2015 2767 2070 ab
2810 2014 2900 2080 iis,
2925 2029 3049 2084 qum
3100 2013 3278 2068 adhuc
3338 2027 3494 2068 com-

203 2098 1500 2172 memoravimus,Euripidis,quiAnaxagoram
1525 2105 1808 2176 physicum
1845 2107 2112 2173 audierat,
2139 2107 2206 2162 de
2234 2105 2398 2178 hujus
2435 2105 2675 2162 universi
2703 2113 2826 2161 ortu
2853 2114 3090 2160 mentem
3148 2102 3316 2159 fuisse
3381 2116 3482 2172 pu-

206 2188 482 2242 taverim.
516 2190 572 2244 Is
599 2193 745 2244 enim
771 2191 851 2247 sic
879 2192 936 2246 in
975 2193 1272 2265 Menalippe
1303 2195 1525 2251 scribit:

285 2299 396 2378 ξος
423 2303 690 2378 ᾳίνξᾳὴός
716 2321 782 2378 τε
802 2304 939 2373 ταῖά
961 2307 1010 2359 τ’
1039 2303 1118 2376 ἦν
1137 2309 1340 2378 μορφὴ
1366 2311 1497 2378 μίαν

303 2327 396 2363 υς
423 2327 690 2368 υιξρανος
716 2327 782 2356 τε
802 2327 939 2373 Tala
961 2327 1005 2359 t'
1039 2327 1118 2376 ην
1137 2327 1340 2378 μορφὴ
1415 2327 1497 2376 ια,

289 2368 1326 2465 Ξὶεέἔ.έὲίέρέἐτθηῖαϊμάλλήλαέν
1357 2327 1519 2465 δίκαν

279 2439 576 2518 Τζκζουσι
604 2439 823 2518 πάντα,
855 2439 1201 2518 κάῖέδωκατλ
1232 2451 1318 2514 είς
1348 2439 1520 2518 scribe;

276 2507 535 2591 iéydpa,
567 2515 844 2591 stem-af,
876 2514 1090 2591 ρῇρας,
1116 2517 1222 2584 οὓς
1243 2507 1493 2589 θ”ιῖλμτί
1506 2507 1728 2589 τρέφει,

277 2579 480 2644 Γέγος
510 2597 576 2632 τε
607 2581 844 2649 θνητῶν
870 2579 1010 2656 (l7).

205 2688 320 2742 Καὶ
354 2693 488 2760 περὶ
519 2694 620 2762 μὲν
648 2695 747 2766 τῆς
783 2697 1008 2768 πρώτης
1035 2701 1142 2754 τῶν
1168 2701 1305 2757 ὅλων
1334 2703 1603 2772 γενέσεως
1629 2705 1802 2762 ταῦτα

207 2781 665 2854 παρειλήφαμεν.
713 2787 854 2851 Τοὺς
893 2789 952 2841 δὲ
1005 2790 1064 2857 ὲξ
1107 2793 1283 2863 ἀρχῆς
1328 2795 1651 2865 γενηθέντας
1692 2797 1801 2852 τῶν

207 2872 522 2942 ἀνθρώπων
599 2879 765 2945 φασὶν
825 2881 886 2932 ὲν
948 2882 1166 2954 ἀτάκτῳ
1236 2887 1330 2940 καὶ
1399 2888 1650 2960 θηριώδει
1701 2891 1801 2963 βίῳ

211 2964 592 3031 καθεστῶτας,
677 2973 955 3043 σποράδην
1019 2975 1110 3028 ἐπὶ
1176 2975 1276 3040 τὰς
1347 2979 1518 3050 νομάς
1578 2981 1797 3048 ἐξιέναι,

209 3058 307 3109 καὶ
378 3059 796 3129 προσφέρεσθαι
859 3064 960 3134 τῆς
1027 3081 1088 3118 τε
1152 3066 1380 3138 βοτάνης
1440 3070 1539 3141 τὴν
1596 3089 1801 3144 προση-

210 3146 502 3217 νεστάτην,
554 3151 651 3202 καὶ
686 3153 814 3215 τοὺς
866 3155 1202 3224 αὐτομάτους
1259 3157 1368 3211 ἀπὸ
1411 3159 1522 3214 τῶν
1565 3161 1798 3233 δένδρων

211 3239 484 3306 καρπούς.
518 3241 629 3296 Καὶ
665 3243 1099 3315 πολεμουμένους
1135 3249 1232 3320 μὲν
1282 3249 1386 3304 ὑπὸ
1431 3251 1539 3305 τῶν
1571 3252 1796 3324 θηρίων,

210 3328 461 3400 ἀλλήλοις
513 3331 751 3402 βοηθεῖν,
785 3336 890 3388 ὑπὸ
936 3337 1026 3391 τοῦ
1063 3339 1430 3412 συμφέροντος
1471 3342 1797 3415 διδασκομέ-

207 3436 355 3484 νους,
387 3421 814 3494 ἀθροιζομένους
851 3427 909 3480 δὲ
945 3428 1031 3482 διά
1053 3431 1144 3484 τὸν
1190 3432 1376 3501 φόϐον,
1414 3435 1796 3502 ἐπιγινώσκειν

207 3511 273 3564 ὲκ
303 3511 399 3564 τοῦ
436 3514 581 3567 κατά
620 3517 812 3589 μικρὸν
834 3521 958 3583 τοὺς
1003 3521 1245 3592 ἀλλήλων
1271 3523 1493 3588 τύπους.
1538 3526 1651 3596 Τῆς
1685 3544 1798 3596 φω-

206 3601 303 3670 νῆς
341 3603 391 3655 δ’
439 3604 660 3674 ἀσήμου
705 3608 798 3660 καὶ
850 3611 1261 3682 συγκεχυμένης
1305 3613 1685 3685 ὑπαρχούσης,
1732 3617 1796 3668 ὲκ

207 3690 297 3745 τοῦ
322 3695 448 3746 κατ’
483 3695 667 3764 ὀλίγον
695 3697 988 3770 διαρθροῦν
1018 3701 1113 3765 τὰς
1143 3703 1336 3770 λέξεις,
1358 3706 1453 3758 καὶ
1479 3707 1614 3778 πρὸς
1635 3708 1796 3780 ἀλλή-

207 3783 329 3849 λους
373 3785 632 3851 τιθέντας
666 3788 910 3859 σθὺμὸολα
943 3793 1068 3863 περὶ
1110 3794 1338 3848 ἑκάστου
1365 3797 1471 3850 τῶν
1500 3800 1795 3870 ὑποκειμέ-

207 3892 330 3938 νων,
354 3875 643 3948 γνώριμον
669 3879 854 3948 σφίσιν
886 3883 1067 3946 αὐτοῖς
1093 3886 1318 3956 ποιῆσαι
1344 3889 1442 3959 τὴν
1466 3891 1594 3962 περὶ
1626 3892 1796 3945 ἁπάν-

207 3981 310 4017 των
350 3968 679 4037 ἑρμηνείαν.
713 3967 983 4022 Τοιούτων
1010 3971 1068 4024 δὲ
1103 3975 1462 4045 συστημάτων
1494 3977 1793 4047 γινομένων

205 4056 324 4109 καθ’
353 4057 579 4112 ἃπασαν
607 4058 707 4130 τὴν
749 4061 1092 4132 οἰκουμένην,
1136 4064 1234 4134 οὐχ
1277 4066 1555 4136 ὁμόφωνον
1586 4068 1792 4132 πάντας

209 4147 346 4217 ἔχειν
375 4150 480 4220 τὴν
517 4149 816 4215 διάλεκτον,
846 4153 1110 4220 ἑκάστων,
1145 4156 1220 4219 ὼς
1257 4155 1465 4227 ἔτυχεν,
1503 4159 1792 4224 συνταξάν-

205 4254 308 4289 των
341 4240 441 4302 τὰς
469 4240 648 4304 λέξεις
667 4259 680 4270 ’
711 4242 791 4295 διὸ
830 4245 926 4296 καὶ
953 4245 1239 4308 παντοίους
1269 4263 1327 4298 τε
1355 4248 1591 4319 ὑπάρξαι
1618 4267 1788 4319 χαρα-

207 4329 408 4400 κτῆρας
439 4332 760 4399 διαλέκτων,
793 4335 888 4388 καὶ
930 4335 998 4389 τὰ
1039 4337 1233 4408 πρῶτα
1274 4339 1541 4410 γενόμενα
1588 4343 1786 4414 συστή-

209 4439 350 4487 ματα
396 4425 508 4476 τῶν
556 4425 814 4479 ἁπάντων
849 4426 1016 4484 ἐθνῶν
1043 4430 1313 4501 ἀρχέγονα
1342 4433 1612 4500 γενέσθαι.
1649 4435 1787 4499 Τοὺς

205 4509 292 4566 οὖν
331 4514 592 4584 πρώτους
627 4516 736 4569 τῶν
771 4517 1094 4590 ἀνθρώπων,
1129 4522 1352 4592 μηδενός
1387 4543 1471 4577 πω
1508 4524 1617 4578 τῶν
1651 4525 1788 4596 πρὸς

205 4603 288 4654 τὸν
305 4604 420 4674 βίον
437 4606 729 4676 χρησίμων
755 4609 1070 4679 εὑρημένων
1085 4610 1242 4681 (17¹),
1267 4613 1536 4678 ἐπιπόνως
1557 4615 1781 4682 διάγειν,

204 4698 439 4764 γυμνοὺς
477 4699 577 4766 μὲν
608 4698 834 4768 ἐσθῆτος
857 4699 1036 4767 ὂντας,
1072 4704 1284 4774 ὑήσεως
1317 4704 1428 4775 (l8)
1463 4705 1517 4757 δὲ
1554 4705 1648 4757 καὶ
1683 4722 1785 4757 πυ-

205 4784 290 4854 ρὸς
312 4787 449 4861 @139}:-
460 4805 528 4850 ις,
558 4789 765 4859 τροφῆς
793 4791 837 4842 δ’
863 4792 1070 4864 ἡμέρου
1109 4795 1388 4862 παντελῶςΔ
1416 4797 1778 4868 ἀνεννοήτους.

204 4875 306 4927 Καὶ
332 4876 444 4947 γὰρ
470 4878 572 4948 τὴν
594 4880 926 4951 συγκομιδὴν
949 4884 1045 4954 τῆς
1072 4885 1268 4956 ἀγρίας
1289 4887 1493 4958 τροφῆς
1526 4886 1780 4955 ἀγνοοῦν-

1833 2306 1877 2362 Β
1976 2309 2112 2365 Cwli
2135 2323 2272 2361 unus
2299 2314 2421 2361 ante
2455 2307 2628 2360 vultus
2658 2320 2719 2357 ac
2752 2311 2906 2357 terra:
2936 2303 3061 2370 fuit,

1973 2381 2051 2433 Ac
2079 2379 2324 2448 proprius
2362 2393 2426 2431 ea:
2458 2392 2558 2445 quo
2597 2384 2875 2448 utrumque
2909 2371 3151 2448 discingit
3200 2371 3368 2438 locus,

1975 2442 2186 2504 Cun'ctd
2203 2451 2353 2501 ambo
2383 2442 2651 2516 generant,
2678 2442 2832 2513 inque
2855 2443 3023 2496 lucem
3044 2442 3268 2516 eﬂ'ertmt

1975 2518 2176 2584 Silvas,
2213 2511 2469 2579 volucres,
2501 2531 2564 2568 ac
2606 2511 2784 2584 feras»;
2817 2524 2924 2566 tum
2946 2528 3074 2581 quos
3101 2511 3276 2566 salum

1976 2588 2187 2653 Num't,
2219 2588 2586 2655 hominumque
2610 2599 2792 2655 genus.

1900 2705 2079 2775 Atque
2111 2704 2225 2759 haec
2276 2701 2344 2756 de
2391 2702 2568 2771 prima
2616 2698 2806 2754 mundi
2845 2696 3276 2770 procreationea
3300 2695 3475 2764 majo-

1901 2796 2055 2851 ribus
2107 2794 2437 2864 accepimus.
2499 2791 2713 2857 Porro,
2757 2789 2852 2859 qui
2905 2788 3181 2858 principes
3225 2785 3468 2841 omnium

1900 2881 2014 2937 nati
2055 2880 2304 2935 homines
2341 2887 2518 2943 erant,
2552 2893 2648 2933 eos
2670 2876 2787 2931 sine
2814 2875 3006 2930 ordine
3035 2890 3099 2930 ac
3127 2872 3301 2930 ferino
3355 2874 3474 2943 pla-

1899 2989 1969 3028 ne
2021 2975 2129 3028 ritu
2163 2972 2509 3039 victitantes,
2549 2970 2769 3040 hucque
2811 2967 3103 3038 dissipatos
3147 2974 3310 3037 atque
3344 2966 3474 3022 illuc

1898 3064 1968 3120 ad
2006 3077 2209 3134 pascua
2251 3062 2486 3126 exiisse,
2541 3075 2606 3116 ac
2653 3059 2699 3116 si
2742 3059 2871 3130 quid
2924 3057 3253 3114 teneriorum
3289 3065 3344 3112 et
3368 3057 3472 3110 mi-

1897 3154 2099 3209 tiorum
2144 3154 2439 3208 herbarum
2491 3159 2668 3219 esset,
2720 3166 2846 3206 cum
2901 3157 3090 3220 sponte
3118 3147 3469 3203 nascentibus

1897 3243 2154 3298 arborum
2209 3241 2478 3298 fructibus
2528 3240 2833 3297 comedisse
2901 3239 3101 3294 ferunt.
3162 3237 3267 3308 21
3316 3236 3454 3293 Cum

1896 3346 2077 3389 autem
2138 3349 2233 3389 eos
2288 3332 2414 3389 ferae
2467 3342 2962 3404 persequerentur,
3002 3331 3239 3386 utilitate
3296 3331 3468 3401 magi-

1896 3435 2006 3482 stra
2051 3434 2297 3480 mutuam
2357 3425 2461 3480 sibi
2494 3440 2651 3494 opem
2712 3424 2936 3488 tulisse,
2991 3431 3249 3492 metuque
3302 3421 3478 3476 simul

1897 3525 2248 3587 congregatos
2278 3557 2295 3582 ,
2357 3517 2581 3572 alterius
2629 3516 2862 3571 alterum
2911 3513 3174 3585 paulatim
3230 3513 3462 3567 formam

1897 3608 2486 3677 agnovissezcumque
2536 3622 2724 3661 vocem
2772 3605 2848 3660 illi
2909 3603 3194 3661 confusam
3225 3604 3463 3675 primum

1896 3702 1950 3748 et
1977 3694 2046 3747 ab
2071 3695 2218 3749 omni
2270 3694 2669 3764 signiﬁcatione
2699 3708 2928 3747 vacuam
2950 3689 3463 3756 eﬂ‘underent,.sin~

1895 3783 2036 3853 gulis
2089 3783 2354 3853 paulatim
2395 3784 2623 3838 vocibus
2669 3782 2956 3837 articulate
2995 3779 3357 3851 proferendis,
3384 3781 3463 3835 si-

1893 3874 2122 3944 gnisque
2149 3891 2331 3930 rerum
2361 3890 2484 3945 quae
2505 3874 2887 3940 occurrebant,
2929 3873 3069 3928 inter
3101 3887 3223 3929 sese
3254 3872 3463 3927 consti-

1892 3967 2045 4033 tutis,
2072 3977 2256 4022 notam
2291 3981 2478 4022 eorum
2508 3967 2611 4022 sibi
2659 3967 2903 4023 omnium
2933 3964 3351 4035 explicationem
3378 3963 3463 4017 in-

1892 4059 2444 4128 terpretationemque
2484 4058 2700 4114 fecisse.
2746 4056 2868 4114 Jam
2923 4073 3067 4113 vero.
3104 4055 3252 4127 quod
3285 4064 3461 4111 caelus

1891 4147 2157 4216 ejusmodi
2189 4158 2300 4202 toto
2329 4150 2532 4218 passim
2560 4149 2694 4205 orbe
2721 4147 3109 4213 conﬂarentur,
3146 4147 3459 4218 singulique

1889 4253 2071 4301 voces,
2107 4247 2271 4308 prout
2309 4240 2505 4309 cuique
2529 4247 2730 4295 temere
2757 4254 2821 4294 ac
2847 4237 3074 4295 fortuito
3105 4239 3284 4293 visum
3315 4244 3456 4300 erat,

1889 4340 2294 4402 componerent,
2337 4348 2447 4387 non
2471 4331 2716 4386 eamdem
2747 4331 2946 4386 idcirco
2995 4330 3252 4401 loquendi
3286 4331 3457 4386 ratio-

1888 4437 2010 4476 nem
2039 4437 2163 4477 cum
2184 4423 2456 4479 universis
2494 4438 2840 4478 communem
2880 4422 3073 4478 fuisse.
3124 4424 3301 4492 Atque
3331 4423 3456 4478 hinc

1887 4510 2077 4566 formae
2108 4513 2420 4583 linguarum
2449 4515 2800 4584 multiplices,
2828 4513 3127 4584 primaeque
3156 4514 3258 4568 illae
3280 4515 3454 4569 homi-

1885 4621 2016 4660 num
2047 4606 2336 4661 societates
2361 4605 2605 4660 omnium
2637 4615 2892 4675 parentes
2915 4613 2968 4659 et
2997 4605 3176 4674 capita
3210 4606 3451 4675 gentium

1883 4697 2229 4753 exstiterunt.
2260 4697 2529 4754 Czeterum
2559 4697 2707 4768 quod
2736 4696 2872 4752 nihil
2900 4697 3080 4752 adhuc
3111 4710 3302 4751 eorum
3332 4711 3452 4766 qua

1882 4789 2271 4845 conservanda:
2299 4805 2364 4845 ac
2400 4791 2610 4845 tuendae
2633 4791 2758 4845 vitae
2781 4789 3046 4852 serviunt,
3080 4788 3448 4857 excogitatum

1881 4890 2046 4948 esset,
2073 4882 2220 4936 illam
2249 4896 2390 4951 aegre
2414 4881 2703 4936 admodum
2733 4880 2893 4950 primi
2924 4880 3012 4936 isti
3041 4880 3288 4935 homines
3317 4881 3448 4934 tole-

203 4981 314 5030 τας,
352 4967 630 5039 μηδεμίαν
661 4970 767 5023 τῶν
795 4973 1022 5042 καρπῶν
1057 4977 1135 5037 είς
1161 4974 1259 5039 τὰς
1286 4977 1490 5040 ἐνδείας
1513 4977 1776 5031 ποιεῖσθαι

1902 4974 2109 5041 abant,
2126 4973 2324 5043 quippe
2345 4973 2439 5042 qui
2470 4983 2522 5028 et
2547 4988 2578 5026 a
2603 4973 2849 5028 vestibus
2897 4971 3169 5041 imparati,
3204 4985 3305 5026 nec
3352 4970 3447 5024 do-

204 5062 508 5129 ταράθεσιν
530 5080 545 5092 ο
575 5063 657 5116 διὸ
689 5065 784 5118 καὶ
813 5065 1038 5131 πολλοὺς
1062 5068 1242 5122 αὐτῶν
1269 5069 1600 5123 ἀπόλλυσθαι
1633 5071 1776 5125 κατά

203 5149 321 5213 τοὺς
351 5153 652 5220 χειμῶνας,
685 5155 773 5208 διά
803 5173 863 5209 τε
889 5157 947 5210 τὸ
975 5157 1164 5229 ψῦχος,
1192 5160 1289 5215 καὶ
1323 5161 1423 5232 τὴν
1454 5161 1647 5215 σπάνιν
1676 5162 1777 5232 τῆς

203 5241 422 5311 τροφῆς.
444 5243 541 5297 Ἐκ
566 5245 623 5297 δὲ
650 5245 836 5299 τούτου
867 5251 984 5302 κατ’
1013 5249 1188 5318 ὀλίγον
1223 5250 1327 5304 ὑπὸ
1354 5251 1454 5322 τῆς
1481 5252 1674 5324 πείρας
1700 5251 1778 5306 διο

264 5385 294 5416 ι
355 5373 444 5426 ἷσ.
473 5376 547 5428 τὰ
566 5378 802 5447 δένδρα.
841 5380 993 5438 Diod.
1048 5385 1289 5454 Δὲνδρη,
1320 5388 1578 5443 πετεινά.

539 5495 761 5576 θνητῶν,
786 5501 1012 5576 paucula
1026 5504 1268 5576 qumdam
1296 5503 1491 5576 Euseb.
1520 5507 1774 5576 przeterit.

264 5559 395 5631 (57‘)
431 5559 810 5636 είυῡῖυὶένωιί
842 5571 982 5643 Lege
1017 5559 1345 5645 εἰρημένου.
1380 5559 1537 5631 EDtT:

1882 5067 2208 5121 miciliorum
2232 5074 2327 5120 aut
2351 5067 2490 5136 ignis
2517 5081 2674 5121 usum
2717 5066 2914 5128 edocti,
2943 5075 2998 5120 et
3026 5065 3203 5119 victus
3220 5063 3446 5118 alimen-

1881 5158 2032 5226 tique
2080 5158 2315 5213 mitioris
2344 5172 2570 5227 prorsus
2609 5157 2784 5228 ignari
2826 5166 3027 5212 essent.
3064 5154 3277 5210 Etenim
3319 5169 3444 5207 cum

1881 5249 1986 5321 ipsi
2015 5249 2257 5305 nondum
2293 5249 2696 5320 comportanda:
2734 5263 2803 5304 ex
2830 5247 2976 5316 agris
3015 5259 3246 5302 annona:
3275 5244 3442 5300 ratio-

1959 5507 2068 5578 (l8)
2117 5507 2386 5574 Ὑήσεως.
2430 5505 2654 5561 Reddidi
2702 5505 2922 5582 perinde
2970 5521 3033 5561 ac
3081 5505 3125 5561 si
3176 5505 3440 5582 legeretur

1884 5576 2154 5650 ἀκήσεως,
2187 5595 2348 5650 quam
2381 5594 2564 5635 vocem
2609 5578 2750 5648 apud
2782 5576 2996 5632 Diodor.
3026 5585 3210 5648 postea
3244 5576 3435 5643 reperi.
