3798 6220
339 144 411 201 55
1013 137 1282 196 EUSEBII
1319 138 1803 196 CIESARIENSIS
1841 139 1988 196 OPP.
2031 139 2212 196 PARS
2246 139 2307 196 Il.
2351 169 2412 180 —
2449 139 2949 199 APOLOGETICA.
3514 145 3588 202 56

336 277 461 320 nem
485 267 754 327 tenerent,
770 259 906 315 nihil
934 259 1160 316 omnino
1187 256 1462 313 fructuum
1481 258 1723 314 levandae
1744 273 1903 328 quon-

2046 259 2397 329 ασκομένους,
2431 258 2511 323 είς
2550 277 2610 313 τε
2660 260 2731 314 τά
2774 259 3010 330 σπήλαια
3035 259 3395 329 καταφεύγειν
3424 261 3484 315 ὲν
3507 261 3594 328 τῶ

333 355 460 413 dam
491 353 688 424 inopiae
715 353 891 424 gratia
913 351 1300 407 recondebam.
1353 349 1538 422 Itaque
1572 349 1793 420 plurimi
1816 365 1914 420 per

335 447 570 503 hiemem
598 460 724 500 cum
774 447 1066 515 asperitate
1098 442 1339 513 frigoris,
1378 451 1494 498 tum
1541 443 1791 497 ciborum
1816 456 1910 512 pe-

333 539 495 596 nuria
529 538 732 608 passim
768 537 1078 593 interibant.
1117 533 1318 590 Verum
1363 535 1455 590 ubi
1490 534 1752 605 paulatim
1801 549 1908 590 usu

334 629 454 700 ipso
484 629 758 683 cautiores
789 628 1110 689 evasissent,
1145 625 1201 679 in
1239 625 1532 696 speluncas
1559 624 1754 680 hiemis
1775 631 1910 678 tem-

331 734 470 790 pore
488 718 802 788 confugere,
846 716 1051 787 quique
1103 717 1374 772 asservari
1404 714 1611 771 diutius
1659 723 1910 785 poterant

337 810 546 866 fructus
571 824 832 880 reponere
861 817 1162 878 coeperunt.
1191 807 1336 879 Ignis
1357 813 1538 862 autem
1565 806 1906 876 aliarumque

334 901 784 958 commoditatum
831 901 1065 955 utilitate
1119 907 1425 973 perspecta,
1479 899 1626 969 ipsas
1691 913 1908 969 quoque

333 995 592 1065 paulatim
623 1002 766 1048 artes
797 1008 863 1048 ac
894 1001 1110 1058 caltera,
1142 1007 1375 1062 quorum
1402 1005 1470 1046 ex
1498 991 1909 1061 opportunitate

331 1087 627 1158 plurimum
654 1086 720 1141 ad
751 1099 1098 1140 communem
1120 1084 1287 1138 vitam
1315 1084 1671 1139 emolumenti
1699 1086 1908 1140 redun-

329 1179 504 1244 daret,
558 1177 901 1232 invenerunt.
944 1174 1234 1230 Enimvero
1279 1175 1397 1245 ipsa
1435 1174 1670 1244 primum
1721 1175 1902 1246 inopia

330 1285 453 1326 sese
478 1271 722 1326 omnium
754 1269 977 1324 omnino
1002 1282 1186 1322 rerum
1222 1267 1541 1339 magistram
1587 1267 1906 1322 hominibus

329 1361 599 1429 prabuit;
662 1375 786 1415 cum
858 1357 1299 1427 uniuscujusque
1351 1357 1602 1413 notitiam
1676 1359 1900 1413 animali

2017 353 2266 425 χειμῶνι,
2301 354 2394 406 καὶ
2421 352 2530 407 τῶν
2559 351 2789 424 καρπῶν
2816 351 2943 416 τοὺς
2971 352 3330 423 φυλάττεσθαι
3356 354 3596 427 δυναμέ-

2012 461 2155 510 νους,
2208 444 2592 499 ἀποτίθεσθαιο
2643 443 2977 513 γνωσθέντος
3021 443 3078 497 δὲ
3125 443 3219 498 τοῦ
3276 446 3465 518 πυρὸς,
3490 446 3597 502 κα.)⁵

2007 536 2117 590 τῶν
2149 537 2322 591 ἄλλων
2353 537 2657 610 χρησίμων,
2691 539 2829 592 κατά
2873 538 3064 608 μικρὸν
3109 537 3203 592 καὶ
3245 538 3344 603 τὰς
3389 541 3594 611 τέχνας

2010 627 2384 699 ἐξευρεθῆναι,
2413 629 2508 681 καὶ
2528 628 2598 681 τά
2625 628 2759 682 ἀλλα
2781 628 2847 682 τά
2867 627 3138 698 δυνάμενα
3162 628 3254 682 τὸν
3278 629 3452 683 κοινὸν
3472 629 3597 690 βίον

2008 715 2306 787 ὠφελῆσαι.
2334 716 2578 771 Καθόλου
2625 717 2736 791 γάρ
2777 718 2994 772 πάντων
3036 720 3135 790 τὴν
3178 719 3368 792 χρείαν
3415 720 3595 791 αὐτὴν

2006 807 2324 862 διδάσκαλον
2371 808 2625 878 γενέσθαι
2680 812 2792 874 τοῖς
2841 808 3167 881 ἀνθρώποις,
3201 812 3596 885 ὑφηγουμένην

2007 899 2224 964 οἰκείως
2245 900 2342 972 τὴν
2369 901 2599 955 ἑκάστου
2633 899 2867 973 μάθησιν
2892 901 3080 969 εὐφυεῖ
3108 899 3249 971 ζώῳ,
3277 901 3370 954 καὶ
3401 919 3597 974 συνερ-

2007 995 2138 1062 γοὺς
2169 992 2346 1064 ἔχοντι
2377 993 2514 1066 πρὸς
2541 993 2757 1048 ἅπαντα
2780 995 2990 1064 χεῖρας,
3020 994 3116 1047 καὶ
3150 993 3327 1063 λόγον,
3353 995 3445 1048 καὶ
3481 993 3595 1063 ψυ-

2006 1086 2107 1156 χῆς
2138 1085 2437 1156 ἀγχίνοιαν.
2466 1085 2575 1139 Καὶ⁴
2623 1085 2750 1156 περὶ
2800 1085 2902 1155 μὲν
2940 1084 3039 1156 τῆς
3077 1083 3298 1156 πρώτης
3319 1085 3595 1154 γενέσεως

2006 1174 2115 1228 τῶν
2145 1174 2468 1246 ἀνθρώπων,
2501 1175 2594 1229 καὶ
2642 1173 2736 1230 τοῦ
2793 1173 3156 1229 παλαιοτάτου
3190 1174 3306 1246 βίου
3346 1177 3457 1238 τοῖς
3487 1178 3600 1246 ῥη-

2007 1265 2176 1322 θεῖσιν
2241 1266 2728 1340 ἀρκεσθησόμεθα,
2780 1266 3165 1339 στοχαζόμενοι
3213 1267 3312 1340 τῆς
3370 1282 3596 1338 συμμε-

2003 1357 2178 1430 τρίας.
2213 1375 2232 1410 ι

329 1454 802 1523 optimeanatura
858 1461 1196 1521 comparato,
1228 1450 1485 1522 quodque
1533 1467 1644 1507 non
1688 1461 1899 1508 tantum
1941 1451 2278 1507 administris
2302 1450 2370 1506 ad
2405 1451 2590 1508 omnia
2636 1451 2891 1508 manibus
2953 1451 3226 1516 utebatur,
3261 1449 3354 1505 sed
3417 1450 3594 1506 etiam

326 1543 541 1598 ratione
567 1542 780 1597 valebat
807 1541 1082 1611 animique
1136 1541 1377 1610 solertia,
1408 1539 1750 1598 familiariter
1787 1550 2120 1614 suggereret.
2162 1541 2342 1611 Atque
2402 1541 2538 1608 haec,
2600 1542 2759 1597 nobis
2807 1541 3110 1612 praesertim
3154 1541 3249 1612 qui
3290 1541 3592 1598 mediocri-

329 1633 425 1691 tati
448 1634 782 1700 Studeamus,
819 1633 886 1688 de
910 1633 1086 1703 primo
1118 1633 1400 1689 hominum
1438 1645 1583 1704 ortu,
1610 1636 1785 1706 deque
1814 1635 2026 1691 vivendi
2063 1637 2169 1692 ritu
2201 1635 2590 1702 vetustissimo,
2625 1637 2759 1692 satis
2793 1645 2973 1692 erunt.
3007 1654 3026 1688 ι

404 1723 676 1780 Ilactenus
711 1725 965 1781 laudatus
988 1742 1019 1781 a
1039 1727 1198 1782 nobis
1218 1737 1425 1793 auctor,
1451 1729 1547 1798 qui
1587 1730 1642 1783 in
1669 1729 1776 1789 ista
1798 1744 1898 1784 sua

2068 1727 2319 1785 Τοσαῦτα
2356 1729 2455 1800 μὲν
2484 1731 2513 1785 ὁ
2550 1729 2810 1801 δηλωθεὶς
2849 1729 3217 1801 συγγραφεὺς,
3245 1729 3367 1786 οὐδὲ
3390 1729 3597 1801 μέχρις

328 1816 520 1872 mundi
546 1818 922 1888 procreatione
934 1821 1435 1888 commemoranda,
1462 1835 1530 1876 ne
1557 1819 1650 1876 Dei
1683 1821 1906 1892 quidem

325 1910 412 1964 vel
441 1910 664 1966 nomine
691 1920 850 1968 tenus
879 1912 1148 1981 meminit,
1181 1913 1275 1969 sed
1309 1912 1589 1969 fortuitam
1613 1914 1906 1985 quamdam

329 2019 395 2059 ac
447 2012 641 2074 sponte
693 2005 934 2060 oblatam
989 2005 1155 2076 hujus
1203 2007 1444 2062 universi
1494 2005 1907 2076 dispositionem

327 2093 553 2148 invexit.
597 2094 800 2150 Eadem
849 2111 981 2152 vero
1035 2097 1254 2154 Graecos
1301 2096 1653 2167 philosophos
1697 2105 1906 2166 partem

327 2200 462 2240 sane
483 2186 778 2240 maximam
804 2188 992 2244 videas
1023 2189 1346 2260 prodidisse.
1376 2188 1622 2255 Quorum
1651 2187 1904 2257 equidem

324 2274 383 2330 in
410 2277 698 2345 prmsentia
724 2277 792 2333 de
844 2293 1027 2334 rerum
1056 2279 1342 2350 principiis
1387 2280 1492 2349 22
1533 2277 1818 2348 Opiniones
1842 2291 1906 2332 ac

323 2369 698 2424 dissensiones
722 2378 963 2436 mutuas,
989 2385 1055 2425 ex
1097 2371 1165 2426 iis
1210 2386 1350 2442 quos
1384 2369 1658 2425 Stromata
1686 2368 1906 2423 Plutar-

322 2459 463 2514 chus
491 2459 788 2530 inscripsit,
840 2462 939 2516 tibi
993 2475 1118 2518 ante
1166 2464 1358 2520 oculos
1412 2479 1636 2534 ponam,
1698 2477 1903 2532 easque

323 2561 435 2602 non
463 2564 530 2604 ex
547 2559 693 2605 certa
712 2550 946 2620 quadam
970 2562 1024 2606 et
1063 2553 1459 2624 comprehensa
1487 2551 1672 2606 animo
1701 2550 1893 2620 cogni-

322 2637 493 2702 tione,
534 2629 724 2696 sed'ex
771 2642 1211 2712 conjecturarum
1239 2646 1425 2699 nescio
1449 2658 1556 2714 qua
1601 2641 1898 2713 probabili-

2002 1821 2266 1893 ὀνόματος
2308 1821 2403 1876 τοῦ
2435 1820 2571 1875 Θεοῦ
2609 1821 2990 1892 μνημονεύσας
3032 1824 3090 1875 ὲν
3131 1823 3199 1894 τῇ
3230 1822 3593 1894 κοσμογονίᾳ,

2006 1914 2333 1985 συντυχικὴν
2362 1913 2419 1966 δέ
2438 1929 2560 1967 τινα
2587 1912 2682 1966 καὶ
2703 1912 3008 1983 αὐτόματον
3028 1913 3460 1984 εἰσηγησάμενος
3481 1911 3594 1984 τὴν

2001 2003 2097 2058 τοῦ
2123 2004 2321 2068 παντὸς
2352 2004 2727 2076 διακόσμησιν.
2759 2004 2946 2076 Τούτῳ
2973 2005 3017 2058 δ’
3045 2003 3112 2058 ἂν
3142 2003 3325 2075 εὕροις
3359 2003 3598 2075 συμφώ-

2005 2113 2126 2161 νους
2157 2096 2251 2151 καὶ
2269 2097 2395 2160 τοὺς
2417 2097 2699 2160 πλείστους
2718 2096 2826 2152 τῶν
2849 2096 2976 2168 παρ’
3003 2095 3228 2168 Ἕλλησι
3255 2095 3588 2166 φιλοσόφων

2003 2180 2078 2241 ὧν
2111 2186 2222 2257 ἐγώ
2253 2204 2336 2240 σοι
2361 2187 2462 2251 τάς
2494 2187 2624 2258 περὶ
2645 2185 2827 2260 ἀρχῶν
2857 2185 3030 2253 δόξας,
3057 2187 3152 2241 καὶ
3183 2186 3284 2251 τὰς
3310 2186 3446 2258 πρὸς
3482 2185 3592 2240 ἀλ-

2006 2277 2203 2347 λήλους
2230 2266 2539 2341 διαστάσεις
2567 2277 2662 2330 καὶ
2689 2277 3002 2347 διαφωνίας,
3027 2278 3091 2330 ἐκ
3116 2274 3594 2347 ποχασμῶν,ἁλλ’

2005 2368 2106 2421 οὐκ
2133 2368 2242 2422 ἀπὸ
2271 2368 2629 2441 καταλήψεως
2656 2368 3010 2440 όρμηθείσας,
3035 2369 3140 2422 ἀπὸ
3167 2368 3278 2422 τῶν
3308 2366 3600 2439 Πλουτάρ-

2002 2473 2098 2526 χου
2131 2457 2526 2527 Στρωματέων
2551 2458 2686 2529 (I9),
2719 2459 2810 2513 ἐπὶ
2830 2458 2923 2512 τοῦ
2953 2459 3219 2530 παρόντος
3246 2457 3584 2530 ἐκθήσομαι.

2003 2548 2076 2603 Σὺ
2099 2548 2154 2601 δὲ
2189 2549 2263 2620 μὴ
2291 2549 2600 2621 παρέργως,
2621 2550 2782 2622 σχολῇ
2812 2551 2870 2604 δὲ
2895 2550 2990 2604 καὶ
3023 2549 3160 2622 μετά
3185 2549 3464 2622 λογισμοῦ,
3485 2548 3598 2605 θέα

2002 2640 2100 2712 τὴν
2134 2641 2270 2713 πρὸς
2298 2642 2560 2713 ἀλλήλους
2583 2643 2863 2698 διάστασιν
2888 2645 2995 2698 τῶν
3024 2644 3386 2716 δηλουμένων.

322 2736 434 2784 tate
457 2730 750 2800 profectas.
801 2733 880 2788 Tu
913 2745 1094 2790 autem
1136 2751 1246 2791 non
1284 2736 1422 2792 dicis
1446 2751 1634 2804 causa,
1665 2736 1759 2792 sed
1787 2735 1962 2793 otiose
2000 2735 2350 2806 adhibitoque
2377 2736 2604 2807 judicio,
2635 2751 2824 2793 eorum
2850 2737 2945 2809 qui
2989 2737 3090 2792 abs
3133 2752 3220 2793 me
3251 2752 3598 2794 commemo-

323 2832 544 2892 rantur,
573 2827 800 2883 dissidia
830 2836 1008 2882 tecum
1047 2829 1162 2898 ipse
1191 2830 1586 2899 contemplare.

909 2915 1138 2972 CAPUT
1183 2916 1315 2972 VIII.

327 3007 612 3078 Opinione:
633 3007 1060 3130 philosophatur?
1094 3008 1156 3090 de
1187 3003 1344 3080 hujus
1370 3009 1600 3064 universi
1625 3025 1903 3078 coagmen-

1032 3088 1227 3130 alioue.

1032 3088 1227 3132 alioue.

397 3187 417 3219 ‹
464 3167 744 3224 Thaletem
795 3167 978 3223 ferunt
1037 3177 1164 3224 ante
1208 3179 1435 3226 caeteros
1485 3184 1676 3225 omnes
1736 3169 1902 3238 hujus

321 3260 694 3317 universitatis
728 3260 1058 3330 principium
1113 3275 1310 3328 aquam
1340 3261 1612 3329 posuisse,
1652 3258 1801 3330 quod
1830 3273 1896 3311 ex

321 3366 389 3406 ea
415 3360 612 3406 cuncta
641 3350 928 3421 prodiisse,
982 3364 1048 3405 ac
1091 3365 1287 3406 rursus
1321 3350 1378 3405 in
1401 3351 1647 3405 eamdem
1677 3347 1900 3403 dissolvi

323 3443 702 3500 arbitraretur.

401 3553 420 3586 ‹
451 3533 607 3590 Hunc
640 3543 860 3592 secutus
886 3533 1306 3596 Anaximander,
1339 3532 1432 3604 qui
1460 3532 1704 3602 ejusdem
1752 3531 1901 3587 Tha-

321 3627 446 3683 letis
472 3628 868 3683 consuetudine
904 3642 967 3682 ac
1000 3625 1368 3680 familiaritate
1424 3639 1560 3678 usus
1591 3632 1729 3688 erat,
1769 3637 1896 3677 cau-

323 3735 442 3776 sam
473 3719 717 3774 omniurn
750 3717 975 3774 omnino
1028 3731 1214 3771 rerum
1266 3715 1363 3770 uui
1394 3713 1662 3769 duntaxat
1688 3713 1900 3768 inlinito

322 3811 706 3882 assignandam
738 3825 860 3865 esse
891 3809 1107 3876 docuit;
1141 3823 1209 3862 ex
1255 3823 1320 3863 eo
1345 3807 1546 3877 quippe
1568 3821 1692 3861 cum
1734 3805 1900 3859 coele-

323 3917 436 3960 stes
464 3904 644 3970 orbes,
683 3913 799 3956 tum
834 3902 1076 3956 infinitos
1120 3900 1276 3970 plane
1321 3899 1558 3954 mundos
1583 3898 1806 3952 eductos
1837 3910 1902 3950 ac

323 4003 565 4050 secretos
614 4007 737 4048 esse
786 3991 1022 4046 dicebat.
1075 3989 1493 4058 Corruptionem
1523 3996 1725 4052 autem,
1760 3986 1902 4039 mul-

326 4093 492 4155 toque
526 4094 652 4140 ante
677 4084 1084 4153 generationem
1137 4083 1310 4152 ipsam
1338 4095 1406 4135 ex
1436 4096 1501 4136 eo
1537 4079 1655 4135 ﬁeri
1688 4093 1902 4134 assere-

327 4179 441 4244 bat,
467 4177 610 4248 quod
641 4177 830 4232 mundi
883 4176 973 4232 isti
1003 4191 1195 4230 omnes
1225 4175 1294 4230 ab
1349 4174 1618 4228 immenso
1659 4171 1897 4242 quodam

2531 2911 2928 2966 ΚΕΦΑΛΔΙΟΝ
2966 2908 3050 2965 Η’.

2043 3004 2219 3072 Δόξαι
2245 3005 2598 3074 φιλοσόφων
2628 3003 2761 3072 περὶ
2792 3003 2903 3072 τῆς
2931 3003 3037 3060 τοῦ
3062 3003 3289 3071 παντὸς
3329 3002 3556 3060 συστά-

2712 3089 2886 3140 σεως.

2085 3185 2104 3217 ι
2135 3165 2350 3238 Θάλητα
2381 3165 2596 3238 πρῶτον
2633 3168 2847 3221 πάντων
2894 3165 3056 3236 φασὶν
3093 3166 3266 3238 ἀρχὴν
3313 3166 3419 3220 τῶν
3448 3165 3595 3220 ὅλων

2010 3257 2414 3330 ὑποστήσασθαι
2441 3258 2501 3310 τὸ
2522 3257 2686 3332 ὕδωρ.
2706 3259 2796 3324 Ἐξ
2823 3257 2990 3313 αὑτοῦ
3014 3259 3121 3331 γάρ
3142 3255 3279 3315 εἶναι
3297 3260 3367 3314 τά
3385 3259 3591 3327 πάντα,

2009 3349 2102 3401 καὶ
2129 3351 2209 3412 είς
2238 3348 2370 3402 αὐτὸ
2397 3350 2619 3420 χωρεῖν.

2086 3553 2104 3583 ‹
2134 3533 2269 3587 Μεθ’
2303 3533 2362 3587 ὃν
2400 3531 2840 3606 Ἀναξίμανδρον,
2869 3532 3108 3605 Θάλητος
3121 3534 3336 3606 ἑταῖρον
3357 3534 3595 3606 γενόμε-

2007 3645 2117 3692 νον,
2147 3627 2208 3679 τὸ
2235 3626 2462 3700 ἄπειρον
2487 3627 2651 3696 φάναι
2675 3627 2773 3698 τὴν
2800 3627 2978 3679 πᾶσαν
3003 3627 3182 3680 αἰτίαν
3208 3627 3350 3697 ἔχειν
3370 3627 3469 3698 τῆς
3488 3626 3592 3680 τοῦ

2009 3717 2210 3781 παντὸς
2237 3716 2503 3786 γενέσεώς
2535 3735 2594 3771 τε
2627 3717 2722 3771 καὶ
2749 3716 2973 3788 φθορᾶς.
2993 3716 3081 3781 Ἐξ
3107 3710 3168 3770 οὗ
3199 3717 3261 3790 δή
3301 3735 3432 3789 φησι
3459 3718 3595 3782 τούς

2007 3827 2068 3862 τε
2096 3809 2358 3880 οὐρανοὺς
2393 3805 2808 3879 ἀποκεκρίσθαι,
2853 3808 2949 3861 καὶ
2991 3807 3219 3861 καθόλου
3251 3810 3378 3872 τοὺς
3413 3809 3596 3863 ἀπαν-

2006 3918 2104 3964 τας
2133 3900 2392 3970 ἀπείρους
2418 3899 2574 3963 ὄντας
2600 3901 2853 3970 κόσμους.
2872 3901 3207 3972 ’Λπεφήνατο
3241 3900 3298 3953 δὲ
3323 3899 3420 3971 τὴν
3459 3901 3597 3970 φθο-

2012 3992 2112 4064 ρὰν
2157 3992 2423 4061 γίνεσθαι,
2451 3992 2547 4046 καὶ⁹
2594 3992 2728 4045 πολὺ
2778 3993 3041 4063 πρότερον
3093 3991 3190 4063 τὴν
3239 3992 3474 4061 γένεσιν,
3526 3994 3593 4061 ἐξ

2009 4085 2239 4156 ἀπείρου
2305 4084 2499 4148 αίῶνος
2568 4084 3055 4155 ἀνακυκλουμένων
3107 4083 3322 4138 πάντων
3385 4085 3591 4138 αὐτῶν.

2023 4174 2318 4245 ’Υπάρχειν
2355 4173 2411 4226 δέ
2449 4191 2580 4244 φησι
2622 4173 2702 4244 τῷ
2750 4174 2849 4243 μὲν
2880 4173 3118 4245 σχήματι
3150 4171 3248 4242 τὴν
3277 4173 3378 4243 γῆν
3407 4173 3597 4226 κυλιν-

323 4286 440 4326 avo
501 4279 763 4339 perpetua
820 4267 1181 4322 conversione
1250 4265 1619 4319 volverentur.
1675 4263 1902 4319 Terram

2047 4265 2245 4338 ροειδῆ,
2275 4264 2416 4335 ἔχειν
2445 4263 2502 4317 δὲ
2527 4263 2777 4317 τοσοῦτον
2806 4261 2986 4332 βάθος,
3018 4262 3141 4314 ὅσον
3184 4262 3251 4314 ἂν
3287 4260 3372 4332 εἴη
3403 4260 3593 4333 τρίτον

323 4377 456 4417 vero
491 4361 663 4431 figura
698 4359 1004 4431 cylindrum
1058 4357 1281 4424 imitari,
1332 4356 1561 4426 ejusque
1599 4356 1903 4412 altitudinis

324 4469 468 4521 esse,
491 4469 613 4524 quae
654 4452 700 4507 si
741 4467 866 4508 cum
918 4451 1205 4506 latitudine
1230 4448 1561 4513 conferatur,
1588 4448 1801 4503 tertiam
1836 4448 1900 4501 il-

323 4547 431 4600 lius
473 4537 696 4614 partem
730 4543 1048 4599 constituat.
1108 4542 1376 4596 Caeterum
1417 4539 1682 4596 fecundas
1743 4548 1906 4610 atque

323 4637 587 4706 genitales
615 4637 775 4691 calidi
796 4635 1087 4705 frigidique
1106 4643 1308 4704 partes,
1339 4633 1484 4688 circa
1509 4631 1699 4686 mundi
1741 4631 1906 4702 hujus

327 4729 763 4800 procreationem
787 4726 856 4782 ab
879 4726 1030 4782 omni
1079 4727 1380 4782 aeternitate
1434 4725 1704 4796 sepositas
1732 4724 1906 4780 fuisse

327 4819 738 4890 pronuntiabat,
783 4833 852 4874 ex
900 4818 1101 4888 quibus
1128 4816 1362 4874 conﬂata
1416 4817 1629 4889 sphaera
1659 4816 1906 4888 quaedam

400 4998 509 5071 (I9)
543 4997 946 5071 ,Πλουτάρχου
994 4998 1404 5071 Στρωματέων.
1457 4997 1721 5071 _Dub_ium
1755 5007 1860 5071 est
1891 5039 1908 5064 ,

325 5068 513 5123 utrum
541 5070 596 5123 id
623 5085 762 5138 opus
793 5068 1068 5124 Stromata
1098 5068 1423 5125 Plutarchus
1454 5069 1814 5136 inscripserit,
1839 5084 1908 5122 an

330 5139 437 5193 hoc
485 5141 587 5210 ipsi
636 5155 835 5195 nomen
890 5139 1161 5195 Eusebius
1205 5149 1391 5210 noster
1440 5140 1715 5194 indiderit.
1749 5139 1911 5194 Aliud

331 5209 551 5277 quidem
583 5211 769 5280 estiab
800 5225 866 5266 eo
892 5211 1038 5280 quod
1068 5220 1248 5266 exstat
1272 5209 1343 5265 De
1371 5210 1910 5280 placit.philosoplm-

334 5296 473 5344 rum,
508 5282 586 5335 uti
621 5279 698 5353 τῷ
744 5279 1656 5353 dv'ttrzdpotﬁﬂlpvctperspicuum
1688 5280 1798 5334 fiet.
1830 5279 1911 5332 Ex

334 5365 445 5416 quo
472 5352 705 5406 seorsim
753 5353 917 5406 etiam
952 5351 1107 5406 idem
1140 5351 1340 5406 Euseb.
1373 5351 1512 5406 infra
1544 5352 1637 5404 lib.
1676 5366 1768 5404 xw
1799 5365 1909 5404 non

335 5434 509 5488 pauca
543 5422 840 5490 depromet.
859 5423 1000 5488 Quid
1028 5423 1074 5477 si
1105 5431 1277 5478 totum
1308 5422 1441 5476 illud
1475 5420 1764 5474 Moralium
1799 5436 1914 5490 ope-

340 5505 478 5561 ram,
515 5501 574 5545 ut
602 5489 765 5557 vulgo
798 5493 1171 5560 nominantur,
1198 5508 1420 5561 corpus,
1455 5492 1561 5545 hoc
1591 5491 1748 5544 titulo
1769 5489 1913 5544 com-

341 5559 532 5628 plexus
561 5561 677 5616 est?
699 5562 838 5626 Quid
862 5564 1007 5620 enim
1037 5559 1163 5621 tam
1183 5559 1615 5637 στρωματοειδές
1636 5576 1796 5630 quam
1812 5561 1910 5630 illa

2013 4358 2152 4430 πρὸς
2185 4357 2247 4410 τὸ
2292 4356 2511 4419 πλάτος.
2548 4355 2688 4426 Φησὶ¹
2727 4354 2878 4408 δὲτὸ
2922 4355 2986 4406 ὲκ
3025 4351 3119 4406 τοῦ
3165 4351 3335 4405 ἀϊδίου
3368 4353 3595 4422 γόνιμον

2013 4448 2216 4521 θερμοῦ
2261 4465 2321 4501 τε
2368 4449 2458 4501 καὶ
2485 4447 2716 4519 ψυχροῦ,
2748 4445 2889 4500 κατά
2926 4445 3026 4516 τὴν
3065 4443 3278 4512 γένεσιν
3310 4443 3460 4497 τοῦδε
3493 4443 3593 4496 τοῦ

2015 4542 2221 4612 κόσμου
2241 4539 2622 4611 ἀποκριθῆναι,
2646 4538 2739 4592 καί
2766 4555 2888 4592 τινα
2917 4538 2982 4590 ἐκ
3003 4535 3193 4590 τούτου
3215 4535 3411 4604 φλογὸς
3434 4538 3596 4602 σφαῖ-

2017 4649 2116 4706 ραν
2156 4632 2447 4705 περιφῦναι
2480 4631 2556 4702 τῷ
2581 4631 2708 4703 περὶ
2737 4629 2836 4702 τὴν
2868 4629 2970 4700 γῆν
2997 4629 3138 4701 ἀέρι,
3173 4627 3250 4690 ὡς
3289 4627 3364 4698 τῷ
3392 4627 3594 4698 δένδρῳ

2016 4727 2223 4796 φλοιόν·
2256 4721 2472 4798 ἧστινος
2509 4723 2936 4797 ἀπορραγείσης,
2993 4722 3088 4775 καὶ
3131 4719 3211 4783 εἴς
3255 4734 3407 4782 τινας
3455 4719 3596 4772 ἀπο-

2017 4818 2357 4888 κλεισθείσης
2401 4817 2652 4881 κύκλους,
2681 4815 2980 4886 ὑποστῆναι
3024 4813 3115 4868 τὸν
3159 4812 3310 4885 ¹ἣλιον
3359 4811 3453 4864 κοιλ⁸
3491 4810 3596 4882 τὴν

2019 5037 2318 5100 Plutarchi,
2343 5035 2414 5090 τά
2439 5054 2499 5089 τε
2533 5035 2781 5100 καθόλου,
2813 5036 2906 5089 καὶ
2936 5033 3007 5089 τά
3039 5035 3176 5106 μετά
3203 5035 3368 5106 μέρος
3397 5032 3598 5106 συντά-

2019 5125 2240 5180 γματα;
2269 5107 2593 5177 Cujusmodi
2642 5122 2739 5161 sua
2772 5106 2860 5160 illa
2889 5105 3140 5161 Clemens
3187 5105 3597 5160 Alexandrinus

2019 5195 2142 5225 esse
2173 5179 2454 5225 moliretur
2479 5177 2573 5225 lih.
2614 5192 2664 5225 IV
2702 5194 2716 5225 :
2750 5177 2998 5225 Ποικίλα,
3026 5177 3100 5225 ὡς
3129 5176 3260 5225 αὐτό
3290 5192 3390 5225 που
3415 5173 3597 5225 τοῦνο-

2019 5176 2142 5234 esse
2173 5176 2454 5248 profitetur
2479 5177 2573 5231 lib.
2613 5192 2664 5230 tv
2702 5194 2716 5230 :
2750 5177 2998 5240 Ποικίλα,
3026 5177 3100 5240 ὡς
3129 5176 3260 5230 αὐτό
3290 5192 3390 5227 που
3415 5176 3598 5227 τοῦνο-

2025 5250 2100 5321 μά
2127 5267 2279 5321 φησι,
2314 5247 2706 5321 διεστρωμένα,
2741 5248 2834 5299 ἀπ’
2859 5247 3038 5321 ,ἄλλουη
3069 5248 3148 5310 είς
3192 5245 3320 5321 ἄλλο
3373 5243 3597 5321 συνεχὲς

2024 5313 2274 5390 μετιόντα
2298 5337 2311 5350 °
2350 5313 2482 5374 licet
2522 5313 2666 5386 quod
2719 5318 2985 5386 sequitur,
3016 5317 3202 5388 ἓτερον
3233 5316 3330 5386 μέν
3367 5333 3420 5368 τι
3452 5313 3595 5367 κατά

2024 5390 2110 5438 τὸν
2158 5391 2346 5438 εἱοιιὸν
2397 5388 2505 5438 τῶν
2545 5388 2719 5438 λόγων
2773 5387 3064 5438 μηνύοντα.
3099 5385 3489 5438 ὲκδεικνύμενα
3537 5384 3595 5438 δδ

2020 5388 2110 5442 τὸν
2158 5391 2346 5460 εἱρμὸν
2397 5388 2505 5442 τῶν
2545 5388 2719 5456 λόγων
2772 5388 3064 5458 μηνύοντα,
3099 5388 3489 5456 ὲκδεικνύμενα
3537 5388 3594 5438 ὁὶ

2020 5459 2148 5514 ἄλλο
2170 5477 2243 5524 τι,
2276 5461 2481 5522 minus,
2514 5468 2574 5515 ut
2612 5458 2846 5528 videtur,
2878 5459 2934 5514 in
2983 5459 3090 5517 ista
3140 5456 3412 5514 Plutarchi
3456 5470 3594 5525 epu-

2023 5533 2170 5584 scula
2201 5530 2508 5584 conveniat.

2023 5543 2170 5587 scuta
2201 5543 2508 5586 CODVCIllal.
