3798 6220
154 217 212 274 57
1299 219 1622 277 PIUEPAR.

1863 221 1916 278 [Ξ.
1957 220 2086 276 LIB.
2125 219 2166 274 ῐ.
3291 219 3363 278 δε

148 340 359 410 σελήνην,
393 338 486 393 καὶ
512 339 645 405 τοὺς
672 341 1056 414 ἀστέρας.Ἐτι
1101 343 1284 416 φησὶν,
1318 344 1400 397 ὅτι
1439 347 1561 398 κατ’
1585 345 1648 418 ἀρ

1863 360 1946 399 tea
1977 342 2369 400 circumfusum
2417 351 2576 398 terrae
2629 356 2810 398 aerem
2847 341 3012 398 veluti
3039 353 3222 397 cortex
3271 358 3363 396 ar-

144 430 226 502 χὲς
243 430 295 492 ἐξ
321 429 599 482 ἀλλοειδῶν
631 431 790 495 ζώων
814 435 842 485 ὁ
865 432 961 486 ἄνθ
971 450 1149 504 ρωπος
1169 434 1430 506 ἐγεννήθη
1455 451 1469 466 ·
1502 437 1567 489 ὲκ
1589 453 1644 489 το

1868 452 1981 491 rem
2011 436 2328 491 involveret.
2387 434 2463 490 Ea
2510 435 2756 506 disrupta
2789 450 2914 489 cum
2941 444 3106 500 esset,
3164 449 3228 488 ac
3257 435 3363 487 cir-

142 522 199 572 τὲ
227 521 314 589 μὲν
343 520 470 573 ἄλλα
503 521 572 574 δι’
602 522 819 577 ἑαυτῶν
843 524 984 593 ταχὺ
1014 524 1293 594 νέμεσθαι,
1325 525 1485 596 μόνον
1513 526 1570 578 δὲ
1596 526 1642 580 τί

1863 524 1928 580 lis
1953 524 2278 594 quibusdam
2333 523 2656 589 interclusa,
2715 524 2883 578 solem
2909 523 3034 577 inde
3071 522 3256 576 lunam
3299 537 3363 578 ac

140 611 383 683 ἄνθρωπον
413 611 771 684 πολυχρονίου
818 613 1028 667 δεῖσθαι
1072 614 1422 686 τιθηνὴσεως·
1462 616 1545 669 διὸ
1593 635 1640 670 κε

1864 615 1972 672 :llas
2017 616 2312 671 exstitisse.
2366 615 2633 670 Praeterea
2688 615 2965 670 hominem
3019 629 3086 668 ex
3137 613 3364 670 diversas

137 704 238 757 κατ’
270 702 427 772 ἀρχὰς
455 703 559 756 οὐκ
607 705 678 758 ἂν
726 723 853 758 ποτε
894 705 1136 759 τοιοῦτον
1165 706 1292 759 ὄντα
1330 706 1637 779 διασωθῆναι

1860 721 1972 761 'mae
2001 707 2372 761 animantibus
2400 707 2554 760 initio
2593 705 2831 776 genitum
2855 720 2976 760 esse
2998 703 3320 759 defendebat
3344 717 3360 757 :

138 794 294 849 Ταῦτα
320 794 408 864 μὲν
434 791 527 848 οὖν
561 796 591 847 ό
634 796 1080 869 Ἀναξίμανδρος.

1864 816 1912 854 m
1944 814 2069 855 cum
2104 809 2312 855 caeteras
2340 813 2435 868 per
2465 813 2524 852 se
2551 798 2700 866 ipsas
2733 797 2995 851 continuo
3018 807 3231 866 pastum
3273 811 3364 853 ca-

139 899 339 957 pessant,
367 899 474 942 tum
500 898 656 946 certe
693 892 996 957 hominem,
1048 894 1139 964 qui
1169 894 1358 964 perdiu
1410 894 1550 950 lacte
1598 910 1874 966 operaque
1935 903 2166 950 nutricis
2217 893 2474 964 indigeat,
2515 905 2793 962 nunquam
2833 891 2991 957 alias,
3018 891 3063 945 si
3095 889 3365 960 ejusmodi

139 981 267 1046 foret,
294 999 352 1039 eo
382 993 628 1055 tempore
641 987 878 1072 .salvum
914 1003 1036 1043 esse
1078 990 1336 1057 potuisse.
1373 987 1500 1044 Hmc
1526 989 1946 1045 Anaximander.

195 1096 214 1130 ι
235 1076 569 1151 Ἀναξιμένην
589 1080 803 1150 δέιφασι
826 1081 924 1152 την
941 1082 1049 1135 τῶν
1076 1083 1211 1136 ὅλων
1229 1083 1403 1155 ἀρχὴν
1425 1084 1514 1138 τὸν
1546 1085 1684 1156 ἀέρα

1867 1105 1886 1137 ι
1937 1085 2330 1138 Anaximenem
2391 1089 2574 1135 autem
2625 1079 2826 1144 aiunt,
2883 1092 3064 1133 rerum
3117 1077 3363 1132 omnium

136 1172 291 1231 εἰπεῖν,
320 1172 408 1224 καὶ
454 1169 650 1225 τοῦτον
700 1169 842 1227 εἶναι
878 1173 958 1244 τῷ
990 1175 1088 1244 μὲν
1114 1175 1261 1243 γένει
1288 1177 1536 1248 ἄπειρον,
1562 1180 1636 1230 ταὶ

1859 1175 2114 1245 incipium
2153 1188 2334 1228 aerem
2397 1170 2678 1234 statuisse,
2737 1169 2830 1240 qui
2892 1184 3089 1239 genere
3142 1168 3359 1238 quidem

134 1263 179 1314 δὲ
219 1260 330 1333 περὶ
378 1260 537 1314 αὑτὸν
594 1263 882 1334 ποιότησιν
930 1265 1252 1337 ὡρισμένον.
1291 1266 1634 1320 Γεννᾶσθαιέ

1861 1284 1904 1323 ιο
1957 1267 2203 1322 inﬁnitus
2224 1273 2386 1332 esset,
2417 1273 2473 1319 at
2499 1264 2662 1319 certis
2686 1262 3040 1332 qualitatibus
3097 1262 3211 1316 suis
3269 1262 3361 1315 de-

132 1357 275 1407 πάντα
301 1354 432 1406 κατά
455 1371 578 1407 τινα
613 1355 898 1409 πύκνωσιν
925 1356 1135 1422 τούτου,
1166 1356 1260 1410 καὶ
1285 1356 1446 1410 πάλιν
1479 1358 1632 1429 ἀραία

1862 1359 2011 1418 itus,
2061 1364 2224 1425 atque
2292 1354 2760 1423 circumscriptus.
2795 1348 2992 1430 [Hujus
3049 1352 3243 1420 partim
3295 1366 3362 1405 ex

131 1460 216 1495 σιν.
241 1443 338 1513 Τήν
369 1459 431 1510 γε
462 1444 572 1514 μὴν
603 1445 828 1516 κίνησιν
860 1446 919 1512 ἐξ
947 1446 1137 1510 αἰῶνος
1177 1447 1468 1518 ὑπάρχειν·
1498 1448 1631 1501 πιλοπ

1860 1448 2202 1517 nstipatione,
2260 1447 2458 1516 partim
2502 1445 2727 1499 raritate
2781 1443 3108 1498 succedente
3163 1451 3360 1496 cuncta

131 1533 262 1602 μένου
290 1532 341 1585 δὲ
372 1533 464 1586 τοῦ
499 1534 693 1604 ἀέρος,
735 1534 960 1607 πρώτην
1002 1536 1345 1608 γεγενῆσθαι]
1371 1537 1549 1606 λέγειν
1583 1537 1631 1590 τὶ

1862 1539 2035 1593 nerari
2071 1556 2084 1593 :
2121 1539 2379 1608 itemque,
2417 1537 2805 1606 sempiternum
2843 1531 2965 1590 esse
3017 1541 3260 1599 motum;
3295 1548 3362 1587 ex

129 1624 228 1693 γῆν,
257 1622 501 1678 πλατεῖαν
535 1625 692 1695 μάλα
712 1643 727 1656 ο
758 1627 839 1681 διὸ
867 1629 972 1702 ,καὶ
1000 1628 1138 1682 κατὰ
1174 1629 1328 1698 λόγον
1381 1629 1548 1700 αὐτὴν
1593 1629 1629 1680 ὲ·

1860 1632 1977 1687 dem
2008 1646 2133 1687 aere
2172 1631 2227 1684 in
2254 1645 2373 1686 sese
2402 1639 2591 1685 coacto
2619 1639 2783 1698 atque
2814 1643 3128 1698 compressn
3161 1637 3360 1682 terram

127 1715 328 1780 οχεῖσθαι
359 1717 500 1786 ἀέρι,
531 1719 633 1770 καὶ
654 1719 753 1771 τὸν
786 1719 941 1788 ἥλιον
973 1723 1064 1774 καὶ
1090 1721 1187 1792 τὴν
1218 1721 1462 1793 σελήνην,
1495 1721 1588 1774 καὶ
1614 1738 1627 1768 τ

1860 1723 2032 1776 inium
2063 1722 2361 1791 principem
2389 1737 2620 1792 eamque
2643 1723 2808 1776 latam
2853 1719 3147 1775 admodum
3178 1729 3360 1772 natam

126 1805 262 1859 λοιπά
289 1808 477 1879 ἄστρα,
508 1809 613 1880 τὴν
645 1810 828 1882 ἀρχὴν
860 1812 962 1882 τῆς
993 1813 1256 1880 γενέσεως
1283 1813 1347 1865 ὲκ
1381 1813 1484 1882 γῆς
1513 1811 1623 1881 ἔχει

1863 1827 1929 1875 se,
1967 1813 2187 1882 aerique
2220 1821 2506 1882 propterea
2558 1812 2682 1882 jure
2709 1813 2880 1882 ipsam
2913 1828 2978 1866 ac
3003 1812 3197 1865 merito
3225 1810 3363 1864 insi-

137 1899 479 1966 ‘A:c;a.ivs:ar
508 1900 648 1968 γοῦν
676 1903 771 1956 τὸν
795 1903 967 1973 ἥλιον,
1001 1903 1103 1974 γῆν
1123 1921 1134 1932 ·
1165 1903 1253 1958 διὰ
1283 1904 1339 1957 δὲ
1373 1903 1470 1975 τὴν
1502 1901 1637 1966 ὀξεῖα

1861 1919 1936 1957 re.
1996 1902 2176 1958 Solem
2210 1920 2393 1974 porro,
2446 1905 2652 1966 lunam,
2708 1920 2770 1958 ac
2822 1905 3085 1973 reliquam
3119 1904 3361 1958 siderum

128 1989 325 2059 κὲνησιν,
364 1992 456 2044 καὶ
507 1993 638 2064 μάλ’
685 1994 891 2058 ἱκανῶς
939 1995 1276 2067 θερμοτάτην
1321 1997 1534 2066 κίνησιν
1582 1995 1628 2048 λι

1863 1994 2188 2051 tltitudinem
2211 2011 2276 2051 ex
2304 2003 2447 2050 terra
2471 1996 2557 2052 sui
2593 1995 2918 2066 principium
2953 1995 3058 2065 23
3081 2004 3234 2050 ortus
3267 1994 3363 2048 ha-

130 2079 238 2133 δεῖν.
1785 2084 1991 2142 buisse.
2021 2086 2200 2153 Quare
2232 2088 2400 2142 sulem
2429 2089 2646 2158 quidem
2685 2090 2864 2158 ipsum
2896 2098 3101 2143 terram
3149 2101 3374 2141 nuncu-

129 2175 280 2243 pabat,
309 2173 553 2229 eumdem
615 2183 811 2231 tamen
862 2175 1228 2232 arbitrabatur
1280 2177 1660 2234 incitatissimo
1691 2194 1854 2236 cursu
1889 2180 2430 2238 vehementissimum
2469 2180 2622 2235 illum
2649 2181 2906 2245 calorem,
2952 2179 3116 2250 idque
3163 2194 3364 2249 Oppor-

129 2273 233 2318 tune
260 2265 561 2331 admodum,
604 2283 739 2322 esse
765 2277 1140 2322 consecutum.

191 2375 206 2404 (
227 2355 513 2427 Ξενοφάνης
542 2357 604 2410 δὲ
644 2358 676 2409 ὁ
711 2358 1080 2428 Κολοφώνιος,
1119 2361 1253 2414 ἰδίαν
1285 2359 1402 2414 τινὰ
1433 2361 1548 2414 ὁδὸν
1581 2379 1681 2414 πε-

1863 2378 1883 2412 (
1917 2357 2034 2413 Jam
2065 2372 2193 2411 vero
2226 2354 2590 2426 Xenophanes
2615 2353 2985 2426 Colophonius
3031 2353 3360 2423 singularem

130 2447 444 2518 πορευμένος,
479 2448 578 2502 καὶ
630 2449 1052 2521 παρηλλαχυῖαν
1098 2453 1303 2516 πάντας
1342 2454 1466 2516 τοὺς
1498 2471 1630 2525 προε

1865 2455 2076 2506 amdam
2108 2451 2366 2506 insistens
2400 2449 2563 2515 viam,
2597 2458 2651 2502 et
2684 2449 2752 2503 ab
2779 2464 2989 2511 eorum,
3016 2463 3152 2518 quos
3183 2448 3361 2502 adhuc

134 2537 394 2606 ρημένους,
437 2539 564 2592 οὔτε
625 2539 885 2609 γένεσιν,
943 2540 1064 2595 οὔτε
1118 2542 1320 2614 φθορὰν
1368 2543 1634 2596 ἀπολείπει

1858 2545 2164 2606 oduximus,
2195 2545 2437 2598 omnium
2466 2543 2718 2611 opinione
2739 2541 3129 2605 deflectentem,
3151 2540 3358 2593 nullum

251 2625 373 2683 εἶναι
421 2630 571 2699 λέγει
623 2631 696 2684 τὺ
727 2633 835 2684 πᾶν
870 2633 957 2685 ἀεὶ
988 2633 1188 2703 ὅμοιον.
1235 2634 1299 2686 Εἰ
1332 2633 1437 2706 γὰρ
1483 2634 1637 2701 γίνοιπ

1861 2639 2002 2691 nitus
2033 2637 2118 2690 vcl
2147 2645 2327 2690 ortum
2360 2634 2445 2688 vel
2495 2634 2769 2688 interitum
2802 2631 3077 2702 relinquit,
3105 2631 3190 2686 sui
3218 2646 3361 2686 sem-

137 2720 278 2784 τοῦτο,
302 2723 479 2794 φησὶν,
512 2725 822 2791 ἀναγκαῖον
844 2724 960 2796 ιπρὸ
979 2725 1162 2778 τούτου
1198 2725 1272 2796 μὴ
1306 2721 1462 2779 εἶναι.
1495 2724 1570 2778 Τὸ
1607 2743 1637 2796 μ

1859 2745 1880 2782 r
1914 2727 2090 2784 simile
2120 2727 2222 2780 hoc
2251 2725 2564 2778 universum
2613 2737 2734 2778 esse
2775 2731 2946 2776 ratus.
2982 2720 3040 2774 Si
3073 2722 3217 2774 enim
3263 2721 3359 2776 de-

139 2812 184 2864 δν
208 2812 271 2874 δὲ,
295 2814 386 2866 οὐκ
415 2813 479 2868 ἂν
505 2815 765 2884 γένοιτο,
795 2815 904 2869 οὐδ’
939 2817 1002 2870 ἂν
1036 2816 1095 2870 τὸ
1135 2818 1210 2889 μὴ
1257 2816 1317 2870 ὃν
1350 2818 1577 2888 ποιήσαι
1603 2834 1633 2869 τ

1857 2838 1875 2876 r
1905 2828 2243 2890 procreatum
2275 2818 2405 2872 illud
2432 2831 2572 2879 esse,
2614 2815 2871 2870 continuo
2919 2823 3232 2868 secuturum
3281 2813 3357 2867 uti

140 2902 234 2954 οὗτε
270 2905 362 2956 ὑπὸ
385 2906 475 2958 τοῦ
509 2907 588 2978 μὴ
638 2907 798 2969 ὄντος
831 2906 1024 2975 γένοιτ’
1056 2908 1121 2961 ἄν
1168 2925 1219 2960 τι
1297 2908 1640 2976 ’Λποφαίνετς

1911 2926 1936 2966 s
1967 2925 2074 2964 non
2111 2907 2301 2974 fuerit;
2336 2908 2390 2961 id
2439 2915 2640 2971 autem,
2675 2903 2822 2974 quod
2873 2918 2982 2957 non
3036 2913 3148 2968 est,
3182 2919 3360 2972 neque
3407 2921 3409 2926 ε

142 2994 185 3048 δὲ
215 2997 294 3049 καὶ
329 2999 422 3061 τὰς
453 2999 748 3070 αἰσθήσεις
777 2999 1024 3070 ψευδεῖς,
1055 3003 1150 3054 καὶ
1188 3001 1414 3055 καθόλου
1450 3003 1547 3055 σὺν
1581 3004 1642 3056 αὐ

1859 3007 1919 3072 ri,
1950 3019 2124 3074 neque
2158 3002 2305 3057 aliud
2350 3000 2578 3066 efficere,
2604 3009 2793 3070 neque‘
2819 3013 3010 3054 rursus
3046 3013 3110 3052 ex
3145 3011 3211 3052 eo
3244 2995 3359 3050 fieri

139 3090 233 3151 ταξ
265 3091 349 3141 καὶ
401 3091 564 3143 αὑτὸν
623 3091 723 3144 τὸν
758 3091 916 3160 λόγον
963 3091 1253 3146 διαϐάλλει.
1302 3093 1639 3160 Ἀποφαίνετι

1862 3097 2077 3166 idquam
2139 3109 2319 3164 posse.
2381 3091 2648 3147 Praeterea
2711 3105 2906 3145 sensus
2966 3088 3182 3144 fallaces
3241 3103 3360 3143 esse

141 3179 184 3231 δὲ
213 3182 293 3233 καὶ
316 3181 385 3251 τῷ
416 3182 597 3254 χρόνῳ
647 3183 1101 3254 καταφερομένην
1133 3183 1396 3255 συνεχῶς,
1432 3186 1526 3237 καὶ
1559 3201 1641 3238 κα·

1857 3187 2080 3253 ntendit,
2107 3201 2325 3256 unaque
2345 3200 2472 3240 cum
2502 3184 2608 3238 illis
2637 3183 2809 3252 ipsam
2847 3196 3064 3252 quoque
3089 3181 3357 3235 rationem

140 3271 281 3339 ὀλίγον
319 3273 409 3343 τὴν
448 3274 552 3343 γῆν
595 3275 684 3337 εἰς
733 3276 831 3346 τὴν
871 3273 1144 3329 Θάλασσαν
1176 3277 1395 3346 χωρεῖν·
1436 3276 1568 3346 φησὶ
1617 3275 1640 3327 δ

1865 3279 2118 3336 omnibus
2145 3279 2486 3334 criminatur.
2515 3275 2739 3332 Terram
2774 3289 3065 3344 progressu
3101 3272 3359 3343 temporis

138 3365 211 3415 nl
231 3365 308 3416 τὸν
332 3365 473 3434 ἥλιον
494 3367 561 3418 ἐκ
596 3367 815 3436 μικρῶν
842 3368 938 3420 καὶ
961 3367 1219 3420 πλειόνων
1253 3367 1462 3437 πυρίων
1495 3365 1631 3437 ἁθρο

1861 3373 2120 3426 ritinenter
2146 3371 2401 3426 deorsum
2426 3369 2577 3436 ferri,
2628 3383 2694 3424 ac
2721 3369 2982 3438 paulatim
3018 3369 3072 3422 in
3103 3383 3253 3422 mare
3283 3367 3361 3421 la-

141 3453 310 3518 ζεσθαι.
351 3458 742 3527 Ἀποφαινεται
763 3458 821 3511 δὲ
847 3460 940 3512 καὶ⁵
977 3461 1102 3530 περὶ
1133 3459 1290 3523 θεῶν,
1319 3459 1394 3522 ὠς
1425 3459 1641 3529 οὐδεμιᾱ

1864 3483 1877 3518 :
1921 3465 2086 3518 solem
2138 3473 2316 3518 autem
2373 3477 2440 3517 ex
2490 3462 2705 3532 pusillis
2764 3462 3068 3533 iisdemque
3112 3463 3362 3532 pluribus

139 3549 387 3619 ἡγεμονίας
416 3552 474 3603 ἐν
504 3551 700 3614 αὐτοῖς
745 3550 912 3623 οὔσης
936 3568 949 3580 ·
1003 3551 1064 3604 οὐ
1102 3551 1208 3624 γὰρ
1248 3553 1394 3604 ὅσιον
1423 3551 1639 3615 δεσπόζε

1862 3553 2032 3608 iiculis
2061 3552 2355 3607 conﬂatum
2405 3567 2529 3607 esse
2567 3552 2750 3606 tradit.
2796 3551 2935 3618 Quin
2969 3553 3130 3607 etiam
3159 3553 3225 3607 de
3257 3553 3362 3606 diis

142 3639 238 3691 σθαξ
264 3658 370 3693 τινα
426 3642 533 3695 τῶν
569 3643 734 3695 θεῶν’
776 3642 1074 3696 ἐπιδεῖσθαι
1119 3661 1178 3696 τε
1235 3642 1462 3714 μηδενὸς
1505 3642 1642 3695 αὐτᾶ

1890 3641 2153 3711 disputat,
2181 3641 2391 3695 nullum
2427 3650 2488 3694 ut
2523 3640 2662 3694 inter
2701 3655 2798 3696 eos
2824 3656 2945 3695 esse
2995 3643 3361 3712 principatum

144 3731 306 3800 μηδένα
334 3733 445 3804 μηδ’
476 3734 617 3798 ὅλως
640 3751 657 3764 “
685 3734 904 3788 ἀκούειν
929 3734 985 3788 δὲ
1017 3734 1110 3789 καὶ
1139 3735 1270 3806 ὁρᾷν
1300 3733 1551 3795 καθόλου,
1585 3750 1644 3786 κα

1859 3732 2100 3797 istimet,
2167 3733 2314 3803 quod
2369 3731 2524 3788 nefas
2584 3733 2774 3803 utique
2827 3733 3076 3788 videatur
3133 3734 3359 3788 deorum

145 3821 202 3891 μὴ
225 3823 344 3877 κατά
375 3826 552 3896 μέρος.
585 3824 976 3894 Ἀποφαξνεται
1000 3825 1057 3878 δὲ
1077 3827 1170 3879 κα)⁴
1201 3826 1300 3896 τὴν
1321 3824 1425 3894 γῆν
1457 3823 1645 3894 ἄπειρο

1863 3839 2112 3894 emquam
2175 3825 2399 3880 alterius
2455 3823 2594 3879 ferre
2649 3824 3031 3880 dominatum:
3081 3839 3195 3878 rem
3241 3835 3363 3878 csso

145 3907 278 3977 εἶναι,
323 3917 408 3968 καὶ
454 3915 600 3970 κατά
664 3917 772 3969 πᾶν
829 3917 992 3988 μέρος
1034 3915 1109 3987 μὴ
1165 3914 1514 3987 περιέχεσθαι
1575 3914 1645 3966 ὑπ

1866 3915 2013 3980 llam,
2045 3914 2112 3970 ad
2141 3931 2306 3985 quam
2339 3915 2503 3971 ullius
2533 3915 2779 3986 ipsorum
2836 3917 3042 3972 auxilio
3079 3917 3219 3971 alius
3244 3931 3363 3970 om-

145 4004 284 4074 ἀέρος’
312 4008 545 4075 γίνεσθαι
591 4009 658 4061 δὲ
708 4007 924 4062 ἅπαντα
957 4011 1021 4060 ὲκ
1075 4008 1210 4078 γῆς’
1260 4009 1351 4061 τὸν
1413 4007 1471 4060 δὲ
1528 4007 1645 4078 ἧλιό

1861 4022 1919 4060 io
1953 4007 2238 4077 quisquam
2275 4007 2554 4075 indigeat:
2591 4008 2811 4063 eosdem
2865 4023 3031 4078 porro
3077 4015 3274 4063 cuncta
3304 4006 3361 4061 in

147 4111 248 4162 φησι
267 4099 432 4152 καίτά
450 4100 588 4154 ἄλλα
612 4101 796 4170 ἄστρα
823 4101 888 4152 ὲκ
917 4099 1025 4152 τῶν
1057 4099 1233 4168 νεφῶν
1263 4099 1532 4169 γίνεσθαι.

1864 4098 2100 4152 iversum
2137 4097 2328 4152 audire
2356 4098 2558 4160 pariter
2584 4113 2649 4154 ac
2670 4114 2912 4164 cernere,
2937 4099 3211 4169 sigillatim
3232 4114 3361 4154 vero

149 4203 196 4242 ac
212 4206 289 4259 per
308 4201 479 4260 partes
507 4192 674 4246 nihil.
705 4190 988 4246 Postremo
1022 4200 1218 4246 terram
1263 4190 1532 4246 infinitam
1588 4205 1732 4255 esse,
1772 4204 1875 4245 nec
1903 4203 2094 4244 omnes
2121 4189 2264 4244 illius
2289 4199 2466 4258 partes
2508 4205 2633 4246 aere
2672 4191 2963 4256 contineri,
2994 4191 3133 4248 nihil
3159 4207 3268 4248 non
3296 4207 3363 4250 ex

150 4296 197 4336 ea
217 4287 478 4351 procreari,
509 4286 690 4342 solem
716 4294 900 4340 tamen
932 4301 996 4340 ac
1035 4286 1244 4355 reliqua
1295 4285 1472 4340 sidera
1523 4301 1678 4341 suam
1719 4283 1955 4338 nubibus
1986 4282 2248 4351 originem
2281 4283 2479 4338 debere
2502 4283 2844 4352 pronuntiat.

207 4361 560 4453 (Παρμενίδης
615 4381 674 4433 δὲ
720 4383 749 4434 ὁ
788 4380 1044 4452 Ἐλεάτης
1072 4384 1287 4453 ἑταῖρος
1319 4381 1674 4451 Ξενοφάνους,

1869 4398 1888 4431 ι
1927 4378 2276 4434 Parmenides
2303 4386 2485 4434 autem
2518 4377 2730 4434 Eleates
2752 4419 2769 4446 ,
2816 4377 3170 4448 Xenophanis
3213 4379 3362 4450 ejus-

155 4468 242 4537 ἆμα
270 4471 353 4539 μὲν
377 4472 464 4525 καὶ
507 4471 624 4525 τῶν
658 4470 847 4524 τούτου
895 4469 1058 4536 δοξῶν
1098 4471 1515 4542 ἀντεποιήσατο,
1563 4471 1655 4542 api

1865 4486 1907 4524 m
1940 4469 2246 4534 familiaris,
2278 4469 2478 4542 partim
2513 4469 2580 4524 ad
2626 4469 2772 4525 illius
2801 4485 2919 4526 sese
2950 4471 3237 4541 opiniones
3269 4471 3365 4525 ad-

155 4557 195 4609 δὲ
219 4563 296 4612 καὶ
326 4562 414 4633 τὴν
441 4563 695 4616 ἐναντίαν
726 4564 1103 4634 ἐνεχειρήσατο
1128 4563 1338 4617 στάσιν.
1357 4564 1548 4618 Ἀῒδιον
1585 4563 1655 4634 μὲ¹

1866 4562 1985 4628 ixit,
2007 4562 2206 4631 partim
2228 4559 2556 4616 contrariam
2581 4560 2876 4629 quamdam
2907 4561 3143 4616 instituit
3173 4560 3366 4617 factio-

156 4649 239 4719 γὰρ
266 4651 319 4704 τὸ
348 4655 446 4706 πᾶν
465 4695 480 4718 ,
526 4655 630 4708 καὶ
661 4655 917 4725 ἀκίνητον
955 4655 1311 4724 ἀποφαίνεται
1331 4695 1344 4720 ,
1396 4655 1491 4708 καὶ
1540 4672 1656 4707 κατ;

1866 4669 1930 4707 m.
1985 4652 2197 4708 Etenim
2252 4655 2640 4723 sempiternum
2687 4667 2809 4708 esse
2853 4653 3039 4707 orbem
3075 4654 3216 4708 hunc
3245 4653 3366 4708 uni-

155 4740 229 4809 τὴν
253 4742 343 4796 τῶν
375 4747 714 4816 πραγμάτων
767 4743 1052 4816 ἀλήθειαν·
1085 4741 1223 4799 εἶναι
1269 4745 1380 4818 γὰρ
1426 4746 1556 4798 αὐτὸ
1587 4745 1655 4816 μό

1865 4760 2026 4813 rsum,
2053 4747 2310 4815 omnique
2360 4755 2512 4799 motu
2557 4761 2777 4811 carere;
2832 4746 3112 4816 ipsiusque
3157 4755 3365 4801 natura:

157 4843 250 4890 νῦν,
299 4834 610 4903 μουνογενές
669 4850 733 4887 τε
781 4835 876 4886 καὶ
931 4835 1190 4905 ἀτρεμὲς,
1231 4834 1314 4903 ἠδ’
1381 4833 1643 4902 ἀγένητον

1861 4839 2066 4892 ritatem
2118 4838 2342 4893 omnino
2393 4847 2644 4894 constare
2690 4837 2973 4905 defendit;
3035 4837 3361 4907 singularem

156 4920 323 4988 γένεσιν
347 4927 398 4978 δὲ
417 4927 522 4979 τῶν
552 4927 677 4980 καθ’
702 4926 968 4996 ὑπόληψιν
998 4927 1165 4998 ψευδῆ
1200 4925 1497 4979 δοκούντων
1521 4922 1656 4978 εἶναι

1864 4930 1932 4982 im
1965 4929 2115 4983 illum
2152 4939 2206 4984 ct
2241 4930 2552 5000 nnigenam,
2579 4930 2827 4985 stabilem
2861 4946 2924 4984 ac
2943 4931 3184 5000 quietum
3207 4970 3221 4995 ,
3264 4942 3364 4984 nec

160 5013 232 5063 καὶ
262 5016 343 5078 τὰς
379 5019 659 5090 αἰσθήσεις
703 5018 952 5072 ἐκϐάλλει
983 5020 1046 5071 ὲκ
1087 5019 1186 5088 τῆς
1229 5017 1506 5087 ἀληθείας·
1544 5017 1660 5084 Φησ

1858 5027 1934 5072 rto
1961 5019 2144 5090 aliquo
2167 5027 2407 5089 tempore
2432 5029 2744 5090 generatum
2770 5037 2890 5076 esse
2913 5039 2927 5088 ;
2959 5020 3358 5090 generationem

163 5099 224 5167 δὲ,
243 5104 310 5158 ὅτι
333 5109 438 5161 εῖτι
470 5109 625 5182 παρά
651 5109 713 5162 τὸ
743 5109 802 5162 ὃν
831 5109 1084 5182 ὑπάρχει,
1118 5109 1274 5162 τοῦτο
1303 5109 1401 5161 οὐκ
1437 5102 1660 5160 Ecce.»

1863 5126 1950 5164 rro
1975 5111 2043 5165 ad
2070 5128 2131 5166 ea
2158 5111 2352 5181 rejicit,
2379 5128 2499 5182 quae
2528 5112 2664 5168 falsa
2689 5113 2923 5183 quadam
2971 5112 3225 5180 opinione
3259 5127 3363 5180 pu-

163 5190 210 5242 τὺ
235 5193 282 5246 δὲ
305 5196 370 5267 μὴ
395 5199 470 5264 ὃν,
492 5202 550 5252 ὲν
573 5202 688 5263 τοῖς
718 5199 860 5263 ὅλοις
891 5201 991 5254 οὐκ
1023 5200 1188 5254 ἔστιν.
1219 5199 1404 5264 Οὕτως
1425 5196 1517 5253 οὖν
1540 5199 1600 5252 τὸ
1625 5199 1663 5252 δ’

1864 5211 1969 5256 itur
1997 5217 2151 5268 esse,
2205 5204 2450 5273 adeoque
2495 5221 2689 5261 sensus
2734 5220 2926 5259 omnes
2978 5203 3364 5260 communione

167 5281 377 5356 ἀγένητον
416 5290 726 5344 ἀπολείπειο
778 5291 926 5359 λέγει
955 5291 1013 5345 δὲ
1055 5293 1152 5363 τὴν
1204 5292 1309 5362 γῆν
1346 5290 1438 5345 τοῦ
1482 5291 1667 5345 πυκνοὶ

1863 5293 2037 5349 ritatis
2065 5294 2322 5349 excludit.
2352 5295 2595 5351 Aliirmat
2623 5307 2900 5367 praeterea,
2928 5297 2975 5352 si
3013 5295 3141 5366 quid
3171 5305 3363 5366 praeter

168 5380 507 5450 καταρρυέντος
531 5383 691 5454 ἀέρος
713 5383 1017 5452 γεγονέναι.
1048 5461 1053 5466 _

1867 5432 1868 5435 η
1895 5387 2039 5455 quod
2079 5402 2204 5442 vere
2231 5396 2336 5455 est,
2363 5391 2577 5458 uspiam
2619 5390 2867 5455 exsistat,
2893 5388 3022 5442 illud
3053 5389 3230 5457 ipsum
3263 5386 3367 5442 ali-.

173 5471 270 5535 quid
295 5490 390 5529 non
416 5492 567 5535 esse:
598 5480 744 5549 quod
766 5488 948 5535 autem
985 5479 1186 5550 aliquid
1235 5495 1346 5535 non
1404 5479 1510 5547 sit,
1554 5479 1606 5534 id
1667 5479 1926 5535 universo
1977 5482 2202 5537 minime
2247 5483 2558 5538 contineri:
2589 5483 2734 5554 quod
2791 5483 2951 5553 igitur
2993 5499 3120 5540 vere
3158 5491 3261 5542 est.
3308 5483 3362 5537 id

174 5580 455 5641 nequaquam
487 5590 607 5631 esse
628 5576 870 5647 genitum
901 5592 964 5632 ea
996 5577 1202 5636 ratione
1225 5577 1520 5636 concludit.
1547 5576 1684 5632 Cum
1725 5576 1959 5650 denique
2008 5579 2090 5636 vis
2140 5595 2334 5651 magna
2370 5579 2638 5637 densioris
2688 5579 2830 5636 acris
2899 5579 3177 5647 deﬂueret,
3239 5577 3366 5633 inde

180 5669 330 5720 terram
356 5670 609 5728 exstitisse
635 5671 910 5743 opinatur.
