3798 6220
431 148 504 249 δέ
1104 189 1380 249 EUSEBII
1416 189 1893 259 CESARIENSIS
1930 192 2080 250 OPP.
2122 189 2303 246 PARS
2336 188 2399 246 ll.
2432 219 2502 231 -—
2537 186 3041 246 APOLOGETICA.

3664 182 3744 240 60

508 323 529 358 ι
563 303 712 361 Zeno
744 304 964 376 quidem
994 302 1208 360 Eleates
1236 304 1372 359 nihil
1394 305 1497 360 hoc
1520 305 1574 359 in
1597 321 1795 377 genere
1822 307 2009 377 singu-

2188 323 2208 356 ι
2239 304 2422 375 Ζήνων
2443 303 2501 356 δὲ
2527 304 2556 356 6
2584 302 2859 374 Ἐλεάτης,
2887 301 3017 356 ίδιον
3054 300 3150 372 μὲν
3181 298 3331 354 οὐδὲν
3364 297 3618 369 ἐξέθετο,
3652 297 3743 353 δι-

431 397 548 455 lare
572 396 834 468 vulgavit,
864 396 957 452 sed
985 395 1210 466 ancipiti
1233 393 1346 451 iere
1368 396 1728 453 dubitationis
1756 406 1895 453 aestu
1914 397 2018 453 llu-

432 487 663 544 ctuavit,

510 599 529 631 ι
567 580 632 633 At
658 591 788 631 vero
816 575 1164 632 Democritus
1190 573 1481 630 Abderites
1512 574 1854 639 universum,
1872 573 2020 644 quod

432 667 743 725 eﬂ‘ectorem
762 667 850 723 sui
874 682 939 723 ac
967 666 1278 721 molitorem
1304 665 1503 721 habeat
1531 665 1826 732 neminem,
1846 665 2021 720 inlini-

433 766 548 813 tum
580 773 702 814 esse
755 757 871 812 vult
914 756 1203 827 omnisque
1233 756 1556 812 mutationis
1601 770 1816 825 expers.
1868 755 2017 810 Idem

433 865 655 920 quoque
706 848 927 904 disertis
985 847 1374 918 conceptisque
1405 846 1586 902 verbis
1638 847 1871 915 asserit,
1914 846 2021 901 hoc

433 941 623 995 mundi
655 949 822 1007 statu,
854 956 1037 996 rerum
1076 956 1265 996 earum
1322 955 1443 1011 quae
1475 955 1620 1003 nunc
1669 938 1974 996 elliciantur
1999 979 2017 1006 ,

433 1048 632 1089 causas
661 1034 870 1088 nullum
903 1028 1120 1103 penitus
1145 1034 1346 1089 habere
1376 1033 1706 1104 principium
1733 1051 1747 1100 ;
1781 1033 1876 1089 sed
1898 1048 2021 1104 quae

438 1125 522 1180 vel
583 1125 802 1180 fuerunt
851 1135 1033 1193 antea,
1062 1126 1149 1181 vel
1214 1142 1361 1182 nunc
1424 1135 1589 1193 sunt,
1644 1127 1727 1182 vel
1788 1129 2020 1197 posthac

432 1213 615 1272 futura
637 1216 746 1288 24
758 1226 886 1272 sunt
908 1218 1113 1281 omnia,
1137 1216 1249 1286 jam
1280 1215 1409 1271 olim
1433 1216 1631 1270 inﬁniti
1663 1217 1819 1287 plane
1843 1217 2020 1288 spatio

430 1310 696 1378 temporis
723 1309 771 1363 vi
803 1311 1040 1379 quadam
1073 1311 1416 1365 necessitatis
1447 1310 1695 1381 colligata
1728 1326 1869 1366 esse.
1901 1309 2018 1366 Soli

433 1415 601 1471 porro
631 1390 696 1456 ac
727 1401 871 1457 lume
895 1402 1299 1473 generationem
1323 1402 1597 1468 attribuit,
1622 1418 1687 1458 ac
1711 1411 1826 1458 tum
1861 1417 2015 1458 seor-

434 1490 537 1544 sim
574 1498 868 1560 utrumque
900 1490 1059 1547 docet
1080 1493 1346 1563 ‘proprios
1378 1493 1637 1549 habuisse
1666 1503 1869 1558 motus,
1893 1508 2017 1549 cum

434 1578 675 1631 nondum
726 1595 897 1648 usque
952 1581 1085 1637 adeo
1129 1582 1362 1637 calidam
1416 1583 1577 1638 ambo
1615 1583 2019 1654 fulgentemque

2129 395 2378 468 ηπόρησε
2404 394 2461 448 δὲ
2493 394 2625 473 περ)
2645 385 2849 448 τούτων
2877 393 2969 471 ἐπὶ
3002 392 3208 448 πλεῖον.

2200 593 2220 627 ι
2245 575 2583 646 Δημόκριτος
2603 575 2635 627 6
2661 572 2977 645 Ἀϐδηρίτης
2997 572 3340 643 ὑπεστήσατο
3355 569 3416 624 τὸ
3432 572 3544 626 πᾶν
3566 569 3741 623 ἄπει-

2127 682 2241 739 ρον,
2276 665 2366 719 διὰ
2407 664 2468 718 τὸ
2504 664 2766 736 μηδαμῶς
2815 662 2920 717 ὑπό
2957 680 3100 726 τινος
3147 661 3280 715 αὐτὸ
3313 659 3737 733 δεδημιουργῆ-

2128 756 2284 810 σθαι*
2318 755 2398 808 ἔτι
2440 755 2498 808 δὲ
2532 755 2628 809 καὶ
2658 753 3033 825 ἀμετάϐλητον
3079 753 3210 808 αὐτὸ
3253 753 3433 821 λέγει·
3469 753 3574 806 καὶ
3622 769 3736 806 κα-

2126 848 2319 915 θόλου,
2369 842 2480 902 οἷον
2527 848 2634 901 πᾶν
2686 849 2830 912 ἐστι,
2884 844 3063 917 ῥητῶς
3106 844 3380 899 ἐκτίθεται
3431 844 3734 916 μηδεμίαν

2124 939 2300 1013 ἀρχὴν
2323 939 2467 1011 ἔχειν
2490 938 2596 1003 τὰς
2629 939 2809 1003 αἰτίας
2843 938 2948 993 τῶν
2980 939 3074 993 νῦν
3097 938 3434 1009 γιγνομένων
3458 956 3471 968 ·
3501 935 3735 993 ἄνωθεν

2123 1033 2181 1089 δὲ
2213 1036 2351 1100 ὅλως
2379 1034 2438 1101 ἐξ
2465 1033 2691 1105 ἀπείρου
2717 1031 2909 1103 χρόνου
2938 1030 3366 1101 προκατέχεσθαι
3390 1032 3456 1101 τῇ
3491 1029 3736 1101 ἀνάγκῃ

2125 1126 2285 1181 πάνθ’
2329 1126 2516 1190 ἁπλῶς
2555 1125 2626 1180 τά
2662 1123 2924 1195 γεγονότα
2974 1123 3069 1176 καὶ
3120 1121 3250 1174 ὄντα
3294 1122 3387 1175 καὶ
3440 1120 3721 1191 ἐσόμενα.

2141 1222 2326 1276 Ἠλίου
2337 1220 2395 1274 δὲ
2412 1220 2505 1275 καὶ
2538 1218 2764 1290 σελήνης
2777 1215 2987 1286 γένεσίν
3010 1230 3163 1287 φησι·
3182 1215 3300 1267 κατ’
3324 1213 3457 1267 ἰδίαν
3469 1211 3537 1284 δὴ
3572 1212 3725 1280 (19⁸)

2126 1312 2386 1386 φέρεσθαι
2431 1310 2603 1365 ταῦτα
2642 1308 2869 1381 μηδέπω
2912 1305 3238 1378 τοπαράπαν
3271 1303 3462 1374 έχοντα
3497 1299 3732 1373 θερμὴν

2125 1404 2309 1475 φύσιν,
2357 1402 2491 1475 μηδὲ
2526 1400 2632 1473 μὴν
2669 1398 2898 1454 καθόλου
2944 1395 3366 1469 λαμπροτάτην,
3400 1392 3730 1447 τούναντίον

2123 1498 2181 1553 δὲ.
2201 1495 2639 1568 .ὲξωμοιωμένην
2668 1496 2734 1565 τῇ
2768 1490 2895 1563 περὶ⁵
2926 1490 3023 1562 τὴν
3055 1489 3159 1561 γῆν
3205 1486 3386 1558 φύσει·
3421 1483 3728 1555 γεγονέναι

2123 1589 2233 1661 γὰρ
2261 1588 2521 1661 ἑκάτερον
2546 1585 2749 1639 τούτων
2773 1584 3035 1656 πρότερον
3056 1580 3155 1633 -ἒτι
3185 1581 3306 1633 κατ’
3347 1577 3479 1631 ἰδίαν
3510 1575 3730 1631 ὑποδο-

433 1677 685 1723 naturam
735 1670 1078 1739 obtinerent,
1138 1674 1234 1728 sed
1292 1681 1523 1730 terrenae
1572 1676 1755 1745 potius
1812 1684 2013 1730 natura

2178 1677 2222 1747 ξν
2256 1692 2376 1728 τινα
2415 1674 2653 1746 κόσμου’
2692 1670 2916 1742 ὕστερον
2957 1670 3014 1723 δὲ
3048 1666 3579 1741 μεγεθοποιουμένου
3628 1664 3728 1720 τοῦ

432 1763 766 1831 persimilem
795 1781 811 1818 :
844 1764 913 1818 ad
943 1780 1068 1820 eum
1099 1765 1245 1820 enim
1287 1766 1442 1836 prius
1470 1767 1692 1821 modum
1728 1775 2020 1836 utrumque

434 1864 778 1920 procreatum
812 1870 954 1921 esse,
986 1871 1149 1925 quem
1184 1857 1479 1944 singularis
1513 1859 1764 1929 quaedam
1798 1873 1862 1913 ac
1888 1874 2020 1928 pro-

430 1949 550 2017 pria
594 1949 821 2017 subjecti
872 1953 1063 2007 mundi
1097 1953 1340 2009 conditio
1373 1955 1686 2024 postulabat
1738 1973 1752 2011 :

509 2151 531 2184 ε
564 2134 834 2204 Epicurus
884 2136 1105 2193 Neoclis
1154 2139 1321 2207 ﬁlius,
1353 2128 1737 2211 Atheniensis,
1793 2145 2011 2199 inanem

431 2240 645 2291 earum,
679 2244 802 2297 quae
849 2229 916 2284 de
970 2220 1075 2285 (liis
1130 2234 1526 2303 suscipiuntur,
1580 2236 2015 2305 disputationum

432 2316 639 2373 fastum
673 2320 906 2391 dejicere
937 2334 1210 2393 conatur;
1258 2328 1533 2399 simulque
1583 2330 1898 2395 contendit,
1948 2344 2017 2383 ex

429 2424 499 2467 eo
523 2412 666 2481 quod
702 2429 812 2468 non
859 2416 964 2480 sit,
1015 2419 1151 2473 oriri
1200 2420 1337 2475 nihil
1371 2439 1384 2475 :
1423 2405 1527 2477 hoc
1556 2423 1874 2478 universum
1910 2422 2017 2477 tale

431 2516 647 2573 semper
684 2503 890 2571 fuisse,
943 2509 1161 2579 taleque
1214 2522 1471 2583 perpetuo
1525 2513 1806 2580 futurum,
1858 2514 2019 2585 quale

430 2608 582 2650 nunc
613 2607 697 2651 est
726 2616 740 2652 :
768 2598 815 2653 si
851 2607 1065 2669 tempus
1092 2602 1363 2659 inﬁnitum
1391 2606 1619 2676 jamque
1649 2617 1776 2661 ante
1806 2607 2010 2677 produ-

432 2696 583 2742 ctum
637 2690 900 2760 excipias,
923 2692 1065 2759 Inovi
1113 2695 1249 2749 nihil
1293 2704 1407 2751 toto
1443 2698 1576 2752 orbe
1623 2698 1849 2768 perlici:
1884 2699 2011 2753 uni-

2127 1768 2256 1839 περὶ
2287 1767 2378 1821 τὸν
2416 1765 2565 1839 ἥλιον
2615 1764 2850 1833 κύκλου,
2895 1760 3336 1834 ἐναποληφθῆναι
3375 1762 3433 1813 ὲν
3474 1757 3641 1830 αὐτῷ
3666 1756 3730 1813 τὸ

2127 1876 2257 1931 πυρ.

1814 1955 2073 2024 deinceps
2112 1971 2244 2011 vero
2294 1955 2385 2011 ubi
2437 1954 2613 2026 major
2645 1954 2779 2010 solis
2822 1950 3068 2023 ejusdem
3114 1950 3355 2007 circulus
3400 1948 3723 2024 evasisset,

432 2041 612 2109 ignem
643 2040 763 2110 ipso
812 2050 926 2096 tum
975 2044 1247 2099 inclusum
1278 2054 1333 2101 et
1359 2048 1812 2117 comprehensum
1867 2046 2058 2104 fuisse.

2202 2165 2222 2193 ‹
2265 2139 2591 2210 Ἐπίκουρος
2612 2136 2931 2202 Νεοκλέους,
2970 2135 3271 2209 Ἀθηναῖος,
3295 2136 3385 2191 τὸν
3418 2135 3549 2208 περὶ
3574 2133 3725 2188 Θεῶν

2117 2231 2285 2301 τῦφον
2324 2233 2583 2304 πειρᾶται
2615 2226 3029 2284 καταστέλλειν⁸
3049 2226 3183 2281 ἀλλά
3215 2228 3309 2280 καὶ
3333 2228 3505 2291 οὐδὲν,
3545 2227 3717 2298 φησι,

2119 2326 2328 2394 γίνεται
2365 2325 2430 2377 ὲκ
2464 2321 2558 2376 τοῦ
2596 2320 2671 2393 μὴ
2704 2320 2875 2385 ὅντος,
2906 2320 2988 2373 ὅτι
3017 2320 3077 2373 τὸ
3105 2321 3210 2373 πᾶν
3238 2320 3325 2372 ἀεὶ
3350 2318 3598 2380 τοιοῦτον
3626 2314 3720 2390 ἦν,

2121 2418 2217 2471 καὶ
2255 2415 2406 2468 ἔσται
2453 2413 2727 2468 τοιοῦτονο
2763 2413 2845 2465 ὅτι
2890 2411 3043 2465 οὐδὲν
3090 2410 3241 2478 ξένον
3273 2411 3626 2465 ἀποτελεῖται
3662 2413 3722 2465 ὲν

2123 2509 2201 2580 τῷ
2225 2509 2403 2573 παντὶ,
2424 2505 2576 2577 παρὰ
2599 2503 2691 2557 τὸν
2724 2504 2826 2575 ήδη
2856 2503 3221 2574 γεγενημένον
3243 2503 3432 2575 χρόνον
3458 2503 3718 2575 ἀπειροψ

2120 2604 2203 2658 ὅτι
2237 2604 2343 2656 πᾶν
2375 2603 2493 2654 ἐστι
2523 2596 2705 2668 σῶμα,
2740 2597 2835 2650 καὶ
2863 2596 2922 2649 οὐ
2967 2596 3123 2667 μόνον
3150 2595 3546 2667 ἀμετάϐλητον,
3577 2594 3721 2650 ἀλλά

2117 2696 2213 2750 καὶ
2238 2695 2464 2765 ἄπειρον
2482 2708 2495 2721 ο
2525 2692 2606 2744 ὅτι
2633 2688 2787 2752 τέλος
2811 2686 2924 2770 τῶν
2945 2686 3183 2757 ἀγαθῶν,
3222 2687 3405 2759 ἡδονή.

436 2796 680 2849 versum,
741 2799 942 2853 corpus
974 2799 1099 2840 esse
1149 2801 1256 2841 non
1318 2790 1497 2845 solum
1559 2790 1922 2858 immutabile,
1981 2789 2073 2845 sed
2115 2787 2278 2843 etiam
2311 2784 2585 2840 inﬁnitum
2617 2803 2631 2837 :
2664 2781 2935 2836 bonorum
2977 2779 3211 2849 denique
3249 2780 3409 2835 linem
3457 2794 3572 2835 una
3624 2795 3719 2836 vo-

431 2871 638 2943 luptate
668 2876 955 2931 contineri.

511 2987 532 3021 σ
565 2970 876 3041 Aristippus
908 2970 1490 3042 Cyrenaeus‘bonorum
1521 2982 1737 3038 quoque
1758 2966 1919 3020 linem
1958 2964 2013 3019 in

2199 2977 2218 3011 ι
2271 2960 2625 3031 Ἀρίστιππος
2677 2964 2706 3016 6
2751 2964 3064 3036 Κυρηναῖος
3118 2964 3272 3028 τέλος
3327 2963 3547 3035 ἀγαθῶν
3617 2964 3720 3037 τὴν

431 3064 732 3133 voluptate,
759 3064 1028 3119 malorum
1057 3074 1238 3118 autem
1270 3064 1326 3117 in
1364 3062 1554 3117 dolore
1582 3060 1900 3125 constituit;
1934 3073 2021 3113 re-

434 3156 640 3224 liquam
676 3156 1092 3227 physiologiam
1145 3156 1223 3210 ita
1255 3153 1696 3218 circumscribit,
1751 3152 1914 3223 hujus
1960 3158 2021 3205 ut

434 3249 601 3307 unius
630 3248 708 3304 rei
737 3249 1233 3304 considerationem
1264 3247 1452 3302 utilem
1484 3261 1604 3301 esse
1634 3245 1780 3300 dicat
1818 3261 1833 3298 :

505 3340 648 3406 Quid
688 3341 857 3395 tristia
889 3340 1061 3396 [active
1092 3339 1238 3393 domi
1265 3355 1380 3393 sors
1416 3336 1657 3407 improba
1686 3344 1871 3391 verset.

512 3516 533 3551 ι
584 3497 940 3568 Empedocles
999 3496 1388 3569 Agrigentinus
1452 3502 1689 3565 quatuor
1752 3491 2020 3547 elementa

434 3590 609 3662 ponit,
642 3590 842 3660 ignem,
881 3604 1080 3659 aquam
1105 3630 1121 3656 ,
1174 3603 1356 3644 aerem
1403 3594 1457 3642 et
1490 3576 1724 3652 térram’,
1782 3600 2018 3655 quorum

437 3695 635 3736 causas
665 3679 963 3734 amicitiam
1000 3694 1065 3734 ac
1092 3677 1422 3733 discordiam
1450 3682 1572 3732 es‘se
1596 3676 1727 3731 vult.
1770 3673 1915 3730 Idem
1951 3690 2020 3730 ex

437 3772 610 3841 prima
643 3770 1035 3827 elementorum
1071 3769 1395 3826 confusione
1434 3777 1704 3824 secretum
1739 3783 1917 3823 aerem
1957 3782 2021 3823 ac

436 3865 643 3920 circum
672 3865 726 3919 in
757 3866 944 3920 orbem
980 3864 1158 3920 fusum
1203 3878 1327 3921 esse
1359 3863 1437 3918 ait
1464 3881 1478 3917 :
1504 3863 1683 3932 ignem
1711 3877 1840 3917 vero
1865 3869 2018 3932 post-

436 3959 659 4012 modum
686 3957 1048 4024 exsilientem,
1079 3972 1208 4012 cum
1249 3956 1434 4011 locum
1461 3955 1563 4010 sibi
1596 3955 1765 4009 alium
1798 3969 1908 4008 non
1938 3969 2021 4009 re-

436 4048 659 4117 periret,
695 4062 920 4102 sursum
956 4046 1174 4101 tandem
1204 4045 1444 4101 concreti
1474 4045 1616 4099 aeris
1640 4044 1841 4115 frigore
1863 4059 2018 4099 com-

437 4141 655 4213 pulsum
709 4141 975 4196 evolasse.
1038 4140 1183 4195 Duos
1236 4148 1499 4209 praeterea
1553 4138 1809 4194 dimidios
1857 4138 2018 4193 orbes

436 4232 585 4287 circa
612 4241 811 4286 terram
841 4230 1094 4286 circulari
1126 4239 1280 4285 motu
1309 4229 1461 4297 ferri,
1494 4228 1725 4284 alterum
1777 4244 1842 4283 ex
1893 4227 2019 4298 igne

2123 3051 2339 3123 ἡδονὴν,
2369 3053 2555 3106 κακῶν
2582 3054 2646 3132 δὲ⁸
2665 3054 2763 3126 τὴν
2784 3055 3074 3128 ἀλγηδόνα.
3106 3056 3217 3129 Τὴν
3243 3056 3300 3109 δὲ
3326 3056 3489 3127 ἄλλην
3520 3074 3722 3126 φυσιο-

2121 3143 2308 3212 λογίαν
2344 3147 2674 3217 περιγράφει
2692 3161 2721 3214 ,·
2747 3149 2907 3219 μόνον
2945 3148 3217 3220 ὠφέλιμον
3259 3145 3397 3203 εἶναι
3439 3149 3620 3218 λέγων
3655 3148 3720 3203 τὸ

2195 3238 2329 3290 τεῖν·

2122 3234 2348 3384 ζηὌττι
2400 3348 2490 3386 τοι
2536 3331 2608 3387 ἐν
2653 3330 2967 3403 μεγάροισι
3026 3332 3216 3386 κακόν
3246 3332 3328 3403 τ’-
3350 3330 3576 3401 ἀγαθόν
3648 3346 3717 3383 τε

3245 3400 3559 3473 [τέτυκται.

2195 3515 2215 3549 ‹
2256 3493 2623 3567 Ἐμπεδοκλῆς
2648 3496 2677 3548 6
2709 3494 3152 3567 Ἀκραγαντῖνος,
3178 3496 3413 3564 στοιχεῖα
3440 3493 3710 3564 τέσσαρα,

2123 3590 2256 3664 πῦρ,
2284 3590 2447 3663 ὕδωρ,
2469 3595 2688 3668 αἰθέρα,
2711 3593 2873 3660 γαῖαν
2892 3607 2905 3620 ·
2943 3590 3120 3644 αἰτίαν
3145 3589 3202 3643 δὲ
3232 3589 3436 3645 τούτων
3455 3630 3469 3656 ,
3522 3589 3713 3665 φιλίαν

2119 3681 2216 3734 καὶ
2261 3684 2461 3744 νεῖκος.
2522 3680 2616 3733 Ἐκ
2671 3678 2895 3753 πρώτης
2949 3680 3082 3752 φησί
3124 3680 3224 3751 τῆς
3264 3679 3375 3733 τῶν
3427 3680 3712 3750 στοιχείων

2121 3773 2374 3846 κράσεως
2404 3771 2770 3844 ἀποκριθέντα
2802 3772 2892 3826 τὸν
2922 3773 3079 3844 ἀέρα,
3118 3772 3476 3845 περιχυθῆναι
3495 3771 3708 3843 κύκλῳ⁸

2123 3864 2263 3936 μετὰ
2293 3864 2351 3917 δὲ
2381 3863 2471 3919 τὸν
2515 3864 2673 3936 ἀέρα,
2707 3864 2770 3917 τὸ
2813 3863 2923 3936 πῦρ
2973 3863 3267 3936 ὲκδραμὸν,
3316 3865 3410 3917 καὶ
3443 3864 3543 3917 οὐκ
3587 3864 3712 3933 ἔχον

2120 3955 2315 4028 ὲτέραν
2347 3954 2553 4027 χώραν,
2578 3954 2690 4009 ἀνω
2714 3956 2995 4026 ἐκτρέχειν
3030 3953 3258 4009 ὑπὸ·τοῦ
3286 3955 3414 4027 περὶ
3446 3955 3536 4008 τὸν
3570 3954 3711 4025 ἀέρα

2118 4049 2315 4118 πάγου.
2353 4045 2509 4101 Εἶναι
2535 4048 2593 4102 δὲ
2639 4047 2824 4119 κύκλῳ
2848 4048 2977 4121 περὶ
3015 4050 3115 4121 τὴν
3155 4048 3258 4120 γῆν
3300 4047 3575 4120 φερόμενα
3617 4046 3711 4101 δύο

2118 4141 2475 4213 ήμισφαίρια,
2497 4140 2560 4194 τὸ
2596 4140 2694 4213 μὲν
2725 4140 2954 4195 καθόλου
2997 4137 3168 4212 πυρὸς
3191 4180 3205 4205 ,
3231 4140 3293 4193 τὸ
3323 4140 3380 4193 δὲ
3409 4140 3600 4212 μικτὸν
3651 4139 3709 4206 ἐξ

2117 4232 2279 4304 ἀέρος
2329 4233 2426 4287 καὶ
2474 4231 2657 4303 ὀλίγου
2715 4232 2923 4305 πυρὸς,
2977 4232 3117 4304 ὅπερ
3174 4231 3343 4286 οἴεται
3392 4233 3492 4304 τὴν
3536 4233 3709 4286 νύκτα

438 4332 634 4389 totum,
668 4324 898 4377 alterum
942 4338 1006 4377 ex
1067 4337 1192 4377 aere
1224 4323 1456 4393 igneque
1501 4321 1718 4376 modico
1752 4330 2013 4390 tempera-

2178 4342 2262 4379 ναι
2280 4342 2293 4355 ·
2332 4324 2430 4396 τὴν
2458 4325 2516 4378 δὲ
2549 4325 2721 4397 ἀρχὴν
2744 4325 2844 4396 τῆς
2870 4326 3138 4396 κινήσεως
3162 4324 3438 4396 συμϐῆναι
3475 4324 3586 4378 ἀπὸ
3614 4325 3708 4378 τοῦ

436 4421 576 4475 tum,
609 4428 773 4482 quam
806 4413 921 4482 ipse
955 4420 1173 4466 noctem
1198 4425 1319 4466 esse
1349 4409 1645 4464 arbitratur
1672 4429 1685 4464 :
1719 4417 1900 4463 motus
1923 4424 2016 4463 au-

402 4517 545 4575 _tem
583 4506 799 4560 initium
828 4521 894 4560 ex
927 4520 992 4560 eo
1025 4503 1335 4574 contigisse,
1370 4503 1516 4574 quod
1550 4503 1604 4557 in
1642 4503 1747 4558 ista
1776 4502 2017 4556 elemen-

435 4607 616 4654 torum
639 4597 1024 4666 conjunctione
1059 4595 1427 4651 vehementior
1477 4595 1618 4666 ignis
1659 4596 1894 4665 impetus
1919 4609 2016 4648 ex-

437 4688 682 4745 stitisset.
711 4686 833 4741 Jam
884 4687 1232 4742 vero.solem
1282 4696 1476 4741 natura
1516 4702 1617 4742 sua
1668 4703 1777 4741 non
1811 4687 2013 4758 ignem,

436 4781 530 4836 sed
563 4779 703 4850 ignis
733 4779 1076 4835 reﬂexionem
1104 4794 1259 4847 esse,
1303 4778 1380 4833 illi
1422 4794 1588 4850 quam
1618 4794 1686 4834 ex
1718 4794 1859 4849 aqua
1898 4776 2015 4833 fieri

435 4872 686 4928 videmus
711 4870 1040 4941 persimilem
1067 4889 1079 4925 :
1115 4881 1170 4926 at
1200 4871 1387 4926 lunam
1410 4888 1477 4928 ex
1504 4886 1652 4937 aere,
1681 4886 1840 4941 quem
1872 4870 2013 4940 ignis

436 4963 756 5034 reliquerat,
780 4977 880 5018 sua
910 4972 1101 5032 sponte
1121 4963 1393 5019 coaluisse
1423 4964 1645 5035 (quippe
1671 4963 1814 5019 enim
1846 4979 2013 5032 grano

437 5055 584 5112 dinis
611 5054 784 5110 instar
814 5054 1157 5110 concrevisse
1185 5057 1389 5125 aerem)
1414 5074 1429 5123 ;
1455 5057 1637 5111 lumen
1665 5070 1830 5125 porro
1852 5071 2012 5110 suum

2120 4416 2476 4486 τετυχηκέναι
2515 4415 2658 4469 κατὰ
2697 4415 2788 4469 τὸν
2831 4414 3156 4486 ἀθροισμὸν,
3204 4414 3584 4487 ἐπιϐρίσαντος
3614 4414 3705 4468 τοῦ

2121 4509 2315 4580 πυρός.
2355 4509 2410 4562 Ὁ
2437 4508 2494 4561 δὲ
2532 4508 2685 4579 ἥλιος
2705 4507 2801 4579 τὴν
2828 4507 2989 4578 φύσιν
3015 4509 3114 4561 οὐκ
3137 4506 3250 4560 ἐστι
3281 4508 3411 4579 πῦρ,
3454 4507 3589 4561 ἀλλά
3614 4505 3705 4565 τοῦ

2121 4599 2293 4670 πυρὸς
2318 4599 2738 4666 ἀντανάκλασις,
2769 4599 2930 4668 ὁμοία
2957 4602 3023 4671 τῇ
3063 4600 3154 4669 ἀφ’
3181 4597 3371 4662 ὓδατος
3418 4600 3703 4670 γινομένῃ.

2124 4691 2364 4764 Σελήνην
2391 4692 2447 4746 δέ
2479 4709 2614 4765 φησι
2646 4693 2908 4763 συστῆναι
2934 4691 3057 4745 καθ’
3092 4691 3291 4762 ἑαυτὴν
3325 4693 3389 4744 ὲκ
3430 4690 3526 4744 τοῦ
3570 4692 3706 4745 ἀπο·

2119 4781 2428 4853 λειφθέντος
2456 4784 2618 4855 ἀέρος
2644 4783 2752 4837 ὑπὸ
2789 4782 2882 4837 τοῦ
2912 4783 3084 4855 πυρός
3106 4800 3120 4813 ·
3155 4782 3343 4838 τοῦτον
3379 4783 3488 4855 γὰρ
3519 4783 3705 4853 παγῆ-

2119 4894 2230 4941 ναι,
2274 4876 2525 4949 καθάπερ
2556 4878 2651 4931 καὶ
2697 4877 2795 4949 τὴν
2846 4876 3124 4948 χάλαζαν⁸
3172 4876 3231 4929 τὸ
3262 4876 3320 4930 δὲ
3369 4876 3486 4947 φῶς
3534 4876 3704 4945 αὐτὴν

2120 4970 2269 5040 σχεῖν
2326 4969 2433 5022 ἀπὸ
2466 4968 2558 5023 τοῦ
2593 4969 2766 5041 ἡλίου.
2819 4968 2893 5021 T6
2951 4969 3010 5023 δὲ
3056 4968 3378 5039 ἡγεμονικὸν
3416 4966 3546 5040 (20),
3579 4967 3704 5020 οὔτε

2120 5059 2180 5115 ὲν
2220 5061 2463 5132 κεφαλῇ,
2497 5059 2623 5114 οὔτε
2674 5063 2732 5114 ὲν
2783 5058 2994 5133 θώρακι
3017 5101 3033 5126 ,
3072 5060 3186 5113 ἀλλ’
3230 5061 3288 5113 ὲν
3334 5054 3545 5131 αἵματι·
3581 5058 3703 5112 ὅθεν

436 5147 683 5203 eamdem
714 5163 746 5202 a
776 5147 890 5202 sole
919 5148 1181 5204 mutuari.
1199 5146 1440 5219 Denique
1462 5148 1629 5203 animi
1650 5149 2011 5219 principatum

2178 5151 2236 5205 ιθ⁹
2278 5153 2307 5206 ὅ
2339 5170 2391 5206 τι
2411 5152 2478 5206 ἂν
2508 5153 2672 5226 μέρος
2702 5150 2795 5206 τοῦ
2832 5151 3083 5223 σώματος
3116 5148 3347 5224 πλεῖονῇ
3378 5166 3700 5224 παρεσπαρ-

436 5250 539 5291 nec
578 5236 633 5291 in
656 5238 859 5314 capite,
886 5252 988 5293 nec
1016 5236 1073 5292 in
1116 5247 1356 5308 pectore,
1388 5240 1479 5293 sed
1506 5238 1563 5293 in
1590 5240 1854 5309 sanguine
1879 5255 2012 5294 con-

2116 5245 2276 5315 μένον
2324 5245 2385 5299 τὸ
2424 5244 2770 5317 ἡγεμονικὸν,
2818 5244 2988 5300 οἴεται
3022 5245 3145 5301 κατ’
3198 5247 3375 5302 έκεῖνο
3399 5244 3700 5317 ,προτερεῖν

438 5329 649 5396 stituit;
699 5329 928 5400 ideoque
971 5345 1080 5401 qua
1108 5341 1262 5401 parte
1288 5330 1535 5399 corporis
1572 5330 1803 5386 dili‘usus
1833 5333 2009 5402 magis

2178 5335 2239 5399 ὺς
2269 5334 2365 5389 ἀνθ
2372 5335 2608 5409 ρώπους.

442 5420 666 5492 sanguis
708 5422 798 5479 ille
837 5422 1018 5490 fuerit,
1054 5425 1242 5481 eadem
1274 5425 1527 5482 homines
1563 5437 1827 5497 praestare
1871 5428 2188 5486 arbitratur.

505 5534 639 5606 (19‘)
669 5538 772 5606 Δή.
801 5539 962 5597 Forte
992 5540 1066 5595 δέ.
1096 5536 1255 5594 Ευιτ.
1592 5590 1593 5593 η

513 5604 622 5677 ('20)
664 5604 792 5687 Pro
827 5611 1184 5687 ἡγεμονικόν,
1236 5613 1520 5687 l_egendn.m
1572 5614 1802 5683 videtur,
1848 5612 2005 5687 αἷμα.

441 5671 576 5731 Nam
606 5671 795 5733 animi
840 5671 1201 5753 principatum
1236 5671 1586 5758 Empedocles
1636 5671 1709 5743 in
1745 5671 2010 5761 sanguine

2115 5549 2438 5634 collocabat,
2472 5550 2707 5634 indeque
2725 5552 2971 5634 opinioni
3003 5567 3115 5610 sua;
3146 5552 3316 5634 ﬁdem
3338 5550 3690 5632 conciliabat,

2116 5621 2260 5746 ηῧυιι
2284 5637 2377 5746 lea
2402 5632 2588 5748 lparte
2634 5621 2884 5680 homines
2930 5632 3252 5695 prm’arent
3282 5638 3403 5698 quae
3434 5623 3696 5693 sanguine

2118 5708 2147 5746 a
2194 5707 2396 5748 unt-are
2424 5731 2439 5746 .

2118 5707 2439 5748 ειυιιιιιιειτοῑ.
