3798 6220
154 208 210 262 σι
1332 202 1657 259 ΡΒᾸΞΡΑΒ.
1693 202 1944 260 EVANG.
1986 202 2116 259 LIB.
2157 203 2200 260 1.
3245 199 3253 206 ’
3354 199 3430 256 σέ

212 343 231 375 ι
251 321 631 395 Μητρόδωρος
650 325 683 376 ό
698 321 847 387 Χῖος,
862 322 1033 377 ἀΐδιον
1052 315 1190 375 εἷναί
1209 337 1341 391 φησι
1359 323 1423 373 τὸ
1445 320 1575 381 πᾶν,
1590 320 1673 372 ὅτι
1695 336 1713 371 ε

1922 336 1942 369 σ
1974 319 2310 377 Metrodorus
2335 320 2507 378 Chius
2557 327 2950 392 sempiternum
2983 312 3117 373 'esse
3157 316 3263 371 hoc
3308 316 3433 369 uni-

141 411 204 489 ἦν
227 414 487 485 γενητὸν,
511 418 582 468 ὲκ
606 415 704 468 τοῦ
732 417 808 486 μὴ
847 415 1001 479 δντος
1032 414 1101 468 ἂν
1150 409 1239 485 ἦν·
1289 413 1516 484 ἄπειρον
1555 412 1635 475 δὲ,
1667 413 1752 466 ὅτι

140 509 327 567 em.
359 508 429 561 οὐ
451 506 568 578 γὰρ
604 507 750 576 ἔχειν
784 507 981 577 ἀρχὴν,
1010 505 1133 559 ὅθεν
1153 504 1375 577 ἤρξατο,
1396 504 1520 557 οὐδὲ
1553 505 1750 575 πέρας,

136 600 253 654 οὐδὲ
271 601 539 671 τελευτήν
554 617 571 630 ·
590 600 707 654 ἀλλ’
722 599 844 653 οὐδὲ
878 603 1146 670 κινήσεως
1171 598 1417 669 μετέχειν
1438 596 1500 649 τὸ
1518 597 1644 661 πᾶν,
1668 614 1754 649 κι-

134 693 347 747 νεῖσθαι
370 693 488 764 γὰρ
507 692 800 755 ἀδύνατον,
827 692 905 763 μὴ
933 690 1359 762 μεθιστάμενον·
1390 687 1749 760 μεθίστασθαι

137 781 195 836 δὲ
225 783 530 849 ἀναγκαῖον
565 783 689 853 ἢτοι
726 785 808 846 είς
837 783 1066 852 πλῆρες,
1109 781 1142 852 ἦ
1183 783 1263 845 εἰς
1294 780 1475 837 κενόν.
1506 779 1750 833 Πυκνού-

142 889 300 942 μενον
343 872 401 924 δὲ
444 872 546 924 τὸν
592 873 791 943 αἰθέρα
846 875 1022 925 madv
1067 871 1316 940 νεφέλας,
1357 866 1478 925 εἶτα
1522 869 1690 943 ὕδωρ,
1719 869 1750 923 ὃ

138 966 233 1016 καὶ
264 963 457 1016 κατιὺν
492 965 593 1017 ἐπὶ
623 963 718 1016 τὸν
746 963 918 1034 ἦλιον,
964 962 1248 1016 σσεννύναι
1289 963 1450 1016 αὐτόν
1474 980 1490 994 ·
1518 963 1612 1015 καὶ
1645 962 1750 1016 πά-

136 1054 217 1106 λιν
248 1054 626 1127 ἀραιούμενον
656 1053 1007 1120 ἐξάπτεσθαι·
1032 1055 1210 1125 χρόνῳ
1235 1054 1311 1118 δὲ,
1345 1047 1751 1125 πήγνυσθαιτῷ

136 1148 403 1219 ξηρῷτὸν
434 1149 619 1220 ἥλιον,
665 1151 761 1202 καὶ
801 1151 976 1202 ποιεῖν
1012 1150 1079 1201 ἐκ
1114 1146 1210 1200 τοῦ
1254 1134 1511 1218 λαμπροῦ
1559 1146 1746 1209 ὓδατος

137 1241 394 1312 ἀστέρας,
432 1242 616 1295 νύκτα
656 1258 719 1294 τε
766 1240 863 1293 καὶ
897 1240 1111 1311 ἡμέραν
1145 1240 1209 1292 ὲκ
1240 1239 1340 1309 τῆς
1382 1238 1619 1303 σὸέσεως
1649 1240 1747 1294 καὶ

138 1333 403 1401 Wex,
429 1336 534 1388 καὶ
567 1333 801 1388 καθόλου
831 1332 932 1397 τὰς
964 1332 1236 1403 ἐκλείψεις
1265 1331 1562 1386 ἀποτελεῖν.

1851 426 2072 466 versum
2105 411 2338 469 aﬂirmat
2360 455 2376 479 ,
2412 422 2695 483 propterea
2745 409 2893 482 quod
2931 409 2978 465 si
3006 407 3246 479 genitum
3297 404 3431 460 illud

1850 512 2016 568 esset,
2036 503 2143 574 25
2154 520 2219 559 ex
2236 520 2324 570 eo,
2347 505 2494 576 quod
2514 519 2784 575 nusquam
2801 510 2906 565 est,
2932 501 3173 572 genitum
3191 497 3386 553 fuisset
3413 511 3430 551 :

1853 596 2113 665 quouiiam
2145 605 2328 650 autem
2364 597 2753 667 sempiternum
2783 594 2889 657 sit,
2929 592 3202 647 inllnitum
3229 589 3437 660 pariter

1849 703 1992 751 esse,
2027 696 2212 757 utpote
2236 687 2383 758 quod
2420 702 2598 758 neque
2624 686 2975 757 principium,
2999 683 3144 738 unde
3167 680 3396 750 cmperit
3413 718 3434 747 ,

1849 795 1953 835 nee
1980 780 2272 834 terminum
2304 789 2399 833 aut
2449 779 2613 833 ﬁnem
2650 780 2846 833 habeat
2881 795 2895 831 :
2925 777 3038 830 imo
3059 817 3072 839 ,
3128 789 3195 828 ne
3229 769 3436 827 moveri

1848 873 2070 943 quidem
2101 872 2448 945 universum};
2490 886 2589 926 nec
2637 870 2780 926 enim
2815 867 2945 924 illud
2983 866 3186 921 moveri
3224 878 3428 935 posse.

1849 964 1959 1019 nisi
1989 965 2097 1021 alio
2124 965 2321 1035 migret
2345 982 2362 1029 ;
2406 978 2630 1019 necesse
2657 970 2840 1016 autem
2861 974 2985 1015 esse
3009 957 3094 1012 vel
3125 956 3181 1010 in
3212 955 3433 1025 plenum

1852 1057 2106 1127 migrare,
2123 1057 2208 1111 vel
2240 1058 2293 1111 in
2316 1070 2573 1112 vacuum.
2598 1052 2868 1108 Praeterea
2888 1067 2955 1107 ex
2981 1065 3105 1106 aere
3129 1047 3438 1116 constipato

1851 1150 2027 1205 nubes
2060 1150 2294 1219 primum
2315 1189 2330 1213 ,
2385 1148 2584 1203 deinde
2635 1161 2833 1215 aquam
2890 1141 3193 1214 procreari,
3227 1154 3349 1210 qua:
3377 1137 3435 1191 in

1851 1240 2023 1296 solem
2050 1222 2314 1303 deﬂuens,
2344 1240 2518 1309 ipsius
2557 1237 2731 1307 ignem
2765 1237 3099 1305 exstinguat.
3130 1233 3222 1303 qui
3251 1241 3438 1285 tamen

1850 1332 2032 1387 denuo
2092 1332 2421 1387 succedente
2482 1330 2702 1384 raritate
2755 1327 3105 1382 accendatur.
3169 1321 3438 1377 Eumdem

137 1439 303 1496 porro
335 1425 544 1489 solem,
580 1438 876 1495 progressu
933 1423 1195 1492 temporis
1241 1421 1487 1477 siccitate
1532 1435 1887 1477 concrescere
1918 1464 1934 1488 ,
1993 1435 2058 1475 ac
2114 1423 2301 1478 stellas
2368 1421 2585 1491 quidem
2628 1436 2695 1476 ex
2743 1418 2968 1489 limpida
3034 1424 3090 1471 et
3134 1411 3439 1486 splendenti

138 1533 275 1589 aqua
327 1533 632 1589 generare,
679 1526 896 1573 noctem
948 1531 1079 1571 vero
1115 1516 1278 1572 simul
1318 1525 1484 1587 atque
1522 1516 1667 1571 diem
1732 1532 1802 1574 ex
1837 1525 2031 1572 mutua
2070 1517 2161 1573 illa
2201 1533 2325 1572 cum
2377 1515 2742 1572 exstinctione
2785 1524 2903 1570 tum
2974 1512 3437 1577 inflammatione,

136 1626 436 1680 omnesque
462 1610 705 1665 omnino
732 1608 1095 1665 defectiones
1122 1610 1309 1664 eadem
1346 1610 1557 1665 ratione
1582 1608 1872 1678 complere.

206 1727 228 1759 ι
266 1707 541 1778 Διογένης
571 1710 602 1760 ὁ
644 1706 1103 1777 Ἀπολλωνιάτης,
1123 1706 1275 1778 εάἑρα
1293 1705 1585 1776 ὑφίσταται
1610 1723 1713 1760 στοε

1927 1724 1948 1759 ι
1980 1705 2247 1778 Diogenes
2285 1707 2629 1778 Apolloniata
2675 1720 2857 1762 aerem
2885 1704 3215 1759 elementum
3248 1702 3440 1772 ponit,

133 1801 304 1872 κεῖαν·
333 1798 622 1853 κινεῖσθαι
648 1799 706 1852 δὲ
730 1800 801 1853 τά
829 1798 1029 1863 πάντα,
1065 1799 1326 1872 ἀπείρους
1357 1817 1416 1852 τε
1448 1794 1592 1856 εἶναι
1622 1800 1749 1864 τοὺς

137 1893 402 1964 κόσμους·
437 1895 777 1963 κοσμοποιεῖ
804 1892 862 1945 δὲ
898 1891 1073 1956 οὕτως
1097 1909 1111 1923 ·
1156 1892 1237 1945 ὃτι
1274 1890 1368 1945 τοῦ
1417 1892 1622 1956 παντὸς
1666 1909 1752 1944 κι-

137 1985 419 2056 νουμένου,
454 1985 558 2038 καὶ
665 1985 768 2055 μὲν
798 1984 1015 2055 ἀραιοῦ,
1111 1983 1166 2036 δὲ
1201 1982 1407 2037 πυκνοῦ
1436 1983 1746 2055 γινομένου,

137 2076 265 2131 ὅπου
290 2078 646 2148 συνεκύρησε
673 2076 735 2129 τὸ
772 2076 999 2141 πυκνὸν,
1036 2076 1343 2147 συστροφὴν
1375 2076 1620 2147 ποιῆσαι,
1652 2074 1750 2129 καὶ¹

137 2168 274 2222 οὕτω
303 2169 377 2222 τά
408 2167 605 2232 λοιπά,
640 2168 785 2221 κατά
809 2167 902 2221 τὸν
936 2167 1101 2221 αὐτὸν
1128 2167 1305 2235 λόγον,
1338 2165 1407 2220 τὰ
1439 2168 1748 2236 κουφότατα

135 2261 230 2332 τὴν
254 2262 371 2315 ἀνω
401 2261 569 2328 τάξιν
593 2261 858 2320 λαϐόντα,
882 2260 974 2314 τὸν
999 2261 1149 2332 ἥλιον
1181 2260 1527 2315 ἀποτελέσαι.
1568 2279 1588 2312 ι

199 2518 444 2590 Τοιαύτη
483 2519 584 2573 καὶ
616 2517 729 2572 τῶν
762 2518 1057 2588 πανσόερων
1090 2518 1385 2591 Ἑλλήνων,
1419 2517 1528 2572 τῶν
1552 2517 1618 2589 δὴ
1650 2534 1752 2587 φυ-

138 2612 299 2665 σικῶν
330 2611 659 2681 φιλοσόφων
691 2610 1177 2682 ὲπικληθέντων,ἠ
1230 2611 1361 2683 περὶ
1405 2610 1506 2681 τῆς
1551 2609 1750 2663 συστά-

138 2722 268 2769 σεως
297 2704 399 2758 τοῦ
446 2704 685 2768 παντὸς,
721 2706 819 2758 καὶ
851 2704 952 2775 τῆς
985 2702 1206 2776 πρώτης
1246 2702 1614 2774 κοσμογονίας
1639 2701 1752 2756 διά-

137 2796 313 2868 ληψις,
344 2799 411 2850 οὐ
440 2797 809 2868 δημιουργὸν,
845 2797 878 2868 ἢ
912 2797 1140 2868 ποιητήν
1169 2813 1291 2849 τινα
1313 2796 1424 2849 τῶν
1454 2795 1593 2849 ὅλων
1614 2794 1749 2846 ὑπο-

143 2890 526 2961 στησαμένων,
555 2890 673 2942 ἀλλ’
706 2890 816 2943 οὐδ’
848 2889 988 2953 ὅλως
1018 2887 1153 2942 Θεοῦ
1189 2889 1414 2959 μνήμην
1447 2886 1753 2958 ποιησαμέ-

139 2999 272 3036 νων·
310 2982 457 3054 μόνῃ
490 2981 555 3035 δὲ
585 2985 654 3051 τῇ
701 2979 885 3051 ἀλόγῳ
932 2981 1075 3051 φορᾷ
1104 2981 1199 3033 καὶ⁴
1240 2982 1307 3049 τῇ
1340 2979 1635 3050 αὐτομάτῳ
1666 2995 1752 3031 κιο

141 3076 286 3144 vtae:
329 3073 434 3143 τὴν
501 3071 690 3125 αξτίαν
738 3070 835 3124 τοῦ
883 3070 1083 3133 παντὸς
1131 3069 1582 3141 ἀνατεθειμένων.
1612 3070 1749 3122 Τοσ-
1778 3056 1820 3114 C

141 3164 274 3234 αὐτη
305 3165 367 3218 δὲ
392 3164 587 3217 αὐτῶν
624 3165 722 3217 καὶ
765 3164 799 3234 ἡ
848 3163 988 3235 πρὸς
1019 3162 1281 3235 ἀλλήλους
1325 3163 1659 3232 ἐναντιότης,
1694 3162 1754 3215 ὲν

142 3256 241 3328 μὲν
271 3256 456 3309 οὐδενὶ
484 3254 742 3327 ἀλλήλοις
774 3254 1312 3325 συμπεφωνηκότων,
1350 3253 1532 3324 μάχης
1571 3253 1629 3306 δὲ
1660 3253 1755 3307 καὶ

142 3349 483 3418 ἀντιφωνίας
534 3347 606 3400 τά
661 3348 844 3401 πάντα
885 3346 1432 3418 ἀναπεπληρωκότων
1450 3363 1464 3376 ·
1505 3345 1629 3399 ὅθεν
1659 3346 1755 3400 καὶ

140 3445 168 3496 ὁ
207 3442 525 3513 θαυμάσιος
567 3441 894 3512 Σωκράτης,
928 3440 1176 3494 τουτουσὶ
1218 3439 1430 3503 πάντας
1458 3438 1756 3511 μωραίνον-

140 3551 236 3598 τας
268 3533 585 3605 ἀπήλεγίε,
622 3533 718 3587 καὶ
750 3532 1093 3603 μαινομένων
1122 3532 1244 3586 κατ’
1268 3532 1421 3586 οὐδὲν
1451 3531 1604 3601 ἔλεγε
1637 3532 1755 3586 δια-ο

143 3627 352 3697 φέρειν,
389 3628 441 3679 εί
466 3625 535 3696 δή
563 3641 649 3677 σοι
684 3623 897 3697 μάρτυς
916 3623 1213 3696 ἀξιόχρεως
1235 3623 1485 3693 Ξενοφῶν
1507 3626 1566 3678 ὲν
1604 3626 1759 3679 Ἅποσ
1818 3638 1819 3645 ‘

142 3718 636 3788 Woreéyam,
670 3716 847 3785 λέγων
894 3714 1094 3779 οὕτως·
1139 3734 1159 3767 ι
1201 3717 1392 3781 Οὐδεὶς
1438 3716 1497 3769 δὲ
1537 3715 1756 3771 πώποτε

143 3812 477 3882 Σωκράτους
506 3809 661 3862 οὐδὲν
699 3805 917 3871 ἀσεϐὲς,
946 3809 1118 3883 οὐδὲν,
1143 3809 1377 3874 ἀνόσιον,
1412 3809 1537 3864 οὔτε
1579 3812 1756 3883 πράτ-

146 3919 321 3965 τοντος
354 3897 527 3965 εἶδεν,
562 3899 691 3955 οὔτε
729 3901 983 3969 λέγοντος
1023 3902 1285 3972 ἤκουσεν·
1321 3902 1444 3956 οὐδὲ
1480 3903 1590 3976 γὰρ
1629 3905 1759 3976 περὶ

147 3994 242 4064 τῆς
266 3995 537 4047 ἁπάντων
574 3992 814 4063 φύσεως,
841 3992 876 4063 ἢ
911 3992 1039 4063 περὶ
1062 3991 1169 4046 τῶν
1199 3993 1399 4058 ἄλλων,
1426 3994 1502 4058 ὡς
1526 3997 1575 4047 οί
1607 3995 1759 4049 πλεῖ-

154 4102 259 4145 στοι
306 4085 453 4155 (21),
503 4084 801 4152 διελέγετο,
855 4083 1076 4137 σκοπῶν
1132 4084 1282 4149 ὅπως
1336 4087 1363 4140 ὁ
1423 4085 1758 4158 καλούμενος

152 4178 250 4231 ὑπὸ
289 4176 403 4230 τῶν
442 4177 723 4245 σοφιστῶν
769 4177 976 4247 κόσμος
1013 4176 1145 4247 ἔχει,
1182 4179 1279 4231 καὶ
1312 4177 1452 4232 τίσιν
1491 4178 1759 4248 ἀνάγκαις

152 4271 349 4323 ἕκαστα
377 4270 641 4338 γίγνεται
673 4267 782 4322 τῶν
807 4268 1076 4341 οὐρανίων
1093 4286 1108 4300 ·
1136 4268 1274 4323 ἀλλά
1309 4269 1403 4324 καὶ
1439 4270 1567 4334 τοὺς
1596 4286 1760 4342 φρον-

153 4363 395 4427 τίζοντας
427 4361 503 4414 τά
542 4359 793 4425 τοιαῦτα,
819 4361 1193 4433 μωραίνοντας
1211 4361 1556 4417 ἀπεδείκνυε.
1581 4381 1600 4415 ι
1646 4364 1757 4417 Καὶ

155 4456 391 4525 ἐπιλέγει
421 4454 591 4524 ἑξῆς·
632 4447 654 4505 ἐ
705 4451 1014 4524 Ἐθαύμαζε
1067 4452 1144 4517 δὲ,
1196 4455 1244 4506 εἰ
1280 4453 1355 4524 μὴ
1385 4453 1618 4523 φανερὸν
1655 4454 1755 4508 αὐ-

155 4552 256 4612 :o‘t;
281 4551 463 4612 ἐστιν,
499 4548 587 4601 ὅτι
630 4546 809 4601 ταῦτα
850 4545 1108 4600 ἀδύνατόν
1135 4549 1284 4600 ἐστιν
1326 4546 1634 4619 ἀνθρώποις
1667 4549 1758 4601 εὑ-

158 4642 294 4709 ρεῖν·
330 4639 464 4692 ἐπεὶ
502 4638 605 4691 καὶ
649 4637 779 4701 τοὺς
812 4636 883 4689 τὰ
916 4636 1147 4708 μέγιστα
1183 4629 1515 4709 φρονοῦντας
1560 4640 1650 4692 ἐπὶ
1679 4638 1758 4710 τῷ

162 4733 524 4804 περὶτούτων
556 4730 760 4801 λέγειν,
793 4731 854 4784 οὐ
890 4730 959 4784 τά
1006 4729 1147 4784 αὐτά
1188 4730 1433 4797 δοξάζειν
1479 4730 1758 4802 ἀλλήλοις·

160 4824 288 4879 ἀλλὰ
309 4828 428 4889 τοῖς
466 4823 820 4896 μαινομένοις
850 4822 1049 4894 ὁμοίως
1086 4823 1393 4878 διακεῖσθαι
1426 4824 1563 4896 πρὸς
1596 4823 1748 4894 ἀλλήο

161 4919 298 4984 huc.
325 4918 453 4972 Τῶν
472 4935 538 4971 τε
562 4917 674 4989 γάρ
697 4914 1057 4987 μαινομένων,
1082 4916 1211 4979 τοὺς
1233 4915 1331 4987 μὲν
1360 4915 1481 4969 οὐδὲ
1505 4914 1576 4969 τὰ
1604 4915 1757 4969 δεινὰ
1800 4908 1803 4917 ’

164 5010 421 5063 δεδιέναι·
457 5009 588 5072 τοὺς
617 5007 698 5073 δὲ,
731 5005 803 5060 τὰ
851 5006 926 5079 μὴ
973 5005 1180 5080 φοϐερά
1209 5005 1492 5077 φοϐεῖσθαι
1512 5022 1526 5037 ·
1555 5006 1663 5059 τῶν
1702 5024 1762 5060 τε

168 5102 288 5171 περὶ
314 5102 416 5172 τῆς
451 5099 672 5154 πάντων
706 5100 918 5172 ρήσεως
950 5096 1362 5172 μεριμνώντων,
1397 5099 1511 5162 τοῖς
1544 5098 1643 5169 μὲν
1669 5097 1758 5152 δο-

166 5194 280 5245 κεῖν
301 5192 361 5245 ἓν
399 5191 562 5263 μόνον
591 5191 654 5245 τὸ
680 5190 744 5245 ὃν
772 5185 932 5257 εἶναι,
976 5193 1087 5256 τοῖς
1111 5190 1166 5245 δὲ
1192 5190 1397 5277 ἄπειρα
1425 5189 1487 5243 τὺ
1516 5188 1755 5261 πλῆθος·
1790 5178 1794 5185 ’

172 5285 262 5335 καὶ
291 5288 406 5348 τοῖς
454 5284 554 5354 μὲν
606 5284 696 5336 ἀεὶ
740 5282 923 5337 πάντα
973 5282 1259 5349 κινεῖσθαι,
1290 5285 1404 5347 τοῖς
1430 5280 1488 5336 δὲ
1531 5282 1639 5337 οὐδ’
1693 5283 1758 5339 ἀν
1794 5280 1797 5283 λ

176 5390 298 5429 ποτε
322 5376 613 5447 κινηθῆναι
628 5393 642 5407 ·
673 5376 906 5441 καὶτοῖς
936 5376 1034 5447 μὲν
1061 5376 1278 5431 ἅπαντα
1298 5374 1547 5445 γίνεσθαί
1570 5393 1632 5429 τε
1664 5375 1761 5430 καὶ

242 5512 355 5583 (ει)
374 5583 379 5584 γ
400 5516 471 5567 Ἡ
503 5514 636 5582 περὶ
662 5512 1043 5584 τῶν-ἄλλων,
1077 5513 1159 5580 ὡς
1185 5513 1555 5569 οἱπλεῖστοι.
1597 5513 1759 5584 Αριιρ

181 5578 672 5659 Χέιιοῖιξιοιιετ-Ῑὶι).
702 5600 734 5659 r
755 5582 1113 5659 quprabiL,
1133 5578 1431 5659 φειδ-710,
1469 5578 1685 5655 legitur,

185 5653 300 5725 περὶ
328 5654 436 5709 τῶν
474 5653 646 5709 ἀλλων
684 5657 734 5709 οἱ
782 5654 1043 5724 πλεῖστοι,
1077 5653 1246 5727 quani
1278 5653 1564 5715 lectionem
1593 5653 1754 5713 seculi

1849 1800 2055 1854 moveri
2076 1810 2256 1854 autem
2288 1800 2568 1864 universa,
2594 1799 2907 1854 etinlinitos
2933 1812 3056 1852 esse
3088 1795 3326 1851 mundos
3355 1793 3439 1851 af-

1848 1890 2052 1948 ﬁrmat.
2084 1891 2352 1947 Caeterum
2384 1891 2656 1963 ejusmodi
2693 1891 2931 1946 somniat
2964 1903 3155 1943 eorum
3203 1886 3441 1942 molitio-

1847 1997 1999 2046 nem,
2029 1983 2238 2038 scilicet
2266 1998 2391 2039 cum
2422 1983 2744 2037 universum
2791 1983 2863 2035 ita
2897 1988 3229 2042 moveretur,
3262 1988 3325 2034 ut
3349 1994 3441 2033 ra-

1848 2073 1966 2129 rius
1996 2074 2105 2141 hic,
2135 2074 2264 2129 alibi
2292 2074 2516 2129 densius
2546 2075 2721 2138 ﬁeret,
2765 2074 3080 2142 ubicunque
3113 2072 3288 2142 major
3308 2072 3441 2127 den-

1848 2163 1984 2219 sitas
2011 2166 2346 2236 contingeret
2367 2207 2381 2231 ,
2418 2166 2491 2220 ibi
2517 2167 2959 2222 convolutionem
2983 2165 3278 2236 quamdam
3310 2163 3439 2219 elle-

1849 2255 2015 2321 cissc,
2039 2265 2153 2312 tum
2182 2259 2417 2313 similem
2454 2260 2509 2313 in
2543 2259 2767 2313 modum
2805 2267 3000 2313 caetera
3032 2276 3045 2312 :
3099 2271 3223 2327 qua:
3252 2265 3438 2311 autem

1849 2344 2095 2398 omnium
2142 2344 2434 2401 levissimae
2485 2353 2669 2415 partes
2709 2354 2911 2410 essent,
2939 2360 3034 2400 cas
3092 2345 3315 2416 regione
3345 2360 3440 2401 su-

1848 2437 2048 2508 periori
2077 2445 2342 2506 occupata
2377 2437 2546 2492 solem
2574 2437 2920 2507 produxisse.
2958 2456 2977 2490 ι

1922 2527 2070 2583 Talis
2117 2544 2246 2598 ergo
2293 2526 2397 2583 fuit
2446 2527 2979 2597 sapientissimorum
3014 2527 3179 2581 etiam
3215 2525 3442 2581 Graeciaa

1849 2621 2328 2691 philosophorum,
2356 2635 2547 2675 eorum
2571 2621 2763 2676 saltem
2794 2621 2887 2690 qui
2913 2620 3123 2691 physici
3158 2619 3435 2674 vocaban-

1850 2722 1941 2768 tur
1970 2713 2035 2767 de
2064 2713 2306 2767 universi
2358 2712 2769 2778 constitutione,
2794 2713 2971 2782 deque
3019 2712 3196 2783 prima
3247 2711 3439 2765 mundi

1824 2805 2229 2875 procreatione
2251 2802 2570 2873 disputatio,
2603 2802 2656 2856 in
2682 2819 2789 2872 qua
2817 2804 3027 2858 nullum
3055 2803 3435 2867 architectum,

1850 2895 2060 2949 nullum
2079 2910 2259 2948 rerum
2280 2893 2526 2947 omnium
2553 2892 2863 2948 eﬁ‘eetorem
2890 2906 3215 2964 posuerunt,
3236 2895 3348 2949 imo
3372 2910 3442 2949 ne

1854 2985 1948 3040 Dei
1983 2986 2203 3056 quidem
2253 2985 2584 3041 mentionem
2618 2985 2785 3040 ullam
2817 2985 3065 3041 fecerunt
3093 3005 3106 3052 ;
3144 2986 3238 3041 sed
3270 2998 3441 3041 teme—

1854 3078 2017 3133 rariae
2062 3078 2277 3133 cuidam
2339 3076 2646 3147 agitationi,
2681 3091 2746 3132 ac
2804 3075 3033 3132 fortuito
3069 3078 3230 3148 plane
3258 3074 3441 3190 metui

1854 3170 2018 3190 1.--ε---
2046 3169 2420 3190 _-_!_-_..-!4‘.!_
2474 3183 2686 3190 ------_..
2725 3169 3073 3190 ---!__-_-__--
3171 3169 3234 3190 Δ-
3288 3178 3434 3190 ΔΑ-.-

1854 3170 2021 3240 hujus
2046 3169 2421 3224 universitatis
2466 3183 2691 3223 causam
2723 3169 3096 3239 assignarunt.
3158 3169 3238 3225 Ac
3258 3169 3443 3226 ’tanta

1854 3265 2073 3335 quidem
2103 3279 2293 3318 eorum
2320 3269 2404 3317 est
2438 3262 2580 3318 inter
2606 3276 2728 3318 sese
2768 3263 3043 3319 dissensio
3064 3303 3079 3328 ,
3134 3272 3197 3318 ut
3249 3263 3442 3319 eadem

1855 3358 2004 3412 nulla
2037 3372 2264 3427 prorsus
2309 3358 2363 3412 in
2413 3374 2473 3414 rc
2505 3357 2933 3428 pronuntiarint,
2963 3356 3059 3411 sed
3097 3354 3445 3410 contentione

1856 3466 1920 3505 ac
1962 3451 2354 3506 sententiarum
2410 3450 2723 3507 diversitate
2774 3449 2960 3504 omnia
3028 3448 3441 3518 compleverint.

1855 3542 2042 3613 Itaque
2079 3541 2354 3608 Socrates,
2381 3543 2466 3597 vir
2493 3543 2582 3599 ille
2610 3542 2907 3613 singularis
2933 3548 2988 3596 et
3016 3540 3278 3605 eximius,
3306 3540 3444 3594 istos

1856 3648 2049 3688 omnes
2077 3634 2365 3689 vaticinari
2400 3635 2759 3700 ostendebat,
2802 3632 3048 3702 nihilque
3097 3633 3325 3687 omnino
3374 3631 3445 3685 ab

1857 3727 2071 3782 insanis
2098 3742 2162 3782 ac
2197 3725 2422 3782 furiosis
2467 3726 2800 3796 discrepare,
2833 3723 2879 3778 si
2913 3722 3334 3793 Xenophontem
3384 3729 3447 3775 ut

1857 3821 2080 3892 dignum
2119 3823 2223 3876 [ide
2250 3830 2441 3875 testem
2474 3819 2783 3897 audiamus.
2820 3817 2913 3873 Sic
2951 3818 3098 3873 enim
3146 3816 3201 3870 in
3242 3814 3447 3868 Mento-

1858 3914 2114 3967 ral'ilibus
2150 3913 2264 3981 ipse
2292 3911 2536 3981 loquitur
2565 3928 2578 3965 :
2619 3906 2945 3964 (Socratem
2978 3923 3107 3963 vero
3134 3906 3316 3962 nullus
3342 3922 3447 3960 un-

1859 4018 2022 4075 quam
2053 4002 2207 4071 impii
2242 4001 2541 4072 quidquam
2577 4008 2741 4069 atque
2772 3998 2969 4053 nefarii
2993 4006 3088 4053 aut
3112 3997 3248 4053 vidit
3280 4013 3447 4068 agen-

1858 4103 1989 4159 tem,
2026 4101 2119 4147 aut
2163 4092 2474 4161 loquentem
2529 4090 2755 4144 audivit.
2792 4088 2980 4160 Neque
3028 4089 3175 4143 enim
3223 4088 3290 4142 de
3323 4088 3447 4142 uni-

1860 4186 1999 4240 versi
2030 4193 2245 4248 natura,
2274 4181 2734 4254 quemadmodum
2775 4182 3021 4253 plerique
3048 4180 3232 4250 vulgo,
3259 4179 3446 4249 dispu-

1859 4281 2028 4347 tabat,
2054 4279 2135 4333 sic
2176 4278 2464 4343 nimirum,
2500 4285 2560 4331 ut
2596 4290 2707 4346 quo
2733 4283 2894 4346 pacto
2924 4289 3044 4330 sese
3093 4274 3183 4329 hic
3227 4274 3445 4340 habeat,

1789 4400 1833 4454 ι)
1861 4374 2009 4445 quia
2064 4371 2434 4441 sophistarum
2470 4368 2693 4424 natione
2752 4367 2992 4422 mundus
3032 4374 3293 4430 vocatur,
3351 4371 3449 4420 aut

1862 4482 1970 4536 qua
2001 4465 2096 4520 fati
2135 4480 2200 4520 ac
2233 4463 2574 4519 necessitatis
2624 4461 2678 4516 vi
2733 4461 3025 4531 cujuslibet
3072 4459 3150 4515 rei
3203 4459 3448 4515 caelestis

1863 4559 2003 4613 ratio
2033 4564 2320 4622 teneatur,
2365 4554 2744 4625 investigaret;
2798 4553 2893 4607 scd
2951 4566 3046 4607 eos
3087 4550 3303 4621 potius,
3351 4549 3449 4620 qui

1863 4664 2034 4719 genus
2066 4647 2173 4701 hoc
2198 4661 2382 4701 rerum
2410 4644 2679 4700 curiosius
2725 4642 3035 4713 agitarent,
3084 4641 3329 4696 insanire
3358 4641 3449 4696 de-

1864 4737 2226 4793 monstrabat.
2259 4755 2279 4789 i
2322 4734 2529 4803 Quibus
2568 4734 2677 4806 26
2708 4734 2826 4789 hzec
2875 4733 3156 4805 subiungit
3188 4752 3202 4788 :
3257 4750 3277 4784 ι
3316 4729 3449 4787 Per-

1863 4829 2063 4882 mirum
2090 4837 2269 4882 autem
2294 4826 2398 4897 ipsi
2421 4825 2728 4888 videbatur,
2755 4840 2821 4880 ne
2853 4834 3196 4896 perspectum
3224 4823 3446 4894 quidem

1864 4919 1969 4974 illis
1998 4919 2097 4974 hoc
2124 4919 2313 4984 fuisse,
2344 4917 2489 4989 quod
2530 4932 2597 4971 eo
2621 4917 2950 4988 cognitionis
2977 4915 3260 4970 hominum
3292 4912 3448 4983 inge-

1865 5012 1955 5067 nia
1981 5013 2261 5082 pervenire
2294 5012 2443 5065 nullo
2487 5012 2652 5065 modo
2698 5011 2934 5080 possint,
2959 5025 3084 5065 cum
3119 5008 3194 5073 ii,
3226 5021 3450 5077 praser-

1866 5106 1962 5160 tim
1996 5104 2089 5176 qui
2115 5121 2235 5160 sesc
2260 5106 2364 5159 hoc
2392 5104 2778 5176 disputationis
2802 5117 2998 5174 genere
3024 5101 3324 5171 plurimum
3357 5096 3444 5154 cf-

1864 5196 2063 5264 ferant,
2088 5213 2195 5252 non
2230 5198 2281 5251 in
2309 5196 2498 5252 eadem
2540 5197 2796 5267 opinione
2824 5193 3201 5263 sententiaque
3233 5204 3449 5245 versen-

1863 5298 1974 5354 tur,
2006 5290 2099 5346 sed
2131 5289 2222 5344 alii
2271 5305 2394 5345 cum
2429 5288 2551 5344 aliis
2595 5286 2927 5342 furiosorum
2973 5283 3164 5353 utique
3194 5296 3347 5338 more
3384 5294 3446 5337 se

1865 5390 2074 5450 gerant.
2104 5379 2314 5451 Quippe
2338 5379 2596 5451 enimhex
2626 5376 2851 5433 furiosis
2885 5374 3021 5429 alios
3059 5387 3215 5439 esse,
3253 5371 3348 5443 qui
3374 5382 3445 5427 no

1863 5527 1952 5575 tus
1980 5534 2101 5581 sum
2130 5528 2184 5575 et
2212 5518 2300 5573 hic
2328 5526 2381 5573 et
2411 5533 2530 5588 cap.
2566 5515 2757 5588 ultimo
2791 5511 3030 5588 lihrixv,
3062 5510 3153 5568 ubi
3187 5510 3439 5569 eumdem

1857 5590 2038 5649 locum
2072 5590 2340 5648 Eusebius
2372 5583 2616 5663 protulit,
2645 5587 2736 5643 sed
2773 5583 3043 5668 pluribus.
