3798 6220
409 177 481 238 63
1039 172 1309 238 EUSEB‘II
1347 176 1822 236 CESARHENSIS
1859 175 2012 234 OPP.
2055 175 2233 232 PARS
2270 175 2332 231 ll.
2379 207 2440 217 —
2476 173 2974 231 APOLOGETICA.

3569 173 3654 230 64

409 301 594 373 gravia
627 302 843 372 quidem
876 310 931 359 et
957 303 1162 358 atrocia
1206 312 1470 369 metuant,
1498 301 1633 358 alios
1657 317 1784 358 vero
1807 343 1822 369 ,
1876 301 1968 372 qui

2179 299 2420 365 λλυσθαι,
2468 301 2582 362 τοῖς
2631 297 2689 350 δὲ
2731 295 2840 350 οὒτ’
2895 296 2960 349 ἂν
3001 293 3251 364 γενέσθαι
3295 295 3423 348 ποτὲ
3465 296 3649 360 οὐδὲν,

407 390 527 462 ipsa
557 407 775 462 quoque
808 407 918 446 non
972 389 1262 447 metuenda
1317 392 1673 445 extimescant
1717 407 1730 443 :
1771 389 1851 444 sic
1875 401 1967 443 eo=

407 495 572 546 rum,
615 483 708 551 qui
753 487 1003 536 naturam
1053 478 1290 533 universi
1341 477 1651 546 diligentius
1692 476 1972 546 explorare

408 580 697 637 conentur,
732 571 868 625 alios
898 569 1162 640 quidquid
1193 577 1277 624 est
1301 583 1469 622 unum
1501 582 1622 623 esse
1647 567 1801 632 velle,
1835 567 1971 621 alios

411 667 680 721 infinitam
713 680 896 720 rerum
939 661 1345 717 multitudinem
1376 661 1658 726 invehere;
1692 661 1812 717 aliis
1843 661 1968 715 item

409 758 620 824 placere
648 751 945 809 continenti
997 761 1150 806 motu
1203 766 1292 806 res
1341 765 1530 805 omnes
1579 749 1792 821 agitari,
1849 749 1972 805 aliis

411 856 621 910 contra,
658 846 806 899 nullo
831 859 1068 916 unquam
1093 852 1337 912 tempore
1365 842 1570 897 moveri
1606 857 1767 912 posse
1789 881 1804 907 ,
1851 841 1972 898 aliis

409 937 642 1006 denique
664 936 906 1006 generari
945 950 1130 990 omnia
1159 949 1223 988 ac
1254 933 1511 1003 deinceps
1541 933 1762 988 interire
1787 975 1802 998 ,
1850 932 1972 986 aliis

407 1042 534 1081 vero
580 1030 716 1080 nihil
745 1041 987 1095 unquam
1015 1026 1100 1080 vel
1129 1023 1370 1094 genitum
1402 1038 1524 1078 esse
1548 1065 1562 1088 ,
1611 1023 1692 1077 vel
1747 1023 1971 1077 interitu

406 1118 727 1187 periturum.
766 1136 785 1169 ι
834 1119 1011 1186 Atque
1063 1116 1178 1170 haec
1225 1113 1511 1180 Socrates,
1559 1124 1620 1168 ut
1668 1113 1972 1184 Xenophon

407 1217 598 1262 auctor
630 1217 730 1262 est.
781 1207 991 1273 Quibus
1048 1205 1248 1260 similia
1305 1221 1532 1276 prorsus
1582 1220 1645 1260 ea
1694 1214 1822 1260 sunt
1853 1221 1973 1274 quae

406 1295 560 1351 Plato
589 1298 838 1352 eumdem
875 1296 1152 1352 Socratem
1186 1297 1242 1351 in
1292 1312 1390 1362 eo,
1446 1311 1604 1366 quem
1667 1295 1740 1350 De
1793 1297 1974 1350 anima

410 1389 669 1457 scripsit,
725 1389 938 1459 dialogo
1002 1390 1077 1443 ita
1147 1388 1969 1446 commemoranteminducit:

415 1500 436 1533 ι
475 1481 683 1535 Etenim
715 1483 932 1546 mirum,
962 1482 1178 1552 inquit,
1229 1497 1262 1536 ο
1300 1481 1494 1545 Cebes,
1535 1490 1737 1551 quanta
1770 1498 1855 1536 me
1885 1482 1974 1551 ju-

407 1575 559 1628 venis
582 1588 706 1628 cum
739 1589 914 1627 essem
937 1573 1084 1628 illius
1115 1573 1382 1643 cupiditas
1415 1574 1692 1644 sapientia:
1715 1575 1968 1634 tenuerit,

2069 391 2181 446 οὔτ’
2211 391 2562 446 ἀπόλλυσθαι.
2595 409 2613 440 ι
2645 389 2810 443 Ταῦθ’
2866 391 2894 443 ὁ
2941 388 3254 459 Σωκράτης,
3288 389 3362 451 ὡς
3394 389 3656 457 Ξενοφῶν

2074 486 2357 557 μαρτυρεῖ.
2392 483 2611 555 Συνᾴδει
2656 482 2712 535 δὲ
2758 482 2850 535 καὶ
2897 484 2924 535 ό
2975 481 3198 534 Πλάτων
3235 479 3444 543 τούτοις
3474 483 3531 534 ὲν
3565 479 3656 551 τῷ

2069 577 2209 645 Περί
2238 575 2464 645 ψυχῆς,
2499 574 2676 628 τοιάδε
2704 573 2928 642 λέγοντα
2955 572 3115 625 αὐτὸν
3146 572 3473 644 ἀναγράφων
3495 571 3652 642 (εον

2076 687 2096 720 ι
2145 665 2284 737 Ἐγὼ
2336 667 2464 741 γὰρ,
2514 667 2638 737 ἔφη,
2690 660 2735 719 ὧ
2787 665 2989 736 Κέϐης,
3038 665 3156 728 νέος
3187 663 3283 727 ὢν,
3317 663 3656 735 θαυμαστῶς

2068 755 2146 820 ὡς
2197 755 2512 826 ἐπεθύμησα
2556 754 2756 825 ταύτης
2801 755 2898 824 τῆς
2949 755 3158 822 σοφίας,
3199 754 3264 824 ἣν
3308 753 3369 824 δὴ
3421 753 3660 807 καλοῦσι

2073 845 2443 916 περὶφύσεως
2482 843 2745 914 ἱστορίαν·
2785 844 3130 913 ὑπερήφανον
3175 842 3284 913 γάρ
3333 859 3420 912 μοι
3470 843 3660 894 ἐδόκει

2071 931 2209 989 εἶναι
2239 936 2430 990 εἰδέναι
2460 935 2559 998 τὰς
2588 935 2764 998 αἰτίας
2788 934 3040 996 ἑκάστου,
3063 933 3150 986 διὰ
3187 933 3240 985 τί
3281 934 3486 1000 γίνεται
3512 933 3661 986 ’ἐκα-

2073 1042 2214 1087 στον,
2249 1025 2340 1078 καὶ
2363 1024 2450 1078 διὰ
2477 1023 2529 1076 τί
2553 1023 2866 1087 ἀπόλλυται,
2901 1024 2994 1075 καὶ
3021 1022 3108 1075 διὰ
3134 1021 3186 1073 τί
3213 1024 3326 1074 ἐστι
3345 1039 3358 1052 ·
3395 1023 3486 1074 καὶ
3519 1022 3664 1074 πολ-

2071 1114 2226 1179 λάκις
2264 1114 2498 1186 ἐμαυτὸν
2543 1114 2652 1168 ἄνω
2696 1114 2791 1166 καὶ
2838 1113 2988 1166 κάτω
3039 1109 3382 1182 μετέϐαλλον,
3431 1111 3662 1164 σκοπῶν

2073 1209 2286 1281 πρῶτον
2321 1208 2389 1261 τὰ
2437 1207 2646 1262 τοιάδεο
2698 1203 2786 1278 ἆρ’
2833 1205 3050 1258 ἐπειδὰν
3099 1205 3159 1258 τὸ
3199 1204 3402 1275 ψυχρὸν
3443 1207 3535 1258 καὶ
3594 1204 3664 1257 τὸ

2070 1299 2274 1371 θερμὸν
2324 1299 2589 1371 σηπεδόνα
2627 1298 2747 1351 τινὰ
2779 1297 2940 1369 λάϐῃ,
2984 1297 3059 1361 ὥς
3104 1315 3247 1360 τινες
3290 1297 3492 1365 ἔλεγον,
3524 1295 3662 1348 τότε

2071 1392 2170 1462 ἤδη
2190 1387 2300 1461 (‘25)
2317 1391 2383 1445 τὰ
2399 1391 2512 1456 ζῶα
2530 1389 2875 1462 ξυντρέφεται
2895 1407 2909 1454 ;
2929 1391 3022 1443 καὶ
3038 1389 3261 1461 πότερον
3278 1389 3336 1442 τὸ
3352 1385 3490 1460 αἷμα
3504 1391 3666 1442 ἐστιν

2071 1477 2114 1550 ᾧ
2132 1482 2545 1555 φρονοῦμεν,ῆὸ
2571 1483 2696 1555 ἀὴρ,
2714 1483 2746 1553 ἣ
2765 1483 2822 1536 τὸ
2839 1482 2966 1554 πῦρ·
2987 1482 3019 1552 ἢ
3037 1481 3238 1535 τούτων
3266 1483 3361 1552 μὲν
3377 1483 3545 1545 οὐδὲν,
3568 1486 3600 1535 ὁ
3617 1483 3665 1535 δ’

2074 1573 2374 1641 ἐγκέφαλός
2390 1575 2536 1627 ἐστιν
2553 1577 2580 1629 ὁ
2605 1575 2701 1637 τὰς
2717 1572 2992 1644 αἰσθήσεις
3011 1572 3263 1643 παρέχων
3290 1572 3381 1625 τοῦ
3411 1572 3664 1636 ἀκούειν,

407 1682 570 1737 quam
620 1665 779 1735 vulgo
829 1673 1036 1720 naturae
1094 1665 1601 1733 contemplationem
1660 1665 1969 1734 appellant;

2183 1667 2432 1737 ὁρᾷν,κα“ι
2446 1666 2846 1738 ὀσφραίνεσθαι·
2861 1667 2924 1718 ἐκ
2939 1664 3138 1735 τούτων
3151 1665 3206 1717 δὲ
3219 1666 3451 1734 γίγνοιτο
3465 1666 3572 1735 μνή
3583 1681 3665 1735 μη

409 1759 603 1827 quippe
635 1758 982 1827 magniﬁcum
1032 1757 1227 1826 oppido
1278 1757 1411 1810 mihi
1463 1756 1743 1810 videbatur
1783 1771 1979 1810 causas

406 1866 569 1905 nosse
590 1865 768 1903 rerum
787 1849 1145 1920 singularum,
1173 1864 1236 1903 ac
1258 1863 1356 1903 cur
1381 1863 1717 1917 unaquaque
1737 1847 1821 1902 vel
1839 1846 1982 1902 oria-

409 1951 519 2006 tur,
554 1942 638 1995 vel
663 1942 908 2007 intereat,
940 1942 1023 1995 vel
1054 1941 1295 2005 exsistat,
1328 1940 1650 2011 intelligere;
1679 1940 1982 2010 saepiusque

2081 1759 2173 1812 καί
2193 1757 2334 1822 δόξαο
2357 1759 2421 1810 ἐκ
2435 1759 2492 1811 δὲ
2515 1759 2732 1829 μνήμης
2749 1758 2844 1811 καὶ
2873 1758 3033 1829 δόξης
3046 1755 3315 1826 λαϐούσης
3333 1757 3390 1809 τὸ
3405 1758 3668 1827 ἠρεμεῖν,

2081 1848 2222 1900 κατά
2250 1847 2419 1902 ταῦτα
2451 1847 2694 1916 γίνεσθαι
2727 1848 3059 1918 ὲπιστήμην;
3081 1848 3192 1901 Καὶ⁵
3224 1843 3289 1900 αὖ
3321 1845 3524 1898 τούτων
3556 1845 3668 1908 τὰς

2083 1939 2287 2011 φθορὰς
2321 1939 2556 2003 σκοπῶν,
2582 1941 2676 1993 καὶ
2701 1939 2767 1993 τά
2793 1940 2920 2011 περὶ
2949 1940 3040 1992 τὸν
3075 1938 3298 2011 οὐρανόν
3337 1955 3396 1990 τε
3429 1938 3525 1991 καὶ
3557 1935 3669 2007 τὴν

408 2032 545 2086 adeo
567 2047 653 2086 me
675 2047 892 2086 sursum
917 2031 1279 2100 deorsumque
1291 2030 1596 2094 versabam,
1615 2045 1737 2084 cum
1760 2030 1810 2083 in
1831 2030 1981 2099 ejus-

407 2124 556 2177 modi
588 2123 822 2191 primum
860 2123 1191 2190 quaestiones
1218 2122 1588 2176 incumberem
1615 2139 1630 2175 :
1661 2127 1839 2174 utrum
1871 2121 1980 2176 sci-

407 2211 552 2277 licet,
568 2211 711 2281 quod
738 2212 1010 2266 nonnullis
1027 2212 1288 2280 placebat,
1304 2211 1394 2265 ubi
1414 2209 1664 2280 frigidum
1680 2217 1733 2263 et
1748 2209 1982 2264 calidum

407 2302 511 2357 loci
543 2303 743 2373 aliquid
771 2302 1104 2371 corruptioni
1133 2303 1413 2366 dederint,
1478 2310 1590 2355 tum
1622 2300 1838 2356 demum
1874 2300 1988 2354 ani-

407 2395 611 2448 mantia
651 2395 1039 2447 nutrimentum
1066 2408 1130 2448 ac
1157 2393 1465 2447 firmitatem
1497 2391 1787 2461 accipiant?
1805 2399 1984 2444 utrum

407 2487 691 2557 sanguine,
711 2501 778 2540 an
797 2501 942 2552 aere,
959 2501 1026 2540 an
1057 2487 1240 2555 potius
1260 2487 1383 2556 igne
1407 2484 1726 2554 sapiamus?
1759 2499 1828 2537 an
1858 2498 1984 2537 vero

408 2577 769 2633 hisomnibus
785 2579 1042 2642 exclusis,
1068 2576 1162 2633 uni
1182 2576 1406 2632 cerebro
1435 2575 1721 2639 audiendi,
1745 2573 1982 2637 videndi,

407 2677 570 2737 atque
591 2670 853 2724 odorandi
884 2685 1145 2724 sensuum
1197 2668 1350 2738 origo
1377 2668 1637 2722 debeatur
1668 2686 1682 2721 :
1719 2666 1798 2721 sic
1828 2675 1888 2719 ut
1917 2680 1984 2720 ex

2082 2031 2185 2100 γῆν
2216 2030 2383 2101 πάθη,
2408 2031 2691 2094 τελευτῶν,
2726 2030 2898 2095 οὕτως
2929 2030 3150 2102 ἐμαυτῷ
3179 2030 3332 2095 ἔδοξα
3363 2029 3497 2100 πρὸς
3526 2028 3672 2082 ταύ-

2081 2139 2178 2194 την
2204 2123 2300 2195 τὴν
2323 2123 2510 2192 σκέψιν
2539 2124 2715 2194 ἀφυὴς
2747 2119 2903 2188 εἶναι,
2929 2123 3003 2186 ὡς
3034 2123 3181 2175 οὐδὲν
3211 2123 3414 2194 χρῆμα.
3444 2122 3672 2191 Τεκμή-

2088 2233 2198 2287 ριον
2227 2216 2280 2268 δέ
2310 2233 2391 2269 σοι
2435 2215 2545 2286 ὲρῶ
2599 2216 2801 2269 ἱκανόν.
2834 2214 2975 2284 Ἐγὼ
3023 2215 3132 2286 γὰρ
3173 2213 3208 2268 ὃ.
3253 2215 3344 2267 καὶ
3394 2213 3673 2284 πρότερον

2088 2307 2272 2376 σαφῶς
2302 2307 2636 2378 ἠπιστάμην,
2660 2306 2734 2370 ὥς
2763 2325 2825 2376 γε
2855 2305 3075 2377 ἐμαυτῷ
3096 2306 3318 2368 καὶτοῖς
3347 2303 3523 2366 ἄλλοις
3545 2303 3674 2356 ἐδό-

2085 2417 2233 2462 κουν,
2257 2400 2376 2452 τότε
2406 2401 2495 2452 ὑπ’
2529 2399 2698 2469 αὐτῆς
2727 2399 2826 2469 τῆς
2860 2398 3102 2467 σκέψεως
3131 2396 3272 2450 οὕτω
3307 2395 3507 2465 σφόδρα
3537 2397 3676 2447 ἐτυ-

2086 2488 2322 2560 φλώθην,
2353 2487 2491 2543 ὥστε
2534 2488 2813 2560 ἀπέμαθον
2841 2489 2937 2543 καὶ
2978 2486 3132 2542 ταῦθ’
3157 2486 3213 2540 ’ἃ
3259 2484 3458 2556 προτοῦ
3498 2483 3676 2555 ᾤμην

2085 2579 2301 2631 εἰδέναι.
2345 2596 2364 2629 ι
2403 2577 2584 2630 Ταῦτα
2619 2578 2918 2650 Σωκράτης
2967 2576 3126 2639 αὐτὸς
3172 2576 3378 2638 ἐκεῖνος
3421 2574 3449 2625 ὁ
3493 2574 3678 2625 πᾶσιν

2084 2671 2325 2742 ἀοίδιμος
2345 2671 2619 2742 Ἕλλησιν.
2658 2672 2787 2723 Ὅτε
2843 2669 3019 2722 τοίνυν
3073 2667 3166 2722 καὶ
3221 2665 3298 2737 τῷ
3358 2663 3679 2735 τηλικούτῳ

408 2759 476 2814 iis
508 2761 768 2814 memoria
799 2761 961 2814 simul
991 2769 1046 2816 et
1076 2759 1293 2829 opinio,
1346 2774 1413 2814 ex
1474 2769 1707 2825 utraque
1766 2765 1945 2811 autem
1966 2797 1981 2821 ,

2180 2762 2358 2833 οσόφῳ
2399 2762 2576 2815 τοιάδε
2625 2761 2795 2817 ἐδόκει
2849 2756 2984 2814 εἶναι
3045 2759 3113 2812 τὰ
3168 2756 3266 2826 τῆς
3325 2754 3431 2808 τῶν
3486 2754 3672 2825 δήλω.

410 2851 500 2905 ubi
532 2851 738 2921 placide
779 2852 1067 2922 quieteque
1109 2849 1473 2914 constiterint,
1503 2865 1626 2903 cum
1661 2848 1852 2903 iisdem
1885 2862 1980 2901 eo-

2178 2869 2287 2905 ττων
2342 2851 2719 2921 φυσιολογίας,
2778 2850 3002 2914 εἰκότως
3059 2866 3147 2919 μοι
3201 2845 3340 2899 δοκῶ
3391 2845 3483 2897 καὶ
3517 2846 3682 2914 ἡμᾶς

411 2942 622 2997 haerens
650 2943 871 2998 scientia
906 2943 1233 3014 generetur?
1253 2940 1498 3010 Cumque
1520 2940 1760 2994 vicissim
1795 2952 1977 2992 rerum

2178 2961 2187 2992 ι
2250 2943 2453 2997 τούτων
2503 2943 2756 2997 ἁπάντων
2801 2941 3066 3011 ἀθεότητα
3123 2935 3484 3009 παρῃτῆσθαι·
3544 2934 3686 2988 ἐπεὶ

409 3032 724 3085 earumdem
762 3013 1033 3098 interitus,
1068 3044 1298 3101 quaeque
1329 3038 1434 3082 tam
1467 3032 1522 3080 in
1558 3027 1696 3081 ccelo
1728 3041 1892 3096 quam
1927 3026 1981 3079 in

2178 3073 2180 3084 π
2209 3035 2276 3088 τὰ
2301 3035 2400 3105 τῆς
2431 3034 2690 3087 πολυθέου
2719 3033 2926 3104 πλάνης
2957 3030 3156 3094 αὐτῶν,
3191 3030 3290 3081 οὑκ
3327 3027 3500 3080 ἔοικεν
3528 3021 3686 3080 εἶναι

411 3129 554 3174 terra
589 3122 750 3190 vulgo
781 3122 1101 3190 contingunt
1131 3135 1343 3194 mecum
1385 3119 1502 3187 ipse
1543 3128 1873 3188 reputarem,
1899 3119 1981 3174 de-

2178 3124 2342 3196 ιότρια
2369 3123 2474 3177 τῶν
2500 3125 2822 3195 εἰρημένων.
2852 3122 3021 3175 Τοῦτο
3056 3121 3154 3191 μὲν
3199 3116 3291 3172 οὗν
3343 3118 3434 3170 ἐπὶ
3473 3115 3685 3186 καιροῦ

411 3227 562 3266 mum
609 3213 683 3266 ita
731 3227 818 3265 me
875 3211 967 3265 ad’
996 3213 1100 3266 hoc
1144 3209 1621 3280 contemplationis
1661 3225 1832 3280 genus
1871 3211 1981 3266 ine-

2178 3215 2184 3264 ἱ
2212 3217 2579 3288 προσήκοντος
2610 3214 3014 3286 ἐλεγχθήσεται,
3050 3210 3170 3264 καθ’
3197 3210 3255 3262 ὃν
3295 3208 3683 3276 ἀποδείξομεν,

413 3313 588 3374 ptum,
623 3311 679 3357 ut
707 3304 802 3372 qui
834 3303 1091 3365 maxime,
1143 3317 1268 3360 esse
1296 3301 1556 3372 judicavi.
1588 3300 1758 3371 Cujus
1785 3302 1860 3356 rei
1886 3303 1981 3357 hoc

2214 3306 2429 3378 πρῶτος
2491 3307 2756 3378 Ἑλλήνων
2802 3303 3167 3374 Ἀναξαγόρας
3212 3301 3333 3354 νοῦν
3376 3298 3687 3367 ἐπιστῆσαι

418 3396 513 3449 tibi
543 3404 923 3465 argumentum
970 3394 1141 3450 instar
1194 3395 1439 3449 omnium
1478 3393 1784 3464 proferam;
1839 3394 1981 3464 quod

2187 3397 2279 3451 τοῦ
2315 3397 2513 3461 παντὸς
2537 3399 2684 3468 αἰτίᾳ
2708 3396 3124 3468 μνημονεύεται.
3173 3392 3288 3444 Νῦν
3334 3391 3392 3443 δέ
3446 3406 3534 3459 μοι
3578 3387 3687 3439 ἐπὶ

416 3501 538 3556 qua:
567 3487 696 3539 mihi
750 3487 904 3556 prius
949 3501 1011 3541 ac
1055 3485 1264 3542 caeteris
1298 3485 1500 3556 optime
1531 3485 1755 3540 videbar
1787 3485 1981 3540 intelli-

2178 3507 2183 3532 ι
2211 3489 2473 3561 Διόδωρον
2501 3489 2729 3560 μετάϐα,
2762 3487 2856 3540 καὶ
2892 3486 3080 3539 σκόπει
3102 3478 3190 3536 οἷα
3218 3482 3346 3552 περὶ
3386 3480 3486 3550 τῆς
3520 3477 3685 3550 πρώ-

417 3591 561 3645 gere,
593 3577 776 3631 eadem
808 3577 1151 3646 postmodum
1171 3576 1355 3632 omnia
1377 3575 1746 3642 dediscerem;
1776 3584 1981 3630 tantum

2178 3597 2192 3643 ;
2221 3578 2330 3632 τῶν
2363 3577 2664 3651 ἀνθρώπων
2699 3576 2972 3644 θεολογίας
3008 3574 3225 3644 ἱστορεῖ.

417 3668 507 3723 illa
543 3669 658 3739 ipsa
707 3669 1091 3739 contemplatio
1137 3669 1272 3723 mihi
1321 3668 1577 3723 caecitatis
1629 3667 1913 3723 effuderat.
1951 3687 1970 3720 ›
2016 3667 2142 3726 Ηῑεο
2170 3669 2422 3726 Socrates
2482 3671 2572 3725 ille
2635 3668 2947 3724 Graecorum
2989 3663 3233 3719 omnium
3280 3675 3374 3714 ore
3419 3657 3688 3726 famaque

418 3761 744 3816 celebratus.
773 3761 957 3828 Quare
987 3777 1109 3816 cum
1151 3776 1213 3816 ea
1240 3761 1377 3816 tanti
1420 3760 1726 3830 philosophi
1751 3761 1819 3815 de
1858 3761 2074 3816 illorum
2113 3765 2378 3828 omnium,
2408 3777 2543 3834 quos
2575 3771 2699 3818 ante
2743 3756 3316 3819 commemoravimus,
3339 3751 3686 3823 physiologia

416 3871 571 3912 mens
604 3866 658 3911 et
703 3857 967 3913 sententia
1012 3855 1204 3923 fuerit,
1257 3858 1380 3926 jure
1417 3871 1637 3926 quoque
1680 3857 1855 3911 sentio
1885 3871 1983 3914 nos
2020 3860 2127 3929 2⁵1
2149 3861 2217 3914 ab
2239 3861 2469 3915 istorum
2497 3867 2702 3930 negatae
2727 3855 3034 3912 Divinitatis
3088 3852 3290 3908 scelere
3341 3849 3687 3903 declinasse:

415 3948 716 4018 praesertim
771 3963 893 4002 cum
951 3947 1194 4018 ipsorum
1248 3947 1314 4002 de
1366 3946 1708 4002 multitudine
1751 3948 1974 4002 deorum
2013 3964 2167 4004 error
2199 3951 2393 4016 abiis,
2428 3965 2550 4020 quae
2611 3949 2679 4003 de
2710 3945 2953 4001 universi
3014 3951 3136 3998 ortu
3172 3938 3530 3999 somniarunt,
3585 3949 3686 3988 ne-

418 4053 690 4108 quaquam
734 4038 942 4093 alienus
985 4053 1108 4093 esse
1162 4037 1426 4093 videatur.
1477 4035 1743 4092 Caeterum
1795 4038 1848 4093 id
1893 4055 1994 4094 suo
2031 4041 2150 4096 loco
2176 4042 2465 4097 manifeste
2507 4037 2972 4109 deprehendetur,
3035 4035 3128 4089 ubi
3193 4031 3490 4102 principem
3525 4024 3691 4080 Cra:-

417 4147 606 4188 corum
635 4131 1048 4202 Anaxagoram,
1076 4131 1170 4202 qui
1203 4140 1434 4186 mentem
1465 4131 1633 4201 hujus
1677 4118 2044 4190 universitatis
2106 4135 2372 4189 molitioni
2427 4133 2762 4204 praefecerit,
2803 4116 3026 4184 laudari.
3078 4125 3448 4182 ostendemus.
3522 4116 3691 4177 Nunc

419 4245 548 4285 vero
611 4228 844 4284 transfer
888 4228 1131 4283 animum
1170 4227 1247 4283 sis
1285 4226 1353 4281 ad
1398 4225 1730 4294 Diodorum,
1785 4242 2014 4296 quaeque
2087 4227 2154 4282 de
2194 4229 2367 4298 prima
2415 4226 2699 4281 hominum
2745 4221 3011 4291 theologia
3095 4215 3372 4274 memoriae
3419 4211 3698 4288 prodidit,

419 4319 730 4376 considera.

907 4409 1138 4467 CAPUT
1173 4409 1264 4464 ῘΧ.

2555 4459 2565 4472 _
2637 4390 3030 4448 ΚΕΦΑΛΑΙΟΝ
3065 4387 3146 4442 e'.

422 4524 634 4580 Priscos
681 4524 911 4577 homines
962 4524 1076 4577 caeli
1126 4531 1332 4576 tantum
1380 4532 1528 4576 nstra
1578 4521 1838 4583 coluisse,
1877 4535 1998 4574 cum

492 4596 627 4649 nihil
675 4611 833 4663 neque
884 4594 948 4648 de
1001 4595 1159 4662 hujus
1204 4593 1435 4646 universi
1496 4593 1633 4656 Deo,
1707 4606 1866 4660 neque
1933 4590 1996 4641 de

491 4665 792 4747 simulacris
822 4663 1109 4735 erigendis,
1143 4678 1302 4734 neque
1335 4663 1396 4715 de
1445 4663 1769 4716 dwrnombus
1809 4676 2000 4731 cogno-

499 4745 712 4789 vissent.

504 4868 524 4902 ι
563 4848 782 4903 Priscus
808 4846 1089 4918 Egyptios
1121 4843 1332 4908 ferunt,
1364 4859 1489 4900 eum
1521 4843 1713 4899 oculos
1749 4842 1911 4911 hujus
1943 4841 1999 4896 in

427 4941 616 4998 mundi
656 4940 1111 5008 contemplatione
1153 4938 1493 5002 deiixissent,
1539 4951 1774 5004 cumque
1817 4949 1998 4988 rerum

429 5032 674 5088 omnium
714 5038 964 5084 naturam
993 5027 1384 5084 vehementiori
1422 5025 1781 5080 admiratione
1813 5025 2003 5080 obstu-

429 5132 746 5195 pescerent,
782 5121 950 5176 solem
993 5135 1058 5174 ac
1082 5119 1267 5173 lunam
1302 5116 1659 5186 sempiternos
1695 5129 1820 5168 esse
1871 5115 2005 5168 deos

430 5212 785 5285 omniumque
825 5209 1100 5283 principes
1147 5208 1460 5274 censuisse;
1499 5221 1730 5277 quorum
1775 5205 2004 5260 alterum

438 5369 617 5494 F_(22)
655 5368 900 5426 Platonis
926 5369 1078 5424 locus
1113 5376 1196 5424 est
1221 5382 1286 5423 ex
1319 5364 1604 5432 Phwdone,
1641 5379 1694 5434 p.
1722 5363 1829 5421 39?.
1871 5363 2003 5418 edit.

487 5456 549 5493 ιιι.

487 5456 549 5493 lc.

515 5504 624 5577 ('25)
668 5509 809 5587 _T_o’z's
831 5508 946 5578 ἤδη
1009 5509 1164 5582 Plato
1191 5507 1293 5587 leg.
1327 5505 1445 5561 τότε
1486 5505 1571 5576 δή,
1602 5505 1742 5577 quod
1781 5501 2010 5559 ἀττικώ·

446 5595 600 5644 τερον
631 5579 862 5636 videtur.

2106 4518 2226 4569 Ὅτι
2258 4517 2311 4568 οἱ
2338 4510 2577 4566 παλαιοὶ
2606 4507 2723 4562 τῶν
2765 4506 3108 4574 ἀνθρώπων,
3143 4501 3299 4574 τοὺςΔ
3324 4500 3448 4554 κατ’
3498 4500 3696 4574 σύρας

2175 4567 2302 4640 κὰκ
2323 4567 3125 4652 φωστῆραςᾼμόκοκξέσεϐον,
3153 4570 3364 4652 μηδὲν.
3391 4567 3694 4652 περὶώτοῇ

2176 4637 2294 4708 τῶν
2323 4637 2488 4706 bilem
2516 4637 2686 4702 wOsci;
2699 4689 2713 4711 ,
2749 4647 2883 4701 ἀλλ’
2934 4643 3075 4699 οὐδὲ
3103 4637 3238 4711 περὶ,
3258 4639 3491 4706 ξοάνων
3521 4637 3695 4706 ἱδρύ-

2177 4738 2350 4790 σεως,
2385 4719 2526 4774 οὐδὲ
2550 4718 2681 4787 περὶ
2704 4710 2999 4786 δαιμόνων
3026 4710 3430 4781 ἐπιστάμενοι.

2179 4837 2290 4909 (24)
2329 4854 2347 4886 ι
2376 4835 2514 4897 Τοὺς
2539 4832 2582 4885 δ’
2610 4827 2702 4885 οὖν
2733 4831 2850 4883 κατ’
2875 4827 3148 4897 Αἴγυπτον
3168 4825 3486 4898 ἀνθρώπους
3500 4823 3558 4877 τδ
3581 4841 3696 4876 πα·-

2105 4930 2253 4985 λοιιὸν
2285 4925 2627 4997 γενομένους,
2661 4920 3068 4990 ἀναϐλέψαντας
3098 4920 3178 4983 εἰς
3204 4918 3296 4970 τὸν
3330 4916 3550 4986 κόσμον,
3588 4915 3695 4968 καὶ

2105 5023 2202 5093 τὴν
2232 5019 2341 5073 τῶν
2369 5019 2504 5072 ὅλων
2543 5015 2704 5084 φύσιν
2741 5011 3188 5079 καταπλαγέντας
3229 5025 3290 5061 τε
3327 5007 3422 5060 καὶ
3475 5005 3696 5076 θαυμά-

2110 5129 2331 5175 σαντας,
2383 5105 2672 5161 ὑπολαϐεῖν
2727 5099 2864 5157 εἶναι
2920 5101 3072 5164 θεοὺς
3129 5099 3241 5171 (‘25)
3269 5099 3469 5160 ἀϊδίους
3507 5113 3566 5148 τε
3592 5098 3695 5150 καὶ

2108 5205 2356 5276 πρώτους
2383 5201 2474 5254 τόν
2504 5215 2564 5252 τε
2591 5198 2740 5270 ἥλιον
2775 5195 2869 5249 καὶ
2895 5193 2994 5264 τὴν
3026 5192 3252 5262 σελήνην
3272 5207 3286 5221 ο
3312 5184 3399 5244 ’ὧν
3441 5187 3532 5242 τὸν
3560 5186 3693 5258 μὲν,

2183 5356 2296 5422 (Ξί)
2337 5353 2605 5422 Diodorus
2627 5349 2724 5404 lib.
2752 5367 2799 5422 ι,
2821 5347 2978 5422 p._10
3005 5346 3048 5422 ς
3078 5360 3232 5422 nova:1
3254 5340 3526 5422 editionis.

2185 5357 2276 5422 (2i
2337 5356 2605 5408 Diodorus
2627 5356 2724 5404 lib.
2752 5367 2793 5412 ι,
2821 5364 2876 5417 p.
2910 5356 2978 5403 w
3005 5356 3048 5400 υ
3078 5360 3232 5400 novae
3254 5356 3526 5398 editionis.

2185 5356 2726 5498 (25;_Elw_u_0£ozic.
2771 5417 2952 5498 Diod,
2986 5413 3126 5471 εἶναι
3175 5414 3270 5496 δύο
3315 5406 3695 5498 θεούς,

2115 5479 2416 5568 ηυέέίίιίιή,
2449 5493 2658 5565 Σείριον
2681 5479 2786 5560 pro
2815 5479 3030 5568 Σύριον,
3067 5498 3145 5544 est
3187 5485 3332 5542 enim
3368 5483 3507 5536 inter
3529 5479 3697 5533 Ὅσι-

2119 5560 2204 5638 ῥιν
2237 5583 2297 5624 ac
2325 5565 2530 5633 Σείριον
2547 5560 2906 5630 παρωνυμίαι.
