3798 6220
396 284 467 363 67
1052 299 1326 358 EUSEBIl
1359 294 1841 357 CESARIENSIS
1877 293 2028 351 OPP.
2062 291 2246 349 PARS
2277 290 2350 349 ιι.
2406 321 2462 334 --
2498 291 3003 351 APOLOGETICA.

3486 254 3489 257 ’
3588 294 3689 353 ss

393 439 531 495 quos
554 422 620 480 de
641 422 861 479 vitando
879 436 1062 478 rerum
1085 419 1449 474 animatarum
1478 433 1578 473 usu
1609 417 1962 486 conscripsit,

2102 413 2164 479 άς
2181 432 2195 446 ·
2224 413 2444 476 πολλαῖς
2469 412 2579 485 γὰρ
2602 416 2814 483 γενεαῖς
2842 415 3067 489 ὕστερον
3096 416 3415 490 παρελήφθη
3448 418 3677 487 ταῦτα,

394 520 589 589 priscae
614 517 759 572 illius
790 523 1031 571 veterum
1070 511 1503 577 consuetudinis,
1541 509 1761 564 laudato
1793 507 1972 563 Theo-

394 608 606 680 phrasti
652 605 1000 670 testimonio,
1043 601 1293 656 meminit
1344 600 1427 655 his
1484 600 1710 656 omnino
1741 599 1968 654 verbis:

398 719 420 754 ι
459 700 733 757 Inﬁnitum
768 699 928 768 plane
960 696 1170 751 videtur
1197 692 1420 748 ﬂuxisse
1466 700 1712 762 tempus,
1758 707 1825 746 ex
1862 704 1972 761 quo

395 806 567 861 genus
600 788 881 844 hominum
912 787 1072 855 longe
1105 783 1602 854 sapientissimum,
1640 791 1699 836 ut
1730 782 1974 852 loquitur

395 877 808 949 Theophrastus
827 917 842 943 ,
872 876 1275 930 sanctissimam
1311 873 1458 927 illam
1488 880 1543 927 et
1571 887 1602 927 a
1631 870 1976 927 Nilo-condi-

393 982 503 1025 tam
558 971 833 1040 regionem
888 968 1180 1033 incoleret,
1235 967 1301 1021 ad
1370 965 1553 1020 focum
1608 965 1971 1020 domesticum

396 1077 555 1117 sacra
590 1062 695 1116 diis
724 1061 1039 1116 ccelestibus
1093 1060 1270 1114 facere
1310 1059 1509 1127 coepit,
1543 1072 1652 1111 non
1698 1056 1969 1128 myrrhae,

392 1168 502 1207 non
537 1152 697 1207 casia
742 1151 1027 1220 thurisque
1060 1166 1183 1205 cum
1211 1163 1373 1204 croco
1398 1149 1685 1202 mistorum
1716 1146 1973 1217 primitiis

395 1242 595 1315 (neque
629 1242 775 1297 enim
817 1242 1049 1296 istorum
1080 1255 1216 1295 usus
1260 1240 1363 1295 nisi
1396 1246 1521 1310 post
1541 1225 1757 1293 'multas
1785 1245 1971 1292 aetates

390 1336 496 1392 fuit
516 1377 530 1401 ,
559 1351 682 1390 cum
714 1334 878 1388 homo
906 1333 1158 1388 curiosus
1182 1332 1386 1387 erroris
1413 1331 1699 1401 indagator
1724 1329 1971 1397 eﬁ‘eetus,

390 1438 516 1500 post
545 1429 843 1482 multorum
880 1425 1126 1480 laborum
1166 1432 1329 1493 atque
1357 1423 1720 1494 lacrymarum
1750 1429 1970 1492 guttas,

393 1519 717 1574 necessaria:
740 1517 862 1571 vitae
890 1515 1158 1584 primitias
1185 1514 1291 1569 diis
1314 1512 1565 1584 obtulit);
1589 1526 1698 1566 non
1727 1511 1971 1577 illarum,

392 1611 640 1681 inquam,
681 1624 863 1664 rerum
887 1648 900 1673 ,
936 1608 1029 1663 sed
1056 1606 1283 1661 virentis
1309 1606 1490 1660 herbae
1510 1646 1525 1672 ,
1553 1603 1714 1674 cujus
1746 1603 1827 1660 sic
1854 1612 1977 1658 tan-

390 1717 557 1773 quam
594 1711 801 1755 naturee
844 1697 1096 1785 genitalis
1134 1697 1445 1768 primaevam
1491 1695 1786 1765 quamdam
1816 1693 1976 1748 lanu-

2074 502 2167 556 καὶ
2191 503 2398 574 πλάνης
2412 504 2708 577 ἐρευνητὴς
2732 505 2842 576 (29)
2868 506 3085 579 μαστὴρ
3105 509 3134 560 6
3158 506 3444 579 ἄνθρωπος
3470 511 3689 579 γιγνό-

2076 610 2255 664 μενος,
2283 596 2384 666 τῆς
2406 596 2707 664 ἀναγκαίας
2732 596 2877 669 ζωῆς
2911 599 3049 669 μετὰ
3091 599 3302 655 πολλῶν
3341 601 3518 655 πόνων
3561 602 3688 657 καὶ

2072 684 2322 758 δακρύων
2361 687 2659 755 σταγόνας,
2703 687 2987 760 ἀπήρξατο
3021 692 3133 753 τοῖς
3156 691 3320 754 θεοῖς’
3357 694 3418 746 οὑ
3446 693 3688 750 τούτων

2073 772 2166 830 οὖν
2197 775 2352 830 ἔθυον
2379 777 2660 849 πρότερον,
2689 778 2824 832 ἀλλὰ
2853 779 3014 850 χλόης
3035 781 3194 834 οἱονεί
3223 798 3348 836 τινα
3385 783 3487 854 τῆς
3512 784 3689 854 γονί-

2081 886 2181 941 μου
2220 868 2435 938 φύσεως
2460 870 2617 941 χνοῦν
2646 874 2767 936 ταῖς
2805 874 2992 944 χερσὶν
3014 874 3297 945 ἀράμενοι.
3324 876 3528 949 Δένδρα
3561 878 3687 949 μὲν

2074 960 2185 1032 γὰρ
2219 961 2283 1033 δὴ
2330 961 2436 1033 πρὸ
2475 961 2630 1027 ζώων
2662 963 2930 1017 ἀνέδωκεν
2970 967 3004 1036 ἡ
3057 966 3163 1038 γῆο
3197 967 3304 1020 τῶν
3345 968 3582 1041 δένδρων
3608 970 3689 1024 δὲ

2074 1051 2208 1105 πολὺ
2231 1052 2465 1125 πρόσθεν
2494 1055 2595 1126 τὴν
2629 1056 2880 1109 ἐπέτειον
2907 1058 3197 1129 γινομένην
3228 1060 3364 1112 πόαν
3383 1077 3400 1092 ⁸
3432 1056 3499 1132 ἧς
3541 1061 3693 1134 δρε-

2079 1145 2304 1214 πόμενοι
2338 1146 2511 1215 φύλλα
2538 1147 2633 1200 καὶ
2660 1146 2835 1219 ῥίζας,
2866 1149 2961 1202 καὶ
2983 1150 3112 1212 τοὺς
3141 1150 3298 1215 ὅλους
3316 1152 3415 1223 τῆς
3441 1151 3686 1222 φύσεως

2073 1235 2254 1290 αὐτῶν
2303 1236 2568 1308 βλαστοὺς
2631 1240 2923 1293 κατέκαιον
2948 1278 2966 1304 ,
3023 1240 3196 1313 ταύτῃ
3229 1243 3358 1305 τοὺς
3399 1244 3687 1315 φαινομέ-

2074 1345 2200 1393 νους
2246 1331 2532 1403 οὐρανίους
2598 1331 2754 1396 θεοὺς
2810 1336 2876 1404 τῇ
2931 1333 3093 1404 θυσίᾳ
3141 1335 3474 1406 δεξιούμενοι
3499 1377 3514 1401 ,
3570 1337 3692 1392 καὶ

2073 1416 2171 1471 τοῦ
2209 1419 2381 1492 πυρὸς
2411 1420 2548 1492 (29‘)
2585 1419 3074 1486 άπαθανατίζοντες
3114 1425 3296 1488 αὐτοῖς
3322 1425 3422 1490 τὰς
3475 1428 3685 1497 τιμάς.

2075 1508 2299 1573 Τούτοις
2355 1510 2464 1582 γὰρ
2514 1510 2612 1565 καὶ
2663 1511 2725 1565 τὸ
2774 1512 2887 1583 πῦρ
2940 1512 3236 1584 ἐφύλαττον
3290 1516 3557 1571 ἀθάνατον
3613 1521 3689 1574 ἐν

2074 1603 2191 1665 τοῖς
2257 1602 2457 1674 ἱεροῖς,
2517 1602 2594 1668 ὡς
2639 1603 2700 1659 δν
2762 1605 2998 1676 μάλιστα
3064 1607 3248 1672 αὐτοῖς
3319 1611 3679 1680 ὁμοιότατον.

2087 1691 2184 1748 Ἐκ
2217 1693 2276 1747 δὲ
2303 1694 2403 1765 τῆς
2432 1694 2744 1767 θυμιάσεως
2771 1695 2880 1750 τῶν
2912 1697 3020 1751 ἀπὸ
3055 1698 3179 1770 γῆς,
3209 1702 3567 1770 θυμιατήριά
3607 1720 3684 1755 τε

391 1794 571 1865 ginem
622 1791 877 1846 manibus
900 1778 1183 1844 sublatam
1238 1787 1522 1843 oﬁ‘erebat.
1566 1787 1776 1857 Quippe
1828 1788 1962 1842 enim

2100 1784 2323 1851 ικάλουν,
2357 1786 2453 1840 καὶ
2479 1786 2541 1840 τὸ
2569 1788 2755 1853 θύειν,
2783 1787 2959 1842 καὶτὸ
2989 1787 3277 1844 θυσιάσαι
3301 1808 3315 1821 ⁸
3346 1791 3381 1846 ἃ
3413 1792 3474 1864 δὴ
3499 1795 3685 1864 ἡμεῖς

392 1886 605 1955 priores
649 1880 1019 1936 animantibus
1052 1880 1298 1945 arbores,
1348 1877 1628 1947 multoque
1661 1886 1787 1932 ante
1827 1877 1976 1947 ipsas

388 1991 614 2047 gramen
640 1989 884 2029 annuum
925 1981 1073 2028 terra
1112 1972 1439 2042 procreavit,
1477 1971 1635 2041 cujus
1669 1970 1799 2025 folia
1823 1969 1974 2025 radi-

388 2082 592 2137 cesque
635 2071 919 2134 carpentes
959 2077 1083 2117 cum
1130 2061 1357 2131 integris
1389 2075 1577 2114 eurum
1609 2068 1817 2115 naturae
1845 2074 1973 2129 ger-

388 2160 632 2215 minibus
677 2166 888 2212 veteres
919 2156 997 2211 illi
1035 2153 1467 2217 comburebant,
1502 2166 1678 2222 eoque
1718 2151 1972 2208 sacriﬁcii

390 2266 623 2321 genere,
662 2249 757 2320 qui
799 2248 1052 2304 caelestes
1107 2246 1183 2301 dii
1236 2245 1594 2311 videbantur,
1642 2244 1746 2300 sibi
1787 2244 1975 2299 conci-

388 2344 638 2408 liabant,
688 2348 861 2412 atque
920 2339 1294 2409 sempiternos
1340 2336 1483 2406 ignis
1530 2336 1769 2391 honores
1825 2336 1974 2405 ipso-

389 2451 512 2491 rum
545 2434 817 2489 divinitati
847 2430 1263 2489 consecrabant.
1297 2427 1432 2484 Nam
1469 2429 1577 2484 illis
1604 2429 1766 2484 etiam
1796 2429 1975 2500 ignem

392 2527 795 2584 conservabant
846 2525 963 2581 suis
1009 2524 1065 2579 in
1117 2524 1332 2594 templis
1380 2523 1781 2589 immortalem,
1828 2521 1975 2592 quod

386 2620 580 2676 iisdem
616 2618 927 2674 simillimus
950 2632 1071 2673 esse
1096 2616 1389 2672 videretur.
1471 2615 1581 2686 29
1616 2612 1881 2670 Caeterum
1908 2629 1977 2669 ex

387 2706 480 2760 illa
527 2720 707 2759 rerum
733 2743 749 2771 ,
782 2719 921 2775 quas
965 2713 1111 2759 terra
1162 2704 1530 2774 produxerat,
1575 2702 1981 2775 ἀναθυμιάσει,

387 2797 487 2851 has
522 2796 752 2851 subinde
774 2811 937 2853 voces
965 2795 1326 2867 θυμιατήρια,
1350 2793 1520 2859 θύειν,
1538 2794 1791 2849 θυσιάσαι
1815 2794 1981 2850 οῐίὶηέ

386 2897 619 2953 xerunt,
657 2889 858 2959 quibus
904 2890 1008 2944 nos
1051 2888 1281 2959 perinde
1308 2902 1374 2942 ac
1406 2886 1454 2942 si
1500 2901 1701 2941 novum
1736 2891 1838 2942 hoc
1869 2887 1976 2940 im-

384 2979 672 3050 probitatis
706 2995 877 3050 genus
910 2979 1318 3049 signiﬁcarent,
1367 2979 1544 3032 alieno
1594 2977 1756 3047 plane
1813 2991 1976 3032 sensu

387 3071 687 3134 abutimur,
708 3070 837 3125 dum
872 3070 1122 3125 fallacem
1150 3071 1295 3124 hunc
1323 3069 1560 3135 cultum,
1592 3068 1687 3139 qui
1734 3069 1976 3123 animan-

385 3162 524 3215 tium
557 3161 928 3216 immelatione
957 3162 1258 3231 perﬁcitur,
1289 3159 1478 3213 θυσίαν
1508 3159 1859 3231 appellamus.
1890 3160 1969 3215 Ac

384 3252 799 3325 prisci-quidem
835 3252 913 3307 illi
942 3253 1225 3316 homines,
1261 3247 1330 3307 ne
1369 3250 1500 3322 quid
1533 3252 1792 3306 adversus
1821 3250 1970 3306 hunc

386 3347 554 3399 ritum
594 3355 933 3413 peccaretur,
974 3352 1125 3398 tanto
1170 3342 1351 3398 studio
1396 3350 1655 3412 tantaque
1694 3341 1969 3412 diligentia

385 3436 778 3509 providebant.
805 3444 867 3490 ut
911 3434 1056 3505 quod
1097 3435 1153 3489 in
1201 3451 1330 3501 eos,
1364 3435 1489 3505 qui,
1538 3433 1740 3504 rejecto
1790 3443 1971 3489 vetere

385 3527 634 3583 instituto
666 3542 869 3582 novum
902 3525 1122 3595 aliquod
1157 3525 1504 3589 inveherent,
1538 3524 1829 3596 ὴράσαντο,
1865 3524 1971 3579 hoc

384 3628 470 3674 est
497 3618 646 3674 diras
685 3617 1060 3685 eﬁ‘underent,
1108 3615 1377 3688 ἀρώματα
1416 3616 1487 3671 τὰ
1529 3614 1882 3687 θυμιώμενα,
1917 3615 1972 3670 id

384 3722 469 3767 est
494 3710 800 3767 sufﬁtiones
834 3711 1003 3782 ipsas,
1059 3709 1478 3781 imprecationes
1498 3708 1754 3778 dirasque
1795 3706 1973 3761 nomi-

386 3812 599 3858 narent.
642 3823 661 3856 ι
695 3802 909 3870 Quibus
928 3843 943 3870 ,
975 3809 1101 3873 post
1129 3801 1234 3858 alia
1264 3800 1513 3872 quaedam
1536 3841 1550 3866 ,
1579 3800 1693 3855 haec
1715 3799 1967 3869 subjicit:

391 3915 411 3946 ι
460 3893 557 3950 Ubi
592 3903 772 3950 autem
820 3895 927 3950 illae
959 3893 1352 3950 sacriﬁciorum
1396 3891 1651 3963 primitiae
1696 3890 1751 3945 in
1795 3891 1971 3961 majo-

2076 1874 2154 1939 ὡς
2185 1874 2285 1947 τὴν
2328 1875 2561 1948 ὑστέραν
2603 1876 2982 1950 πλημμέλειαν
3024 1881 3358 1950 σημαίνοντα
3386 1883 3518 1956 ('50),
3565 1885 3689 1938 οὐκ

2076 1970 2253 2042 ὀρθῶς
2296 1969 2650 2043 ἐξακούομεν,
2686 1971 2786 2043 τὴν
2825 1971 2915 2025 διὰ
2944 1971 3055 2025 τῶν
3089 1971 3242 2038 ζώων
3274 1974 3534 2051 δοκοῦσαν
3570 1977 3682 2030 θε-

2081 2065 2311 2136 ραπείαν
2340 2064 2630 2130 καλοῦντες
2653 2065 2864 2120 θυσίαν.
2900 2067 3164 2121 Τοσοῦτον
3183 2068 3241 2123 δὲ
3268 2070 3380 2133 τοῖς
3410 2070 3683 2134 παλαιοῖς

2075 2154 2169 2210 τοῦ
2214 2157 2289 2229 μὴ
2329 2157 2690 2230 παραϐαίνειν
2737 2157 2799 2212 τὸ
2842 2159 2963 2224 ἔθος
2998 2160 3210 2232 ἔμελεν,
3247 2160 3323 2224 ώς
3366 2162 3509 2215 κατὰ
3552 2163 3683 2217 τῶν

2077 2245 2439 2301 ἐκλειπόντων
2489 2249 2551 2302 τὸ
2596 2249 2841 2321 ἀρχαῖον,
2889 2251 3291 2320 ἐπεισαγόντων
3346 2252 3403 2305 δὲ
3451 2253 3677 2325 ἕτερον,

2075 2339 2475 2411 ἀρασαμένους,
2517 2340 2785 2412 ἀρώματα
2818 2340 2886 2395 τὰ
2923 2341 3244 2414 θυμιώμενα
3290 2345 3683 2415 προσαγορεῦ-

2079 2449 2187 2486 σαι.
2226 2451 2244 2484 ι
2289 2431 2472 2486 Ταῦτα
2502 2433 2693 2497 εἰπὼν,
2735 2434 2979 2503 ἐπιλέγει
3020 2434 3141 2506 μεθ’
3175 2435 3368 2508 ἔτερα·
3406 2456 3426 2487 ι
3465 2436 3684 2510 Πόρῤω

2076 2524 2134 2578 δὲ
2179 2525 2286 2580 τῶν
2324 2525 2453 2597 περὶ
2498 2524 2597 2590 τὰς
2639 2525 2831 2590 θυσίας
2879 2528 3142 2598 ἀπαρχῶν
3193 2530 3306 2591 τοῖς
3350 2527 3679 2599 ἀνθρώποις

2078 2616 2383 2689 προϊουσῶν
2430 2617 2798 2689 παρανομίας,
2835 2620 2868 2689 ἡ
2915 2618 3022 2673 τῶν
3055 2618 3373 2674 δεινοτάτων
3403 2618 3681 2690 θυμάτων

2078 2708 2393 2781 παράληψις
2434 2709 2734 2782 ἐπεισήχθη
2767 2709 3050 2781 ὠμότητος
3085 2711 3299 2783 πλήρης
3320 2727 3335 2741 ·
3378 2710 3453 2774 ὡς
3484 2711 3681 2765 δοκεῖν

2076 2799 2175 2863 τὰς
2198 2799 2430 2873 πρόσθεν
2455 2799 2739 2870 λεχθείσας
2771 2799 2893 2853 καθ’
2924 2800 3081 2870 ἡμῶν
3108 2801 3247 2872 ἀρὰς
3280 2799 3375 2854 νῦν
3401 2800 3556 2864 τέλος
3582 2803 3678 2854 εί⁹

2076 2889 2326 2960 ληφέναι,
2379 2890 2699 2959 σφαξάντων
2739 2890 2850 2943 τῶν
2888 2889 3210 2963 ἀνθρώπων,
3246 2891 3343 2945 καὶ
3387 2895 3515 2954 τοὺς
3550 2889 3677 2960 βω-

2080 2983 2217 3052 μοὺς
2259 2980 2625 3051 αἱμαξάντων.
2669 3000 2689 3033 ι
2745 2980 2994 3037 Τοσαῦτα
3036 2982 3132 3035 καὶ
3171 2984 3199 3035 6
3231 2982 3561 3054 Πορφύριος,
3602 2983 3677 3037 οὐ

2081 3072 2280 3142 μᾶλλον
2322 3072 2355 3144 ἢ
2397 3074 2426 3125 6
2472 3072 2834 3144 Θεόφραστος.
2875 3073 3327 3145 Ἐπισφράγισμα
3363 3073 3457 3127 τοῦ
3497 3074 3676 3142 λόγου

2074 3164 2268 3233 γένοιτ’
2296 3163 2362 3217 ἂν
2391 3165 2523 3235 ἡμῖν
2554 3167 2582 3218 6
2615 3165 2839 3220 Πλάτων
2862 3166 2921 3219 ἐν
2953 3167 3259 3234 Κρατύλῳ,
3291 3165 3524 3237 πρόσθεν
3549 3165 3674 3219 τῶν

2076 3254 2380 3325 εἰρημένων
2432 3253 2580 3326 αὐτῷ
2618 3257 2748 3327 περὶ¹
2796 3255 2907 3308 τῶν
2949 3256 3236 3326 Ἑλλήνων,
3289 3249 3394 3309 ὧδέ
3434 3273 3508 3327 πη
3555 3255 3674 3323 φά-

2078 3361 2223 3398 σκων
2266 3345 2402 3416 πρὸς
2436 3346 2586 3416 ῥῆμα
2607 3363 2621 3377 ο
2677 3365 2696 3398 ι
2744 3346 3026 3400 Φαίνονταί
3075 3364 3162 3417 μοι
3208 3350 3259 3400 οί
3297 3346 3500 3418 πρῶτοι
3548 3349 3671 3402 τῶν

2076 3432 2379 3505 ἀνθρώπων
2433 3435 2543 3487 τῶν
2590 3436 2718 3508 περὶ
2760 3437 2858 3507 τὴν
2904 3436 3148 3501 Ἐλλάδα,
3195 3438 3416 3502 τούτους
3464 3439 3673 3508 μόνους

2078 3523 2236 3588 θεοὺς
2283 3525 2555 3595 ἡγεῖσθαι,
2588 3526 2792 3600 οὕσπερ
2825 3527 2922 3582 νῦν
2969 3528 3153 3582 πολλοὶ
3196 3528 3305 3582 τῶν
3346 3528 3669 3601 βαρϐάρων,

2075 3615 2226 3686 ἥλιον
2256 3618 2349 3670 καὶ
2382 3617 2629 3690 σελήνην,
2659 3620 2751 3673 καὶ¹
2773 3620 2898 3690 γῆν,
2934 3620 3027 3673 καὶ
3060 3619 3256 3690 ἄστρα,
3283 3620 3377 3673 καὶ
3397 3620 3630 3691 οὐρανόν
3648 3636 3671 3653 ο

2077 3707 2172 3761 ἆτε
2205 3703 2299 3762 οὖν
2344 3708 2482 3762 αὐτὰ
2524 3709 2759 3779 ὁρῶντες
2792 3710 2970 3763 πάντα
3016 3710 3103 3763 ἀεὶ
3146 3710 3293 3763 ἰόντα
3336 3709 3519 3782 δρόμῳ
3565 3709 3673 3764 καὶ

2077 3799 2290 3864 θέοντα,
2320 3800 2430 3853 ἀπὸ
2473 3800 2681 3871 ταύτης
2717 3801 2815 3871 τῆς
2848 3800 3062 3869 φύσεως
3097 3801 3197 3873 τῆς
3237 3800 3332 3854 τοῦ
3362 3800 3476 3858 θεῖν
3522 3800 3672 3873 (51),

2076 3890 2230 3955 θεοὺς
2263 3893 2460 3955 αὐτοὺς
2493 3893 2848 3963 ἐπονομάσαι.
2895 3911 2914 3944 δ

385 4001 500 4042 rem
536 3987 868 4057 impietatem
899 3987 1185 4041 hominum
1231 3986 1366 4041 vitio
1397 3984 1809 4056 prorupissent,
1862 3984 2077 4039 tandem
2121 4001 2255 4043 usus
2289 3987 2693 4042 teterrimarum
2770 3987 3122 4041 victimarum
3183 3988 3503 4045 crudelitate
3542 3989 3666 4060 ple-

384 4100 488 4139 nus
526 4081 788 4147 invaluit,
827 4088 888 4135 ut
929 4094 1068 4150 quas
1119 4080 1244 4134 ante
1284 4086 1577 4148 conceptas
1623 4086 1872 4133 nostrum
1947 4078 2003 4133 in
2042 4090 2202 4150 caput
2243 4081 2661 4150 imprecationes
2726 4081 2997 4141 diximus.
3027 4096 3094 4137 ex
3136 4082 3239 4138 hoc
3271 4084 3488 4138 demum
3520 4092 3669 4138 tem-

382 4190 548 4247 pore,
593 4187 704 4243 quo
750 4172 1000 4228 homines
1031 4171 1136 4242 ipsi
1166 4170 1318 4227 vivas
1343 4184 1410 4226 ac
1443 4170 1714 4241 spirantes
1779 4171 2085 4228 animantes
2126 4172 2410 4245 iugulant,
2477 4188 2778 4243 earumque
2820 4176 3087 4245 sanguine
3133 4175 3326 4231 altaria
3367 4183 3666 4234 cruentam

457 4332 720 4413 _(29)~Kal
751 4328 992 4413 πλάνης
1012 4327 1374 4413 ἐρευνητὴς,
1405 4327 1814 4413 ειμλΡοτρΙιγτ.
1854 4330 1959 4413 leg.

2068 4331 2300 4399 dixerat,
2313 4332 2544 4388 Athenis
2572 4332 2957 4401 magistratum
2987 4332 3485 4389 extraordinarium
3514 4335 3663 4393 fuis-

383 4399 482 4485 ,ξαῖ
513 4399 703 4467 ταῦτα,
740 4401 948 4485 πλάνης
975 4400 1308 4485 κλιμακτὴρ,
1330 4401 1418 4485 δτε
1448 4399 1884 4485 ἄνθρωποξγπ.
1998 4406 2044 4462 D
2070 4417 2169 4485 se_,
2215 4404 2577 4485 alamannia;
2641 4399 2963 4485 ἀδικοῦντάς
3008 4420 3063 4456 τι
3116 4403 3351 4485 δημοσίᾳ
3405 4405 3513 4485 δέοι
3557 4407 3663 4479 ζη-

386 4475 441 4542 ζ.
486 4493 544 4547 μ.
580 4491 641 4547 ξπ.
677 4492 734 4547 π.
771 4489 827 4547 κ.
869 4470 1139 4547 δακρύων,
1187 4470 1444 4547 σταγόνος
1494 4470 1699 4547 τούτω-ν
1749 4473 1960 4547 ἀπῄρξ,

387 4536 626 4602 Consule
659 4544 703 4597 si
751 4542 928 4613 placet
956 4536 1222 4613 Porphyr.
1252 4536 1621 4610 interpretem.
1646 4536 1962 4613 Eusebia'na

390 4626 536 4673 certe
567 4629 691 4669 cum
723 4611 905 4673 lectio,
942 4620 1057 4665 tum
1094 4611 1394 4675 distinctio,
1427 4612 1727 4666 correctior
1747 4611 1963 4665 videtur

387 4697 443 4743 et
466 4686 662 4742 clarior
688 4702 702 4738 :
731 4690 941 4737 tantum
969 4694 1157 4734 vocem
1188 4682 1504 4751 ἐρευνητὴς,
1535 4689 1792 4751 tanquam
1818 4681 1964 4749 glos-

390 4773 539 4814 sema
584 4754 815 4809 libenter
863 4750 1251 4820 expunxerim’;
1286 4750 1499 4821 μαστὴρ
1528 4750 1672 4804 enim
1703 4750 1754 4805 id
1784 4752 1960 4820 ipsum

388 4837 470 4885 est
501 4823 646 4896 quod
681 4819 993 4896 speuv-q'rﬁg.
1019 4821 1113 4875 sed
1144 4819 1342 4896 rarius.
1376 4819 1964 4896 HeSychiusagnoscit

392 4891 681 4970 μαστεύειν
712 4891 1256 4970 εικματεῖνζεμαστῄρ
1284 4899 1338 4944 et
1369 4893 1570 4962 ματήρ,
1602 4891 1744 4970 unde
1769 4899 1824 4970 et
1857 4907 1963 4970 μα-

388 4958 746 5040 ιὶηρεύεινηδ
767 4958 968 5033 ζητεῖν.
993 4958 1666 5040 ᾗὸιξῃάἰὶιηλγετοίῃυοό
1709 4963 1776 5040 de
1802 4958 1965 5040 hujus

390 5030 546 5093 vo'cis
580 5030 862 5089 notatione
896 5030 1061 5101 tradit
1093 5030 1264 5101 Clem.
1296 5030 1560 5101 Alexand.
1598 5030 1817 5101 Pwdag.
1843 5032 1892 5083 -l.
1921 5047 1959 5096 ι,

389 5122 443 5165 c.
474 5107 526 5162 7.
553 5105 696 5160 Cum
741 5103 886 5157 enim
939 5100 1187 5165 dixisset,
1236 5099 1541 5171 infantibus
1589 5099 1965 5171 ιιοὺὶεζάμέλ-

388 5193 547 5249 γουσι
589 5175 682 5249 τὸν
718 5174 888 5249 Λόγον
917 5171 1026 5249 τῶν
1054 5169 1318 5249 ούρανῶν,
1347 5170 1657 5249 a_lt'm_entum
1690 5169 1961 5249 Christum

390 5240 535 5311 esse,
565 5240 882 5316 subjungit:
931 5240 1207 5316 Ἐντεῦθεν
1252 5241 1323 5316 τὸ.
1361 5240 1626 5316 ζητῇσαι,
1664 5240 1962 5316 μαστεῦσαι

391 5308 909 5382 καλεῖται,’ὂτι’τοίς
931 5308 1159 5383 ζητοῦσι
1191 5308 1524 5383 νηπίοιςτὸν
1555 5308 1747 5383 Λόγον,
1776 5314 1830 5365 αἱ
1866 5329 1965 5383 πα-

392 5388 580 5455 τρικαὶ
623 5386 722 5455 τῆς
767 5381 1672 5455 stAaveek-Jeiacﬁnm1091179?“
1713 5383 1775 5455 τὸ
1798 5381 1957 5455 γάλαε

444 5473 515 5512 ox
545 5465 628 5511 est
662 5451 1009 5524 Xenophonti
1055 5451 1360 5524 familiaris.
1381 5451 1516 5505 lnde
1561 5453 1852 5524 Μαστῆρες
1884 5453 1961 5524 illi

394 5543 536 5598 quos
566 5523 920 5598 Harpocratio
947 5524 1171 5598 coniicit
1207 5523 1382 5598 άρχήν
1418 5523 1741 5598 frwajuisse
1765 5523 1963 5598 ἀποδεῖ

392 5591 694 5669 δειγμένην
725 5596 817 5669 ἐπὶ
975 5591 1260 5669 ζητεῖν-τᾶ
1282 5591 1444 5647 ’κοινὰ
1486 5591 1579 5646 τοῦ
1603 5592 1841 5669 ,δημουη
1866 5593 1962 5669 qui

397 5662 541 5738 apud
567 5662 831 5722 Pellenios
850 5662 1097 5738 Μάστροι
1127 5664 1555 5738 dicereritur,_ex
1587 5662 1876 5738 Ari‘Stotele
1904 5664 1961 5718 in

393 5732 756 5801 Pelleniorum
803 5749 916 5807 rep.
947 5732 1212 5808 Ζητητάς,
1245 5735 1386 5792 idem
1436 5732 1792 5806 Harpocratio
1831 5743 1959 5791 ante

2067 5615 2207 5664 cum,
2245 5598 2354 5664 no‘p

2067 5615 2207 5664 cum,
2245 5613 2354 5651 nor
2385 5613 2614 5655 antuuu,
2651 5613 2782 5647 unm

2067 5684 2156 5723 ναι
2186 5613 2362 5725 πάντὲ
2389 5658 2482 5720 ἐπὶ
2509 5662 2797 5735 ἀσφαλείᾳ.

2069 4473 2368 4543 camillum
2398 4472 2635 4528 Rouran.
2661 4475 2995 4543 qumsitorib.
3037 4472 3273 4528 conferri
3303 4472 3532 4543 possint.

2143 4542 2276 4613 (29')
2312 4530 2423 4597 Kal
2453 4543 2562 4597 τοῦ
2593 4530 2801 4610 πυρός.
2830 4542 3096 4612 Porphyr.
3129 4543 3225 4597 lib.
3256 4530 3420 4607 ι,’καὶ
3439 4530 3529 4599 διά
3554 4547 3658 4602 τοῦ

2070 4614 2243 4682 πυρός
2265 4630 2280 4644 θ
2320 4625 2613 4681 utrumque
2643 4614 2861 4681 probari
2896 4621 3092 4682 potest,
3126 4613 3220 4667 sed
3256 4616 3530 4682 posterius
3561 4617 3653 4670 in-

2070 4684 2535 4764 tellectunfaciliqs
2563 4684 2775 4763 videtur
2800 4693 3020 4764 :POHIIS
3048 4684 3193 4764 enim
3227 4698 3320 4752 per
3366 4688 3544 4764 ignem
3585 4687 3657 4742 il-

2071 4754 2181 4807 lum
2229 4753 2511 4816 ᾰσϐεστονζ
2540 4768 2703 4822 quam
2740 4753 3025 4823 ipsiusmct
3059 4753 3233 4823 gignis,
3287 4753 3656 4823 sempiternos

2070 4825 2175 4877 diis
2204 4825 2438 4878 honores
2474 4820 2802 4877 tribuebant.
2838 4822 2941 4877 Sed
2972 4820 3268 4889 ἐφύλαττον
3296 4820 3648 4882 retinendum

2070 4904 2173 4959 est,
2209 4894 2334 4948 licet
2364 4893 2629 4962 Porphyr.
2682 4893 2844 4963 legat
2911 4891 3287 4963 φυλάττωμεν,
3316 4909 3446 4949 nam
3480 4898 3654 4963 paulo

2070 4973 2198 5018 ante
2223 4963 2427 5028 ἔκαιον,
2460 4961 2568 5016 non
2600 4961 2848 5032 καίομεν.
2925 4961 2931 4962 ⁷
3126 5031 3129 5032 ν
3170 4961 3178 4963 ⁷
3496 4962 3499 4965 “

2143 5035 2253 5105 (50)
2294 5034 2687 5105 inpulverea.
2732 5030 2894 5105 Yera,
2939 5040 2998 5086 ut
3047 5031 3261 5101 opinor,
3308 5033 3654 5094 lectioznon

2073 5101 2318 5177 ut'ap'ud
2368 5103 2633 5177 Porphyr.
2666 5101 3006 5177 ἐκβαίνοντα,
3034 5116 3194 5177 quem
3247 5104 3426 5177 locum
3455 5120 3654 5177 vere-or

2072 5171 2237 5229 etiam
2287 5183 2347 5228 ut
2399 5171 2668 5241 interpres
2701 5172 2819 5234 ἃλις
2854 5172 2919 5224 ἂν
2949 5171 3312 5236 ἐξακούσειεν.
3362 5173 3475 5229 Hac
3527 5171 3651 5241 ipsa

2069 5245 2137 5299 de
2174 5260 2231 5299 re
2274 5245 2415 5299 idem
2450 5243 2713 5313 Purphyr.
2747 5244 2851 5297 sub
2884 5242 2978 5296 lib.
3011 5257 3047 5297 ιι
3080 5242 3200 5309 ﬁn.,
3232 5258 3286 5313 p.
3313 5244 3419 5298 250
3451 5252 3505 5299 et
3537 5242 3641 5301 251

2069 5330 2225 5370 novae
2251 5314 2524 5369 editionis.

2141 5386 2252 5457 (δι)
2300 5383 2408 5457 Τοῦ
2444 5382 2586 5457 aegr.
2624 5380 2878 5457 llerodot.
2911 5382 3005 5437 lib.
3035 5384 3073 5457 ιι
3100 5385 3358 5457 Pelasgos
3386 5383 3463 5438 ait
3488 5384 3651 5450 θεοὺς

2069 5452 2492 5530 προσονομάσαι,
2512 5454 2592 5530 δτι
2612 5452 3002 5530 κόσμῳ-θέντες
3020 5454 3088 5530 τά
3112 5452 3289 5530 πάντα
3319 5456 3646 5530 πράγματα,

2069 5521 2161 5581 κάι
2190 5521 2372 5589 πάσας
2402 5523 2575 5598 νομάς
2603 5521 3167 5598 εἶχονίᾟιοορὴίιυε,
3194 5526 3225 5578 l.
3263 5541 3280 5580 ι
3310 5521 3382 5598 ad
3409 5521 3643 5598 Altitqu-

2385 5596 2614 5669 abludit,
2651 5596 2782 5669 dum
2814 5594 2887 5649 ita
2913 5594 3088 5650 dictos
3120 5596 3218 5658 ait,
3249 5595 3400 5669 παρὰ
3433 5595 3494 5650 τὸ
3531 5594 3644 5652 0i!-
