3798 6220
144 357 194 413 59
1195 333 1523 392 PRA‘IPAR.
1561 330 1814 387 EVANG.
1853 327 1982 384 LIB.
2023 325 2065 382 l.
3261 319 3330 379 70

139 476 296 530 exitum
326 467 511 524 sortitae
548 462 848 516 videantur.
893 476 912 509 ι
946 457 1073 510 Haec
1106 453 1221 524 ipse
1260 466 1478 522 quoque
1521 447 1877 519 Porphyrius,
1907 459 2009 500 nec
2065 456 2166 498 suo
2202 439 2379 512 magis
2445 453 2610 510 quam
2637 435 2998 508 Theophrasti
3045 449 3140 491 ore
3191 450 3336 491 com.

138 527 362 621 ernorat.
392 558 534 611 Plato
597 553 831 621 denique
872 562 1176 605 sermonem
1209 545 1356 599 hunc
1424 542 1582 596 nobis
1624 539 1967 595 auctoritatis
2016 551 2130 591 sua:
2166 535 2332 588 veluti
2380 533 2558 603 sigillo
2619 530 2930 587 concludat.
2974 528 3025 583 Is
3079 527 3224 582 enim
3282 544 3339 584 tn

137 655 306 725 Cratglo
338 664 446 704 ante
471 663 530 700 ea
555 661 680 714 qua:
706 645 773 698 de
807 641 1012 696 Grrecis
1053 638 1186 708 ipsis
1231 637 1499 704 disputat,
1543 633 1624 688 sic
1662 632 1728 685 ad
1764 630 1987 684 verbum
2053 625 2297 697 loquitur
2331 643 2344 680 :
2389 643 2406 676 ‹
2447 623 2576 676 Mihi
2594 622 2822 725 ‘quidem
2863 621 2938 674 illi
2978 621 3227 725 homines
3259 623 3340 677 vi"

136 715 304 807 dentur,
327 741 408 810 qui
439 738 700 792 Graeciam
739 734 901 804 primi
929 738 1255 795 tenuerunt,
1303 743 1397 782 eos
1439 735 1648 780 tantum
1691 725 1823 778 deos
1881 721 2190 783 censuisse,
2222 734 2360 788 quos
2422 733 2568 771 nunc
2594 715 2950 770 barbarorum
2979 715 3222 785 plerique
3242 730 3340 770 co-

136 841 255 902 lunt,
277 835 419 891 solem
452 830 744 893 nimirum,
777 828 963 881 lunam
990 867 1006 893 ,
1035 834 1231 879 terram
1253 862 1268 888 ,
1338 832 1524 884 astra,
1572 821 1769 875 coelum
1799 838 1810 872 :
1845 831 1969 887 quae
2025 831 2152 873 cum
2197 814 2300 885 ipsi
2349 813 2593 868 viderent
2630 813 2812 867 omnia
2846 811 3142 867 continenti
3175 826 3341 870 cursu

137 931 264 992 ferri,
286 925 449 980 eadem
479 923 547 976 ab
576 923 667 976 illa
689 965 703 987 ,
733 920 828 974 τοῦ
859 920 994 983 θεῖν,
1028 923 1133 974 hoc
1163 932 1245 973 est
1269 932 1468 973 cursus
1496 915 1659 984 ejusu'

1809 921 2016 980 natura,
2049 914 2209 976 θεούς
2248 912 2379 963 deos
2407 907 2761 962 nominarint.
2804 925 2823 957 ι

189 1023 247 1074 Ae
269 1020 446 1089 primos
471 1017 591 1071 illos
623 1016 845 1086 quidem
881 1024 936 1069 et
968 1013 1367 1069 vetustissimos
1404 1011 1654 1065 homines
1687 1017 1731 1070 Α

135 1114 235 1168 nihil
258 1111 324 1164 rel
349 1112 396 1164 in
425 1109 637 1178 templis
665 1108 1034 1172 exstruendis,
1061 1108 1142 1160 vel
1177 1107 1230 1159 in
1251 1105 1534 1176 ,erigendis
1576 1104 1651 1157 si-

137 1202 338 1257 mulacris
366 1213 532 1268 Opera:
580 1212 645 1251 ac
681 1196 848 1250 studii
903 1195 1174 1264 posuisse,
1231 1208 1358 1248 cum
1418 1190 1649 1245 necdum

136 1296 219 1348 ista:
241 1290 484 1362 pingendi,
520 1287 784 1358 fingendi,
831 1287 1081 1351 caelandi,
1125 1295 1334 1340 statuas
1357 1282 1647 1345 efﬁciendi,

135 1404 182 1441 ac
199 1401 253 1439 ne
282 1386 452 1438 domos
500 1381 725 1451 quidem
773 1389 1028 1450 tectaque
1059 1377 1363 1432 aedificandi
1401 1385 1546 1430 artes
1569 1375 1650 1428 in-

133 1488 265 1532 venta!
282 1492 336 1531 ac
356 1475 656 1530 constitutae
672 1482 879 1536 essent,
909 1471 1104 1536 cuivis,
1130 1471 1344 1538 opinor,
1368 1485 1480 1523 rem
1507 1467 1648 1537 apud

135 1568 420 1637 seraputanti
448 1566 602 1620 facile
646 1565 943 1620 constabit.
981 1563 1133 1630 Quod
1186 1572 1370 1615 autem
1429 1576 1530 1614 nec
1567 1559 1650 1628 ip-

135 1674 296 1720 sorum,
320 1656 403 1726 qui
426 1656 497 1709 dii
523 1665 714 1725 postea
755 1655 837 1708 vel
864 1655 1057 1707 heroes
1085 1652 1335 1721 appellati
1366 1661 1514 1713 sunt,
1542 1652 1649 1704 ulla

133 1751 239 1818 apud
253 1749 443 1802 eosdem
475 1747 681 1801 mentio
710 1746 895 1810 fuerit;
915 1745 1168 1814 quodque
1191 1759 1291 1797 nec
1315 1741 1529 1806 Jovem,
1556 1750 1652 1796 aut

136 1841 391 1900 Saturnum,
421 1850 511 1891 aut
544 1835 886 1906 Neptunum,
925 1846 1017 1890 aut
1075 1836 1403 1904 Apollinem,
1435 1844 1528 1888 aut
1552 1833 1650 1888 Ju-

134 1947 305 1994 nonem,
325 1939 410 1983 aut
438 1928 738 1993 Palladem,
774 1941 864 1983 aut
892 1928 1187 1990 Bacchum,
1217 1936 1314 1982 aut
1341 1927 1507 1980 alium
1532 1941 1651 1980 om-

134 2026 232 2079 nino
267 2023 427 2088 deum,
460 2037 553 2076 seu
583 2038 710 2076 mas
747 2021 907 2083 foret,
933 2036 1027 2074 seu
1057 2019 1281 2085 femina,
1311 2019 1500 2088 quales
1529 2017 1652 2071 infi-

132 2118 207 2170 niti
230 2127 386 2185 postea
422 2130 542 2170 cum
575 2114 727 2183 apud
763 2113 1051 2176 barbaros,
1090 2121 1204 2166 tum
1249 2112 1393 2181 apud
1429 2110 1650 2166 (ἔπεσθε

135 2210 291 2276 passim
309 2208 636 2269 exstiterunt,
672 2214 1035 2276 agnoscerent
1077 2223 1088 2258 :
1125 2205 1255 2269 imo,
1293 2205 1439 2274 quod
1469 2204 1651 2258 nullus

136 2310 220 2352 tum
242 2300 358 2352 inter
404 2298 647 2352 homines
680 2313 778 2353 seu
811 2297 990 2352 bonus
1059 2311 1152 2351 seu
1211 2296 1390 2350 malus
1437 2295 1648 2350 daemon

135 2393 450 2454 celebraretur,
472 2391 563 2444 sed
589 2390 686 2442 illa
709 2397 915 2443 tantum
938 2403 1059 2458 qua:
1083 2389 1136 2441 in
1165 2389 1303 2444 caelo
1320 2395 1656 2457 apparebant
1689 2383 1730 2436 Β

135 2492 262 2546 astra,
287 2482 419 2552 παρά
441 2482 498 2533 τὸ
529 2481 702 2544 θέειν,
723 2481 774 2533 id
799 2488 883 2533 est
909 2495 936 2532 a
969 2480 1249 2545 currendo,
1273 2478 1430 2543 θεῶν,
1447 2479 1550 2532 hoc
1575 2486 1660 2533 est

135 2575 421 2643 30deorum
450 2589 675 2638 nomen,
727 2582 786 2627 ut
828 2573 1047 2641 ipsimet
1086 2573 1262 2632 aiunt,
1295 2571 1604 2626 obtinerent
1642 2589 1655 2624 :

138 2664 333 2733 denique,
361 2665 494 2734 quod
519 2680 586 2718 ne
614 2665 712 2718 illa
742 2665 964 2733 quidem
989 2664 1348 2717 animantium
1405 2662 1656 2715 immola-

140 2757 341 2819 tioaibus,
376 2767 462 2810 aut
487 2757 575 2819 iis,
606 2757 708 2826 qui
737 2765 921 2824 postea
955 2766 1084 2809 sunt
1111 2753 1424 2823 excogitati,
1471 2769 1661 2822 super-

143 2848 315 2902 stitiosis
361 2848 652 2902 honoribus
704 2848 1044 2913 colerentur;
1083 2862 1196 2899 non
1249 2847 1362 2915 jam
1412 2845 1662 2900 oratione

144 2948 299 3004 nostra,
330 2939 414 2993 sed
443 2939 753 2994 domestico
819 2937 1102 3008 gentilium
1138 2937 1387 3005 ipsorum
1420 2935 1662 2990 testimo-

145 3029 225 3088 nio,
250 3031 371 3098 quod
398 3041 595 3085 certam
647 3046 721 3084 ex
750 3030 970 3084 disertis
997 3044 1187 3084 eorum
1209 3029 1410 3092 verbis,
1433 3042 1662 3098 quaeque

143 3123 365 3175 enavimus
386 3132 558 3188 antea,
582 3138 822 3192 quaeque
849 3123 966 3176 suis
996 3129 1186 3190 postea
1228 3119 1362 3175 locis
1403 3119 1662 3188 subjicie-

147 3230 254 3277 mus,
292 3215 647 3282 probationem
707 3212 1040 3283 suppeditat,
1106 3213 1268 3280 plane
1307 3211 1651 3266 conficimus.

144 3303 398 3373 Quanquam
413 3306 601 3359 divinae
627 3305 797 3359 etiam
826 3303 1146 3358 Christianae
1165 3301 1444 3371 religionis
1473 3301 1664 3354 litterae

147 3394 219 3446 hoc
242 3395 389 3462 ipsum
412 3397 623 3458 docent,
659 3394 864 3463 quibus
896 3393 1228 3456 continetur,
1260 3391 1514 3462 gentibus
1539 3392 1664 3460 qui-

146 3484 233 3539 dem
248 3486 483 3541 universis
507 3502 729 3548 eorum,
747 3500 870 3554 qua:
897 3484 1000 3538 sub
1021 3491 1301 3553 aspectum
1337 3483 1560 3547 cadunt,
1589 3482 1665 3536 si-

147 3575 289 3630 derum
312 3580 609 3632 attributum
676 3578 836 3632 initio
869 3577 1076 3630 cultum
1113 3575 1302 3640 fuisse,
1359 3573 1454 3627 uni
1481 3583 1660 3626 autem

150 3662 318 3723 Hebraeo
341 3671 528 3739 populo
569 3669 910 3738 singularem
952 3669 1244 3737 quamdam
1292 3675 1347 3722 et
1403 3668 1662 3722 eximiam

149 3772 237 3810 cum
262 3759 402 3827 hujus
431 3761 673 3814 universi
700 3760 973 3814 effectoris
995 3775 1059 3813 ac
1086 3759 1356 3814 molitoris
1393 3758 1505 3822 Dei,
1547 3767 1661 3812 tum

149 3849 265 3901 etiam
287 3866 407 3904 vera“:
426 3852 691 3906 adversus
713 3866 839 3904 eum
867 3850 1082 3919 pietatis
1111 3849 1357 3904 notitiam
1392 3850 1662 3919 prazcipuo

151 3953 319 3993 unere
349 3943 712 4012 beneficioque
751 3957 1088 3997 concessam.
1118 3939 1299 4006 Quare
1326 3941 1469 3994 nulla
1505 3941 1664 4010 plane

153 4033 254 4098 apud
287 4036 678 4104 antiquissimos
726 4034 973 4088 homines
1023 4033 1137 4088 sive
1171 4032 1506 4097 Graecorum,
1549 4034 1663 4089 sive

154 4121 438 4179 barbarorum
467 4127 772 4197 theogonize
789 4125 1014 4190 mentio,
1033 4125 1218 4179 nullus
1248 4125 1660 4180 statuendorum

157 4214 498 4272 simulacrorum
520 4235 677 4282 usus,
699 4217 870 4281 nulla,
889 4233 1012 4286 quae
1037 4218 1206 4270 multa
1229 4231 1373 4270 nunc
1385 4217 1536 4271 estin
1559 4216 1660 4270 ista

155 4304 320 4359 deorum
335 4311 514 4377 partim
530 4310 990 4378 marium,partim
1011 4307 1334 4362 feminarum
1353 4308 1664 4377 appellatio-

157 4410 218 4460 ne,
233 4415 456 4468 nugarum
478 4405 712 4457 vanitas.
739 4399 849 4456 Nec
877 4402 1022 4455 enim
1054 4401 1199 4455 illius
1228 4401 1402 4454 aetatis
1427 4400 1664 4455 homini-

158 4485 228 4541 bus
237 4501 337 4545 nota
349 4501 511 4556 erant,
529 4509 655 4562 quae
678 4503 865 4563 postea
879 4508 943 4546 ex
960 4492 1270 4546 mortalium
1292 4491 1533 4560 ipsorum
1548 4499 1664 4544 tur-

158 4574 202 4627 ba
221 4580 348 4644 petita
360 4583 692 4652 conﬁctaque
713 4582 964 4648 nomina;
987 4583 1097 4636 imo
1120 4597 1188 4636 ne
1209 4583 1517 4636 deemonum
1548 4580 1664 4651 qui-

159 4666 243 4721 dem
261 4672 582 4740 spirituumve
603 4690 801 4730 sensus
816 4674 1135 4744 fugientium
1152 4675 1543 4738 invocationes,
1564 4689 1664 4730 nec

158 4759 345 4816 absurda:
374 4766 667 4837 ineptmque
695 4767 762 4821 de
791 4767 896 4822 diis
925 4776 979 4820 et
1010 4767 1268 4823 heroibus
1309 4766 1524 4829 fabulae,
1565 4781 1664 4821 nec

160 4863 414 4910 arcanarum
452 4867 504 4912 et
563 4857 916 4925 infandarum
961 4858 1326 4911 initiationum
1383 4857 1661 4930 mysteria,

159 4955 231 4996 nec
257 4947 400 5001 ullum
443 4950 664 5004 omnino
715 4948 1034 5017 multiplicis
1076 4964 1142 5004 ac
1182 4949 1392 5004 stolidae
1447 4964 1658 5014 eorum,

160 5034 227 5100 Qui
274 5041 419 5093 secuti
477 5052 638 5108 sunt,
695 5041 982 5095 hominum
1030 5039 1432 5109 superstitionis
1496 5040 1664 5094 vesti-

161 5121 270 5189 ἔίηιη
297 5130 612 5185 cernebatur.
655 5130 796 5185 Sunt
831 5132 948 5185 haec
983 5131 1246 5184 nimirum
1293 5131 1363 5184 ab
1414 5130 1655 5183 homini-

163 5212 532 5290 busexcogitata
585 5233 921 5290 commenta,
978 5230 1108 5277 sunt
1158 5221 1407 5275 mortalis
1457 5231 1666 5276 naturae

165 5308 369 5373 actiones,
391 5314 465 5368 vel
499 5315 674 5383 potius
701 5317 881 5384 turpis
919 5329 983 5369 ac
1008 5314 1228 5384 ﬂagitiis
1259 5313 1494 5369 .nerditze
1540 5315 1668 5368 vitae

1696 5087 1740 5142 D

166 5405 296 5462 artes,
327 5401 372 5455 id
400 5407 536 5472 quod
561 5407 706 5462 illius
735 5417 901 5462 etiam
939 5407 1110 5461 divini
1162 5406 1369 5459 oraculi
1417 5405 1522 5460 lide
1604 5419 1993 5478 compronatur

1841 1007 1981 1059 Ἀλλ’
2012 1006 2096 1061 ὅτι
2129 1005 2226 1076 μὲν
2253 1005 2301 1056 οἱ
2339 1002 2544 1074 πρῶτοι
2578 1004 2673 1056 καὶ
2702 1000 3051 1055 παλαιότατοι
3087 1002 3196 1055 τῶν
3241 1001 3341 1056 ἀν-

1759 1100 2014 1172 θρώπων,
2049 1097 2171 1151 οὔτε
2201 1095 2343 1151 ναῶν
2373 1094 2704 1165 οἰκοδομίαις
2726 1097 3032 1166 προσεῖχον,
3063 1093 3185 1148 οὔτε
3220 1092 3343 1159 ξοάυ

1759 1211 1864 1246 νων
1893 1189 2283 1262 ἀφιδρύμασιν,
2316 1187 2470 1243 οὔπω
2494 1188 2613 1242 τότε
2639 1187 2937 1258 γραφικῆς,
2970 1187 3089 1240 οὐδὲ
3123 1187 3342 1241 πλαστι-

1759 1287 1889 1357 κῆς,
1942 1285 1975 1355 ἢ
2031 1283 2364 1353 γλυπτικῆς,
2423 1281 2456 1351 ἢ
2515 1279 3082 1350 ἀνδριαντοποιητικῆς
3147 1279 3342 1349 τέχνης

1759 1381 2159 1454 ὲφευρημένης,
2197 1379 2318 1432 οὐδὲ
2347 1379 2451 1449 μὴν
2478 1376 2842 1447 οἰκοδομικῆς,
2875 1375 2996 1428 οὐδὲ
3027 1367 3345 1447 ἀρχιτεκτο-

1757 1479 1914 1547 νικῆς
1938 1472 2301 1542 συνεστώσης,
2331 1470 2492 1524 παντί
2524 1487 2600 1539 τῳ
2623 1465 2776 1539 οἶμαι
2801 1467 3227 1538 συλλογιζομένῳ
3249 1467 3346 1538 δῆ-

1757 1567 1847 1620 λον
1882 1563 2042 1618 εἶναι.
2077 1566 2197 1618 Ὅτι
2231 1563 2286 1616 δὲ
2327 1562 2446 1615 οὐδὲ
2478 1561 2585 1614 τῶν
2635 1560 2772 1631 μετά
2803 1561 2975 1614 ταῦτα
3021 1577 3344 1630 κατωνομα-

1760 1659 1970 1728 σμένων
2002 1655 2140 1710 θεῶν
2167 1673 2227 1709 τε
2257 1655 2352 1708 καὶ
2376 1653 2568 1725 ἡρώων
2599 1655 2782 1725 μνήμη
2815 1671 2899 1717 τις
2921 1657 3032 1717 τοῖς
3061 1654 3182 1707 τότε
3206 1670 3347 1725 παρ-

1757 1751 1843 1820 ῆν,
1863 1747 1974 1801 οὔτ’
2005 1745 2098 1802 οὖν
2123 1765 2206 1810 τις
2243 1742 2311 1817 ἦν
2329 1744 2519 1806 ἀὐτοῖς
2543 1743 2697 1808 Ζεὺς,
2734 1745 2792 1796 οὐ
2812 1743 3040 1816 Κρόνος,
3065 1745 3124 1798 οὐ
3157 1747 3348 1798 Ποσει-

1757 1842 1884 1906 δῶν,
1929 1842 2030 1896 οὐκ
2063 1840 2358 1902 Ἀπόλλων,
2405 1837 2501 1908 οὐχ
2536 1839 2704 1909 ’Ήρα,
2733 1837 2834 1890 οὐκ
2879 1837 3096 1907 Ἀθηνᾶ,
3131 1839 3191 1890 οὐ
3229 1837 3349 1892 Διό-

1757 1951 1936 1996 νυσος,
1973 1932 2095 1985 οὐδέ
2116 1950 2198 1996 τις
2229 1932 2414 2002 ἕτερος
2445 1930 2633 2002 θήλειά
2658 1949 2718 1984 τε
2747 1932 2840 1985 καὶ⁹
2864 1929 3039 2002 ἇῤῥην
3071 1929 3214 1995 Θεὸς,
3244 1925 3349 1986 οἷοι

1761 2025 1900 2096 μετά
1931 2024 2103 2077 ταῦτα
2140 2024 2321 2094 μυρίοι
2355 2023 2507 2094 παρά
2530 2040 2589 2074 τε
2619 2021 2913 2094 βαρϐάροις
2938 2023 3033 2074 καὶ
3062 2021 3343 2091 Ἕλλησιν,

1757 2117 1892 2172 ἀλλὰ
1925 2117 2045 2170 οὐδὲ
2091 2116 2301 2187 δαίμων
2341 2134 2423 2180 τις
2471 2116 2675 2183 ἀγαθὸς
2735 2114 2767 2185 ἢ
2805 2114 3004 2183 φαῦλος
3034 2115 3091 2165 ἐν
3136 2113 3347 2184 ἀνθρώ-

1759 2225 1880 2272 ποις
1905 2207 2266 2277 ἐθαυμάζετο,
2300 2207 2434 2276 μόνα
2457 2205 2512 2258 δὲ
2535 2205 2602 2258 τά
2630 2204 2928 2274 φαινόμενα
2957 2202 3062 2256 τῶν
3083 2203 3349 2274 οὐρανίων

1757 2301 1993 2371 ἄστρων,
2029 2298 2178 2370 παρά
2209 2298 2270 2352 τὸ
2315 2299 2491 2364 θέειν,
2521 2299 2658 2370 ὅπερ
2697 2298 2814 2353 ἐστὶ
2849 2296 3084 2367 τρέχειν,
3124 2295 3262 2348 θεῶν
3287 2311 3348 2348 τι

1759 2393 2155 2466 προσηγορίας,
2205 2391 2281 2455 ὡς
2324 2390 2477 2445 αὐτοί
2521 2407 2704 2460 φασιν,
2753 2388 3038 2459 ἐτύγχανε,
3085 2388 3178 2442 καὶ
3226 2387 3350 2442 οὐδὲ

1759 2484 1934 2538 ταῦτα
1965 2487 2088 2547 ταῖς
2118 2483 2204 2536 διὰ
2248 2481 2403 2546 ζώων
2444 2481 2678 2544 θυσίαις,
2705 2479 2798 2534 καὶ
2830 2481 2951 2542 ταῖς
3000 2477 3138 2549 μετὰ
3175 2476 3351 2533 ταῦτα

1763 2573 2200 2645 περινοηθείσαις
2242 2574 2428 2643 τιμαῖς
2467 2570 2850 2643 ὲθρησκεύετο,
2897 2571 2995 2639 οὐχ
3025 2568 3291 2640 ἡμέτερος
3322 2569 3351 2623 ὁ

1759 2664 1938 2734 λόγος,
1979 2664 2188 2717 οἴκοθεν
2219 2663 2275 2716 δὲ
2321 2664 2414 2716 καὶ
2445 2662 2502 2728 ἐξ
2547 2662 2726 2715 αὐτῶν
2770 2661 3037 2731 Ἐλλήνων
3079 2662 3112 2729 ἡ
3143 2677 3351 2731 μαρτυ-

1765 2755 1874 2827 ρία,
1923 2755 2009 2808 διὰ
2041 2755 2148 2806 τῶν
2182 2753 2617 2824 προτεθειμένων
2665 2751 2878 2820 φωνῶν,
2921 2751 3014 2804 καὶ
3057 2749 3164 2802 τῶν
3197 2745 3351 2814 αὖθις

1763 2846 1890 2916 ἑξῆς
1921 2844 2452 2916 παρατεθησομένων
2485 2843 2581 2913 τὴν
2614 2842 2888 2908 ἀπόδειξιν
2933 2842 3346 2912 παρασχομένη.

1763 2939 1933 2991 Τοῦτο
1977 2937 2033 2989 δὲ
2074 2938 2168 2989 καὶ
2208 2937 2257 2989 οἱ
2296 2936 2430 3007 ἱεροὶ
2466 2934 2587 2987 καθ’
2630 2934 2777 3004 ἡμᾶς
2821 2932 3129 2986 διδάσκουσι
3174 2931 3343 3000 λόγοι,

1763 3031 1898 3083 πᾶσι
1941 3029 2039 3100 μὲν
2072 3031 2184 3092 τοῖς
2225 3027 2398 3081 ἔθνεσι
2437 3027 2498 3079 τὸ
2529 3025 2812 3096 καταρχὰς
2853 3025 2953 3096 τὴν
2981 3022 3089 3076 τῶν
3136 3021 3346 3096 ὁρωμέ-

1763 3140 1876 3178 νων
1932 3123 2237 3193 φωστήρων
2284 3119 2448 3191 τιμὴν
2497 3117 2933 3188 ἀπονενεμῆσθαι
2983 3116 3348 3186 περιέχοντες,

1767 3214 1914 3284 μόνῳ
1953 3213 2010 3265 δὲ
2043 3212 2120 3282 τῷ
2173 3211 2441 3283 Ἑϐραίων
2487 3209 2634 3277 γένει
2674 3208 2775 3278 τὴν
2820 3205 3112 3260 ἐποπτείαν
3157 3207 3351 3258 ἀνατε-

1764 3305 1973 3359 θεῖσθαι
2013 3305 2113 3373 τῆς
2145 3303 2376 3374 θεωρίας
2407 3301 2500 3354 τοῦ
2544 3301 2652 3354 τῶν
2685 3300 2822 3353 ὅλων
2857 3299 3081 3369 ποιητοῦ
3127 3299 3221 3352 καὶ
3253 3298 3352 3370 δη-

1769 3397 2029 3470 μιουργοῦ
2063 3396 2218 3460 Θεοῦ,
2248 3396 2343 3448 καὶ
2369 3396 2467 3466 τῆς
2495 3397 2575 3458 εξς
2603 3394 2763 3448 αὑτὸν
2790 3391 3024 3463 ἀληθοῦς
3046 3393 3351 3456 εὐσεϐείας.

1765 3490 1879 3542 Οὐκ
1911 3488 2020 3559 ἄρα
2039 3505 2124 3550 τις
2155 3483 2223 3558 ῆν
2257 3485 2536 3554 θεογονίας
2573 3484 2911 3554 Ἑλληνικῆς,
2937 3484 2969 3554 ἢ
3013 3483 3354 3556 βαρϐαρικῆς

1764 3585 1878 3645 τοῖς
1911 3580 2266 3643 παλαιτάτοις
2291 3578 2401 3632 τῶν
2442 3577 2745 3650 ἀνθρώπων
2775 3578 2952 3646 λόγος,
2997 3578 3114 3630 οὐδὲ
3147 3577 3352 3644 ξοάνων

1768 3673 1995 3744 ἵδρυσις,
2031 3672 2138 3724 οὐδ’
2170 3673 2204 3742 ὴ
2235 3670 2330 3723 νῦν
2362 3668 2530 3740 πολλὴ
2559 3669 2795 3739 φλυαρία
2817 3670 2914 3740 τῆς
2945 3668 3052 3722 τῶν
3083 3669 3220 3723 Θεῶν
3253 3670 3353 3742 ἀρ-

1772 3765 1941 3836 ρένων
1970 3782 2028 3817 τε
2062 3765 2156 3818 καὶ
2189 3762 2418 3834 θηλειῶν
2449 3761 2870 3831 κατονομασίας.
2907 3763 2970 3814 Al
3015 3761 3144 3828 γοῦν
3184 3777 3354 3830 προσ-

1767 3858 1989 3928 ηγορίαι
2022 3857 2116 3910 καὶ
2143 3855 2211 3910 τά
2235 3855 2494 3926 ὀνόματα,
2531 3852 2590 3919 ἐξ
2615 3850 2915 3924 ἀνθρώπων
2940 3851 3163 3923 ὕστερον
3192 3854 3353 3921 ἐφευ-

1771 3950 2005 4021 ρημένα,
2044 3947 2197 4001 οὔπω
2239 3948 2361 4001 τότε
2403 3948 2462 4000 ὲν
2507 3943 2815 4016 ἀνθρώποις
2851 3943 3203 4014 ἐγνωρίζετοο
3235 3941 3350 3996 ἀλλ’

1770 4040 1892 4093 οὐδὲ
1928 4040 2197 4111 δαιμόνων
2229 4039 2325 4093 καὶ
2374 4038 2696 4108 πνευμάτων
2745 4034 2967 4105 ἀφανῶν
3003 4034 3350 4106 ἀνακλήσεις,

1767 4132 1867 4184 οὐκ
1897 4131 2115 4185 ἕκτοποι
2158 4132 2285 4200 περὶ
2331 4130 2469 4184 θεῶν
2499 4130 2593 4184 καὶ
2627 4127 2822 4200 ἡρώων
2867 4125 3202 4199 μυθολογίαι,
3251 4127 3354 4200 οὐκ

1768 4226 2098 4295 ἀπορρήτων
2129 4222 2360 4276 τελετῶν
2391 4223 2666 4293 μυστήρια
2685 4238 2698 4250 ·
2728 4220 2835 4273 οὐδ’
2859 4218 2996 4282 ὅλως
3019 4236 3072 4271 τι
3101 4202 3209 4287 τῆς
3228 4199 3355 4270 πολ-

1768 4317 1866 4387 λῆς
1899 4315 1993 4368 καὶ
2034 4313 2319 4384 ἀδολέσχου
2353 4312 2460 4366 τῶν
2506 4313 2800 4384 μετέπειτα
2845 4309 3054 4376 ἀνδρῶν
3099 4307 3354 4362 δεισιδαι-

1774 4407 1984 4478 μονίας.
2042 4404 2369 4477 Ἀνθρώπων
2411 4405 2518 4475 ἄρα
2567 4401 2634 4476 ἦν
2677 4403 2850 4457 ταῦτα
2903 4403 3210 4473 εὑρήματα,
3258 4400 3352 4454 καὶ

1769 4495 1970 4566 θνητῆς
1995 4489 2207 4564 φύσεως
2236 4493 2634 4564 ἀναπλάσματα
2657 4509 2672 4523 ·
2709 4491 2907 4563 μᾶλλον
2944 4491 3002 4544 δὲ
3025 4490 3241 4562 τρόπων
3265 4492 3352 4545 al-

1770 4582 1949 4652 σχρῶν
1992 4584 2086 4635 κα)⁸
2125 4573 2437 4636 ἀκολάστων
2477 4583 2729 4652 ἐπιτεχνή
2739 4598 2904 4651 ματα,
2950 4581 3092 4635 κατά
3127 4581 3188 4633 τὸ
3219 4581 3350 4656 παρ’

1768 4677 1898 4747 ἡμῖν
1925 4674 2063 4727 θεῖον
2085 4675 2285 4744 λόγιον,
2318 4675 2380 4728 τὸ
2411 4673 2647 4743 φάσκον·
2688 4693 2705 4724 ι
2750 4673 2916 4745 Ἀρχὴ
2941 4673 3218 4745 πορνείας,
3242 4673 3353 4726 ὲπί-

1769 4784 1886 4820 νοια
1914 4766 2164 4821 εἰδώλων.
2213 4786 2232 4819 ι
2278 4767 2343 4819 Ἡ
2370 4765 2499 4835 γοῦν
2531 4765 2640 4819 τῶν
2686 4765 2854 4819 ἐθνῶν
2895 4766 3148 4819 ἁπάντων
3189 4764 3352 4818 πολύ-

1770 4858 1890 4923 θεος
1926 4860 2102 4930 πλάνη
2137 4861 2365 4931 μακροῖς
2393 4858 2617 4930 ὕστερον
2647 4858 2807 4912 αἰῶσι
2846 4857 3137 4927 πέφανται,
3178 4856 3346 4929 ἀρξα-

1773 4951 1907 5022 μένη
1947 4951 2048 5022 μὲν
2078 4951 2186 5005 ἀπὸ
2226 4950 2486 5004 Φοινίκων
2523 4951 2616 5003 καὶ
2653 4949 2986 5019 Αἰγυπτίων,
3027 4948 3260 5002 διαϐᾶσα
3290 4947 3349 5001 δὲ

1769 5044 1834 5095 ὲκ
1863 5042 2068 5095 τούτων
2098 5043 2191 5095 ἐπὶ
2210 5043 2278 5096 τὰ
2307 5043 2468 5097 λοιπὰ
2494 5043 2644 5113 ἔθνη,
2668 5043 2761 5094 καὶ
2794 5035 2986 5113 μέχρις
3015 5039 3194 5094 αὐτῶν
3231 5039 3348 5092 Ἐλ-

1769 5134 1966 5202 λήνων.
2003 5135 2090 5197 Ὠς
2118 5135 2212 5188 καὶ
2240 5135 2397 5189 τοῦτο
2425 5136 2604 5198 πάλιν,
2634 5136 2668 5205 ἡ
2699 5133 2805 5187 τῶν
2830 5131 3174 5186 παλαιτάτων
3203 5131 3347 5182 ἱστο-

1777 5226 1867 5295 ρία
1901 5226 2141 5296 κατέχει,
2174 5228 2240 5299 ἣν
2265 5229 2359 5281 καὶ
2388 5228 2557 5300 αὐτὴν
2590 5225 2986 5296 ἐπισκέψασθαι
3013 5221 3221 5296 καιρὸς,
3242 5219 3348 5277 ἀπὸ

1772 5317 1882 5370 τῶν
1913 5320 2232 5373 Φοινικικῶν
2258 5320 2616 5394 ἀρξαμένους.

2035 5430 2048 5466 :
2097 5430 2116 5463 ‹
2182 5413 2398 5470 lnitium
2456 5413 2854 5476 fornicationis,
2895 5411 3189 5484 exquisitio
3239 5406 3341 5462 do-

170 5490 298 5550 ὶοτιιῐιι
330 5499 387 5553 ¹³.
437 5520 454 5552 ι
490 5503 698 5560 Maneat
737 5506 902 5576 igitur
941 5519 1084 5559 nunc
1122 5503 1368 5558 omnium
1414 5503 1654 5574 gentium
1695 5505 1762 5559 de
1798 5508 2144 5566 multitudine
2194 5511 2414 5566 deorum
2451 5527 2685 5566 errorem
2713 5509 2926 5565 nonnisi
2980 5517 3101 5580 post
3129 5508 3342 5578 longam

173 5596 335 5645 malum
350 5596 528 5651 seriem
555 5600 846 5668 exstitisse,
875 5599 1122 5670 quicum
1156 5613 1187 5652 a
1213 5595 1569 5656 Phoenicibus
1631 5607 1688 5657 et
1716 5597 1988 5675 Egyptiis
2059 5603 2275 5662 initium
2310 5604 2610 5674 habuisset,
2639 5603 2706 5660 ab
2737 5603 2804 5660 iis
2839 5602 2892 5659 in
2928 5602 3162 5674 reliquas
3192 5607 3342 5672 post-

226 5756 259 5788 ⁸⁸
286 5758 394 5832 Sap.
423 5781 526 5832 xiv,
563 5765 647 5819 12.
