3798 6220
414 307 477 360 Ἠ
1078 303 1353 361 ΕυδΕιιιι
1402 299 1882 360 CAESARIENSlS

2167 297 2290 354 ARS
2319 298 2382 353 ll.
2408 329 2478 340 —
2513 298 3014 356 APOLOGETICA.
3576 301 3667 359 72

415 421 635 474 modum
669 417 918 473 nationes
946 417 1013 474 ad
1045 417 1191 488 ipsos
1227 431 1404 488 usque
1434 416 1651 472 Graecos
1709 431 1768 472 se
1805 414 2136 486 propagarit.
2205 412 2381 483 Atque
2420 413 2475 468 id
2519 413 2694 482 ipsum
2742 423 3000 483 praeterea
3051 414 3429 472 vetustissima:
3479 415 3671 471 histo-

411 529 511 569 riae
600 523 952 570 monumenta
1029 515 1326 580 declarant,
1405 528 1569 584 quam
1627 513 1814 582 utique
1861 526 1976 582 1am
2025 518 2239 581 tempus
2290 517 2375 564 est
2433 507 2596 564 ducto
2651 507 2721 564 ab
2777 507 3072 566 Phoeniciis
3161 509 3338 578 initio,
3433 509 3678 580 propius

415 608 639 665 intueri.

492 794 601 849 Res
635 801 814 847 autem
856 791 988 846 istas
1041 788 1453 844 Sanchuniatho
1506 789 1729 860 quidam
1785 801 1992 844 memo-

2175 803 2398 874 Ἱστορεῖ
2445 801 2503 854 δὲ
2555 798 2727 853 ταῦτα
2764 797 3194 870 Σαγχουνιάθων,
3257 796 3395 868 ἀνὴρ
3456 796 3669 850 παλαί-

415 888 513 941 riae
575 884 848 955 prodidit,
901 882 984 936 vir
1045 881 1479 950 antiquissimus,
1538 896 1809 950 quemque
1863 895 1913 935 an

2175 915 2267 963 τος,
2315 897 2410 949 καὶ⁹
2455 894 2562 949 τῶν
2613 892 2872 966 Τρωῖκῶν
2921 891 3146 963 χρόνων,
3203 890 3278 955 ὥς
3330 907 3480 961 φασι,
3525 907 3675 962 πρε-

420 977 652 1046 ’l‘rojana
701 983 944 1044 tempora
1004 972 1279 1037 ﬂoruisse,
1324 986 1647 1042 summaque
1697 987 1822 1026 cum
1866 972 1918 1026 di

2178 988 2367 1058 ὅτερος,
2404 987 2463 1041 ὃν
2493 986 2585 1039 καὶ
2614 985 2700 1037 ἐπ’
2730 981 2984 1055 ἀκριϐείᾳ
3016 983 3110 1037 καὶ
3140 982 3366 1053 ἀληθείᾳ
3391 982 3490 1052 τῆς
3534 982 3678 1034 Φοι-

419 1069 630 1140 gentiae,
675 1075 791 1122 tum
841 1065 1085 1120 veritatis
1128 1065 1289 1119 laude
1338 1062 1659 1119 Phwnicum
1705 1063 1919 1119 historia

2182 1078 2303 1149 ικῆς
2359 1077 2600 1149 ἱστορίας
2650 1073 3010 1145 ἀποδεχθίῖψαι
3074 1072 3429 1144 μαρτυροῦσι.
3485 1071 3680 1125 Φίλων

419 1159 704 1229 scripsisse
726 1165 1012 1212 testantur.
1052 1154 1227 1224 Hujus
1253 1169 1418 1224 opera
1446 1153 1630 1209 omnia
1655 1152 1831 1218 Philo,
1879 1170 1919 1208 ιιι

2187 1168 2376 1222 τούτου
2431 1169 2611 1221 πᾶσαν
2649 1166 2748 1237 τὴν
2794 1163 3135 1237 συγγραφὴν,
3183 1165 3213 1215 6
3256 1163 3506 1228 Βύϐλιος,
3564 1163 3681 1232 οὐχ

419 1247 678 1304 Hebraeus
721 1247 847 1314 ille,
895 1245 988 1300 sed
1025 1242 1247 1317 Byblius
1278 1259 1346 1300 ex
1383 1243 1703 1300 Phoenicum
1736 1243 1919 1300 idiom:

2182 1262 2426 1334 Εϐραῖος,
2489 1258 2801 1331 μεταϐαλὼν
2857 1257 2964 1310 ἀπὸ
3022 1257 3119 1326 τῆς
3173 1256 3431 1310 Φοινίκων
3486 1254 3682 1324 γλώσ-

419 1342 660 1397 Graecam
683 1340 738 1394 in
794 1339 1035 1409 linguam
1086 1351 1352 1392 conversa
1408 1335 1669 1407 vulgavit.
1733 1335 1919 1406 Ejusde

2178 1373 2190 1418 ;
2252 1356 2344 1408 ἐπὶ
2395 1353 2492 1424 τὴν
2541 1351 2767 1405 Ἐλλάδα
2807 1348 3010 1420 φωνὴν,
3067 1346 3316 1413 ἐξέδωκε.
3372 1345 3678 1416 Μέμνηται

419 1448 637 1504 quoque
684 1432 787 1503 31
823 1429 1088 1497 meminit,
1128 1429 1174 1484 is
1209 1428 1301 1498 qui
1333 1437 1521 1484 nostra
1555 1429 1818 1484 memoria
1853 1445 1919 1499 op

2185 1461 2290 1498 των
2345 1446 2375 1498 6
2411 1442 2533 1498 καθ’
2595 1443 2743 1512 ἡμᾶς
2795 1443 2894 1513 τὴν
2948 1440 3067 1495 καθ’
3107 1439 3260 1510 ἡμῶν
3299 1437 3683 1508 πεποιημένος

420 1524 550 1578 illud
580 1523 867 1578 adversum
910 1535 1011 1576 nos
1037 1520 1333 1576 mendaciis
1363 1518 1758 1590 fraudibusque
1781 1529 1920 1575 textu

2183 1535 2380 1608 ικευὴν,
2407 1536 2464 1589 ἐν
2491 1534 2734 1604 τετάρτῳ
2751 1533 2850 1604 τῆς
2879 1531 3013 1604 πρὸς
3037 1533 3183 1602 ἡμᾶς
3211 1528 3535 1594 ὑποθέσεως,
3561 1521 3683 1581 ὦδε

419 1614 836 1681 consarcinavit,
866 1613 994 1667 dum
1034 1612 1170 1666 libro
1193 1620 1387 1682 quarto
1410 1612 1588 1682 ipsum
1630 1611 1795 1682 hujus
1839 1621 1918 1667 tes

2187 1627 2336 1699 ἀνδρὶ
2363 1625 2647 1698 μαρτυρῶν
2671 1624 2804 1695 πρὸς
2825 1623 2986 1689 λέξιν.
3031 1638 3050 1672 ι
3085 1623 3307 1692 Ἱστορεῖ
3327 1621 3385 1674 δὲ
3442 1620 3510 1673 τά
3531 1637 3608 1673 πε
3617 1621 3683 1684 ρὶ

419 1705 587 1760 monii
606 1703 690 1758 sui
713 1701 1093 1774 praadicatione
1117 1701 1480 1757 commendat.
1504 1719 1522 1752 ι
1544 1700 1766 1764 Rerum,
1796 1700 1919 1770 inqu

2184 1720 2368 1773 »δαίων
2406 1717 2762 1790 ἀληθέστατα,
2795 1718 2875 1770 ὃτι
2918 1715 3012 1770 καὶ
3047 1718 3158 1776 τοῖς
3199 1714 3381 1776 τόποις
3417 1712 3511 1765 καὶ
3548 1714 3684 1774 τοῖς

421 1795 489 1851 ad
514 1793 725 1851 Judzeos
751 1795 1134 1865 pertinentium
1159 1792 1443 1847 historiam
1465 1790 1921 1847 Sanchuniathol

2183 1824 2343 1881 μασιν
2385 1809 2561 1864 αὐτῶν
2609 1807 2678 1861 τὰ
2729 1806 3140 1878 συμφωνότατα,
3185 1802 3596 1874 Σαγχουνιάθων
3649 1803 3683 1855 6

422 1889 596 1961 rytius
633 1902 847 1942 summa
888 1887 992 1941 ﬁde
1037 1885 1396 1956 conscripsit;
1448 1885 1646 1955 quippe
1693 1899 1815 1954 quae
1863 1900 1922 1939 cu

2181 1901 2374 1973 ρύτιος,
2399 1899 2634 1971 εἰληφὼς
2664 1898 2733 1952 τὰ
2752 1899 3118 1970 ὑπομνήματα
3137 1897 3285 1968 παρὰ
3321 1894 3681 1966 Ἱερομϐάλου

422 1996 613 2036 eorum
662 1979 795 2034 locis
826 1986 987 2048 atque
1019 1977 1332 2033 nominibus
1381 1977 1624 2046 apprime
1668 1975 1922 2031 censenti:

2221 1992 2408 2063 ἱερέως
2431 1991 2564 2045 Θεοῦ
2593 1990 2688 2046 τοῦ
2721 1989 2887 2044 Ἰευὼ.
2927 1993 3023 2054 Ὃς
3062 1986 3427 2058 Ἀϐιϐάλῳτῷ
3457 1986 3687 2056 βασιλεῖ

423 2089 549 2130 cum
573 2072 843 2142 praecipua
872 2086 1055 2125 rerum
1083 2070 1296 2124 illarum
1331 2069 1510 2139 capita
1541 2069 1610 2122 ab
1645 2066 1923 2122 Hieromba

2186 2083 2372 2136 ουτίων
2404 2082 2500 2154 τὴν
2542 2083 2777 2155 ἱστορίαν
2805 2081 3042 2145 ἀναθεὶς,
3075 2081 3165 2133 ὑπ’
3195 2079 3399 2134 ἐκείνου
3427 2079 3522 2131 καὶ
3557 2077 3686 2130 τῶν

425 2165 662 2236 quodam
704 2163 812 2219 levi
851 2162 945 2217 Dei
991 2161 1270 2217 sacerdote
1321 2162 1637 2231 accepisset.
1684 2158 1797 2215 Hoc
1847 2160 1922 2214 illi

2185 2173 2212 2226 ς’
2246 2173 2408 2226 αὑτὸν
2436 2153 2751 2243 ἐξεταστῶν
2789 2173 2890 2242 τῆς
2923 2171 3198 2242 ἀληθείας,
3249 2167 3575 2241 παρεδέχθη.
3610 2171 3685 2222 Οἱ

427 2271 566 2325 opus
599 2255 831 2310 Abibalo
859 2253 972 2326 regi
1001 2251 1342 2323 Berytiorum
1372 2251 1701 2317 dedicatum,
1732 2265 1843 2305 non
1871 2266 1922 2304 m

2200 2263 2405 2318 τούτων
2451 2265 2630 2337 χρόνοι
2680 2265 2775 2318 καὶ
2812 2265 2920 2336 πρὸ
2960 2263 3068 2319 τῶν
3100 2261 3358 2334 Τρωῖκῶν
3408 2262 3686 2314 πίπτουσι

427 2350 497 2401 do
537 2361 652 2411 rex,
687 2344 781 2400 sed
813 2344 975 2399 etiam
1012 2343 1049 2397 ii
1083 2357 1316 2413 quorum
1359 2342 1499 2412 apud
1541 2341 1720 2411 ipsum
1767 2351 1886 2398 erat

2186 2354 2319 2417 ivwv,
2353 2355 2446 2408 καὶ
2478 2354 2664 2425 σχεδὸν
2705 2356 2818 2418 τοῖς
2866 2355 3106 2417 Μωσέως
3151 2351 3558 2424 πλησιάζουσιν,
3598 2351 3686 2414 ὠς

429 2439 751 2508 scriptorum
794 2437 1020 2491 veritate
1067 2449 1413 2506 cognoscere,
1457 2449 1646 2490 omnes
1674 2436 1929 2506 comprob

2189 2445 2288 2499 τῶν
2317 2446 2570 2516 Φοινίκης
2618 2445 2879 2516 βασιλέων
2929 2446 3188 2519 μηνύουσι
3237 2445 3490 2516 διαδοχαί.
3527 2445 3689 2513 Σαγ-

429 2536 574 2580 runt.
610 2527 789 2592 Atque
813 2526 1039 2580 istorum
1072 2524 1289 2594 quidem
1320 2532 1472 2590 aetas,
1508 2523 1551 2577 Τ
1557 2523 1762 2594 rojanis
1788 2537 1929 2596 temp

2187 2537 2388 2592 ινιάθων
2419 2538 2475 2590 δὲ
2504 2537 2645 2592 κατά
2673 2538 2771 2610 τὴν
2814 2539 3073 2594 Φοινίκων
3111 2537 3407 2599 διάλεκτον,
3443 2535 3687 2608 φιλαλή-

431 2617 581 2671 ribus
603 2616 898 2686 antiquior,
929 2615 1175 2686 proxime
1204 2615 1270 2670 ad
1292 2613 1532 2687 Moysem
1563 2616 1742 2685 ipsum
1765 2618 1992 2685 accedit,
2097 2631 2204 2695 θως
2233 2631 2331 2702 τὴν
2360 2629 2593 2685 παλαιὰν
2639 2630 2877 2702 ἱστορίαν
2913 2632 2979 2684 ἐκ
3005 2631 3112 2684 τῶν
3146 2629 3285 2684 κατὰ
3333 2631 3483 2683 πόλιν
3533 2630 3688 2682 ὑπο-

429 2717 486 2762 ιιι
515 2725 580 2763 ex
613 2707 904 2763 Phoenicia:
926 2723 1114 2778 regum
1162 2708 1302 2764 serie
1337 2708 1518 2778 quivis
1555 2708 1770 2765 auferre
1796 2719 1929 2781 pote:

2189 2724 2416 2795 ιμάτων,
2431 2724 2525 2777 καὶ
2553 2723 2660 2776 τῶν
2686 2725 2744 2779 ὲν
2768 2725 2880 2786 τοῖς
2897 2725 3059 2795 ἱεροῖς
3083 2721 3409 2794 ἀναγραφῶν
3433 2739 3689 2790 συναγα-

428 2798 526 2852 Hic
549 2799 711 2868 igitur
747 2797 1177 2864 Sanchuniatho,
1204 2798 1298 2868 qui
1329 2797 1607 2854 Phoenicia
1633 2799 1817 2870 lingua
1848 2809 1928 2856 vel

2189 2832 2208 2867 ν
2257 2815 2352 2868 καὶ
2405 2814 2743 2885 συγγράψας,
2801 2816 2892 2868 ἐπὶ
2937 2813 3292 2885 Σεμιράμεως
3335 2813 3522 2882 γέγονε
3571 2815 3689 2885 τῆς

428 2906 544 2946 rem
577 2889 863 2945 historiam
885 2889 1084 2959 partim
1115 2903 1183 2944 ex
1208 2888 1545 2958 singularum
1589 2889 1802 2944 urbium
1835 2892 1928 2945 acti

2187 2905 2406 2976 ςσυρίων
2456 2905 2741 2976 βασιλίδος,
2783 2907 2818 2976 ἢ
2865 2905 2969 2976 πρὸ
3011 2905 3121 2960 τῶν
3165 2903 3490 2976 ’1λιακῶν,ἢ
3548 2909 3687 2959 κατ’

427 2987 624 3057 parum
669 2999 736 3039 ex
771 2983 1098 3054 templorum
1147 2983 1502 3039 monimentis
1555 2991 1927 3054 cmgmentata

2189 2995 2294 3060 πούς
2317 3011 2382 3066 γε
2422 2997 2548 3060 τοὺς
2575 2996 2797 3066 χρόνους
2842 2995 3094 3065 γενέσθαι
3138 2995 3574 3066 ἀναγέγραπται·
3605 2997 3689 3050 τὰ

433 3073 696 3143 singulari
733 3072 980 3127 veritatis
1017 3071 1198 3126 studio
1228 3072 1566 3142 perscripsit,
1599 3071 1933 3128 Semiramidt

2193 3085 2285 3140 τοῦ
2333 3086 2800 3158 Σαγχουνιάθωνος
2843 3087 2923 3149 εἰς
2960 3085 3179 3141 Ἐλλάδα
3208 3087 3454 3155 γλῶσσαν
3486 3089 3689 3159 ἡρμή-

430 3182 594 3236 quam
618 3164 798 3220 Iliacis
839 3163 1173 3233 temporibus
1203 3165 1288 3218 vel
1320 3164 1680 3234 antiquiorem
1705 3167 1790 3222 vel
1809 3181 1929 3238 aequ

2185 3192 2254 3228 lO'E
2299 3176 2469 3231 Φίλων
2515 3178 2543 3230 6
2593 3177 2837 3241 Βύϐλιος.
2882 3195 2902 3230 ι
2950 3175 3134 3232 Ταῦτα
3185 3178 3282 3247 μὲν
3313 3179 3341 3229 6
3388 3176 3685 3249 δηλωθεὶς,

429 3257 536 3312 lem
554 3255 724 3311 fuisse
749 3265 1070 3322 memorant,
1097 3255 1237 3324 apud
1263 3255 1516 3326 Assyrios
1535 3266 1814 3328 regnante,
1843 3260 1929 3313 vix

2191 3271 2352 3344 ιθειαν
2373 3271 2507 3342 ὁμοῦ
2535 3271 2629 3325 καὶ
2658 3269 2995 3340 παλαιότητα
3015 3269 3092 3339 τῷ
3123 3268 3187 3341 δὴ
3221 3267 3452 3339 θεολόγῳ
3472 3287 3691 3340 μαρτυ-

431 3351 684 3422 Ejusdem
708 3365 868 3420 porro
893 3348 1388 3405 Sanchuniathonis
1411 3363 1575 3420 opera
1602 3349 1757 3406 Philo
1780 3351 1928 3421 Bybli

2188 3379 2292 3426 τας.
2323 3362 2382 3416 '0
2405 3362 2461 3415 δὲ
2478 3361 2699 3434 προῖὼν,
2717 3363 2775 3415 οὐ
2797 3361 2886 3417 τὸν
2899 3361 2993 3415 ἐπὶ
3017 3361 3228 3416 πάντων
3250 3361 3399 3426 Θεὸν,
3419 3361 3541 3414 οὐδὲ
3565 3362 3688 3433 μὴν

433 3440 625 3497 Graeco
675 3452 926 3496 sermone
968 3437 1208 3494 donavit.
1238 3456 1258 3491 ›
1287 3436 1413 3494 Haec
1450 3439 1559 3508 ille,
1595 3441 1796 3511 quibus
1839 3443 1929 3497 isti

2183 3471 2226 3515 ›ς
2256 3453 2376 3507 κατ’
2405 3453 2651 3524 οὐρανὸν,
2685 3452 2910 3524 θνητοὺς
2933 3452 2991 3505 δὲ
3028 3451 3223 3522 ἄνδρας
3254 3453 3348 3505 καὶ
3385 3455 3683 3518 γυναῖκας,

432 3531 670 3601 theologi
699 3546 822 3586 cum
844 3530 900 3584 in
934 3529 1220 3586 scribendo
1241 3530 1544 3598 veritatem,
1573 3541 1686 3587 tum
1711 3533 1874 3588 etiam
1906 3551 1932 3588 v

2185 3546 2224 3598 ἰὲ
2246 3545 2336 3598 τὸν
2365 3546 2562 3616 τρόπον
2584 3544 2850 3610 ἀστείους,
2877 3544 3020 3607 οἴους
3043 3543 3108 3596 δι’
3135 3544 3331 3614 ἀρετὴν
3353 3543 3499 3608 ἀξιον
3532 3539 3685 3598 εἶναι

432 3632 688 3679 tustatem
727 3623 883 3678 nobis
926 3631 1176 3679 testatam
1208 3623 1448 3693 reliquit.
1489 3621 1686 3678 Verum
1727 3623 1784 3677 in
1819 3639 1932 3694 open

2187 3636 2487 3706 οδέξασθαι,
2527 3637 2560 3709 ἢ
2587 3637 2825 3710 ζηλῶσαι
2852 3637 2951 3708 τῆς
2981 3635 3314 3706 φιλοσοφίας,
3343 3636 3687 3707 φαυλότητος

432 3714 668 3783 suscepti
696 3727 988 3784 progressu
1019 3727 1129 3766 non
1153 3712 1270 3780 jam
1295 3710 1464 3766 Deum
1492 3711 1730 3766 universi
1751 3713 1932 3766 moder

2189 3729 2282 3783 καὶ
2328 3728 2627 3801 μοχθηρίας
2681 3729 2896 3799 ἀπάσης
2942 3729 3136 3782 κακίαν
3182 3727 3687 3799 περιϐεϐλημένους

435 3814 628 3871 torem,
656 3804 766 3858 imo
791 3819 860 3859 ne
881 3803 1005 3859 αα)ιὶ
1030 3804 1247 3874 quidem
1271 3804 1498 3869 incolas,
1531 3803 1625 3858 sed
1652 3803 1801 3858 viros
1838 3818 1935 3872 quc

2186 3819 2358 3889 ιλογεῖ·
2412 3821 2505 3874 καὶ
2546 3823 2810 3892 μαρτυρεῖ
2837 3835 2898 3889 γε
2923 3818 3141 3882 τούτους
3189 3818 3384 3881 αὐτοὺς
3433 3817 3686 3882 ἐκείνους

433 3897 558 3952 dam
584 3913 650 3953 ac
678 3897 1027 3952 mulierculas
1063 3895 1224 3950 morti
1249 3895 1531 3962 obnoxios,
1563 3909 1766 3965 eosque
1803 3910 1913 3950 non

2187 3930 2264 3978 αι,
2299 3913 2425 3977 τοὺς
2455 3913 2620 3966 εἰσέτι
2651 3913 2744 3966 καὶ
2759 3912 2853 3965 νῦν
2885 3910 3038 3974 θεοὺς
3068 3911 3217 3981 παρὰ
3240 3913 3351 3973 τοῖς
3373 3911 3507 3963 πᾶσι
3527 3925 3686 3962 νενο-

433 4004 649 4044 morum
691 3990 1000 4055 honestate,
1029 3997 1088 4043 ut
1124 3996 1342 4058 propter
1385 3987 1635 4042 virtutem
1687 3987 1890 4058 suscipi

2184 4005 2406 4074 σμένους
2433 4004 2574 4059 κατά
2603 4020 2663 4056 τε
2695 4002 2793 4066 τὰς
2821 4002 3003 4066 πόλεις
3030 4001 3124 4055 καὶ
3153 4001 3251 4065 τὰς
3277 4001 3478 4073 χώρας.
3505 4001 3684 4072 Δέχου

435 4079 655 4150 probari
696 4089 1028 4145 mereantur,
1055 4088 1150 4134 aut
1178 4094 1241 4134 ea
1278 4079 1536 4148 praeditos
1563 4079 1849 4148 sapientia,
1879 4095 1935 4149 qt

2199 4096 2520 4149 καὶτούτων
2567 4097 2630 4148 ὲκ
2671 4095 2778 4147 τῶν
2818 4094 3106 4165 ἐγγράφων
3133 4093 3231 4156 τὰς
3257 4092 3573 4158 ἀποδείξεις.
3616 4093 3684 4147 Ὁ

432 4189 533 4230 nos
564 4173 631 4228 ad
653 4173 894 4244 ipsorum
928 4172 1326 4228 aemulationem
1359 4171 1569 4237 invitet,
1609 4174 1705 4227 sed
1744 4173 1931 4228 omnib

2189 4187 2358 4240 Φίλων
2384 4189 2462 4248 είς
2489 4185 2643 4239 ἐννέα
2675 4184 2887 4255 βίϐλους
2909 4184 3008 4254 τὴν
3035 4186 3211 4238 πᾶσαν
3233 4183 3328 4236 τοῦ
3351 4185 3686 4253 Σαγχουνιά-

432 4264 650 4335 ﬂagitiis
679 4279 743 4319 ac
772 4263 1069 4320 sceleribus
1100 4270 1385 4332 coepertos
1414 4263 1574 4318 nobis
1622 4279 1722 4334 pro
1751 4264 1859 4320 diis
1903 4282 1932 4320 o

2181 4292 2275 4338 Nor;
2320 4273 2698 4346 πραγματείαν
2729 4273 2936 4336 διελὼν,
2983 4272 3122 4326 κατὰ
3167 4271 3224 4325 τὸ
3272 4271 3552 4342 προοίμιον
3581 4272 3681 4325 τοῦ

434 4358 622 4423 trudit,
650 4372 715 4412 ac
753 4356 916 4412 simul
947 4371 1041 4411 eos
1089 4355 1237 4425 ipsos
1269 4369 1390 4410 esse
1427 4355 1733 4422 conﬁrmat,
1764 4357 1858 4426 qui
1884 4373 1934 4427 p:

2183 4366 2324 4420 νώτου
2355 4366 2782 4436 συγγράμματος
2827 4365 3014 4440 αὐτοῖς
3035 4365 3238 4434 ῥήμασι
3271 4362 3520 4433 προλέγει
3545 4364 3683 4434 περί¹

433 4451 538 4506 sim
563 4450 860 4504 etiamnum
889 4448 1145 4503 omnibus
1175 4449 1229 4501 in
1257 4448 1470 4518 oppidis
1490 4456 1652 4518 atque
1693 4449 1933 4518 regionib

2180 4455 2200 4508 5
2235 4453 2700 4524 anxouvuiewvo;
2722 4455 2910 4508 ταῦτα·
2945 4473 2962 4505 ι
2997 4450 3393 4515 Τούτωνοῦτως
3419 4452 3680 4522 ἐχόντων,

434 4541 662 4596 deorum
698 4540 818 4594 loco
857 4539 1219 4595 celebrantur.
1249 4538 1491 4606 Quarum
1529 4550 1584 4594 tu
1606 4554 1787 4594 rerum
1823 4551 1934 4594 cert

2182 4544 2577 4614 Ξαγχουνιάθων
2609 4544 2746 4616 ἀνὴρ
2779 4542 3090 4614 πολυμαθὴς
3132 4543 3226 4595 καὶ
3268 4542 3682 4614 πολυπράγμων

433 4632 596 4686 etiam
631 4641 684 4688 et
706 4648 771 4686 ex
805 4632 1022 4686 illorum
1053 4631 1271 4702 scriptis
1299 4631 1646 4700 depromptas
1669 4631 1851 4701 accipe
1875 4648 1933 4700 pr

2181 4636 2412 4706 νόμενος.
2449 4637 2542 4690 καὶ
2591 4637 2658 4689 τὰ
2696 4635 2755 4700 ἐξ
2786 4636 2979 4706 ἀρχῆς,
3027 4636 3116 4704 ἀφ’
3143 4631 3202 4690 οὗ
3237 4635 3307 4688 τὰ
3339 4638 3512 4690 πάντα
3545 4655 3681 4691 συνν-

434 4718 702 4776 bationes.
736 4719 892 4774 Philo
941 4719 1123 4790 igitur,
1177 4718 1272 4789 qui
1313 4717 1810 4775 Sanchuniathonis
1864 4735 1934 4790 op

2179 4744 2260 4797 τη,
2284 4727 2433 4798 παρὰ
2449 4727 2660 4780 πάντων
2684 4726 2879 4779 εἰδέναι
2903 4725 3101 4788 ποθῶν,
3131 4727 3264 4779 πολὺ
3283 4730 3679 4796 φροντιστικῶς

436 4814 753 4870 universum
782 4828 976 4868 novem
1012 4813 1068 4867 in
1090 4812 1257 4868 libros
1306 4812 1604 4880 distribuit,
1650 4814 1768 4882 ipso
1817 4814 1936 4868 stati

2179 4818 2468 4887 εμὰστευσε
2517 4817 2584 4869 τὰ
2627 4815 2892 4879 Τααύτου,
2941 4815 3111 4881 εἰδὼς,
3146 4817 3225 4869 ὅτι
3269 4817 3376 4870 τῶν
3409 4818 3496 4887 ὑφ’
3522 4805 3679 4889 ἥλιον

433 4906 598 4980 primi
621 4906 744 4961 libri
767 4906 1031 4975 prooemio
1061 4905 1176 4960 hac
1209 4905 1276 4960 ad
1308 4903 1534 4959 verbum
1559 4905 1626 4960 de
1665 4906 1854 4960 eodem
1903 4922 1933 4960 a

2179 4909 2422 4976 γονότων,
2458 4908 2672 4980 πρῶτός
2720 4911 2834 4961 ἐστι
2862 4907 3102 4971 Τάαυτος
3136 4911 3164 4961 6
3191 4909 3298 4962 τῶν
3328 4911 3679 4981 γραμμάτων

436 5009 589 5054 ctore
605 4993 860 5067 praefatur
885 5013 898 5049 :
929 5014 947 5045 ι
978 4992 1103 5049 Haec
1118 5009 1240 5050 cum
1269 4995 1344 5049 ita
1371 5007 1430 5049 se
1457 4993 1738 5058 haberent,
1766 4992 1936 5048 Sanch

2178 5018 2198 5053 ν
2249 4999 2466 5072 εὕρεσιν
2496 5000 2804 5070 ἐπινοήσας,
2835 5000 2931 5053 καὶ
2981 4999 3081 5069 τῆς
3115 4999 3222 5053 τῶν
3266 5001 3678 5070 ὑπομνημάτων

437 5091 627 5146 niatbo
654 5089 738 5146 vir
767 5090 821 5144 in
843 5088 1036 5159 primis
1053 5087 1324 5156 eruditus,
1343 5103 1466 5144 cum
1497 5103 1719 5158 operam
1741 5088 1794 5140 in
1813 5103 1937 5141 reru

2181 5092 2316 5162 αφῆς
2344 5089 2636 5162 κατάρξας
2661 5090 2755 5144 καὶ
2782 5090 2889 5143 ἀπὸ
2918 5089 3068 5142 τοῦδε
3090 5089 3276 5160 ὥσπερ
3309 5091 3543 5161 κρηπῖδα
3578 5091 3681 5162 βα-

439 5182 799 5252 plurimarum
830 5180 1011 5236 studio
1036 5179 1328 5250 posuisset,
1364 5195 1600 5250 cumque
1625 5180 1863 5251 gentium
1887 5194 1938 5232 οι

2175 5199 2323 5253 μενος
2352 5183 2447 5236 τοῦ
2471 5182 2649 5250 λόγου,
2675 5181 2732 5234 ὃν
2760 5180 3043 5250 Αἰγύπτιοι
3080 5179 3175 5249 μὲν
3198 5180 3460 5234 ἐκάλεσαν
3492 5179 3675 5245 Θωὺθ,

442 5271 592 5325 nium
633 5271 916 5327 historiam
940 5271 1054 5340 jam
1092 5284 1319 5340 usquea
1347 5270 1805 5339 prima-universi
1841 5269 1942 5324 mol

2173 5273 2480 5343 ,λεξανδρεῖς
2494 5273 2550 5326 δὲ
2564 5271 2705 5334 Θὼθ,
2721 5271 2925 5343 Ἑρμῆν
2945 5268 3256 5340 δὲἚλληνες
3275 5270 3633 5340 μετέφρασαν.
3652 5291 3673 5320 ι

441 5360 590 5415 tione
618 5375 782 5416 nosse
815 5360 1162 5417 vehementer
1190 5370 1419 5432 optaret,
1447 5362 1774 5433 praecipuam
1807 5378 1941 5432 qua:

2181 5363 2293 5418 ιῦτα
2321 5361 2486 5417 εἰπὼν
2516 5363 2887 5432 ἐπιμέμφεται
2925 5365 3035 5424 τοῖς
3074 5361 3352 5429 νεωτέροις
3391 5364 3501 5422 τοῖς
3533 5361 3681 5430 μετά

441 5451 568 5506 dam
611 5451 664 5506 in
713 5453 1142 5524 pervestigandis
1205 5453 1397 5510 Taauti
1450 5454 1614 5510 rebus
1667 5455 1941 5525 diligentia

2182 5455 2299 5518 ὖτα,
2332 5455 2407 5518 ὡς
2431 5455 2495 5508 ἂν
2524 5452 2891 5524 βεϐιασμένως
2919 5452 3012 5505 καὶ
3031 5451 3128 5504 οὐκ
3155 5450 3368 5520 ἀληθῶς
3395 5453 3520 5514 τοὺς
3548 5470 3614 5505 πε
3625 5449 3682 5522 pi.

442 5543 710 5616 adhibuit,
732 5548 879 5615 quod
902 5548 1036 5603 satis
1062 5547 1400 5618 intelligeret,
1427 5549 1672 5604 omnium
1701 5549 1794 5619 qui
1824 5549 1942 5603 luce

2174 5545 2248 5599 ὦν
2280 5544 2477 5616 μύθους
2522 5545 2606 5598 ἐπ’
2647 5543 2972 5615 ἀλληγορίας
3005 5544 3096 5595 καὶ
3124 5542 3356 5610 φυσικὰς
3399 5542 3674 5614 διηγήσεις

445 5636 589 5691 hanc
610 5651 956 5706 aspexerant,
987 5655 1109 5693 eum
1132 5639 1339 5694 litteras
1372 5640 1666 5710 principem
1705 5639 1945 5694 inveniss

2192 5637 2286 5689 καὶ
2312 5635 2542 5706 θεωρίας
2570 5637 2848 5703 ἀνάγουσι⁸
2869 5633 3015 5701 λέγει
3039 5633 3082 5684 δ’
3112 5629 3203 5687 οὗν
3225 5631 3444 5703 προϊών
3473 5651 3490 5683 ι
3527 5627 3691 5684 Ἀλλ’

445 5745 508 5787 ac
531 5730 939 5787 scribendorum
961 5734 1474 5790 commentariorum
1494 5743 1767 5791 auctorem
1796 5731 1945 5800 {uisa

2198 5727 2294 5799 μὲν
2350 5726 2604 5784 νεώτατοι
2663 5726 2769 5781 τῶν
2806 5724 3120 5795 ἱερολόγων,
3160 5724 3227 5777 τὰ
3268 5722 3365 5794 μὲν
3415 5725 3678 5793 γεγονότα
