3798 6220
168 225 216 277 73

162 349 402 420 πράγματα
431 346 485 413 ἐξ
526 346 693 418 ἀρχῆς
735 345 1149 417 ἀπεπέμψαντο,
1194 350 1518 421 ἀλληγορίας
1551 353 1661 421 (52)
1691 361 1736 416 Α

161 440 230 492 καὶ
256 438 430 507 μύθους
470 439 867 507 ἐπινοήσαντες,
913 439 1006 490 καὶ
1036 442 1147 501 τοῖς
1176 444 1456 510 κοσμικοῖς
1493 443 1666 513 παθή-

160 546 264 599 μασι
286 527 568 594 συγγένειαν
605 527 960 598 πλασάμενοι,
1004 532 1273 603 μυστήρια
1302 533 1661 603 κατέστησαν,

157 622 228 672 καὶ
255 619 390 671 πολὺν
427 620 600 681 αὐτοῖς
643 619 848 689 ἐπῆγον
871 620 1060 690 τῦφον,
1104 622 1180 686 ὡς
1205 622 1280 693 μὴ
1307 624 1502 694 ῥᾳδίως
1543 625 1666 678 τινὰ

158 714 338 782 συνορᾷν
357 712 415 762 τὰ
446 714 558 764 κατ’
581 707 838 779 ἀλήθειαν
861 715 1145 785 γενόμενα.
1185 716 1242 770 '0
1280 717 1336 769 δὲ
1377 717 1665 787 συμϐαλὼν

155 807 241 867 τοῖς
266 803 354 856 ἀπὸ
373 802 467 855 τῶν
497 803 701 857 ἀδύτων
731 805 1035 875 εὑρεθεῖσιν
1061 807 1397 879 ἀποκρύφοις
1430 811 1666 880 Ἀμμου-

158 898 258 948 νέων
277 897 530 965 γράμμασι
564 898 967 968 συγκειμένοις,
984 899 1019 952 ἂ
1048 899 1112 970 δὴ
1143 901 1243 953 οὐκ
1270 897 1339 972 ἦν
1365 903 1499 954 πᾶσι
1525 901 1666 970 γνὼ-

160 1004 274 1057 ριμα,
400 986 625 1056 μάθησιν
650 989 907 1042 ἁπάντων
944 988 1104 1053 αὐτὸς
1139 992 1367 1062 ἤσκησε·
1397 994 1490 1046 καὶ
1514 994 1667 1058 τέλος

156 1080 310 1140 ἐπιθεὶς
334 1081 388 1147 τῇ
437 1081 805 1151 πραγματείᾳ,
847 1083 939 1134 τὸν
967 1085 1085 1134 κατ’
1130 1084 1304 1154 ἀρχὰς
1341 1085 1530 1154 μῦθον,
1571 1088 1667 1142 καὶ

154 1169 225 1231 τὰς
245 1169 531 1240 ἀλληγορίας
556 1169 801 1223 ἐκποδὼν
831 1173 1216 1242 ποιησάμενος,
1248 1175 1543 1246 ὲξηνύσατο
1569 1178 1666 1248 τὴν

154 1259 367 1328 πρόθεσιν,
396 1261 490 1321 ἕως
522 1261 683 1313 πάλιν
727 1263 778 1314 οἱ
815 1265 1186 1334 ἐπιγενόμενοι
1231 1266 1413 1338 ἱερεῖς,
1453 1266 1664 1338 χρόνοις

154 1351 323 1421 ὕστερον
347 1351 598 1421 ἠθέλησαν
632 1354 804 1424 αὐτὴν
824 1355 1164 1427 ἀποκρύψαι,
1194 1358 1286 1410 καὶ
1307 1361 1386 1423 είς
1409 1358 1473 1412 τὸ
1495 1359 1665 1430 μυθῶ-

148 1442 214 1505 δες
243 1443 674 1513 ἀποκαταστῆσαι.
723 1446 811 1512 Ἐξ
850 1443 911 1502 οὗ
953 1447 1015 1501 τὸ
1061 1450 1320 1519 μυστικὸν
1363 1451 1665 1506 ἀνέκυπτεν

149 1534 309 1584 οέἇέπω
333 1534 527 1601 φθάσαν
568 1538 648 1600 είς
683 1538 969 1609 Ἕλληνας.
1005 1561 1024 1593 ι
1063 1543 1284 1605 Τούτοις
1323 1542 1448 1613 ἑξῆς
1477 1558 1661 1614 φησιν’

153 1643 166 1672 ι
191 1624 319 1676 Ταῦθ’
346 1626 464 1695 ἡμῖν
495 1624 743 1697 εὓρηται,
766 1631 1042 1700 ἐπιμελῶς
1070 1631 1266 1687 εἰδέναι
1304 1633 1372 1687 τὰ
1403 1635 1664 1688 Φοινίκων

149 1717 338 1778 ποθοῦσι,
361 1719 444 1770 καὶ
473 1718 670 1791 πολλὴν
709 1720 1223 1794 ἐξερευνησαμένοις
1249 1723 1402 1796 ὓλην,
1425 1726 1545 1797 οὐχὶ
1565 1725 1664 1798 τὴν
1695 1702 1738 1761 Β

148 1811 242 1878 παρ’
265 1808 476 1879 Ἕλλησι·
505 1810 776 1880 διάφωνος
799 1813 908 1883 γὰρ
929 1813 1088 1886 αὕτη,
1116 1817 1211 1868 καὶ
1236 1817 1668 1889 φιλονεικότερον

148 1902 213 1951 ὑπ’
237 1903 366 1954 ἐνίων
383 1904 592 1972 μᾶλλον,
622 1907 655 1974 ἦ
689 1906 827 1976 πρὸς
856 1906 1111 1977 ἀλήθειαν
1132 1909 1466 1964 συντεθεῖσα.
1503 1929 1521 1961 ι
1557 1913 1667 1965 Καὶ

150 1993 382 2064 ἕτερα
399 2011 410 2024 ”
435 2014 450 2045 t
472 1996 656 2061 Οὕτως
694 2016 752 2051 τε
772 2000 860 2068 ἔχε
871 2019 917 2051 ιν
935 2002 1226 2054 πεπεῖσθαι
1243 2004 1376 2072 ἡμῖν
1395 2003 1662 2073 παρέστη,

146 2085 201 2146 ὡς
231 2085 402 2147 ἐκεῖνος
436 2088 701 2158 γέγραφε,
742 2091 839 2161 τὴν
878 2092 1172 2162 διαφωνίαν
1204 2093 1370 2166 ὁρῶσι
1413 2094 1511 2165 τὴν
1535 2097 1665 2165 παρ’

149 2175 338 2246 'iﬁlnst,
378 2175 582 2248 περἰἧς
613 2198 710 2250 μοι
753 2183 879 2252 τρία
909 2183 1326 2254 πεφιλοτίμηται
1359 2183 1536 2254 βιϐλία
1567 2187 1666 2256 τὴν

149 2273 389 2344 ἐπιγραφὴν
434 2275 619 2345 ἔχοντα
680 2277 1036 2346 Παραδόξου
1092 2273 1411 2348 Ἱστορίας.
1470 2299 1488 2332 ι
1557 2283 1666 2334 Καὶ

146 2361 262 2428 αὖθις
284 2367 382 2436 μεθ’
402 2369 556 2439 ἕτερα
584 2370 856 2438 ἐπιλέγειο
899 2389 918 2421 ι
952 2371 1398 2445 Προδιαρθρῶσαι
1417 2374 1474 2426 δὲ
1499 2374 1665 2443 ἀναγ-

145 2461 257 2508 καῖον
281 2458 396 2529 πρὸς
423 2459 513 2530 τὴν
555 2457 718 2524 αὖθις
764 2464 1075 2533 σαφήνειαν,
1122 2463 1218 2518 καὶ
1248 2464 1346 2536 τὴν
1381 2465 1490 2518 τῶν
1523 2467 1664 2521 κατὰ

150 2547 270 2617 μέρος
291 2549 575 2617 διάγνωσιν,
616 2553 705 2604 ὅτι
747 2551 796 2604 οἱ
833 2551 1180 2604 παλαιότατοι
1207 2552 1316 2605 τῶν
1352 2552 1661 2625 βαρϐάρων,

147 2638 374 2710 ἐξαιρέτως
397 2642 451 2694 δὲ
477 2644 728 2707 Φοίνικές
751 2661 811 2696 τε
838 2645 932 2697 καὶ
967 2645 1273 2713 Αἰγύπτιοι,
1302 2649 1431 2717 παρ’
1457 2641 1530 2700 ὧν
1568 2650 1662 2702 καὶ

147 2731 182 2779 οξ
207 2731 344 2784 λοιποὶ
373 2734 670 2805 παρέλαϐον
706 2736 1002 2808 ἄνθρωποι,
1043 2737 1198 2801 θεοὺς
1229 2739 1476 2809 ἐνόμιζον
1510 2740 1662 2811 μεγι-

154 2837 263 2886 ετιυς
282 2826 388 2889 τοὺς
414 2827 478 2880 τὰ
509 2828 645 2898 πρὸς
688 2829 786 2900 τὴν
830 2827 1087 2899 βιωτικὴν
1114 2834 1300 2901 χρεϊαν
1324 2831 1600 2902 εὑρόντας,
1625 2832 1660 2904 ἢ

151 2916 215 2966 7.23:
247 2919 363 2969 κατά
395 2935 441 2970 τι
488 2917 547 2972 εὖ
579 2922 917 2991 ποιήσαντας
959 2924 1027 2973 τὰ
1070 2922 1217 2995 ἔθνη·
1274 2923 1565 2995 εὐεργέτας
1601 2943 1660 2978 τε

150 3006 313 3070 triton;
337 3011 419 3062 καὶ
451 3011 661 3065 πολλῶν
713 3013 920 3077 αἰτίους
963 3015 1181 3084 ἀγαθῶν
1230 3016 1546 3088 ἡγούμενοι,
1583 3019 1661 3083 ὡς

151 3094 262 3161 εεοϋς
296 3104 658 3171 προσεκύνουν·
696 3106 790 3158 καὶ
836 3108 915 3170 εἰς
962 3106 1021 3158 τὸ
1065 3108 1241 3176 χρεὼν
1283 3111 1659 3176 καταστάντας

151 3193 266 3252 me;
287 3199 820 3268 μετασκευασάμενοι,
849 3199 1046 3269 στήλας
1061 3218 1118 3254 τε
1141 3202 1236 3254 καὶ
1259 3203 1482 3273 ράὅδους
1507 3205 1662 3272 ἀφιέ-

151 3297 242 3350 fmv
262 3284 311 3348 ἐξ
334 3287 573 3357 ὀνόματος
599 3287 806 3352 αὐτῶν,
838 3291 931 3342 καὶ
961 3290 1127 3344 ταῦτα
1161 3292 1407 3362 μεγάλως
1439 3295 1661 3363 σεϐόμε-

151 3389 220 3435 νοι,
249 3380 323 3428 καὶ
346 3379 520 3448 ἑορτὰς
541 3381 738 3451 ἔνεμον
765 3382 950 3445 αὐτοῖς
970 3382 1068 3446 τὰς
1098 3384 1361 3453 μεγίστας
1393 3384 1656 3448 Φοίνικες.

158 3467 406 3538 Ἐξαιρέτως
433 3471 485 3524 δὲ
523 3474 618 3526 καί
649 3472 763 3526 ἀπὸ
792 3472 900 3525 τῶν
925 3474 1200 3544 σφετέρων
1232 3474 1515 3543 βασιλέων,
1545 3478 1658 3538 τοῖς

150 3565 363 3627 manuni;
395 3565 699 3634 στοιχείοις,
726 3565 820 3618 καί
859 3582 969 3618 τισι
997 3566 1104 3619 τῶν
1128 3567 1495 3637 νομιζομένων
1518 3566 1654 3619 θεῶν

150 3649 217 3712 τὰς
241 3653 493 3722 ὀνομασίας
530 3657 821 3712 ἐπέθεσαν·
856 3661 1115 3727 φυσικοὺς
1144 3658 1222 3723 δὲ,
1246 3658 1414 3728 ἥλιον,
1448 3656 1538 3711 καὶ
1565 3675 1654 3711 σε-

150 3738 287 3809 limi,
312 3746 392 3796 καὶ
423 3749 546 3810 τοὺς
589 3748 815 3811 λοιποὺς
854 3745 1126 3820 πλανῆτας
1171 3747 1424 3817 ἀστέρας,
1459 3749 1552 3800 καὶ
1588 3748 1654 3800 τὰ

153 3839 343 3903 στοιχεῖα,
375 3840 461 3892 καὶ
497 3839 564 3892 τὰ
593 3839 807 3904 τούτοις
856 3839 1086 3910 συναφῇ,
1123 3838 1277 3902 Θεοὺς
1324 3840 1514 3909 μόνους
1543 3837 1655 3906 ὲγί-

153 3939 316 3990 mea,
343 3928 459 3980 ὥστ’
486 3933 676 3994 αὐτοῖς
705 3932 830 3993 τοὺς
867 3930 965 3999 μὲν
1011 3929 1254 4002 θνητοὺς,
1292 3931 1418 3994 τοὺς
1445 3930 1502 3983 δὲ
1523 3930 1654 3983 ἀθαο

153 4019 290 4080 vitae;
323 4019 461 4084 θεοὺς
485 4018 646 4076 εἶναι.
687 4042 705 4075 ι
745 4023 926 4076 Ταῦτα
951 4023 1091 4078 κατά
1109 4023 1390 4094 προοίμιον
1421 4023 1450 4075 ὁ
1482 4024 1654 4078 Φίλων

154 4109 528 4182 εαπειλάμενος,
555 4115 690 4184 ἑξῆς
732 4116 1038 4186 ἀπαρχεται
1070 4116 1172 4186 τῆς
1198 4116 1293 4170 τοῦ
1322 4116 1652 4186 Σαγχουνιά-

155 4199 272 4267 θωιως
314 4207 605 4279 ἑρμηνείας,
636 4202 743 4264 ὧδέ
767 4225 883 4272 πως
905 4209 1004 4280 τὴν
1029 4206 1344 4280 Φοινικικὴν
1373 4209 1655 4280 ἐκτιθέμεο

156 4309 214 4356 κς
235 4297 322 4367 (33)
349 4283 630 4370 θεολογίαν.

1687 3075 1729 3132 C

1228 213 1546 274 PREPAR.
1593 217 1844 274 EVANG.
1878 217 2006 273 LIB.
2051 219 2088 274 1.

3270 233 3341 292 74

1764 353 1832 406 ab
1859 354 1950 406 illo
1977 364 2155 408 autem
2195 357 2539 426 auspicatum
2575 369 2719 418 esse.
2750 367 2908 424 quem
2966 353 3036 408 ab
3069 353 3342 426 Egyptiis

1765 444 1872 514 32
1921 444 2158 516 Thoyth,
2198 449 2267 502 ab
2314 447 2695 503 Alexandrinis
2730 445 2933 513 Thoth,
2974 447 3339 509 nominatum,

1765 533 1939 590 Graeci
1977 535 2206 606 Ἑρμῆν,
2231 536 2334 591 hoc
2370 549 2450 592 est
2478 536 2829 600 Mercurium,
2870 536 3214 592 reddidere.»
3241 535 3343 594 His

1767 629 2230 693 commemoratis,
2277 628 2610 684 recentiores
2632 629 2773 695 illos,
2797 629 2888 699 qui
2918 639 3104 700 postea
3160 645 3344 684 emer-

1765 727 1972 784 serant,
1998 734 2066 772 eo
2103 719 2325 774 nomine
2353 720 2716 790 reprehendit,
2760 720 2907 790 quod
2957 735 3078 790 qua:
3124 721 3192 776 de
3234 721 3342 776 diis

1765 808 1928 878 vulgo
1958 807 2293 872 ferebantur,
2317 809 2385 864 ad
2403 810 2690 881 allegorias
2719 809 2906 865 nescio
2935 824 3071 878 quas
3121 794 3176 865 et
3200 812 3339 882 phy-

1767 899 1912 954 sicas
1943 898 2334 968 explicationes
2393 898 2448 953 vi
2495 897 2640 953 facta
2692 899 2910 953 veritati
2971 900 3338 955 traducerent.

1765 989 1817 1046 ls
1846 1005 1977 1060 ergo
2011 989 2090 1045 sic
2118 990 2172 1043 in
2213 1004 2504 1060 progressu
2539 989 2776 1060 loquitur
2806 1007 2821 1045 :
2866 1009 2886 1042 ‹
2925 989 3033 1044 Sed
3072 991 3219 1045 enim
3246 992 3341 1061 qui

1767 1083 2067 1137 novissime
2097 1096 2283 1136 rerum
2323 1097 2602 1137 sacrarum
2631 1082 3050 1152 disputationem
3085 1084 3334 1154 attigere,

1765 1189 1889 1229 cum
1919 1189 2109 1228 eorum
2137 1188 2259 1244 quae
2304 1173 2442 1228 facta
2481 1182 2638 1228 erant
2664 1174 2782 1243 ipso
2817 1175 2999 1228 statim
3024 1175 3180 1229 initio
3202 1175 3343 1230 veri-

1766 1274 1930 1322 tatem
1974 1267 2314 1336 rejecissent,
2348 1267 2620 1337 allegoriis
2662 1267 2986 1336 quibusdam
3021 1282 3085 1321 ac
3142 1266 3345 1322 fabulis

1766 1358 2108 1428 excogitatis,
2150 1365 2385 1428 cumque
2426 1359 2591 1413 rebus
2625 1358 2692 1413 iis
2731 1374 2853 1428 qua:
2882 1358 3045 1428 hujus
3099 1359 3343 1414 universi

1767 1457 2018 1502 naturam
2052 1459 2464 1520 consequuntur
2494 1449 2759 1505 affinitate
2800 1450 3052 1516 conficta,
3087 1449 3344 1521 mysteria

1765 1539 2203 1608 densis_obducta
2227 1539 2463 1594 tenebris
2488 1539 2861 1606 instituerunt,
2886 1556 2953 1594 ne
2979 1540 3100 1609 quis
3129 1555 3344 1604 eorum,

1765 1647 1888 1701 qua:
1923 1647 2114 1701 reapse
2164 1642 2314 1702 gesta
2364 1642 2541 1699 erant,
2603 1634 2884 1688 veritatem
2930 1633 3132 1688 intueri
3181 1632 3346 1687 facile

1766 1733 1971 1794 posset.
2007 1724 2098 1779 Ille
2123 1734 2306 1779 autem
2335 1741 2458 1780 cum
2486 1727 2538 1778 in
2573 1740 2771 1780 arcana
2829 1725 3074 1795 quaedam
3125 1725 3347 1778 Ammov

1767 1832 2013 1871 meorum
2064 1818 2342 1872 volumina
2393 1819 2694 1882 incidisset,
2739 1832 2860 1886 qua:
2896 1832 2961 1871 ex
2989 1815 3342 1870 interioribus

1768 1910 2094 1979 templorum
2125 1909 2514 1979 penetralibus,
2545 1909 2636 1964 ubi
2690 1909 3140 1977 antejacuerant,
3173 1907 3344 1962 educ-

1767 2010 1819 2054 ta
1845 2016 1970 2056 cum
1999 2001 2158 2055 obvia
2189 2000 2394 2070 passim
2422 2015 2530 2053 non
2558 2007 2743 2053 essent
2774 2037 2790 2063 ,
2827 1998 3078 2052 omnium
3113 2006 3338 2053 senten-

1767 2093 1900 2146 tiam
1962 2092 2207 2161 diligenti
2292 2092 2642 2146 meditatione
2700 2090 2972 2160 quaesivit,
3046 2089 3340 2160 laetumque

1766 2183 2006 2254 suscepit
2021 2183 2223 2238 laboris
2246 2183 2450 2238 exitum
2475 2190 2822 2246 consecutus,
2845 2197 2965 2252 quae
2983 2181 3038 2236 in
3056 2182 3173 2252 ipso
3187 2182 3340 2238 aditu

1765 2273 2126 2329 occurrebant
2156 2273 2356 2329 fabulis
2381 2289 2503 2329 cum
2527 2273 2801 2344 allegoriis
2831 2274 3088 2329 omnibus
3116 2275 3183 2328 de
3227 2290 3342 2330 me-

1765 2367 1858 2424 dio
1883 2368 2136 2434 sublatis,
2172 2369 2478 2424 institutum
2507 2383 2646 2438 opus
2669 2383 2824 2422 suam
2852 2369 2918 2422 ad
2947 2367 3336 2439 perfectionem

1765 2459 2247 2529 maturitatemque
2296 2459 2595 2529 perduxit:
2651 2459 2826 2514 donec
2865 2460 2958 2529 qui
3011 2468 3136 2529 post
3184 2460 3338 2515 illum

1764 2550 2021 2605 exstitere
2042 2550 2374 2615 sacerdotes,
2411 2551 2553 2604 idem
2593 2549 2771 2620 ipsum
2825 2550 3103 2605 occultare
3160 2551 3340 2605 denuo

1766 2650 1928 2710 atque
1964 2643 2030 2696 ad
2064 2643 2370 2711 priscarum
2402 2640 2707 2696 fabularum
2741 2652 3048 2696 commenta
3083 2656 3340 2698 revocare

1763 2741 1950 2802 postea
1987 2733 2308 2798 voluissent,
2342 2733 2485 2787 unde
2527 2729 2787 2803 mysticus
2821 2733 2908 2787 ille
2933 2747 3128 2789 sensus
3161 2750 3340 2790 emer-

1763 2825 1852 2890 sit,
1883 2825 1978 2895 qui
2007 2841 2290 2895 nunquam
2325 2835 2479 2879 antea
2554 2826 2870 2880 Graecorum
2921 2827 3135 2882 animos
3174 2843 3342 2884 occuo

1761 2928 1936 2990 parat.
1953 2939 1970 2971 ι
1990 2919 2200 2985 Quibus
2217 2918 2470 2988 deinceps
2491 2917 2593 2972 ista
2607 2917 2914 2988 subjungit:
2939 2935 2959 2971 ι
2981 2917 3106 2975 Haec
3122 2923 3336 2976 tandem

1765 3027 1797 3066 a
1825 3012 1982 3066 nob'is
2018 3006 2231 3080 repﬁta
2259 3023 2406 3076 sunt,
2440 3026 2563 3064 cum
2595 3010 2896 3065 vehementi
2947 3015 3338 3081 cognoscenda:

1763 3101 2084 3158 Phoenicum
2117 3103 2363 3157 historiae
2424 3101 2694 3156 desiderio
2745 3110 3078 3169 tenerentur,
3107 3118 3170 3159 ac
3201 3119 3334 3174 pos-

1763 3204 2016 3264 teaquam
2039 3194 2310 3265 ingentem
2339 3192 2602 3247 librorum
2644 3194 3212 3264 monimentorumque
3239 3196 3336 3251 sile

1763 3303 1886 3340 vam
1917 3287 2110 3355 cupide
2141 3285 2368 3340 scrutati
2399 3300 2669 3351 essemus,
2701 3301 2808 3340 non
2833 3303 2954 3341 eam
2983 3296 3184 3356 tamen,
3214 3304 3337 3359 quas

1764 3393 1926 3446 penes
1956 3376 2173 3431 Graecos
2202 3384 2340 3438 erat,
2380 3375 2526 3444 quod
2578 3375 2751 3444 ipsam
2802 3393 2997 3448 magna
3037 3395 3160 3433 cum
3222 3382 3336 3436 dis-

1763 3469 2018 3523 sensione
2053 3468 2386 3533 animorum,
2438 3475 2493 3522 et
2530 3469 2896 3525 contentionis
2941 3471 3123 3539 potius
3167 3486 3332 3542 quam

1764 3560 2011 3615 veritatis
2069 3560 2248 3615 studio
2297 3558 2587 3614 conflatam
2651 3576 2680 3614 a
2727 3563 3004 3616 nonnullis
3047 3579 3170 3618 esse
3209 3580 3335 3634 per-

1759 3653 2021 3707 viderem.
2060 3672 2078 3704 )
2107 3651 2244 3706 Tum
2267 3653 2590 3722 quibusdam
2632 3655 2928 3724 interjectis
2949 3671 2964 3708 :
2989 3673 3006 3706 ι
3032 3655 3112 3709 Ad
3148 3656 3331 3723 fidem,

1762 3745 1957 3815 inquit,
1989 3745 2134 3800 illius
2169 3746 2387 3814 scriptis
2416 3747 2801 3811 adhibendam,
2831 3761 2897 3801 eo
2924 3747 3161 3801 maxime
3185 3749 3330 3817 quod

1762 3840 1935 3894 oculis
1968 3841 2239 3893 intuemur
2265 3839 2577 3894 Graecorum
2610 3838 2892 3892 hominum
2917 3839 3148 3892 dissidio
3172 3840 3336 3894 addu-

1762 3934 1834 3987 cti
1869 3949 2099 3998 sumus;
2133 3934 2199 3988 de
2237 3949 2346 4002 quo
2373 3933 2477 3987 tria
2510 3948 2726 4002 quoque
2771 3933 3068 4000 volumina,
3097 3950 3332 4004 quorum

1762 4026 2045 4095 inscriptio
2084 4035 2188 4088 est,
2239 4024 2316 4078 De
2347 4025 2644 4079 incredibili
2671 4026 2920 4090 historia,
2960 4026 3203 4094 studiose
3268 4042 3334 4082 ac

1759 4117 2043 4186 diligenter
2079 4114 2500 4169 elaboravimus.
2538 4135 2556 4166 ι
2585 4114 2660 4168 Ac
2680 4130 2894 4168 rursum
2927 4124 3044 4184 post
3067 4117 3171 4170 alia
3199 4132 3336 4170 non-

1759 4209 1929 4270 nulla,
1963 4206 2146 4261 subdit
2175 4224 2188 4260 :
2225 4224 2244 4258 ι
2278 4206 2400 4264 Jam
2445 4221 2596 4272 vero,
2623 4221 2732 4275 quo
2777 4207 3038 4262 illustrior
3072 4209 3334 4264 habeatur

1759 4299 2039 4368 magisque
2069 4296 2326 4351 distincta
2359 4298 2434 4352 rei
2459 4299 2627 4352 totius
2650 4299 3000 4368 intelligentia
3034 4299 3139 4355 hoc
3167 4301 3331 4354 etiam

157 4398 241 4441 ante
275 4395 429 4447 omnia
473 4411 680 4465 ponere
726 4412 828 4452 nos
869 4403 1113 4465 oportet,
1164 4394 1520 4449 barbarorum
1568 4393 2001 4465 antiquissimos,
2044 4391 2328 4447 Phoenices
2368 4393 2420 4446 in
2465 4393 2656 4461 primis
2687 4402 2741 4449 et
2771 4392 3076 4466 Egyptios,
3130 4412 3159 4450 a
3207 4397 3334 4465 qui.

159 4480 382 4542 busceteri
407 4491 660 4561 deinceps
690 4491 874 4560 pepuli
907 4506 1113 4544 morem
1149 4491 1300 4544 illum
1347 4505 1638 4560 accepere,
1680 4491 1732 4544 in
1801 4489 2165 4543 maximorum
2207 4488 2434 4542 deorum
2478 4488 2599 4543 loco
2644 4505 2739 4545 eos
2805 4503 2996 4544 omnes
3039 4490 3331 4557 habuisse,

159 4579 218 4643 qui
241 4595 308 4635 res
333 4584 390 4636 ad
421 4587 579 4640 vitam
604 4587 870 4657 agendam
912 4587 1247 4641 necessarias
1297 4586 1651 4651 invenissent,
1695 4586 1788 4656 qui
1841 4600 1948 4654 que
1993 4583 2313 4638 beneficium
2347 4585 2564 4655 aliquod
2597 4584 2649 4639 in
2681 4600 2850 4656 genus
2890 4585 3172 4639 hominum
3203 4601 3336 4641 cono

161 4670 362 4729 lulissent.
398 4676 496 4732 Eos
529 4679 794 4733 nimirum
834 4678 977 4748 quod
1006 4678 1108 4734 sibi
1139 4677 1499 4748 plurimorum
1557 4686 1816 4733 auctores
1871 4677 2138 4731 bonorum
2207 4691 2330 4732 esse
2369 4677 2780 4747 persuaderent,
2845 4677 3043 4733 divinis
3108 4679 3332 4734 honori.

158 4758 227 4814 bus
244 4769 459 4838 coluere;
491 4789 553 4827 ac
583 4775 912 4842 templorum
938 4789 1063 4837 usu,
1092 4789 1214 4840 quae
1234 4773 1348 4842 jam
1382 4782 1508 4828 ante
1565 4781 1878 4829 constructa
1909 4772 2144 4859 fuerant,
2176 4773 2281 4827 hoc
2312 4773 2380 4828 ad
2433 4789 2635 4830 munus
2663 4772 3010 4844 ofﬁciumque
3044 4775 3330 4842 traducto,

159 4853 512 4923 33mlumnas
552 4867 780 4935 insuper
832 4867 1120 4937 virgasque
1162 4868 1368 4937 ligneas
1423 4867 1668 4936 ipsorum
1733 4867 1954 4922 nomine
2032 4853 2422 4922 consecrarunt
2481 4883 2653 4938 eaque
2732 4868 3005 4940 praecipuo
3051 4869 3330 4940 religionis

160 4948 264 5002 cultu
305 4959 555 5023 prosecuti
658 4959 969 5028 Phoenices,
1061 4959 1230 5016 festos
1301 4961 1408 5015 illis
1467 4976 1684 5032 quoque
1721 4961 1836 5016 dies
1901 4961 2058 5032 longe
2118 4960 2501 5019 celeberrimos
2567 4963 2906 5018 dedicarunt.
2950 4962 3008 5018 in
3066 4980 3176 5034 quo
3205 4965 3330 5033 qui-

158 5041 244 5097 dem
290 5051 519 5108 eximium
555 5055 689 5111 illud
757 5055 878 5119 fuit,
909 5056 1052 5126 quod
1092 5071 1280 5126 regum
1317 5072 1544 5112 suorum
1603 5058 1822 5112 nomina
1873 5057 2114 5112 universi
2165 5057 2327 5125 hujus
2374 5058 2683 5122 ‘elementis,
2755 5073 2819 5112 ac
2863 5057 3188 5127 quibusdam
3235 5071 3330 5110 eo-

160 5146 260 5199 Tum,
282 5143 452 5208 quibus
487 5127 825 5202 divinitatem
873 5148 975 5216 ipsi
1026 5147 1354 5211 tribuebant,
1396 5148 1754 5218 imponerent.
1797 5146 2083 5202 Naturales
2135 5163 2299 5216 porro
2323 5148 2475 5215 deos,
2517 5148 2709 5212 solem,
2745 5147 2951 5210 lunam,
2987 5147 3332 5216 reliquasque

162 5227 292 5284 stellas
305 5234 598 5304 inerrantes,
643 5256 767 5295 cum
793 5241 1072 5296 elementis
1101 5256 1162 5295 ac
1199 5240 1408 5295 caneris
1439 5257 1563 5295 cum
1617 5241 1858 5310 ejusdem
1888 5240 2146 5294 afﬁnitate
2179 5241 2508 5309 conjunctis,
2565 5239 2681 5295 solo
2703 5255 2768 5292 ex
2796 5238 3049 5292 omnibus
3077 5253 3335 5306 agnosce-

162 5317 272 5389 bam;
324 5343 376 5384 ut
438 5345 686 5392 mor-tates
724 5337 944 5406 quidem
1010 5337 1168 5404 alios,
1210 5337 1345 5391 alios
1397 5349 1575 5391 autem
1638 5337 1973 5391 immortales
2035 5337 2169 5390 deos
2232 5337 2514 5390 haberent.
2565 5355 2584 5388 ι
2615 5331 2824 5400 Quibus
2871 5331 3029 5386 Philo
3095 5330 3335 5386 breviter

1821 5572 1931 5644 (35)
1983 5571 2407 5642 Ἐκτιθέμενος.
2450 5567 3195 5644 Μοηι.,έκτιθεμένου,σιιιοᾱ
3215 5566 3320 5626 for-

1749 5641 1894 5699 tasSe
1913 5641 2149 5712 rectius,
2181 5641 2238 5698 ut
2259 5645 2326 5698 ad
2360 5641 2830 5713 Σαγχουνιάθωνος
2848 5641 3149 5698 referatur.

2920 5740 2958 5798 3

213 5562 296 5634 (εἳ)
325 5565 781 5646 νοεῖ-ἀλληγορίας
822 5575 1105 5631 inserenda
1127 5574 1441 5644 conjunctio
1467 5572 1552 5646 δέ,
1573 5587 1638 5646 ex

213 5591 296 5634 tu;
327 5591 439 5624 rost
461 5591 556 5626 αλλ
594 5591 781 5646 γοριας
822 5591 1105 5631 inserenda
1127 5591 1441 5644 conjunctio
1467 5591 1544 5634 οε,
1573 5591 1638 5630 ex

169 5625 335 5693 “antae.
363 5591 634 5697 codice.1n
661 5647 782 5701 aliis
812 5647 1213 5703 sollicitandum
1243 5646 1456 5701 videtur
1482 5643 1638 5698 nihil.

415 5737 600 5801 Pun.
639 5741 755 5804 Gn.
787 5741 956 5806 XX].
