3798 6220
378 272 445 328 79
1039 267 1311 324 EUSEBII
1351 265 1836 324 CESARIENSIS
1870 269 2017 325 OPP.
2061 269 2240 326 PARS
2278 268 2341 322 ll.
2383 297 2453 310 σ-
2493 266 2972 322 APOLOGETICA
3546 260 3622 313 80

374 389 633 444 lbrium
668 396 1064 456 ventorumque
1102 394 1420 455 tempestate
1447 393 1632 439 coorta
1658 425 1671 448 ,
1717 400 1782 440 ex
1813 384 1942 454 Τομὶ

2076 387 2179 448 iob;
2235 385 2398 438 αὑτοῦ
2456 385 2666 456 τοίχους
2716 385 2875 454 φασὶν
2922 382 3204 452 ἐπινοῆσαι
3248 381 3312 434 ἐκ
3361 378 3626 434 πλίνθων.

374 483 633 536 arborum
661 477 941 532 collisione
975 477 1116 546 ignis
1147 475 1461 538 exarsisset,
1491 490 1717 544 quaeque
1748 475 1945 529 ibidem

375 579 494 624 erat
526 568 734 639 sylvam
769 564 1126 627 incendisset,
1167 563 1360 616 arbore
1393 563 1552 630 cujus
1604 570 1728 616 ante
1763 578 1946 617 ramos

377 666 709 730 amputarat,
739 656 937 726 navigii
960 656 1079 708 loco
1113 669 1245 708 usus
1274 668 1618 722 nequaquam
1644 667 1762 707 sese
1809 653 1947 706 mari

378 753 530 808 nullo
552 752 677 806 licet
708 750 958 820 exemplo
1000 748 1339 802 committere
1368 746 1654 800 dubitavit.
1689 746 1947 800 Geminos

379 860 598 915 quoque
617 844 806 913 cippos
835 857 959 896 cum
991 841 1101 910 igni
1129 849 1397 909 ventoque
1434 839 1764 900 dedicasset,
1815 853 1943 892 mox

378 935 597 1003 utrique
645 931 982 987 adorationis
1015 931 1221 986 cultum
1259 929 1538 995 exhibuit,
1577 944 1826 1000 quasque
1856 945 1948 984 ve—

381 1027 561 1081 nando
587 1033 806 1095 ceperat
837 1023 1076 1079 ferarum
1107 1023 1427 1093 sanguinem
1463 1022 1673 1076 libavit.
1731 1019 1949 1076 Postea-

379 1134 540 1189 quam
576 1126 757 1172 autem
789 1130 1105 1186 supremum
1147 1114 1238 1169 isti
1271 1128 1462 1168 omnes
1489 1113 1632 1168 diem
1661 1113 1946 1180 obiissent,

379 1211 473 1280 qui
503 1209 844 1280 superstites,
879 1207 1078 1276 inquit,
1120 1220 1428 1260 remansere
1460 1246 1475 1270 ,
1523 1205 1704 1274 virgas
1738 1220 1802 1259 ac
1830 1205 1946 1272 cip-

379 1302 557 1371 posin
580 1315 771 1354 eorum
804 1301 1066 1352 honorem
1097 1306 1448 1352 consecratos
1501 1298 1834 1362 adorarunt,
1871 1296 1949 1351 fe-

381 1401 604 1461 stosque
632 1391 749 1444 dies
771 1387 1000 1443 solemni
1025 1387 1132 1441 ritu
1170 1388 1464 1458 quotannis
1499 1397 1846 1458 peregerunt.
1881 1388 1950 1441 At

380 1498 512 1538 vero
546 1483 734 1536 multis
761 1491 886 1550 post
917 1482 1131 1536 saeculis
1155 1521 1171 1547 ,
1200 1497 1263 1536 ex
1305 1481 1452 1536 illius
1489 1478 1822 1551 liypsuranii
1855 1495 1947 1534 so.

381 1570 504 1624 bole
527 1567 767 1624 Venator
800 1585 863 1623 ac
897 1569 1140 1623 Piscator
1167 1571 1279 1624 nati
1307 1579 1456 1633 sunt,
1493 1570 1586 1640 qui
1632 1569 1950 1640 piscationis

382 1675 446 1716 ac
477 1660 784 1716 venationis
811 1668 978 1714 artem
1004 1662 1281 1726 invenere,
1305 1677 1370 1716 ac
1386 1661 1482 1716 toti
1505 1662 1836 1732 piscatorum
1863 1678 1952 1716 ve—

383 1762 746 1822 natorumque
779 1753 987 1807 nationi
1027 1769 1186 1807 suum
1217 1761 1406 1824 postea
1442 1768 1641 1807 nomen
1685 1753 1947 1807 indidere.
1983 1741 2024 1795 Β

380 1845 462 1897 Ab
485 1844 674 1898 iisdem
712 1843 907 1899 fratres
933 1844 1199 1913 procreati
1224 1845 1358 1909 duo,
1386 1845 1482 1914 qui
1508 1842 1711 1899 ferrum
1727 1859 1792 1898 ac
1818 1845 1952 1898 mul-

381 1935 621 2005 tiplicem
654 1935 784 1991 ferr'i
816 1952 978 1991 usum
1011 1951 1280 2005 reperere.
1331 1934 1575 2002 Quorum
1609 1937 1748 1990 alter
1779 1935 1952 2006 Chry-

381 2044 475 2083 sor
505 2029 746 2094 nomine,
781 2045 941 2099 quem
977 2028 1278 2084 Vulcanum
1329 2043 1451 2083 esse
1500 2029 1619 2094 ait,
1654 2028 1949 2098 plurimum

379 2137 559 2192 opera:
587 2137 651 2177 ac
683 2123 849 2178 studii
903 2123 1102 2192 partim
1158 2122 1212 2176 in
1269 2122 1604 2192 eloquentia,
1641 2122 1838 2192 partim
1896 2122 1950 2176 in

379 2217 729 2272 cantionibus
761 2216 1115 2272 acdivinandi
1143 2217 1350 2271 artibus
1373 2216 1679 2271 collocavit.
1712 2214 1762 2271 ls
1789 2217 1949 2270 etiam

381 2309 603 2362 hamum
633 2317 797 2378 atque
825 2323 1029 2371 escam,
1055 2308 1385 2378 piscatorum
1419 2307 1640 2372 lineam,
1673 2321 1735 2360 ac
1761 2305 1954 2359 tumul-

381 2401 591 2456 tua'rias
613 2413 759 2456 rates
789 2401 1012 2466 invenit,
1037 2399 1680 2470 primusquemorlalium
1705 2398 1951 2452 omnium

379 2492 670 2563 navigavit.
696 2491 1062 2557 Quamobrem
1088 2508 1213 2546 eum
1242 2507 1460 2561 quoque
1491 2502 1613 2562 post
1638 2493 1848 2546 obitum
1877 2492 1954 2546 in-

380 2598 493 2635 star
521 2583 611 2636 Dei
666 2584 986 2647 coluerum,
1043 2583 1332 2652 ipsumque
1371 2592 1628 2652 praeterea
1663 2581 1952 2636 Diamichii

381 2677 600 2730 nomine
627 2677 999 2745 appellarunt;
1037 2690 1137 2730 nec
1164 2678 1362 2730 desunt
1395 2676 1557 2730 etiam
1582 2676 1676 2745 qui
1701 2675 1770 2729 ab
1803 2674 1952 2744 ejus-8

380 2773 500 2825 dem
537 2771 795 2826 fratribus
824 2771 1211 2825 struendorum
1243 2784 1309 2826 ex
1353 2771 1616 2825 lateribus
1665 2785 1950 2824 murorum

379 2878 444 2916 ac
472 2862 735 2931 parietum
757 2861 1022 2914 rationem
1076 2861 1434 2930 excogitatam
1479 2875 1604 2914 esse
1651 2860 1836 2918 velint.
1870 2859 1953 2912 Ab

379 2955 621 3023 ejusdem
647 2953 877 3021 posteris
909 2953 1074 3022 geniti
1120 2951 1496 3006 adulescentes
1529 2952 1639 3005 duo
1667 2991 1681 3014 ,
1716 2965 1949 3020 quorum

383 3062 526 3100 unus
559 3044 784 3109 Artifex,
815 3045 950 3098 alter
983 3059 1112 3098 vero
1143 3045 1422 3099 terrestris
1457 3043 1711 3113 lndigena
1748 3059 1954 3098 nuncu-

381 3149 560 3208 patus.
587 3137 650 3191 Hi
685 3138 1106 3208 quisquiliarum
1136 3153 1260 3192 cum
1311 3137 1547 3190 lateritio
1575 3137 1691 3190 luto
1721 3137 1954 3191 miscen-

380 3233 600 3295 darum,
649 3231 938 3299 utriusque
968 3245 1096 3284 vero
1123 3229 1255 3284 solis
1284 3229 1467 3282 calore
1488 3227 1799 3282 exsiccandi
1831 3269 1846 3292 ,
1889 3241 1954 3283 ac

383 3331 650 3376 tectorum
710 3321 918 3375 aedibus
962 3319 1414 3388 imponendorum
1475 3327 1726 3373 auctores
1778 3317 1950 3374 fuere.

383 3415 532 3468 Alios
563 3413 689 3468 item
721 3413 858 3467 duos
905 3420 1278 3481 procrearunt,
1317 3423 1550 3480 quorum
1586 3426 1728 3466 unus
1777 3410 1951 3480 Agri,

383 3506 518 3561 alter
543 3504 750 3559 llustici
790 3505 905 3559 sive
937 3504 1186 3572 agricola:
1216 3518 1415 3556 nomen
1467 3502 1696 3572 accepit.
1729 3501 1795 3556 Et
1827 3503 1953 3558 huic

383 3597 600 3665 quidem
628 3595 981 3650 simulacrum
1009 3595 1213 3649 eximio
1235 3595 1384 3649 cultu
1399 3595 1708 3650 dedicatum
1735 3606 1838 3661 est,
1865 3596 1956 3650 ad-

383 3689 496 3742 dito
522 3703 739 3758 quoque
773 3687 828 3740 in
885 3685 1144 3741 Pbaanice
1177 3687 1399 3755 templo,
1459 3687 1603 3754 quod
1649 3688 1718 3742 ab
1748 3688 1956 3757 aliquot

378 3781 689 3849 jugatorum
726 3779 889 3832 boum
921 3777 1142 3846 paribus
1168 3779 1514 3848 gestabatur:
1548 3779 1679 3847 quin
1702 3779 1866 3833 etiam
1898 3780 1950 3832 in

384 3882 622 3926 veterum
667 3871 823 3925 libris
871 3871 1097 3924 deorum
1132 3871 1406 3924 maximus
1428 3871 1604 3941 elogio
1635 3870 1794 3940 plane
1841 3872 1954 3926 sin-

383 3963 554 4031 gulari
588 3963 920 4016 nominatur.
949 3963 1123 4017 Ambo
1150 3972 1406 4031 praztcrea
1424 3963 1804 4018 construendis
1832 3963 1956 4019 aedi-

381 4057 487 4111 bus
516 4070 624 4110 non
650 4054 828 4110 solum
858 4056 1027 4119 atria,
1057 4071 1245 4109 verum
1289 4055 1452 4110 etiam
1481 4055 1646 4110 ducta
1675 4055 1729 4109 in
1765 4055 1954 4110 orbem

383 4157 533 4218 septa
561 4162 685 4201 cum
718 4146 992 4216 speluncis
1025 4145 1297 4201 addidere.
1327 4147 1409 4199 Ab
1439 4146 1504 4201 iis
1551 4157 1658 4201 tam
1691 4147 1956 4217 agricola-

385 4256 528 4304 rum,
553 4253 714 4309 quam
747 4247 1090 4302 venatorum,
1136 4235 1231 4306 qui
1262 4236 1491 4292 canibus
1525 4246 1830 4302 uterentur,
1857 4252 1954 4307 ge-

382 4346 488 4384 nus
527 4337 904 4399 propagatum.
958 4328 1153 4384 Iisdem
1186 4327 1457 4382 Erronum
1500 4342 1565 4382 ac
1596 4326 1850 4382 Titanum
1881 4337 1957 4382 at-

2053 478 2187 548 μετὰ
2215 478 2384 531 ταῦτα
2417 481 2479 530 ἐκ
2510 477 2603 530 τοῦ
2631 477 2818 544 γένους
2851 474 3041 528 τούτου
3085 470 3335 541 γενέσθαι
3376 468 3629 532 νεανίδας

2049 571 2160 633 δύο,
2209 570 2488 623 καλεῖσθαι
2534 569 2590 622 δὲ
2636 567 2816 621 αὐτῶν
2860 567 2951 621 τὸν
2994 566 3092 638 μὲν
3131 563 3411 634 Τεχνίτην,
3444 561 3534 613 τὸν
3563 559 3632 612 δὲ

2052 663 2238 732 γήϊνον
2280 662 2602 732 Αύτὸχθονα.
2648 654 2809 713 Οὗτοι
2855 657 3156 727 ἐπενόησαν
3191 654 3268 726 τῷ
3314 651 3469 724 πηλῷ
3522 652 3629 721 τῆς

2051 753 2272 807 πλίνθου
2318 752 2676 824 συμμιγνύειν
2705 751 2958 824 φορυτὸν,
2991 749 3086 802 καὶ
3112 747 3190 818 τῷ
3215 745 3352 818 ἡλίῳ
3394 744 3564 807 αὑτὰς
3595 755 3628 782 ιι

2048 848 2370 918 τερσαίνειν,
2411 846 2546 899 ἀλλὰ
2587 846 2677 898 καὶ
2727 843 2922 912 στέγας
2953 839 3192 911 ἐξεῦρον.
3245 837 3378 890 Ἀπὸ
3417 834 3631 888 τούτων

2050 939 2294 1003 ἐγένοντο
2347 938 2543 1010 ἕτεροι,
2586 931 2660 990 ὧν
2710 938 2738 989 ὁ
2793 935 2892 1006 μὲν
2953 931 3144 1003 Ἀγρὸς
3189 930 3450 993 ἐκαλεῖτο,
3487 930 3515 981 ὁ
3569 927 3633 980 δὲ

2063 1029 2391 1102 Ἀγρούηρος
2429 1029 2462 1098 ἢ
2515 1028 2797 1099 ’Λγρότης,
2843 1020 2904 1080 οὗ
2944 1025 3038 1078 καὶ
3084 1024 3267 1087 ξόανον
3299 1016 3435 1075 εἶναι
3478 1019 3632 1090 μάλα.

2052 1120 2364 1191 σεϐάσμιον,
2419 1121 2514 1173 καὶ
2578 1119 2702 1172 ναὸν
2743 1117 3212 1188 ζυγοφορούμενον
3261 1115 3318 1166 ἐν
3362 1112 3628 1182 Φοινίκξγ

2051 1211 2200 1280 παρὰ
2221 1211 2277 1263 δὲ
2304 1209 2526 1279 βιϐλίοις
2550 1208 2661 1278 (58)
2689 1207 2981 1279 ἐξαιρέτως
3010 1204 3147 1258 θεῶν
3176 1205 3204 1254 ὁ
3233 1203 3484 1274 μέγιστος
3507 1201 3634 1253 δνο-

2054 1300 2301 1372 μάζεται.
2341 1299 2669 1368 Ἐπενὸησαν
2696 1299 2752 1352 δὲ
2780 1293 2923 1353 οὗτοι
2957 1295 3123 1358 αὐλὰς
3142 1292 3486 1366 προστιθέναι
3510 1294 3635 1352 τοῖς

2051 1394 2238 1457 οἴκοις,
2282 1394 2375 1445 καὶ
2426 1391 2779 1464 περιϐόλαια,
2823 1391 2916 1443 καὶ
2955 1389 3214 1459 σπήλαια.
3277 1384 3373 1437 Ἐκ
3417 1383 3631 1435 τούτων

2053 1486 2278 1556 ἀγρόται
2307 1486 2399 1538 καὶ
2430 1484 2676 1553 κυνηγοί.
2722 1476 2882 1536 Οὗτοι
2927 1483 2983 1534 δὲ
3016 1483 3108 1534 καὶ
3147 1478 3364 1548 Ἀλῆται
3407 1476 3497 1528 καὶ
3530 1474 3633 1524 Τι-

2051 1580 2212 1640 τᾶνες
2249 1576 2554 1630 καλοῦνται.
2615 1577 2746 1627 Ἀπὸ
2802 1574 3005 1627 τούτων
3061 1569 3311 1640 γενέσθαι
3400 1563 3635 1634 Ἀμύνον

2054 1670 2146 1722 καὶ
2173 1670 2383 1735 Μάγον,
2427 1668 2476 1720 οἳ
2513 1666 2824 1729 κατέδειξαν
2854 1665 3044 1735 κῶμας
3071 1663 3164 1716 καὶ
3196 1660 3448 1729 ποίμνας.
3487 1654 3635 1710 Ἀπὸ

2051 1757 2256 1810 τούτων
2301 1756 2550 1826 γενέσθαι
2593 1755 2787 1826 Μισὼρ
2837 1756 2928 1808 καὶ
2976 1753 3150 1806 Συδὺκ
3188 1751 3318 1819 i259),
3349 1748 3634 1800 τουτέστιν

2051 1849 2270 1902 εὔλυτον
2301 1851 2395 1902 καὶ
2420 1849 2646 1902 δίκαιον.
2690 1843 2847 1902 Οὗτοι
2889 1847 2987 1916 τὴν
3026 1843 3118 1897 τοῦ
3157 1843 3280 1906 ἁλὸς
3310 1841 3502 1912 χρῆσιν
3536 1835 3639 1890 εὖ-

2053 1959 2163 2011 ρον.
2214 1940 2346 1994 Ἀπὸ
2379 1939 2576 2012 Μισὼρ
2605 1940 2871 2001 Τάαυτος,
2901 1938 2958 2000 ὃς
2980 1932 3102 2008 εὗρε
3132 1935 3227 2006 τὴν
3257 1933 3364 1986 τῶν
3394 1930 3634 2004 πρώτων

2052 2034 2328 2104 στοιχείων
2377 2036 2630 2106 γραφήν
2685 2033 2742 2086 ὃν
2790 2031 3074 2100 Αἰγύπτιοι
3129 2030 3226 2101 μὲν
3269 2025 3438 2098 Θωὼρ
3489 2026 3632 2096 (40),

2065 2125 2432 2198 Ἀλεξανδρεῖς
2473 2126 2528 2179 δὲ
2571 2125 2750 2188 Θωῢθ,
2794 2123 3052 2194 ’Έλληνες
3095 2122 3152 2175 δὲ
3192 2121 3392 2192 Ἑρμῆν
3433 2119 3634 2171 ἐκάλε-

2055 2237 2182 2273 σανο
2218 2222 2282 2272 ἐκ
2323 2219 2380 2271 δὲ
2419 2217 2511 2270 τοῦ
2561 2218 2759 2280 Συδὺκ,
2809 2212 3210 2285 Διόσκουροι,ἢ
3257 2212 3538 2282 Καϐειροὶ,
3594 2209 3631 2279 ἦ

2054 2311 2418 2382 Κορύϐαντες,
2469 2311 2501 2382 ἢ
2553 2309 2922 2380 Σαμοθρᾷκες.
2981 2300 3163 2369 Οὗτοι,
3218 2306 3370 2376 φησὶ,
3418 2303 3633 2376 πρῶτοι

2052 2404 2234 2456 πλοῖον
2280 2397 2455 2472 εὖρον.
2501 2401 2594 2454 Ἐκ
2632 2398 2833 2454 τούτων
2872 2399 3158 2466 γεγόνασιν
3197 2396 3393 2467 ⁹ιέτεροι,
3437 2395 3485 2447 οἳ
3532 2395 3634 2447 καὶ

2051 2496 2278 2570 βοτάνας
2309 2491 2486 2566 εὗρον,
2518 2493 2612 2548 καὶ
2635 2493 2736 2564 τὴν
2762 2492 2868 2545 τῶν
2897 2489 3137 2544 δακετῶν
3171 2493 3336 2551 ἴασιν,
3365 2490 3458 2542 καὶ
3483 2491 3635 2558 ἐπῳ-

2058 2589 2175 2651 δάς.
2211 2587 2367 2640 Κατὰ
2410 2586 2632 2649 τούτους
2659 2584 2868 2654 γίνεταί
2919 2601 3000 2646 τις
3045 2582 3250 2636 Ἐλιοίν
3297 2581 3634 2652 καλούμενος

2055 2679 2337 2749 Ὕψιστος,
2371 2678 2464 2731 καὶ
2493 2676 2680 2748 θήλεια
2704 2674 2971 2746 λεγομένη
2999 2672 3232 2744 Βηροὺθ,
3252 2673 3300 2726 οἳ
3326 2673 3419 2725 καὶ
3450 2672 3636 2741 κατῴ-

2053 2787 2181 2823 κουν
2216 2770 2344 2840 περί
2369 2767 2592 2830 Βύϐλον,
2621 2765 2680 2831 ἐξ
2709 2761 2783 2819 ὧν
2809 2767 3063 2834 γεννᾶται
3096 2765 3364 2832 Ἐπίγειος
3389 2763 3422 2832 ἢ
3456 2763 3634 2814 Αὐτό-

2053 2858 2217 2928 χθων,
2233 2859 2292 2913 ὃν
2319 2857 2544 2929 ὕστερον
2566 2858 2828 2911 ἐκάλεσαν
2853 2856 3110 2927 Οὐρανόν·
3131 2856 3206 2918 ὼς
3236 2855 3328 2908 ἀπ’
3351 2853 3512 2907 αὑτοῦ
3533 2855 3634 2907 καὶ

2052 2952 2113 3004 τὸ
2143 2951 2282 3021 ὑπὲρ
2312 2951 2460 3021 ἡμᾶς
2495 2952 2776 3021 στοιχεῖον,
2808 2949 2876 3001 δι’
2919 2947 3222 3018 ὑπερϐολὴν
3257 2947 3349 3000 τοῦ
3396 2946 3633 3008 κάλλους

2055 3043 2340 3115 ὀνομάζειν
2370 3041 2619 3114 οὐρανόν.
2649 3042 2908 3094 Γεννᾶται
2928 3039 2986 3092 δὲ
3012 3038 3182 3108 τούτῳ
3210 3037 3411 3108 ἀδελφὴ
3433 3039 3496 3089 ἐκ
3517 3036 3638 3089 τῶν

2055 3134 2488 3208 προειρημένων,
2518 3134 2552 3204 ἢ
2594 3134 2687 3188 καὶ
2716 3132 2921 3203 ἐκλήθη
2951 3131 3048 3202 Γῆ,
3080 3130 3175 3184 κα)⁸
3201 3129 3290 3182 διὰ
3321 3128 3380 3181 τὸ
3409 3127 3632 3192 κάλλος,

2053 3229 2147 3281 ἀπ’
2177 3227 2368 3296 αὐτῆς,
2408 3229 2595 3296 φησιν,
2627 3225 2891 3280 ἐκάλεσαν
2931 3224 3029 3296 τήν
3074 3220 3361 3293 ὁμώνυμον
3398 3222 3521 3292 γῆν.
3567 3221 3631 3273 '0

2053 3317 2108 3370 δὲ
2152 3317 2358 3369 τούτων
2401 3315 2584 3387 πατὴρ
2633 3317 2662 3368 ὁ
2711 3313 2970 3384 ’Υψιστος
3010 3315 3074 3366 ἐκ
3120 3311 3394 3383 συμϐολῆς
3423 3309 3633 3383 θηρίων

2052 3409 2376 3480 τελευτήσας
2406 3407 2708 3479 ἀφιερώθη,
2739 3401 2783 3474 ᾧ
2813 3408 2904 3460 καὶ
2937 3406 3066 3477 χοὰς
3095 3405 3188 3458 καὶ
3218 3403 3409 3466 θυσίας
3435 3404 3481 3454 οἱ
3509 3405 3638 3454 παῖ-

2051 3500 2139 3564 δες
2181 3501 2450 3556 ἐτέλεσαν.
2486 3499 2820 3571 Παραλαϐὼν
2849 3499 2904 3551 δὲ
2935 3500 2963 3550 ὁ
2997 3496 3238 3568 Οὐρανὸς
3267 3493 3364 3566 τὴν
3394 3493 3486 3546 τοῦ
3523 3509 3638 3546 παν-

2053 3593 2180 3664 τρὸς
2203 3593 2396 3664 ἀρχὴν,
2420 3593 2609 3661 ἄγεται
2640 3591 2774 3662 πρὸς
2793 3591 2971 3660 γάμον
2997 3588 3094 3659 τὴν
3121 3585 3354 3657 ἀδελφὴν
3379 3585 3506 3657 Γῆν,
3537 3585 3641 3637 καὶ

2053 3687 2286 3738 ποιεῖται
2318 3685 2376 3752 ἐξ
2409 3682 2577 3752 αὐτῆς
2608 3683 2801 3746 παῖδας
2831 3677 2896 3744 δ’,
2949 3675 3114 3742 Ἶλον,
3147 3680 3204 3732 ὃν
3262 3679 3358 3734 καὶ
3397 3679 3638 3750 Κρόνον,

2053 3781 2146 3832 καὶ
2191 3778 2436 3841 Βέτυλον,
2489 3779 2583 3830 καὶ
2626 3774 2817 3844 Δαγὼν
2867 3777 3000 3845 (Al),
3050 3776 3108 3838 ὃς
3155 3775 3272 3828 ἐστι
3315 3775 3502 3834 Σίτων,
3536 3775 3640 3828 καὶ

2058 3874 2346 3926 1Ἀτλαντα.
2378 3873 2486 3925 Καὶ
2519 3871 2578 3936 ἐξ
2605 3871 2776 3926 ἄλλων
2804 3870 2861 3922 δὲ
2887 3868 3138 3940 γαμετῶν
3167 3871 3196 3922 ὁ
3227 3867 3471 3940 Οὐρανὸς
3503 3866 3640 3919 πολ-ο

2054 3967 2149 4039 λὴν
2178 3967 2301 4037 ἔσχε
2324 3965 2538 4033 γενεάν.
2571 3965 2661 4017 Διὸ
2698 3963 2791 4016 καὶ
2815 3962 3211 4032 χαλεπαίνουσα
3241 3962 3274 4030 ἡ
3300 3959 3398 4029 Γῆ,
3423 3958 3514 4012 τὸν
3535 3959 3640 4011 Οὑ-

2055 4058 2212 4131 ρανὸν
2244 4057 2618 4129 ζηλοτυποῦσα
2647 4056 2922 4119 ἐκάκιζεν,
2947 4053 3021 4118 ὡς
3052 4055 3146 4106 καὶ
3168 4053 3445 4123 διαστῆναι
3469 4051 3640 4122 ἀλλή-

2052 4151 2179 4206 λων.
2221 4151 2278 4204 '0
2304 4150 2359 4202 δὲ
2394 4151 2632 4221 Ούρανὸς
2670 4149 3032 4220 ἀποχωρήσας
3079 4147 3270 4216 αὐτῆς,
3313 4143 3447 4217 μετὰ
3485 4143 3636 4213 βίας,

2052 4244 2140 4296 ὅτε
2179 4243 2271 4295 καὶ
2308 4242 2558 4295 ἐϐούλετο
2590 4240 2778 4305 ἐπιὼν,
2803 4241 2896 4294 καὶ
2930 4238 3244 4308 πλησιάζων
3286 4239 3445 4308 αὐτῇ,
3468 4235 3638 4289 πάλιν

2054 4333 2442 4405 ἀπηλλάττετο.
2481 4333 2786 4403 Ἐπεχείρει
2809 4333 2865 4385 δέ
2891 4331 3130 4395 καὶτοὺς
3159 4329 3220 4394 ἐξ
3241 4329 3407 4398 αὐτῆς
3434 4328 3638 4390 παῖδας

385 4421 647 4474 tributum
687 4434 904 4472 nomen.
941 4417 1109 4473 Filios
1142 4419 1411 4488 reliquere
1442 4417 1714 4488 Amynum
1763 4426 1816 4471 et
1845 4415 1951 4470 Ma-

2076 4426 2403 4497 ῐιαφθείρειν,
2432 4425 2529 4495 τὴν
2562 4425 2616 4477 δὲ
2641 4426 2745 4493 Γῆν
2768 4423 3075 4494 ἀμύνασθαι
3099 4422 3379 4487 πολλάκις,
3414 4437 3639 4489 συμμα-

383 4529 510 4581 guin
545 4552 560 4576 ,
607 4511 806 4582 quibus
850 4511 1100 4565 villarum
1153 4526 1486 4580 gregumque
1519 4510 1836 4564 alendorum
1872 4523 1956 4563 ra-

384 4606 560 4657 tiones
591 4601 838 4656 feruntur
865 4613 1116 4671 acceptae.
1167 4603 1275 4673 36
1301 4601 1379 4655 Ex
1419 4602 1536 4657 istis
1573 4601 1683 4654 nati
1709 4600 1875 4656 Misor
1898 4609 1954 4656 et

387 4693 582 4763 Sydyc,
611 4693 714 4748 hoc
739 4703 824 4750 est
851 4691 1042 4748 Solutu
1094 4693 1313 4766 facilis;
1357 4709 1420 4748 ac
1446 4692 1661 4758 Justus,
1697 4693 1790 4763 qui
1822 4694 1954 4748 salis

387 4801 547 4839 usum
577 4800 850 4855 reperere.
881 4778 1048 4840 Misor
1080 4786 1248 4840 ﬁlium
1287 4786 1570 4841 Taautum’
1606 4787 1797 4842 habuit
1849 4787 1956 4856 pri-

393 4893 603 4930 morum
629 4879 679 4929 in
696 4878 980 4931 scribendo
1000 4878 1388 4932 elementorum
1413 4879 1769 4944 inventorem,
1795 4894 1955 4947 quem

394 4970 630 5040 (Egyptii
652 4965 856 5037 Thoor,
883 4971 1235 5025 Alexandrini
1271 4971 1504 5043 Tboytb,
1545 4971 1717 5027 Graeci
1749 4971 1957 5026 Mercu-

461 5123 485 5151 ι
524 5109 611 5162 "Ia
642 5112 801 5165 αὐτα.

460 5270 574 5336 (38)
613 5270 894 5342 Βιὸλιοις.
929 5269 1090 5342 Forte
1137 5270 1431 5342 reponend.
1464 5270 1728 5334 Βυϐλίοις,
1757 5282 1814 5325 ut
1853 5271 1956 5342 By-

388 5340 801 5410 bliospopulos,
829 5353 937 5394 non
969 5341 1133 5393 libros
1165 5341 1444 5410 intelligat.

461 5409 572 5477 (59)
625 5409 825 5476 Mmcbp
874 5411 972 5462 καὶ
1015 5410 1232 5464 Συδῠκ.
1284 5409 1502 5464 Hebraea
1558 5422 1702 5476 sunt,
1765 5421 1950 5470 ητινησ

390 5477 683 5561 rectitude;
712 5489 768 5561 et
789 5485 923 5561 py,
947 5481 1150 5561 justus.

461 5546 569 5618 (ιο)
607 5546 805 5614 Gutpr
834 5546 998 5604 Mont.
1029 5552 1128 5618 leg.
1167 5549 1308 5614 Θώθ,
1342 5550 1557 5616 melius,
1586 5559 1645 5603 ut
1672 5551 1908 5604 arbitror
1933 5567 1946 5615 ;

389 5618 602 5673 tametsi
631 5628 930 5684 permutata
958 5621 1042 5673 bic
1075 5619 1451 5689 Egyptiorum
1482 5629 1535 5673 et
1565 5620 1950 5674 Alexandrino-

391 5705 509 5742 rum
570 5689 787 5741 nomina
842 5689 1008 5744 videri
1060 5694 1289 5760 yossint.
1329 5689 1502 5759 Supra
1544 5691 1687 5744 enim
1744 5706 1862 5761 cap.
1892 5691 1946 5758 9,

2054 4511 2174 4582 χίαν
2215 4513 2350 4583 αὐτῇ
2386 4511 2803 4583 συλλεξτιμένην.
2842 4513 2934 4576 Εἰς
2979 4512 3178 4582 ἄνδρας
3204 4512 3260 4564 δὲ
3289 4509 3563 4581 προελθὼν
3605 4511 3640 4562 ὁ

2056 4606 2301 4678 Κρόνος,
2378 4605 2550 4678 Ἑρμῇ
2602 4604 2685 4675 τῷ
2746 4604 3127 4675 Τρισμεγίστῳ
3190 4601 3477 4674 συμϐούλῳ
3536 4603 3641 4652 καὶ

2059 4697 2236 4769 βοηθῷ
2276 4690 2760 4769 χρώμενος,·οὗτος
2790 4695 2896 4766 γὰρ
2933 4691 3000 4766 ῆν
3045 4694 3208 4748 αὑτοῦ
3246 4693 3636 4764 γραμματεὺς,

2057 4790 2148 4842 τὸν
2180 4791 2389 4861 πατέρα
2436 4789 2678 4860 Οὐρανὸν
2708 4787 2994 4858 ἀμύνεται,
3025 4787 3283 4858 τιμωρῶν
3327 4788 3393 4857 τῇ
3439 4785 3634 4855 μητρί.

2059 4882 2265 4951 Κρόνου
2308 4881 2365 4932 δὲ
2415 4880 2653 4948 γίνονται
2677 4878 2886 4942 παῖδες,
2925 4878 3237 4948 Περσεφόνη
3269 4878 3362 4929 καὶ
3409 4874 3634 4946 Ἀθηνᾶ..

2068 4975 2129 5027 Ἢ
2158 4975 2254 5044 μὲν
2283 4969 2374 5026 οὖν
2415 4971 2604 5043 πρώτη
2638 4970 2904 5043 παρθένος
2933 4970 3206 5023 ἐτελεύτα·
3239 4969 3340 5040 τῆς
3364 4969 3422 5022 δὲ
3473 4967 3642 5039 Ἀθη-

2063 5273 2166 5328 sub
2212 5271 2396 5336 ﬁnem,
2438 5271 2648 5342 Tlioytb
2702 5271 2990 5341 Egyptiis,
3023 5270 3202 5326 Tbotli
3237 5286 3366 5326 vero
3395 5270 3640 5330 Alexan-

2055 5344 2226 5396 drinis
2251 5343 2542 5406 tribuerat;
2578 5343 2663 5396 hic
2692 5352 2899 5397 contra.

2126 5413 2233 5482 (41)
2274 5410 2493 5480 Δαγὼν.
2535 5409 2820 5466 Hebraeum
2852 5425 2934 5467 est
2971 5419 3078 5482 1:1,
3113 5413 3467 5482 frumentum;
3498 5427 3634 5468 nam

2053 5492 2105 5535 et
2139 5480 2240 5535 hic
2293 5482 2456 5534 σίτων
2490 5483 2820 5550 explicatur;
2855 5494 2908 5535 et
2933 5480 3032 5550 “'31
3077 5481 3166 5535 ille
3221 5480 3635 5538 Philistaaoruin

2053 5553 2207 5615 deus,
2242 5552 2494 5604 frumenti
2521 5567 2740 5619 praeses.
2769 5551 2886 5604 Mox
2915 5551 3100 5619 noster
3125 5552 3637 5609 Sancbuniatlmnis

2052 5620 2368 5695 o'rea'UJGs
2419 5618 2628 5695 Δαγὼν,
2675 5623 2862 5693 ἐπειδὴ
2911 5618 3031 5693 εὗρε
3061 5625 3203 5676 σῖτον
3237 5623 3328 5676 καὶ
3372 5621 3630 5695 ἄροτρόν,

2055 5691 2254 5764 ἐκλήθη
2287 5693 2420 5754 Ζεὺς
2461 5691 2758 5766 Ἀρότρικ.
