3798 6220
162 381 222 436 Si
1323 384 1651 439 PRA'IPAR.
1696 383 1951 442 EVANG.
1994 384 2123 440 LIB.
2165 386 2211 443 ῐ.
3354 387 3427 445 δε

162 499 253 561 γῆς
269 497 461 569 γνώμῃ
479 498 577 550 καὶ
592 496 1196 568 Ἐρμοῦ,κατεσκεύασε
1212 503 1422 574 Κρόνος
1439 504 1503 557 ὲκ
1526 503 1662 575 σιδήε

1926 518 1992 558 ιω
2020 504 2396 558 nominarunt.
2435 501 2514 557 Ex
2542 502 2722 575 Sydyc
2752 518 2883 558 vero
2916 501 3187 569 Dioscuri,
3210 517 3305 558 seu
3328 502 3426 559 Ca-

163 591 336 662 ἅρπην
350 592 446 644 καὶ
458 590 619 662 δόρυ.
643 586 775 644 Εἶτα
794 593 824 644 6
837 593 1048 664 Ἐρμῆς
1061 596 1174 657 τοῖς
1187 594 1281 647 τοῦ
1302 595 1510 666 Κρόνου
1536 611 1601 648 συ
1609 595 1750 666 μμά-

160 700 269 755 χοις
300 681 494 750 λόγους
522 684 761 752 μαγείας
782 682 1108 755 διαλεχθεὶς,
1138 685 1302 739 πόθον
1332 685 1615 757 ἐνεποίησε
1636 688 1749 749 τοῖς

159 775 272 825 κατ’
298 773 548 844 οὐρανὸν
566 786 597 814 ι
624 774 807 845 μάχης
829 776 972 845 ὑπὲρ
994 776 1095 845 τῆς
1115 776 1240 847 Γῆς,
1259 779 1355 831 καὶ
1377 775 1520 831 οὕτω
1541 777 1750 848 Κρόνος

158 864 518 933 τῦνούρανὸν,
538 864 770 935 πολέμῳ
787 864 1106 934 συμϐαλὼν,
1123 866 1221 937 τῆς
1242 867 1417 937 ἀρχῆς
1439 866 1631 937 ἧλασε,
1655 866 1748 920 καὶ

161 955 250 1024 τὴν
280 954 563 1023 βασιλείαν
596 954 890 1019 διεδέξατο.
937 955 1111 1009 Ἑάλω
1130 957 1188 1010 δὲ
1216 960 1272 1010 ὲν
1298 960 1366 1028 τῇ
1400 958 1547 1029 μάχῃ
1581 958 1675 1011 καὶ
1714 958 1747 1028 ἡ

161 1046 451 1116 ἐπέραστος
484 1045 587 1099 τοῦ
624 1046 873 1118 Οὐρανοῦ
897 1048 1181 1116 σύγκοιτος
1207 1048 1340 1117 ὲγκύ
1351 1067 1466 1120 μων
1505 1046 1662 1113 οὖσα,
1682 1051 1749 1121 ἢν

157 1137 421 1191 ἐπιδίδωσιν
453 1139 487 1190 6
524 1139 743 1211 Κρόνος
762 1139 903 1209 πρὸς
933 1142 1111 1212 γάμον
1136 1140 1214 1212 τῷ
1242 1141 1475 1211 Δαγῶνι,
1495 1142 1669 1197 τίκτει
1690 1143 1748 1199 δὲ

157 1227 297 1299 παρὰ
318 1229 503 1300 τούτῳ
534 1229 567 1283 6
593 1229 739 1284 κατὰ
766 1232 1007 1303 γαστρὸς
1052 1232 1113 1296 ἐξ
1166 1233 1416 1303 Οὐρανοῦ
1468 1233 1684 1307 ἔφερεν,
1719 1233 1749 1287 ὃ

154 1321 241 1374 καὶ
265 1321 502 1375 ἐκάλεσε
533 1322 855 1394 Δημαροῢν.
896 1325 1020 1377 Ἐπὶ
1039 1324 1249 1388 τούτοις
1269 1327 1298 1379 6
1334 1326 1542 1397 Κρόνος
1570 1329 1748 1397 τεῖχος

150 1413 461 1484 περιϐάλλει
519 1418 591 1487 τῇ
656 1415 853 1470 ἑαυτοῦ
900 1417 1145 1489 οἰκήσει,
1196 1419 1292 1472 καὶ
1324 1417 1548 1490 πρώτην
1590 1419 1746 1473 πόλιν

149 1504 306 1570 κτίζει
349 1508 457 1580 τὴν
507 1509 610 1562 ἐπὶ
668 1509 926 1581 Φοινίκης
974 1509 1194 1563 Βύϐλον.
1230 1509 1389 1564 Μετὰ
1441 1511 1618 1564 ταῦτα
1654 1512 1745 1565 τὸν

146 1596 363 1665 ἀδελφὺν
392 1598 495 1653 τὸν
518 1600 657 1653 ῑδιον
687 1600 961 1657 Ἄτλαντα
993 1601 1294 1673 ὑπονοήσας
1327 1603 1357 1655 6
1386 1603 1615 1675 Κρόνος,
1644 1620 1743 1675 με-

145 1689 213 1744 τὰ
231 1690 466 1765 γνώμης
499 1694 600 1747 τοῦ
641 1695 845 1768 Ἑρμοῦ
870 1698 954 1761 εἰς
978 1695 1137 1767 βάθος
1163 1698 1267 1768 γῆς
1300 1696 1555 1768 ἐμϐαλὼν
1579 1697 1743 1753 κατέ-

1852 595 1978 660 biri,
2009 610 2106 651 seu
2139 595 2502 666 Corybantes,
2533 611 2629 651 seu
2646 596 2880 665 denique
2903 594 3288 650 Samothraces
3315 595 3429 650 ori-

1849 686 2030 756 ginem
2061 701 2343 756 accepere.
2383 685 2591 742 Ambos
2619 701 2841 757 quoque
2892 686 3168 755 navigium
3219 685 3427 756 primos

1847 778 2191 849 echgitasse
2218 775 2422 833 ferunt.
2457 776 2541 832 Ab
2576 789 2813 848 utroque
2842 777 3113 848 procreati
3168 777 3286 842 alii,
3329 775 3427 847 qui

1848 884 1960 925 non
1986 869 2187 926 herbas
2204 870 2388 934 modo,
2409 869 2504 923 sed
2528 869 2694 923 etiam
2722 877 3114 923 venenatorum
3143 882 3426 925 morsuum

1849 957 2192 1013 curationem
2273 967 2328 1013 et
2404 956 2687 1013 cautiones
2750 955 3026 1009 invenere.
3088 951 3421 1009 Eorumdem

1847 1057 2015 1104 aetate
2034 1056 2195 1105 natus
2236 1056 2322 1104 est
2360 1047 2520 1102 Eliun
2557 1049 2779 1118 quidam
2815 1046 3037 1101 nomine
3068 1044 3422 1109 Altissimus,

1849 1139 2090 1210 itemque
2122 1140 2324 1197 femina
2368 1139 2570 1196 Beruth
2626 1139 2915 1213 appellata.
2964 1135 3030 1192 ﬂi
3087 1138 3204 1193 loca
3254 1136 3427 1209 Byblo

1847 1232 2025 1288 vicina
2049 1244 2272 1288 tenuere
2307 1245 2373 1288 ac
2402 1230 2740 1288 Terrestrem
2786 1229 3079 1301 quemdam
3131 1229 3248 1286 sive
3284 1228 3425 1284 indi-

1846 1337 2041 1394 genam
2066 1324 2291 1393 Caelum
2303 1333 2493 1394 postea
2524 1331 2904 1392 nuncupatum
2940 1336 3178 1392 genuere
3199 1362 3213 1385 ,
3248 1336 3280 1376 a
3312 1334 3424 1391 quo

1844 1417 2009 1471 etiam
2048 1415 2181 1471 illud
2207 1415 2440 1472 sublime
2478 1415 2812 1478 elementum
2848 1454 2865 1480 ,
2918 1414 3064 1484 quod
3124 1428 3289 1483 supra
3321 1429 3424 1468 nos

1844 1509 2102 1576 volvitur,
2132 1516 2356 1579 propter
2395 1506 2654 1562 eximiam
2687 1505 3119 1577 pulchritudinis,
3141 1519 3204 1560 ac
3236 1502 3424 1558 formae

1844 1599 2081 1669 speciem
2097 1599 2308 1657 Caelum
2340 1604 2631 1654 vocarunt.
2658 1597 2711 1653 Is
2737 1610 2983 1651 sororem
3016 1594 3205 1649 habuit
3230 1594 3422 1648 iisdem

1842 1692 2162 1766 parentibus
2196 1698 2401 1756 natam,
2429 1690 2517 1745 cui
2547 1703 2747 1744 nomen
2782 1686 2951 1742 Terra
2978 1726 2992 1751 ,
3023 1686 3169 1760 quod
3204 1694 3425 1755 propter

145 1801 301 1854 χωσε.
324 1785 495 1839 Κατὰ
524 1786 721 1840 τοῦτον
743 1788 933 1859 χρόνον
950 1790 1000 1841 oi
1017 1788 1124 1842 ἀπὸ
1139 1788 1243 1842 τῶν
1262 1788 1603 1861 Διοσκούρων
1626 1806 1645 1842 c

1924 1786 2179 1857 Igularem
2209 1783 2330 1854 ejus
2355 1783 2605 1852 corporis
2630 1781 2975 1852 dignitatem,
3002 1795 3125 1834 cum
3152 1793 3237 1840 ea,
3256 1792 3424 1848 quam

144 1873 256 1938 δέας
282 1878 376 1930 καὶ
404 1877 581 1932 πλοῖα
606 1879 915 1945 συνθέντες,
951 1880 1238 1946 ἔπλευσαν,
1291 1881 1387 1943 καὶ
1420 1859 1644 1953 ἐκριφέν

1924 1891 2048 1934 ram
2080 1890 2361 1941 vocamus,
2428 1883 2617 1944 postea
2675 1872 3174 1927 communicarunt.
3221 1867 3424 1934 Parens

144 1966 274 2021 κατὰ
301 1967 365 2033 τὸ
393 1969 655 2025 Κάσσιον
688 1971 836 2043 ὅρος,
886 1972 1013 2026 ναὸν
1069 1972 1252 2026 αὐτόθι
1301 1973 1636 2043 ἀφιέρωσαν.
1678 1975 1741 2027 0i

141 2058 193 2125 δὲ
214 2059 509 2143 σύμμαχοι
540 2064 712 2128 Ἴλου,
744 2064 842 2119 τοῦ
891 2066 1125 2137 Κρόνου,
1172 2065 1405 2137 Ἐλωεὶμ
1439 2065 1746 2139 ἐπεκλήθη-

142 2169 255 2220 av,
279 2155 360 2220 ὡς
388 2157 462 2211 ἂν
488 2158 720 2232 Κρόνιοι
758 2153 908 2214 οὗτοι
939 2143 1155 2231 ἦσαν’οί
1176 2159 1461 2230 λεγόμενοι
1493 2159 1586 2214 ἐπὶ
1598 2159 1743 2231 Κρό-

141 2262 249 2306 νον.
283 2249 509 2320 Κρόνος
540 2250 604 2304 δὲ
634 2251 753 2304 υίὺν
787 2249 929 2322 ἔχων
954 2250 1190 2316 Σάδιδον,
1239 2250 1357 2322 ἰδίῳ
1408 2251 1572 2305 αὐτὸν
1604 2251 1746 2324 σιδήο

140 2355 215 2411 ρῳ
243 2339 609 2412 διεχρήσατο,
633 2341 703 2396 δι’
742 2342 999 2405 ὑπονοίας
1025 2342 1184 2396 αὐτὸν
1205 2341 1479 2415 ἐσχηκὼς,
1515 2344 1609 2396 καὶ
1639 2343 1742 2414 τῆς

140 2429 327 2500 ἐπικῆς,
362 2432 640 2503 αὐτόχειρ
686 2431 781 2487 τοῦ
823 2433 1014 2496 παιδὸς
1053 2432 1361 2503 γενόμενος,
1426 2436 1736 2505 ὲστέρησεν.

149 2521 425 2586 Ὡσαύτως
457 2525 563 2577 καὶ
587 2523 864 2595 θυγατρὸς
890 2523 1027 2588 ιδίας
1046 2525 1144 2597 τὴν
1175 2525 1421 2597 κεφαλὴν
1441 2525 1737 2596 ἀπέτεμενο

138 2616 212 2674 ὡς
240 2611 465 2677 πάντας
488 2614 882 2686 ἐκπεπλῆχθαι
914 2615 1070 2679 θεοὺς
1117 2615 1217 2687 τὴν
1256 2616 1467 2686 Κρόνου
1493 2613 1736 2687 γνώμην.

140 2700 338 2772 Χρόνου
363 2704 429 2758 δὲ
454 2705 771 2780 προίόντος,
799 2705 1040 2778 Οὐρανὸς
1060 2706 1118 2760 ἐν
1138 2708 1283 2778 φυγῇ
1314 2706 1616 2777 τυγχάνων,
1647 2704 1743 2759 θυι

142 2791 339 2862 τατέρα
368 2793 548 2847 αὐτοῦ
574 2793 853 2865 παρθένον
903 2795 1202 2867 ’Δστάρτην
1261 2796 1378 2867 μεθ’
1409 2795 1611 2866 ἐτέρων
1641 2796 1741 2849 αὐ-

141 2879 232 2955 τῆς
261 2881 524 2952 ἀδελφῶν
553 2883 673 2948 δύο,
712 2884 875 2948 Ῥέας
910 2885 1005 2939 καὶ
1033 2883 1260 2956 Διώνης,
1301 2884 1440 2956 δόλῳ
1468 2885 1561 2939 τὸν
1593 2884 1741 2957 Κρό-

141 2975 463 3028 meheth
493 2977 844 3046 ὑποπέμπει·
875 2975 943 3040 ἃς
972 2977 1063 3031 καὶ
1093 2975 1229 3031 ἑλὼν
1256 2980 1284 3032 6
1315 2977 1527 3049 Κρόνος
1555 2993 1743 3049 κουρι-

140 3065 247 3129 δίας
272 3067 539 3137 γαμετὰς
576 3067 817 3135 ἀδελφὰς
854 3067 1021 3134 οὔσας
1072 3071 1389 3140 ἐποιήσατο.
1418 3068 1584 3133 Γνοὺς
1614 3067 1674 3121 δὲ
1709 3071 1739 3123 6

141 3159 400 3265 Ob‘palbg,
432 3160 832 3232 ἐπιστρατεύει
852 3161 991 3215 κατὰ
1017 3162 1110 3215 τοῦ
1140 3163 1351 3233 Κρόνου
1379 3160 1736 3232 Εἱμαρμένην
1763 3197 1808 3265 c

139 3252 227 3304 καὶ
260 3251 443 3324 Ὥραν
468 3252 597 3321 μεθ’
623 3252 829 3323 ἐτέρων
889 3252 1214 3324 συμμάχων,
1260 3254 1354 3306 καὶ
1375 3253 1581 3316 ταύτας
1605 3253 1741 3316 eam-

138 3344 515 3413 δεξιωσάμενος
539 3344 571 3394 ό
599 3343 830 3415 Κρόνος,
844 3343 975 3415 παρ’
1020 3342 1193 3413 ἑαυτῷ
1216 3344 1499 3414 κατέσχεν.
1519 3342 1640 3395 Ἔτι
1661 3342 1739 3410 δὲ,

140 3433 324 3501 φησὶν,
356 3432 643 3502 ἐπενόησε
687 3432 812 3495 θεὸς
833 3432 1075 3504 Οὐρανὸς
1113 3432 1388 3497 Βαιτύλια,
1422 3434 1598 3501 λίθους
1634 3437 1738 3503 ἑμ-

136 3523 337 3595 ᾦύχους
396 3525 896 3596 μηχανησάμενος.
964 3524 1157 3596 Κρόνῳ
1209 3524 1267 3578 δὲ
1329 3526 1580 3595 ἐγένοντο
1631 3526 1740 3579 ἀπὸ

147 3613 454 3685 Ἀστάρτης
490 3611 802 3684 θυγατέρες
831 3612 973 3666 ἑπτὰ
1001 3614 1278 3678 Τιτανίδες
1302 3616 1336 3687 ἢ
1396 3616 1735 3689 Ἀρτέμιδες.

138 3704 241 3757 Καὶ
270 3704 441 3759 πάλιν
478 3704 563 3776 τῷ
592 3704 743 3776 αὐτῷ
766 3705 1008 3774 γίνονται
1033 3706 1143 3760 ἀπὸ
1177 3707 1331 3771 Ῥέας
1360 3706 1549 3772 παῖδες
1572 3707 1734 3775 ἑπτὰ,

139 3791 572 3862 ὧνόνεώτατος
612 3798 819 3872 ἆματῇ
862 3800 1076 3869 γενέσει
1113 3800 1416 3873 ἀφιερὼθηο
1476 3802 1570 3856 καὶ
1630 3802 1738 3856 ἀπὸ

138 3888 341 3962 Διώνης
362 3890 610 3963 θήλειαι,
663 3892 760 3945 καὶ
812 3893 922 3946 ἀπὸ
971 3892 1271 3967 Ἀστάρτης
1320 3894 1482 3948 πάλιν
1512 3894 1738 3968 ἄρρενες

138 3981 245 4045 δύο,
268 3981 452 4046 Πόθος
482 3984 583 4036 καὶ
613 3984 812 4054 Ἔρως.
874 3983 1009 4038 ὀδὲ
1039 3982 1247 4053 Δαγὼν,
1282 3983 1468 4057 ἐπειδὴ
1487 3980 1613 4058 εὗρε
1653 3986 1735 4041 σί-

142 4072 341 4124 τσνκαὶ
360 4071 631 4141 ἄροτρον,
652 4071 859 4143 ἐκλήθη
887 4073 1023 4135 Ζεὺς
1074 4074 1366 4146 Ἀράτριος.
1400 4073 1620 4146 Συδύκῳ
1652 4075 1733 4138 δὲ.

141 4161 216 4233 τῷ
240 4162 539 4234 λεγομένῳ
570 4164 809 4233 Δικαίφ,
841 4165 941 4236 μία
985 4165 1091 4220 τῶν
1118 4167 1414 4221 Τιτανίδων
1456 4168 1731 4222 συνελθού-

144 4271 225 4319 tu,
252 4258 429 4328 γεννᾷ
489 4257 609 4310 τὸν.
647 4256 998 4329 Ἀσκληπιόν·
1068 4258 1441 4332 ἐγεννήθησαν
1472 4260 1530 4313 δὲ
1557 4262 1651 4329 καὶ
1676 4263 1735 4330 ἐν

143 4346 360 4420 Περαίᾳ
393 4349 515 4418 (42)
540 4350 761 4422 Κρόνῳ,
783 4352 934 4421 τρεῖς
955 4350 1161 4416 παῖδες,
1206 4352 1416 4423 Κρόνος
1445 4332 1735 4423 ὁμώνυμος

143 4440 215 4509 τῷ
232 4442 432 4514 πατρὶ,
462 4442 560 4496 καὶ
586 4442 722 4506 Ζεὺς
750 4442 946 4513 Βῆλος,
973 4445 1066 4497 καὶ
1106 4443 1401 4498 Ἀπόλλων.
1429 4445 1585 4498 Κατὰ
1621 4444 1734 4497 τού-

1845 1978 2026 2024 autcm
2080 1968 2297 2022 illorum
2333 1967 2685 2043 Altissimus,
2719 1979 2844 2022 cum
2877 1962 3118 2018 ferarum
3157 1976 3422 2031 congres—

1844 2063 2000 2117 sione
2028 2061 2304 2132 periisset,
2335 2060 2562 2116 deorum
2597 2058 2651 2112 in
2702 2070 2994 2111 numerum
3037 2063 3121 2109 est
3173 2053 3378 2109 relatus
3403 2091 3423 2121 ,

1842 2168 2008 2224 quem
2035 2151 2394 2229 lihationihus
2422 2164 2488 2204 ac
2513 2146 2802 2203 sacriﬁciis
2842 2144 3000 2200 liberi
3051 2143 3293 2199 coluere.
3355 2143 3433 2201 At.

1841 2245 2030 2302 Caelus
2053 2245 2144 2299 ubi
2180 2252 2468 2314 paternum
2494 2242 2550 2311 in
2573 2240 2862 2310 imperium
2878 2236 3258 2300 successisset,
3284 2233 3422 2288 Ter-

1844 2351 1960 2393 ram
1991 2350 2234 2392 sororem
2259 2332 2611 2411 matrimonio
2653 2345 2843 2386 secum
2890 2327 3075 2399 junxit
3098 2366 3118 2395 ,
3153 2341 3221 2382 ex
3248 2340 3423 2396 eaque

1842 2426 2044 2483 liberos
2071 2434 2309 2497 quatuor
2341 2425 2602 2497 suscepit,
2629 2424 2805 2489 illum,
2824 2423 2919 2494 qui
2948 2420 3220 2481 Saturnus
3245 2419 3423 2475 dictus

1841 2530 1949 2589 est,
1978 2521 2248 2597 Betylum,
2275 2520 2572 2592 Dagonem,
2609 2518 2700 2589 qui
2725 2516 2867 2581 Sito,
2898 2516 3005 2571 hoc
3036 2525 3121 2570 est
3155 2511 3436 2587 frumenti

1842 2627 2066 2683 praeses,
2101 2611 2452 2677 nominatur,
2486 2617 2543 2665 et
2589 2609 2885 2664 Atlantem.
2932 2604 3013 2659 Ex
3062 2602 3186 2659 aliis
3238 2611 3418 2659 autem

1843 2704 2108 2759 uxoribus
2136 2703 2413 2775 ingentem
2442 2701 2737 2755 liberorum
2768 2695 3175 2752 multitudinem
3195 2693 3417 2766 genuit;

1842 2796 1894 2851 id
1921 2795 2067 2866 quod
2098 2795 2236 2850 adeo
2271 2807 2435 2864 grave
2462 2799 2518 2847 et
2539 2790 2796 2846 acerbum
2854 2787 3038 2855 Terra:
3066 2787 3263 2843 accidit
3292 2825 3308 2848 ,
3359 2792 3420 2839 ut

1843 2885 2106 2958 zelotypia
2131 2884 2537 2941 vehementiore
2570 2893 2855 2949 succensa,
2906 2878 3003 2933 abs
3050 2876 3202 2933 leo
3232 2874 3429 2943 multis,

1842 2987 1968 3034 ante
1995 2977 2212 3048 probris
2253 2983 2480 3031 onerato
2522 2971 2818 3027 divortium
2856 2969 3072 3025 fecerit.
3106 2967 3291 3024 leus
3321 2981 3422 3021 su—
3452 3000 3455 3001 ν

1842 3079 1950 3126 tem
1985 3069 2090 3126 etsi
2121 3069 2191 3125 ab
2220 3083 2284 3122 ea
2310 3067 2660 3129 discesserat,
2679 3063 2730 3117 vi
2763 3072 2943 3118 tamen
2967 3062 3180 3132 quoties
3201 3060 3433 3135 libitum,

1841 3171 1981 3227 erat,
2014 3162 2202 3220 eadem
2230 3175 2512 3233 oppressa,
2566 3158 2791 3213 domum
2825 3172 2946 3212 sese
2973 3157 3155 3211 denuo
3184 3154 3418 3224 recipie-

1848 3258 1961 3313 bat.
1988 3254 2188 3311 Verum
2221 3253 2367 3325 quod
2403 3259 2688 3323 susceptos
2712 3265 2779 3306 ex
2802 3250 2918 3320 ipsa
2943 3249 3086 3305 illius
3116 3248 3440 3305 interficere.

1845 3355 2160 3411 conaretur,
2187 3344 2381 3413 Terra,
2434 3347 2751 3401 convocatis
2805 3342 3167 3398 auxiliaribus
3201 3340 3376 3411 copiis
3401 3381 3418 3407 ,

1843 3436 1965 3505 ejus
2001 3436 2266 3506 impetum
2300 3448 2442 3504 saepe
2473 3431 2846 3503 propulsabat.
2883 3432 3096 3486 Interea
3120 3429 3417 3495 Saturnus,

1844 3529 1939 3584 ubi
1968 3527 2182 3582 virilem
2215 3534 2430 3581 aetatem
2465 3527 2753 3597 attigisset,
2778 3523 3031 3579 Mercurii
3052 3522 3417 3592 Trismegisti,

1841 3622 1936 3692 qui
1984 3619 2090 3692 ipsi
2121 3635 2150 3676 a
2177 3619 2379 3676 tabulis
2414 3628 2469 3674 et
2516 3618 2787 3674 codicillis
2815 3627 2968 3683 erat,
2991 3615 3222 3672 consilio
3255 3627 3436 3685 atque.

1842 3715 2061 3787 opibus,
2092 3721 2371 3768 maternas
2394 3712 2609 3766 ulturus
2634 3710 2897 3780 injurias,
2930 3707 3082 3764 Caelo
3125 3707 3263 3777 patri
3296 3722 3419 3761 sese

1842 3808 2041 3864 acriter
2065 3806 2285 3877 objecit.
2312 3803 2459 3859 Idem
2495 3803 2698 3859 liberos
2725 3805 3037 3873 procreavit
3066 3839 3080 3864 ,
3127 3798 3415 3867 Proserpi-

1840 3914 1967 3954 nam
2011 3908 2066 3954 et
2108 3898 2406 3953 Minervam
2440 3914 2455 3964 ;
2506 3911 2572 3951 ac
2626 3896 2775 3966 prior
2828 3878 3047 3965 quidem
3086 3892 3237 3962 virgo
3270 3891 3414 3946 diem

1840 3992 1975 4047 obiit
1995 4010 2008 4046 :
2027 3990 2269 4046 Minerva
2286 3999 2467 4066 autem
2480 3987 2857 4057 Mercurioque
2867 3985 3205 4047 auctoribus,
3220 3982 3415 4037 falcem

1836 4096 1903 4136 ex
1920 4079 2066 4137 ferro
2087 4082 2412 4151 hastamque
2433 4078 2722 4145 conflavit;
2743 4085 2857 4132 tum
2872 4076 3175 4133 Mercurius
3193 4073 3433 4149 Saturni

1836 4175 2003 4230 sociis
2032 4173 2327 4228 vehemens
2351 4181 2543 4228 contra
2562 4170 2774 4227 Caelum
2799 4186 2896 4241 pro
2923 4168 3091 4227 Terra
3116 4166 3427 4235 dimicandi

1835 4268 2078 4339 studium
2110 4267 2335 4338 magicis
2378 4264 2728 4321 cautionibus
2760 4260 2963 4334 injecit.
3009 4260 3283 4316 Saturnus
3312 4259 3418 4329 igi-

1834 4369 1945 4427 tur,
1962 4360 2049 4415 his
2071 4359 2373 4415 instructus
2396 4358 2590 4426 copiis,
2615 4357 2814 4431 bellum
2834 4370 2957 4412 cum
2983 4353 3142 4408 Patre
3165 4351 3420 4408 commit-

1836 4454 1924 4531 tit,
1953 4468 2129 4527 eoque
2161 4450 2375 4522 imperii
2405 4449 2608 4521 finibus
2652 4449 2846 4518 ejecto,
2890 4462 3117 4519 regnum
3152 4445 3419 4517 capessit.

144 4548 263 4611 τους
290 4534 545 4601 γίνονται
572 4533 771 4598 Πόντος
827 4535 922 4587 καὶ
958 4534 1174 4605 Τυφὼν,
1230 4537 1323 4589 καὶ
1348 4536 1586 4608 Νηρεὺς,
1623 4554 1644 4588 τ

1919 4545 1947 4614 1
1977 4544 2090 4599 Hoc
2117 4543 2169 4597 in
2201 4543 2496 4598 certamine
2521 4550 2675 4613 capta
2700 4539 2837 4611 Coeli
2867 4537 3168 4616 concubina
3198 4546 3419 4606 gestans

145 4624 240 4697 τὴρ
270 4626 512 4680 Πόντω.
556 4625 691 4678 Ἀπὸ
738 4625 799 4679 δὲ
846 4624 940 4679 τοῦ
975 4626 1176 4681 Πόντου
1232 4627 1443 4695 γίνεται
1479 4626 1665 4680 Σιδών·
1696 4627 1732 4699 ἢ

142 4716 257 4770 καθ’
281 4715 602 4788 ὑπερϐολὴν
652 4717 926 4786 εὐφωνίας
978 4717 1170 4790 πρώτη
1204 4719 1373 4787 ὕμνον
1415 4718 1557 4790 ᾠδῆς
1584 4713 1733 4790 εὐρετ

141 4809 233 4861 καὶ
262 4807 571 4861 Ποσειδῶν*
624 4807 784 4878 τῷδὲ
844 4808 1194 4881 Δημαροῦντι
1236 4809 1448 4877 γίνεται
1467 4809 1737 4882 Μελὶκαρτ

141 4900 261 4965 θος,
298 4903 332 4956 6
368 4901 466 4954 καὶ
513 4900 807 4971 Ἡρακλῆς.
836 4897 970 4955 Εἶτα
1019 4901 1181 4957 πάλιν
1231 4901 1474 4974 Οὐρανὸς
1508 4899 1735 4971 πολεμεῖ

140 4991 349 5063 Πόντῳ,
367 4992 465 5046 καὶ
492 4991 763 5058 ἀποστὰς,
780 4978 1125 5064 Δημαροῦντι
1149 4992 1517 5064 προστίθεταιο
1555 4993 1732 5047 ἔπεισί

138 5101 199 5139 τε
228 5085 424 5156 Πόντῳ
446 5087 479 5140 ὁ
499 5084 814 5158 Δημαροῦς,
848 5085 1148 5156 τροποῦταί
1168 5103 1231 5139 τε
1256 5086 1420 5140 αὐτὸν
1445 5086 1475 5138 6
1508 5086 1728 5151 Πόντος,

140 5174 171 5226 6
200 5175 262 5229 δὲ
293 5175 595 5247 Δημαροῦς
614 5175 794 5247 φυγῆς
819 5176 1009 5230 θυσίαν
1048 5174 1272 5247 ηὔξατο.
1319 5178 1471 5230 Ἔτει
1496 5177 1554 5230 δὲ
1577 5192 1732 5248 τρια-

144 5266 324 5337 κοστῷ
350 5267 595 5338 δευτέρῳ
606 5269 706 5339 τῆς
723 5268 922 5322 ἑαυτοῦ
953 5271 1275 5341 κρατήσεως
1308 5270 1404 5324 καὶ
1431 5268 1727 5339 βασιλείας,

144 5359 172 5409 6
201 5354 369 5423 Ἶλος,
396 5360 546 5413 τοῦτ’
574 5361 721 5416 ἐστιν
745 5360 777 5414 6
814 5361 1042 5434 Κρόνος,
1092 5362 1336 5435 οὐρανὸν
1378 5361 1472 5415 τὸν
1519 5362 1730 5431 πατέρα

146 5448 384 5529 λοχήσας
419 5454 481 5507 ὲν
510 5453 660 5516 τόπῳ
681 5455 790 5509 τινὶ
825 5456 1112 5526 μεσογείῳ,
1149 5456 1242 5509 καὶ
1289 5454 1467 5508 λαϐὼν
1515 5456 1731 5524 ὑποχεί-

186 5599 210 5626 ι
251 5586 338 5640 la.
374 5587 435 5640 οὐ
443 5586 628 5659 ρανοῦ.

226 5719 330 5785 ιθ)
366 5724 535 5785 Rapa,

162 5785 333 5857 Syria,
364 5785 524 5863 cuius
550 5785 840 5850 Phoenicia
870 5785 1014 5861 pars.

1838 4633 2092 4703 uterum,
2126 4636 2286 4706 cujus
2319 4635 2407 4691 ille
2451 4634 2714 4705 singulari
2742 4647 2929 4687 amore
2961 4630 3245 4699 flagrabat.
3286 4627 3419 4683 Eam

1840 4728 2110 4800 Saturnus
2163 4726 2370 4799 Dagoni
2430 4727 2485 4781 in
2534 4740 2759 4781 uxorem
2814 4723 3000 4790 dedit,
3061 4722 3205 4794 apud
3256 4738 3416 4791 quem

1837 4830 2150 4889 susceptum
2191 4834 2255 4874 ex
2303 4817 2457 4877 C(elo
2490 4817 2657 4872 fetum
2698 4817 2857 4872 enixa
2896 4813 3280 4871 Demaruntem
3321 4830 3422 4867 no.-

1839 4911 2083 4965 minavit.
2111 4908 2248 4965 Tum
2287 4925 2411 4965 vero
2453 4910 2722 4966 Saturnus
2766 4909 2912 4965 aedes
2939 4925 3070 4973 suas
3101 4924 3259 4964 muro
3303 4907 3411 4963 cin-

1839 5002 1938 5072 git,
1973 5000 2309 5072 Byblumque
2341 4999 2530 5055 condit
2556 5002 2746 5067 urbem
2779 5000 3070 5056 Phoenicia:
3092 4998 3413 5070 principem.

1839 5090 1963 5145 Mox
1995 5091 2264 5147 Atlantem
2293 5090 2539 5158 fratrem,
2571 5092 2716 5160 quod
2747 5106 2870 5146 eum
2905 5100 3218 5160 suspectum
3254 5088 3434 5155 haheq

1838 5194 1940 5250 ret,
1976 5183 2238 5239 suadente
2268 5182 2537 5238 Mercurio
2568 5184 2675 5238 alta
2707 5192 2848 5237 terra
2890 5181 3169 5235 defossum
3211 5180 3415 5234 obruit.

1839 5260 1947 5329 Per
1968 5275 2110 5331 idem
2142 5274 2311 5329 ferme
2359 5282 2570 5344 tempus
2616 5273 2999 5327 Dioscurorum
3032 5278 3254 5339 nepotes
3287 5283 3425 5340 cum,

1842 5364 2211 5439 tumultuariis
2228 5364 2435 5428 ratibus
2454 5363 2791 5433 navigiisque
2813 5359 3059 5416 conﬂatis
3080 5360 3413 5430 navigarent,

1839 5458 1907 5532 ad
1938 5458 2190 5515 Cassium
2216 5466 2455 5511 montem
2487 5455 2641 5525 ejecti
2677 5455 2934 5525 templum
2960 5469 3027 5507 eo
3056 5453 3177 5508 loco
3198 5452 3417 5508 dedica--

604 5763 617 5809 I.
688 5722 853 5804 Forte
898 5722 1001 5793 leg.
1070 5723 1303 5797 Περαίᾳ,
1333 5740 1443 5796 quo
1467 5725 1687 5801 nomine
1711 5726 1921 5809 aliquot
1971 5728 2053 5784 vel
2105 5727 2356 5801 regiones
2406 5727 2492 5784 vel
2535 5727 2709 5797 urbes
2740 5724 3086 5791 exstiterunt,
3132 5723 3295 5778 etiam
