3798 6220
411 381 485 442 85
1047 379 1323 439 EUSEBll
1353 380 1836 437 CiESARlENSlS
1873 382 2028 439 OPP.
2067 381 2250 437 PARS
2288 381 2356 436 Il.
2406 412 2469 426 .-
2503 378 3013 436 APOLOGETICA.
3590 371 3672 428 διδ

408 505 559 554 runt.
595 494 717 553 Jam
746 510 878 553 vero
907 497 1087 552 socios
1123 495 1219 563 lli,
1246 498 1338 566 qui
1366 496 1635 551 Saturnus
1669 494 1808 549 idem
1832 503 1969 550 erat.

2090 512 2225 566 ριον,
2250 493 2497 564 ἐκτέμνει
2542 491 2705 546 αὑτοῦ
2759 491 2827 544 τὰ
2856 490 3049 553 αἰδοῖα,
3085 488 3352 557 σύνεγγυς
3384 486 3578 558 πηγῶν
3601 504 3670 541 τε

408 589 583 645 Eloim
625 590 783 661 quasi
831 588 1119 645 Saturnios
1175 588 1557 658 appellarunt,
1598 587 1694 657 qui
1737 586 1983 656 ejusdem

408 681 633 737 Saturni
674 682 910 753 aequales
936 681 1096 736 etiam
1132 678 1472 734 dicebantur.
1516 676 1691 733 Porro
1725 676 1984 732 Sadidutn

406 772 578 827 tilium
609 771 879 828 Saturnus
899 813 914 837 ,
951 772 1095 843 quod
1118 784 1276 826 secus
1299 768 1501 839 aliquid
1531 770 1596 823 de
1623 769 1715 822 illo
1741 770 1986 839 suspica—

407 873 576 927 retur,
608 864 787 935 gladio
818 879 919 918 suo
944 863 1244 935 jugulavit,
1280 877 1584 928 manusque
1610 872 1862 929 paternas
1889 877 1985 915 ει-

403 950 588 1005 stincti
633 949 900 1019 sanguine
946 950 1283 1011 cruentavit,
1325 964 1389 1003 ac
1434 949 1595 1018 paulo
1645 958 1769 1018 post
1816 948 1983 1003 ﬁliam

403 1055 624 1110 quoque
675 1056 832 1099 suam
887 1042 1063 1111 capite
1108 1041 1413 1106 truncavit,
1453 1049 1510 1093 ut
1558 1040 1752 1109 reliqui
1788 1055 1982 1097 omnes

402 1131 477 1185 dii
523 1132 663 1187 lianc
706 1130 935 1186 Saturni
972 1140 1209 1187 mentem
1260 1132 1475 1201 penitus
1519 1133 1980 1202 obstupescerent.

400 1221 469 1277 At
495 1221 680 1279 leus
705 1240 828 1278 cum
861 1226 1075 1279 interim
1101 1224 1395 1289 exsularet,
1439 1233 1565 1294 post
1592 1225 1811 1293 aliquod
1845 1235 1982 1279 tem-

400 1316 551 1385 poris
603 1317 979 1383 intervallum,
1032 1318 1287 1372 Astarten
1343 1317 1508 1370 filiam
1558 1318 1822 1387 virginem
1855 1333 1982 1372 cum

398 1410 611 1464 duabus
640 1410 763 1464 aliis
779 1411 1059 1464 sororibus
1085 1409 1230 1463 Rhea
1256 1409 1511 1464 nimirum
1536 1424 1601 1465 ac
1634 1408 1807 1464 Dione
1828 1425 1981 1465 sum-

398 1500 581 1565 misit,
619 1517 742 1569 quze
777 1499 1074 1555 Saturnum
1107 1499 1298 1554 fraude
1349 1500 1671 1570 insidiisque
1712 1501 1980 1555 tollerent.

400 1591 600 1647 Verum
632 1591 904 1648 Saturnus
932 1595 1140 1663 puellas
1163 1609 1349 1650 amore
1369 1595 1754 1665 blanditiisque
1770 1602 1980 1663 captas,

399 1700 619 1741 sorores
664 1686 853 1741 ambas
880 1702 1064 1741 secum
1104 1687 1453 1741 matrimonio
1496 1687 1787 1756 copulavit.
1826 1685 1983 1753 Quod

398 1775 491 1828 ubi
518 1775 702 1831 Coclus
727 1777 1005 1841 audiisset,
1030 1776 1223 1831 Fatum
1251 1792 1315 1832 ac
1341 1776 1807 1832 Pulcltritudinem
1855 1794 1980 1833 cum

399 1865 521 1919 aliis
569 1867 737 1921 sociis
782 1867 1049 1922 adversus
1094 1883 1218 1921 eum
1263 1867 1661 1937 expeditionem
1710 1869 1985 1937 suscipere
2019 1855 2061 1910 Β

393 1958 560 2029 jrssit
584 1999 599 2024 ,
631 1974 795 2029 quam
840 1961 1043 2028 pariter
1079 1967 1368 2033 utramque
1417 1958 1685 2015 Saturnus
1716 1960 1984 2017 illecebris

397 2050 676 2107 deliuitam
723 2054 862 2122 apud
888 2068 946 2107 se
980 2053 1223 2108 retinuit.
1259 2052 1521 2108 Prwterea
1549 2053 1752 2119 Ctelus,
1787 2056 1981 2124 inquit,

397 2140 543 2200 Deus
589 2143 808 2215 Bmtylia
862 2145 1098 2214 reperit,
1153 2147 1424 2200 animatos
1482 2145 1684 2215 lapides
1730 2147 1984 2201 insolenti

395 2240 515 2290 arte
538 2232 785 2289 molitus.
817 2231 1085 2287 Caeterum
1105 2275 1120 2299 ,
1161 2234 1374 2290 Astarte
1406 2234 1547 2289 ﬁlias
1576 2243 1784 2304 scptem
1836 2236 1985 2292 Tita-

401 2325 582 2387 nidas,
622 2326 736 2380 sive
770 2325 970 2381 Dianas
1007 2326 1244 2382 Saturno
1272 2328 1498 2397 peperit,
1530 2327 1800 2398 simulque
1829 2330 1983 2386 Rhea

399 2417 620 2472 totidem
653 2417 795 2473 ﬁlios
816 2458 831 2483 ,
856 2433 1089 2487 quorum
1116 2429 1426 2489 postremus
1458 2429 1517 2474 ut
1537 2421 1771 2489 primum
1805 2422 1982 2477 lucem

394 2508 608 2577 aspexit
629 2517 1102 2565 consecratusest.
1127 2510 1270 2576 Quin
1292 2511 1455 2565 etiam
1477 2524 1545 2564 ex
1566 2508 1736 2585 Dione
1759 2512 1982 2580 quidem

396 2600 634 2664 puellas,
664 2614 731 2655 ex
768 2600 986 2655 Astarte
1012 2616 1141 2657 vero
1173 2617 1355 2659 mares
1383 2610 1644 2672 praeterea
1668 2603 1840 2669 duos,
1872 2602 1983 2658 Cu-

394 2692 635 2761 pidinem
668 2692 1036 2763 Amoremque
1065 2694 1323 2764 suscepit.
1356 2694 1540 2767 Dagon
1575 2704 1756 2751 autem
1784 2737 1799 2761 ,
1831 2694 1979 2766 quod

393 2782 728 2839 frumentum
764 2797 817 2840 et
844 2795 1087 2839 aratrum
1128 2785 1463 2849 invenisset,
1495 2786 1745 2842 Aratrius
1773 2784 1983 2855 Jupiter

394 2886 742 2947 nuncupatus
754 2885 856 2932 est.
879 2876 1111 2948 Sydyco,
1131 2893 1291 2947 quem
1305 2877 1515 2947 justum
1539 2878 1983 2949 interpretamur,

394 2985 502 3025 una
532 2985 600 3025 ex
640 2966 909 3025 Titanidis
954 2969 1328 3041 Esculapium
1355 2971 1558 3042 genuit.
1586 2970 1824 3027 Saturno
1846 2987 1984 3042 prae-

396 3070 544 3116 terea
581 3061 739 3116 liberi
768 3070 879 3119 tres
920 3064 974 3117 in
1005 3060 1186 3118 Peraea
1224 3063 1369 3125 nati,
1419 3061 1694 3118 Saturnus
1735 3063 1979 3133 ejusdem

393 3167 520 3206 cum
551 3150 713 3208 Patre
743 3153 1017 3218 nominis,
1051 3153 1164 3223 38
1199 3152 1407 3222 Jupiter
1440 3153 1600 3209 Belus
1622 3195 1637 3220 ,
1667 3162 1723 3209 et
1770 3153 1979 3223 Apollo.

395 3242 496 3298 His
519 3244 906 3314 propemodum
930 3247 1168 3315 aequales
1195 3244 1403 3300 Pontus
1421 3285 1435 3307 ,
1469 3244 1659 3316 Typho
1692 3254 1746 3299 et
1778 3243 1984 3301 Nereus

394 3332 555 3389 Ponti
586 3344 758 3403 pater.
782 3335 862 3391 Ex
893 3335 1066 3392 Ponto
1091 3335 1377 3407 Neptunus
1402 3352 1465 3391 ac
1496 3334 1629 3389 Sido
1660 3343 1982 3395 nascuntur.

397 3426 618 3495 Sidonis
638 3436 820 3484 autem
846 3444 909 3484 ea
940 3428 1183 3485 suavitas
1208 3437 1263 3484 et
1288 3428 1554 3499 elegantia
1588 3427 1737 3482 vocis
1760 3436 1896 3491 erat,
1926 3433 1986 3480 ut

398 3520 586 3591 hymni
619 3520 895 3576 modulate
921 3521 1152 3577 canendi
1189 3530 1360 3576 artem
1399 3521 1657 3591 princeps
1688 3519 1978 3574 inveniret.

394 3611 443 3667 Α
490 3612 821 3668 Demarunte
885 3612 1238 3669 Melicartltus
1289 3622 1344 3668 et
1394 3612 1654 3668 Hercules
1690 3626 1982 3683 procrean-

399 3716 518 3768 tur,
564 3720 799 3775 moxque
844 3704 1031 3760 leus
1091 3705 1159 3759 ad
1212 3703 1559 3759 Demaruntis
1635 3718 1755 3759 sese
1799 3712 1982 3772 partes

396 3798 730 3867 adjnngens;
780 3795 982 3860 Ponto,
1012 3812 1043 3851 a
1076 3810 1185 3867 quo
1214 3795 1508 3861 defecerat,
1555 3795 1736 3850 denuo
1779 3793 1980 3848 bellum

400 3898 600 3944 movet.
624 3888 691 3944 At
730 3888 938 3943 Pontus
989 3885 1398 3953 Demaruntem,
1427 3887 1520 3956 qui
1547 3901 1744 3957 magno
1774 3886 1980 3956 impetu

397 3998 533 4039 suos
561 3983 614 4036 in
636 3982 772 4037 ﬁnes
800 3981 1151 4043 incubuerat,
1178 3980 1231 4033 in
1263 3980 1443 4049 fugam
1465 3979 1653 4044 vertit;
1681 3978 1773 4033 ille
1796 3985 1978 4033 autem

399 4070 577 4126 felicis
591 4069 730 4141 fugae
754 4072 925 4141 gratia
951 4070 1279 4126 sacriﬁcium
1294 4070 1458 4124 vovit.
1489 4068 1661 4124 Porro
1707 4067 1978 4123 Saturnus

397 4179 542 4219 anno
587 4164 844 4233 occupati
884 4164 1035 4234 regni
1069 4164 1240 4218 altero
1268 4177 1431 4232 supra
1462 4161 1839 4225 tricesimum,
1884 4160 1977 4215 ubi

394 4257 611 4313 Coelum
634 4266 840 4327 patrem
857 4255 1255 4311 mediterraneo
1276 4255 1510 4324 quodam
1534 4255 1588 4308 in
1614 4254 1734 4309 loco
1755 4253 1976 4308 structis

393 4342 612 4398 insidiis
653 4354 871 4412 captum
921 4344 975 4396 in
1022 4350 1342 4412 potestatem
1380 4341 1699 4409 habuisset,
1737 4343 1974 4397 verenda

394 4434 500 4503 ipsi
525 4434 683 4505 juxta
714 4433 889 4490 fontes
918 4433 1220 4506 ﬂuviosque
1252 4433 1616 4490 circumfusos
1643 4435 1971 4503 amputavit;

2086 588 2178 640 καὶ
2206 585 2485 655 ποταμῶν.
2517 584 2684 637 Ἔνθα
2705 582 2982 654 άφιερώθη
3012 580 3268 652 Οὐρανὸς,
3303 579 3397 633 καὶ
3419 579 3671 651 ἀπηρτί-

2086 677 2189 747 σθη
2213 676 2376 731 αὐτοῦ
2403 676 2463 729 τὸ
2487 674 2728 746 πνεῦμα,
2779 675 2874 729 καὶ
2906 672 3209 737 ἀπέσταξεν
3239 671 3402 725 αὐτοῦ
3431 670 3491 723 τὸ
3520 667 3673 741 αἷμα

2084 769 2190 824 τῶν
2216 769 2427 822 αἰδοίων
2504 770 2582 831 είς
2629 770 2729 830 τὰς
2773 766 2976 836 πηγὰς,
3008 766 3102 818 καὶ
3150 764 3256 818 τῶν
3301 762 3562 834 ποταμῶν
3593 760 3673 816 τὰ

2086 860 2272 927 ὕδατα,
2310 861 2404 914 καὶ
2432 860 2594 931 μέχρι
2624 858 2813 912 τούτου
2867 856 3139 911 δείκνυται
3168 856 3229 908 τὸ
3277 854 3528 927 χωρίον.)
3558 854 3674 908 Το-

2088 951 2248 1005 σοῦτο
2277 951 2375 1022 μὲν
2400 934 2481 1022 δὴ
2497 950 2565 1003 τὰ
2587 949 2681 1003 τοῦ
2700 949 2928 1021 Κρόνου,
2948 949 3043 1002 καὶ
3068 946 3291 1001 τοιαῦτα
3319 964 3383 1016 γε
3409 945 3502 1000 τοῦ
3527 946 3672 1018 παρ’

2088 1044 2312 1114 Ἕλλησι
2346 1042 2618 1114 βοωμένου
2653 1042 2769 1112 βίου
2817 1041 2926 1094 τῶν
2972 1041 3066 1094 ἐπὶ
3112 1040 3321 1112 Κρόνου
3351 1037 3420 1092 τὰ
3463 1038 3669 1110 σεμνά.

2085 1135 2193 1200 Οὓς
2224 1135 2319 1188 καί
2372 1152 2503 1202 φασι
2548 1135 2826 1202 γεγονέναι
2870 1133 3086 1205 πρῶτον
3144 1131 3372 1203 χρύσεόν
3411 1149 3469 1184 τε
3504 1130 3674 1200 γένος

2089 1225 2341 1297 μερόπων
2365 1224 2461 1278 ἀνθ
2471 1224 2688 1296 ρώπων,
2714 1225 2813 1294 τῆς
2851 1224 3289 1295 μακαριζομένης
3313 1223 3528 1292 ἐκείνης
3551 1222 3673 1275 τῶν

2088 1316 2330 1371 παλαιῶν
2364 1316 2723 1387 εὐδαιμονίας.
2754 1315 2920 1369 Πάλιν
2938 1315 2994 1369 δὲ
3021 1317 3050 1368 6
3081 1315 3426 1387 συγγραφεὺς
3451 1313 3675 1379 τούτοις

2085 1408 2332 1481 ἐπιφέρει
2361 1408 2476 1479 μεθ’
2497 1409 2661 1480 ἕτερα
2688 1406 2885 1477 λέγωνι
2914 1426 2932 1459 ι
2954 1408 3221 1479 Ἀστάρτη
3254 1407 3312 1461 δέ
3336 1408 3371 1477 ἡ
3391 1405 3674 1475 Μεγίστη,

2084 1501 2176 1553 καὶ
2202 1501 2334 1563 Ζεὺς
2362 1498 2650 1570 Δημαροῦς
2678 1500 2770 1553 καὶ¹
2799 1498 3033 1562 Ἀδωδος
3058 1499 3307 1569 βασιλεὺς
3336 1499 3492 1565 θεῶν,
3526 1500 3676 1552 ἐϐαε

2086 1590 2291 1644 σίλευον
2322 1592 2421 1661 τῆς
2449 1590 2652 1662 χώρας,
2689 1590 2894 1661 Κρόνου
2934 1588 3148 1661 γνώμῃ.
3195 1591 3258 1642 Ἣ
3290 1591 3347 1644 δὲ
3394 1590 3675 1662 Ἀστάρτη

2085 1682 2319 1753 ἐπέθηκε
2347 1686 2413 1753 τῇ
2440 1682 2545 1754 ἰδίᾳ
2567 1681 2774 1753 κεφαλῇ
2806 1681 3082 1751 βασιλείας
3130 1681 3455 1752 παράσημον
3490 1698 3679 1750 κεφαρ

2086 1777 2181 1849 λὴν
2201 1777 2420 1849 ταύρου·
2453 1794 2520 1830 πε
2530 1776 2843 1847 ρινοστοῦσα
2870 1775 2929 1828 δὲ
2974 1774 3072 1846 τὴν
3117 1774 3461 1846 οἰκουμένην,
3503 1770 3563 1830 εὖ
3573 1794 3679 1847 ρεν

2086 1869 2359 1940 ἀεροπετῆ
2416 1868 2640 1940 ἀστέρα,
2700 1867 2759 1920 ὃν
2804 1868 2898 1920 καὶ
2953 1866 3281 1937 ἀνελομένη,
3308 1867 3364 1918 ἐν
3405 1866 3565 1938 Τύρῳ
3600 1870 3676 1938 τῇ

2088 1961 2218 2032 ἁγίᾳ
2239 1964 2386 2031 νήσῳ
2415 1960 2708 2033 ἀφιέρωσε.
2743 1959 2853 2031 Τὴν
2874 1959 2931 2012 δὲ
2972 1960 3273 2031 Ἀστάρτην
3297 1959 3536 2024 Φοίνικες
3559 1960 3677 2029 τὴν

2099 2053 2415 2124 Ἀφροδίτην
2440 2049 2580 2106 εἶναι
2634 2052 2871 2120 λέγουσι.
2915 2052 3025 2104 Καὶ
3064 2054 3092 2104 6
3120 2051 3326 2122 Κρόνος
3351 2051 3407 2104 δὲ
3437 2050 3678 2124 περιϊὼν

2084 2147 2180 2216 τὴν
2210 2144 2554 2216 οἰκουμένην,
2611 2143 2810 2215 Ἀθηνᾷ
2857 2146 2923 2214 τῇ
2977 2131 3169 2196 ἑαυτοῦ
3216 2143 3444 2215 θυγατρὶ
3480 2143 3677 2197 δίδωσι

2085 2237 2183 2307 τῆς
2226 2237 2477 2307 Ἀττικῆς
2510 2237 2609 2306 τὴν
2662 2234 2961 2305 βασιλείαν.
3013 2234 3220 2305 Λοιμοῦ
3261 2234 3319 2287 δὲ
3367 2235 3675 2305 γενομένου

2085 2329 2178 2382 καὶ
2212 2329 2439 2402 φθορᾶς,
2468 2330 2558 2382 τὸν
2602 2327 2792 2382 ἑαυτοῦ
2828 2330 3083 2398 μονογενῆ
3108 2327 3220 2380 υἱὸν
3260 2327 3465 2398 Κρόνος
3492 2327 3681 2398 Οὐρα-

2084 2420 2160 2491 νῷ
2205 2422 2375 2494 πατρὶ
2424 2422 2736 2493 ὁλοκαρποῖ,
2768 2421 2864 2475 καὶ
2906 2419 2976 2473 τὰ
3024 2420 3202 2474 αἰδοῖα
3250 2420 3673 2492 περιτέμνεται,

2082 2512 2247 2565 ταύτὸ
2267 2514 2605 2584 ποιῆσαικαὶ
2644 2513 2769 2576 τοὺς
2795 2511 2891 2582 ἅμ’
2917 2509 3066 2582 αύτῷ
3124 2510 3440 2581 συμμάχους
3490 2527 3675 2563 κατα-

2084 2604 2385 2674 ναγκάσας
2410 2607 2502 2659 xui.
2528 2607 2643 2676 μετ’
2665 2606 2726 2659 οὐ
2764 2605 2920 2669 πολὺ,
2955 2604 3143 2676 ἓτερον
3169 2603 3335 2657 αὐτοῦ
3365 2603 3530 2658 παῖδα
3554 2604 3679 2658 ἀπὸ

2096 2699 2253 2762 Ῥέας
2282 2697 2677 2769 ὀνομαζόμενον
2706 2696 2859 2750 Μοὺθ
2900 2695 3238 2750 ἀποθανόντα
3285 2697 3517 2766 ἀφιεροῖ,
3550 2694 3677 2750 Θά-

2086 2806 2243 2844 νατον
2310 2788 2366 2841 δὲ
2426 2788 2615 2842 τοῦτον
2679 2790 2771 2841 καὶ
2831 2787 3121 2841 Πλούτωνα
3178 2787 3421 2851 Φοίνικες
3463 2786 3679 2857 ὀνομά-

2086 2882 2256 2945 ζουσι.
2293 2882 2405 2935 Καὶ
2434 2881 2527 2933 ἐπὶ
2594 2880 2806 2943 τούτοις
2843 2882 2872 2932 6
2920 2879 3128 2950 Κρόνος
3176 2877 3379 2932 Βύϐλον
3434 2876 3535 2950 μὲν
3563 2877 3677 2949 τὴν

2085 2971 2239 3026 πόλιν
2303 2971 2402 3044 θεᾷ
2474 2971 2767 3035 Βααλτίδι,
2844 2974 2911 3042 τῇ
2999 2970 3095 3025 καὶ
3190 2970 3364 3045 Διώνῃ
3439 2970 3675 3037 δίδωσι,

2084 3064 2326 3138 Βηρυτὸν
2413 3064 2472 3117 δέ
2534 3063 2830 3118 Ποσειδῶνι
2924 3065 3019 3118 καὶ
3108 3064 3388 3136 Καϐήροις
3467 3065 3677 3136 Ἀγρό-

2082 3161 2213 3222 ταις
2232 3171 2296 3209 τε
2317 3159 2413 3210 καὶ
2446 3154 2732 3219 Ἀλιεῦσιν,
2773 3156 2801 3209 6
2834 3158 2928 3210 xci.
2960 3157 3163 3210 Πόντου
3191 3156 3426 3227 λείψανα
3449 3158 3530 3219 εἰς
3560 3155 3677 3227 τὴν

2088 3247 2327 3320 Βηρυτὸν
2369 3246 2700 3318 ἀφιέρωσαν.
2750 3247 2864 3319 Πρὸ
2910 3247 2967 3301 δὲ
3007 3249 3212 3301 τούτων
3260 3248 3380 3312 θεὸς
3419 3247 3677 3311 Τάαυτος

2090 3336 2469 3410 μιμησάμενος
2501 3337 2592 3391 τὸν
2635 3337 2900 3410 Οὐρανὸν,
2941 3337 3049 3392 τῶν
3077 3337 3216 3391 θεῶν
3240 3337 3417 3407 ὄψεις,
3449 3335 3673 3408 Κρόνου

2085 3447 2145 3482 τε
2190 3430 2285 3483 καὶ
2324 3429 2596 3499 Δαγῶνος,
2642 3428 2878 3483 καὶτῶν
2943 3430 3145 3483 λοιπῶν
3195 3429 3493 3483 διετύπωσε
3534 3430 3675 3494 τοὺς

2087 3518 2264 3589 ἱεροὺς
2285 3517 2394 3571 τῶν
2428 3517 2705 3589 στοιχείων
2738 3518 3114 3589 χαρακτῆρας.
3146 3518 3437 3589 Ἐπενόησε
3462 3517 3520 3572 δὲ
3564 3517 3675 3572 καὶ

2084 3606 2161 3677 τῷ
2182 3607 2378 3679 Κρόνῳ
2407 3607 2710 3679 παράσημα
2743 3607 3047 3678 βασιλείας,
3074 3609 3301 3680 όμματα
3324 3608 3571 3679 τέσσαρα
3596 3610 3673 3661 ἐκ

2083 3700 2190 3753 τῶν
2238 3698 2583 3772 ἐμπροσθίων
2627 3700 2729 3753 καὶ
2765 3700 2873 3753 τῶν
2915 3699 3172 3755 ὀπισθίων
3220 3699 3433 3772 μερῶν·
3476 3698 3571 3752 δύο
3604 3699 3673 3753 δὲ

2082 3794 2259 3864 ἡσυχῇ
2300 3792 2523 3863 μύοντα’
2565 3792 2665 3845 καὶ⁵
2706 3793 2799 3845 ἐπὶ
2844 3792 2952 3845 τῶν
2987 3791 3153 3864 ὤμων
3192 3792 3365 3865 πτερά
3391 3792 3668 3863 τέσσαρα,

2081 3877 2173 3932 δύο
2212 3878 2343 3949 μὲν,
2376 3878 2452 3943 ὡς
2489 3879 2779 3950 ἰπτάμενα,
2812 3879 2905 3933 δύο
2948 3881 3007 3933 δέ
3050 3880 3127 3943 ὡς
3172 3881 3458 3952 ὑφειμένα.
3490 3881 3566 3934 Τδ
3602 3882 3672 3937 δὲ

2083 3967 2349 4040 σύμϐολον
2376 3965 2465 4042 ἦν,
2500 3970 2684 4041 ἐπειδὴ
2719 3971 2928 4039 Κρόνος
2958 3969 3297 4042 κοιμώμενος
3321 3971 3537 4039 ἕϐλεπε,
3565 3974 3672 4027 καὶ

2081 4059 2397 4133 ἐγρηγορὼς
2435 4063 2715 4131 ἐκοιμᾶτω
2763 4063 2858 4115 καὶ
2895 4063 2989 4116 ἐπ)⁸
3028 4062 3136 4117 τῶν
3176 4062 3392 4135 πτερῶν
3433 4063 3666 4135 ὁμοίως,

2080 4153 2159 4206 ὅτι
2193 4153 2602 4224 ἀναπαυόμενος
2639 4154 2854 4219 ἵπτατο,
2885 4157 2980 4209 καὶ
3010 4156 3304 4228 ίπτάμενος
3332 4157 3661 4211 ἀνεπαύετο.

2079 4244 2204 4307 Τοῖς
2245 4244 2304 4297 δὲ
2343 4244 2549 4307 λοιποῖς
2590 4243 2763 4310 θεοῖς,
2803 4244 2897 4298 δύο
2939 4246 3153 4316 ἑκάστῳ
3192 4246 3525 4319 πτερώματα
3565 4248 3670 4301 ἐπὶ

2078 4335 2184 4388 τῶν
2214 4320 2421 4407 ῶμων,
2460 4335 2535 4399 ὡς
2578 4336 2660 4389 ὅτι
2708 4334 2773 4405 δὴ
2819 4336 3144 4391 συνίπταντο
3175 4337 3252 4408 τῷ
3294 4337 3506 4408 Κρόνῳ.
3546 4338 3669 4390 Καὶ

2078 4427 2227 4499 αύτῷ
2256 4428 2315 4481 δὲ
2348 4427 2505 4483 πάλιν
2541 4430 2635 4484 ἐπὶ
2674 4429 2776 4500 τῆς
2817 4429 3059 4501 κεφαλῆς
3114 4429 3290 4501 πτερά
3319 4429 3431 4482 δύο·
3471 4429 3528 4482 ἓν
3564 4429 3667 4482 ἐπὶ

394 4539 506 4594 (ιυο
540 4524 663 4580 loco
693 4524 877 4582 Caelus
911 4525 1051 4580 idem
1082 4533 1271 4596 postea
1314 4534 1664 4581 consecratus
1697 4535 1800 4581 est.
1833 4524 1969 4579 Tum

2079 4520 2174 4576 τοῦ
2209 4522 2684 4594 ἡγεμονικωτάτου
2722 4522 2845 4587 νοῦ,
2869 4523 2963 4576 καὶ
2987 4521 3045 4575 ἓν
3073 4522 3166 4576 ἐπὶ
3200 4523 3299 4594 τῆς
3328 4522 3661 4592 αἰσθήσεως.

395 4630 528 4670 vero
561 4616 878 4687 dispertitus
919 4616 1040 4687 ejus
1081 4632 1146 4673 ac
1185 4617 1483 4688 dissipatus
1515 4617 1742 4687 spiritus
1769 4626 1886 4683 est,
1921 4628 1975 4673 et

394 4708 619 4779 sanguis
649 4724 679 4762 e
709 4708 931 4763 vulnere
963 4708 1205 4765 defluens
1232 4708 1287 4762 in
1318 4709 1621 4765 vicinorum
1651 4708 1885 4765 fontium
1909 4726 1976 4766 ac

394 4795 683 4854 fluviorum
712 4814 881 4870 aquas
906 4800 1207 4856 distillavit.
1244 4800 1426 4858 Locus
1451 4802 1752 4858 etiamnum
1788 4813 1973 4860 osten-

393 4891 561 4946 ditur.
606 4910 626 4945 ι
662 4889 757 4946 Hae
807 4901 936 4947 sunt
977 4906 1103 4947 cum
1151 4891 1414 4957 Saturni,
1476 4903 1590 4949 tum
1638 4909 1830 4950 eorum
1877 4897 1973 4967 qui

393 4981 618 5039 Saturni
663 4992 822 5039 atate
863 4983 1155 5046 vixerunt.
1209 4987 1479 5043 decantati
1527 5003 1557 5042 a
1612 4986 1817 5045 Graecis
1872 4989 1974 5044 αξνί

391 5075 586 5134 laudes
616 5076 874 5148 egregiae;
906 5091 1046 5147 quos
1071 5078 1235 5132 etiam
1278 5080 1529 5149 princeps
1554 5089 1716 5148 atque
1740 5094 1971 5135 aureum

396 5168 679 5223 hominum
707 5168 887 5239 lingua
924 5169 1345 5240 discrepantium
1379 5186 1550 5239 genus
1571 5211 1585 5234 ,
1612 5172 1682 5226 ob
1711 5171 1971 5241 jactatam

394 5259 542 5314 illam
568 5273 810 5315 veterum
841 5259 1174 5326 felicitatem,
1210 5277 1526 5331 nuncupare
1548 5263 1743 5318 solent.
1773 5261 1970 5317 Verum

394 5360 581 5406 noster
612 5355 700 5408 hic
744 5352 1321 5423 scriptor,,interjectis
1352 5353 1712 5422 quibusdam,
1741 5354 1813 5409 ita
1845 5370 1972 5425 pro-

392 5440 682 5510 sequitur:
715 5459 735 5493 ι
775 5440 993 5498 Astarte
1018 5456 1171 5507 vero,
1201 5455 1325 5513 quae
1350 5440 1584 5496 Mantua
1631 5443 1966 5507 nominatur,

391 5523 604 5597 Jupiter
642 5526 970 5596 Demaroon,
1009 5537 1065 5585 et
1110 5544 1206 5584 rex
1239 5530 1466 5585 deorum
1509 5531 1769 5597 Adodus,
1815 5534 1868 5587 in
1903 5550 1968 5589 ea

398 5625 619 5697 regione
642 5623 879 5681 Saturno
905 5627 1278 5682 consentiente
1298 5636 1618 5694 regnarunt.
1635 5629 1853 5686 Astarte
1874 5646 1966 5685 ca—

396 5717 495 5787 piti
525 5730 662 5783 suo,
699 5727 957 5786 tanquam
1005 5719 1217 5789 insigne
1249 5720 1437 5791 regni,
1464 5721 1609 5775 tauri
1656 5729 1820 5792 caput
1867 5724 1967 5778 im-

395 5809 611 5880 posuit;
637 5824 871 5884 cumque
891 5818 1156 5867 terrarum
1183 5810 1366 5867 orbem
1390 5822 1737 5883 peragraret,
1758 5816 1964 5886 lapsam

2090 4614 2290 4669 Ἐλθὼν
2317 4614 2375 4668 δέ
2411 4617 2441 4668 6
2480 4615 2690 4687 Κρόνος
2722 4617 2804 4679 είς
2845 4613 3019 4668 Νότου
3055 4612 3261 4686 χώραν,
3298 4615 3515 4668 ἀπασαν
3561 4613 3666 4686 τὴν

2075 4708 2350 4778 Αἴγυπτον
2381 4709 2548 4763 ἔδωκε
2592 4707 2700 4779 θεῷ
2737 4705 2988 4779 Τααύτῳ,
3027 4708 3176 4773 ὅπως
3204 4706 3471 4778 βασίλειον
3502 4707 3667 4780 αύτῷ

2074 4800 2320 4872 γένηται,
2355 4800 2541 4855 Ταῦτα
2563 4799 2641 4863 δέ,
2668 4799 2822 4871 φησὶ,
2854 4800 3060 4872 πρῶτοι
3092 4800 3309 4854 πάντων
3338 4801 3669 4871 ὑπεμνημά-

2074 4892 2293 4946 τίσαντο
2324 4894 2373 4947 οἱ
2420 4891 2561 4946 ἐπτὰ
2604 4891 2771 4944 Συδὲκ
2807 4891 2996 4955 παῖδες
3037 4890 3318 4962 Κάϐειροι,
3350 4892 3445 4945 καὶ
3465 4890 3667 4959 ὄγδοος

2074 4984 2253 5040 αὐτῶν
2304 4985 2529 5056 ἀδελφὸς
2580 4987 2936 5053 Ἀσκληπιὸς,
2991 4986 3067 5050 ὡς
3113 4987 3298 5048 αὐτοῖς
3350 4982 3668 5038 ἐνετείλατο

2075 5080 2197 5144 θεὸς
2221 5080 2484 5137 Τάαυτος.
2518 5080 2704 5136 Ταῦτα
2738 5081 2914 5135 πάντα
2954 5083 2984 5134 ό
3021 5079 3296 5143 Θαϐίωνος
3317 5081 3467 5142 παῖς,
3498 5077 3663 5149 πρῶ-

2072 5188 2164 5235 τος
2193 5173 2304 5226 τῶν
2340 5173 2436 5227 ἀπ’
2463 5172 2657 5237 αἰῶνος
2702 5172 3002 5242 γεγονότων
3035 5171 3297 5225 Φοινίκων
3331 5171 3665 5241 ἱεροφάντης

2073 5261 2452 5334 ἁλληγορήσας
2471 5301 2486 5324 ,
2530 5264 2645 5326 τοῖς
2690 5280 2752 5317 τε
2801 5266 3050 5333 φυσικοῖς
3095 5263 3188 5317 καὶ
3234 5264 3519 5334 κοσμικαῖς
3547 5262 3664 5316 πά-

2075 5354 2224 5408 θεσιν
2253 5354 2540 5425 ἀναμίξας,
2570 5355 2856 5426 παρέδωκε
2880 5358 2992 5419 τοῖς
3028 5354 3276 5427 ὀργιῶσι,
3301 5356 3396 5408 καὶ
3419 5353 3660 5409 τελετῶν

2076 5447 2406 5519 κατάρχουσι
2446 5447 2774 5520 προφήταις.
2824 5449 2888 5501 Ui
2932 5448 2990 5502 δὲ
3028 5448 3118 5501 τὸν
3159 5446 3327 5516 τῦφον
3370 5446 3553 5511 αὔξειν
3585 5448 3659 5502 ἐκ

2073 5540 2272 5603 παντὸς
2298 5538 2656 5602 ἐπινοοῦντες,
2685 5541 2799 5604 τοῖς
2830 5539 3008 5593 αὐτῶν
3035 5539 3295 5610 διαδόχοις
3327 5539 3659 5607 παρέδωκαν

2072 5633 2166 5686 καὶ
2203 5633 2315 5695 τοῖς
2363 5631 2728 5695 ἐπεισάκτοις,
2759 5623 2835 5684 ὧν
2877 5625 2959 5694 εἷς
2994 5625 3063 5693 ἧν
3098 5631 3295 5702 Ἴσιρις
3335 5629 3446 5684 τῶν
3478 5631 3657 5703 τριῶν

2071 5724 2412 5795 γραμμάτων
2450 5722 2699 5793 εὑρετὴς,
2743 5722 2969 5791 ἀδελφὸς
3000 5724 3119 5776 Χνᾶ
3157 5723 3252 5776 τοῦ
3296 5721 3512 5794 πρώτου
3545 5739 3656 5794 με-

2070 5814 2493 5888 τονομασθέντος
2522 5814 2785 5880 Φοίνικος.
2833 5834 2849 5865 ι
2892 5809 3004 5868 Εἶθ’
3034 5802 3159 5885 ἑξῆς
3193 5810 3362 5877 αὖθιςν
3379 5812 3639 5885 ἐπιλέγει·
