3798 6220
418 300 491 356 87
1089 297 1358 355 EUSEBll
1396 293 1874 356 CAESARIENSIS
1910 291 2060 349 OPP.
2102 291 2280 348 PARS
2318 294 2381 352 Π.
2422 327 2492 339 --
2526 295 3024 354 APOLOGETICA.
3599 302 3679 358 88

419 414 757 488 permulcere
772 415 1004 481 'vellent,
1037 417 1196 472 novis
1228 416 1419 472 eadem
1470 432 1535 472 ac
1591 414 1980 485 multiplicibus

2099 428 2145 463 τε
2181 412 2274 465 καὶ
2307 412 2526 483 χειρῶν,
2560 413 2592 483 ἢ
2627 413 2785 467 ἄλλου
2815 414 2961 477 τινὸς
3000 413 3109 466 τῶν
3140 415 3356 479 ἔξωθεν,
3391 415 3448 483 ἐξ
3491 410 3573 471 ὧν
3603 418 3678 472 τὰ

415 514 605 580 postea
653 513 1086 561 commentorum
1118 507 1274 577 quasi
1312 515 1761 562 ornamentorum
1803 520 1987 561 acces-

415 596 664 653 sionibus
708 612 874 668 supra
916 596 1139 652 modum
1181 605 1605 668 exaggerarunt.
1649 596 1827 666 Atque
1858 596 1988 651 hinc

418 686 710 755 Hesiodus,
743 705 807 745 ac
828 689 1024 759 reliqui
1063 689 1360 745 circulares
1392 700 1586 761 poetae,
1623 704 1859 758 quorum
1900 688 1986 743 fa-

413 779 573 835 bellis
619 779 804 835 omnia
852 779 1296 843 circumsonant,
1324 781 1546 850 propria
1592 781 1698 835 sibi
1735 779 1986 850 quaedam

414 870 706 943 Gigantum
735 887 801 928 ac
826 871 1081 927 Titanum
1110 871 1823 941 certamina,sectionesque
1853 871 1988 929 alias

416 965 752 1020 conﬁnxere.
792 962 926 1030 Quae
957 979 1084 1020 cum
1118 963 1196 1019 illi
1243 964 1449 1034 passim
1482 971 1538 1018 et
1568 964 1771 1033 ubique
1815 963 1988 1033 jacta—

412 1065 556 1122 rent,
582 1057 867 1111 veritatem
901 1055 1075 1125 ipsam
1103 1053 1321 1110 tandem
1369 1063 1776 1124 oppresserunt.
1811 1054 1987 1110 Aures

410 1162 541 1203 vero
576 1146 688 1220 50
724 1154 923 1203 nostra:
962 1147 1077 1217 jam
1113 1146 1239 1201 inde
1267 1146 1338 1202 ab
1384 1145 1618 1202 infantia
1677 1147 1893 1201 illorum
1924 1144 1989 1207 ﬂ-

370 1266 373 1269 -
410 1239 684 1295 ctionibus
710 1247 964 1305 assuetae,
990 1247 1045 1293 et
1074 1239 1425 1309 opinionibus
1460 1255 1559 1309 per
1594 1239 1764 1295 multa
1789 1238 1986 1294 saecula

411 1328 722 1398 propagatis
750 1336 1050 1396 occupatae,
1082 1340 1249 1397 quam
1276 1329 1442 1383 semel
1486 1342 1744 1396 accepere
1772 1325 1985 1380 fabula-

411 1434 532 1473 rum
565 1419 858 1473 vanitatem
890 1417 1116 1489 perinde
1165 1433 1231 1473 ac
1281 1417 1588 1488 depositum
1635 1417 1877 1489 aliquod,
1926 1425 1988 1472 ut

408 1511 591 1566 statim
651 1510 721 1565 ab
759 1509 916 1564 initio
948 1508 1083 1572 dixi,
1110 1508 1449 1565 custodiunt.
1495 1511 1683 1579 Itaque
1721 1510 1867 1580 quod
1914 1509 1985 1564 ab

407 1603 526 1673 ipso
575 1611 819 1671 tempore
871 1601 1015 1656 vires
1049 1616 1115 1657 ac
1147 1601 1314 1657 robur
1357 1601 1646 1671 acceperit,
1685 1602 1988 1671 possessio-

405 1714 529 1755 nem
558 1699 633 1754 ita
663 1698 1010 1755 conﬁrmavit
1027 1713 1180 1757 suam
1213 1707 1407 1754 uteam
1430 1707 1682 1753 excutere
1706 1698 1861 1767 longe
1881 1696 1987 1752 dif-

2091 503 2253 556 λοιπά
2276 504 2391 569 ζῶα
2416 504 2515 569 τὰς
2547 507 2793 577 κινήσεις
2821 509 3085 562 ποιεῖται-
3120 508 3212 565 καὶ
3244 509 3499 563 ποικίλων
3525 527 3676 581 σχη-

2092 597 2275 667 μάτων
2306 596 2509 661 τύπους
2540 598 2811 663 ἀποτελεῖ,
2847 598 2942 653 καὶ
2979 598 3120 653 κατὰ
3150 599 3251 671 τὴν
3290 601 3512 671 πορείαν
3556 602 3677 655 ἐλι-

2089 687 2313 752 κοειδεῖς
2346 688 2459 759 ἔχει
2490 689 2588 752 τὰς
2621 688 2814 759 ὁρμὰς,
2850 689 2934 758 ἐφ’
2968 688 2997 742 ὃ
3046 689 3293 759 βούλεται
3338 691 3530 761 τάχος’
3569 692 3677 747 καὶ

2090 779 2582 851 πολυχρονιώτατον
2605 780 2661 833 δέ
2685 782 2854 845 ἐστιν,
2882 782 2944 836 οὺ
2972 780 3130 852 μόνον
3152 782 3231 853 τῷ
3258 782 3585 855 ἐκδυόμενον
3610 783 3678 838 τὸ

2088 870 2264 941 γῆρας
2288 867 2519 936 νεάζειν,
2546 870 2680 925 ἀλλά
2706 870 2799 933 καὶ
2825 869 3052 941 αῦξησιν
3082 872 3423 944 ἐπιδέχεσθαι
3446 872 3679 944 μείζονα

2089 963 2318 1032 πέφυκε.
2353 964 2463 1017 Καὶ
2488 963 2705 1018 ἐπειδὰν
2735 965 2796 1018 τὸ
2819 964 3125 1038 ὡρισμένον
3155 966 3350 1037 μέτρον
3376 965 3675 1039 πληρώσῃ,

2091 1055 2171 1119 είς
2197 1054 2387 1109 ἑαυτὸν
2409 1055 2779 1121 ἀναλίσκεται,
2811 1055 2887 1119 ὡς
2911 1058 2968 1111 ἐν
2991 1060 3113 1120 ταῖς
3141 1058 3313 1127 ἱεραῖς
3346 1059 3543 1128 ὁμοίιος
3572 1059 3679 1112 αύο

2089 1145 2179 1207 τὸς
2221 1148 2249 1199 ὁ
2282 1145 2524 1210 Τάαυτος
2558 1146 2822 1213 κατέταξε
2846 1150 3100 1217 γραφαῖς.
3132 1146 3223 1200 Διὸ
3266 1148 3360 1201 καὶ
3398 1149 3456 1203 ἐν
3501 1150 3679 1221 ἱεςοῖς

2089 1236 2245 1292 τοῦτο
2283 1239 2345 1292 τὸ
2386 1237 2523 1303 ζῶον
2566 1240 2661 1294 καὶ
2698 1241 2757 1293 ἐν
2804 1243 3120 1312 μυστηρίοις
3161 1242 3674 1314 συμπαρειληπται.

2090 1330 2318 1402 Εἴρηται
2354 1331 2411 1386 δὲ
2442 1334 2574 1403 ἡμῖν
2605 1333 2734 1402 περὶ
2765 1333 2930 1387 αὐτοῦ
2966 1335 3024 1387 ἐν
3066 1338 3179 1398 τοῖς
3207 1336 3678 1407 ἐπιγραφομένοις

2103 1422 2384 1478 Ἐθωθιῶν
2428 1424 2539 1496 (46)
2585 1425 2970 1498 ὑπομνήμασιν
3003 1425 3314 1493 ἐπιπλεϊον·
3348 1429 3406 1482 ἐν
3444 1422 3524 1492 οἷς
3569 1445 3680 1483 κα-

2089 1516 2503 1582 τασκευάζεται,
2532 1518 2613 1571 ὅτι
2640 1517 2905 1573 ἀθάνατον
2932 1517 3018 1590 εἴη
3038 1558 3054 1582 ,
3088 1519 3181 1573 καὶ
3210 1521 3291 1583 εἱς
3318 1519 3508 1573 ἑαυτὸν
3533 1521 3679 1575 ἀνα-

2090 1608 2304 1672 λύεται,
2336 1610 2524 1682 ὥσπερ
2556 1611 2871 1683 πρόκειται·
2906 1612 2966 1664 οὐ
3001 1611 3110 1683 γὰρ
3156 1612 3378 1683 θνήσκει
3410 1612 3523 1683 ίδίῳ
3564 1612 3677 1666 θα-

2092 1702 2257 1773 νάτῳ,
2286 1706 2335 1756 εί
2369 1704 2443 1774 μὴ
2474 1702 2564 1774 βίᾳ
2593 1705 2700 1757 τινὶ
2733 1704 2938 1775 πληγὲν
2964 1704 3123 1759 τοῦτο
3150 1704 3212 1757 τὸ
3240 1704 3395 1767 ζῶον.
3423 1703 3679 1768 Φοίνικες

408 1791 709 1849 ﬁcillimum
743 1791 835 1857 sit,
863 1790 1089 1861 jamque
1120 1790 1323 1845 veritas
1349 1790 1460 1859 ipsa
1506 1763 1980 1861 nugarum-adul-

2099 1794 2145 1848 δὲ
2182 1763 2313 1849 αύτὺ
2349 1763 2552 1863 ἀγαθὸν
2594 1763 3152 1867 δαίμοναηκαλοῦσιν·
3191 1763 3393 1867 ὁμοίως
3435 1797 3528 1850 καὶ
3570 1763 3679 1849 At;

406 1884 595 1942 terius:
626 1898 757 1938 vero
789 1898 854 1938 ac
879 1884 1080 1953 spuria!
1107 1884 1450 1940 narrationes
1468 1883 1592 1938 loco
1612 1884 1856 1939 veritatis
1885 1883 1982 1937 ha-

408 1977 661 2033 beantur.
703 1994 724 2029 »
754 2006 824 2016 --
856 1974 1057 2030 Verum
1089 1976 1230 2032 satis
1257 1977 1361 2032 ista
1386 1984 1569 2040 sunto,
1596 1992 1717 2045 quae
1741 1992 1806 2031 ex
1844 1975 1984 2031 San-

408 2067 798 2124 cbuniathonis
851 2066 1110 2135 operibus
1149 2066 1258 2122 huc
1296 2082 1473 2135 usque
1520 2069 1830 2133 retulimus,
1863 2083 1985 2139 qua!

406 2172 536 2214 cum
568 2172 600 2212 a
652 2157 882 2213 Philone
920 2158 1109 2229 Byblio
1152 2174 1416 2226 conversa
1439 2158 1732 2233 Graeceque
1773 2159 1985 2216 reddita

405 2258 557 2319 sunt,
583 2258 698 2304 tum
723 2248 1009 2321 Porphyrii
1036 2250 1345 2320 philosophi
1374 2250 1692 2307 testimonio
1723 2260 1982 2322 tanquam

403 2354 534 2396 vera
567 2341 1016 2412 comprobantur.
1042 2340 1311 2411 Caeterum
1340 2341 1482 2396 idem
1518 2342 1572 2396 in
1601 2357 1686 2405 eo,
1721 2358 1883 2411 quem
1918 2343 1987 2399 de

402 2432 605 2492 Iudaeis
626 2435 888 2504 scriptum
919 2435 1158 2505 reliquit,
1181 2434 1297 2489 hac
1328 2446 1587 2505 praeterea
1645 2435 1713 2490 de
1741 2434 1981 2491 Saturno

403 2535 887 2597 commemorant
925 2525 1171 2584 Taautus
1223 2528 1333 2593 ille,
1381 2542 1542 2596 quem
1578 2525 1760 2583 Thoth
1825 2527 1986 2600 Egy-

402 2617 499 2692 ptii
528 2626 745 2681 vocant,
790 2632 912 2672 cum
970 2618 1177 2690 ingenti
1209 2618 1351 2688 apud
1378 2617 1665 2675 thnices
1707 2619 1984 2688 sapientiai

405 2707 566 2765 laude
608 2707 848 2775 ﬂoreret,
884 2725 1006 2780 quae
1035 2711 1101 2765 ad
1131 2711 1446 2783 religionem
1490 2697 1808 2782 cultumque
1852 2713 1985 2768 deo—

403 2814 525 2853 rum
562 2798 929 2870 pertinebant,
958 2800 1168 2869 primus
1208 2815 1276 2856 ex
1324 2801 1616 2855 humilium
1643 2817 1708 2857 ac
1737 2801 1980 2872 plebeio-

402 2906 525 2946 rum
564 2891 807 2960 capitum
847 2892 1136 2947 inscientia
1166 2893 1467 2958 vindicata,
1502 2894 1737 2964 eleganti
1786 2906 1842 2950 et
1889 2910 1981 2967 ac-

401 2982 754 3041 commodato
785 2985 853 3038 ad
895 2985 1139 3058 scientiae
1154 2985 1302 3055 leges
1335 2985 1529 3042 ordine
1555 2986 1850 3058 disposuit.
1876 2986 1979 3055 Cui

2086 1884 2303 1953 γύπτιοι
2346 1885 2505 1957 Κνὴφ
2544 1886 2971 1958 ἐπονομάζουσι·
3024 1885 3373 1957 προστιθέασι
3411 1885 3468 1938 δὲ
3515 1884 3676 1957 αὐτῷ

2092 1976 2308 2048 ἱέρακος
2342 1976 2604 2049 κεφαλὴν,
2637 1979 2731 2032 καὶ
2755 1978 2844 2032 διὰ
2872 1978 2935 2032 τὸ
2969 1980 3269 2051 πρακτικὸν
3299 1978 3393 2033 τοῦ
3421 1978 3671 2051 ἱέρακος.

2083 2069 2194 2125 Καί
2231 2087 2397 2141 φησιν
2425 2072 2454 2123 ό
2497 2072 2717 2142 Ἐπήεις
2749 2072 3083 2144 ἁλληγορῶν,
3115 2074 3145 2125 ὁ
3177 2072 3497 2144 ὀνομασθεὶς
3530 2074 3673 2144 παρ’

2085 2163 2268 2227 αὐτοῖς
2322 2163 2575 2234 μέγιστος
2609 2164 2961 2236 ἱεροφάντης,
3008 2166 3103 2219 καὶ
3152 2163 3670 2238 ἱερογραμματεύς⁹

2083 2252 2142 2306 ὃν
2177 2254 2515 2327 μετέφρασεν
2547 2256 2627 2319 εἱς
2660 2256 2854 2325 ἐλλάδά
2891 2256 3074 2327 φωνὴν
3110 2257 3325 2327 Ἀρειος
3353 2256 3673 2327 Ἡρακλεω-

2081 2339 2305 2409 πολίτης
2328 2338 2467 2393 κατὰ
2486 2338 2631 2405 λέξιν
2653 2339 2825 2403 οὕτως
2844 2357 2856 2369 ·
2895 2358 2913 2389 ι
2945 2339 3019 2391 Τὸ
3042 2338 3256 2409 πρῶτον
3280 2337 3339 2389 ὃν
3370 2336 3677 2405 θειότατον,

2081 2432 2204 2500 ὄφις
2230 2432 2378 2484 ἐστὶν
2414 2430 2630 2503 ἱέρακος
2666 2431 2805 2502 ἔχων
2846 2430 3078 2502 μορφὴν,
3114 2429 3253 2499 ἄγαν
3301 2429 3576 2499 ἐπίχαρις.
3615 2429 3678 2491 ὗς

2081 2527 2129 2577 εἱ
2155 2522 2474 2592 ἀναϐλέψειε
2494 2564 2508 2587 ,
2542 2524 2718 2593 φωτὸς
2757 2522 2820 2575 τὸ
2861 2525 2970 2579 πᾶν
2999 2523 3235 2593 ἐπλήρου
3270 2523 3329 2574 ἐν
3361 2524 3427 2592 τῇ
3459 2537 3678 2592 πρωτο·

2084 2618 2223 2691 γόνῳ
2248 2619 2402 2692 χώρᾳ
2430 2618 2615 2673 αὐτοῦ⁹
2645 2620 2695 2672 εἱ
2724 2619 2780 2672 δὲ
2802 2617 3135 2689 καμμύσειε,
3165 2616 3353 2675 σκότος
3374 2616 3605 2684 ἐγίνετο.
3650 2634 3670 2666 ι

2087 2712 2362 2782 Ἔμφασιν
2402 2712 2578 2777 διδοὺς
2618 2713 2648 2765 ό
2702 2712 2924 2782 Ἐπήεις
2977 2710 3112 2780 (47),
3156 2709 3236 2761 ὅτι
3276 2708 3370 2760 καὶ
3404 2705 3667 2776 διάπυρόν

2082 2806 2218 2873 ἐστι,
2254 2807 2342 2860 διά
2378 2807 2472 2860 τοῦ
2497 2807 2680 2876 φάναι,
2706 2805 2966 2876 διηύγασε
2986 2821 2999 2834 ’
3036 2802 3214 2873 φωτὸς
3248 2801 3356 2873 γὰρ
3388 2800 3516 2854 ἴδιόν
3546 2801 3669 2853 ἐστι

2081 2897 2143 2951 τὸ
2167 2898 2479 2966 διαυγάσαι.
2518 2896 2678 2967 Παρά
2721 2896 2985 2948 Φοινίκων
3021 2893 3077 2946 δὲ
3111 2893 3205 2946 καὶ
3235 2889 3541 2962 Φερεκύδης
3566 2888 3671 2942 λα·-

2082 2988 2191 3043 6ὼν
2237 2988 2335 3052 τὰς
2374 2986 2660 3059 ἀφορμὰς,
2692 2986 3010 3056 ἐθεολόγησε
3047 2984 3176 3054 περὶ
3206 2983 3301 3036 τοῦ
3344 2983 3472 3052 παρ’
3514 2979 3668 3050 αὐτῷ

401 3086 527 3128 eum
557 3072 916 3141 Surmubelus
938 3054 1093 3144 deus,
1112 3085 1166 3134 et
1192 3054 1401 3146 Thuro,
1428 3094 1550 3150 qua:
1571 3054 1827 3166 deinceps
1853 3095 1976 3133 mu-

2099 3080 2371 3151 ιεγομένου
2426 3054 2748 3150 τ’ύφιωνέως
2797 3054 2942 3141 θεοῦ,
2992 3079 3086 3131 καὶ
3136 3075 3244 3129 τῶν
3310 3072 3666 3144 Ὀφιωνιδῶν,

401 3171 519 3221 tato
545 3164 765 3219 nomine
793 3164 1123 3228 Chusarthis
1149 3167 1416 3238 appellata
1445 3168 1723 3239 est,lungo
1750 3164 1973 3225 aetatum

401 3254 691 3313 Sntervallo
715 3260 1131 3331 successissent,
1161 3262 1432 3317 occultam
1462 3262 1638 3333 ipsius
1679 3274 1735 3318 et
1766 3263 1974 3336 allego-

403 3353 609 3409 riarum
642 3354 943 3410 involutam
978 3356 1189 3412 umbris
1206 3356 1533 3428 theologiam
1554 3358 1917 3415 illustrarunt.
1951 3380 1970 3414 ι

401 3446 481 3507 Ac
512 3448 675 3513 paulo
700 3458 825 3519 post
851 3467 864 3504 :
902 3469 921 3501 ι
954 3448 1090 3517 lloc,
1126 3450 1324 3522 inquit,
1360 3453 1505 3521 apud
1533 3463 1745 3509 veteres
1768 3453 1824 3507 in
1856 3468 1977 3508 mo-

409 3554 472 3595 re
495 3532 733 3610 positum
763 3550 901 3607 erat,
936 3549 994 3596 ut
1022 3542 1077 3596 in
1112 3542 1346 3598 summis
1393 3543 1704 3613 reipublicae
1753 3542 1978 3599 calami-

404 3631 630 3699 tatibus,
656 3647 822 3703 penes
866 3647 1007 3701 quos
1051 3641 1147 3688 aut
1176 3634 1412 3689 civitatis
1444 3643 1541 3689 aut
1588 3635 1762 3704 gentis
1806 3636 1979 3706 impe-

405 3722 548 3779 rium
588 3732 753 3787 esset,
817 3723 855 3779 ii
899 3710 1195 3795 liberorum
1242 3724 1518 3781 carissimi
1566 3724 1835 3781 ultoribus
1868 3725 1979 3785 dae-

406 3815 666 3873 monibus
693 3816 930 3888 jugulati
965 3817 1233 3889 sanguine
1272 3818 1431 3887 quasi
1464 3818 1661 3887 pretio,
1695 3817 1977 3888 publicum

404 3907 631 3965 exitium
666 3917 984 3980 pestemque
1035 3910 1383 3965 redimerent.
1425 3908 1531 3976 Qui
1571 3924 1701 3977 vero
1746 3919 1861 3965 tum
1911 3909 1979 3965 ad

407 3985 738 4056 sacrilieium
770 4000 1196 4067 devovebantur,
1244 4016 1339 4057 eos
1370 4000 1618 4073 mysticis
1649 4001 1981 4057 ouibusdam

406 4090 751 4147 cmremoniis
795 4091 1056 4151 adhibitis
1102 4091 1447 4163 jugulabant.
1492 4090 1764 4157 Saturnus
1793 4092 1977 4164 igitur,

404 4195 569 4249 quem
592 4179 881 4238 Phoenices
909 4181 1163 4247 lsraelem
1202 4185 1505 4247 nominant,
1533 4198 1809 4253 quemque
1859 4192 1982 4253 post

407 4273 620 4329 obitum
669 4272 725 4327 in
776 4281 985 4330 astrum
1012 4273 1256 4344 ejusdem
1289 4273 1530 4330 nominis
1565 4284 1978 4353 consecrarunt,

404 4380 530 4420 cum
576 4365 644 4422 iis
694 4364 748 4420 in
799 4365 939 4423 locis
972 4374 1247 4437 regnaret,
1278 4380 1345 4421 ac
1377 4364 1549 4421 tilium
1588 4367 1887 4438 unigenam
1914 4384 1981 4445 ex

2081 3174 2208 3245 περὶ
2248 3167 2323 3225 ὧν
2366 3168 2519 3235 αὖθις
2550 3171 2792 3241 λέξομεν.
2833 3171 2954 3223 Ἔτι
3000 3168 3106 3241 μὴν
3149 3170 3198 3221 οἱ
3231 3167 3518 3235 Αἰγύπτιοι
3553 3163 3670 3219 ἀπὸ

2080 3265 2177 3335 τῆς
2204 3264 2373 3333 αὐτῆς
2416 3263 2622 3326 ἐννοίας
2664 3263 2754 3315 τὸν
2786 3261 2988 3331 κόσμον
3039 3261 3359 3332 γράφοντες,
3395 3253 3667 3328 περιφερῆ

2082 3357 2280 3413 κύκλον
2320 3355 2566 3427 ἀεροειδῆ
2615 3355 2707 3407 καὶ
2740 3354 3002 3425 πυρωπὸν
3036 3351 3403 3424 χαράσσουσι,
3444 3349 3537 3401 καὶ
3569 3345 3669 3416 μέ-

2084 3470 2175 3505 σον
2200 3448 2493 3519 τεταμένον
2521 3447 2643 3517 ὅφιν
2689 3446 3117 3517 ἱερακόμορφον·
3170 3445 3264 3497 καὶ
3305 3442 3418 3496 ἐστι
3457 3441 3517 3495 τὸ
3555 3442 3667 3495 πᾶν

2085 3543 2291 3614 σχῆμα,
2320 3541 2396 3602 ὡς
2424 3539 2486 3593 τὸ
2515 3539 2642 3610 παρ’
2678 3542 2807 3611 ἡμῖν
2846 3538 2995 3609 Θῆτα
3013 3554 3027 3567 ο
3063 3536 3158 3591 τὸν
3201 3535 3298 3606 μὲν
3326 3531 3545 3595 κύκλον,
3572 3533 3669 3587 κό-

2084 3653 2220 3707 σμον
2256 3634 2571 3706 μηνύοντες,
2599 3632 2689 3685 τὸν
2729 3631 2786 3685 δὲ
2824 3632 2985 3703 μέσον
3027 3628 3151 3698 ὅφιν
3184 3625 3498 3681 συνεκτικὸν
3540 3621 3668 3677 τοῦς

2082 3745 2194 3792 τον,
2230 3726 2432 3795 ἀγαθὸν
2470 3726 2700 3795 δαίμονα
2745 3722 3117 3793 σημαίνοντες.
3165 3720 3275 3773 Καὶ
3304 3716 3671 3789 Ζωροάστρης

2082 3819 2141 3873 δὲ
2168 3821 2197 3872 ὁ
2227 3819 2417 3885 Μάγος
2446 3817 2502 3869 ἐν
2531 3818 2597 3886 τῇ
2628 3816 2748 3885 ἱερᾷ
2778 3814 3063 3883 συναγωγῇ
3088 3809 3194 3864 τῶν
3219 3806 3504 3881 Περσικῶν
3532 3821 3671 3877 φησι

2084 3910 2223 3963 κατὰ
2254 3907 2428 3973 λέξιν·
2466 3927 2485 3959 ι
2547 3907 2606 3961 '0
2646 3906 2703 3959 δέ
2737 3905 2857 3969 θεός
2888 3906 3003 3956 ἐστι
3046 3902 3289 3973 κεφαλὴν
3331 3900 3470 3972 έχων
3511 3899 3670 3970 ἱέρα-

2085 4021 2198 4069 κος.
2229 3996 2396 4066 Οὗτός
2427 4002 2617 4055 ἐστινὸ
2644 3998 2859 4072 πρῶτος
2885 3997 3181 4068 ἄφθαρτος,
3212 3995 3400 4059 ἀΐδιος,
3431 3992 3674 4063 ἀγέννη-

2083 4112 2194 4159 τος,
2248 4093 2481 4165 ἀμερὴς,
2531 4091 2935 4163 ἀνομοιότατος,
2983 4089 3197 4161 ἡνίοχος
3241 4086 3440 4163 παντὸς
3473 4083 3669 4148 καλοῦ,

2085 4184 2507 4257 ἀδωροδόκητος,
2540 4180 2759 4251 ἀγαθῶν
2781 4177 3154 4248 ἀγαθώτατος,
3185 4175 3462 4248 φρονίμων
3491 4175 3675 4247 φρονίο

2090 4278 2352 4351 μώτατος.
2386 4277 2542 4330 Ἔστι
2573 4275 2632 4328 δὲ
2673 4274 2770 4328 καὶ
2815 4273 2999 4343 πατὴρ
3030 4272 3287 4342 εὐνομίας
3333 4271 3427 4324 καὶ
3463 4270 3675 4324 δικαιο-

2088 4374 2273 4442 σύνης,
2308 4367 2714 4430 αὐτοδίδακτος,
2749 4364 3003 4435 φυσικὸς,
3038 4365 3133 4418 καὶ
3180 4363 3404 4425 τέλειος,
3451 4362 3546 4415 καὶ
3577 4378 3674 4415 σο-

404 4456 647 4526 nympha
672 4457 908 4528 quadam
942 4455 1218 4528 indigena,
1246 4472 1412 4527 quam
1456 4456 1792 4513 Anobretem
1817 4474 1980 4515 voca-

2099 4462 2205 4535 ρὸς,
2234 4459 2330 4513 καὶ
2366 4456 2514 4530 ἱεροῦ
2545 4454 2775 4526 φυσικοῦ
2813 4453 2971 4526 μόνος
3001 4452 3249 4525 εὑρετής.
3290 4471 3309 4503 ι
3344 4450 3425 4505 Τὰ
3450 4450 3495 4505 δ’
3526 4450 3673 4506 αὐτὰ

402 4547 558 4616 bant,
585 4548 935 4618 suscepisset,
969 4563 1206 4619 eumque
1239 4562 1526 4625 propterea
1576 4549 1800 4604 nomine
1848 4548 1980 4605 ἰεῦ-

406 4638 530 4696 dem
559 4640 910 4711 appellatum,
940 4640 1083 4710 quod
1108 4654 1169 4694 ea
1196 4654 1303 4694 vox
1333 4639 1475 4709 apud
1525 4637 1812 4695 Phoenices
1855 4639 1977 4694 uni-

407 4745 603 4803 genam
633 4731 932 4787 etiamnum
964 4730 1274 4803 signiﬁcet:
1316 4745 1551 4801 cumque
1593 4730 1979 4798 gravissimum

408 4820 531 4878 belli
560 4820 860 4892 periculum
893 4820 1205 4876 universam
1237 4819 1291 4875 in
1324 4820 1598 4890 regionem
1620 4806 1977 4886 incubuisset,

409 4912 565 4969 illum
605 4911 783 4982 ipsum
813 4911 964 4982 regio
1001 4911 1149 4967 cultu
1181 4919 1439 4966 ornatum
1466 4911 1534 4965 ad
1564 4926 1716 4965 aram
1751 4910 1820 4968 ab
1859 4925 1982 4967 sese

405 5004 561 5077 prius
581 5011 817 5059 erectam
850 5011 906 5057 et
932 5002 1257 5058 instructam
1283 5003 1606 5058 immolavit.
1644 5022 1663 5055 ι
1702 5001 1822 5057 Jam
1852 5019 1984 5062 vero

407 5097 720 5161 considera,
778 5096 1086 5167 cujusmodi
1121 5112 1188 5152 ea
1212 5097 1343 5162 sint,
1366 5111 1490 5167 quae
1514 5096 1657 5151 idem
1688 5096 1803 5166 ipse
1824 5094 1984 5152 Philo

407 5204 469 5245 ex
501 5187 1000 5245 Sanchuniathonis
1020 5205 1183 5258 opere
1229 5191 1296 5245 de
1332 5188 1652 5245 thnicum
1696 5188 1984 5247 elementis

2084 4554 2179 4608 καὶ
2229 4549 2494 4620 Ὀστάνης
2528 4547 2663 4619 φησὶ
2700 4547 2829 4619 περὶ
2864 4544 3030 4599 αὐτοῦ
3063 4547 3120 4598 ἐν
3156 4547 3220 4615 τῇ
3253 4543 3674 4616 ἐπιγραφομένῃ

2099 4643 2486 4711 ὐκτατεύχῳ.
2533 4641 2742 4704 Πάντες
2783 4639 2841 4693 δὲ
2886 4637 2984 4702 τὰς
3025 4636 3278 4709 ἀφορμάς
3330 4637 3456 4707 παρ’
3500 4633 3670 4689 αὐτοῦ

2085 4735 2373 4798 λαϐόντες,
2421 4731 2869 4801 ἐφυσιολόγησαν,
2899 4728 3089 4795 ὥσπερ
3125 4727 3432 4799 πρόκειται’
3467 4726 3563 4780 καὶ
3597 4725 3675 4779 τὰ

2091 4827 2187 4897 μὲν
2213 4825 2407 4896 πρῶτα
2447 4825 2688 4892 στοιχεῖα
2719 4822 2789 4874 τὰ
2828 4821 2916 4874 διὰ
2944 4820 3049 4872 τῶν
3072 4818 3267 4887 ὄφεων,
3296 4818 3455 4880 ναοὺς
3492 4832 3672 4870 κατα-

2089 4916 2507 4987 σκευασάμενοι,
2540 4916 2599 4967 ἐν
2629 4915 2811 4975 αὐτοῖς
2840 4913 3175 4984 ἀφιέρωσαν,
3213 4910 3308 4964 καὶ
3342 4908 3552 4973 τούτοις
3579 4909 3677 4962 θυ-

2091 5009 2212 5073 σίας
2241 5007 2335 5063 καὶ
2360 5005 2552 5077 ἐορτὰς
2582 5005 2870 5059 ἐπετέλουν
2895 5004 2988 5056 καὶ
3014 5002 3193 5072 ὄργια,
3226 5001 3381 5064 θεοὺς
3409 5002 3535 5064 τοὺς
3570 5017 3677 5072 μεη-

2088 5101 2311 5171 γίστους
2336 5097 2647 5167 νομίζοντες
2674 5097 2770 5149 καὶ
2799 5093 3073 5166 ἀρχηγοὺς
3102 5092 3211 5146 τῶν
3232 5091 3390 5146 ὅλων.
3419 5090 3678 5147 Τοσαῦτα

2089 5193 2186 5249 καὶ
2216 5191 2286 5246 τὰ
2312 5190 2442 5253 περὶ
2468 5188 2578 5242 τῶν
2611 5188 2808 5257 ὄφεων.

409 5283 743 5353 conscripto,
806 5278 1015 5339 Graecis
1064 5296 1322 5353 expressa
1366 5266 1568 5347 verbis,
1619 5279 1686 5334 de
1714 5281 2000 5349 reptilibus
2070 5282 2398 5357 quibusdam
2446 5295 2513 5336 ac
2576 5293 2847 5335 venenum
2903 5278 3279 5350 iaculantibus
3339 5274 3682 5335 animalibus

409 5385 835 5444 commemorat;
866 5390 988 5445 quae
1032 5390 1155 5430 cum
1198 5375 1400 5430 nullam
1431 5372 1744 5429 hominibus
1782 5373 2073 5430 utilitatem
2126 5374 2375 5437 afferant,
2414 5380 2530 5428 tum
2550 5380 2759 5442 pestem
2799 5372 2868 5427 iis
2914 5380 3077 5443 atque
3116 5368 3395 5425 interitum
3456 5374 3681 5430 creant.

506 5534 598 5605 ιδ)
647 5534 945 5591 Ἐθωθιῶν.
977 5532 1208 5590 Fortean
1235 5530 1588 5605 Chronicomt
1615 5529 1888 5605 derivetur
1915 5531 1986 5587 ab
2095 5529 2314 5605 ingenio
2342 5528 2604 5605 scriptum
2636 5543 2777 5601 opus
2806 5527 2939 5583 illud
2971 5525 3154 5595 fuerit,
3190 5526 3347 5598 cujus
3375 5525 3464 5581 hic
3492 5524 3684 5597 speci-

414 5599 643 5661 Hebraao
670 5614 771 5667 ny,
803 5606 946 5673 quod
994 5614 1078 5659 est
1130 5613 1353 5673 tempus,
1382 5601 1543 5673 cujus
1565 5599 1790 5673 ‘plural.
1812 5602 1977 5673 etiam
2086 5599 2465 5673 men_aliq_uod
2500 5599 2556 5654 in
2591 5599 2862 5673 serpente.

413 5676 601 5732 femin.
649 5687 729 5727 est
777 5667 936 5736 nimi.
985 5675 1054 5727 At
1090 5674 1143 5727 in
1183 5667 1348 5727 Mont.
1386 5667 1499 5743 leg.
1521 5667 1746 5743 ἠθικῶν,
1774 5686 1897 5743 quae
1929 5671 1978 5725 si

2157 5669 2272 5743 (47)
2321 5667 2573 5738 Ἐπήεις.
2617 5667 3060 5734 Μοηι.,Ἔπιιος.

414 5760 539 5804 vera
589 5746 749 5803 lectio
784 5754 885 5810 cst,
921 5743 987 5799 de
1020 5745 1176 5801 vario
1206 5756 1271 5800 ac
1295 5740 1580 5807 multiplici
1615 5740 1974 5798 animantium
