3798 6220
149 326 197 382 39
1223 318 1548 376 PRIEPAR.
1594 321 1649 375 E‘

1815 321 1849 374 ι.
1891 319 2018 375 LIB.
2067 320 2106 373 l.
3242 320 3315 374 90

141 441 306 506 inquos
347 444 522 488 tetrum
571 434 702 490 illud
739 449 901 489 suum
959 441 1014 489 et
1072 433 1290 498 exitiale
1348 451 1617 490 venenum
1660 434 2024 490 excusserint.
2095 431 2185 488 Sic
2227 432 2392 503 igitur
2456 432 2523 486 ad
2579 432 2803 486 verbum
2853 431 2943 486 ille
2976 445 3033 485 ει
3077 429 3320 487 Taautus

141 532 304 597 quidem
367 527 602 581 draconis
675 529 1119 596 serpentiumque
1183 538 1394 582 naturae
1444 528 1785 582 divinitatem
1861 528 2099 596 aliquam
2173 525 2474 593 tribuebat,
2552 541 2718 595 quam
2800 525 2920 594 ejus
3003 523 3317 594 opinionem

137 619 208 697 ω
234 621 473 675 Phoenices
531 628 580 672 et
641 619 878 690 Egyptii
933 629 1120 690 postea
1183 620 1632 688 comprobarunt.
1669 619 1962 673 Enimvero
2018 633 2189 687 genus
2221 616 2326 672 hoc
2358 616 2654 672 animantis
2687 631 2796 686 pra:
2843 615 3055 671 cunctis
3110 613 3319 683 reptili-

137 713 350 775 bus,viet
376 711 515 779 copia
532 712 757 780 spiritus
786 713 1066 768 abundare
1113 713 1288 776 docet,
1343 713 1572 783 ejusque
1629 721 1883 769 naturam
1935 713 2147 784 igneam
2199 727 2342 776 esse,
2374 710 2521 780 quod
2560 711 2723 765 etiam
2751 720 3036 780 propterea
3066 708 3318 762 celerita-

137 821 234 870 tem,
262 806 427 875 inquit,
453 821 557 875 prae
585 822 643 861 se
674 807 778 861 fert
806 810 960 862 omni
993 809 1308 878 exceptione
1342 810 1626 879 majorem,
1679 824 1803 862 cum
1840 823 2016 876 neque
2067 808 2298 876 pedum,
2355 821 2531 874 neque
2572 821 2855 868 manuum,
2887 818 3064 873 neque
3097 803 3322 857 alterius

137 902 382 967 cujusquam
404 901 680 954 exterioris
719 901 947 955 membri
985 902 1377 957 adminiculum
1426 902 1642 968 habeat,
1705 901 2010 969 cujusmodi
2046 909 2193 965 sunt,
2222 901 2422 970 quibus
2470 899 2538 952 ad
2580 909 2784 953 motum
2819 899 3042 968 reliquae
3065 897 3322 951 animan-

137 1004 196 1046 tes
224 991 279 1043 uti
317 990 488 1054 solent.
524 989 791 1046 Praeterea
831 995 1012 1050 varias
1079 1010 1143 1050 ac
1205 996 1533 1065 multiplices
1590 995 1838 1065 corporis
1891 994 2096 1050 formas
2159 995 2415 1061 ostendit,
2453 1009 2517 1048 ac
2556 994 2792 1049 sinuosis
2853 994 3114 1047 intortum
3154 990 3320 1061 spiris

137 1093 221 1136 sese
240 1100 368 1150 quam
398 1084 603 1138 libuerit
625 1088 854 1142 incitato
878 1090 1058 1144 vibrat
1087 1091 1312 1159 impetu.
1377 1089 1656 1144 Diuturnze
1711 1090 2005 1143 admodum
2064 1089 2188 1143 vitm
2223 1096 2328 1154 est,
2381 1105 2478 1144 nec
2507 1090 2684 1144 solum
2715 1095 2878 1142 exuto
2906 1086 3058 1141 senio
3085 1084 3318 1154 juvene-

134 1177 223 1232 salit,
250 1189 404 1227 rerum
444 1177 600 1231 etiam
637 1181 850 1247 majora
897 1182 1146 1250 corporis
1176 1182 1341 1236 simul
1386 1191 1442 1236 et
1488 1181 1684 1234 virium
1738 1180 1934 1249 accipit
1990 1179 2348 1242 incrementa,
2397 1181 2570 1235 donec
2608 1179 2825 1234 tandem
2880 1177 3126 1232 confecto
3168 1182 3318 1229 certo

134 1263 308 1332 quodam
338 1281 586 1320 annorum
651 1270 930 1324 curriculo
981 1272 1034 1325 in
1093 1273 1333 1342 seipsum
1395 1274 1594 1326 iterum
1645 1271 2002 1335 dissolvatur,
2060 1274 2520 1342 quemadmodum
2581 1271 2634 1325 in
2682 1272 2856 1327 sacris
2905 1270 3067 1324 etiam
3116 1267 3318 1323 tabulis

130 1360 230 1412 idem
254 1356 458 1423 Taautus
489 1360 754 1427 scriptum
805 1363 1046 1431 reliquit.
1091 1362 1145 1416 ld
1194 1363 1340 1434 quod
1375 1363 1429 1416 in
1479 1378 1644 1417 causa
1696 1361 1820 1428 fuit,
1869 1376 1969 1416 cur
2011 1361 2115 1416 hoc
2167 1363 2526 1417 animantium
2577 1377 2746 1431 genus
2793 1362 2848 1415 in
2907 1357 3078 1416 Sacris
3118 1359 3320 1429 pariter

130 1457 249 1515 atque
287 1451 532 1518 mysteriis
565 1451 816 1507 adhiberi
856 1455 1076 1510 soleret.
1127 1455 1204 1511 De
1260 1457 1365 1511 hoc
1393 1464 1573 1511 autem
1629 1456 1686 1512 in
1736 1456 2170 1523 commentariis,
2218 1472 2356 1526 quos
2404 1455 2655 1509 Ethat/iia
2703 1454 3104 1524 inscripsimus,
3143 1449 3319 1521 pluri-

128 1539 244 1592 busa
270 1543 404 1594 nobis
450 1543 788 1614 disputatum
823 1555 926 1610 est,
973 1548 1066 1601 ubi
1116 1549 1295 1617 ipsum
1345 1548 1652 1603 immortale
1698 1562 1840 1611 esse,
1883 1555 1939 1602 et
1981 1548 2036 1602 in
2094 1563 2216 1604 sese
2263 1549 2464 1615 denuo,
2501 1548 2960 1618 quemadmodum
3007 1553 3131 1599 ante
3165 1543 3318 1598 dice-

126 1628 235 1686 inm.
265 1632 429 1686 resolvi
456 1633 975 1693 demonstravimus.
1026 1639 1136 1695 Nec
1162 1641 1306 1694 enim
1358 1641 1671 1710 hujusmodi
1711 1641 1936 1704 animal,
1997 1641 2104 1695 nisi
2162 1642 2215 1695 vi
2268 1643 2502 1712 quadam
2568 1656 2892 1712 percussum
2943 1652 3067 1694 ante
3127 1638 3315 1703 fuerit,

127 1734 255 1776 morte
280 1727 483 1780 naturali
535 1729 934 1802 exstinguitur.
1001 1737 1178 1804 Atque
1227 1733 1357 1789 illud
1410 1734 1628 1804 quidem
1675 1732 1966 1789 thnices
2001 1735 2205 1790 bonum
2247 1735 2572 1801 daamonem,
2618 1733 2856 1804 Egyptii
2879 1747 3007 1787 vero
3031 1731 3315 1801 Cncphum

126 1820 317 1874 similiter
349 1834 741 1892 nuncuparunt,
789 1827 1077 1897 eidemque
1106 1839 1269 1898 caput
1298 1829 1574 1897 accipitris
1625 1831 1696 1885 ob
1728 1829 2062 1901 praecipuam
2092 1829 2389 1900 quamdam
2408 1829 2576 1899 hujus
2603 1827 2842 1884 volucris
2866 1825 3058 1898 agendi
3088 1825 3196 1879 vim
3223 1825 3320 1879 ad-

126 1914 337 1968 diderunl.
365 1915 494 1980 Quin
523 1919 688 1972 etiam
729 1919 893 1989 Epeis
924 1922 1033 1986 ille,
1065 1922 1156 1992 qui
1201 1937 1454 1996 summus
1485 1921 1554 1976 ab
1603 1922 1672 1976 iis
1712 1939 1993 1979 sacrorum
2043 1923 2309 1992 interpres
2343 1930 2397 1976 et
2426 1921 2605 1978 scriba
2643 1920 2991 1983 nominatur,
3045 1932 3317 1989 quemque

123 2003 245 2059 Arius
270 2004 698 2077 flerarleopolites
731 2010 922 2067 Graeca
954 2014 1137 2085 lingua
1172 2015 1427 2081 donavit,
1461 2015 1540 2070 sic
1562 2016 1630 2070 ad
1658 2017 1884 2072 verbum
1903 2016 2191 2088 allegorice
2233 2030 2348 2070 rem
2369 2015 2528 2070 istam
2542 2011 2826 2079 exposuit:
2850 2031 2867 2061 ‹
2892 2011 3047 2067 Unus
3069 2013 3315 2066 omnium

123 2097 302 2150 maxime
330 2100 527 2156 divinus
551 2112 673 2158 erat
733 2121 963 2174 serpens
987 2107 1095 2172 ille,
1144 2108 1240 2176 qui
1281 2109 1558 2178 accipitris
1599 2111 1832 2164 formam
1892 2127 2003 2181 prae
2040 2125 2099 2166 se
2130 2110 2353 2177 ferebat,
2407 2108 2658 2178 idemque
2714 2114 2940 2176 aspectu
2978 2105 3316 2176 iucundissi-

123 2193 433 2262 mus:quippe
455 2195 619 2262 enim,
645 2197 740 2251 ubi
773 2199 963 2254 oculos
999 2201 1323 2269 aperuisset,
1376 2201 1636 2257 continuo
1662 2203 1999 2274 primigenia:
2018 2218 2130 2258 suae
2147 2202 2383 2274 regionis
2433 2203 2553 2256 loca
2589 2199 2772 2256 omnia
2801 2201 2923 2255 luce
2967 2199 3270 2269 complebat
3297 2218 3312 2254 :

123 2283 183 2333 sin
208 2293 352 2337 autem
385 2289 729 2366 conniveret,
781 2293 928 2348 illico
974 2297 1210 2351 tenebrze
1242 2298 1626 2353 succedebant.
1652 2299 1767 2354 »Αο
1786 2307 1979 2354 natura
2023 2299 2244 2370 quidem
2305 2299 2522 2368 igneum
2570 2298 2723 2353 illum
2768 2312 2892 2352 esse
2922 2295 2972 2350 vi
3008 2297 3124 2365 ipsa
3164 2296 3316 2350 verbi

120 2371 366 2441 διηὺγαςεν,
395 2378 441 2430 id
471 2390 550 2435 est
575 2382 915 2450 itlustrahat,
953 2384 1110 2454 Epeis
1145 2388 1433 2442 manifeste
1491 2387 1620 2443 decl:

1847 2407 1860 2444 :
1902 2387 2040 2445 lucis
2107 2379 2276 2453 enim,
2312 2389 2370 2442 τὸ
2397 2388 2708 2459 διαυγάσαι,
2768 2388 2876 2442 hoc
2910 2395 2993 2442 est
3021 2387 3315 2458 illustrare,

125 2467 339 2534 proprium
377 2479 473 2529 est.
513 2472 865 2547 Pherecydes
907 2491 1111 2543 autem,
1149 2480 1440 2534 occasione
1465 2495 1530 2534 ex
1559 2479 1909 2535 Phoenicibus
1941 2489 2191 2552 arrepta,
2241 2481 2601 2551 theologicam
2634 2481 2700 2535 de
2757 2479 2848 2534 illo
2892 2479 3117 2534 numine
3169 2480 3316 2550 quod

119 2555 355 2623 Ophionem
398 2563 507 2632 ipse
534 2577 844 2638 nuncupat,
891 2571 1065 2640 deque
1088 2570 1411 2640 Ophionidis
1453 2572 1690 2638 instituit
1727 2572 2190 2642 disputationem;
2222 2589 2323 2629 nos
2361 2583 2541 2628 autem
2571 2573 2638 2627 de
2666 2574 2775 2629 illis
2800 2573 3006 2643 aliquid
3030 2573 3192 2628 etiam
3221 2588 3324 2642 po-

121 2656 205 2702 δια
228 2650 559 2720 subjiciemus.
586 2656 870 2715 Caeterum
891 2659 1129 2733 Egyptii
1152 2663 1416 2717 mundum
1439 2663 1629 2717 eodem
1665 2663 1896 2718 consilio
1935 2663 2308 2735 depingentes,
2354 2664 2648 2719 rotundum
2711 2663 2976 2718 circulum
3027 2662 3174 2716 aerio
3223 2677 3319 2716 co-

121 2747 205 2802 lore
237 2749 541 2819 ﬂammisque
599 2768 860 2823 sparsum
919 2758 1252 2826 exprimunt,
1318 2759 1476 2829 cujus
1525 2754 1580 2813 in
1618 2760 1798 2814 medio
1841 2777 2064 2830 serpens
2105 2769 2358 2816 extentus
2385 2759 2662 2828 accipitris
2688 2757 2864 2812 forma
2889 2757 3209 2812 collocatur.
3238 2757 3316 2810 Ac

115 2835 378 2903 totaquidem
410 2837 576 2909 ﬁgura
617 2842 817 2900 Grzeco
847 2845 1020 2903 Theta
1060 2852 1355 2920 persimilis
1410 2865 1512 2921 est,
1571 2856 1648 2912 ita
1699 2857 1980 2923 nimirum,
2024 2865 2084 2912 ut
2124 2857 2330 2911 circulo
2372 2857 2634 2910 mundum
2687 2855 2999 2920 exhibeant,
3066 2861 3318 2913 serpente

121 2936 251 2980 autem
271 2931 429 2985 medio
461 2934 610 2988 illum
639 2938 901 3008 utrinque
921 2938 1028 3011 42
1071 2941 1454 3014 eonjungente,
1509 2946 1710 3000 bonum
1747 2947 2048 3001 dzemoncm
2085 2948 2411 3017 significent.
2441 2947 2510 2999 At
2539 2959 2668 2999 vero
2695 2943 3012 2999 Zoroastres
3043 2941 3232 3013 Magus
3261 2945 3314 2998 in

121 3031 239 3118 sacro
278 3021 600 3118 Persicorum
647 3030 863 3086 rituum
917 3035 1343 3104 commentario,
1403 3040 1520 3094 haec
1578 3043 1802 3097 totidem
1864 3042 2045 3096 verbis
2091 3040 2294 3095 habet:
2336 3059 2354 3088 σ
2390 3039 2532 3094 Deus
2556 3047 2735 3094 autem
2787 3046 2873 3092 est
2910 3038 3182 3106 accipitris
3221 3052 3314 3091 ca-

122 3116 222 3214 pite,
256 3116 482 3214 princeps
536 3122 1022 3195 omnium,expers
1064 3127 1338 3194 interitus,
1383 3123 1768 3202 sempiternus,
1829 3135 1945 3190 sine
1985 3145 2144 3199 ortu,
2201 3134 2320 3189 sine
2378 3133 2662 3204 partibus,
2731 3132 2968 3186 maxime
3011 3130 3314 3189 dissimilis.

120 3207 250 3257 omnis
291 3207 404 3261 boni
448 3211 786 3281 moderator,
840 3217 1244 3286 integerrimus,
1295 3222 1562 3278 bonorum
1624 3225 1886 3295 optimus,
1935 3223 2284 3294 prudentium
2314 3222 2797 3294 prudentissimus,
2841 3221 3020 3291 legum
3049 3219 3318 3290 azquitatis

117 3305 162 3344 ac
198 3296 380 3396 justitia:
412 3314 630 3368 parens,
668 3319 733 3358 se
777 3313 988 3359 tantum
1041 3320 1372 3379 praeceptore
1419 3312 1634 3376 doctus,
1694 3313 1978 3377 naturalis,
2020 3312 2313 3383 perfectus,
2354 3313 2593 3383 sapiens,
2652 3321 2706 3368 et
2757 3328 2928 3367 sacrae
2969 3311 3051 3366 vis
3080 3311 3316 3384 physica:

120 3399 220 3437 unus
259 3392 502 3449 inventor.
540 3411 560 3444 ι
615 3392 823 3448 Eadem
871 3396 1094 3466 insuper
1144 3401 1373 3456 Ostanes
1425 3403 1492 3456 de
1528 3403 1619 3457 illo
1660 3403 1825 3457 tradit
1886 3405 1940 3456 in
1981 3420 2046 3458 eo
2081 3401 2230 3474 quod
2292 3402 2669 3458 Octateuchum
2731 3403 3034 3474 inscripsit,
3077 3402 3313 3456 volumi-

119 3491 178 3530 ne.
209 3477 385 3552 Reliqui
418 3495 596 3540 autem
627 3502 847 3553 omnes,
882 3489 1179 3557 principem
1226 3492 1379 3550 illum
1423 3496 1617 3558 secuti,
1667 3495 1734 3550 de
1780 3511 1962 3550 rerum
2006 3505 2226 3564 natura,
2271 3497 2731 3568 quemadmodum
2783 3506 2908 3553 ante
2958 3499 3165 3552 dictum
3209 3503 3312 3560 est,

120 3570 404 3670 philosophati
442 3589 594 3646 sunt;
651 3596 720 3634 ac
793 3582 985 3651 primis
1024 3584 1307 3642 elementis
1344 3603 1408 3644 ac
1448 3592 1782 3659 serpentium
1849 3593 2043 3662 forma,
2081 3597 2136 3650 in
2177 3595 2392 3664 templis
2444 3608 2565 3663 qua:
2619 3601 3044 3646 construxerant
3085 3591 3314 3646 solemni

121 3667 190 3763 ritu
222 3667 473 3736 dedicatis,
524 3687 654 3727 cum
708 3673 1000 3737 sacriﬁcia,
1053 3685 1167 3731 tum
1215 3677 1383 3734 festos
1425 3696 1644 3750 quoque
1693 3684 1831 3752 dies,
1876 3695 1930 3741 et
1981 3689 2131 3757 orgia
2185 3688 2550 3749 celebrarunt,
2583 3685 2728 3755 quod
2765 3684 2886 3738 illos
2933 3684 3158 3737 deorum
3193 3697 3313 3736 ma-

121 3769 246 3813 ltmos
268 3775 392 3827 esse,
419 3779 719 3835 rerumque
749 3766 994 3821 omnium
1024 3770 1297 3841 principes
1327 3788 1392 3828 ac
1411 3773 1781 3834 moderatores
1803 3788 2078 3849 putarent.
2110 3779 2311 3836 Verum
2350 3782 2465 3834 haec
2484 3779 2549 3834 de
2578 3779 2920 3848 serpentibus
2957 3776 3119 3832 modo
3150 3777 3308 3832 satis.

174 3875 295 3928 Ἀλλὰ
328 3878 427 3948 γὰρ
463 3879 531 3932 τὰ
562 3881 665 3950 μὲν
708 3881 807 3951 τῆς
843 3883 1102 3937 Φοινίκων
1133 3884 1411 3954 θεολογίας
1435 3889 1624 3944 τοῦτον

1811 3891 2118 3963 tlujusmodi
2160 3911 2288 3967 ergo
2318 3903 2403 3952 est
2434 3895 2752 3949 Phtenicum
2787 3893 3110 3962 theologica,
3146 3909 3311 3964 quam

121 3969 296 4040 περιέχει
336 3971 422 4024 τὸν
478 3973 707 4045 τρόπον.
771 3975 874 4027 Ἢν
925 3977 1332 4051 ἀμεταστρεπτὶ
1381 3981 1621 4052 φεύγειν,

1818 3985 2084 4041 irretortis
2104 3987 2277 4040 oculis
2305 3986 2600 4056 fugiamus,
2629 4001 2691 4038 ac
2721 3985 3026 4054 priscorum
3062 3984 3302 4038 vesania:

121 4063 278 4132 καὶτῆς
305 4065 401 4118 τῶν
441 4067 691 4120 παλαιῶν
729 4070 1152 4143 φρενοϐλαϐείας
1185 4073 1284 4144 τὴν
1333 4073 1476 4128 ἴασιν
1529 4093 1621 4146 με·

1818 4078 2052 4131 dicinam
2087 4094 2496 4147 persequamur,
2529 4078 2785 4132 salutaris
2815 4076 3089 4148 Evangelii
3115 4076 3314 4131 doctri-

121 4151 347 4218 τπὲιὼχειν,
389 4157 415 4209 ὁ
446 4161 717 4231 σωτήριος
752 4162 1162 4230 εὐαγγελίζεται
1191 4163 1366 4234 λόγος.
1409 4167 1529 4220 Ὅτι
1573 4169 1621 4222 δὲ

1834 4168 2096 4237 praecipit.
2133 4166 2266 4220 Nam
2304 4168 2447 4237 quod
2483 4167 2585 4221 ista
2615 4166 2800 4220 omnia
2829 4181 2928 4220 nec
2952 4165 3148 4221 fabulae
3181 4166 3311 4229 sint,

124 4243 172 4311 μὴ
198 4245 323 4313 μῦθοι
351 4248 536 4314 ταῦτα,
585 4253 682 4305 καὶ
716 4254 956 4324 ποιητῶν
997 4256 1393 4328 ἁναπλάσματα
1432 4259 1624 4329 λανοά-

1811 4275 1830 4313 c
1851 4269 2162 4314 commenta
2185 4269 2492 4329 poetarum,
2517 4275 2637 4328 qum
2658 4259 2912 4312 latentem
2939 4258 3124 4312 nescio
3147 4273 3311 4328 quam

122 4338 256 4390 madv
282 4357 387 4393 τινα
426 4344 483 4395 ἐν
528 4345 814 4409 ὑπονοίαις
849 4347 1038 4417 ἔχοντα
1076 4349 1310 4420 Θεωρίαν
1336 4353 1622 4422 τυγχάνει·

1817 4351 2026 4406 intimis
2063 4352 2315 4406 sensibus
2336 4351 2848 4420 contemplationem
2876 4350 3155 4403 involvant
3180 4369 3193 4404 :
3217 4350 3311 4405 sed

125 4429 246 4495 συζῶν
269 4432 316 4483 δὲ
347 4435 433 4487 καὶ
467 4436 741 4502 παλαιῶν,
766 4439 842 4501 ὡς
875 4439 940 4492 ἂν
965 4441 1135 4494 αὐτοὶ.
1153 4446 1328 4511 φαῖεν,
1359 4443 1625 4514 θεολόγων

1808 4443 1912 4497 tius
1946 4458 2077 4496 vera
2116 4442 2445 4512 sapientium
2481 4457 2544 4496 ac
2574 4451 2835 4506 veterum,
2867 4451 2924 4495 ut
2965 4440 3067 4510 ipsi
3089 4441 3308 4511 quidem

123 4519 274 4586 M952;
302 4528 606 4599 μαρτυρίαι,
637 4529 708 4582 τὰ
738 4530 835 4582 καὶ
869 4531 1106 4602 ποιητῶν
1133 4534 1388 4588 ἁπάντων
1422 4538 1514 4590 καὶ
1541 4537 1623 4592 λο-

1811 4536 2022 4604 pellant,
2043 4535 2419 4605 theologorum
2445 4534 2778 4596 testimonia,
2805 4549 2925 4603 quae
2947 4549 3033 4588 res
3055 4534 3311 4588 omnibus

123 4613 338 4682 τῦτράῗων
388 4619 737 4693 πρεσϐύτερα
786 4623 1156 4694 περιέχουσαι,
1216 4626 1279 4679 τό
1321 4645 1382 4680 τε
1435 4631 1623 4684 πιστὸν

1809 4629 1981 4698 poetis
1998 4637 2051 4683 et
2073 4626 2382 4681 fabularum
2409 4627 2772 4696 scriptoribus
2796 4627 3134 4696 antiquiores
3154 4640 3309 4680 com-

123 4701 351 4773 τῶνλὸγων
385 4713 727 4785 ἐπαγόμεναι
761 4715 868 4768 ἀπὸ
892 4716 989 4788 τῆς
1026 4719 1192 4772 εἰσέτι
1226 4718 1386 4790 δεῦρο
1417 4722 1473 4772 ὲν
1505 4725 1623 4785 ταῖς

1810 4725 2051 4782 :ctantur,
2080 4717 2348 4786 ﬁdemque
2364 4725 2647 4772 arcessant
2673 4732 2796 4772 cum
2821 4732 2887 4771 ex
2917 4716 3006 4771 illa
3027 4717 3165 4786 ipsa,
3189 4731 3310 4787 qua:

121 4794 218 4883 P73!
242 4801 464 4876 Φοινίκην
480 4807 675 4862 πόλεσι
707 4823 765 4859 τε
801 4808 894 4860 καὶ
925 4808 1135 4880 κώμαις
1164 4812 1473 4883 κρατούσης
1513 4815 1621 4867 τῶν

1815 4808 2136 4879 Ριιωηὶεμιη
2169 4809 2397 4862 urbibus
2448 4823 2512 4863 ac
2541 4809 2694 4879 pagis
2725 4808 3026 4862 etiamnum
3069 4809 3309 4863 celebra—

253 4896 598 4968 προσηγορίας
649 4915 711 4952 τε
770 4900 865 4952 καὶ
914 4902 1174 4973 ἱστορίας,
1232 4905 1341 4959 τῶν
1385 4923 1445 4958 τε
1493 4910 1621 4978 παρ’

1809 4915 1838 4964 ',
1867 4900 2089 4954 deorum
2117 4899 2481 4968 appellatione
2515 4908 2677 4968 atque
2715 4898 2964 4963 historia,
2997 4906 3110 4952 tum
3141 4914 3206 4953 ex
3243 4898 3309 4952 iis

122 4975 302 5071 tum“;
340 4987 768 5061 ἐπιτελουμένων
808 4994 1142 5066 μυστηρίων,
1184 4996 1343 5067 δῆλον
1386 4997 1451 5051 ἂν
1493 4975 1616 5071 εἴη’.

1810 5005 1850 5044 ιε
1905 4990 2047 5059 apud
2099 4989 2342 5058 singulos
2391 4997 2755 5059 peraguntur,
2809 4989 3082 5059 mysteriis
3130 4987 3310 5056 quivis

196 5075 353 5144 μηκέτι
388 5081 586 5135 τούτων
623 5083 827 5155 χρῆναι
870 5087 1072 5155 βιαίους
1103 5066 1403 5160 ἀνιχνεύειν
1435 5066 1620 5160 φυσιο-

1809 5086 1940 5144 inor,
1963 5082 2244 5152 intelligit:
2267 5081 2398 5137 nihil
2430 5092 2487 5136 ut
2505 5081 2617 5151 jam
2647 5096 2872 5136 necesse
2897 5081 2967 5135 sit
2988 5089 3205 5134 coactas
3223 5095 3309 5132 re-

123 5157 277 5254 “frias.
309 5173 441 5243 σαφῆ
467 5171 559 5228 τὸν
605 5174 667 5240 ἐξ
710 5176 920 5230 ἑαυτῶν
959 5157 1621 5254 ἑλεγχοννὲπιφεροιιένων

1805 5189 1847 5226 m
1877 5174 2100 5227 istarum
2131 5173 2384 5244 physicas
2411 5172 2801 5242 explicationes
2821 5169 3305 5240 perscrutari,cum

122 5252 194 5307 τῶν
215 5265 539 5334 πραγμάτιον.
569 5268 808 5341 Τοιαύτη
844 5271 943 5341 μὲν
970 5267 1063 5327 οὖν
1094 5277 1126 5345 ἡ
1156 5252 1415 5328 Φοινίκιον
1446 5252 1622 5328 θεολο-

1803 5264 2046 5320 ·ιίεείῐηὶε
2063 5279 2185 5334 qua:
2202 5275 2469 5334 sponteac
2487 5279 2580 5333 per
2593 5279 2650 5318 se
2663 5264 2808 5333 ipsas
2822 5263 2924 5316 illa:
2937 5261 3303 5330 suppeditant,

226 5353 342 5425 Ὥρα
380 5357 432 5410 δὲ
478 5360 820 5430 μεταϐάντας
875 5363 966 5417 καὶ
1009 5365 1104 5437 τὴν
1151 5368 1462 5436 Αἰγυπτίων
1503 5369 1621 5421 ἐπι-

1808 5355 2060 5425 ;umentis
2076 5355 2399 5426 iudiciisque
2420 5364 2723 5410 teneantur.
2744 5353 2866 5408 limo
2881 5368 3008 5420 ergo
3021 5353 3084 5406 de
3096 5352 3308 5407 Plateni-

128 5433 347 5513 θεωρῆπαε-
1062 5433 1072 5437 ὴ
1233 5433 1241 5436 ⁷
1723 5465 1848 5504 cum
1877 5449 2149 5521 theologia
2173 5448 2320 5505 dicta
2343 5457 2522 5505 sunto.
2552 5446 2675 5502 Jam
2699 5447 2844 5502 enim
2884 5454 3098 5516 tempus
3125 5455 3209 5502 est
3249 5455 3307 5502 ut

1727 5542 1792 5597 ad
1826 5541 2207 5616 Egyptiorum
2237 5558 2394 5598 sacra
2423 5541 2836 5612 doctrinamque
2864 5547 3228 5596 transeamus.
