3798 6220
139 363 183 416 93
1207 358 1529 414 PREPAR.
1573 358 1825 414 EVANG.
1871 358 1998 413 LIB.
2044 357 2106 414 Π.
3213 357 3281 412 ει

133 480 170 528 ιε
201 473 525 546 παρατεθεῖσαι
553 469 655 524 τῶν
704 472 1008 544 εἰρημένων
1043 473 1262 546 ἐδήλουν
1291 477 1496 544 φωναὶ,
1528 475 1604 539 ὡς

1726 490 1768 530 te
1790 477 2108 546 religionem
2143 473 2483 543 pertinentes
2507 476 2754 531 omnium
2785 476 2944 546 primi
2977 473 3276 544 collegere,

132 567 272 639 μηκέτι
302 566 464 634 χρῆναι
503 563 714 614 τούτων’
752 561 962 632 βιαίους
1000 565 1302 635 ἀνιχνεύειν
1347 566 1597 635 φυσιολο-

126 661 229 730 γίας,
257 657 372 725 σαοῆ
393 657 471 708 τὸν
492 655 547 721 ἐξ
575 655 778 707 ἑαυτῶν
815 655 1032 726 ἔλεγχον
1053 658 1466 730 ἐπιφερομένων
1490 659 1600 713 τῶν

128 751 401 822 πραγμάτων.
448 749 667 817 Τοιαύτη
727 750 826 818 μὲν
867 747 1014 821 οὖνὴ
1052 749 1160 803 τῶν
1185 753 1445 805 Φοινίκων
1479 751 1599 805 θεο-

125 845 252 912 λτίίι,
277 843 384 912 Ὦρα
417 840 465 892 δὲ
509 840 866 908 μεταϐάντας,
897 842 989 894 καὶ¹
1039 842 1106 894 τὰ
1143 843 1454 910 Αἰγυπτίων
1481 845 1601 896 ὲπι-

125 934 343 1002 θεωρῆσαι.
373 932 442 992 εἰς
466 930 523 982 τὸ
554 931 890 998 κατανοῆσαι
919 932 1012 984 καὶ
1045 933 1272 985 συνιδεῖν
1296 932 1600 1004 ἐξητασμέ-

123 1043 208 1086 aug,
232 1026 267 1076 εἰ
308 1022 369 1092 μὴ
406 1021 689 1093 κεκριμένη
725 1023 818 1074 καὶ
851 1021 1072 1091 εὔλογος
1109 1024 1438 1094 συνέστηκεν
1470 1025 1599 1094 ἡμῖν

121 1113 208 1180 iis
244 1112 386 1164 αὐτῶν
435 1111 796 1186 ἀναχώρησις,
838 1114 946 1167 οὐδ’
999 1115 1194 1178 ἄλλως,
1242 1116 1274 1186 ἦ
1309 1116 1399 1169 διὰ
1430 1115 1598 1186 μόνης

125 1206 188 1270 ῖῆῖ
213 1202 525 1273 Εῧαττελῑπῆς
572 1204 921 1270 ἀποδείξεως,
958 1205 1236 1278 πρώτιστα
1261 1207 1482 1261 πάντων
1502 1205 1601 1259 αὐ-

116 1291 490 1358 τοῖςΜγυπτίοις,
527 1287 645 1345 εἶτα
683 1293 742 1346 δὲ
783 1296 880 1348 καὶ
922 1297 1034 1358 τοῖς
1062 1295 1129 1349 τὰ
1160 1299 1256 1352 [sa
1307 1295 1597 1367 φρονοῦσιν

117 1384 245 1444 circi;
261 1380 640 1453 κατωρθωμένη.
678 1385 867 1438 Πᾶσαν
897 1386 994 1456 μὲν
1033 1382 1125 1440 οὖν
1157 1386 1255 1457 τὴν
1302 1388 1600 1454 Αἰγυπτια-

115 1473 394 1543 ἠρὶπορίαν
409 1474 482 1534 είς
508 1473 710 1538 πλάτος
734 1475 836 1546 τῆς
869 1477 1134 1547 Ἑλλήνων
1165 1476 1454 1548 μετείληφε
1489 1494 1601 1544 φω-

113 1565 196 1631 νῆς,
213 1563 323 1624 ἰδίως
343 1579 395 1614 τε
422 1562 484 1614 τὰ
511 1564 636 1633 περὶ
677 1563 776 1635 τῆς
801 1567 921 1618 κατ’
953 1567 1150 1629 αὐτοὺς
1179 1565 1455 1633 θεολογίας
1474 1566 1596 1618 Μα-

111 1653 272 1716 νξθῶςό
302 1651 563 1721 Αὶγᾶπτιος
610 1652 670 1705 ἕν
697 1671 756 1706 τε
833 1651 1069 1722 ἔγραψεν
1092 1653 1241 1723 ’.ερᾷ
1256 1656 1471 1721 βίϐλῳ,
1502 1656 1600 1710 καὶ

112 1751 151 1798 ἐν
171 1746 330 1815 ἑτέροις
363 1744 510 1797 αὑτοῦ
552 1745 976 1817 συγγράμμασι.
1006 1745 1152 1816 Πλὴν
1177 1745 1313 1800 ἀλλὰ
1347 1749 1443 1800 καὶ
1480 1748 1599 1799 Διό-

109 1839 230 1908 δωρος
251 1837 490 1908 ὸπρὸςθεν
514 1839 646 1907 ἡμῖν
678 1856 780 1909 μνη
792 1838 1089 1908 μονευθεὶς,
1121 1841 1185 1890 ὲκ
1213 1838 1473 1891 πλειόνων
1500 1839 1600 1902 τὰς

113 1931 286 1998 ἱστορίας
313 1929 708 1998 ἀναλεξάμενος,
745 1930 839 1982 καὶ
871 1929 945 1991 ὡς
979 1928 1060 1980 ἔνι
1099 1928 1331 1998 μάλιστα
1365 1928 1435 1980 τὰ
1467 1930 1599 1998 παρ’

109 2022 290 2082 ἑκάστοις
311 2020 495 2074 ἔθνεσιν
537 2019 971 2091 ἁπηκριὸωκὼς,
999 2021 1269 2089 ἐπιφανὴς
1314 2019 1471 2092 ἀνὴρ,
1509 2021 1600 2072 καὶ

109 2113 219 2176 δόξαν
244 2114 291 2164 οὗ
317 2115 494 2184 μικρὰν
527 2114 779 2176 παιδείας
817 2114 966 2184 παρὰ
1002 2115 1135 2166 πᾶσι
1163 2117 1274 2177 τοῖς
1301 2113 1601 2183 φιλολόγοις

107 2204 391 2272 κτησάμενος·
418 2206 503 2257 καὶ
528 2204 590 2274 δὴ
625 2205 722 2257 καὶ
758 2207 937 2258 πᾶσαν
966 2204 1063 2276 τὴν
1098 2205 1332 2258 παλαιὰν
1358 2221 1598 2272 συναγα-

105 2292 185 2357 γὼν
206 2295 416 2362 ἱστορίαν,
447 2297 685 2365 συνάψας
730 2313 791 2348 τε
823 2299 890 2349 τά
935 2297 1125 2366 πρῶτα
1149 2300 1263 2358 τοῖς
1298 2295 1425 2364 ἑξῆς
1459 2295 1600 2366 πρά’

105 2402 246 2452 γμισι,
292 2387 373 2457 τὴν
401 2390 674 2461 καταρχὴν
704 2391 805 2459 τῆς
836 2390 964 2461 ὅλης
1000 2390 1297 2460 ἐποιήσατο
1333 2405 1600 2460 πραγμα-

104 2476 207 2540 τείας
250 2479 338 2531 ἀπὸ
381 2480 474 2548 τῆς
519 2482 640 2533 κατ’
674 2482 1004 2549 Αἰγυπτίους
1043 2479 1323 2548 θεολογίας
1347 2496 1360 2509 ·
1403 2479 1498 2549 ἀφ’
1532 2474 1600 2550 ἧς

104 2566 281 2635 ἡγοῦμαι
308 2573 528 2637 κρεῖττον
548 2568 693 2624 εἶναι
747 2571 1074 2641 ποιήσασθαι
1117 2570 1216 2642 τὴν
1235 2568 1345 2622 τῶν
1379 2585 1604 2638 προκει-

105 2658 234 2725 μένων
259 2659 545 2731 παράθεσιν,
590 2664 672 2724 ὡς
710 2665 778 2716 ἂν
822 2663 1020 2735 μᾶλλον
1053 2661 1221 2733 οὔσης
1248 2661 1604 2732 γνωριμωτέ-

102 2764 176 2810 ρας
191 2755 272 2813 τοῖς
291 2753 489 2822 Ἕλλησι
523 2755 622 2824 τῆς
670 2754 859 2808 τούτου
903 2755 1142 2825 γραφῆς.
1180 2756 1408 2823 Ἱστορεῖ
1434 2753 1478 2806 δ’
1509 2748 1605 2807 οὖν

99 2837 228 2891 ταῦτα
375 2844 528 2910 λέξιν.

1709 567 1845 621 nihil
1879 568 2098 637 penitus
2125 566 2209 620 vel
2239 565 2309 620 ad
2342 581 2556 621 morum
2593 566 3054 631 informationem,
3082 567 3165 620 vel
3200 568 3282 620 al-

1704 657 1975 728 legoricos
2000 656 2307 712 fabularum
2333 671 2529 713 sensus
2555 659 2776 723 referre,
2803 658 2898 714 sed
2941 659 2996 712 in
3030 657 3174 712 nuda
3217 673 3283 712 ac

1702 749 1938 815 simplici
1963 749 2294 804 narrationis
2317 750 2490 818 ipsius
2517 750 2749 807 historia
2774 759 3089 806 constanter
3119 752 3285 803 Intere-

1702 857 1760 894 re
1800 841 2062 896 voluisse.
2107 841 2223 896 lloe
2276 843 2550 913 ipsissima
2601 860 2814 906 eorum,
2847 857 2988 911 quos
3035 840 3282 894 laudavi-

1701 946 1847 995 mus,
1871 931 2113 984 omnium
2143 932 2308 986 verba
2333 933 2631 995 declarant,
2659 932 2796 986 nihil
2828 941 2886 986 ut
2909 930 3019 1000 jam
3057 943 3284 984 necesse

1701 1021 1790 1082 sit,
1816 1029 2037 1074 coactas
2068 1035 2250 1074 rerum
2301 1022 2529 1074 ista-rum
2584 1021 2841 1091 physicas
2890 1019 3282 1090 euphcattoncs

1699 1113 1980 1184 indagare,
2005 1127 2130 1167 cum
2173 1113 2516 1179 certissimis,
2559 1129 2682 1182 quae
2728 1120 2924 1184 sponte
2971 1127 3037 1167 ac
3081 1126 3177 1181 per
3221 1125 3283 1166 se

1699 1203 1849 1273 ipsas
1886 1205 1990 1258 illa:
2021 1205 2392 1274 suppeditant,
2435 1205 2775 1278 argumentis
2813 1203 3139 1274 indiciisque
3201 1211 3283 1258 te-

1697 1304 1953 1350 neantur.
2007 1294 2134 1350 Hac
2173 1298 2338 1367 igitur
2370 1297 2437 1352 de
2460 1296 2780 1352 Phoenicum
2822 1296 3096 1366 theologia
3135 1295 3280 1350 dicta

1697 1397 1880 1442 sunto.
1909 1386 2030 1442 Jam
2059 1404 2188 1442 vero
2223 1396 2441 1458 tempus
2471 1398 2577 1454 est,
2596 1398 2656 1444 ut
2682 1388 2747 1442 ad
2785 1386 3166 1456 Egyptiorum
3193 1401 3285 1441 sa-

1696 1495 1787 1534 cra
1819 1478 2235 1549 doctrinamque
2287 1488 2654 1544 transeamus,
2693 1489 2754 1536 ut
2775 1484 3128 1547 perspectum
3161 1493 3282 1531 om-

1698 1585 1796 1625 nes
1829 1579 1881 1624 et
1923 1571 2263 1640 exploratum
2299 1571 2558 1635 habeant,
2603 1587 2731 1623 num
2777 1571 2985 1638 absque
3035 1570 3283 1639 diligenti

1698 1677 1762 1717 ac
1811 1670 2027 1716 matura
2081 1661 2473 1716 deliberatione
2510 1662 2578 1714 ab
2623 1661 2690 1714 iis
2749 1674 2968 1728 quoque
2999 1660 3284 1715 disceden-

1697 1757 1825 1810 dum
1853 1754 2014 1809 nobis
2041 1769 2163 1808 esse
2194 1754 2567 1817 statuerimus,
2621 1764 2980 1822 nostrumque
3012 1754 3117 1807 hoc
3147 1767 3283 1807 con-

1630 1824 1671 1877 Β
1704 1842 1886 1896 silium
1933 1856 2045 1895 non
2087 1842 2309 1896 aliunde
2350 1858 2512 1911 quam
2555 1857 2622 1896 ex
2684 1842 2915 1912 ipsamet
2963 1835 3284 1906 Evangelica

1708 1933 2160 1987 demonstratione
2205 1932 2389 2001 petitis
2424 1931 2754 1995 rationibus,
2783 1929 3020 2000 primum
3062 1925 3282 1996 quidem

1708 2021 2001 2093 IEgyptiis,
2035 2032 2148 2076 tum
2175 2024 2403 2094 reliquis
2433 2023 2692 2091 deinceps
2718 2021 2999 2085 omnibus,
3033 2020 3127 2088 qui
3155 2032 3282 2073 cum

1706 2115 1775 2169 iis
1801 2115 2151 2184 opinionibus
2192 2123 2350 2169 erant
2389 2114 2781 2182 sententiisque
2823 2109 3124 2180 conjunctis,
3157 2122 3287 2178 pro-

1707 2204 1891 2258 batum
1933 2203 2112 2258 fauste
2157 2219 2221 2258 ac
2273 2202 2504 2258 feliciter
2555 2201 2822 2256 evenerit.
2865 2199 2942 2253 Ac
2995 2198 3288 2252 Manethus

1706 2296 1928 2365 quidem
1950 2295 2238 2364 Egyptius
2264 2295 2550 2349 historiam
2577 2293 2793 2347 illorum
2815 2291 3127 2346 universam
3148 2289 3291 2344 Crat.

1709 2388 1788 2442 cis
1817 2387 2014 2442 litteris
2047 2387 2168 2442 fuse
2197 2387 2492 2440 admodum
2520 2386 2834 2454 explicavit,
2866 2382 3165 2452 praesertim
3192 2395 3286 2434 ve-

1705 2493 1770 2532 ro
1798 2494 1922 2548 quae
1956 2479 2022 2532 ad
2061 2480 2305 2547 ipsorum
2337 2478 2662 2546 theologiam
2690 2474 3058 2544 pertinebant,
3077 2487 3200 2526 cum
3231 2471 3286 2525 in

1707 2570 1876 2626 Sacro
1904 2571 2184 2638 volumine,
2209 2577 2324 2622 tum
2352 2569 2474 2624 aliis
2495 2568 2824 2638 quihusdam
2859 2567 3118 2635 operibus
3144 2579 3294 2619 com-

1709 2661 2023 2732 prehendit.
2055 2660 2158 2716 Sed
2184 2662 2444 2730 quoniam
2487 2660 2776 2724 Diodorus,
2828 2659 2876 2713 is
2919 2672 3077 2728 quem
3125 2665 3286 2709 antea

1709 2753 2284 2816 commemoravimus,
2310 2752 2402 2822 qui
2431 2751 2675 2806 diversas
2694 2767 2759 2805 ex
2789 2749 3038 2818 pluribus
3073 2746 3293 2816 collegit

1711 2843 1995 2908 historias,
2033 2844 2483 2913 singularumque
2536 2845 2702 2908 ritus,
2748 2856 2915 2912 quam
2983 2838 3292 2896 accuratis-

101 2928 528 2999 simeﬁeripotm‘t,
584 2937 911 3005 complexus
967 2945 1072 3003 est,
1110 2937 1198 2990 vir
1260 2951 1394 2992 sane
1433 2935 1799 2998 clarissimus,
1873 2938 2300 3006 opinionemque
2360 2938 2624 2993 doctrina:
2683 2951 2792 2991 non
2845 2936 3098 3005 exiguam
3150 2931 3293 3000 apud

103 3036 242 3077 omnes
267 3026 506 3094 politioris
541 3030 867 3085 litteraturae
908 3031 1182 3085 studiosos
1229 3039 1590 3093 consecutus,
1630 3030 1711 3085 sic
1741 3039 1913 3085 totam
1961 3032 2016 3085 in
2052 3047 2222 3086 unum
2276 3033 2441 3086 veluti
2479 3047 2680 3102 corpus
2722 3039 2965 3085 veterum
3002 3025 3291 3082 historiam

104 3115 249 3186 coegit,
287 3124 545 3190 sequentia
592 3138 724 3178 cum
767 3123 1044 3192 prioribus
1074 3131 1198 3193 apte
1258 3133 1618 3192 connectens,
1659 3131 1721 3176 ut
1768 3125 1836 3178 ab
1908 3125 1997 3180 illa
2053 3123 2437 3194 Egyptiorum
2504 3122 2776 3192 theologia
2816 3121 2998 3191 operis
3053 3113 3292 3173 universi

106 3209 350 3277 principium
385 3213 650 3268 duxerit:
704 3229 886 3284 operte
930 3215 1163 3284 pretium
1219 3230 1307 3270 me
1350 3215 1621 3270 facturum
1687 3219 1940 3284 arbitror,
1988 3219 2033 3273 si
2087 3232 2156 3271 ex
2203 3219 2412 3285 eadem,
2462 3232 2585 3288 quae
2635 3232 2666 3270 a
2733 3213 3069 3286 propositam
3126 3211 3290 3267 nobis

106 3299 439 3367 disputationem
467 3303 702 3370 faciunt,
731 3306 1050 3376 deprompta
1079 3307 1134 3360 in
1194 3307 1438 3361 omnium
1487 3309 1664 3364 oculis
1724 3327 1790 3366 ac
1822 3311 1943 3366 luce
1968 3311 2322 3376 constituam,
2366 3310 2513 3381 quod
2538 3307 2713 3365 Graci
2776 3305 3026 3362 homines
3059 3371 3062 3373 λ
3090 3303 3292 3374 saepius

110 3395 146 3449 in
165 3396 290 3465 hujus
308 3400 530 3455 auctoris
556 3399 802 3456 lectione
835 3409 1144 3456 versentur.
1177 3399 1303 3457 Haec
1327 3401 1490 3473 igitur
1524 3403 1591 3457 ad
1632 3403 1856 3458 verbum
1884 3403 1974 3459 ille
1995 3411 2412 3459 commemorat.

537 3581 944 3634 ΚΕΦΑΛΔΙΟΝ
1003 3583 1083 3636 A'.

116 3736 316 3809 Ἐπιτομὴ
357 3739 457 3809 τῆς
499 3742 848 3810 Αἰγυπτίων
880 3743 1211 3810 θεολογίας,
1257 3744 1357 3796 καὶ
1405 3745 1486 3811 ὠς
1517 3747 1608 3812 εὶς

425 3813 736 3882 Ἕλληνας
761 3813 1186 3881 μετεκομίσθη.

157 3969 296 4021 «Φασὶ
319 3969 420 4039 (48)
447 3971 632 4024 τοίνυν
679 3970 966 4040 Αἰγύπτιοι
1008 3972 1152 4026 κατὰ
1190 3971 1288 4043 τὴν
1332 3971 1392 4038 ἐξ
1433 3975 1610 4046 ἀρχῆς

117 4063 179 4116 οὖν
200 4062 307 4117 ὅλων
327 4065 550 4134 γένεσιν,
581 4063 841 4138 πρώτους
864 4067 988 4128 τοὺς
1014 4064 1110 4117 ἀνθ
1120 4063 1335 4136 ρώπους
1356 4063 1608 4134 γενέσθαι

114 4151 203 4203 τιτά
326 4156 612 4225 Αἴγυπτον,
649 4156 737 4210 διά
756 4174 816 4209 τε
837 4157 934 4226 τὴν
957 4155 1253 4226 εὐκρασίαν
1279 4156 1378 4226 τῆς
1401 4153 1607 4226 χώρας,

113 4242 256 4298 nam
288 4247 374 4316 τὴν
408 4248 568 4317 φύσιν
614 4247 710 4300 τοῦ
751 4247 965 4300 Νείλου.
1000 4246 1202 4301 Τοῦτον
1235 4249 1342 4319 γὰρ
1376 4248 1609 4316 πολυγο-

114 4351 168 4384 νεν
189 4336 303 4402 ὂντα,
342 4342 431 4394 καὶ
473 4341 576 4405 τὰς
621 4341 832 4412 τροφὰς
878 4343 1167 4410 αὐτοφυεῖς
1217 4341 1611 4412 παρεχόμενον,

117 4425 248 4492 οδω
281 4431 553 4501 ἐκτρέφειν
595 4429 670 4483 τὰ
703 4430 1127 4502 ζωογονηθέντα.
1169 4429 1307 4495 Τοὺς
1341 4431 1398 4484 δὲ
1434 4430 1610 4495 θεοὺς,

115 4516 345 4588 ἀνθρώπους
372 4525 465 4594 μὲν
494 4523 743 4594 ὑπάρξαι
779 4525 1026 4596 θνητοὺς,
1061 4524 1149 4578 διὰ
1179 4525 1236 4577 δὲ
1272 4523 1486 4577 σύνεσιν
1520 4523 1614 4576 καὶ

115 4611 231 4681 κεινὴν
262 4614 546 4685 ἀνθρώπων
583 4617 928 4689 εὐεργεσίαν,
964 4621 1145 4688 τυχεῖν
1183 4616 1284 4688 τῆς
1315 4617 1633 4682 ἀθανασίαςο

112 4692 158 4750 ὧν
177 4704 308 4770 ἐνίους
329 4709 417 4761 καὶ
449 4709 694 4779 βασιλεῖς
721 4709 990 4778 γενέσθαι.
1022 4710 1614 4782 Μεθερμηνευομένους

110 4788 145 4840 δέ
162 4793 328 4862 αὖτοὺς,
360 4801 507 4865 τινὰς
546 4802 648 4873 μὲν
680 4802 1004 4873 ὁμωνύμους
1030 4803 1294 4874 ὑπάρχειν
1316 4804 1428 4864 τοῖς
1452 4801 1613 4872 οὐρα-

110 4883 211 4947 νίας,
236 4891 364 4954 τινας
395 4894 450 4946 δὲ
493 4895 637 4946 ἰδίαν
671 4894 963 4964 ἐσχηκέναι
1001 4894 1397 4965 προσηγορίαν,
1425 4892 1614 4946 ’Ἥλιόν

110 4979 245 5034 τινκαὶ
265 4983 471 5054 Κρόνον,
499 4988 596 5040 καὶ
640 4987 818 5051 Ῥέαν,
847 4987 926 5041 ἔτι
954 4987 1009 5041 δὲ
1032 4987 1124 5040 καὶ
1151 4987 1250 5039 Δία
1276 4987 1367 5039 τὸν
1399 4987 1504 5039 ὑπὸ
1529 5003 1611 5038 τι-

111 5082 176 5117 ﬁt"!
211 5074 448 5145 ’Δμμωνα
491 5078 1058 5150 προσαγορευόμενον,
1106 5079 1243 5149 πρὸς
1278 5079 1335 5131 δὲ
1380 5078 1609 5141 τούτοις,

113 5157 234 5230 Ἦραν
266 5169 348 5220 καὶ
395 5172 723 5240 Ἥφαιστον,
781 5171 861 5223 ἐτι
903 5166 965 5224 at
1006 5171 1241 5234 Ἑστίαν,
1291 5170 1382 5223 καὶ
1425 5169 1610 5223 τελευ-

112 5254 209 5302 uiri
243 5257 446 5330 Ἑρμῆν,
501 5264 615 5316 Καὶ
657 5262 873 5332 πρῶτον
922 5263 1021 5332 μὲν
1058 5261 1245 5316 Ἥλιον
1293 5261 1609 5332 βασιλεῦσαι

114 5340 178 5391 in
198 5351 292 5401 κατ’
325 5353 614 5420 Αἴγυπτον,
647 5355 938 5426 ὁμώνυμον
967 5355 1096 5409 ὄντα
1129 5355 1205 5427 τῷ
1230 5357 1350 5409 κατ’
1384 5355 1611 5427 οὐρανὸν

116 5431 249 5508 ἀπρῳ.
281 5445 436 5500 Ἔνιοι
458 5447 516 5500 δὲ
545 5448 658 5501 τῶν
682 5447 873 5521 ἱερέων
908 5448 1040 5516 φασὶ
1071 5447 1284 5520 πρῶτον
1308 5447 1610 5516 Ἥφαιστον

120 5521 365 5602 ξατιλεῦσαι,
392 5539 562 5609 πυρὸς
587 5540 816 5611 εὑρετὴν
840 5539 1147 5609 γενόμενον.
1182 5536 1340 5592 Μετὰ
1361 5537 1419 5590 δὲ
1439 5535 1611 5592 ταῦτα

2269 3586 2376 3659 45
2411 3582 2643 3640 CAPUT
2693 3582 2734 3639 ι.

1715 3741 2010 3813 Theologite
2049 3741 2426 3821 Aigyptiorum
2462 3741 2680 3821 epitmne
2707 3779 2727 3804 ,
2764 3747 2814 3820 et
2857 3735 3298 3821 quemadmodum

2138 3810 2206 3865 ad
2237 3810 2446 3866 Crtecos
2478 3810 2599 3863 inde
2630 3810 2924 3862 transierit.

1786 3992 1804 4024 ι
1847 3973 2059 4040 Aiunt,
2119 3973 2339 4042 inquit,
2393 3970 2633 4043 Egyptii
2689 3970 2794 4026 sub
2844 3969 3080 4040 primum
3129 3969 3295 4039 hujus

1712 4065 2088 4120 universitatis
2131 4073 2314 4118 ortum
2347 4104 2364 4130 ,
2404 4065 2610 4134 primos
2639 4062 2801 4117 etiam
2829 4062 3079 4118 homines
3113 4063 3166 4116 in
3199 4059 3299 4118 Ε-

1714 4165 1878 4228 gypto
1951 4166 2266 4228 procreatos
2322 4155 2536 4222 fuisse,
2598 4156 2793 4225 partim
2844 4155 2915 4209 ob
2964 4155 3298 4224 singularem

1715 4249 2007 4319 quamdam
2027 4249 2196 4304 totius
2227 4247 2467 4317 regionis
2498 4247 2967 4316 temperationem,
2999 4247 3199 4315 partim
3229 4246 3300 4300 oh

1696 4343 1890 4414 ipsius
1926 4341 2032 4396 Nili
2064 4351 2360 4396 naturam:
2396 4341 2550 4397 illum
2600 4341 2744 4397 enim
2775 4385 2789 4409 ,
2842 4341 2987 4411 quod
3037 4340 3302 4395 fecundus

1723 4435 2017 4490 admodum
2051 4435 2122 4489 sit
2169 4449 2233 4489 ac
2289 4433 2444 4489 cibos
2482 4434 2622 4489 ultro
2669 4442 2969 4504 sponteque
3014 4440 3302 4487 nascentes

1721 4528 1994 4598 praebeat,
2026 4525 2185 4582 facile
2215 4526 2427 4598 genitas
2468 4527 2775 4581 animantes
2819 4526 2985 4580 alere.
3018 4523 3137 4580 Jam
3172 4538 3302 4578 vero

1718 4619 1852 4674 deos
1885 4619 2055 4688 ipsos,
2083 4634 2207 4673 cum
2242 4619 2491 4673 homines
2513 4633 2728 4689 quoque
2757 4616 3016 4672 mortales
3046 4615 3298 4681 fuissent,

1719 4717 1899 4763 tamen
1932 4717 2154 4778 propter
2207 4709 2529 4778 sapientiam
2555 4749 2570 4774 ,
2605 4717 2659 4763 et
2707 4707 3016 4761 communia
3050 4706 3300 4776 quaedam

1718 4801 1773 4855 in
1802 4801 2084 4855 hominum
2118 4816 2289 4868 genus
2331 4801 2560 4866 merita,
2605 4799 3068 4854 immortalitatem
3100 4814 3297 4854 consc-

1718 4901 1874 4948 cutos
1904 4907 2026 4947 esse
2053 4933 2068 4958 ,
2100 4907 2336 4961 quorum
2373 4891 2536 4947 etiam
2570 4891 2737 4962 aliqui
2765 4891 2818 4945 in
2848 4889 3082 4963 Aigypto
3106 4904 3303 4960 regna—

1717 4984 1914 5038 verint.
1946 4981 2147 5037 Eorum
2177 4983 2334 5050 alios,
2359 4983 2405 5038 si
2441 4983 2784 5052 interpretari
2813 4984 3018 5050 lubeat,
3051 4982 3293 5052 ejusdem

1719 5091 1844 5132 cum
1870 5076 2145 5131 caelitibus
2166 5077 2406 5131 nominis
2435 5077 2626 5141 fuisse,
2650 5078 2787 5133 alios
2810 5077 3084 5147 propriam
3107 5091 3301 5146 quam-

1719 5169 1844 5224 dam
1878 5170 2292 5239 appellationem
2326 5170 2428 5224 sibi
2462 5170 2805 5225 vindicasse:
2844 5179 3006 5238 atque
3037 5168 3178 5223 inter
3204 5183 3299 5224 eos

1721 5261 1925 5325 Solem,
1946 5261 2268 5326 Saturnum,
2287 5265 2476 5332 Opem,
2495 5261 2786 5333 ipsumque
2806 5272 3063 5332 praeterea
3086 5259 3296 5329 Jovem,

1718 5353 1813 5423 qui
1855 5353 2088 5408 Ammon
2138 5368 2167 5406 a
2217 5351 2544 5422 quibusdam
2599 5358 2946 5420 nuncupatur
2976 5367 2990 5404 :
3025 5347 3295 5405 lunonem

1719 5446 1847 5500 item
1906 5454 2070 5515 atque
2125 5442 2472 5509 Vulcanum,
2533 5441 2799 5508 Vestam,
2851 5450 3298 5512 postremumque

1720 5536 2071 5592 Mercurium.
2106 5537 2182 5590 Ac
2227 5534 2408 5589 Solem
2456 5533 2676 5604 quidem
2701 5572 2718 5599 ,
2751 5529 2969 5588 caeleste
3000 5531 3152 5589 sidus
3199 5547 3300 5586 no-

164 5750 235 5818 (δδ)
268 5760 423 5814 Ml.
464 5760 686 5818 Diodori
742 5763 898 5818 locus
933 5770 1040 5830 est,
1069 5763 1159 5819 sed
1212 5762 1370 5833 plane
1419 5760 1698 5830 συντόμως
1729 5773 1793 5814 ex
1825 5757 1918 5814 lib.
1950 5755 2323 5827 idescriptus,
2359 5770 2414 5828 p.
2449 5754 2502 5822 9,
2541 5751 2577 5809 l.
2607 5751 2662 5822 6,
2691 5761 2813 5808 ante
2842 5751 2932 5808 lin.
