3840 6216
141 223 198 276 97
1287 208 1610 265 ΡΒᾸΞΡΑΒ.
1646 208 1681 264 Ε

1783 204 1898 264 NG.
1942 207 2068 264 LIB.
2109 209 2170 263 ll.
3291 210 3362 268 98

140 336 297 405 Ὥρου.
341 329 638 383 Δνελοῦσαν
654 328 713 382 δὲ
728 330 819 382 τὸν
832 327 1067 397 Τυφῶνα
1087 329 1181 383 καὶ
1198 328 1323 393 τοὺς
1340 346 1402 381 συ
1410 327 1681 399 μπράξαν-

1785 325 1991 393 dasse;
2046 326 2373 399 tandemque
2428 326 2599 381 rebus
2665 325 2991 381 subductum
3056 326 3309 383 humanis
3343 368 3361 395 ,

132 444 235 489 τας.
276 424 418 495 παρὰ
447 424 550 492 τὴν
577 422 671 475 νῦν
712 422 956 476 Ἀνταίου
986 421 1327 492 καλουμένην
1353 421 1545 491 κώμην
1579 419 1676 490 βα-

136 517 348 572 σιλεῦσαι
371 515 471 585 τῆς
497 513 796 583 Αἰγύπτου.
829 510 1110 588 Εύροῦσαν
1135 515 1193 568 δὲ
1221 515 1398 569 πάντα
1430 515 1501 568 τὰ
1535 514 1676 587 μέρη

130 607 211 659 ως
258 605 517 676 σώματος,
587 604 729 675 πλὴν
795 604 904 658 τῶν
964 604 1180 659 αἰδοίων
1230 604 1327 659 τοῦ
1390 604 1674 677 Ὀσίριδος,

132 700 322 767 ἑκάστῳ
355 697 507 770 μέρει
544 696 880 768 περιπλάσαι
908 696 1157 765 λέγουσιν
1190 698 1359 769 αὐτὴν
1390 700 1559 752 τύπον
1585 699 1678 753 ἀνα

131 787 422 860 θρωποειδῆ,
474 786 860 861 παραπλήσιον
919 787 1145 858 Ὀσίριδι
1194 788 1256 841 τὸ
1311 788 1564 859 μέγεθος,
1618 792 1677 857 ἐξ

131 881 405 952 ἀρωμάτων
438 881 535 933 καὶ
581 880 777 952 κηροῦ,
824 880 919 934 καὶ
950 880 1289 951 παραδοῦναι
1326 884 1438 945 τοῖς
1472 883 1676 954 ἱερεῦσι

130 972 234 1025 καθ’
262 972 377 1043 ὅλης
420 972 527 1043 τῆς
568 972 850 1042 Αἰγύπτου
881 975 1068 1044 τιμᾷν,
1105 972 1440 1045 καθιερῶσαι
1480 975 1538 1029 δὲ
1584 978 1678 1031 καὶ

127 1063 221 1115 τῶν
245 1064 362 1134 παρ’
394 1063 581 1127 αὐτοῖς
611 1064 915 1135 γινομένων
948 1064 1101 1128 ζώων
1150 1065 1210 1119 ἓν
1232 1048 1424 1121 ¹ὁποῖον
1455 1064 1522 1120 ἂν
1555 1066 1677 1138 βου-

127 1152 349 1224 ληθῶσιν.
388 1155 528 1218 Τοὺς
559 1154 621 1207 δὲ
671 1155 911 1228 ταύρους
948 1159 1076 1221 τοὺς
1130 1159 1330 1232 ἱεροὺς,
1365 1158 1461 1212 καὶ
1491 1157 1582 1214 τόν
1615 1178 1673 1213 τε

128 1244 498 1315 ὀνομαζόμενον
550 1247 740 1311 Ἀπιν,
790 1248 886 1301 καὶ
930 1247 1023 1301 τὸν
1060 1250 1267 1304 Μνεῦιν
1315 1250 1541 1323 Ὀσίριδι
1573 1269 1676 1305 κα-

126 1334 438 1409 θιερωθῆναι,
494 1336 595 1391 καί¹
639 1337 867 1405 τούτους
919 1340 1171 1394 σέϐεσθαι
1214 1342 1464 1415 καθάπερ
1497 1342 1674 1409 θεοὺς,

126 1430 254 1497 κοινῇ
297 1428 717 1501 καταδειχθῆναι
758 1433 926 1485 πᾶσιν
968 1431 1309 1501 Αἰγυπτίοις.
1344 1435 1530 1489 Ταῦτα
1566 1435 1676 1507 γάρ

124 1519 221 1580 τοῖς
243 1517 452 1590 εὑροῦσι
486 1521 585 1573 τὸν
613 1521 709 1574 τοῦ
746 1522 897 1576 σίτου
930 1525 1143 1596 καρπὸν
1178 1527 1507 1598 συνεργῆσαι
1542 1526 1677 1600 πρὸς

124 1607 203 1658 τὸν
225 1609 433 1680 σπόρον,
484 1611 585 1664 καὶ
616 1611 717 1675 τὰς
755 1614 945 1678 κοινὰς
986 1615 1280 1687 γεωργίαςε
1345 1617 1570 1688 Ὀμόσαι
1618 1619 1675 1672 δὲ

1786 418 2008 489 templa,
2044 435 2109 475 ac
2141 429 2368 476 cmteros
2410 421 2505 490 qui
2551 418 2657 473 diis
2706 419 2868 474 tribui
2912 419 3090 475 solent
3125 419 3373 475 bonum

1784 511 2017 567 eximios
2062 510 2132 566 ab
2152 512 2296 568 lside
2347 527 2413 568 ac
2462 493 2731 566 Mercurio
2800 520 3153 567 consecutum
3202 524 3359 578 esse;

1785 601 1879 670 qui
1928 602 2049 671 ejus
2095 617 2204 657 non
2239 601 2403 657 modo
2436 603 2700 658 sacriﬁcia
2733 602 3135 673 religionesque
3160 603 3360 659 docue-

1783 696 1895 749 rint
1924 736 1940 761 ,
1978 695 2072 750 sed
2105 691 2266 750 etiam
2298 697 2557 767 pleraque
2588 696 2861 767 mysteriis
2898 696 3140 751 involuta
3187 696 3360 766 ipsius

1785 787 1840 840 in
1869 787 2099 857 gratiam
2130 786 2505 857 excogitarint.
2530 787 2797 840 Caeterum
2828 794 2858 839 a‘
2887 785 3148 857 Typhone
3170 785 3359 853 fratre,

1785 879 2007 935 homine
2057 879 2430 933 conscelerate
2485 888 2539 933 et
2592 879 2760 947 impio
2808 877 3152 933 interfectum
3205 879 3359 934 illum

1783 965 1958 1023 fuisse
2005 967 2263 1034 tradunt;
2308 969 2402 1038 qui
2453 984 2576 1023 cum
2621 970 2740 1038 ejus
2779 969 3010 1023 cadaver
3056 969 3112 1023 in
3162 984 3259 1025 sex
3306 977 3363 1024 et

1787 1059 1977 1129 viginti
2010 1056 2192 1129 partes
2254 1059 2607 1127 concidisset,
2649 1074 2744 1113 eas
2774 1059 2829 1112 in
2864 1059 3090 1115 sicarios
3134 1061 3359 1116 totidem

1783 1151 2056 1221 caedisque
2100 1150 2354 1204 fraternae
2394 1150 2575 1204 socios
2623 1149 2910 1215 diviserit,
2968 1151 3111 1220 quod
3167 1167 3362 1208 omnes

1788 1244 2014 1299 immani
2044 1242 2260 1312 piaculo
2298 1242 2591 1298 obstrictos
2619 1257 2740 1297 esse
2768 1234 2945 1297 vellet.
2985 1242 3093 1299 Isin
3135 1253 3315 1299 autem
3341 1286 3358 1313 ,
3394 1240 3399 1244 ’

1782 1338 1926 1407 quod
1977 1336 2212 1394 Osiridis
2256 1347 2311 1392 et
2357 1350 2515 1391 soror
2542 1344 2596 1389 et
2648 1350 2789 1389 uxor
2836 1344 3011 1402 esset,
3055 1350 3276 1406 operam
3306 1340 3357 1393 ei

1783 1438 1940 1483 suam
1974 1438 2208 1482 navante
2238 1427 2346 1483 Oro
2388 1427 2500 1481 ﬁlio
2525 1468 2540 1493 ,
2583 1424 2934 1497 parricidiUm
2977 1427 3144 1481 ultam
3195 1443 3317 1484 esse
3341 1470 3356 1496 ,

1782 1535 2018 1590 cumquo
2046 1520 2361 1591 Typhonem
2383 1536 2446 1576 ac
2469 1521 2708 1588 reliquos
2737 1520 2959 1575 sceleris
2983 1521 3356 1587 administros,

1780 1612 1887 1685 47
1917 1614 2061 1668 Circa
2090 1629 2216 1667 eum
2244 1653 2258 1678 ,
2289 1614 2382 1682 qui
2426 1629 2572 1667 nunc
2600 1612 2773 1669 Antaei
2804 1629 2973 1682 pagus
3006 1615 3320 1670 nominatur
3340 1654 3357 1682 ,

122 1697 206 1768 τὴν
246 1694 397 1765 Ἶσιν,
451 1703 687 1774 μηδενὸς
725 1705 920 1777 ἀνδρὸς
955 1705 1034 1759 ἔτι
1070 1708 1363 1763 συνουσίαν
1398 1704 1673 1777 δέξασθαι,

1783 1706 2108 1772 sustulisset,
2142 1705 2241 1759 toti
2273 1703 2508 1776 Egypto
2543 1705 2866 1774 imperasse.
2899 1704 3195 1772 Praeterea,
3229 1721 3357 1761 cum

125 1793 439 1857 μεταστᾶσαν
465 1793 526 1846 δὲ
560 1794 655 1847 καὶ
681 1796 854 1867 αὐτὴν
884 1797 942 1864 ἐξ
970 1798 1294 1868 ἀνθρώπων,
1327 1805 1511 1872 τυχεῖν
1539 1803 1678 1857 ἀθα-

122 1880 275 1933 νάτων
318 1881 515 1952 τιμῶν,
560 1885 657 1938 καὶ
696 1887 937 1957 ταφῆναι
984 1889 1127 1942 κατὰ
1172 1890 1270 1962 τὴν
1305 1892 1548 1961 Μέμφιν.
1597 1894 1679 1949 Τὰ

126 1971 213 2038 μὲν
255 1968 345 2026 οὖν
388 1974 755 2046 ἀνευρεθέντα
797 1978 894 2031 τοῦ
961 1979 1229 2052 Ὀσίριδος
1279 1982 1442 2053 μέρη,
1499 1986 1679 2056 ταφῆς

122 2061 387 2135 ἀξιωθῆναί
412 2083 547 2134 φασι
582 2068 673 2123 τὸν
707 2070 999 2141 εἰρημένον
1043 2072 1268 2143 τρόπον,
1301 2074 1365 2126 τὸ
1392 2075 1448 2127 δὲ
1483 2075 1679 2131 αἰδοῖον

124 2156 214 2209 ὑπὸ
237 2158 326 2226 μὲν
354 2159 618 2229 Τυφῶνος
648 2164 731 2227 εἰς
758 2163 849 2216 τὸν
889 2164 1129 2236 ποταμὸν
1156 2166 1378 2236 ῥιφῆναι
1407 2166 1678 2236 λέγουσιν,

124 2247 215 2300 ὐπὸ
240 2248 293 2301 δὲ
322 2249 420 2320 τῆς
455 2252 662 2317 Ἴσιδος
687 2254 842 2308 οὐδὲν
870 2248 1030 2326 ἦττον
1054 2256 1165 2309 τῶν
1184 2256 1361 2311 ἄλλων
1384 2257 1680 2330 ἀξιωθῆναι

122 2338 275 2407 τιμῶν
303 2340 543 2394 ἰσοθέων.
576 2335 679 2397 Ἐν
721 2361 782 2397 τε
805 2344 916 2416 γὰρ
935 2348 1051 2410 τοῖς
1072 2348 1239 2419 ἱεροῖς
1270 2349 1488 2402 εἴδωλον
1510 2349 1678 2404 αὐτοῦ

124 2432 606 2500 κατασκευάσασαν,
639 2437 808 2505 τιμάς
836 2438 1147 2504 καταδεῖξαι
1182 2440 1277 2493 καὶ
1308 2440 1551 2506 τελετὰς,
1586 2441 1680 2494 καὶ

122 2520 209 2586 τὰς
243 2521 424 2586 θυσίας
452 2524 562 2585 τὰς
599 2523 680 2595 τῷ
726 2525 832 2596 θεῷ
873 2527 1048 2598 τούτῳ
1092 2529 1383 2599 γινομένας
1429 2529 1681 2601 ἐντίμους

127 2610 345 2679 ποιῆσαι.
379 2612 474 2666 Διὸ
503 2615 756 2679 καὶτοὺς
792 2616 1061 2689 Ἕλληνας
1089 2618 1149 2684 ἐξ
1177 2621 1453 2690 Αἰγύπτου
1489 2640 1682 2695 παρει-

125 2700 335 2772 ληφότας
370 2704 440 2758 τὰ
484 2707 621 2777 περὶ
662 2708 792 2771 τοὺς
823 2709 1180 2782 ὀργιασμοὺς,
1230 2715 1324 2767 καὶ
1351 2714 1452 2779 τὰς
1498 2718 1680 2768 Διονυ-

128 2792 295 2856 σιακὰς
335 2794 559 2866 ἑορτάς,
601 2798 770 2868 τιμᾷν
801 2796 963 2851 τοῦτο
1004 2798 1069 2852 τὸ
1114 2800 1303 2872 μόριον
1332 2803 1391 2854 ὲν
1422 2805 1535 2866 τοῖς
1576 2821 1679 2874 μυα

129 2886 360 2957 στηρίοις,
401 2888 501 2942 καὶ
532 2890 655 2952 ταῖς
706 2889 800 2942 τοῦ
834 2889 961 2945 θεοῦ
992 2893 1182 2947 τούτου
1202 2886 1460 2959 τελεταῖς
1486 2912 1547 2949 τε
1586 2899 1681 2951 καὶ

129 2973 329 3041 θυσίαις,
354 2977 728 3049 ὀνομάζοντας
753 2980 886 3034 αὐτὸ
919 2982 1140 3051 φαλλόν.
1174 2985 1315 3048 Τοὺς
1340 2984 1397 3039 δὲ
1423 2986 1679 3056 λέγοντας

131 3067 181 3119 ἐν
198 3068 382 3140 Θήϐαις
404 3047 533 3135 ταῖς
562 3071 886 3138 Βοιωτικαῖς
912 3047 1193 3144 γεγονέναι
1222 3047 1315 3132 τὸν
1339 3077 1459 3132 θεὸν
1491 3047 1556 3133 ex
1707 3047 1748 3105 ο

135 3160 275 3231 μὲλης
296 3164 387 3217 καὶ
409 3165 560 3230 Διὸς,
600 3165 922 3236 σχεδιάζειν.
958 3168 1161 3240 Ὀρφέα
1179 3168 1288 3242 γὰρ
1308 3172 1388 3234 εἰς
1405 3172 1682 3241 Αἴγυπτον

134 3253 476 3322 μεταϐαλόντα
509 3258 609 3311 καὶ
653 3259 993 3329 μετασχόντα
1021 3262 1120 3332 τῆς
1155 3262 1399 3333 τελετῆς,
1445 3265 1540 3317 καὶ
1570 3264 1681 3317 τῶν

133 3347 463 3401 Διονυσιακῶν
514 3350 829 3422 μυστηρίων
879 3351 1226 3422 μεταλαϐεῖν,
1268 3356 1383 3417 τοῖς
1406 3364 1485 3406 ’τε
1535 3354 1681 3409 Καδ-

137 3438 278 3505 μείοις
309 3441 459 3509 φίλον
482 3443 621 3496 ὄντα
643 3444 738 3498 καὶ
766 3444 1131 3515 τετιμημένον
1162 3445 1252 3499 ὑπ’
1285 3445 1485 3512 αὐτῶν,
1517 3464 1683 3517 μετα-

135 3528 274 3584 θεῖναι
312 3533 407 3587 τοῦ
443 3533 576 3589 θεοῦ
611 3535 714 3608 τὴν
748 3536 987 3605 γένεσιν,
1033 3538 1266 3601 ἐκείνοις
1301 3539 1678 3610 χαριζόμενον.

136 3620 248 3687 Τοὺς
270 3623 327 3678 δὲ
363 3626 586 3696 ὄχλους,
620 3627 690 3681 τὰ
727 3628 827 3700 μὲν
856 3627 947 3682 διὰ
986 3628 1087 3700 τὴν
1124 3630 1369 3699 ἄγνοιαν,
1412 3631 1482 3683 τὰ
1508 3630 1565 3683 δὲ
1594 3630 1683 3684 διὰ

138 3714 185 3767 τὸ
207 3716 473 3784 βούλεσθαι
499 3719 595 3773 τὸν
625 3720 749 3774 θεὸν
779 3720 1017 3792 Ἕλληνα
1047 3720 1428 3792 ὀνομάζεσθαι,
1460 3722 1686 3793 προσδέ-

140 3803 298 3869 ξασθαι
351 3811 650 3882 προσηνῶς
706 3812 805 3875 τὰς
854 3812 1078 3877 τελετὰς
1123 3814 1219 3867 καὶ
1270 3813 1341 3867 τὰ
1389 3815 1681 3885 μυστήρια.

148 3901 391 3975 ’Δφορμάς
425 3905 487 3959 δὲ
523 3905 678 3976 ἔχειν
719 3906 814 3960 τὸν
851 3906 1053 3978 Ὀρφέα
1085 3906 1224 3978 πρὸς
1252 3908 1353 3978 τὴν
1395 3907 1685 3978 μετάθεσιν

140 3994 216 4062 τῆς
244 3995 329 4048 τοῦ
368 3996 493 4049 θεοῦ
522 3996 793 4065 γενέσεως
827 3999 921 4051 καὶ
951 3998 1195 4070 τελετῆς,
1231 3995 1506 4060 τοιαύτας.
1542 3997 1686 4050 Κάδ-

146 4100 223 4152 μον
249 4087 308 4139 ὲκ
330 4088 526 4159 Θηϐῶν
564 4088 697 4143 ὄντα
718 4090 1057 4157 Αἰγυπτίων,
1091 4088 1350 4160 γεννῆσαι
1379 4091 1476 4143 σὺν
1507 4088 1685 4152 ἄλλοις

118 4175 316 4242 “ilva:
382 4181 483 4234 καὶ
554 4180 822 4251 Σεμέλην,
882 4181 1087 4254 ταύτην
1139 4182 1199 4235 δὲ
1248 4166 1354 4235 ὑπὸ
1403 4182 1498 4234 τοῦ
1565 4180 1686 4243 Διός

147 4282 248 4320 παπ
277 4269 381 4341 {50)
428 4271 753 4342 φθαρεῖσαν,
803 4272 999 4341 ἔγκυον
1037 4272 1313 4340 γενέσθαι,
1369 4273 1464 4325 καὶ
1507 4273 1687 4324 τεκεῖν

1776 1800 1961 1854 omnia
1996 1798 2242 1869 corporis
2268 1796 2415 1852 illius
2444 1796 2689 1851 membra
2714 1804 2906 1867 prater
2942 1795 3177 1851 verenda
3201 1812 3356 1867 repe—

1773 1890 1937 1943 risset
1962 1929 1976 1955 ,
2012 1897 2198 1958 partes
2232 1878 2512 1958 singulas,
2549 1887 2603 1940 in
2652 1887 2897 1957 singulas
2942 1888 3069 1944 item
3115 1891 3357 1947 hominis

1775 1980 2013 2051 eﬂigies,
2060 1995 2183 2050 qua:
2223 1980 2408 2034 Osirin
2462 1979 2836 2049 magnitudine
2887 1980 3237 2048 referebant,
3287 1998 3354 2037 ex

1775 2072 2114 2127 aromatibus
2162 2073 2394 2141 ceraque
2442 2070 2709 2127 conflatas
2757 2072 3089 2141 inclusisse,
3152 2089 3356 2145 easque

1777 2162 2150 2219 sacerdotibus
2173 2173 2283 2219 tota
2339 2165 2543 2233 passim
2591 2162 2826 2234 Egypto
2874 2165 3130 2221 colendas
3184 2166 3356 2222 tradi-

1776 2251 1924 2307 disse
1951 2294 1966 2318 ,
2014 2254 2095 2308 sic
2140 2262 2201 2308 ut
2226 2268 2291 2308 ex
2340 2255 2429 2321 iis,
2459 2269 2579 2324 qua:
2610 2254 2752 2324 apud
2802 2255 2924 2310 illos
2955 2266 3311 2312 nascerentur
3337 2301 3352 2325 ,

1780 2343 2181 2405 animantibus,
2223 2345 2588 2415 quodcunque
2626 2345 2803 2400 viSum
2844 2354 3021 2412 esset,
3066 2361 3356 2404 consecra-

1777 2443 1938 2502 rent;
1980 2444 2173 2490 tauros
2203 2444 2406 2502 autem,
2442 2435 2538 2506 qui
2578 2436 2721 2491 sacri
2766 2436 3057 2500 dicuntur,
3106 2452 3358 2509 quosque

1776 2525 1918 2596 Apin
1960 2543 2025 2582 ac
2071 2527 2285 2582 Mnevin
2335 2529 2439 2599 ipsi
2468 2536 2699 2592 vocant,
2733 2528 3010 2583 dedicatos
3041 2530 3110 2584 ab
3157 2530 3353 2585 iisdem

1779 2618 1972 2673 fuisse.
2008 2621 2194 2689 Itaque
2219 2660 2232 2683 ,
2270 2629 2329 2674 ut
2353 2620 2622 2690 ejusmodi
2652 2622 2956 2676 animantes
3002 2623 3203 2680 divinis
3249 2625 3356 2680 ho-

1778 2712 2005 2767 noribus
2035 2727 2228 2769 omnes
2266 2701 2506 2784 Egyptii
2539 2716 2946 2771 venerarentur.
2985 2716 3186 2786 ubique
3218 2731 3354 2772 con-

1782 2804 2034 2858 stitutum
2057 2844 2073 2870 ,
2105 2805 2305 2875 quippe
2334 2820 2475 2874 quos
2522 2806 2714 2874 primis
2761 2805 3019 2861 frumenti
3056 2807 3357 2862 inventori-

1780 2895 1920 2960 bus,
1957 2905 2066 2950 tam
2119 2898 2183 2950 ad
2233 2912 2418 2951 semen
2455 2906 2610 2952 terrae
2655 2900 3099 2955 committendum
3127 2940 3143 2965 ,
3188 2915 3354 2970 quam

1781 2987 1863 3041 ob'
1889 2995 2114 3042 caeteros
2159 2987 2506 3057 agricultura:
2535 2989 2749 3045 labores
2774 3030 2789 3055 ,
2823 2998 2949 3044 ante
2989 3005 3180 3046 omnes
3227 2990 3354 3045 usui

1782 3076 1952 3133 fuisse
1996 3086 2292 3133 constaret.
2333 3076 2507 3133 Porro
2553 3073 2797 3134 eamde'm
2850 3078 2958 3133 lsin
2996 3079 3354 3150 jurejurando

1781 3168 2137 3223 conﬁrmasse
2162 3168 2316 3223 aiunt
2334 3208 2350 3233 ,
2377 3170 2582 3225 nullius
2608 3185 2731 3226 sese
2770 3171 2869 3225 viri
2901 3171 3354 3227 consuetudinem

1782 3258 1838 3313 in
1894 3268 2175 3329 posterum
2241 3260 2655 3327 admissuram;
2710 3261 2930 3328 vitaque
2982 3260 3167 3316 functa
3226 3275 3355 3316 cum

1782 3356 1946 3413 esset,
1982 3350 2324 3406 immortales
2370 3352 2535 3405 etiam
2578 3351 2817 3407 honores
2862 3362 3209 3408 consecutam
3239 3394 3255 3419 ,
3291 3364 3358 3409 ac

1781 3442 1926 3496 circa
1977 3440 2252 3511 Memphin
2316 3445 2584 3513 sepultam
2642 3444 2832 3498 fuisse.
2883 3442 3003 3497 Jam
3040 3459 3170 3500 vero
3229 3459 3355 3498 cum

1782 3540 1995 3601 reperta
2041 3530 2272 3588 Osiridis
2316 3534 2557 3587 membra
2585 3573 2600 3596 ,
2635 3548 2760 3588 eum
2794 3533 2848 3586 in
2890 3533 3111 3588 modum
3189 3548 3354 3602 quem

1783 3619 1946 3687 paulo
1975 3629 2101 3673 ante
2142 3622 2694 3676 commemoravimus
2720 3662 2735 3687 ,
2765 3622 3057 3691 sepultura
3101 3623 3357 3679 mandata

1780 3721 2009 3777 essent;
2045 3722 2161 3767 tum
2204 3712 2378 3782 ipsius
2425 3714 2660 3769 verenda
2685 3756 2700 3782 ,
2732 3729 2854 3785 quae
2883 3729 2913 3769 a
2941 3711 3202 3785 Typhone
3231 3729 3358 3784 pro—

1781 3802 1922 3873 jecta
1976 3806 2028 3859 in
2061 3805 2288 3860 ﬂuvium
2339 3815 2530 3872 erant,
2560 3805 2756 3863 Isidem
2804 3805 3161 3862 nihilominus
3188 3819 3356 3877 quam

1784 3906 1977 3952 caetera
2010 3897 2196 3951 divino
2239 3898 2386 3952 cultu
2416 3906 2764 3968 prosecutam
2794 3912 2917 3954 esse
2965 3896 3166 3952 ferunt.
3218 3895 3358 3953 Nam

1784 3999 1839 4043 et
1866 3989 2082 4043 illorum
2108 3989 2162 4043 in
2191 3989 2407 4058 templis
2441 3990 2797 4044 simulacrum
2820 3989 3083 4057 erexisse,
3107 3989 3358 4060 ritusque

1786 4095 1851 4134 ac
1880 4081 2252 4145 caeremonias,
2280 4096 2404 4136 cum
2437 4080 2691 4150 legitimis
2723 4094 2788 4135 ac
2823 4079 3157 4135 solemnibus
3189 4080 3356 4150 hujus

1785 4172 1874 4228 dei
1906 4171 2191 4227 sacrificiis
2220 4188 2435 4228 summa
2463 4189 2583 4229 cum
2616 4172 2881 4243 religione
2911 4172 3232 4228 celebranda
3260 4189 3357 4228 cu-

1789 4275 1959 4316 rasse.
1990 4259 2354 4327 Quamobrem
2406 4262 2554 4332 ipsos
2596 4277 2815 4332 quoque
2845 4262 3099 4328 Graecos,
3141 4264 3235 4333 qui
3289 4263 3358 4317 ab

147 4355 257 4411 ἑπτά
310 4361 495 4431 μηνῶν
539 4361 857 4416 διελθόντων
927 4364 1146 4433 βρέφος,
1179 4359 1291 4416 οἷόν
1320 4379 1426 4433 περ
1468 4363 1517 4416 οἳ
1561 4366 1681 4416 κατ’

1791 4350 2059 4423 Egyptiis
2103 4354 2321 4422 orgiaca
2363 4366 2519 4409 sacra
2553 4369 2675 4407 cum
2722 4354 2919 4408 Bacchi
2947 4353 3102 4410 festis
3137 4369 3361 4424 accepe-

148 4448 377 4517 Αέγυπτον
434 4455 533 4507 τὸν
568 4456 786 4526 Ὄσιριν
828 4457 1109 4525 γεγονέναι
1151 4456 1453 4528 νομίζουσι.
1500 4457 1602 4510 Τὸν
1626 4456 1683 4510 δὲ

148 4540 350 4613 Κάδμον,
399 4546 731 4616 τελευτῆσαν
771 4546 834 4600 τὸ
869 4546 1071 4619 βρέφος
1099 4549 1401 4621 χρυσῶσαι,
1452 4551 1547 4602 καὶ
1586 4549 1687 4614 τὰς

149 4632 454 4705 καθηκούσας
485 4638 638 4708 αὐτῷ
668 4640 998 4711 ποιήσασθαι
1027 4640 1242 4704 θυσίας,
1273 4641 1478 4711 ἀνάψαι
1504 4641 1560 4694 δὲ
1590 4644 1688 4695 καὶ

148 4723 226 4794 τὴν
240 4727 438 4795 γένεσιν
468 4732 551 4794 εἰς
577 4732 697 4794 Δία,
724 4740 1053 4803 σεμνύνοντα
1077 4732 1170 4786 τὸν
1204 4735 1437 4803 Ὄσιριν,
1466 4735 1561 4787 καὶ
1586 4733 1688 4802 τῆς

149 4813 404 4893 φθαρείσης
427 4822 529 4893 τὴν
552 4823 808 4895 διαϐολὴν
840 4825 1264 4900 ἀφαιρούμενον.
1293 4820 1383 4878 Διὸ
1413 4827 1509 4879 καὶ
1538 4824 1689 4896 παρὰ

147 4907 238 4969 τοῖς
261 4909 509 4981 Ἕλλησιν
536 4913 826 4984 ἐκδοθῆναι
859 4915 1040 4984 λόγον,
1078 4915 1156 4981 ὡς
1193 4918 1226 4988 ή
1260 4916 1483 4987 Κάδμου
1523 4914 1690 4983 θυγά-

149 5005 233 5066 τηρ
258 4998 456 5073 Σεμέλη
496 5002 723 5056 τέτοκεν
760 5005 826 5057 ὲκ
852 5005 975 5069 Διὸς
1019 5006 1253 5077 Ὄσιριν.
1292 5007 1523 5058 Ἔπειτα
1551 5021 1690 5075 παρ-

150 5086 372 5145 emi-an
406 5092 520 5149 τῶν
564 5095 953 5167 μυθογράφων,
996 5097 1277 5169 ἐμπλῆσαι
1330 5094 1392 5150 τὸ
1436 5096 1686 5168 θέατρον,

153 5178 347 5248 καὶτοῖς
378 5186 778 5256 ἐπιγινομένοις
815 5188 1042 5260 ἰσχυρὰν
1075 5189 1260 5243 πίστιν
1291 5189 1387 5242 καὶ
1414 5187 1688 5258 ἀμετάθεε-

154 5283 225 5322 τον
249 5274 575 5342 ἐγγενέσθαι.
606 5279 851 5333 Καθόλου
880 5280 936 5333 δέ
964 5297 1096 5350 φασι
1122 5281 1249 5343 τοὺς
1280 5278 1549 5350 ’Έλληνας
1581 5277 1691 5344 ἔξι-

155 5357 396 5426 διάζεσθαι
427 5369 553 5431 τοὺς
602 5370 1063 5439 ἐπιφανεστάτους
1108 5369 1421 5438 Αἰγυπτίων
1506 5368 1690 5439 τρωάς

158 5465 205 5505 τι
228 5457 504 5523 καὶθεούς.
539 5462 649 5515 Καὶ
680 5461 790 5532 γὰρ
825 5461 1098 5535 Ἠρακλέα
1122 5460 1184 5514 τὸ
1207 5460 1364 5530 γένος
1393 5459 1691 5528 Αἰγύπτιον

217 5568 312 5645 (ξθ)
341 5573 475 5631 Ὑπὸ
498 5576 607 5631 τοῦ
634 5577 769 5642 Διός
790 5591 950 5633 ποτε.
989 5576 1236 5639 Diodor.,
1266 5576 1369 5629 ὑπό
1386 5573 1563 5645 του-δή
1590 5590 1690 5626 πο-

167 5650 226 5703 τε,
248 5642 391 5717 longe
419 5647 635 5713 melius,
670 5649 797 5718 quia
823 5650 987 5718 paulo
1018 5658 1141 5717 post
1171 5648 1440 5715 signiticet
1472 5642 1686 5710 Jovem,

1789 4443 1939 4507 rint,
1989 4444 2294 4498 membrum
2340 4445 2471 4499 illud
2520 4456 2633 4499 tam
2681 4445 2735 4499 in
2771 4445 3044 4516 mysteriis
3093 4461 3257 4515 quam
3303 4446 3359 4499 in

1790 4536 1949 4591 istius
1990 4536 2232 4593 numinis
2258 4536 2657 4591 initiationibus
2685 4547 2848 4606 atque
2882 4537 3165 4593 sacrificiis
3190 4537 3359 4607 phalli

1789 4627 2010 4682 nomine
2030 4626 2276 4684 venerari
2302 4628 2493 4683 solitos
2524 4642 2664 4682 esse.
2692 4625 3003 4695 Enimvero,
3035 4629 3129 4698 qui
3157 4627 3359 4684 Thebis

1789 4718 2015 4775 Bceotiae
2045 4721 2206 4776 deum
2240 4722 2393 4776 illum
2423 4736 2488 4776 ex
2517 4718 2648 4775 Jove
2675 4735 2742 4775 ac
2774 4719 2985 4776 Semele
3016 4732 3203 4776 natum
3236 4733 3361 4777 esse

1789 4811 1995 4877 dicant,
2026 4812 2080 4867 id
2114 4821 2318 4868 temere
2339 4826 2404 4866 ac
2445 4812 2634 4866 leviter
2686 4811 2922 4867 effutire.
2961 4810 3170 4882 Quippe
3193 4853 3209 4878 ,
3257 4810 3361 4866 Or-

1791 4904 1988 4973 pheum
2018 4904 2188 4968 enim,
2220 4916 2345 4958 cum
2373 4903 2429 4957 in
2459 4902 2752 4973 Algyptum
2782 4903 3229 4972 commigrasset,
3258 4902 3358 4957 iis—

1788 5010 1895 5063 que
1920 4995 2092 5049 sacris
2118 4994 2362 5048 initiatus
2397 4994 2450 5047 in
2482 4996 2726 5062 ipsorum
2769 5008 2986 5063 quoque
3016 4991 3210 5047 Bacchi
3237 5007 3358 5063 my‘

1790 5087 2082 5141 steriorum
2115 5095 2324 5154 partem
2357 5101 2422 5140 ac
2450 5087 2762 5140 societatem
2819 5086 3093 5150 venisset,
3141 5094 3361 5154 propter

1787 5193 1933 5243 eam,
1970 5193 2091 5248 quae
2136 5177 2240 5233 sibi
2270 5192 2395 5232 cum
2428 5177 2682 5235 Cadmeis
2711 5176 3080 5231 intercedebat
3104 5215 3119 5241 ,
3164 5175 3361 5230 amici.

1790 5271 1921 5323 tiam
1945 5311 1960 5335 ,
1989 5283 2239 5339 quosque
2269 5269 2339 5324 ab
2364 5268 2470 5324 illis
2502 5268 2738 5323 honores
2766 5274 3088 5336 acceperat,
3116 5267 3361 5321 numinis

1790 5361 1938 5416 illius
1967 5369 2149 5416 ortum
2191 5360 2248 5416 in
2273 5362 2516 5431 ipsorum
2548 5362 2775 5431 gratiam
2808 5358 3192 5424 transtulisse;
3226 5360 3361 5413 mul-

1790 5453 2077 5510 titudinem
2116 5462 2321 5519 autem,
2355 5454 2551 5523 partim
2581 5451 2921 5523 ignoratione
2946 5449 3209 5518 veritatis,
3236 5464 3362 5522 par-

1790 5569 1847 5623 in
1890 5569 1981 5623 illa
2012 5567 2126 5622 veri
2155 5567 2329 5636 patris
2350 5566 2714 5637 ignoratione,
2747 5582 2776 5621 a
2806 5564 3014 5621 Cadmo
3038 5563 3237 5621 Bacchi
3265 5580 3360 5637 pa-

1794 5649 2001 5694 rentem
2032 5639 2361 5694 celebratum
2388 5651 2529 5692 esse.
