3798 6220
410 183 484 235 99
1084 175 1170 229 Μ]
1183 174 1355 227 SEBII
1388 169 1873 227 CAESARIENSIS
1905 167 2057 223 OPP.
2094 165 2279 222 PARS
2310 163 2374 220 ll.
2414 193 2485 209 --
2507 162 3011 220 APOLOCETICA.

3584 162 3701 218 {00

414 298 516 353 tim
545 291 691 364 quod
724 292 875 346 hunc
906 287 1071 345 deum
1106 303 1304 358 genere
1334 286 1582 343 Graecum
1613 286 1802 341 haberi
1834 285 1914 340 vel

2204 300 2251 349 ι,
2294 282 2362 337 δι’
2413 282 2631 354 ἀνδρίαν
2675 280 2923 335 ἐπελθεῖν
2965 279 3164 350 πολλὴν
3200 277 3298 349 τῆς
3344 277 3704 350 οἰκουμένης,

416 395 630 443 menter
672 390 921 454 optaret,
964 381 1210 451 ejusdem
1239 396 1363 435 cum
1396 379 1647 434 initiandi
1674 378 1853 445 ritus,
1881 387 1998 432 tum

415 476 583 531 etiam
615 472 873 546 mysteria
902 470 1147 525 studiose
1178 484 1242 524 ac
1270 468 1501 523 libenter
1532 467 1829 521 admodum
1879 481 2001 522 esse

415 568 783 638 complexam.
818 564 1085 619 Caeterum
1128 560 1386 630 Orpheo,
1438 558 1805 614 transferendi
1845 565 2002 614 ortus

417 659 706 723 numinis,
757 653 1027 725 ejusmodi
1083 666 1248 706 ansas
1309 659 1367 705 et
1427 651 1747 706 occasiones
1806 649 1997 704 fuisse.

416 749 685 805 Cadmum
713 747 964 801 videlicet
999 743 1202 799 Thebis
1230 740 1500 811 Egyptiis
1531 742 1848 809 oriundum,
1875 755 2000 793 eum

417 841 530 915 48
560 841 683 895 aliis
710 839 919 909 aliquot
950 837 1139 891 liberis
1167 832 1432 889 Semclem
1464 848 1685 903 quoque
1715 833 1998 903 genuisse,

420 934 562 986 banc
607 944 738 985 vero
782 945 814 983 a
859 927 1045 984 nescio
1075 928 1186 996 quo
1216 924 1355 981 forte
1392 934 1846 997 constupratam,
1878 934 2004 996 post

417 1032 622 1091 septem
657 1036 688 1075 a
722 1028 988 1089 conceptu
1021 1032 1238 1073 menses
1287 1017 1549 1071 infantem
1595 1016 1890 1086 peperisse,
1926 1018 1998 1081 ei,

420 1126 583 1182 quem
624 1111 765 1179 apud
799 1126 858 1165 se
898 1118 1087 1163 natum
1131 1107 1373 1178 Egyptii
1406 1108 1748 1178 praedicant,
1799 1106 2001 1160 Osiridi

420 1203 790 1273 persimilem;
825 1202 1095 1256 Cadmum
1122 1215 1252 1255 vero
1280 1198 1508 1254 infantis
1538 1198 1741 1253 mortui
1772 1199 2003 1253 cadaver

422 1311 558 1349 auro
600 1293 1001 1359 convestiisse,
1060 1292 1221 1360 eique
1277 1291 1549 1346 solemnes
1609 1290 2002 1346 sacriﬁciorum

420 1390 560 1443 ritus
607 1387 909 1441 instituisse
935 1427 950 1451 ,
982 1400 1046 1440 ac
1092 1384 1312 1439 demum
1357 1384 1532 1453 ipsius
1569 1384 2002 1454 procreationem

420 1479 544 1537 Jovi
580 1481 892 1550 assignasse
912 1521 927 1546 ,
963 1479 1068 1534 hoc
1096 1480 1286 1549 utique
1316 1477 1549 1533 consilio
1572 1519 1588 1543 ,
1620 1486 1681 1531 ut
1721 1493 1847 1532 cum
1880 1476 2003 1533 Osi-

421 1575 529 1631 ridi
559 1574 901 1645 majestalem
931 1574 1270 1638 conciliaret,
1300 1579 1416 1625 tum
1446 1570 1619 1640 ipsam
1648 1585 1866 1640 quoque
1894 1585 2007 1624 ma-

2106 375 2499 441 ὲξοικειοῦσθαι
2519 376 2578 429 δὲ
2602 375 2765 429 αὐτὸν
2791 375 2918 437 τοὺς
2943 372 3233 443 Ἕλληνας,
3256 371 3353 424 καὶ
3378 372 3484 443 μὴν
3506 373 3707 442 ἕτερον

2106 468 2235 521 ὄντα
2266 466 2362 520 τοῦ
2395 466 2456 532 ἐξ
2502 467 2811 537 Ἀλκμήνης
2842 467 2974 537 παρ’
3010 464 3267 535 Ἕλλησιν
3295 464 3521 537 ὕστερόν
3557 483 3701 519 ποτε

2106 559 2423 630 γενομένου.
2464 559 2601 613 Φασὶ
2632 559 2689 611 δὲ
2722 559 2938 611 καὶτὸν
2980 558 3196 630 Περσέα
3240 556 3495 625 γενέσθαι
3538 559 3698 613 κατὰ

2105 651 2205 721 τὴν
2231 651 2535 719 Αἴγυπτον,
2572 650 2671 704 καὶ
2704 651 2804 720 τῆς
2845 649 3042 712 Ἴσιδος
3069 649 3169 721 τὴν
3203 648 3416 718 γένεσιν
3445 649 3551 702 ὑπὸ
3581 649 3701 703 τῶν

2120 743 2387 814 Ἐλλήνων
2414 746 2494 806 είς
2563 748 2744 814 Αργος
2784 740 3209 815 μεταφέρεσθαι,
3248 741 3700 813 μυθολογούντων

2108 834 2277 905 αὐτὴν
2310 830 2449 887 εἷναι
2495 832 2601 898 Ἰὼ,
2644 833 2743 906 τὴν
2775 835 2856 897 είς
2893 833 3014 903 βοὸς
3039 831 3209 886 τύπον
3245 833 3702 905 μεταμορφωθεῖ-

2110 944 2230 992 σαν,
2259 926 2356 998 τὴν
2383 926 2551 997 αὐτὴν
2573 926 2794 990 δὲ,τοὺς
2822 927 2919 998 μὲν
2948 921 3117 989 Ἶσιν,
3137 926 3262 989 τοὺς
3287 925 3345 979 δὲ
3373 928 3701 998 Δήμητραν,

2107 1022 2234 1084 τοὺς
2259 1020 2317 1073 δὲ
2354 1020 2724 1091 Θεσμοφόρον,
2757 1019 2952 1083 ἄλλους
2979 1019 3036 1072 δὲ
3062 1018 3323 1089 Σελήνην,
3356 1019 3451 1072 καὶ
3493 1020 3705 1082 ἄλλους

2114 1111 2290 1184 Ἥραν
2317 1111 2575 1181 νομίζειν.
2613 1111 2718 1163 Τὸν
2749 1111 2806 1164 δὲ
2847 1112 3082 1182 Ὄσιριν,
3117 1112 3243 1173 τοὺς
3284 1111 3380 1180 μὲν
3422 1112 3700 1183 Σάραπιν,

2107 1222 2233 1268 τους
2273 1205 2329 1257 δὲ
2363 1204 2635 1268 Διόνυσον,
2666 1204 2793 1267 τοὺς
2824 1203 2881 1256 δὲ
2919 1202 3231 1266 Πλούτωνα,
3274 1204 3402 1266 τοὺς
3436 1203 3499 1256 δὲ
3546 1204 3705 1274 Ἀμ-

2110 1313 2287 1368 μωνα,
2318 1298 2443 1359 τοὺς
2474 1296 2531 1348 δὲ
2570 1296 2689 1361 Δία,
2737 1295 2956 1364 ἐτέρους
2986 1294 3043 1347 δὲ
3090 1295 3245 1347 Πᾶνα
3290 1294 3551 1365 νομίζειν.
3589 1296 3707 1348 Εὐ-

2108 1386 2275 1458 ρετὴν
2304 1387 2360 1440 δὲ
2382 1385 2638 1455 γενέσθαι
2657 1386 2755 1457 τὴν
2787 1381 2930 1438 Ἶσίν
2962 1402 3095 1455 φασι
3124 1387 3431 1457 φαρμάκων
3460 1385 3703 1451 πολλῶν,

2111 1478 2204 1531 καὶ
2245 1478 2492 1548 ἰατρικῆς
2528 1477 2857 1548 ἐπιστήμηςο
2893 1476 3074 1547 εὑρεῖν
3102 1475 3158 1530 δὲ
3189 1478 3285 1529 καὶ
3323 1476 3384 1530 τὸ
3427 1479 3525 1548 τῆς
3550 1477 3704 1532 ἀθα-

2110 1571 2303 1633 νασίας
2352 1572 2665 1641 φάρμακον,
2709 1568 2776 1622 δι’
2822 1560 2883 1621 οὗ
2926 1569 3020 1624 τὸν
3061 1570 3176 1623 υἱὸν
3219 1570 3385 1641 Ὦρον
3432 1571 3538 1624 ὑπὸ
3581 1570 3707 1624 τῶν

423 1673 564 1721 trem
595 1681 626 1719 a
661 1664 836 1735 stupri
869 1664 1034 1718 oblati
1067 1662 1295 1718 infamia
1328 1662 1604 1717 liberaret.
1642 1661 1799 1716 Hunc
1844 1662 1923 1732 igi‘

2202 1664 2353 1716 τάνων
2390 1661 2866 1726 ἐπιϐουλευθέντα,
2902 1663 2998 1715 καὶ
3024 1662 3217 1735 νεκρὸν
3246 1663 3539 1735 εὑρεθέντα
3567 1663 3702 1718 καθ’

426 1756 483 1810 in
525 1755 749 1810 modum
782 1770 1031 1825 sparsam
1068 1754 1216 1808 illam
1245 1754 1389 1823 apud
1434 1754 1652 1810 Graecos
1685 1754 1752 1808 de
1793 1753 2009 1808 Osiride

420 1845 627 1903 famam
658 1860 807 1911 esse,
847 1845 993 1915 quod
1023 1860 1147 1899 eum
1178 1860 1245 1900 ex
1283 1843 1419 1899 Jove
1446 1843 1657 1901 Semele
1681 1844 1871 1898 Cadmi
1898 1843 2007 1898 ﬁlia

423 1939 800 2010 suscepisset;
830 1954 938 2008 qua
972 1936 1284 1993 fabularum
1315 1939 1611 2009 scriptores
1634 1938 1823 1993 omnia
1854 1947 2007 2006 post-

421 2032 645 2087 modum
670 2031 882 2086 theatra
903 2031 1315 2101 compleverint,
1347 2045 1525 2100 eoque
1561 2029 1778 2084 tandem
1806 2027 2006 2082 factum

422 2135 547 2175 esse
569 2161 586 2187 ,
615 2128 678 2175 ut
717 2128 980 2175 constans
1012 2120 1133 2189 ejus
1161 2129 1216 2175 et
1246 2121 1573 2175 inconcussa
1602 2119 1736 2173 ﬁdes
1764 2128 2010 2188 postero-

424 2224 549 2264 rum
597 2209 874 2263 mentibus
919 2207 1199 2264 insideret.
1254 2206 1399 2273 Quin
1447 2208 1610 2262 etiam
1653 2205 1871 2260 Graecos
1899 2245 1915 2271 ,
1950 2213 2010 2259 ut

424 2301 591 2356 verbo
624 2300 824 2365 dicam,
860 2299 1245 2354 celeberrimos
1271 2314 1518 2369 quosque
1547 2299 1702 2353 aiunt
1729 2297 2010 2369 Egyptia-

422 2408 547 2448 rum
580 2392 779 2447 heroas
811 2400 976 2461 atque
1019 2391 1153 2446 deos
1183 2392 1286 2447 sibi
1318 2401 1575 2462 tanquam
1606 2393 1860 2461 proprios
1884 2392 2007 2446 vin-

424 2486 660 2542 dicasse.
712 2482 852 2539 Nam
899 2482 1185 2539 Herculem
1228 2485 1393 2540 etiam
1419 2525 1435 2551 ,
1484 2482 1774 2555 Egyptius
1812 2498 2009 2554 genere

425 2592 553 2633 cum
586 2585 767 2643 esset,
802 2591 870 2632 ac
914 2576 1181 2646 singulari
1215 2575 1533 2632 fortitudine
1559 2576 1821 2646 praeditus
1844 2615 1858 2641 ,
1887 2591 2006 2631 ma-

426 2684 589 2741 gnam
647 2668 799 2724 orbis
859 2678 1130 2723 terrarum
1190 2679 1402 2738 partem
1452 2668 1695 2736 obiisse;
1756 2667 2007 2723 eumdem

424 2764 611 2813 tamen
655 2758 815 2827 quasi
843 2755 1092 2813 Graecum
1129 2774 1158 2812 a
1194 2757 1399 2814 Graecis
1432 2759 1716 2829 praedicari
1745 2800 1761 2827 ,
1791 2757 2007 2813 tametsi

425 2848 585 2920 longe
616 2850 686 2905 ab
736 2850 907 2905 altero
939 2850 1176 2920 quodam
1220 2849 1449 2905 Hercule
1495 2850 1771 2905 diversum
1796 2889 1811 2914 ,
1844 2863 2004 2919 quem

426 2941 487 2997 in
535 2940 743 2997 Graecia
784 2942 971 2996 multis
1002 2951 1125 3011 post
1156 2942 1371 2996 saeculis
1421 2940 1682 2994 Alcmena
1714 2939 2004 3012 pepererit.

425 3031 648 3086 Addunt
674 3030 932 3086 Perseum
964 3047 1183 3101 quoque
1210 3031 1387 3086 lucem
1417 3031 1473 3084 in
1501 3029 1738 3101 .‘Egypto
1769 3031 2004 3099 primum

427 3122 705 3191 aspexisse
731 3159 747 3186 ,
782 3131 838 3176 et
884 3120 1174 3190 ipsiusmet
1218 3122 1378 3177 Isidis
1409 3121 1676 3190 originem
1723 3137 1755 3176 a
1803 3120 2008 3177 Graecis

428 3214 745 3270 hominibus
773 3213 1093 3267 translatam
1113 3214 1288 3280 Argos
1312 3212 1498 3276 fuisse,
1525 3214 1619 3283 qui
1640 3214 1781 3269 hanc
1810 3215 2005 3284 ipsam,

428 3307 486 3366 lo
513 3308 667 3363 bovis
692 3308 746 3360 in
791 3306 1019 3376 figuram
1051 3305 1346 3375 aliquando
1380 3316 1647 3361 mutatam
1695 3322 1816 3362 esse
1853 3307 2011 3361 fabu-

429 3401 649 3465 lentur;
681 3414 805 3453 cum
832 3400 1078 3452 eamdem
1108 3406 1287 3452 tamen
1321 3396 1425 3453 Isin
1455 3399 1569 3462 alii,
1603 3399 1696 3453 alii
1728 3399 2007 3462 Celerem,

431 3489 914 3559 Tltesmopboron,
947 3490 1051 3544 hoc
1096 3500 1180 3544 est
1223 3489 1498 3560 legiferam
1525 3531 1540 3557 ,
1586 3491 1680 3545 alii
1711 3532 1726 3558 ,
1762 3492 2008 3546 nonnulli

431 3582 643 3637 Lunam
664 3622 679 3646 ,
708 3584 802 3636 alii
830 3584 1066 3652 denique
1092 3580 1362 3637 Junonem
1393 3598 1514 3638 esse
1546 3584 1857 3652 opinentur.
1886 3583 2011 3639 Osi-

430 3677 517 3731 rin
542 3686 723 3732 autem
753 3692 783 3731 a
805 3678 1135 3747 quibusdam
1169 3676 1421 3748 Sarapin,
1450 3677 1726 3733 Bacchum
1754 3681 1824 3735 ab
1848 3681 1971 3739 aliis
1990 3722 2007 3749 ,

431 3784 464 3824 a
515 3770 794 3823 nonnullis
844 3766 1176 3834 Plutonem,
1225 3768 1295 3823 ab
1344 3770 1468 3825 aliis
1506 3771 1873 3840 Ammonem,
1924 3774 2010 3829 vel

430 3859 656 3926 Jovem,
681 3862 767 3915 vel
799 3858 946 3914 Pana
981 3862 1304 3917 existimari.
1341 3860 1462 3916 Jam
1494 3862 1564 3917 ab
1595 3862 1736 3919 Iside
1771 3865 2010 3921 remedia

428 3954 694 4025 pleraque
725 3956 1012 4025 ipsamque
1039 3962 1175 4009 adeo
1212 3956 1495 4011 medicina:
1528 3967 1699 4011 artem
1734 3957 2010 4014 inventam

430 4059 553 4101 esse
581 4046 833 4112 tradunt,
862 4062 925 4101 ac
955 4046 1118 4102 simul
1148 4049 1576 4104 immortalitatis
1608 4050 1962 4120 pbarmacum
1989 4067 2005 4117 ;

429 4137 592 4207 cujus
640 4137 730 4192 illa
762 4136 817 4191 vi
862 4135 1036 4193 Orum
1087 4138 1258 4194 lilium
1293 4155 1457 4209 quem
1506 4137 1762 4195 Titanum
1798 4141 2010 4196 insidiis

430 4236 719 4300 exceptum
746 4268 763 4295 ,
810 4244 876 4284 ac
924 4237 1200 4285 mortuum
1236 4230 1291 4285 in
1336 4232 1498 4302 aquis
1543 4243 1818 4302 repertum
1844 4272 1862 4300 ,
1896 4249 2008 4288 non

2112 1752 2325 1819 ὓδατος,
2353 1754 2427 1826 μὴ
2465 1755 2623 1825 μόνον
2652 1754 2952 1825 ἀναστῆσαι
2976 1754 3171 1809 δοῦσαν
3197 1757 3295 1828 τὴν
3326 1756 3526 1829 ψυχὴν,
3552 1757 3703 1812 ἀλλὰ

2108 1846 2323 1916 καὶτῆς
2360 1846 2656 1911 ἀθανασίας
2684 1846 2909 1917 ποιῆσαι
2939 1847 3285 1918 μεταλαϐεῖν.
3315 1849 3419 1902 Τὸν
3439 1849 3497 1903 δὲ
3520 1845 3702 1920 ’Ὡρον

2110 1938 2339 1991 ὕστατον
2386 1939 2515 1992 ὄντα
2545 1939 2655 1993 τῶν
2704 1939 2865 2002 θεῶν,
2904 1939 3216 2009 βασιλεῦσαι
3247 1941 3345 2012 τῆς
3390 1939 3699 2009 Αἰγύπτου.

2109 2029 2668 2103 Μεθερμηνευόμενον
2701 2032 2758 2085 δέ
2808 2049 2972 2102 φασιν
3000 2032 3160 2085 αὐτὸν
3189 2028 3327 2085 εἶναι
3354 2032 3445 2086 τὸν
3496 2032 3705 2085 Ἀπόλ-

2108 2121 2274 2186 λωνα,
2312 2125 2411 2195 τήν
2433 2142 2492 2177 τε
2523 2125 2771 2196 ἰατρικὴν
2799 2125 2894 2177 καὶ
2920 2126 3187 2196 μαντικὴν
3224 2125 3328 2178 ὑπὸ
3354 2125 3453 2195 τῆς
3486 2125 3705 2197 μητρὸς

2112 2216 2307 2280 Ἴσιδος
2331 2217 2667 2288 διδαχθέντα,
2694 2217 2782 2270 διὰ
2812 2216 2920 2271 τῶν
2950 2217 3235 2289 χρησμῶν,
3265 2219 3360 2272 καὶ
3387 2218 3705 2291 θεραπειῶν

2109 2309 2437 2381 εὐεργετεῖν.
2483 2311 2867 2381 Συμφωνείται
2921 2309 2979 2362 δὲ
3032 2309 3185 2381 παρὰ
3230 2311 3344 2373 τοῖς
3393 2308 3701 2372 πλείστοις,

2105 2400 2191 2453 ὅτι
2226 2403 2339 2464 τοῖς
2380 2403 2508 2473 περὶ
2540 2401 2632 2455 τὸν
2675 2401 2773 2454 Δία
2815 2403 2909 2455 καὶ
2952 2402 3044 2455 τὸν
3084 2403 3298 2471 Ὄσιριν
3346 2399 3508 2463 θεοῖς,
3550 2398 3705 2453 κατὰ

2108 2495 2209 2566 τὴν
2248 2494 2444 2558 Ἴσιδος
2485 2495 2701 2566 ἠλικίαν
2726 2495 3113 2567 μεγαλόσωμοί
3145 2512 3290 2558 τινες
3319 2494 3575 2562 Γίγαντες
3602 2493 3704 2545 ἐπὶ

2108 2586 2169 2638 τὸ
2216 2586 2520 2658 τερατῶδες
2565 2587 2953 2659 κοσμούμενοι,
3009 2586 3246 2658 πόλεμον
3293 2588 3539 2659 ἤγειραν.
3589 2586 3707 2639 Νο-

2113 2676 2408 2748 μοθετῆσαι
2464 2677 2522 2731 δὲ
2588 2680 2711 2744 τοὺς
2767 2680 3098 2748 Αἰγυπτίους
3164 2680 3362 2749 γαμεῖν
3427 2677 3690 2746 ἀδελφὰς,

2108 2768 2197 2822 διὰ
2225 2770 2286 2823 τὸ
2315 2770 2414 2842 τὴν
2438 2765 2579 2824 Ἶσιν
2612 2769 2689 2842 τῷ
2735 2770 2961 2844 Ὀσίριδι
2995 2769 3208 2839 ἀδελφῷ
3248 2769 3362 2823 ὄντι
3398 2769 3568 2839 αὐτῆς
3599 2786 3705 2836 γα-

2111 2862 2372 2934 μηθῆναι.
2428 2882 2446 2914 ι
2502 2863 2613 2916 Καὶ
2650 2862 2823 2917 ταῦτα
2853 2864 2949 2934 μὲν
2977 2863 3106 2935 περὶ
3147 2862 3351 2915 τούτων
3397 2855 3698 2933 ἱστοροῦσι.

2109 2954 2246 3025 Περὶ
2274 2954 2330 3008 δὲ
2355 2953 2461 3008 τῶν
2488 2955 2880 3026 ἀφιερωμένων
2909 2952 3062 3019 ζώων
3101 2954 3212 3025 (51)
3243 2953 3364 3007 κατ’
3397 2952 3705 3021 Αίγυπτον,

2108 3047 2344 3110 τοιοῦτός
2390 3064 2475 3110 τις
2515 3049 2644 3118 παρ’
2692 3048 2877 3110 αὐτοῖς
2915 3047 3135 3117 κατέχει
3180 3046 3356 3114 λόγος.
3404 3046 3555 3109 Τινὲς
3599 3046 3707 3117 μέν

2109 3156 2241 3208 φασι
2274 3140 2399 3202 τοὺς
2428 3137 2488 3204 ἐξ
2510 3139 2685 3210 ἀρχῆς
2724 3140 3051 3210 γενομένους
3077 3140 3254 3203 θεοὺς,
3295 3139 3507 3208 ὀλίγους
3533 3139 3710 3203 ὄντας

2109 3229 2203 3280 καὶ
2236 3229 2696 3299 κατισχυομένους
2733 3230 2838 3282 ὑπὸ
2868 3230 2960 3283 τοῦ
3004 3230 3242 3302 πλήθους
3281 3231 3373 3283 καὶ
3439 3229 3536 3301 τῆς
3568 3231 3716 3282 ἀσε-

2109 3324 2263 3388 ϐείας
2287 3323 2393 3377 τῶν
2410 3323 2657 3394 γηγενῶν
2684 3323 3011 3395 ἀνθρώπων,
3033 3323 3367 3394 ὁμοιωθῆναί
3398 3340 3537 3376 τισιν
3566 3323 3712 3377 ἁλό-

2109 3435 2227 3487 γοις
2259 3415 2437 3482 ζώοις,
2473 3421 2565 3475 καὶ
2594 3416 2767 3480 οὕτως
2791 3417 3094 3487 διαφυγεῖν
3136 3415 3324 3468 ἔπειτα
3369 3414 3527 3487 χάριν
3557 3416 3713 3469 ἀπο-

2109 3508 2348 3573 διδόντας
2372 3509 2470 3580 τῆς
2498 3508 2790 3580 σωτηρίας,
2821 3508 3126 3580 ἀφιερῶσαι
3150 3507 3249 3570 τὰς
3287 3508 3477 3576 φύσεις
3518 3506 3714 3559 αὐτῶν

2108 3601 2216 3655 τῶν
2246 3601 2420 3666 ζώων,
2452 3596 2534 3665 οἷς
2561 3599 3015 3672 ἀφωμοιώθησαν.
3063 3602 3126 3654 Οἱ
3166 3600 3223 3653 δέ
3261 3617 3442 3669 φασιν,
3482 3600 3539 3650 ἐν
3578 3601 3713 3663 ταῖς

2111 3694 2249 3766 πρὸς
2292 3696 2417 3758 τοὺς
2464 3693 2754 3764 πολεμίους
2811 3692 3126 3763 συμϐολαῖς,
3182 3692 3714 3755 κατασκευάσαντας

2110 3786 2325 3849 εἰκόνας
2350 3786 2458 3840 τῶν
2489 3784 2664 3850 ζώων,
2688 3784 2724 3838 ἃ
2752 3785 2847 3839 νῦν
2879 3784 3099 3855 τιμῶσι,
3134 3786 3320 3855 φορεῖν
3340 3782 3543 3845 ταύτας
3570 3783 3713 3846 τοὺς

2110 3878 2382 3950 ἡγεμόνας
2409 3879 2503 3933 ἐπὶ
2537 3878 2639 3949 τῆς
2679 3878 2943 3949 κεφαλῆς,
2974 3877 3066 3931 καὶ
3097 3875 3257 3929 τοῦτο
3288 3873 3573 3946 γνώρισμα
3600 3875 3713 3945 τῆς

2109 3968 2287 4041 ἀρχῆς
2318 3966 2484 4039 ἔχειν’
2511 3967 2571 4020 ὲν
2605 3967 2663 4021 δὲ
2690 3970 2813 4031 ταῖς
2838 3967 2981 4021 κατὰ
3007 3965 3117 4019 τῶν
3157 3964 3368 4036 ἐχθρῶν
3397 3963 3595 4026 νίκαις,
3623 3962 3711 4027 ὡς

2111 4060 2177 4115 ἂν
2224 4060 2374 4115 αῖτια
2411 4059 2481 4114 τὰ
2520 4058 2637 4125 ζῶα
2666 4061 2956 4131 γενόμενα,
2986 4053 3062 4113 ὧν
3094 4059 3195 4123 τὰς
3236 4059 3450 4121 εἰκόνας
3481 4056 3711 4129 ἔφερον,

2109 4150 2441 4206 ἀποθεῶσαι.
2487 4151 2703 4222 ’Ἑτεροι
2748 4150 2807 4205 δὲ
2842 4150 3034 4222 τρίτην
3081 4149 3263 4203 αἰτίαν
3313 4150 3558 4220 φέρουσι,
3601 4147 3715 4220 τῆς

2109 4243 2297 4317 χρείας
2356 4243 2517 4297 ἕνεκα
2570 4240 2679 4297 τῶν
2752 4241 2908 4308 ζώων
2975 4243 3278 4312 φάσκοντες
3352 4239 3491 4296 αὐτὰ
3549 4255 3715 4294 τετι-

430 4327 645 4376 tantum
678 4320 732 4376 in
761 4320 936 4377 lucem
967 4324 1180 4378 reddito
1203 4324 1388 4379 animo
1412 4326 1704 4391 revocarit,
1728 4326 1822 4381 sed
1842 4325 1930 4381 eti:

2215 4334 2341 4388 ςθαι.
2378 4333 2488 4406 Τὴν
2540 4334 2637 4406 μὲν
2686 4334 2796 4406 γὰρ
2843 4334 3064 4406 θήλειαν
3124 4333 3251 4406 βοῦν
3282 4373 3297 4398 ,
3349 4333 3554 4388 τίκτειν
3607 4332 3715 4387 καὶ

432 4411 844 4469 intinortalitate
873 4414 1109 4468 donarit.
1136 4412 1311 4470 Porro
1341 4416 1489 4471 hunc
1520 4416 1713 4481 Orum,
1752 4417 1847 4488 qui
1878 4417 2001 4471 deo-

431 4519 555 4559 rum
587 4504 919 4560 novissimus
943 4513 1060 4570 est,
1098 4505 1153 4559 in
1182 4504 1417 4578 Egypto
1447 4523 1706 4578 regnasse
1729 4548 1745 4575 ,
1775 4509 2003 4579 ejusque

431 4611 654 4661 nomen,
690 4597 1041 4667 interpretari
1069 4599 1117 4653 si
1147 4599 1299 4665 velis,
1327 4601 1632 4669 Apollinem
1665 4602 2002 4672 signiﬁcare;

432 4687 527 4757 qui
562 4689 704 4759 quod
735 4689 806 4743 ab
837 4689 974 4745 Iside
1018 4701 1241 4760 parente
1283 4691 1536 4746 medendi
1581 4708 1647 4748 ac
1675 4694 2005 4750 vaticinandi

433 4787 606 4835 artem
653 4781 953 4846 didicisset,
994 4783 1222 4839 edendis
1271 4785 1511 4841 oraculis
1550 4787 1869 4859 morbisque
1914 4804 2008 4846 sa-

432 4873 634 4929 nandis
679 4876 886 4945 optime
923 4876 991 4930 tle
1019 4877 1304 4931 hominum
1347 4892 1545 4947 genere
1584 4890 1879 4936 mereatur.
1912 4881 2011 4938 Est

431 4976 616 5024 autem
654 4966 770 5022 haec
792 4969 1102 5023 communis
1127 4970 1489 5039 plurimorum
1518 4972 1852 5028 existimatio
1872 5014 1889 5040 ,
1915 4974 2009 5030 Gi-

430 5066 629 5128 gantas
661 5057 927 5127 quosdam
961 5058 1188 5113 immani
1231 5069 1495 5131 vastaque
1532 5061 1677 5116 mole
1715 5062 1964 5131 corporis
1988 5102 2005 5129 ,

434 5165 502 5205 ac
535 5151 848 5222 prodigiosa
884 5152 1122 5221 quodam
1152 5153 1452 5210 instructos
1483 5165 1742 5225 apparatu
1764 5195 1780 5221 ,
1813 5152 2004 5210 Jovem

435 5241 751 5314 Osiritnque
794 5244 949 5309 deos,
996 5244 1156 5301 Isidis
1203 5247 1541 5317 temporibus
1602 5248 1744 5302 bello
1788 5248 2007 5304 lacessi-

434 5333 605 5392 vissc.
630 5334 709 5390 Ex
735 5350 803 5391 eo
842 5336 1077 5408 denique
1114 5338 1286 5410 legem
1329 5339 1477 5394 illam
1523 5337 1903 5412 Egyptiorum
1937 5341 2005 5396 de

435 5426 787 5483 matrimonio
813 5443 939 5485 cum
962 5431 1246 5487 sororibus
1275 5431 1512 5488 ineundo
1538 5430 1767 5490 ﬁnxisse
1791 5431 2000 5500 volunt,

2112 4426 2299 4499 ἀροῦν.
2360 4426 2443 4481 Τά
2489 4427 2547 4481 δὲ
2611 4427 2862 4500 πρόϐατα
2912 4428 3119 4482 τίκτειν
3176 4426 3273 4481 καὶ
3310 4425 3520 4496 σκέπην
3559 4440 3719 4495 παρ-

2108 4520 2274 4592 έχειν,
2310 4521 2405 4575 καὶ
2431 4521 2531 4592 τὴν
2576 4521 2665 4575 διὰ
2691 4521 2784 4576 τοῦ
2816 4522 3089 4590 γάλακτος
3129 4521 3222 4574 καὶ
3248 4519 3344 4574 τοῦ
3378 4518 3542 4590 τυροῦ
3574 4536 3721 4593 τρο.

2112 4613 2239 4682 φήν.
2275 4612 2378 4666 Τὸν
2425 4612 2483 4666 δὲ
2522 4612 2660 4667 κύνα
2705 4612 3056 4685 συνθηρεύειν
3083 4611 3408 4684 ἀνθρώποις,
3455 4610 3551 4664 καὶ
3600 4628 3722 4681 φυ-

2111 4701 2365 4757 λακτικὸν
2395 4699 2554 4758 εἶναι.
2585 4705 2785 4776 Διόπερ
2814 4705 2905 4758 τὸν
2930 4704 3053 4758 θεὸν
3090 4704 3181 4758 τὸν
3210 4706 3341 4775 παρ’
3379 4703 3564 4766 αὐτοῖς
3603 4720 3722 4758 κα-

2108 4793 2371 4866 λούμενον
2407 4796 2680 4861 ιἌνουϐιν,
2725 4796 2885 4862 κυνὸς
2931 4797 3072 4868 ἔχειν
3111 4797 3369 4868 κεφαλήνο
3411 4793 3720 4866 ἐμφαίνον-

2110 4902 2223 4950 τες,
2255 4886 2342 4940 ὄτι
2379 4888 2781 4959 σωματοφύλαξ
2820 4885 2888 4960 ἦν
2917 4888 3025 4943 τῶν
3058 4889 3187 4960 περὶ
3211 4889 3303 4942 τὸν
3343 4889 3557 4959 Ὄσιριν
3606 4890 3717 4941 καὶ

2106 4977 2206 5050 τὴν
2256 4974 2418 5034 Ἶσιν.
2471 4981 2644 5034 Ἔνιοι
2691 4980 2750 5034 δέ
2796 4997 2950 5050 φασι,
2987 4981 3088 5052 τῆς
3119 4979 3314 5043 Ἴσιδος
3354 4979 3718 5050 προηγουμέ-

2106 5086 2205 5140 νης
2235 5070 2361 5135 τοὺς
2395 5070 2581 5137 κύνας,
2612 5072 2735 5128 καθ’
2768 5073 2827 5127 ὃν
2874 5073 3066 5146 καιρὸν
3111 5073 3290 5145 ἐζήτει
3326 5071 3418 5126 τὸν
3459 5072 3715 5143 Ὄσιριν,

2109 5163 2179 5217 τά
2208 5162 2467 5235 τε,θηρία
2508 5165 2603 5219 καὶ
2642 5167 2769 5230 τοὺς
2816 5164 3178 5230 ἀπαντῶντας
3234 5163 3540 5236 ἀπείργειν.
3588 5163 3718 5218 Καὶ

2109 5253 2201 5306 τὸν
2233 5254 2332 5324 μὲν
2361 5255 2613 5328 αἴλουρον
2646 5258 2783 5330 πρὸς
2817 5258 2915 5322 τὰς
2961 5258 3195 5320 ἀσπίδας
3237 5256 3456 5311 εὔθετον
3509 5254 3714 5327 ὑπάρ-

2110 5363 2227 5417 χειν
2256 5348 2351 5400 καὶ
2400 5348 2469 5403 τά
2498 5348 2634 5405 ἄλλα
2663 5349 2866 5406 δακετά
2899 5351 3008 5405 τῶν
3038 5350 3299 5423 ἑρπετῶν,
3326 5350 3417 5406 τὸν
3441 5348 3499 5404 δὲ
3520 5348 3718 5421 ἰχνεύ-

2113 5454 2271 5509 μονα,
2300 5441 2370 5494 τὰ
2411 5441 2520 5497 τῶν
2564 5442 2922 5516 κροκοδείλων
2949 5443 3034 5498 ὠά
3077 5442 3402 5515 συντρίϐειν,
3452 5441 3715 5515 ἀναιρεῖν

507 5535 620 5633 (5-1)
637 5542 1098 5633 -Ἁξξερρδμένων
1143 5542 1316 5610 ζώων.
1362 5546 1655 5619 Sequenti:
1712 5549 1778 5608 de
1830 5549 2007 5605 anima

2243 5556 2385 5627 apud
2445 5556 2736 5633 Egyptios
2778 5559 3210 5627 consecratione,
3249 5558 3515 5616 Diodorus
3575 5558 3714 5617 fuse

435 5611 511 5669 lib
565 5627 599 5675 ι,
637 5627 687 5681 p.
727 5611 793 5667 74
821 5611 875 5668 et
901 5611 1015 5686 seq.
