3798 6220
122 248 200 304 Idl
430 246 443 257 ‘
1265 231 1583 291 PRAEPAR.
1626 228 1888 285 EVANG.
1931 226 2061 284 LIB.
2104 227 2169 283 Il.

114 386 167 426 τε
190 368 280 423 καὶ
310 367 443 431 τοὺς
481 364 860 436 κροκοδείλους
892 360 1046 433 πηλῷ
1075 358 1418 430 κυλιόμενον,
1447 356 1542 410 καὶ
1574 356 1614 408 ιτ

1872 350 1904 422 Ι
1943 349 2090 418 quod
2120 346 2297 404 Osiris
2323 345 2533 417 primus
2556 344 2752 402 lsidem
2784 358 3026 400 sororem
3055 344 3111 398 in
3142 357 3372 401 uxorem

116 460 356 533 πηδῶντα
378 460 638 531 κεχῄνοσι
679 460 792 521 τοῖς
828 454 1078 526 στόμασι,
1121 451 1459 521 διαφαγόντα
1491 465 1551 501 τε
1588 447 1689 501 αύ-

113 554 210 608 τῶν
245 552 318 606 τὰ
353 552 509 615 ἐντος
536 552 638 621 τῆς
694 548 940 613 κοιλίας,
974 547 1203 617 νεκροὺς
1250 540 1684 614 ἀπεργάζεσθαι.

113 646 219 700 Τῶν
264 644 327 697 δὲ
364 644 597 715 ὀρνέων,
638 641 737 712 τὴν
784 641 883 711 μὲν
933 638 1040 691 τδιν
1085 637 1370 708 χρησίμην
1422 634 1691 704 ὑπάρχειν

111 738 232 809 πρὸς
251 753 316 790 τε
338 737 469 800 τοὺς
498 735 651 804 ὄφεις
672 732 770 788 καὶ
795 733 895 796 τὰς
925 730 1152 802 ἀκρίδας
1176 730 1270 782 καὶ
1299 729 1399 792 τὰς
1437 728 1687 798 κάμπας’

108 833 190 888 σὺν
212 831 268 884 δὲ
326 831 551 902 ἱέρακα,
592 828 731 899 πρὸς
768 826 898 889 τοὺς
941 824 1238 895 σκορπίους
1269 822 1365 875 καὶ
1392 819 1687 891 κεράστας,

107 926 192 980 καὶ
216 924 285 978 τὰ
321 922 501 995 μικρά
530 923 641 975 τῶν
668 920 913 974 δακετῶν
944 917 1170 989 θηρίων,
1210 916 1304 970 καὶ
1334 914 1422 966 διὰ
1454 913 1514 965 τὸ
1550 928 1693 982 συμ-

110 1014 389 1073 ϐάλλεσθαι
422 1018 548 1078 ταῖς
584 1014 890 1085 μαντείαις·
923 1011 1011 1064 τὸν
1035 1011 1081 1064 δ’
1111 1007 1399 1067 ἁετὺν,διὰ
1435 1004 1497 1059 τὸ
1537 1005 1692 1075 βασι-

109 1107 240 1160 λικὸν
267 1102 435 1160 εἶναι’
470 1106 564 1158 τὸν
590 1104 648 1157 δὲ
674 1104 878 1175 τράγον
912 1102 1072 1171 φασιν
1106 1095 1533 1159 ἁποτεθεῶσθαι,
1592 1109 1694 1147 κα-

109 1200 268 1269 θάπερ
299 1198 401 1251 καὶ
427 1200 546 1259 τοῖς
581 1195 807 1264 Ἕλλησι
836 1194 928 1246 τὸν
972 1192 1243 1262 Πρίαπον,
1274 1188 1363 1241 διὰ
1410 1187 1471 1240 τὸ
1501 1203 1694 1258 γεννη-

107 1292 236 1345 τικὸν
271 1290 491 1360 μόριον·
528 1288 592 1341 τὸ
637 1287 734 1358 μὲν
767 1286 876 1355 γὰρ
907 1282 1043 1348 ζῶον
1078 1279 1217 1334 εἶναι
1247 1279 1406 1333 τοῦτο
1442 1295 1693 1345 κατωφε-

108 1383 352 1454 ρέστατον
388 1381 533 1452 πρὸς
558 1378 663 1442 τὰς
713 1376 1020 1438 συνουσίας,
1046 1373 1109 1426 τὸ
1138 1373 1197 1425 δὲ
1244 1373 1430 1444 μόριον
1456 1370 1550 1424 τοῦ
1582 1369 1692 1423 σώ-

110 1490 285 1542 ματος,
320 1472 385 1525 τὸ
411 1472 518 1541 τῆς
546 1471 818 1539 γενέσεως
846 1470 1039 1529 αἴτιον,
1070 1465 1335 1536 τιμᾶσθαι
1382 1462 1693 1534 προσηκόν-

100 1581 214 1627 τως,
249 1565 331 1628 ὡς
360 1564 431 1616 ἂν
472 1564 718 1651 ἀρχηγὸν
746 1560 807 1614 ὃν
837 1560 940 1629 τῆς
973 1560 1079 1613 τῶν
1111 1557 1267 1622 ζώων
1301 1557 1536 1625 φύσεως.
1578 1557 1696 1610 Κα-

101 1657 241 1711 θόλου
262 1658 324 1710 δὲ
360 1656 423 1709 τὸ
451 1650 679 1717 αἰΞοῖον,
720 1654 781 1706 οὐ
812 1653 930 1706 κατ’
969 1652 1299 1720 Αἰγυπτίους
1341 1651 1520 1721 μόνον,
1555 1650 1691 1704 ἀλλὰ

1792 444 2116 514 accepisset.
2155 460 2176 494 ι
2207 441 2386 511 Atque
2430 438 2741 508 hujusmodi
2774 446 2921 502 sunt,
2949 452 3071 506 qua:
3100 435 3168 492 de
3198 435 3373 491 homi-

1794 535 1956 589 nibus
2004 534 2061 587 in
2114 532 2251 588 deos
2298 529 2637 586 consecratis
2691 526 3073 598 Egyptiorum
3135 526 3375 582 historia

1790 624 2172 693 prodiderunt.
2202 621 2323 677 Jam
2366 635 2496 676 vero
2524 620 2592 675 de
2621 619 2938 674 animalium
2965 619 3376 675 consecratione

1791 717 1910 771 haec
1944 716 2013 771 ab
2053 714 2249 771 iisdem
2299 712 2412 767 fere
2448 710 2590 766 tradi
2637 712 2835 766 solent.
2877 710 3214 777 Quibusdam
3247 725 3374 767 sane

1791 806 1988 875 placet,
2012 804 2105 875 qui
2129 804 2199 858 ab
2225 803 2385 857 initio
2404 801 2479 854 dii
2513 799 2735 881 fuerint,
2769 815 2894 854 cum
2919 800 2990 853 ob
3021 802 3376 869 paucitatem,

1792 896 2078 950 hominum
2125 904 2469 952 terrenorum
2522 893 2719 962 partim
2777 893 3129 948 multitudine
3179 894 3377 964 partim

1791 990 2070 1059 impietate
2107 989 2584 1059 opprimerentur,
2638 1001 2736 1041 eos
2787 986 3108 1040 animalium
3162 988 3377 1045 ratione

1791 1083 2093 1136 carentium
2128 1080 2304 1135 forma
2349 1087 2522 1135 tectos
2560 1078 2864 1149 periculum
2907 1080 3233 1145 declinasse,
3279 1095 3371 1136 eo-

1793 1189 2025 1243 rumque
2075 1182 2324 1234 naturas,
2381 1185 2616 1241 quorum
2675 1170 2910 1225 mutuati
2967 1171 3381 1227 similitudinem

1792 1267 2031 1330 fuerant,
2075 1274 2133 1319 ut
2166 1264 2405 1332 aliquam
2443 1264 2514 1319 ob
2544 1273 2781 1332 accepta:
2826 1264 3019 1318 salutis
3053 1265 3381 1319 beneficium

1791 1361 2022 1431 gratiam
2068 1358 2355 1420 referrent,
2403 1371 2773 1412 consecrasse.
2821 1358 2925 1410 Alii
2966 1372 3095 1413 vero
3144 1357 3224 1414 sic
3263 1358 3385 1414 exi-

1792 1452 2042 1517 stimant,
2102 1450 2249 1520 quod
2302 1451 2359 1503 in
2415 1450 2809 1506 certaminibus
2852 1452 3141 1505 adversum
3195 1451 3383 1508 hostes

1792 1544 1964 1610 initis,
2009 1559 2198 1599 earum
2247 1541 2632 1606 animantium,
2676 1557 2816 1612 quas
2866 1542 2969 1612 ipsi
3031 1559 3178 1598 nunc
3219 1559 3384 1600 venor.

1793 1645 2006 1701 rantur,
2038 1646 2155 1689 arte
2180 1634 2491 1689 elaboratas
2533 1632 2822 1703 imagines,
2867 1634 3101 1689 summis
3153 1634 3208 1688 in
3240 1634 3387 1707 capi-

98 1747 323 1803 καὶτῶν
354 1748 534 1802 ἄλλων
566 1748 669 1799 οὐκ
708 1745 947 1815 ὀλίγους,
966 1743 1361 1816 καθιερωκέναι
1399 1742 1541 1796 κατὰ
1586 1760 1598 1776 ε

1878 1740 1940 1780 us
1987 1724 2262 1783 exercitus
2308 1724 2476 1778 duces
2518 1737 2584 1777 ac
2636 1722 2933 1793 principes,
2974 1723 3055 1779 sic
3114 1733 3378 1795 tanquam

97 1842 332 1905 τελετὲς,
365 1839 446 1903 ὡς
473 1839 648 1891 αἴτιον
680 1837 778 1907 τῆς
812 1835 922 1889 τῶν
954 1835 1106 1901 ζώων
1131 1835 1416 1904 γενέσεως.
1457 1834 1596 1898 Τούς
1623 1851 1686 1887 τε

99 1936 255 2006 ἱερεῖς
299 1932 435 1995 τοὺς
479 1929 898 2002 παραλαϐόντας
940 1929 1035 1992 τὰς
1064 1927 1337 1999 πατρικάς
1386 1927 1687 1999 ἱερωσύνας

98 2026 210 2080 κατ’
229 2023 539 2093 Αἴγυπτον,
562 2022 737 2092 τούτῳ
762 2020 841 2091 τῷ
867 2020 973 2091 θεῷ
1009 2018 1282 2091 μυεῖσθαι·
1313 2017 1551 2081 καὶτοὺς
1574 2016 1689 2072 Πᾶ-

93 2133 185 2179 νας
219 2116 304 2179 δὲ,
345 2114 445 2168 καὶ
496 2115 627 2176 τοὺς
671 2111 951 2182 Σατύρους
992 2110 1153 2180 φασὶν
1190 2110 1354 2162 ἓνεκα
1383 2108 1484 2179 τῆς
1517 2107 1689 2178 αὐτῆς

90 2208 263 2271 αίτίας
292 2204 572 2276 τιμᾶσθαι
613 2203 765 2275 παρὰ
810 2200 1135 2274 ἀνθρώποις.
1169 2200 1258 2253 Διδ
1288 2199 1382 2254 καὶ
1417 2199 1517 2263 τὰς
1543 2199 1688 2253 εἰκό-

88 2317 183 2363 νας
222 2300 415 2353 αὑντῶν
442 2298 760 2352 ἀνατιθέναι
799 2297 925 2359 τοὺς
953 2294 1236 2356 πλείστους
1270 2295 1329 2347 ὲν
1368 2294 1481 2356 τοῖς
1525 2293 1689 2364 ἱεροῖς

87 2392 464 2462 ἐντεταμένας
490 2433 504 2454 ,
548 2391 646 2444 καὶ
687 2392 753 2460 τῇ
790 2388 885 2441 τοῦ
926 2387 1127 2459 τράγου
1183 2386 1344 2455 φύσει
1399 2383 1692 2457 παραπλη-

88 2485 228 2547 σίως·
260 2484 328 2537 τὸ
359 2483 476 2555 γὰρ
499 2483 638 2547 ζῶον
666 2480 828 2535 τοῦτο
858 2477 1243 2552 παραδίδοσθαι
1273 2476 1410 2546 πρὸς
1436 2476 1537 2538 τὰς
1568 2492 1691 2529 συν-

81 2578 269 2642 ουσίας
304 2577 587 2648 ὑπάρχειν
632 2575 1003 2646 ἐνεργότατον.
1042 2573 1181 2636 Τοὺς
1217 2571 1275 2624 δὲ
1299 2570 1531 2643 ταύρους
1562 2570 1689 2633 τοὺς

80 2676 406 2747 ίεροίις,τὺν
431 2671 597 2726 Ἆπιν
617 2672 713 2726 καὶ
743 2672 835 2725 τὸν
867 2672 1070 2725 Μνεῦιν
1098 2669 1361 2741 τιμᾶσθαι
1394 2665 1689 2737 παραπλη-

80 2769 212 2831 σίως
251 2770 366 2830 τοῖς
389 2765 559 2829 θεοῖς,
597 2764 713 2835 ἅμα
748 2764 847 2834 μὲν
876 2762 963 2817 διὰ
1009 2762 1108 2833 τὴν
1152 2760 1447 2833 γεωργίαν,
1473 2758 1589 2829 ἅμα
1631 2756 1691 2811 δὲ

77 2860 175 2913 καὶ
210 2858 308 2911 διὰ
352 2858 419 2911 τὸ
466 2856 570 2927 τὴν
620 2855 839 2927 εθρεσιν
882 2855 989 2908 τῶν
1020 2852 1248 2925 καρπῶν
1288 2852 1470 2913 αὐτοῖς
1503 2850 1689 2902 ἀνατι-

78 2949 253 3003 θέναι.
284 2950 433 3013 Τοὺς
473 2949 535 3001 δὲ
578 2946 777 3010 λύκους
820 2945 1103 3016 τιμᾶσθαι,
1143 2943 1230 2996 διὰ
1264 2942 1362 3014 τὴν
1390 2939 1527 3013 πρὸς
1562 2941 1689 3003 τοὺς

78 3045 253 3109 κύνας
278 3044 388 3115 τῆς
424 3042 649 3112 φύσεως
704 3039 1015 3111 ὁμοιότητα,
1061 3036 1156 3089 καὶ
1190 3035 1313 3087 ἐπεὶ
1355 3033 1417 3086 τὸ
1459 3029 1686 3086 παλαιόν
1713 3049 1757 3107 C

78 3154 232 3207 ιρασι,
270 3136 377 3205 τῆς
415 3133 619 3195 Ἴσιδος
665 3129 805 3202 μετὰ
842 3128 937 3182 τοῦ
967 3127 1155 3190 παιδὸς
1187 3127 1351 3197 Ὥρου
1393 3122 1692 3196 μελλούσης

75 3224 510 3296 διαγωνίζεσθαι
567 3222 705 3294 πρὸς
751 3219 1005 3289 Τυφῶνα,
1057 3215 1460 3289 παραγενέσθαι
1501 3212 1693 3284 βοηθὸν

81 3319 136 3385 ἐξ
166 3319 297 3389 ᾅδου
330 3317 430 3371 τὸν
468 3316 690 3385 Ὄσιριν
722 3312 801 3382 τῷ
840 3311 1013 3381 τέκνῳ
1045 3311 1138 3362 καὶ
1165 3310 1231 3379 τῇ
1263 3306 1503 3375 γυναικὶ,
1537 3305 1688 3375 λύκῳ

78 3410 177 3479 τὴν
198 3410 329 3480 ὅφιν
368 3404 740 3478 ὁμοιωθέντα.
796 3404 1011 3473 ’Έτεροι
1037 3400 1092 3453 δὲ
1133 3400 1387 3467 λέγουσιν
1428 3395 1693 3459 Αἰθίοπας

84 3497 537 3568 στρατεύσαντας
566 3494 658 3548 ἐπὶ
700 3494 799 3565 τὴν
841 3492 1137 3561 Αἴγυπτον,
1179 3489 1285 3543 ὑπὸ
1329 3486 1565 3558 πλήθους
1597 3485 1693 3538 λύ-

82 3606 186 3642 κων
222 3588 559 3659 διωχθῆναι·
603 3587 686 3639 διὸ
733 3585 830 3640 καὶ
871 3582 1241 3653 Λυκοπολίτην
1286 3578 1551 3650 κληθῆναι
1592 3578 1692 3648 τὴν

85 3680 272 3752 χώραν.
309 3682 429 3733 Τὸν
459 3679 524 3732 δὲ
555 3676 896 3751 κροκόδειλον
928 3673 1181 3728 σέϐεσθαί
1226 3689 1380 3742 φασι,
1411 3669 1501 3723 διὰ
1526 3669 1585 3722 τὸ
1617 3669 1692 3740 μὴ

81 3774 269 3844 τολμᾷν
298 3769 680 3842 διανήχεσθαι
709 3767 803 3822 τὸν
843 3768 1035 3821 Νεῖλον
1075 3768 1201 3829 τοὺς
1236 3765 1345 3818 ἀπὸ
1385 3764 1483 3834 τῆς
1534 3762 1695 3834 Ἀρα-

86 3864 199 3928 ϐίας
235 3867 334 3920 καὶ
383 3863 611 3933 Λιὸύης
664 3859 889 3933 λῃστὰς,
946 3860 1055 3913 τῶν
1105 3856 1465 3930 κροκοδείλων
1507 3853 1688 3924 χάριν.

86 3956 211 4009 Φασὶ
233 3957 289 4010 δέ
329 3971 470 4010 τινα
519 3952 632 4005 τῶν
678 3951 810 4023 παρ’
850 3951 1032 4013 αὐτοῖς
1067 3948 1332 4019 βασιλέων
1362 3946 1693 4013 διωκόμενον

92 4048 311 4102 ini:th
354 4047 523 4101 ἰδίων
568 4043 769 4108 κυνῶν,
820 4038 1153 4111 καταφυγεῖν
1203 4043 1284 4104 εἰς
1328 4038 1427 4110 τὴν
1473 4036 1689 4108 λίμνην,

93 4138 266 4192 ἔπιτε.
295 4138 417 4192 ὑπὸ
439 4135 798 4206 κροκοδείλου
828 4133 1207 4204 ἀναληφθέντα
1238 4128 1578 4200 παραδόξως,
1611 4128 1692 4190 εἰς

92 4227 151 4282 σὺ
176 4228 346 4299 ἠραν
373 4224 784 4295 ἀπενεχθῆναι.
822 4223 1008 4286 Δίτίας
1035 4222 1093 4275 δὲ
1123 4220 1219 4276 καὶ
1250 4218 1415 4283 ἄλλας
1445 4217 1580 4288 φασί
1617 4232 1695 4271 τι·

94 4336 173 4384 int;
194 4322 287 4391 τῆς
320 4321 445 4376 τῶν
490 4318 711 4385 ἀλόγων
740 4313 896 4382 ζώων
929 4314 1113 4386 τιμῆς.
1162 4310 1269 4365 Τοῦ
1303 4311 1413 4381 γὰρ
1452 4307 1693 4381 πλήθους

1791 1815 2003 1884 imperii
2029 1815 2425 1869 monimentum
2456 1812 2674 1883 aliquod
2702 1821 2754 1869 et
2794 1812 3029 1883 insigne,
3052 1822 3379 1884 gestassent,

1788 1907 1961 1978 partis
2004 1906 2355 1976 postmodum
2401 1905 2674 1973 victoriis,
2711 1905 2833 1961 illas
2869 1904 2938 1960 ab
2972 1905 3188 1971 iisdem,
3217 1911 3379 1974 quasi

1788 1996 2073 2051 victoriam
2113 1995 2471 2066 peperissent,
2504 1994 2728 2050 deorum
2765 1994 2821 2048 in
2847 2008 3135 2049 numerum
3180 1994 3380 2051 relatas

1789 2086 1980 2143 fuisse.
2017 2086 2303 2143 Postremo
2344 2094 2494 2152 sunt,
2528 2087 2619 2156 qui
2651 2086 2873 2141 tertiam
2899 2086 3080 2142 cultus
3107 2086 3378 2155 ejusmodi

1788 2194 2012 2235 causam
2052 2180 2351 2246 proferant,
2402 2178 2692 2233 utilitatem
2744 2192 2889 2244 eam,
2941 2192 3107 2248 quam
3154 2192 3222 2233 ex
3271 2179 3379 2235 hoc

1790 2270 2152 2335 animantium
2218 2284 2416 2339 genere
2465 2271 2825 2339 perciperent.
2887 2268 3134 2340 Quippe,
3180 2251 3411 2339 bovem.

1789 2364 1932 2419 enim
1958 2362 2218 2417 feminam
2248 2377 2357 2415 non
2389 2375 2581 2431 parere
2623 2361 2808 2425 modo,
2839 2354 2934 2416 sed
2972 2361 3137 2415 etiam
3182 2374 3377 2430 arare;

1791 2456 1860 2510 ab
1898 2455 2092 2511 ovibus
2119 2463 2300 2509 autem
2337 2454 2499 2520 fctus,
2533 2463 2732 2519 vestes,
2783 2452 2959 2521 lactis,
2994 2452 3251 2523 caseique
3279 2452 3382 2509 ali-

1790 2558 2035 2603 mentum
2063 2548 2431 2617 suppeditari;
2472 2562 2661 2602 canem
2705 2546 2828 2602 usui
2855 2561 2981 2602 cum
3018 2548 3087 2602 ad
3131 2547 3380 2603 venatio-

1792 2654 1943 2703 nem,
1968 2647 2082 2691 tum
2119 2637 2187 2691 ad
2231 2636 2535 2691 custodiam
2575 2635 2891 2691 hominibus
2923 2650 3275 2706 esse;quam
3307 2638 3379 2692 ob

1791 2745 2036 2795 causam,
2065 2729 2228 2783 deum
2270 2728 2443 2791 illum,
2476 2742 2637 2796 quem
2669 2727 2908 2781 Anubim
2936 2729 3243 2792 nominant,
3281 2744 3378 2784 ca-

1792 2824 1924 2875 nino
1949 2838 2069 2877 esse
2102 2820 2297 2889 capite,
2354 2827 2409 2873 ut
2449 2835 2572 2873 eum
2619 2817 2851 2874 Osiridis
2903 2828 2958 2875 et
2996 2819 3154 2875 lsidis
3182 2830 3381 2891 pratto-

1792 2918 2006 2970 rianum
2049 2913 2222 2969 fuiSse
2273 2913 2502 2968 militem
2544 2912 2872 2983 signiﬁcent,
2915 2929 3231 2983 quanquam
3265 2931 3377 2969 non

1790 3006 2010 3072 desunt,
2041 3005 2132 3076 qui
2163 3005 2349 3071 velint,
2376 3004 2568 3060 Isidem
2596 3019 2707 3075 quo
2731 3015 2973 3074 tempore
2996 3003 3183 3061 Osirin
3228 3023 3381 3078 quae-

1792 3106 1956 3163 reret,
1987 3106 2290 3167 prteeuntes
2318 3111 2504 3151 secum
2552 3096 2774 3151 duxisse
2809 3112 2993 3163 canes,
3020 3100 3113 3167 qui
3146 3097 3292 3154 feras
3323 3108 3381 3155 et

1790 3190 2014 3245 obvium
2059 3204 2332 3259 quemque
2367 3196 2795 3244 summoverent.
2836 3188 3009 3244 Porro
3051 3189 3210 3245 felem
3246 3192 3373 3260 qui-

1791 3281 1913 3336 dem
1946 3282 2234 3336 adversum
2269 3280 2492 3349 aspidas
2517 3282 2865 3351 reliquosque
2916 3292 3220 3351 serpentes,
3277 3285 3374 3355 qui

1792 3388 1980 3428 morsu
2016 3387 2283 3427 venenum
2310 3371 2620 3435 infundunt,
2648 3371 2929 3440 perutilem
2954 3386 3105 3427 esse:
3143 3372 3376 3428 ichneu-

1791 3480 2010 3520 monem
2040 3472 2222 3519 autem
2250 3478 2358 3517 non
2404 3464 2565 3516 modo
2600 3463 3003 3517 crocodilorum
3043 3478 3142 3519 ova
3190 3473 3378 3519 conte-

1791 3571 1930 3624 rere,
1959 3555 2054 3611 sed
2096 3555 2262 3610 etiam
2300 3555 2604 3610 crocodilos
2635 3554 2784 3623 ipsos
2819 3554 3187 3624 exstinguere,
3228 3556 3375 3624 quod

1793 3649 1847 3704 in
1884 3663 2044 3704 coeno
2067 3657 2194 3702 ante
2223 3632 2521 3712 volutatus,
2568 3645 2840 3700 inhiantia
2870 3648 3114 3715 ipsorum
3162 3662 3256 3701 ora
3288 3648 3374 3701 in-

1792 3740 1956 3805 siliat,
1988 3754 2218 3809 quaeque
2264 3746 2453 3793 ventre
2494 3737 2843 3793 continentur
2881 3738 3137 3792 intestina
3188 3754 3376 3794 corro-

1791 3835 1903 3889 dat.
1937 3833 2016 3887 Ex
2051 3834 2243 3889 avibus
2277 3834 2465 3899 etiam,
2518 3832 2812 3902 plurimum
2867 3831 2979 3885 ibin
3028 3841 3219 3886 contra
3254 3848 3374 3888 ser-

1791 3934 2005 3996 pentes,
2039 3925 2276 3980 locustas
2300 3932 2354 3978 et
2374 3937 2569 3978 erucas
2603 3923 2724 3991 opis
2765 3921 3060 3990 auxiliique
3087 3920 3371 3988 conferre;

1791 4033 1892 4073 nec
1922 4017 2103 4071 minus
2144 4014 2457 4084 accipitrem
2489 4020 2678 4069 contra
2704 4012 3021 4082 scorpiones
3044 4027 3111 4067 ac
3134 4020 3377 4068 cerastas

1791 4110 2177 4178 minorumque
2210 4106 2508 4162 bestiarum
2533 4105 2749 4176 vulgus,
2779 4119 2902 4175 quae
2940 4118 3127 4159 morsu
3166 4112 3373 4173 pestem

1789 4211 1846 4260 et
1871 4202 2148 4257 interitum
2182 4199 2437 4265 amarunt,
2468 4214 2592 4254 cum
2629 4198 2805 4254 eidem
2834 4204 3095 4267 praterea
3138 4197 3375 4252 multum

1792 4296 1847 4351 in
1882 4294 2130 4364 auguriis
2169 4292 2708 4362 divinationibusque
2754 4289 3063 4354 tribuatur;
3132 4287 3374 4359 aquilam

92 4377 408 4467 g-ﬂimby
438 4377 824 4479 ἀφισταμένου
854 4405 965 4460 τῶν
986 4377 1284 4477 θάσιλέων,
1316 4377 1412 4457 καλ.
1447 4377 1592 4472 συμφ

1874 4386 2048 4455 nique,
2074 4383 2220 4455 quod
2244 4384 2451 4453 regium
2497 4381 2701 4451 aliquid
2733 4395 2847 4451 prae
2868 4395 2928 4435 se
2952 4377 3114 4444 ferat,
3140 4391 3374 4432 venera-

96 4506 294 4570 ntium;
318 4508 409 4568 el;
452 4503 522 4558 τὸ
556 4500 756 4573 μηκέτι
799 4497 1196 4571 βασιλεύεσθαι,
1241 4493 1522 4564 ἐπινοῆσαι
1567 4507 1690 4545 τινα

92 4594 310 4667 διάφορα
361 4591 703 4660 σεϐάσματα
743 4587 926 4650 αὐτοῖς
968 4584 1076 4638 τῶν
1131 4582 1285 4649 ζώων
1350 4579 1653 4652 παρασχεῖν
1670 4615 1687 4643 ,

93 4688 231 4752 ὃπως
272 4688 543 4742 ἑκάστων
579 4683 642 4736 τὸ
682 4680 783 4753 μὲν
829 4679 958 4749 παρ’
1011 4678 1199 4740 αὐτοῖς
1240 4673 1552 4745 τιμώμενον
1603 4688 1691 4725 σε-

90 4780 378 4850 εομὲκονδ
405 4777 510 4830 τοῦ
545 4776 603 4828 δὲ
638 4773 788 4845 παρὰ
813 4774 926 4835 τοῖς
953 4770 1132 4833 ἄλλοις
1175 4766 1553 4839 ἀφιερωμένου
1586 4780 1689 4820 κα-

88 4873 534 4943 ταφρονούντων,
575 4866 848 4938 μηδέποτε
877 4863 1169 4934 ὁμονοῆσαι
1200 4859 1463 4913 δύνωνται
1490 4856 1691 4921 πάντες

86 4968 137 5017 οἱ
162 4967 281 5018 κατ’
316 4966 628 5032 Αἴγυπτον.
672 4959 842 5011 Ὅταν
870 4957 927 5010 δὲ
960 4953 1205 5025 ἀποθάνῃ
1251 4970 1303 5005 τι
1330 4950 1438 5003 τῶν
1467 4948 1692 5021 εἰρημέ-

88 5077 197 5113 νων
220 5058 401 5123 ζώων,
448 5054 652 5108 σινδόνι
680 5050 1039 5120 καλύψαντες,
1073 5048 1169 5102 καὶ
1212 5047 1330 5119 μετ’
1356 5044 1601 5116 οἰμωγῆς
1620 5042 1691 5096 τὰ

92 5148 261 5221 στήθη
286 5144 806 5215 καταπληξάμενοι,
845 5143 904 5193 ὲν
939 5141 1110 5211 ἱεραῖς
1143 5137 1339 5210 θήκαις
1371 5135 1687 5189 θάπτουσιν.

96 5242 197 5306 Ὃς
222 5242 266 5295 δ’
291 5242 359 5295 ἄν
392 5256 452 5292 τι
484 5235 692 5291 τούτων
730 5234 839 5287 τῶν
886 5231 1038 5295 ζώων
1071 5229 1212 5284 ἑκὼν
1242 5226 1551 5299 διαφθείρῃ,
1593 5224 1688 5278 θα-

94 5337 237 5405 νάτῳ
287 5332 660 5406 περιπίπτει,
706 5327 847 5399 πλὴν
894 5327 989 5381 ἐὰν
1040 5326 1290 5394 αἴλουρον
1343 5321 1377 5392 ἢ
1436 5320 1534 5391 τὴν
1584 5317 1689 5372 ῐ6ιν

94 5428 415 5500 ἐπιτείνῃ.
444 5423 635 5477 Ταῦτα
687 5421 797 5492 γάρ
850 5420 945 5473 ὲάν
999 5434 1059 5471 τε
1110 5414 1273 5479 ἑκὼν,
1306 5413 1402 5467 ὲάν
1447 5429 1507 5466 τε
1540 5412 1690 5467 ἄκων

100 5520 390 5590 ἀπτείνῃ
439 5534 551 5581 τις,
601 5515 820 5577 πάντως
875 5511 1090 5581 θανάτῳ
1147 5507 1491 5581 περιπίπτει.
1529 5502 1691 5557 Ἀλλὰ

107 5612 228 5679 μὴν,
256 5612 352 5664 καὶ
384 5608 515 5664 καθ’
549 5609 616 5679 ἢν
643 5606 823 5661 οἰκίαν
854 5602 1052 5675 εὑρεθῇ
1087 5600 1235 5655 κύων
1266 5593 1686 5667 τετελευτηκὼς,

108 5698 360 5773 ξδρῦνται
411 5703 616 5766 πάντες
649 5699 769 5755 ὅλον
802 5698 863 5752 τὸ
898 5696 1073 5769 σῶμα,
1122 5694 1218 5748 καὶ
1249 5689 1525 5746 ποιοῦνται
1561 5689 1688 5743 πέν-

1793 4478 1928 4532 tioni
1968 4492 2111 4533 esse.
2157 4473 2301 4542 Jam,
2351 4473 2565 4528 hircum
2611 4473 2792 4542 ipsum
2840 4485 3060 4540 quoque
3110 4479 3374 4539 tanquam

1788 4570 1950 4624 deum
1991 4569 2060 4624 ab
2111 4567 2223 4623 illis
2263 4567 2510 4622 habitum
2566 4562 2758 4627 fuisse,
2791 4561 3148 4616 nihilominus
3207 4575 3372 4631 quam

1787 4661 2046 4731 Priapum
2078 4677 2110 4715 a
2140 4659 2366 4722 Graecis,
2397 4657 2467 4712 ob
2489 4654 2793 4712 membrum
2835 4650 3081 4722 corporis
3111 4650 3178 4706 ad
3213 4666 3376 4721 gene-

1790 4756 2057 4810 rationem
2085 4761 2492 4824 comparatum;
2523 4751 2723 4821 quippe
2742 4749 2846 4803 hoc
2875 4746 3171 4800 animantis
3198 4758 3375 4813 genus

1791 4848 1845 4902 in
1867 4845 2128 4902 Venerem
2155 4859 2389 4916 pronum
2423 4842 2716 4897 admodum
2764 4854 2888 4894 esse
2929 4847 3096 4907 atque
3140 4850 3376 4907 propen-

1789 4956 1911 4996 sum
1943 4956 1959 4995 :
1989 4938 2097 5009 50
2124 4938 2273 4991 illam
2306 4949 2438 4990 vero
2464 4942 2672 5003 partem
2704 4927 2972 4999 corporis,
3011 4927 3100 4982 cui
3145 4926 3374 4980 debetur

1790 5031 2108 5101 generatio,
2166 5026 2315 5099 quod
2362 5025 2711 5097 potissimum
2779 5020 3101 5076 animalium
3162 5026 3373 5074 naturae

1789 5122 2124 5194 principium
2161 5120 2257 5185 sit,
2294 5133 2405 5173 non
2444 5117 2563 5172 sine
2594 5115 2807 5169 ratione
2837 5112 2964 5167 coli.
3002 5110 3069 5166 Et
3093 5123 3225 5165 sane
3243 5122 3373 5179 par-

1791 5225 1898 5269 tem
1942 5214 2128 5274 istam,
2181 5211 2229 5265 si
2277 5209 2333 5264 in
2371 5209 2686 5262 universum
2739 5203 2889 5274 loqui
2924 5201 3119 5272 placet,
3155 5214 3265 5253 non
3300 5199 3370 5254 ab

1790 5303 2061 5376 Egyptiis
2098 5301 2282 5367 modo,
2318 5300 2414 5355 sed
2454 5299 2525 5354 ab
2549 5298 2673 5353 aliis
2711 5297 2873 5351 etiam
2901 5292 3172 5363 plerisque
3190 5305 3369 5362 genu-

1789 5402 1893 5453 bus
1929 5398 1984 5452 in
2028 5410 2314 5451 sacrorum
2349 5393 2538 5458 initiis,
2577 5399 2766 5461 utpote
2800 5401 3022 5443 causam
3060 5383 3368 5455 generatio-

1789 5492 1878 5547 nis
1908 5489 2273 5546 animantium
2305 5502 2428 5543 esse
2486 5490 2883 5547 consecratam,
2926 5479 3188 5548 ipsosque
3229 5477 3370 5534 adeo

1790 5583 2123 5647 sacerdotes,
2174 5580 2268 5651 qui
2328 5577 2564 5649 patrium
2620 5575 2674 5629 in
2724 5570 2958 5643 Egypto
2996 5568 3366 5626 sacerdotium

1790 5678 2137 5753 haereditario
2187 5674 2346 5746 quasi
2396 5672 2519 5744 jure
2566 5667 2861 5738 accipiant,
2916 5663 3161 5720 numinis
3203 5661 3369 5733 hujus
