3832 6216
477 250 579 306 105

1144 231 1416 291 uusssn
1451 226 1936 287 cmssnrsusrs
1974 226 2127 283 opp.
2160 227 2344 283 PARS
2376 229 2444 282 ιι.
2481 260 2551 269 -
2573 223 3077 288 APOLOGETICA.

3622 233 3723 291 104

474 357 746 431 mysteriis
783 354 1010 411 initiari.
1042 352 1185 421 Quin
1224 351 1389 407 etiam
1430 360 1483 405 et
1519 349 1696 404 Panas
1730 358 1785 404 et
1827 348 2043 422 Satyros

2149 347 2261 412 θος,
2318 345 2421 401 κᾶν
2472 342 2632 411 οἰνος,
2688 348 2720 420 ἢ
2772 351 2935 414 σῖτος,
2980 351 3015 421 ἧ
3064 367 3117 405 τι
3158 350 3267 404 τῶν
3312 350 3446 421 πρὸς
3484 351 3577 404 τὸν
3612 351 3721 422 βίον

473 452 628 507 aiunt
641 449 885 505 eamdem
902 447 972 502 ob
985 459 1206 503 causam
1236 444 1637 498 venerationem
1655 444 1726 498 ab
1742 441 2043 499 hominibus

2150 440 2461 509 ἀναγκαίων
2490 440 2627 511 τύχῃ
2655 440 2902 512 κείμενον
2943 441 3003 497 ἐν
3046 440 3125 514 τῷ
3165 443 3318 513 οἴκῳ,
3349 443 3451 497 οὐκ
3481 443 3561 496 ἔτι
3592 456 3724 516 χρη-

471 548 796 595 consecutos
828 551 1220 606 esse,quorum
1246 535 1538 589 simulacra
1560 533 1825 604 plerique,
1856 548 2052 604 magna

471 645 599 687 cum
625 631 902 685 hircorum
942 636 1133 682 natura
1167 626 1547 703 similitudine,
1578 626 1633 680 in
1662 626 1879 696 templis
1910 627 2053 680 arri-

473 724 652 792 gentia
681 720 1004 786 dedicarint,
1038 720 1184 789 quod
1219 719 1485 772 nimirum
1518 718 1623 772 hoc
1668 718 1869 772 animal
1909 719 2053 774 sala-

471 813 753 869 cissimum
782 812 1065 866 habeatur.
1108 808 1308 865 Sacros
1364 804 1554 865 tauros
1579 809 1718 879 Apin
1743 825 1808 866 ac
1831 809 2049 865 Mnevin

471 904 615 973 quod
650 902 862 968 attinet,
894 900 1107 957 divinos
1141 901 1276 970 ipsis
1308 899 1548 956 honores
1574 901 1821 968 concedi,
1850 903 2048 972 partim

471 996 614 1066 quod
639 993 860 1048 arandae
891 1002 1051 1047 terra;
1079 991 1340 1056 serviant,
1372 991 1569 1061 partim
1615 992 1761 1062 quod
1798 992 1865 1047 iis
1905 992 2052 1062 ipsa-

468 1102 588 1142 rum
613 1100 831 1155 quoque
862 1082 1078 1153 frugum
1121 1082 1365 1136 inventio
1391 1082 1675 1136 tribuatur.
1711 1081 1894 1151 Lupos
1918 1097 2050 1136 vero

470 1176 723 1230 similiter
747 1174 874 1239 coli,
902 1187 1012 1226 non
1042 1172 1205 1225 modo
1238 1181 1460 1240 propter
1484 1187 1628 1233 eam,
1653 1187 1816 1241 quam
1846 1172 2050 1227 habent

467 1282 594 1321 cum
640 1266 869 1321 canibus
920 1271 1131 1317 natura:
1187 1263 1526 1328 afﬁnitatem,
1575 1262 1670 1319 sed
1706 1264 1870 1318 etiam
1902 1264 2047 1335 quod

468 1357 620 1422 olim,
657 1356 931 1423 inquiunt,
983 1350 1125 1405 lside
1165 1365 1289 1404 cum
1333 1349 1443 1405 Oro
1476 1350 1589 1404 lilio
1627 1350 1890 1405 adversus
1938 1348 2048 1423 Ty-

467 1451 703 1520 phonem
734 1447 1077 1510 dimicatura,
1114 1444 1227 1499 filio
1271 1442 1437 1499 simul
1475 1450 1530 1496 et
1567 1442 1726 1497 uxori
1768 1444 2045 1513 suppetias

468 1544 537 1598 ab
566 1540 756 1595 inferis
787 1539 1059 1594 excitatus
1092 1546 1148 1592 et
1184 1536 1297 1605 lupi
1334 1535 1506 1590 forma
1542 1544 1719 1590 tectus
1744 1532 1919 1591 Osiris
1959 1544 2046 1589 tu-

2151 532 2347 587 σασθαι
2397 533 2580 596 αὐτοῖς
2625 532 2993 603 ὑπομείνειαν.
3029 533 3300 605 Τρέφουσι
3346 533 3405 586 δὲ
3433 533 3526 587 τὸν
3561 536 3721 588 ’Δπιν

2148 626 2206 677 ὲν
2238 623 2482 692 Μέμφει,
2516 620 2612 674 καὶ
2643 621 2733 676 τὸν
2767 622 2970 677 Μνεῦιν
3000 624 3059 674 ὲν
3092 621 3274 675 Ἠλίου
3301 622 3451 675 πόλει
3477 639 3490 653 ⁸
3514 624 3721 678 καὶτὸν

2143 713 2347 785 τράγον
2394 714 2451 765 ἐν
2500 712 2705 785 Μένδῃ,
2740 713 2836 766 καὶ
2865 713 2955 766 τὸν
2987 712 3323 785 κροκόδειλον
3355 716 3414 768 ὲν
3451 717 3516 786 τῇ
3548 716 3724 788 Μύρι-

2147 807 2234 871 δος
2265 807 2448 878 λίμνῃ,
2475 807 2569 858 καὶ
2606 806 2675 860 τὰ
2722 805 2884 859 λοιπά
2917 804 3080 878 θηρία
3108 809 3166 861 ὲν
3201 809 3363 880 ἱεροῖς
3396 808 3748 880 περιωλοις,

2147 895 2425 968 σεμίδαλιν
2468 895 2890 967 προσφέροντες,
2917 895 3209 968 ἣ·χόνδρον
3251 896 3469 966 ἕψοντες
3520 901 3579 952 ὲν
3623 900 3723 967 γά-

2146 986 2323 1053 λακτι,
2344 987 2439 1040 καὶ
2466 987 2732 1057 πέμματα
2762 987 3077 1041 παντοδαπὰ
3108 988 3285 1059 μέλιτι
3323 988 3604 1061 φύροντες,
3626 992 3721 1046 καὶ

2145 1078 2284 1148 κρέα
2308 1079 2518 1150 χήνεια,
2553 1078 2622 1132 τὰ
2674 1078 2773 1149 μὲν
2820 1079 3063 1149 ἕψοντες,
3091 1079 3159 1132 τά
3181 1080 3237 1133 δὲ
3270 1080 3558 1146 ὀπτῶντες.
3594 1082 3722 1147 Τοῖς

2142 1171 2203 1224 δὲ
2235 1170 2557 1241 ὠμοφάγοις
2585 1171 2753 1224 πολλὰ
2786 1171 2892 1224 τῶν
2935 1171 3138 1243 ὀρνέων
3174 1173 3597 1244 παραϐάλλουσι,
3627 1174 3724 1227 καὶ

2144 1260 2359 1333 θηλείας
2389 1262 2604 1332 ἑκάστῳ
2636 1262 2742 1316 τῶν
2776 1261 2928 1328 ζώων
2961 1262 3061 1328 τὰς
3094 1264 3468 1329 εὐειδεστάτας
3502 1265 3726 1336 συντρέ-

2143 1372 2353 1424 φουσιν,
2386 1354 2453 1418 ἃς
2500 1354 2832 1419 παλλακίδας
2884 1357 3573 1428 προσαγορεύουσιν.”οταν
3603 1356 3661 1413 δὲ
3694 1363 3727 1414 ό

2144 1448 2309 1511 "Am;
2360 1447 2687 1519 τελευτήσας
2740 1449 2883 1518 ταφῇ
2942 1448 3408 1519 μεγαλοπρεπῶς,
3466 1448 3727 1520 ζητοῦσιν

2139 1537 2326 1609 ἕτερον
2372 1539 2590 1608 ὅμοιονο
2628 1541 2756 1592 ὅταν
2801 1538 2858 1592 δὲ
2903 1538 3124 1611 εὑρεθῇ,
3152 1540 3222 1593 τὰ
3256 1540 3353 1610 μὲν
3400 1539 3575 1612 πλήθη
3622 1540 3724 1594 τοῦ

467 1635 639 1690 lisset.
688 1634 1009 1701 Quanquam
1055 1630 1149 1685 alii
1198 1629 1423 1684 tradunt
1463 1626 1776 1698 Aﬁthiopes,
1814 1642 1940 1682 cum
1984 1628 2041 1683 in

2144 1628 2293 1694 δέους
2335 1629 2659 1685 ἀπολύονται
2691 1629 2786 1682 καὶ
2818 1628 2913 1682 τοῦ
2949 1629 3176 1693 πένθους
3196 1646 3210 1659 ο
3245 1631 3436 1699 ἄγεται
3470 1630 3527 1683 δὲ
3559 1633 3587 1686 ό
3624 1632 3729 1703 μό-

470 1725 761 1797 Ᾱῧεγριυιῐι
809 1722 1227 1787 incubuissent,
1284 1736 1316 1775 a
1368 1721 1623 1790 luporum
1695 1718 2043 1775 multitudine

2144 1738 2268 1793 σχος
2314 1721 2531 1792 πρῶτον
2579 1724 2659 1784 εἰς
2708 1721 2904 1775 Νείλου
2954 1720 3126 1774 πόλιν.
3157 1720 3267 1775 Καὶ
3307 1720 3428 1774 τότε
3474 1721 3637 1792 μόνον
3669 1725 3729 1777 αἱ

480 1818 718 1887 pessime
742 1823 968 1870 vexatos
995 1823 1049 1869 et
1077 1815 1133 1867 in
1163 1812 1347 1884 fugam
1372 1822 1526 1867 actos
1567 1811 1758 1878 fuisse,
1803 1811 1856 1865 id
1895 1810 2044 1880 quod

467 1911 632 1965 etiam
675 1909 730 1963 in
788 1921 955 1963 causa
1004 1905 1191 1971 fuerit,
1236 1921 1335 1961 cur
1377 1920 1441 1959 ea
1488 1904 1636 1975 regio
1660 1902 2044 1975 Lycopolitana

467 2003 756 2057 diceretur.
805 1997 1219 2054 Crocodilorum
1275 1994 1681 2050 venerationem
1740 1994 2045 2048 institutam

465 2108 609 2160 esse,
644 2091 792 2163 quod
823 2105 1011 2145 eorum
1057 2098 1206 2144 metu
1249 2086 1464 2141 Arabiae
1490 2085 1780 2157 Libyaeque
1806 2086 2046 2140 latrones

465 2182 649 2238 Nilum
679 2178 1049 2236 transmittere
1076 2194 1186 2234 non
1226 2177 1461 2232 audeant
1488 2194 1502 2230 :
1546 2185 1601 2231 et
1629 2191 1799 2231 unum
1826 2176 2043 2245 quidem

469 2275 585 2331 suis
614 2288 645 2329 e
671 2273 910 2344 regibus,
954 2276 1014 2325 ut
1043 2285 1242 2325 canum
1291 2284 1519 2324 suorum
1555 2268 1818 2338 impetum
1848 2281 1914 2322 ac
1951 2276 2043 2322 ra-

468 2368 612 2421 biem
640 2363 919 2435 effugeret,
950 2378 1075 2417 cum
1104 2363 1158 2416 in
1181 2361 1433 2432 paludem
1462 2358 1822 2429 confugisset,
1861 2373 1893 2413 a
1921 2372 2046 2413 cro-

469 2459 648 2515 codilo
676 2459 915 2528 quodam
950 2465 1148 2527 praeter
1175 2453 1639 2524 exspectationem
1664 2449 1858 2506 leniter
1879 2464 2042 2505 exce-

467 2558 645 2623 ptum,
693 2559 857 2620 atque
918 2551 971 2605 in
1040 2548 1354 2602 ulteriorem
1426 2547 1603 2616 ripam
1676 2552 2043 2599 transvectum

466 2643 659 2698 fuisse.
708 2640 805 2697 llis
840 2641 974 2695 alias
1002 2654 1221 2711 quoque
1264 2640 1551 2693 brutorum
1581 2635 1901 2691 animalium
1926 2634 2041 2691 cul-

465 2743 557 2790 tus
590 2738 832 2789 rationes
879 2732 1160 2803 adjiciunt.
1211 2728 1503 2784 Enimvero
1530 2766 1545 2793 ,
1582 2737 1709 2783 cum
1748 2743 1779 2782 a
1824 2727 2044 2798 regibus

466 2827 595 2881 olim
620 2825 913 2880 multitudo
942 2823 1252 2892 defecisset,
1285 2822 1509 2892 jamque
1546 2821 1615 2875 de
1648 2819 1888 2875 tollendo
1919 2817 2044 2872 fun-

465 2919 615 2973 ditus
648 2917 801 2988 regio
826 2916 1115 2971 dominatu
1157 2912 1563 2983 conspiratione
1586 2910 1728 2966 facta
1759 2910 2041 2981 cogitaret,

467 3012 522 3065 id
553 3010 622 3065 ab
649 3010 834 3079 aliquo
857 3008 1088 3062 solerter
1114 3005 1419 3071 inventum,
1471 3004 1551 3059 uti
1604 3005 1785 3058 varios
1817 3002 1926 3057 illis
1975 3016 2040 3057 ac

466 3103 840 3171 discrepantes
865 3098 1218 3153 colendorum
1239 3096 1600 3150 animantium
1621 3095 1761 3150 ritus
1783 3094 2039 3159 traderet,

466 3202 529 3247 ut
553 3208 676 3248 cum
709 3191 941 3263 singulis
978 3205 1110 3246 suos
1144 3189 1348 3259 quique
1385 3187 1690 3242 animantes
1715 3194 1771 3241 et
1793 3186 2043 3257 religiose

466 3287 727 3349 colerent,
769 3294 823 3338 et
860 3292 1209 3339 consecratos
1246 3282 1314 3337 ab
1344 3282 1464 3337 aliis
1494 3281 1862 3350 repudiarent,
1902 3295 2043 3333 nun-

465 3392 631 3450 quam
673 3376 943 3432 universaa
990 3375 1155 3430 tutius
1195 3374 1412 3446 Aﬁgypti
1448 3372 1784 3444 praefecturae
1824 3373 1878 3426 in
1915 3387 2040 3425 mu-

468 3477 616 3521 tuam
639 3465 993 3520 consiliorum
1018 3464 1464 3534 voluntatumque
1488 3463 1801 3517 societatem
1827 3470 1883 3515 et
1911 3477 2043 3516 con-

463 3557 801 3628 junctionem
821 3557 1007 3611 venire
1033 3563 1280 3625 possent.
1303 3552 1447 3620 Jam,
1467 3555 1559 3609 ubi
1583 3554 1899 3608 animalium
1916 3555 2044 3609 isto-

468 3667 588 3706 rum
606 3649 824 3721 aliquod
840 3650 1162 3704 exstinctum
1180 3656 1279 3713 est,
1305 3648 1478 3717 ipsum
1504 3648 1668 3702 linteo
1684 3656 1927 3718 opertum
1952 3663 2012 3702 sa
2026 3676 2042 3687 τ

468 3743 650 3798 crisin
670 3736 843 3797 thecis
861 3756 987 3797 cum
1007 3740 1205 3810 ingenti
1228 3740 1375 3795 luctu
1402 3739 1729 3809 planctuque
1749 3739 2040 3809 sepeliunt.

470 3833 573 3905 51
606 3832 762 3902 Quod
801 3833 848 3888 si
872 3831 997 3903 quis
1047 3845 1238 3886 eorum
1263 3829 1557 3900 quodpiam
1581 3843 1773 3899 sponte
1805 3831 2041 3902 dataque

472 3938 640 3995 opera
675 3921 957 3987 occiderit,
987 3930 1163 3976 morte
1183 3921 1495 3976 damnatur.
1530 3918 1712 3975 Felem
1739 3930 1920 3976 autem
1950 3921 2039 3977 vel

471 4017 585 4073 ibin
622 4016 873 4087 quisquis
929 4015 1045 4070 sive
1092 4014 1350 4084 prudens,
1377 4014 1492 4069 sive
1538 4013 1852 4083 imprudens
1893 4028 2042 4084 pere-

472 4109 654 4174 merit,
685 4108 832 4164 circa
864 4107 1081 4163 veniam
1113 4120 1330 4160 omnem
1348 4104 1543 4175 capitis
1573 4105 2036 4175 suppliciumluit.

470 4200 756 4266 Praeterea,
784 4214 1130 4270 quacumque
1157 4199 1212 4252 in
1250 4198 1413 4254 domo
1443 4198 1745 4254 exstinctus
1777 4198 1928 4253 canis
1956 4213 2041 4252 re-

470 4304 660 4365 pertus
717 4292 899 4356 fuerit,
953 4306 1155 4362 corpus
1182 4298 1357 4346 totum
1390 4290 1457 4345 ad
1520 4299 1700 4344 cutem
1731 4304 1904 4360 usque
1953 4305 2041 4344 ra-

2141 1814 2397 1880 γυναῖκες
2421 1811 2581 1865 αὐτὸν
2608 1810 2775 1883 ὁρῶσι
2808 1811 2950 1865 κατὰ
2983 1811 3272 1882 πρόσωπον
3297 1811 3601 1883 ἱστάμεναι,
3628 1814 3732 1868 καὶ

2141 1902 2474 1956 δεικνύουσιν
2500 1902 2906 1975 ἀνασυράμεναι
2937 1902 3005 1957 τά
3046 1902 3254 1956 ἑαυτῶν
3290 1903 3581 1974 γεννητικὰ
3628 1906 3734 1977 μό·

2145 2012 2257 2069 ρια.
2301 1995 2404 2048 Τὸν
2451 1994 2508 2048 δὲ
2562 1994 2747 2067 ἕτερον
2801 1995 2991 2066 χρόνον
3044 1994 3278 2061 ἅπαντα,
3336 1996 3732 2068 κεκωλυμένον

2143 2089 2288 2141 ἐστὶν
2332 2088 2412 2150 εἰς
2450 2086 2572 2157 ὄψιν
2605 2087 2777 2152 αὐτὰς
2809 2086 3065 2159 ἔρχεσθαι
3098 2087 3273 2159 τούτῳ
3303 2087 3381 2160 τῷ
3420 2088 3548 2160 θεῷ.
3581 2089 3735 2144 Φασὶ

2140 2185 2199 2239 δὲ
2231 2184 2330 2257 τὴν
2358 2184 2453 2239 τοῦ
2501 2184 2765 2256 Ὀσίριδος
2802 2183 2979 2255 ψυχὴν
3018 2185 3097 2247 εἰς
3120 2183 3309 2238 τοῦτον
3341 2184 3478 2255 μετὰ
3506 2185 3607 2257 τὴν
3635 2202 3734 2238 τε·

2140 2278 2333 2351 λευτὴν
2370 2277 2720 2349 μεταστῆναι.
2758 2276 2994 2349 Τοιαύτη
3021 2277 3116 2330 καὶ
3147 2278 3181 2348 ἡ
3206 2276 3515 2344 Αἰγυπτίων
3546 2277 3735 2349 ἀσχή-

2145 2389 2262 2444 μων
2294 2370 2522 2442 ἀθεότης
2558 2370 2757 2442 μᾶλλον
2789 2369 2823 2441 ἢ
2854 2369 3119 2438 θεολογία,
3154 2371 3291 2440 πρὸς
3314 2371 3381 2443 ἢν
3416 2368 3510 2422 καὶ
3540 2368 3602 2421 τὸ
3638 2372 3736 2422 ἐνε-

2144 2461 2392 2517 ίστασθαι
2409 2457 2766 2533 αἰσχρόνῘἬς
2789 2461 2883 2515 καὶ
2898 2460 3122 2525 εἰκότως
3144 2462 3580 2523 καταπτύσαντες
3600 2462 3737 2515 ἀνε-

2140 2552 2493 2623 χωρήσαμεν,
2526 2551 2792 2624 λύτρωσιν
2836 2553 2928 2605 καὶ
2963 2550 3273 2624 ἐλευθερίαν
3305 2553 3413 2607 τῶν
3445 2551 3734 2607 τοσούτων

2140 2643 2325 2697 κακῶν
2354 2642 2650 2715 οὐδετέρως
2683 2642 2994 2714 εὑράμενοι,
3031 2643 3064 2715 ἢ
3099 2643 3185 2698 διὰ
3220 2632 3387 2716 μόνης
3415 2644 3511 2715 τῆς
3545 2660 3738 2716 σωτηο

2143 2736 2259 2810 ρίου
2282 2737 2376 2790 καὶ
2403 2736 2763 2807 εὐαγγελικῆς
2793 2735 3162 2799 διδασκαλίας,
3190 2736 3288 2807 τῆς
3336 2735 3432 2799 τὰς
3480 2734 3737 2800 διανοίας

2140 2827 2362 2896 τυφλοῖς
2402 2828 2500 2897 τὴν
2533 2827 2824 2897 ἀνάϐλεψιν
2869 2827 3386 2900 εὐαγγελισαμένης.
3416 2826 3641 2881 Τούτων
3677 2827 3738 2882 δὲ

2141 2917 2321 2973 αὐτῶν
2357 2915 2456 2980 τὰς
2501 2919 2830 2990 σεμνοτέρας
2876 2917 2940 2990 δὴ
2985 2917 3214 2989 θεωρίας
3246 2935 3303 2971 τε
3350 2919 3444 2971 καὶ
3475 2919 3740 2987 φυσιολο·

2143 3009 2286 3079 γίας,
2311 3008 2504 3083 μικρὸν
2533 3010 2756 3081 ὕστερον
2784 3010 3214 3080 ἐπισκεψόμεθα,
3237 3010 3373 3064 ὲπάν
3396 3011 3488 3065 καὶ
3510 3011 3578 3065 τὰ
3604 3009 3744 3065 Ἐλ⁴

2146 3099 2339 3170 ληνικά
2365 3098 2725 3170 διαλάϐωμεν.
2758 3097 2913 3152 Οὕτω
2945 3099 3078 3171 δῆτα
3110 3100 3313 3170 ἀναμὶξ
3345 3099 3742 3171 Αἰγυπτιακῆς

2144 3188 2280 3259 ὁμοῦ
2314 3190 2409 3243 καὶ
2446 3189 2759 3260 Φοινικικῆς
2791 3188 3202 3262 συνδραμούσης
3252 3189 3596 3261 μυθολογίας,
3641 3207 3751 3243 κε-

2147 3280 2419 3351 κράτηκεν
2449 3280 2672 3344 εἰκότως
2704 3279 2854 3352 παρά
2896 3283 3007 3345 τοῖς
3045 3280 3315 3344 πλείστοις
3350 3279 3458 3333 τῶν
3485 3279 3667 3334 ἐθνῶν
3710 3283 3751 3353 ἠ

2144 3373 2242 3443 τῆς
2270 3374 2504 3436 παλαιᾶς
2525 3372 2733 3443 πλάνης
2755 3370 3164 3443 δεισιδαιμονία.
3184 3373 3344 3427 Ἀλλά
3364 3371 3472 3445 γάρ
3499 3372 3751 3427 λεκτέον

2145 3465 2240 3518 καὶ
2272 3465 2338 3517 τὰ
2372 3464 2659 3536 Ἑλλήνων.
2696 3464 2776 3518 Τὰ
2810 3464 2908 3534 μὲν
2957 3463 3020 3536 δὴ
3069 3463 3243 3534 σεμνά
3278 3465 3378 3535 τῆς
3409 3464 3755 3533 Αἰγυπτίων

2146 3557 2487 3629 μυθολογίας,
2518 3558 2609 3612 τὸν
2651 3556 2981 3629 προτεθέντα
3028 3557 3349 3629 περιείληφε
3400 3557 3631 3629 τρόπον,
3667 3557 3759 3610 τὰ

2142 3650 2200 3704 δὲ
2240 3648 2542 3719 Ἑλληνικὰ,
2570 3650 2650 3703 ὄτι
2697 3648 2901 3702 τούτων
2949 3649 3129 3703 αὐτῶν
3172 3648 3578 3718 ἀποσπάσματα
3630 3649 3759 3700 xal.

2145 3743 2583 3815 παρακούσματα
2631 3744 2911 3814 τυγχάνει,
2940 3743 3258 3816 προείρηται
3307 3742 3404 3814 μὲν
3437 3740 3757 3805 πολλάκις,

2144 3834 2238 3887 καὶ
2288 3833 2375 3887 διὰ
2407 3834 2508 3903 τῆς
2544 3832 2653 3885 τῶν
2698 3833 3067 3905 προτεθέντων
3101 3832 3460 3904 συγγραφέων
3486 3831 3757 3899 διαγνώ-

2145 3943 2302 3990 σεως.
2331 3925 2406 3979 Οὐ
2445 3925 2551 3996 μὴν
2575 3923 2710 3978 ἀλλὰ
2734 3925 2829 3978 καὶ
2860 3920 2921 3989 ἐξ
2943 3924 3111 3994 αὐτῆς
3140 3921 3244 3993 τῆς
3271 3921 3586 3994 Ἑλληνικῆς
3609 3921 3763 3976 θεο-

2142 4017 2327 4086 λογίας
2374 4016 2568 4085 γένοιτ’
2604 4016 2670 4070 ἂν
2720 4014 2964 4088 ἔκδηλον,
2999 4013 3352 4086 ἐπαγομένων
3390 4016 3448 4068 ὲν
3487 4016 3613 4077 ταῖς
3653 4018 3760 4069 οἱ*

2143 4110 2319 4171 κείαις
2348 4110 2477 4179 περὶ
2502 4108 2638 4162 θεῶν
2657 4109 3003 4180 ἀναγραφαῖς
3034 4104 3241 4160 οἴκοθεν
3278 4104 3378 4177 μὲν
3409 4105 3584 4169 οὐδὲν,
3605 4111 3768 4174 ταῖς

2141 4201 2199 4255 δὲ
2246 4200 2356 4256 τῶν
2398 4199 2595 4265 ἔξωθεν
2630 4200 3066 4272 περιπιπτόντων
3103 4197 3465 4270 μυθολογίαις.
3500 4196 3768 4265 Ξοάνοις

2142 4311 2202 4347 τε
2243 4293 2353 4365 γὰρ
2400 4295 2512 4357 τοῖς
2561 4293 2982 4364 παραπλησίοις,
3010 4293 3103 4346 καὶ
3139 4293 3455 4364 μυστηρίοις
3476 4294 3595 4356 τοῖς
3638 4296 3775 4348 αὺ-

470 4384 661 4441 dentes
692 4385 745 4438 in
775 4384 922 4439 luctu
961 4392 1251 4438 versantur
1279 4381 1546 4446 universi,
1599 4396 1663 4435 ac
1698 4380 1825 4435 licet
1850 4380 2036 4434 vinum

2144 4388 2255 4449 τοῖς
2278 4385 2687 4439 ἀποδείκνυνται
2717 4383 3113 4456 συγχρώμενοι,
3138 4384 3213 4448 ὼς
3232 4384 3407 4437 ἔνεστι
3440 4381 3777 4455 μαθεῖνρκ

473 4487 567 4534 aut
597 4476 947 4540 frumentum,
977 4486 1072 4530 aut
1109 4474 1310 4544 aliquid
1327 4473 1474 4528 aliud
1503 4473 1823 4527 necessariae
1839 4473 2040 4526 victum

472 4583 702 4624 annonae
723 4567 1021 4637 repositum
1060 4567 1117 4620 in
1156 4566 1362 4620 aedibus
1409 4564 1518 4619 illis
1549 4563 1730 4628 fuerit,
1763 4577 1830 4618 eo
1857 4572 2042 4618 tamen

473 4657 576 4714 sibi
609 4672 769 4712 nemo
800 4671 1023 4726 prorsus
1051 4656 1128 4709 uti
1164 4655 1244 4708 fas
1272 4655 1323 4707 in
1355 4662 1632 4723 posterum
1660 4668 1781 4708 esse
1812 4653 2044 4708 arbitra-

475 4760 583 4803 tur.
604 4748 870 4803 Caeterum
897 4746 1132 4817 Memphi
1155 4746 1372 4816 quidem
1400 4746 1571 4821 'Apin,
1598 4743 1811 4799 Mnevin
1859 4755 2040 4799 autem

473 4846 528 4899 in
557 4842 701 4898 Solis
722 4842 939 4897 civitate
972 4841 1157 4905 alunt;
1191 4837 1398 4893 Menda:
1444 4837 1682 4901 hircum,
1709 4836 2040 4892 crocodilum

473 4937 530 4991 in
582 4935 805 5007 Myridis
858 4932 1073 5004 palude,
1127 4939 1356 4986 canoras
1418 4929 1623 4983 bestias
1669 4927 1725 4981 in
1758 4942 2039 4983 sacrorum

472 5024 837 5098 quorumdam
860 5030 1137 5091 septorum
1168 5020 1397 5083 ambitu,
1431 5018 1631 5088 quibus
1655 5017 1913 5082 similam,
1948 5026 2044 5072 aut

474 5116 676 5171 elixum
708 5114 847 5166 lacte
865 5110 1171 5165 chondrum
1215 5124 1279 5163 ac
1304 5108 1582 5178 placentas
1619 5105 1800 5161 omnis
1829 5108 2041 5176 generis

475 5223 599 5261 cum
630 5205 901 5261 anserinis
933 5203 1187 5258 carnibus
1220 5202 1414 5271 partim
1449 5200 1631 5265 elixis,
1673 5199 1872 5269 partim
1902 5200 2042 5255 assis

475 5297 763 5370 objiciunt.
825 5295 896 5350 lis
945 5303 1148 5360 autem,
1181 5308 1304 5363 quae
1350 5292 1518 5346 cruda
1550 5299 1866 5357 vescuntur,
1916 5306 2044 5346 aves

474 5390 775 5444 obtrudunt
803 5402 965 5457 quam
990 5386 1255 5455 plurimas
1282 5382 1621 5452 feminasque
1649 5382 2045 5452 pulcherrimas

477 5493 603 5535 cum
638 5478 868 5549 singulis
899 5476 1139 5532 maribus
1160 5474 1462 5536 enutriunt,
1508 5487 1649 5541 quas
1691 5472 1914 5542 pellices
1944 5486 2048 5527 uo-

2143 4477 2243 4546 τῆς
2278 4477 2406 4547 περὶ
2435 4474 2638 4530 τούτων
2675 4476 2943 4548 ἱστορίας,
2972 4476 3037 4547 ἣν
3065 4478 3092 4529 ὁ
3131 4474 3227 4538 τὰς
3262 4474 3615 4544 βιϐλιοθήκας
3651 4478 3780 4533 ἐπὶ

2145 4568 2340 4621 ταύτὸν
2367 4567 2501 4639 ὁμοῦ
2531 4566 2870 4637 συναγαγὼν,
2893 4563 2952 4622 οὗ
2976 4568 3070 4621 καὶ
3092 4566 3322 4638 πρόσθεν
3343 4565 3782 4637 ἐμνημόνευσα.

2148 4660 2289 4715 κατά
2334 4660 2394 4713 τὸ
2424 4660 2608 4732 τρίτον
2642 4664 2736 4716 καὶ¹
2766 4661 3025 4733 τέταρτον
3055 4659 3154 4729 τῆς
3192 4657 3521 4730 δηλωθείσης
3556 4661 3781 4717 αὐτοῦ

2149 4752 2528 4822 πραγματείας
2562 4753 2782 4823 ἱστορεῖ,
2810 4750 2908 4822 τὴν
2959 4752 3059 4822 τῆς
3107 4750 3347 4821 ἱστορίας
3406 4749 3584 4821 ἀρχὴν
3632 4754 3788 4810 ἀπὸ

2146 4840 2253 4894 τῶν
2269 4841 2360 4895 τού
2378 4841 2602 4911 Κάδμου
2629 4841 2835 4913 χρόνων
2866 4839 3250 4910 πεποιημένος.
3270 4839 3371 4893 Τὸν
3394 4839 3449 4892 δὲ
3475 4839 3781 4913 Κάδμον,

2151 4932 2289 5003 μετὰ
2320 4932 2557 4986 Μωῦσέα
2601 4932 2851 5000 γενέσθαι
2898 4932 2952 4984 αἱ
3000 4930 3245 5003 ἀκριϐεῖς
3286 4930 3394 4985 τῶν
3426 4947 3792 5006 χρονογρα-

2148 5024 2284 5094 φιῶν
2324 5025 2627 5095 παριστῶσι
2669 5024 2929 5095 διαδοχαὶ,
2959 5023 3033 5087 ὡς
3067 5022 3207 5077 κατὰ
3238 5023 3426 5096 καιρὸν
3459 5024 3790 5097 ἐπιδείξο-

2150 5133 2271 5185 μεν,
2306 5114 2446 5169 ῶστε
2501 5116 2596 5169 καὶ
2643 5116 2752 5169 τῶν
2787 5114 3116 5185 Ἑλληνικῶν
3143 5113 3278 5166 θεῶν
3305 5113 3793 5177 ἀποδείκνυσθαι

2144 5204 2235 5260 τὸν
2259 5207 2496 5261 Μωῦσέα
2530 5209 2841 5278 προτερεῖν·
2867 5208 2916 5259 εἰ
2942 5205 3006 5275 δὴ
3036 5205 3141 5276 πρὸ
3167 5204 3388 5275 Κάδμου
3420 5202 3515 5275 μὲν
3544 5201 3795 5279 οὗτος,

2145 5299 2193 5351 οἱ
2227 5297 2285 5351 δὲ
2317 5297 2428 5350 θεοὶ
2460 5297 2713 5369 νεώτεροι
2761 5297 2861 5367 τῆς
2911 5296 3134 5367 Κάδμου
3177 5296 3463 5365 γεγονότες
3504 5295 3803 5372 ἡλικίας

2147 5386 2758 5454 ἀναφαίνονται.”Ακουε
2781 5387 2825 5439 δ’
2847 5381 2940 5440 οὖν
2969 5386 3077 5439 τῶν
3101 5384 3195 5440 τοῦ
3224 5386 3598 5458 συγγραφέως
3640 5408 3805 5466 φως

2150 5492 2276 5529 νων.

469 5559 682 5613 minare
721 5560 916 5615 solent.
957 5565 1027 5612 At
1065 5573 1194 5612 vero
1231 5558 1334 5627 Api
1372 5558 1655 5628 magnifice
1692 5567 1818 5629 post
1853 5568 2086 5616 mortem
2123 5559 2464 5630 consepulto,
2503 5557 2733 5613 alterum
2773 5557 2821 5611 ei
2860 5558 3192 5626 persimilem
3233 5567 3512 5625 quaerunt;
3557 5575 3828 5640 eoque

470 5664 719 5725 reperto,
773 5664 920 5733 metu
975 5654 1209 5725 populus
1260 5655 1551 5711 universus
1609 5654 1868 5741 luctuque
1919 5655 2198 5713 liberatur.
2242 5653 2456 5711 Vitulus
2514 5660 2693 5708 autem
2755 5651 2991 5721 primum
3032 5651 3085 5707 in
3125 5649 3228 5707 Nili
3266 5651 3541 5709 civitatem
3593 5658 3828 5723 duci-
