3832 6216
227 339 306 396 ros
941 295 944 298 ’
1347 314 1671 390 ΡΒᾹᾸΡΑῘῖ.

1795 323 1968 390 ἈΝΕ.
2001 332 2132 389 LIB.
2173 334 2241 390 ll.

3337 337 3439 396 100

223 467 304 513 tur,
325 467 377 504 ac
421 460 520 503 tum
549 449 766 518 quidem
820 449 951 503 solis
1006 451 1334 505 mulieribus
1371 467 1495 504 eum
1560 452 1741 506 videre
1787 453 1932 516 licet,
1965 468 2088 523 quae
2115 467 2301 507 coram
2343 452 2598 507 sistentes
2637 467 2758 508 sese
2795 452 3035 511 reductis
3073 454 3318 512 vestibus
3339 458 3440 514 lioa

222 556 367 604 :estas
403 544 492 612 ipsi
525 551 703 611 partes
747 545 1066 609 ostendunt,
1111 559 1175 598 ac
1236 546 1496 614 deinceps
1543 546 1613 600 ab
1668 547 1818 601 omni
1862 563 2092 617 prorsus
2145 545 2388 614 ejusdem
2448 536 2692 601 numinis
2766 557 2990 617 aspectu
3047 548 3434 604 exeluduntur.

222 640 359 708 Hujus
382 648 538 692 autem
564 637 616 692 in
644 653 848 706 corpus
873 636 1116 694 Osiridis
1162 641 1272 693 vita
1333 638 1508 694 functi
1556 643 1800 696 animum
1853 643 2272 713 transmigrasse
2304 643 2474 696 aiunt.
2534 639 2659 696 ﬂare
2689 641 2778 695 illa
2814 651 2896 697 est
2941 639 3326 712 Egyptiorum
3346 641 3432 697 di-

215 732 410 787 vinitatis
457 731 628 785 omnis
681 730 880 800 ejectio
929 733 1133 800 potius,
1185 748 1358 800 quam-
1384 732 1677 802 theologia,
1717 749 1784 788 eo
1843 749 2018 804 usque
2050 732 2272 789 infamis
2299 744 2446 789 certe
2471 732 2714 804 quidem,
2739 743 2799 788 ut
2825 734 2907 788 vel
2938 749 3060 788 eam
3091 733 3432 801 argumentis

215 838 468 894 uppttgnare
499 831 650 892 turpe
710 824 973 878 videatur.
1030 823 1184 880 lianc
1214 841 1317 880 nos
1359 825 1484 894 jure
1539 841 1673 880 sane
1720 841 1786 882 ac
1846 828 2044 882 merito
2099 827 2461 897 respuendam
2510 827 2670 882 nobis
2719 827 3225 897 repudiandamque
3272 835 3434 897 puta-

213 927 372 984 vimus,
429 923 514 992 qui
577 931 762 975 tamen
831 937 939 975 non
994 923 1098 976 alia
1147 932 1425 976 tantorum
1489 921 1766 977 malorum
1803 923 2184 992 scelerumque
2231 924 2596 994 tyrannidem,
2653 939 2817 994 quam
2875 921 3133 977 salutaris
3167 919 3331 974 unius
3381 928 3435 974 et

210 1014 474 1083 evangelicae
521 1014 787 1068 doctrina:
848 1015 902 1067 vi
956 1015 1324 1078 exettssimus,
1385 1029 1508 1084 qua:
1559 1023 1744 1068 mente
1775 1015 2072 1086 animoque
2132 1015 2294 1070 caecis
2325 1016 2544 1069 videndi
2579 1014 2898 1070 facultatem
2947 1014 3180 1069 feliciter
3207 1029 3432 1067 annun-

209 1108 300 1160 tiat.
326 1108 458 1174 Quod
489 1113 756 1176 superest,
813 1107 933 1162 illas
964 1122 1183 1177 quoque
1218 1123 1402 1161 rerum
1451 1107 1784 1160 naturalium
1820 1109 2081 1172 rationes,
2127 1123 2359 1176 quarum
2406 1109 2776 1163 honestiorem
2845 1107 3008 1177 paulo
3076 1106 3314 1176 speciem
3343 1105 3428 1160 in-

204 1203 343 1259 fandis
379 1202 716 1271 religionibus
758 1201 1082 1263 obtendunt,
1133 1201 1486 1272 postmodum
1525 1203 1938 1272 expendemus,
1994 1201 2039 1255 si
2083 1211 2263 1255 tamen
2319 1201 2474 1270 prius
2516 1201 2583 1256 de
2621 1199 2935 1255 Grmcorum
2982 1198 3147 1253 etiam
3217 1198 3420 1251 rituum

202 1295 523 1365 superstitione
601 1292 1086 1362 disputaverimus.
1163 1290 1499 1355 Enimvero,
1575 1307 1700 1346 cum
1763 1307 1933 1346 unum
1979 1292 2202 1362 aliquod
2237 1292 2403 1346 veluti
2456 1306 2658 1361 corpus
2715 1292 2861 1345 hunc
2900 1289 2958 1344 in
3015 1289 3236 1343 modum
3262 1289 3430 1342 exsti-

197 1389 336 1450 tisset,
373 1403 431 1441 ex
484 1388 743 1457 permista
783 1386 1188 1443 Phceniciarum
1228 1387 1720 1460 [Egyptiarumque
1753 1387 2079 1444 fabellarum
2135 1389 2396 1444 varietate
2455 1387 2772 1454 conﬂatum,
2818 1387 3018 1441 mirum
3063 1401 3196 1440 sane
3240 1384 3418 1440 videri

196 1495 281 1533 non
325 1479 480 1543 debet,
535 1481 581 1535 si
642 1482 850 1537 erroris
895 1483 1101 1552 antiqui
1159 1483 1478 1552 superstitio
1531 1482 1724 1554 perdiu
1761 1482 1927 1539 fuerit
1976 1485 2119 1554 apud
2153 1494 2339 1555 gentes
2395 1484 2685 1555 plerasque
2731 1481 3032 1537 dominata.
3089 1481 3180 1535 Sic
3221 1481 3407 1551 igitur,

192 1573 416 1638 quomodo
446 1583 564 1627 ante
621 1573 878 1640 narravi,
935 1575 1149 1645 egregia
1197 1591 1318 1631 sese
1375 1569 1756 1649 A‘ngptiorum
1816 1586 2128 1634 commenta
2178 1576 2482 1646 fabulieque
2537 1575 2860 1629 habuerunt.
2901 1573 3005 1643 52
3048 1573 3203 1629 Nunc
3245 1584 3306 1631 ut
3339 1577 3406 1631 de

192 1665 354 1721 Grecis
404 1666 600 1736 aliquid
655 1667 928 1732 dicamus,
988 1669 1123 1724 ordo
1180 1671 1441 1740 postulat.
1488 1669 1557 1724 Et
1608 1685 1928 1741 quanquam
1987 1671 2120 1726 istas
2159 1669 2307 1725 aliud
2350 1684 2474 1726 esse
2524 1668 2659 1722 nihil
2705 1684 2869 1738 quam
2921 1667 3223 1737 fragmenta
3268 1685 3420 1739 qure-

187 1761 302 1822 rhm,
340 1761 675 1830 invectasque
723 1778 1007 1832 perperam
1064 1774 1118 1818 et
1177 1766 1356 1821 alieno
1423 1780 1588 1822 sensu
1655 1771 1900 1820 veterum
1953 1765 2168 1820 illarum
2227 1762 2737 1833 interpretationes,
2779 1762 3012 1831 ipsamet
3060 1761 3172 1831 jam
3215 1761 3415 1830 s:epius

184 1849 476 1908 laudatorum
527 1855 864 1924 scriptorum
908 1855 1232 1911 auctoritate
1274 1857 1594 1928 judicioque
1631 1857 2014 1923 ostendimus;
2062 1857 2114 1910 id
2155 1856 2332 1926 ipsum
2383 1864 2562 1909 tamen
2613 1854 2881 1924 producta
2931 1853 2983 1907 in
3033 1854 3207 1908 lucem
3266 1849 3416 1908 Grae-

186 1965 340 2005 corum
368 1952 642 2006 hominum
667 1949 940 2020 theologia
967 1949 1170 2004 clarius
1194 1944 1476 2021 apparebit
1519 1969 1530 2003 :
1576 1952 1778 2022 quippe
1806 1951 1899 2021 qui
1934 1951 1990 2004 in
2042 1951 2158 2006 suis
2210 1949 2318 2005 illis
2363 1949 2430 2004 de
2458 1949 2712 2004 universo
2743 1947 2973 2002 deorum
3010 1962 3207 2017 genere
3261 1963 3416 2003 com-

183 2044 435 2109 mentariis,
475 2042 760 2114 proprium
795 2042 1269 2114 domesticumque
1297 2043 1579 2113 proferant
1619 2046 1777 2111 nihil,
1829 2045 1922 2099 sed
1974 2045 2028 2098 in
2081 2053 2392 2100 exterorum
2454 2042 2709 2113 figmenta
2757 2041 3084 2110 populorum
3146 2041 3413 2112 incidant,

185 2138 448 2208 partimque
498 2138 818 2193 simulacris
868 2139 1092 2195 omnino
1151 2141 1471 2207 similibus,
1524 2142 1720 2211 partim
1775 2141 1968 2197 iisdem
2021 2155 2240 2210 quoque
2288 2139 2564 2208 mysteriis
2619 2138 2697 2192 uti
2752 2137 3182 2204 convincantur;
3217 2153 3408 2208 quem-

176 2229 421 2283 admodum
471 2245 536 2284 ex
561 2229 889 2284 earumdem
954 2230 1180 2285 historia
1209 2231 1389 2301 quivis
1442 2231 1659 2288 auferre
1693 2242 1890 2302 potest,
1926 2249 2090 2304 quam
2127 2232 2350 2302 ipsemet
2391 2229 2658 2286 Diodorus
2687 2231 2846 2300 cujus
2899 2246 3008 2284 non
3064 2231 3232 2286 semel
3283 2244 3412 2287 ante

174 2323 358 2376 memini
414 2323 567 2378 tertio
633 2330 939 2392 quartoque
991 2322 1270 2379 volumine
1328 2325 1481 2379 citati
1535 2326 1736 2396 operis,
1791 2341 1903 2396 quo
1938 2327 2120 2381 varias
2160 2341 2330 2380 unum
2381 2326 2436 2379 in
2492 2341 2692 2394 corpus
2745 2323 3110 2382 Bibliothecas
3164 2326 3406 2399 collegit,

171 2412 267 2470 fuse
309 2415 670 2485 prosequitur,
697 2429 818 2468 eam
874 2429 904 2467 a
938 2413 1128 2468 Cadmi
1174 2421 1334 2470 aetate
1367 2416 1705 2486 auspicatus.
1738 2414 1893 2471 Hunc
1929 2431 2056 2470 vero
2089 2415 2356 2470 Cadmum
2402 2424 2524 2484 post
2563 2412 2782 2486 Moysen
2830 2426 3020 2470 natum
3061 2432 3203 2485 esse,
3236 2435 3406 2476 accu-

169 2517 263 2563 rata
320 2519 614 2579 temporum
685 2507 830 2562 serie
893 2522 957 2561 ac
1012 2509 1364 2564 successione
1424 2509 1715 2566 manifeste
1785 2511 2208 2580 comprobatur,
2269 2519 2330 2564 ttt
2384 2524 2485 2564 suo
2537 2508 2659 2565 loco
2725 2509 3096 2567 ostendemus.
3153 2511 3230 2567 Ex
3294 2530 3406 2584 quo

167 2601 373 2670 proinde,
411 2601 734 2657 Crzecorum
785 2599 1104 2656 numinibus
1149 2602 1515 2671 antiquiorem
1567 2603 1735 2657 fuisse
1787 2601 2034 2674 Moysen,
2098 2612 2247 2656 certa
2313 2601 2525 2656 ratione
2573 2600 2898 2666 conﬁcitur,
2949 2616 3074 2656 cum
3131 2604 3180 2660 is
3245 2616 3406 2665 aetate

164 2695 383 2748 Cadmum
418 2693 801 2756 antecesserit,
843 2703 966 2764 post
1015 2709 1179 2765 quem
1227 2693 1543 2750 Graecorum
1571 2697 1704 2752 deos
1733 2696 1789 2750 in
1813 2696 1984 2752 lucem
2005 2695 2180 2750 editos
2216 2693 2389 2750 fuisse
2408 2702 2642 2748 constat.
2693 2691 2798 2747 Sed
2837 2693 3110 2762 ipsissima
3157 2697 3401 2766 ejusdem

164 2786 362 2841 auctoris
386 2787 546 2840 verba
582 2785 706 2856 jam
740 2786 890 2839 audi.

650 2903 1049 2958 ΚΕΦΑΛΑΙΟΝ
1095 2905 1173 2958 B'.

2436 2897 2666 2956 CAPUT
2708 2897 2774 2955 ll.

169 2993 400 3066 Ἐπιτομὴ
420 2995 539 3049 τῶν
558 2998 704 3068 πειρῇ
731 2997 984 3068 Ἕλλησι
1017 2997 1155 3064 περί
1187 3014 1250 3050 τε
1275 2995 1446 3061 θεῶν,
1468 2997 1569 3050 καί
1595 2997 1692 3052 τῶι

1815 2991 2284 3068 Eorumepitoma,
2340 3013 2460 3068 quo:
2511 2997 2574 3049 de
2604 2995 2908 3068 Graecorum
2935 2994 3038 3048 diis
3066 3005 3116 3050 et
3153 2994 3396 3052 heroibus

361 3068 492 3134 παρ’
521 3067 735 3132 αὐτοῖς
767 3065 976 3135 ἡρώων
1000 3068 1452 3137 μυθευομένων.

2245 3068 2488 3140 fabulose
2536 3067 2764 3134 con/icta
2823 3074 2966 3118 aunt.

209 3155 302 3226 (52)
318 3157 554 3229 Κάδμον,
588 3159 688 3212 τὸν
718 3159 1030 3228 Ἀγήνορος,
1053 3163 1217 3228 φασὶν
1244 3161 1309 3212 ὲκ
1324 3160 1578 3231 Φοινίκης
1599 3159 1692 3215 im!

1884 3162 2152 3217 Cadmum
2198 3159 2464 3232 Agenoris
2494 3158 2666 3212 filium
2719 3165 3048 3221 memorant,
3074 3171 3139 3212 ex
3170 3155 3394 3213 Phoeni-

150 3247 223 3300 τοῦ
265 3248 515 3317 βασιλέως
585 3249 968 3319 ἀποσταλῆναι
1024 3250 1162 3322 πρὸς
1219 3250 1553 3323 ἀναζήτησιν
1605 3253 1705 3323 τῆς

149 3335 397 3411 ῐύρὼπης,
429 3341 496 3411 ῆν
543 3341 660 3394 ὑπὸ
711 3341 833 3404 Διὸς
869 3341 1202 3412 ἁρπαγῆναι.
1237 3341 1330 3414 Μὴ
1363 3342 1593 3414 εὑρόντα
1624 3343 1702 3408 δὲ,

147 3431 208 3490 εἰς
228 3431 470 3484 Βοιωτίαν
504 3432 691 3485 ἐλθεῖν
717 3431 904 3485 κτίσαι
930 3449 989 3484 τε
1027 3433 1129 3497 τὰς
1161 3433 1348 3488 αὐτόθι
1369 3433 1572 3506 Θήϐας,
1599 3437 1703 3506 γή-

147 3539 289 3590 μαντα
329 3524 383 3578 δὲ
436 3526 748 3598 Ἀρμονίαν
798 3525 899 3597 τὴν
943 3527 1285 3599 Ἀφροδίτης,
1332 3529 1590 3599 γεννῆσαι
1645 3528 1703 3596 ἐξ

147 3614 281 3683 αὐτῆς
300 3617 540 3687 Σεμέλην
568 3617 673 3671 καὶ
699 3616 798 3680 τὰς
821 3609 1026 3688 ταύτης
1045 3617 1299 3688 ἀδελφάς.
1314 3619 1392 3689 Τῇ
1417 3618 1473 3672 δὲ
1492 3617 1704 3693 Σεμέλῃ

144 3703 210 3756 τὸν
229 3706 314 3760 Δία
337 3708 574 3777 μιγέντα
602 3709 1034 3780 παρακληθῆναι
1059 3709 1160 3772 τάς
1189 3710 1492 3774 ἐπιπλοκὰς
1509 3711 1702 3781 ὁμοίας

275 3801 609 3872 ποιήσασθαι
644 3805 768 3866 ταῖς
785 3802 919 3874 πρὸς
942 3802 1041 3873 τὴν
1059 3803 1255 3874 ’Ἦραν.
1275 3801 1625 3868 Ἐπελθόντος
1643 3804 1701 3857 δὲ

139 3891 267 3945 αὐτοῦ
297 3894 628 3967 θεοπρεπῶς
676 3895 814 3965 μετὰ
857 3893 1096 3966 βροντῶν
1131 3894 1226 3949 καὶ
1251 3893 1569 3966 ἀστραπῶν,
1600 3895 1701 3948 οὐκ

141 3983 337 4050 ἐνεγκεῖν
362 3986 462 4058 τὴν
499 3985 760 4058 Σεμέλην
787 3985 1065 4056 ἐγκύμονα
1083 3985 1196 4056 (53)
1227 3982 1390 4039 οὖσαν
1422 3985 1699 4057 ἐκτρῶσαι

139 4075 182 4125 rb
210 4075 390 4147 βρέφος
415 4119 430 4143 ,
483 4078 599 4132 ὑπὸ
658 4077 717 4130 δὲ
767 4077 861 4130 τοῦ
910 4077 1082 4149 πυρὸς
1135 4077 1303 4148 αὐτὴν
1350 4075 1691 4148 τελευτῆσαι.

141 4165 212 4220 Τὸν
231 4167 279 4224 δὲ
297 4169 391 4225 Δία
419 4171 675 4226 λαϐόντα
694 4169 756 4222 τὸ
779 4170 1007 4234 παιδίον,
1032 4169 1371 4242 παραδοῦναι
1393 4169 1470 4241 τῷ
1497 4171 1691 4242 Ἐρμῇ·

141 4259 372 4330 ἐκπέμψαι
401 4280 465 4316 τε
497 4265 584 4327 είς
625 4262 694 4316 τὸ
750 4265 808 4316 ὲν
839 4265 904 4334 τῇ
960 4261 1117 4335 Νύσῃ
1159 4261 1390 4335 ἄντρον,
1441 4262 1693 4332 κείμενον

140 4351 296 4417 μεταξὺ
323 4354 588 4426 Φοινίκης
633 4371 698 4406 τε
725 4354 822 4407 καὶ
863 4352 1076 4408 Νείλου.
1120 4353 1276 4407 Οὖτω
1317 4353 1376 4407 δὲ
1417 4354 1694 4426 τραφέντα

137 4442 197 4492 τὸν
221 4447 458 4500 Διόνυσον
506 4445 625 4499 ὑπὸ
672 4443 782 4498 τῶν
827 4443 1106 4515 Νυμφῶν,
1149 4443 1376 4517 εὑρετὴν
1404 4443 1500 4498 τοῦ
1547 4444 1692 4498 οἴνου

1808 3254 1893 3310 cia
1917 3253 2079 3324 jussu
2136 3253 2300 3322 regis.
2363 3249 2593 3318 Europa:
2643 3262 2808 3317 quam
2867 3243 3076 3316 Jupiter
3139 3253 3397 3317 rapuerat

1808 3344 2115 3416 quaerenda:
2169 3344 2345 3415 gratia
2403 3339 2707 3412 profectum
2735 3354 2857 3395 esse
2887 3358 2900 3393 :
2935 3339 3076 3393 hanc
3095 3353 3224 3394 vero
3247 3340 3390 3408 quod

1806 3439 2046 3510 reperire
2063 3454 2169 3492 non
2184 3436 2470 3507 potuisset,
2505 3433 2559 3488 in
2588 3431 2856 3488 Bteotiam
2891 3432 3128 3496 venisse,
3161 3447 3393 3502 qumque

1805 3533 1880 3587 ibi
1945 3531 2062 3587 sita:
2109 3540 2238 3586 sunt
2265 3525 2482 3582 Thebas
2517 3525 2851 3588 condidisse,
2885 3540 2949 3579 ac
2985 3524 3234 3580 Semelen
3261 3540 3386 3579 cum

1803 3621 2050 3690 ejusdem
2085 3619 2368 3676 sororibus
2390 3632 2456 3672 ex
2487 3614 2784 3672 Harmonia
2819 3607 3041 3671 Veneris
3066 3615 3196 3677 tilia,
3219 3631 3386 3687 quam

1803 3727 2032 3767 uxorem
2085 3711 2339 3774 duxerat,
2376 3708 2705 3787 suscepisse.
2758 3705 2827 3762 At
2858 3723 2983 3762 cum
3038 3722 3068 3760 a
3101 3705 3255 3774 Jove,
3289 3707 3384 3778 qui

1803 3817 1991 3860 secum
2026 3817 2140 3857 rem
2167 3802 2454 3867 habuerat,
2481 3795 2831 3864 vehementer
2865 3795 3077 3852 Semele
3115 3795 3382 3865 petiisset,

1801 3895 1880 3949 uti
1907 3895 2027 3964 ejus
2081 3893 2134 3946 in
2178 3900 2457 3961 posterum
2517 3887 2934 3951 consuetudine,
2965 3904 3073 3956 qua
3105 3887 3379 3944 Junonem

1799 3984 2178 4049 conveniebat,
2216 3982 2324 4038 frui
2350 3982 2456 4038 sibi
2502 3983 2710 4047 liceret,
2739 3996 2864 4035 eum
2908 3981 3192 4049 majestate
3222 3981 3383 4050 plane

1799 4079 1984 4132 divina
2017 4091 2142 4132 cum
2190 4074 2395 4129 tonitru
2442 4089 2506 4128 ac
2554 4071 2860 4143 fulguribus
2887 4072 3207 4149 accessisse,
3243 4087 3383 4142 quo-

1799 4183 1920 4221 rum
1950 4167 2042 4221 illa
2071 4167 2180 4220 vim
2219 4181 2344 4220 cum
2377 4163 2647 4219 sustinere
2670 4177 2778 4216 non
2803 4169 3189 4231 posset,quem
3223 4172 3379 4218 utero

1797 4257 1970 4313 fetum
2026 4257 2274 4330 gestabat
2333 4253 2642 4310 abortivum
2711 4252 2990 4316 effudisse,
3046 4251 3376 4323 ﬂammaque

1795 4349 2410 4418 ctelesticontlagrasse.
2463 4343 2570 4416 53
2622 4343 2832 4414 Jupiter
2861 4353 3066 4410 autem,
3100 4344 3376 4414 inquiunt,

1793 4453 2078 4511 exceptum
2139 4439 2404 4494 infantem
2466 4437 2736 4492 Mercurio
2786 4435 3025 4501 tradidit,
3087 4451 3119 4490 a
3167 4451 3278 4506 quo
3321 4436 3376 4490 in

137 4535 355 4602 γενέσθαι,
381 4539 477 4593 καὶ
509 4539 620 4610 τὴν
651 4537 880 4605 φυτείαν
915 4535 1120 4600 διδάξαι
1151 4535 1252 4606 τῆς
1287 4533 1534 4606 ἀμπέλου
1567 4535 1692 4601 τοὺς

1800 4535 2074 4606 quoddam
2099 4531 2258 4605 Nysae
2285 4540 2503 4586 antrum
2533 4529 2870 4585 Phteniciam
2903 4529 3042 4582 inter
3085 4525 3379 4598 Nilumque

138 4624 422 4696 Mptbmug.
464 4632 678 4702 Εὑρεῖν
713 4629 773 4682 δὲ
809 4629 902 4684 καὶ
942 4629 1002 4682 τὸ
1031 4631 1095 4682 ἐκ
1128 4628 1228 4698 τῆς
1277 4627 1470 4699 κριθῆς
1522 4643 1689 4680 κατα-

136 4723 482 4793 ςκευαζόμενον
517 4723 689 4793 πόμα
710 4763 725 4786 ,
773 4721 834 4774 τὸ
866 4721 1193 4793 καλούμενον
1227 4720 1416 4786 ζύθον·
1462 4721 1688 4794 περιφέ-

136 4824 218 4875 ρειν
248 4813 299 4867 δὲ
330 4814 711 4887 στρατόπδον
736 4854 752 4877 ,
785 4814 848 4868 οὐ
911 4814 1069 4886 μόνον
1114 4813 1327 4884 ἀνδρῶν
1355 4853 1369 4877 ,
1413 4812 1547 4868 ἀλλὰ
1595 4814 1690 4868 καὶ

131 4905 374 4970 γυναικῶν,
401 4907 504 4960 καὶ
537 4905 680 4969 τοὺς
715 4904 933 4969 ἀδίκους
955 4906 1051 4960 καὶ
1080 4904 1298 4970 ἀσεϐεῖς
1330 4903 1440 4959 τῶν
1472 4903 1687 4978 ἀνθρὼ-

130 5004 214 5046 πων
239 4995 502 5064 κολάζειν,
535 4995 886 5068 στρατεῦσαι
905 4995 962 5050 δὲ
981 4999 1061 5060 είς
1093 4995 1193 5067 τὴν
1230 4995 1460 5066 Ἰνδικὴν
1489 4999 1690 5066 τριετεῖ

129 5087 277 5158 χρόνῳ.
320 5088 619 5144 Ἐντεῦθεν
663 5090 791 5152 τοὺς
815 5087 1080 5160 Ἕλληνας
1129 5087 1443 5153 καταδεῖξαι
1472 5105 1689 5161 τριετη-

130 5179 249 5246 Qui;
273 5179 465 5249 θυσίας
511 5180 795 5253 Διονύσῳ,
830 5181 924 5234 καὶ
968 5181 1060 5235 τὸν
1093 5179 1216 5234 θεὸν
1264 5179 1505 5251 νομίζειν
1545 5180 1687 5235 κατά

128 5264 191 5318 τὸν
204 5272 375 5342 χρόνον
399 5273 608 5328 τοῦτον
641 5271 916 5326 ποιεῖσθαι
941 5271 1042 5335 τὰς
1066 5271 1219 5343 παρά
1238 5273 1349 5337 τοῖς
1376 5269 1686 5344 ἀνθρώποις

129 5354 395 5426 {assuetae
417 5380 431 5392 ο
471 5361 672 5416 σέϐειν
696 5378 756 5414 τε
785 5361 949 5416 αὐτὸν
981 5361 1186 5425 πάντας
1218 5359 1561 5434 ἀνθρώπους,
1597 5362 1686 5418 διὰ

177 5538 269 5609 (52)
304 5542 490 5600 Locus
523 5543 686 5597 aliut-
713 5550 796 5597 est
818 5539 1058 5604 Diodori,
1081 5557 1148 5597 ex
1179 5541 1273 5596 lib.
1307 5557 1382 5608 Iv,
1405 5556 1461 5611 p.
1490 5540 1598 5595 210
1617 5538 1681 5607 Β,

134 5615 168 5656 1t
189 5613 395 5668 subinde
421 5615 673 5668 decurta
684 5621 788 5665 tus.

177 5679 262 5754 (53)
298 5683 588 5754 Σεμέλην
618 5682 947 5754 ἐγκύμονα.
990 5681 1119 5754 Ιιεε.
1153 5683 1388 5754 videtur,
1426 5681 1680 5754 fagi-£qu

134 5747 195 5821 ταὶ
216 5747 500 5824 iuxtim.
525 5747 720 5820 ‘Apud
750 5747 992 5824 Diodor._,
1022 5747 1257 5824 plenius,
1291 5754 1391 5824 τὴν
1419 5751 1475 5804 δὲ
1505 5747 1678 5824 Σεμέ-

137 5820 195 5884 ιην
219 5820 393 5890 imm
423 5821 634 5884 οὖσαν,
682 5822 774 5874 καὶ
809 5821 873 5874 τὺ
917 5820 1144 5892 μέγεθος
1171 5824 1270 5894 τῆς
1306 5820 1676 5894 περιστάσεως

345 5923 646 5984 Ρηιιοι..
694 5916 810 5978 Gtt.
843 5914 1018 5982 XXI.

1796 4623 2010 4677 delatus
2027 4631 2129 4676 est.
2161 4619 2260 4676 Hic
2289 4636 2419 4690 ergo
2445 4618 2694 4674 Bacchus
2724 4617 3085 4689 nympharum
3111 4618 3291 4672 studio
3321 4629 3376 4673 et

1793 4728 1960 4782 opera
2009 4712 2296 4777 educatus,
2353 4710 2465 4765 vini
2531 4725 2636 4765 usu
2691 4715 2930 4778 reperto,
2986 4708 3157 4763 vinea:
3207 4707 3372 4762 simul

1792 4805 2099 4875 plantaudae
2133 4804 2400 4860 rationem
2441 4803 2694 4857 homines
2750 4803 2958 4869 docuit,
2983 4811 3256 4872 potusque
3277 4818 3373 4872 ge-

1790 4914 1918 4962 nus,
1967 4899 2116 4970 quod
2157 4913 2225 4951 ex
2264 4896 2473 4950 hordeo
2518 4893 2829 4960 conficitur,
2877 4896 3230 4965 zythumque,
3267 4893 3372 4948 hoc

1788 4998 1873 5044 est
1904 4989 2190 5054 cerevisia,
2239 4988 2576 5051 nominatur,
2633 4986 2858 5042 invenit.
2894 4985 3037 5040 Idem
3065 4985 3369 5040 exercitum

1787 5097 1854 5136 ex
1917 5082 2048 5137 viris
2089 5081 2522 5150 mulieribusque
2577 5078 2875 5135 conﬂatum
2925 5077 3366 5137 circumduce-ns,

1789 5187 1984 5242 ptenas
2023 5187 2054 5226 a
2107 5171 2439 5229 facinorosis
2459 5180 2515 5226 et
2543 5171 2726 5241 impiis
2761 5169 3044 5240 expetivit.
3077 5166 3235 5234 Quod
3266 5179 3369 5220 au-

1789 5275 1894 5320 tem
1928 5267 1973 5321 is
2001 5265 2301 5321 triennium
2337 5265 2392 5319 itt
2445 5264 2628 5319 indica
2675 5261 3019 5334 expeditione
3067 5257 3364 5330 posuisset.

1789 5359 1961 5415 ϐινκοί
2018 5357 2288 5414 trieterica
2323 5373 2482 5413 sacra
2521 5357 2644 5427 ejus
2673 5356 2728 5410 in
2763 5356 3022 5410 honorem
3055 5352 3364 5414 instituere.

1785 5539 2247 5620 obx‘svévxuoav,‘
2266 5537 2330 5593 τὸ
2359 5537 2459 5620 μὲν
2493 5535 2692 5620 βρέφος
2717 5515 3009 5620 ἐκτρῶσαι,
3269 5527 3365 5620 τοῦ

1787 5610 1957 5682 πυρὸς
1983 5603 2151 5682 αὖτὴν
2171 5603 2506 5682 τελευτῆσαιζ
2532 5603 2765 5682 Eadem,
2797 5603 2889 5682 sed
2921 5617 3045 5682 cum
3077 5603 3257 5682 aliqua
3281 5610 3364 5682 tgf

1785 5669 1911 5736 men
1938 5669 2235 5743 'varieiate,
2268 5669 2452 5743 libfu,
2484 5693 2539 5748 p.
2567 5676 2670 5731 198
2698 5679 2764 5741 A,
2798 5674 2890 5731 ubi
2915 5674 3149 5730 Junonis
3170 5669 3366 5726 fraudo

1785 5760 1958 5808 totum
1991 5753 2042 5807 id
2077 5750 2279 5806 factum
2312 5764 2432 5806 esse
2463 5748 2671 5805 scribit.

3121 5906 3165 5981 ι
