3840 6216
417 306 520 363 107

1019 309 1290 367 EUSEBII
1323 310 1801 368 CESARIENSIS
1828 309 1981 367 OPP.
2020 312 2201 368 PARS
2243 313 2307 367 ll.
2346 340 2420 352 —
2446 306 2941 364 APOLOGETICA.

3576 303 3677 360 108

415 444 542 486 cum
572 442 692 500 per.
720 427 855 484 illud
916 410 1131 502 tempus
1185 431 1459 489 Bacchum
1506 449 1628 490 sese
1677 434 1979 491 hominibus

2097 433 2193 502 τὴν
2222 429 2315 483 τοῦ
2346 428 2489 481 οἴνου
2533 425 2709 479 δόσιν·
2760 423 2949 497 ῶσπερ
2974 424 3068 479 καὶ
3108 423 3207 495 τὴν
3248 424 3543 496 Δήμητραν
3590 425 3678 478 διὰ

422 520 783 593 spectandum
839 523 1082 593 praebere
1124 524 1347 580 solitum
1397 534 1670 595 putarent.
1719 526 1992 583 Caeterum

412 616 629 673 divinos
668 616 909 674 honores
949 628 1171 689 propter
1215 619 1327 675 vini
1377 635 1602 685 munus,
1636 621 1994 691 quemadmo-

413 709 544 765 dum
570 706 737 766 Ceres
761 709 834 765 οι)
862 710 1069 765 inventi
1091 710 1351 766 frumenti
1384 712 1733 778 beneficium,
1770 714 1841 769 ab
1867 714 1993 769 uni-

416 815 578 857 verso
651 800 938 857 hominum
1008 817 1206 873 genere
1265 804 1594 875 impetravit.
1643 804 1764 861 Jam
1823 806 1989 862 alium

410 900 673 963 praeterea
700 891 973 949 Bacchum
1018 892 1192 950 fuisse
1240 896 1485 960 tradunt,
1520 896 1615 967 qui
1657 896 1991 969 hunclongo

410 991 630 1039 aetatum
665 983 952 1039 intervallo
994 987 1358 1055 praecesserit,
1390 1001 1665 1058 quemque
1696 986 1988 1043 Sabazium

410 1076 659 1131 nonnulli
691 1086 912 1142 vocant,
939 1074 1094 1132 lovis
1118 1092 1185 1133 ex
1210 1078 1538 1150 Proserpina
1580 1081 1777 1137 ﬁlium.
1814 1078 1990 1152 Hujus

413 1181 525 1222 non
554 1175 712 1223 ortus
773 1168 959 1233 modo,
1018 1169 1115 1226 sed
1173 1170 1340 1225 etiam
1398 1171 1691 1239 sacrificia,
1740 1172 1990 1242 ritusque

406 1259 667 1314 nocturni
687 1274 752 1315 ac
781 1259 1035 1327 latentes,
1066 1260 1217 1331 quod
1251 1272 1549 1333 perpetuus
1589 1264 1758 1319 veluti
1802 1279 1988 1321 comes

404 1350 474 1405 ad
508 1350 836 1407 concubitus
863 1350 1164 1409 foeditatem
1188 1355 1364 1424 pudor
1388 1356 1745 1420 adhaerescat,
1784 1356 1855 1411 ab
1883 1356 1989 1412 illis

404 1444 761 1501 invehuntur.
797 1444 934 1500 Eum
969 1462 1188 1518 quoque
1224 1447 1596 1518 jugandorum
1626 1449 1792 1506 boum
1822 1451 1990 1506 ratio-

406 1551 534 1592 nem
599 1537 835 1607 primum
890 1539 1233 1609 excogitasse
1283 1541 1459 1605 aiunt,
1519 1541 1750 1613 ideoque
1781 1558 1989 1599 cornua

419 1627 665 1697 ejusdem
701 1629 1010 1687 simulacris
1054 1630 1297 1703 aliigunt.
1349 1634 1422 1688 At
1448 1650 1575 1689 vero
1603 1635 1880 1705 juniorem
1911 1636 1990 1690 al-

411 1729 588 1775 terum
611 1734 679 1776 ex
725 1720 936 1777 Semele
966 1731 1176 1791 natum,
1211 1725 1459 1795 corporis
1487 1727 1716 1783 mollitie
1745 1728 1987 1798 luxuque

402 1809 757 1879 diﬂluentem,
784 1814 966 1882 specie
1005 1789 1292 1887 formaque
1314 1789 1676 1886 praestitisse,
1711 1789 1984 1890 atque-in
2014 1789 2059 1845 Β

403 1916 492 1957 res
518 1915 780 1959 venereas
800 1919 1032 1974 pronum
1069 1905 1363 1962 admodum
1389 1920 1453 1961 ac
1480 1906 1778 1977 proclivem
1809 1906 1987 1964 fuisse

400 2007 857 2051 commemorant.
913 1995 970 2051 In
1021 1996 1232 2053 bellicis
1293 2007 1478 2054 autem
1548 2000 1987 2070 expeditionibus

401 2086 695 2141 mulierum
721 2087 935 2143 turbam
993 2088 1461 2157 circumducebat,
1506 2109 1539 2149 a
1572 2095 1775 2165 quibus
1815 2095 1987 2151 hastm

403 2176 691 2234 frondibus
745 2186 901 2235 tectae
949 2177 1285 2236 ferebantur.
1339 2181 1650 2249 Quinetiam
1731 2186 1977 2251 addunt,

402 2267 589 2325 Musas
608 2270 867 2341 virgines,
899 2272 1099 2328 eximia
1149 2288 1332 2328 rerum
1363 2274 1723 2343 plurimarum
1751 2279 1978 2333 scientia

404 2363 677 2432 praeditas,
712 2363 969 2419 itinerum
998 2364 1118 2435 ejus
1152 2366 1381 2422 comites
1408 2367 1602 2434 fuisse,
1632 2385 1754 2440 quae
1782 2369 1982 2426 Bacchi

402 2455 648 2510 animum
679 2455 877 2526 partim
902 2457 1171 2513 suavitate
1197 2469 1414 2526 cantus,
1448 2461 1645 2530 partim
1674 2462 1982 2517 saltationis

401 2547 667 2617 elegantia
697 2555 751 2603 et
781 2547 1147 2604 concinnitate
1172 2560 1499 2607 recrearent.
1516 2551 1704 2608 Eidem
1737 2551 1981 2608 Silenum

400 2640 752 2713 paedagogum
784 2641 1112 2707 attribuunt,
1145 2642 1303 2714 cujus
1335 2657 1402 2699 ex
1419 2645 1701 2716 praeceptis
1742 2646 1980 2701 maxima

399 2742 618 2803 caperet
659 2733 729 2790 ad
754 2734 1009 2790 virtutem
1040 2735 1379 2806 adjumenta.
1418 2735 1612 2803 Porro,
1644 2738 1807 2807 mitra
1859 2740 1982 2809 qui-

400 2825 522 2880 dem
549 2824 853 2881 revinctum
875 2825 1029 2881 illum
1058 2835 1223 2897 caput
1256 2826 1518 2884 habuisse
1551 2825 1759 2897 ferunt,
1789 2830 1981 2886 adver-

401 2928 497 2969 sus
526 2921 720 2970 acutos
768 2914 966 2984 capitis
1019 2915 1260 2982 dolores,
1296 2931 1438 2986 quos
1479 2931 1548 2972 ex
1615 2918 1980 2975 immoderato

399 3003 512 3058 vini
539 3004 738 3060 haustu
771 3013 1084 3072 pateretur:
1123 3002 1381 3060 Bimatris
1401 3020 1532 3061 vero
1552 3016 1976 3077 cognomentum

399 3093 697 3165 accepisse,
721 3096 870 3163 quod
903 3110 971 3149 ex
999 3110 1108 3150 uno
1131 3095 1350 3165 quidem
1384 3097 1671 3166 patre,sed
1704 3111 1771 3152 ex
1805 3107 1979 3153 matre

404 3185 618 3255 gemina
650 3184 848 3240 Bacchi
886 3185 997 3240 duo
1043 3186 1156 3241 nati
1203 3195 1408 3241 essent.
1464 3185 1715 3243 Ferulam
1762 3204 1981 3261 quoque

400 3277 455 3330 in
486 3290 710 3331 manum
746 3275 847 3346 ipsi
877 3276 1007 3331 dare
1029 3277 1224 3345 solent,
1264 3277 1411 3347 quod
1448 3293 1573 3334 cum
1600 3278 1765 3349 prisci
1803 3279 1982 3335 homi-

398 3379 499 3420 nes
537 3364 761 3421 assiduo
806 3365 941 3419 meri
984 3380 1088 3420 usu
1143 3365 1197 3420 in
1242 3367 1449 3422 rabiem
1489 3381 1555 3422 ac
1574 3366 1815 3424 furorem
1850 3371 1977 3434 acti,

399 3471 523 3512 sese
551 3456 759 3511 baculis
789 3457 864 3511 ita
895 3465 1087 3511 mutuo
1109 3458 1400 3525 caaderent,
1429 3467 1490 3514 ut
1510 3474 1579 3515 ex
1620 3459 1796 3532 plagis
1839 3462 1980 3518 inte-

401 3546 540 3602 ritus
567 3546 861 3617 aliquando
888 3556 1235 3618 sequeretur,
1267 3549 1540 3620 lignorum
1575 3551 1697 3607 loco
1728 3550 1979 3608 Bacchus

397 3650 494 3692 eos
517 3634 706 3693 ferulis
727 3637 806 3692 uti
835 3637 1105 3695 docuerit.
1134 3636 1275 3694 Eum
1310 3649 1572 3711 praeterea
1629 3643 1821 3699 volunt
1845 3642 1979 3700 Bac-

398 3726 564 3780 chum
590 3726 808 3796 quidem
826 3741 855 3781 a
876 3726 1103 3782 Bacchis
1128 3728 1451 3787 mulieribus
1472 3730 1813 3788 nominatum
1833 3747 1975 3799 esse,

398 3814 654 3872 Lenaeum
698 3826 879 3873 autem
914 3819 1072 3889 quasi
1112 3821 1490 3889 torcularium,
1521 3824 1667 3894 quod
1706 3824 1761 3878 in
1794 3833 1979 3880 torcu-

397 3907 608 3965 laribus
630 3925 750 3966 uvze
779 3910 1078 3977 calcentur,
1113 3910 1223 3984 ει
1255 3912 1533 3969 Bromium
1565 3914 1800 3986 denique
1819 3916 1977 3986 quasi

399 4011 667 4054 sonorum
691 3999 762 4054 ob
785 3999 1057 4071 ingentem
1084 4000 1238 4056 illum
1287 4000 1560 4073 fragorem
1588 4044 1603 4069 ,
1634 4005 1729 4075 qui
1761 4005 1977 4061 coalitus

399 4087 456 4142 in
483 4088 658 4159 ipsius
688 4098 809 4145 ortu
872 4091 1196 4162 contigerat.
1253 4093 1335 4147 Ad
1392 4103 1699 4150 extremum
1754 4094 1977 4167 Satyros

399 4179 567 4235 etiam
601 4181 809 4251 passim
845 4181 914 4236 ab
946 4182 1042 4238 illo
1070 4183 1502 4250 circumductos,
1532 4188 1627 4257 qui
1659 4201 1784 4242 eum
1810 4187 1978 4243 salta-

400 4275 617 4327 tionum
659 4281 715 4329 et
756 4273 1146 4344 tragtediarum
1177 4275 1542 4331 oblectatione
1591 4291 1656 4332 ac
1703 4278 1977 4347 voluptate

401 4364 727 4431 mulcerent,
771 4366 1017 4436 adeﬂue
1050 4367 1323 4423 theatrum
1379 4369 1579 4437 ipsum,
1604 4383 1727 4423 cum
1754 4369 1823 4423 iis
1855 4383 1978 4438 qum

2093 522 2192 591 τὴν
2213 518 2315 589 τῆς
2347 515 2439 571 τοῦ
2474 516 2622 570 alme
2655 517 2860 588 τροφῆς
2882 515 3117 588 εὕρεσιν.
3155 510 3310 569 Εἶναι
3337 514 3393 568 δέ
3419 533 3553 586 φασι
3586 517 3678 569 καὶ

2092 610 2250 665 ἄλλον
2283 607 2537 661 Διόνυσον
2568 606 2703 660 πολὺ
2736 608 2849 671 τοῖς
2877 606 3091 678 χρόνοις
3134 605 3505 680 προτεροῦντα
3552 605 3677 661 τού-

2092 719 2208 766 του,
2243 700 2334 754 τὺν
2363 698 2470 752 ὑπό
2503 716 2664 752 τινων
2698 699 2960 763 Σαϐάζιον
2992 699 3426 770 ὀνομαζόμενον,
3467 701 3533 752 ὲκ
3554 701 3675 765 Διὸς

2091 792 2186 847 καὶ
2207 790 2555 864 Περσεφόνης
2588 791 2899 861 γενόμενον,
2937 786 2997 845 οὐ
3038 791 3135 862 τὴν
3179 790 3414 859 γένεσιν,
3445 790 3542 845 καὶ
3579 792 3679 853 τὰς

2092 886 2316 950 θυσίας,
2370 881 2465 938 καί⁵
2525 881 2624 946 τὰς
2669 882 2833 954 τιμὰς
2893 882 3209 954 νυκτερινὰς
3273 882 3367 937 καὶ
3414 883 3675 954 κρυφίους

2091 980 2420 1050 εἰσάγουσιν,
2453 976 2542 1031 διὰ
2579 976 2678 1048 τὴν
2720 974 2979 1047 αἰσχύνην
3024 975 3124 1047 τὴν
3158 978 3223 1028 ὲκ
3249 976 3347 1047 τῆς
3387 974 3677 1039 συνουσίας

2091 1070 2598 1133 ἐπακολουθοῦσαν,
2646 1069 2705 1123 ὃν
2750 1069 2843 1122 καὶ
2892 1067 3105 1139 πρῶτον
3150 1067 3277 1139 βοῦς
3327 1067 3677 1140 ἐπιχειρῆσαι

2092 1165 2401 1234 ζευγνύειν·
2439 1165 2532 1234 άφῗ
2590 1154 2652 1217 οὗ
2700 1161 2836 1232 δῆτα
2880 1160 2974 1214 καὶ
3023 1159 3279 1233 κερατίαν
3323 1159 3485 1214 αὑτὸν
3526 1159 3679 1212 εἱσά-

2090 1274 2269 1326 γουσι,
2311 1257 2414 1310 Τὸν
2446 1256 2503 1310 δὲ
2552 1258 2617 1323 ὲκ
2668 1252 2911 1323 Σεμέλης
2963 1251 3261 1324 νεώτερον,
3292 1250 3559 1326 τρυφερὸν
3593 1249 3678 1321 τῷ

2092 1348 2339 1419 σώματι,
2388 1348 2483 1401 καὶ
2534 1345 2840 1417 εὐπρεπείᾳ
2870 1344 3198 1412 διενεγκεῖν,
3242 1343 3338 1397 καὶ
3385 1343 3525 1415 πρὸς
3573 1342 3680 1407 τὰς

2089 1438 2483 1510 ἀφροδισιακὰς
2535 1437 2729 1508 ἡδονὰς
2788 1436 3163 1507 εὐκατάφορον
3214 1436 3465 1504 γενέσθαι
3517 1434 3674 1504 φασί.

2088 1528 2247 1583 Κατά
2274 1529 2332 1582 δὲ
2363 1528 2462 1592 τὰς
2508 1527 2815 1599 στρατείας,
2849 1526 3123 1595 γυναικῶν
3157 1525 3359 1597 πλῆθος
3391 1524 3679 1597 περιάγειν

2089 1620 2546 1692 καθωπλισμένας
2574 1619 2795 1691 λόγχαις
2826 1617 3287 1692 τεθυρσωμέναις.
3321 1617 3460 1670 Φασὶ
3488 1616 3549 1669 δὲ
3577 1616 3677 1670 καὶ

2088 1711 2187 1775 τὰς
2233 1710 2456 1774 Μούσας
2511 1709 2661 1780 αὐτῷ
2702 1708 3099 1779 συναποδημεῖν
3132 1706 3435 1778 παρθένους
3471 1704 3675 1769 οὔσας,

2087 1804 2182 1858 καὶ
2228 1801 2667 1872 πεπαιδευμένας
2717 1799 3079 1874 διαφερόντως
3100 1840 3115 1862 ,
3158 1797 3227 1862 ἃς
3256 1798 3350 1851 καὶ
3378 1796 3467 1850 διὰ
3493 1796 3675 1867 μελῳ-

2087 1899 2204 1963 δίας
2232 1899 2325 1952 κοιλ⁵
2357 1897 2637 1968 ὀρχήσεως
2673 1894 3025 1965 ψυχαγωγεῖν
3069 1892 3162 1945 τὸν
3204 1891 3358 1945 θεόν’
3395 1890 3677 1957 παιδαγω-

2087 1993 2181 2062 γόν
2225 2009 2284 2045 τε
2334 1989 2499 2044 αὐτοῦ
2533 1988 2788 2060 Σειληνὸν
2820 1987 3030 2059 μεγάλα
3073 1983 3475 2057 ωμὸάλλεσθαι
3523 1982 3677 2052 αὐτῷ

2088 2083 2227 2155 πρὸς
2255 2082 2479 2153 ἀρετήν.
2510 2080 2654 2153 Πρὸς
2684 2080 2741 2132 δὲ
2774 2078 2872 2143 τάς
2905 2080 2969 2131 ὲκ
3002 2076 3095 2131 τοῦ
3121 2076 3505 2140 πλεονάζοντος
3524 2072 3675 2127 οἴνου

2086 2173 2473 2243 κεφαλαλγίας,
2504 2170 2851 2226 ἀναδεδέσθαι
2882 2170 2983 2240 τὴν
3015 2168 3253 2239 κεφαλὴν
3281 2167 3465 2237 μίτρᾳ.
3501 2165 3679 2234 Διμήο

2084 2284 2219 2339 τορα
2259 2265 2315 2319 δὲ
2357 2265 2520 2318 αὐτὸν
2554 2260 3055 2336 προσαγορεύουσι,
3090 2259 3175 2313 διά
3217 2260 3278 2312 τὸ
3315 2257 3521 2329 πατρὸς
3553 2256 3677 2320 ἐνὸς

2086 2355 2324 2429 ὑπάρξαι
2354 2356 2482 2418 τοὺς
2514 2354 2608 2407 δύο
2632 2354 2939 2417 Διονύσους,
2975 2351 3223 2423 μητέρων
3250 2349 3307 2402 δὲ
3339 2349 3503 2402 δυοῖν.
3522 2347 3678 2419 Νάρ-

2085 2446 2227 2514 θηκα
2245 2446 2301 2500 δὲ
2332 2445 2740 2517 προσάπτουσιν
2773 2442 2941 2514 αὐτῷ,
2962 2441 3051 2495 διά
3071 2442 3130 2495 τὸ
3157 2440 3407 2504 πίνοντας
3433 2440 3677 2510 ἄκρατον

2082 2539 2207 2602 τοὺς
2227 2536 2490 2601 παλαιοὺς
2514 2537 2607 2590 τὸν
2639 2532 2802 2599 οἶνον,
2829 2534 3115 2607 μανιώδεις
3139 2530 3405 2600 γίνεσθαι,
3429 2530 3526 2583 καὶ
3550 2534 3678 2593 ταῖς

2085 2627 2410 2701 βακτηρίαις
2461 2625 2722 2701 ἀλλήλους
2768 2625 3025 2688 τύπτειν,
3058 2624 3133 2687 ὼς
3184 2623 3281 2676 καὶ
3330 2622 3673 2692 ἀναιρεῖσθαί

2080 2700 2447 2787 τιναςςκοθεν
2480 2700 2730 2773 tam
2781 2717 2973 2783 ξύλων,
3006 2714 3239 2787 νάρθηκι
3266 2715 3500 2786 χρῆσθαι
3535 2732 3676 2768 κατ-

2080 2811 2267 2878 έδειξε.
2308 2810 2601 2865 Καλεῖσθαι
2649 2810 2706 2863 δὲ
2748 2809 2911 2863 αὐτὸν
2954 2808 3187 2877 Βάκχον,
3229 2807 3339 2861 ἀπὸ
3378 2806 3489 2860 τῶν
3521 2807 3675 2860 Βακ-

2080 2904 2215 2975 χῶν,
2246 2904 2479 2974 Ληναῖον
2518 2902 2607 2968 δὲ,
2643 2902 2754 2956 ἀπὸ
2807 2900 2903 2955 τοῦ
2937 2898 3223 2953 πατεῖσθαι
3250 2898 3350 2960 τάς
3389 2895 3675 2966 σταφυλάς

2087 2997 2147 3050 ὲν
2167 2996 2380 3064 ληνοῖςο
2434 2995 2672 3065 Βρόμιον
2715 2992 2809 3051 δὲ.
2843 2993 2951 3045 ἀπὸ
2982 2991 3082 3046 τοῦ
3121 2989 3264 3044 κατά
3309 2988 3407 3059 τὴν
3453 2989 3677 3057 γένεσιν

2082 3088 2247 3144 αὐτοῦ
2283 3088 2509 3160 βρόμου.
2535 3089 2645 3141 Καὶ
2689 3087 2964 3158 Σατύρους
2994 3084 3051 3138 δέ
3092 3101 3253 3153 φασιν
3281 3082 3441 3136 αὐτὸν
3473 3081 3675 3151 περιά-

2081 3174 2276 3246 γεσθαι
2303 3177 2359 3228 ὲν
2394 3178 2510 3240 ταῖς
2543 3175 2802 3247 ὀρχήσεσι
2831 3175 2922 3229 καὶ
2945 3175 3066 3236 ταῖς
3098 3171 3449 3243 τραγῳδίαις,
3475 3169 3674 3239 τέρψιν

2080 3267 2231 3339 αὐτῷ
2257 3267 2350 3321 καὶ
2372 3266 2569 3337 ἡδονὴν
2594 3265 2955 3338 παρέχοντας,
2980 3264 3292 3329 καταδεῖξαι
3320 3262 3377 3315 δὲ
3411 3261 3670 3332 θέατρον,

2079 3360 2175 3415 καὶ
2209 3357 2485 3430 μουσικῶν
2519 3357 2885 3429 ἀκροαμάτων
2918 3356 3261 3426 συστήματα.
3287 3350 3528 3406 Τοιαῦτα
3567 3350 3671 3421 μὲν

2078 3450 2148 3504 τά
2173 3448 2302 3519 περὶ
2335 3445 2610 3500 Διονύσου.
2647 3445 2752 3497 Τὸν
2781 3443 2838 3497 δὲ
2872 3444 3117 3513 Πρίαπον
3143 3482 3158 3505 ,
3195 3440 3307 3494 υἱὸν
3349 3435 3489 3493 εἷναί
3530 3453 3670 3508 φασι

2078 3538 2330 3593 Διονύσου
2373 3538 2467 3591 καὶ
2520 3533 2860 3607 Ἀφροδίτης,
2913 3534 3001 3588 διά
3050 3534 3111 3587 τὸ
3161 3535 3288 3597 τοὺς
3339 3530 3672 3595 οἰνωθέντας

2078 3629 2324 3701 φυσικῶς
2356 3626 2672 3683 ἐντετάσθαι
2706 3626 2843 3696 πρὸς
2878 3625 2978 3688 τὰς
3016 3622 3411 3697 ἀφροδισιακὰς
3444 3621 3670 3693 ἡδονάς.

2079 3720 2235 3785 Τινὲς
2263 3720 2322 3773 δέ
2352 3735 2483 3789 φασι
2511 3719 2573 3772 τὸ
2604 3717 2802 3772 αἰδοῖον
2832 3715 2939 3769 τῶν
2972 3714 3276 3787 ἀνθρώπων
3307 3713 3434 3776 τοὺς
3466 3711 3673 3766 παλαι--

2077 3811 2171 3876 οὺς
2205 3809 2446 3881 μυθικῶς
2471 3807 2716 3879 Πρίαπον
2744 3806 3049 3878 ὀνομάζειν.
3095 3806 3266 3857 Ἐνιοι
3306 3804 3365 3857 δὲ
3413 3803 3671 3871 λέγουσι,

2077 3901 2137 3955 τὺ
2164 3900 2478 3970 γεννητικὸν
2530 3899 2719 3971 μόριον
2758 3897 2929 3950 αἴτιον
2955 3897 3222 3968 ὑπάρχειν
3265 3896 3366 3964 τῆς
3395 3894 3673 3963 γενέσεως

2077 3992 2186 4046 τῶν
2211 3991 2534 4064 ἀνθρώπων,
2565 3993 2659 4046 καὶ
2683 3991 2773 4045 διὰ
2807 3990 2965 4045 τοῦτο
2997 3991 3078 4054 είς
3116 3990 3333 4043 ἅπαντα
3366 3988 3459 4041 τὸν
3492 3986 3675 4042 αἰῶνα

2077 4086 2257 4154 τυχεῖν
2280 4084 2378 4153 τῆς
2414 4083 2683 4137 ἀθανάτου
2714 4083 2897 4153 τιμῆς.
2927 4083 3136 4155 Ὥσπερ
3161 4079 3256 4136 οὖν
3281 4082 3376 4135 καὶ
3412 4082 3464 4134 οἰ
3497 4079 3677 4149 Atrio

2079 4192 2224 4228 πτιοι
2257 4175 2358 4246 τὴν
2381 4171 2522 4228 Ἶσιν
2567 4174 2774 4244 ἔφησαν
2805 4174 2875 4227 τὰ
2911 4175 3048 4246 μέλη
3083 4174 3180 4228 τοῦ
3229 4174 3497 4245 Ὀσίριδος
3530 4175 3673 4227 ἀνα-

2078 4265 2345 4338 ζητοῦσαν
2368 4306 2382 4330 ,
2417 4267 2477 4321 τὸ
2522 4267 2720 4322 αἰδοῖον
2760 4266 2925 4320 αὐτοῦ
2985 4269 3058 4339 μὴ
3101 4267 3407 4339 δυναμένην
3457 4267 3671 4339 εὑρεῖν,

2079 4356 2389 4423 καταδεῖξαι
2419 4359 2584 4429 τιμᾷν
2622 4357 2698 4421 ὡς
2732 4356 2888 4422 θεὸν,
2945 4358 3042 4411 καὶ
3085 4357 3365 4412 ἀναθεῖναι
3427 4359 3572 4410 κατά
3605 4355 3675 4411 τὸ

401 4455 469 4510 ad
501 4455 716 4526 plenam
764 4472 830 4512 ac
883 4472 1235 4514 numerosam
1287 4458 1564 4514 variorum
1616 4469 1976 4515 conccntuum

2087 4451 2229 4522 ἱερὸν
2251 4450 2629 4522 ἐντεταμένον.
2670 4449 2831 4503 Ἀλλά
2855 4451 2949 4502 καὶ
2978 4450 3107 4520 παρ’
3134 4450 3392 4520 Ἕλλησιν
3411 4450 3474 4502 οὐ
3502 4448 3675 4519 μόνον

402 4547 767 4617 integritatem
826 4552 1119 4621 pertinent,
1148 4553 1512 4623 excogitatum
1551 4551 1742 4609 fuisse.
1793 4553 1972 4623 Atque

399 4641 515 4697 haec
531 4642 599 4697 de
630 4641 844 4700 Baccho
871 4644 1041 4701 Graeci
1081 4646 1457 4716 prodiderunt.
1498 4644 1618 4701 Jam
1650 4662 1780 4703 vero
1816 4646 1971 4702 Pria-

396 4746 525 4800 pum
554 4733 798 4803 ejusdem
860 4734 1057 4792 Bacchi
1110 4737 1448 4807 Venerisque
1481 4738 1651 4793 lilium
1694 4754 1816 4795 esse
1861 4748 1973 4794 tra-

396 4823 555 4888 dunt,
587 4825 735 4894 quod
771 4826 1021 4883 homines
1047 4829 1178 4883 vino
1226 4828 1429 4883 madidi
1460 4830 1695 4885 naturali
1733 4831 1969 4901 quodam

398 4913 452 4966 in
476 4914 766 4969 obscenam
799 4917 1129 4987 voluptatem
1162 4918 1367 4988 impetu
1405 4920 1643 4991 arrigere
1668 4936 1970 4977 consueve-

396 5005 526 5058 rint.
559 5003 883 5075 Quanquam
945 5008 1066 5062 aliis
1124 5009 1322 5078 placet,
1383 5010 1671 5065 honestum
1724 5012 1971 5080 corporis

401 5093 624 5147 humani
656 5095 963 5153 membrum
1005 5110 1035 5150 a
1071 5098 1347 5152 veteribus
1391 5095 1646 5165 Priapum
1690 5096 1745 5150 in
1772 5095 1971 5153 fabulis

398 5184 728 5254 appellatum
788 5200 947 5252 esse;
985 5187 1078 5242 alii
1138 5204 1270 5243 vero
1313 5189 1544 5254 malunt,
1600 5186 1743 5241 idem
1789 5187 1969 5256 ipsum

399 5274 544 5341 quod
574 5275 828 5331 humanae
876 5279 1244 5347 generationis
1277 5292 1442 5334 causa
1500 5278 1591 5341 sit,
1633 5277 1970 5335 immortales

402 5364 640 5423 honores
665 5382 732 5422 ex
764 5369 913 5423 omni
936 5368 1261 5424 saeculorum
1300 5368 1566 5424 memoria
1609 5378 1966 5425 consecutum

402 5456 571 5512 fuisse
605 5476 619 5511 :
653 5460 1115 5526 quemadmodum
1176 5461 1341 5515 etiam
1389 5457 1630 5531 Egyptii
1661 5458 1842 5516 ferunt
1867 5461 1969 5517 lsi-

399 5549 523 5601 dem
557 5563 680 5601 cum
711 5548 1101 5620 investigandis
1123 5551 1354 5617 Osiridis
1400 5552 1662 5609 membris
1682 5564 1968 5625 occupata,

396 5644 670 5690 veretrum
721 5653 891 5692 unum
945 5656 1008 5694 ex
1045 5640 1302 5693 omnibus
1335 5639 1574 5710 reperire
1604 5654 1714 5695 non
1750 5650 1969 5711 posset,

396 5728 641 5784 divinum
675 5730 727 5787 ei
765 5730 968 5787 cultum
1002 5732 1324 5799 instituisse,
1377 5742 1430 5787 et
1459 5740 1729 5790 arrectum
1759 5733 1878 5799 eius
1906 5733 1972 5789 si-

2081 4545 2139 4595 ἐν
2170 4546 2289 4606 ταῖς
2324 4544 2699 4605 Διονυσιακαῖς
2734 4542 2994 4603 τελεταῖς,
3024 4541 3157 4594 ἀλλὰ
3193 4542 3288 4594 καὶ
3309 4543 3433 4604 ταῖς
3475 4539 3675 4603 ἄλλαις

2078 4634 2320 4695 άπάσαις
2360 4624 2513 4694 οὗτος
2555 4632 2583 4683 ὁ
2631 4629 2753 4694 θεὸς
2786 4630 3045 4700 τυγχάνει
3100 4630 3245 4694 τινὸς
3294 4629 3481 4700 τιμῆς,
3526 4630 3676 4699 μετά

2078 4723 2311 4791 γέλωτος
2337 4723 2432 4776 καὶ
2454 4720 2674 4785 παιδιᾶς
2700 4721 3167 4791 παρεισαγόμενος
3186 4721 3243 4773 ὲν
3270 4723 3393 4784 ταῖς
3417 4719 3672 4784 θυσίαις·

2075 4816 2151 4879 ῶς
2184 4817 2276 4869 καὶ
2308 4817 2400 4869 τὸν
2435 4813 2876 4888 Ἑρμαφρόδιτον,
2921 4812 2978 4865 ὃν
3012 4812 3071 4878 ἐξ
3111 4811 3310 4882 Ἑρμοῦ
3346 4813 3442 4866 καὶ
3469 4812 3677 4883 Ἀφρο-

2077 4907 2227 4976 δίτης
2246 4905 2589 4976 γεννηθέντα,
2613 4906 2795 4974 τυχεῖν
2820 4904 2919 4973 τῆς
2949 4903 3340 4976 προσηγορίας.
3374 4902 3579 4956 Τοῦτον
3608 4902 3675 4957 δέ

2080 5015 2211 5068 φασι
2237 4998 2327 5051 τὸν
2360 4997 2479 5050 θεὸν
2501 4997 2642 5051 κατά
2673 5012 2825 5058 τινας
2854 4995 3077 5066 χρόνους
3102 4995 3387 5062 φαίνεσθαι
3416 4994 3549 5063 παρ’
3571 4993 3677 5046 άν-

2080 5091 2338 5162 θρώποις,
2359 5090 2451 5143 καὶ
2471 5087 2760 5157 γεννᾶσθαι
2778 5088 2877 5158 τὴν
2896 5086 2990 5140 τοῦ
3013 5085 3262 5154 σώματος
3287 5086 3451 5155 φύσιν
3469 5086 3676 5156 ἔχοντα

2078 5182 2137 5248 ἐξ
2169 5181 2362 5253 ἀνδρὸς
2391 5181 2485 5233 καὶ
2512 5178 2785 5246 γυναικός.
2821 5178 2993 5230 Ἔνιοι
3015 5177 3072 5230 δὲ
3098 5177 3166 5229 τὰ
3198 5174 3427 5229 τοιαῦτα
3456 5175 3676 5247 τέρατα

2079 5272 2345 5343 ὑπάρχειν
2378 5271 2544 5339 φασὶ,
2594 5269 2833 5330 σπανίως
2888 5284 2947 5320 τε
2995 5268 3262 5337 γενόμενα
3286 5307 3301 5330 ,
3351 5268 3677 5337 σημαντςκὰ

2079 5365 2210 5416 ποτὲ
2241 5364 2339 5435 μὲν
2372 5363 2557 5416 κακῶν
2579 5400 2594 5423 ,
2638 5359 2770 5413 ποτὲ
2796 5359 2841 5412 δ’
2884 5357 3102 5426 ἀγαθῶν
3147 5358 3416 5425 γίνεσθαι.
3454 5359 3569 5423 Τὰς
3608 5360 3677 5413 δὲ

2079 5456 2337 5518 Μούσας,
2385 5453 2688 5525 θυγατέρας
2734 5447 2873 5506 εἶναι
2926 5451 3047 5514 Διὸς
3104 5451 3199 5504 καὶ
3253 5450 3673 5522 Μνημοσύνηςο

2080 5549 2226 5611 τινὲς
2257 5548 2333 5610 δὲ,
2370 5544 2613 5617 Οὐρανοῦ
2667 5544 2763 5598 καὶ⁸
2797 5542 2922 5613 Γῆς.
2956 5543 3265 5615 Παρθένους
3296 5560 3357 5596 τε
3406 5542 3581 5606 αὐτὰς
3620 5544 3675 5595 σί

2081 5641 2324 5695 πλεῖστοι
2379 5636 2770 5710 μυθολογοῦσι,
2820 5639 3002 5707 τυχεῖν
3034 5653 3093 5689 τε
3147 5635 3247 5706 τῆς
3286 5635 3677 5705 προσηγορίας

2080 5732 2190 5787 ἀπὸ
2214 5730 2306 5785 τοῦ
2345 5731 2497 5784 αυείν
2537 5730 2661 5792 τοὺς
2683 5726 3022 5793 ἀνθρώπους,
3056 5726 3212 5781 τοῦτο
3264 5725 3319 5778 δέ
3365 5727 3480 5779 ἐστι
3520 5724 3678 5779 διδά-
