3840 6216
216 302 308 356 me
1361 305 1684 362 ΡΒᾸΞΡΑΒ.
1722 303 1732 358 1

1938 304 1982 362 ἱ.
2017 304 2150 361 LIB.
2195 307 2260 362 11.
3351 311 3454 365 llo

213 440 349 478 σκειν
388 424 454 478 τὰ
501 425 662 478 καλά.
714 426 852 497 Περὶ
891 426 949 481 δὲ
995 426 1092 480 τοῦ
1146 427 1479 499 Ἡρακλέους
1518 426 1729 498 Ἕλληνι

1937 424 2184 481 ulacrum
2221 426 2276 480 in
2308 425 2511 496 templo
2568 441 2944 484 consecrasse.
2982 427 3054 482 At
3104 427 3248 482 enim
3311 432 3453 500 apud

209 517 368 571 τοιάδε
401 517 781 589 φασί.Δανάης
801 519 903 589 τῆς
935 520 1205 589 Ἀκρισίου
1234 521 1330 575 καὶ
1351 521 1492 584 Διὸς,
1525 519 1725 588 meae

1934 531 2102 572 raecos
2133 533 2239 572 non
2272 526 2482 573 tantum
2519 518 2574 573 in
2598 519 2801 576 Bacchi
2831 519 3006 576 sacris
3050 528 3106 576 et
3135 521 3330 585 initiis,
3353 537 3450 578 ve-

210 609 435 680 Περσέα·
469 609 728 682 Περσέως
756 611 813 664 δὲ
836 613 929 665 καὶ
961 612 1336 683 Ἀνδρομέδας,
1373 612 1726 683 Ἠλεκτρύων‹

1939 623 2004 661 im
2029 615 2085 663 et
2119 609 2174 662 in
2216 611 2431 666 caeteris
2479 626 2698 682 quoque
2745 612 3002 668 omnibus
3057 612 3164 667 hoc
3209 613 3455 668 numinis

209 702 266 754 ὲκ
285 701 336 752 δὲ
368 699 554 754 τούτου
591 702 846 770 γενέσθαι
877 703 974 774 τὴν
1011 704 1339 775 Ἀλκμήνην,
1441 702 1666 775 μιγέντα
1684 703 1725 756 τὲ

1933 715 2070 766 :nus,
2112 700 2166 754 in
2215 701 2486 758 sacrificia
2522 718 2648 758 cum
2698 703 2812 759 risu
2870 719 2936 760 ac
2975 705 3116 776 jocis
3145 706 3449 768 inductum.

208 791 296 844 Δία
316 793 564 861 γεννῆσαι
590 794 683 846 τὸν
709 792 1003 864 Ἡρακλέα.
1026 795 1371 866 Μισγόμενον
1397 795 1456 848 δὲ
1487 794 1724 864 αὑτῇ,τρ

1943 799 2027 844 rto
2079 791 2319 860 quodam
2389 791 2598 848 honore
2663 804 3092 865 prosequuntur.
3151 795 3454 854 Persimilis

211 885 456 939 πλασίονα
480 887 581 957 τὴν
598 886 770 940 νύκτα
795 889 1039 957 ποιῆσαι·
1065 888 1236 959 μόνην
1249 905 1310 940 τε
1326 887 1530 957 ταύτην
1544 887 1638 940 τοῦ
1654 887 1727 940 Διί

1935 880 2006 936 iic
2057 879 2566 951 Hermaphroditus,
2595 885 2681 938 cui
2709 885 2857 954 quod
2900 883 3100 942 Herme
3135 895 3192 942 et
3230 887 3450 958 Aphro-

206 977 293 1048 τὴν
313 978 545 1048 ὁμιλίαν,
575 979 678 1032 ούκ
701 979 972 1050 ἐρωτικῆς
996 979 1286 1050 ἐπιθυμίας
1313 980 1475 1034 ἕνεκα
1494 979 1722 1048 γενέσθα

1938 982 2006 1035 te,
2045 973 2151 1028 hoc
2185 984 2269 1028 est
2303 973 2574 1030 Mercurio
2624 990 2690 1030 ac
2749 974 2957 1032 Venere
2983 987 3135 1033 satus
3159 989 3324 1045 esset,
3349 979 3454 1035 hoc

204 1070 441 1142 καθάπερ
464 1073 561 1124 ἐπὶ
591 1071 705 1123 τῶν
742 1071 918 1126 ἄλλων
949 1073 1248 1139 γυναικῶν,
1279 1071 1416 1125 ἀλλὰ
1439 1072 1499 1126 τὸ
1519 1071 1720 1125 πλεῖστ‹

1935 1065 2114 1121 iminis
2145 1067 2402 1122 tribuere.
2451 1068 2530 1124 Ac
2585 1069 2834 1124 nonnulli
2879 1069 3100 1140 quidem
3139 1072 3300 1128 statis
3323 1074 3451 1143 qui-

202 1161 292 1230 τῆς
328 1162 674 1225 παιδοποιίας
714 1161 895 1234 χάριν.
916 1164 1026 1234 Τὴν
1058 1163 1114 1216 δὲ
1150 1165 1327 1235 ’Ἦραν
1361 1162 1718 1234 ζηλοτυποῦσι

1937 1159 2106 1214 Isdam
2139 1160 2477 1229 temporibus
2527 1160 2690 1217 deum
2718 1161 2886 1216 istum
2919 1161 3061 1217 inter
3079 1163 3334 1220 homines
3363 1181 3453 1235 ap-

199 1256 632 1326 παρακατασχείν
676 1253 775 1323 μὲν
844 1255 1152 1325 Ἀλκμήνης
1196 1256 1295 1318 τὰς
1354 1255 1569 1320 ὠδῖνας,
1599 1256 1715 1309 τὸνι

1934 1269 2088 1317 πει-ο,
2111 1254 2365 1324 virilique
2393 1256 2558 1310 simul
2606 1271 2671 1312 ac
2700 1254 2955 1310 muliebri
2997 1271 3131 1311 sexu
3173 1257 3450 1327 procreari

197 1346 461 1417 Εὐρυσθέα
491 1346 602 1417 πρὸ
628 1346 721 1399 τοῦ
779 1345 1112 1418 καθήκοντος
1152 1347 1345 1417 χρόνου
1386 1347 1522 1418 πρὸς
1557 1347 1616 1400 τὺ
1651 1349 1713 1418 φῦ

1933 1345 2118 1402 ribunt
2163 1366 2176 1402 :
2215 1347 2306 1402 alii
2368 1356 2579 1414 contra,
2639 1350 2786 1418 quod
2847 1349 3118 1420 ejusmodi
3168 1349 3449 1405 hominum

192 1439 424 1506 ἀγαγεῖν,
455 1438 554 1491 τοῦ
582 1438 706 1502 Διὸς
744 1438 1207 1510 προαγορεύοντος
1239 1439 1329 1491 τὸν
1363 1440 1706 1511 τεχθησόμεν

1937 1447 2025 1494 tus
2053 1453 2280 1508 perraro
2314 1440 2656 1511 contingant,
2685 1455 2782 1495 eos
2822 1441 2876 1494 in
2920 1439 3295 1510 prodigiorum
3330 1441 3452 1496 loco

193 1530 301 1582 κατ’
331 1529 548 1600 ἐκείνην
596 1529 696 1600 τὴν
747 1529 965 1601 ἡμέραν
997 1528 1316 1599 βασιλεῦσαι
1349 1529 1443 1583 τοῦ
1493 1530 1709 1602 Περσιδὶ

1936 1533 2109 1599 ιίιὶιοε,
2155 1550 2245 1591 res
2277 1551 2673 1605 nonnunquam
2724 1536 3006 1601 adversas,
3041 1536 3452 1604 aliquando’su-

189 1623 386 1690 γένους.
425 1622 682 1676 Τεκοῦσα
707 1622 764 1675 δὲ
811 1623 1111 1696 Ἀλκμήνη,
1163 1622 1444 1693 ἐξέθηκεν,
1499 1623 1576 1688 ὥς
1611 1642 1705 1694 φας

1942 1624 2079 1680 ndas
2106 1626 2476 1695 praenuntiare
2500 1609 2818 1681 defendunt.
2847 1625 3113 1682 Praeterea
3154 1625 3337 1700 Musas
3359 1625 3452 1681 alii

189 1712 242 1764 τὸ
268 1711 484 1785 βρέφος,
518 1712 673 1783 φόϐῳ
701 1713 803 1782 τῆς
833 1713 1031 1786 Ἥρας.
1088 1714 1199 1786 Τὴν
1261 1715 1318 1768 δὲ
1365 1714 1596 1786 Ἀθηνᾶν
1625 1718 1705 1784 άγι

1937 1717 2016 1772 vis
2046 1732 2112 1772 ac
2131 1716 2534 1788 Mnemosynes,
2569 1717 2658 1772 alii
2681 1717 2818 1772 Caeli
2847 1717 3135 1788 Terraeque
3163 1717 3301 1774 ﬁlias
3330 1733 3453 1773 esse

187 1775 396 1858 σθεῖσαν
420 1775 482 1858 τὸ
521 1775 962 1877 βρέφος-πεῖσαι
992 1775 1093 1877 τὴν
1121 1775 1298 1878 Ἦραν
1330 1775 1594 1878 ύποσίίεῖν·
1618 1775 1703 1860 adi

1930 1808 2088 1864 ilunt:
2115 1809 2336 1866 easdem
2366 1775 2608 1881 virgines
2638 1809 2811 1866 fuisse
2833 1775 3079 1881 plerique
3102 1810 3446 1879 fabulantur,

187 1896 272 1966 τὴν
298 1895 488 1968 θηλήν.
517 1899 626 1950 Τοῦ
659 1898 716 1950 δὲ
740 1899 930 1962 παιδὸς
966 1899 1106 1968 ὑπὲρ
1142 1898 1241 1970 τὴν
1287 1899 1502 1970 ἠλικίαν
1536 1899 1703 1971 βιαιότ

1931 1913 2260 1968 usarumque
2329 1901 2551 1955 nomine
2604 1902 2938 1971 appellatas,
3005 1901 3153 1972 quod
3200 1902 3447 1958 homines

184 2003 270 2058 ρον
298 1989 756 2060 ἐπισπασαμένου
805 1988 903 2060 τὴν
930 1987 1120 2060 θηλὴν,
1153 1991 1186 2060 ή
1231 1990 1329 2060 μὲν
1357 1991 1506 2063 Ἦρα
1542 1990 1697 2058 διαλγ

1934 2003 2018 2042 sos
2053 1993 2230 2059 μυεῖν,
2262 1989 2315 2044 id
2365 2000 2450 2046 est
2478 1991 2703 2046 honesta
2748 1992 2946 2046 docere
2986 2000 3331 2061 putarentur.
3374 1991 3450 2047 De

184 2097 312 2134 σασα
339 2083 398 2136 τὸ
425 2081 633 2152 βρέφος
663 2081 902 2152 ἔρριψεν·
941 2079 1142 2152 Ἀθηνᾶ
1156 2082 1212 2134 δὲ
1241 2083 1584 2154 κομισαμένη
1610 2084 1700 2138 αύιτ

1934 2081 2100 2134 :rcule
2129 2091 2311 2135 autem
2355 2081 2409 2136 in
2441 2081 2589 2136 hunc
2613 2081 2725 2138 fere
2749 2082 2972 2138 modum
3004 2083 3177 2139 Graeci
3211 2084 3450 2154 loquun-

185 2173 272 2242 τὴν
294 2173 514 2244 μητέρα
548 2173 771 2244 τρέφειν
815 2173 1276 2244 παρεκελεύσατο.
1326 2174 1479 2228 Μετὰ
1507 2176 1564 2230 δὲ
1593 2177 1701 2230 ταῦε

1931 2188 1977 2226 ι·.
2007 2170 2268 2228 Perseum
2299 2173 2522 2242 quidem
2555 2189 2621 2228 ex
2657 2172 2792 2231 Jove
2829 2185 2883 2230 et
2907 2175 3091 2230 Danae
3117 2175 3316 2232 Acrisii
3336 2176 3446 2231 filia

182 2266 208 2332 ἢ
239 2264 336 2334 μὲν
368 2265 523 2337 Ἦρα
555 2265 649 2318 δύο
677 2265 982 2338 δράκοντας
1009 2266 1295 2318 ἀπέστειλε
1315 2306 1330 2328 ,
1388 2268 1515 2331 τοὺς
1557 2268 1698 2322 ἀναλι

1929 2273 2237 2328 οοτθοιυηι,
2282 2264 2664 2338 Electryonem
2721 2282 2789 2323 ex
2846 2266 3191 2323 Andromeda
3253 2283 3445 2324 susce—

179 2370 358 2420 σοντας
386 2357 449 2410 τὸ
505 2357 728 2429 βρέφος,
774 2360 802 2411 ὁ
861 2358 918 2411 δὲ
947 2359 1075 2420 παῖς
1111 2358 1172 2409 οὐ
1207 2359 1600 2430 καταπλαγεὶς,
1636 2363 1695 2415 ὲκ

1929 2370 2035 2418 sse,
2069 2355 2163 2425 qui
2192 2354 2514 2410 Alcmenam
2567 2365 2754 2426 postea
2800 2356 3050 2426 genuerit
3079 2373 3094 2409 :
3128 2357 3445 2412 Alcmenam

183 2450 298 2520 τέρᾳ
324 2450 432 2503 τῶν
493 2451 699 2522 χειρῶν
745 2451 836 2505 τὸν
865 2453 1071 2523 αὐχένα
1100 2453 1294 2523 θλίψας
1339 2452 1606 2520 ἀπέπνιξε
1638 2472 1698 2507 το

1933 2445 2150 2513 roJovi,
2181 2449 2275 2518 qui
2310 2457 2525 2504 noctem
2562 2450 2616 2503 in
2653 2464 2757 2505 suo
2785 2450 3071 2519 complexu
3116 2465 3242 2505 cum
3268 2450 3447 2506 tribus

145 2532 148 2535 ’
174 2541 490 2613 δρὼιοντας.
533 2544 714 2615 Ἀνδρὶ
738 2543 794 2597 δὲ
825 2546 1102 2617 γενομένῳ
1125 2545 1205 2615 τῷ
1234 2545 1526 2617 Ἠρακλεῖ,
1583 2546 1656 2598 Εὐ

1927 2540 2116 2594 ictibus
2143 2549 2473 2610 aequaverat,
2502 2540 2784 2597 Herculem
2808 2535 3106 2612 peperisse.
3142 2543 3211 2597 Et
3225 2544 3443 2614 quidem

177 2633 328 2697 σθεὺς
357 2637 387 2688 ὀ
412 2635 518 2706 τὴν
550 2635 830 2705 βασιλείαν
870 2637 1008 2708 ἔχων
1040 2638 1138 2708 τῆς
1179 2638 1450 2707 Ἀργείας,
1496 2638 1693 2708 προστό

1927 2631 2044 2686 lum
2080 2633 2230 2688 hunc
2251 2649 2317 2688 ex
2344 2635 2600 2689 omnibus
2647 2633 2800 2690 Jovis
2827 2650 3207 2705 congressum,
3237 2650 3347 2691 non
3376 2652 3443 2692 ex

174 2739 247 2776 ut
273 2725 472 2788 ἄθλους
493 2725 714 2779 τελέσαι
741 2725 969 2780 δώδεκα.
999 2728 1092 2790 Εἰς
1121 2727 1321 2799 πολλὴν
1350 2729 1408 2782 δὲ
1449 2729 1690 2800 άμηχανί

1929 2724 2131 2777 natoria
2157 2723 2415 2792 cupidine
2439 2734 2498 2780 ut
2525 2734 2772 2793 caeteros,
2798 2727 3000 2796 quibus
3021 2743 3136 2782 rem
3166 2744 3289 2784 cum
3321 2729 3445 2783 aliis

172 2821 498 2890 ἐμπεσόντος
535 2821 722 2883 αὐτοῦ,
758 2822 907 2892 Ἥρα
939 2821 1039 2892 μὲν
1069 2821 1318 2892 ἐπεμψεν
1341 2822 1493 2892 αὐτῷ
1522 2821 1688 2876 λύσσα

1929 2813 2188 2869 ulieribus
2222 2814 2508 2881 habuerat,
2550 2816 2642 2872 sed
2685 2831 2754 2872 ex
2801 2817 3065 2888 singulari
3098 2819 3333 2890 quadam
3380 2835 3445 2874 ac

172 2912 198 2963 ὁ
226 2912 363 2984 δὲτῇ
392 2913 551 2984 ψυχῇ
583 2913 890 2983 δυσφορῶν,
909 2917 988 2978 εἰς
1026 2915 1223 2986 μανίαν
1256 2914 1503 2968 ἐνέπεσεο
1535 2913 1629 2968 τοῦ
1661 2933 1688 2967 τι

1925 2905 2134 2974 παιοίρυει
2183 2907 2546 2977 suscipiendae
2574 2909 2782 2965 sobolis
2807 2910 3104 2981 cupiditate
3138 2911 3441 2982 profectum

171 3002 285 3068 οως
313 3005 372 3059 δὲ
402 3005 808 3076 αὐξανομένου,
843 3007 952 3059 τῶν
974 3006 1189 3079 φρενῶν
1245 3008 1404 3070 ἐκτὸς
1445 3007 1687 3078 γενόμεν‹

1929 3011 2004 3050 se.
2023 2996 2092 3050 At
2117 2995 2260 3053 Juno
2289 2999 2554 3072 zelotypia
2589 3000 2846 3072 flagrans,
2889 3019 3014 3058 cum
3047 3002 3236 3059 Jovem
3266 3003 3445 3060 diser-

170 3095 252 3150 τδν
283 3099 507 3170 ἑταῖρον
536 3099 629 3151 καὶ
656 3096 969 3166 ἀδελφιδοῦν
1014 3097 1213 3150 Ἰόλαον
1251 3096 1578 3151 ἐπεϐάλλετο
1609 3097 1758 3150 κτεί-
1786 3112 1829 3171 C
1865 3094 1916 3140 le
1958 3086 2062 3157 55
2107 3091 2493 3157 praedicantem
2552 3092 2839 3158 audiisset,
2885 3093 3130 3150 futurum
3163 3103 3224 3150 ut
3252 3096 3347 3166 qui
3376 3110 3444 3149 eo

169 3206 292 3253 νειν,
321 3190 418 3244 τοῦ
449 3191 515 3244 δὲ
542 3189 860 3259 φεύγοντος,
891 3189 1017 3254 τοὺς
1053 3189 1216 3254 ἰδίους
1243 3190 1437 3254 παῖδας
1482 3190 1547 3242 ὲκ
1575 3192 1685 3260 Ma}

1921 3194 1948 3232 ο
1995 3190 2331 3246 nasceretur,
2376 3182 2423 3238 is
2463 3182 2812 3240 Persidarum
2858 3188 3046 3258 generi
3104 3189 3437 3259 imperaret,

167 3296 282 3350 ρας,
303 3281 407 3350 τῆς
423 3282 709 3352 Κρέοντος
727 3280 822 3334 τοῦ
843 3279 1107 3350 βασιλέως
1129 3281 1419 3353 θυγατρὸς,
1438 3281 1683 3352 γενομένι

1929 3285 2135 3326 cmena:
2162 3282 2317 3342 partu
2343 3275 2437 3345 qui
2467 3285 2715 3333 maturus
2747 3278 2860 3348 jam
2884 3288 3001 3334 erat
3051 3280 3307 3345 inhibito,
3339 3279 3442 3334 Eu-

165 3371 305 3444 αὐτῷ
332 3373 732 3440 κατετόξευσεν
780 3373 855 3437 ὡς
905 3374 1219 3445 πολεμίους.
1253 3375 1363 3428 Καὶ
1389 3373 1528 3442 μετὰ
1585 3374 1681 3428 ταῦ

1925 3363 2139 3419 stheum
2171 3366 2226 3421 in
2255 3367 2432 3422 lucem
2457 3380 2580 3423 ante
2602 3369 2906 3439 legitimum
2934 3373 3193 3428 nascendi
3221 3381 3438 3444 tempus

166 3464 341 3535 ἡρέμα
367 3467 658 3530 καταστὰς
684 3467 953 3536 ὑπουργεῖ
975 3465 1053 3536 τῷ
1097 3465 1370 3537 Εὐρυσθεῖ
1393 3466 1521 3528 τοὺς
1549 3466 1678 3520 δώδε

1921 3457 2065 3510 luxit.
2093 3455 2236 3523 Quin
2265 3458 2430 3513 etiam
2469 3459 2727 3515 Alcmena
2758 3460 2992 3518 Junonis
3051 3473 3199 3520 metu
3250 3466 3437 3521 subla-

163 3556 369 3621 ᾱθλους.
419 3559 676 3629 Ἀναιρεί
724 3559 781 3611 δὲ
821 3560 1074 3622 καὶτοὺς
1122 3558 1488 3630 Κενταύρους,
1532 3558 1650 3629 μεθ’

1923 3560 1975 3599 m
2004 3544 2267 3603 infantem
2290 3550 2547 3618 exposuit
2572 3566 2587 3616 ;
2619 3549 2799 3607 Pallas
2831 3562 3014 3609 autem
3068 3554 3316 3625 ejusdem
3339 3557 3439 3611 ad—

163 3649 406 3721 χείρωνα
444 3651 545 3704 τὸν
567 3653 660 3704 ἐπὶ
712 3654 779 3722 τῇ
816 3653 1034 3724 ἰατρικῇ
1067 3649 1592 3722 βοώμενον,φασιιδὲ
1626 3651 1756 3705 τδιόν
1858 3636 2150 3698 miratione
2175 3649 2353 3709 capta,
2389 3639 2658 3696 Junonem
2705 3643 2879 3713 ipsam
2930 3653 2990 3699 ut
3034 3661 3328 3702 mammam
3360 3647 3438 3703 illi

161 3743 516 3814 τισυμϐἦναι
551 3742 692 3796 κατὰ
717 3745 818 3815 τὴν
855 3744 1066 3812 γένεσιν
1102 3742 1257 3796 τοῦδε
1309 3742 1405 3796 τοῦ
1442 3741 1589 3797 θεοῦ.
1623 3745 1677 3796 Ζε

1920 3728 2139 3797 aeberet,
2205 3731 2452 3796 adduxit,
2506 3748 2673 3804 quam
2722 3735 2814 3790 ubi
2854 3736 3232 3794 vehementius
3270 3754 3434 3809 quam

161 3832 260 3904 γὰρ
528 3833 628 3902 μὲν
649 3833 812 3904 ἐμίγη
835 3833 1057 3900 γυναικί¹
1096 3831 1266 3902 θνητῇ
1295 3831 1469 3906 Νιόϐη
1491 3834 1557 3903 τῇ
1580 3833 1677 3903 Φοί

1921 3835 1988 3876 as
2045 3820 2188 3878 ferre
2239 3823 2521 3880 videbatur
2550 3825 2735 3882 infans
2783 3828 3120 3895 attraxisset,
3171 3827 3316 3885 Juno
3337 3830 3437 3887 do-

160 3923 308 3988 νέως,
331 3925 553 3994 ἐσχάτῃ
575 3923 652 3984 δὲ,
684 3924 966 3997 Ἀλκμήνῃ
991 3926 1058 3994 τῇ
1081 3923 1176 3976 τοῦ
1203 3922 1534 3993 Ἡρακλέους
1564 3940 1670 3994 μητ

1917 3911 1989 3966 ris
2017 3911 2306 3983 impatiens
2329 3929 2454 3970 eum
2487 3916 2740 3986 proiecit,
2762 3915 2942 3973 Pallas
2967 3934 3097 3975 vero
3120 3929 3433 3991 susceptum

159 4013 366 4084 Ταύτην
400 4014 464 4066 δὲ
494 4013 607 4066 ἀπὸ
630 4012 836 4082 Νιόϐης
878 4012 1280 4084 ἑκκαιδεκάτην
1316 4012 1675 4082 γενεαλογοῦσ

1941 4012 2118 4060 mater
2150 4007 2318 4062 aleret
2346 4023 2445 4063 sua
2469 4008 2848 4065 adhortatione
2872 4009 3120 4082 perfecit.
3138 4012 3249 4069 Nec
3265 4015 3436 4068 multo

171 4104 250 4159 Ἐν
279 4106 460 4178 ταῦτῃ
485 4105 548 4158 δὲ
579 4107 676 4176 τὴν
724 4105 860 4177 πρὸς
917 4105 1018 4169 τὰς
1049 4105 1248 4177 θνητὰς
1267 4107 1482 4177 ὁμιλίαν
1527 4105 1687 4160 κατέλ

1919 4105 1982 4152 νει
2007 4099 2258 4170 geminos
2293 4101 2562 4159 dracones
2616 4105 2710 4175 qui
2762 4105 3053 4176 puerulum
3105 4107 3435 4179 deglutireut

160 4215 260 4252 σεν.
306 4200 480 4254 Ἀλλὰ
504 4199 615 4270 γὰρ
637 4199 860 4263 τελέσας
880 4201 1008 4263 τοὺς
1047 4199 1244 4264 ἄθλους
1266 4203 1295 4253 ὁ
1330 4200 1624 4273 Ἡρακλῆς,
1652 4219 1676 4254 τ

1927 4203 1997 4244 no
2022 4192 2314 4248 summittit
2342 4209 2356 4245 :
2393 4203 2448 4249 at
2475 4195 2565 4250 ille
2615 4197 2750 4252 nihil
2798 4198 3020 4254 territus
3048 4199 3279 4255 alterum
3309 4200 3435 4257 dex-

161 4292 252 4361 μὲν
285 4292 494 4346 ἑαυτοῦ
541 4295 775 4360 γυναῖκα
829 4292 1092 4364 Μεγάραν
1143 4291 1458 4363 συνῴκησεν
1496 4293 1635 4364 Ἰόλᾳ
1673 4313 1677 4328 ι

1913 4295 1989 4347 ra,
2025 4281 2244 4338 sinistra
2273 4284 2671 4342 alterumeliso
2707 4297 2925 4358 gutture
2948 4288 3251 4346 suffocavit.
3290 4290 3429 4348 Cum

155 4383 435 4454 ἀδελφιδῷ,
469 4383 564 4436 διὰ
596 4383 694 4455 τὴν
721 4383 946 4454 περῖτὰ
970 4384 1142 4439 τέκνα
1160 4384 1466 4456 συμφοράν.
1491 4384 1664 4448 Αὐτὸς

1917 4381 2035 4428 item
2089 4374 2302 4430 virilem
2362 4375 2624 4434 Hercules
2684 4369 3256 4453 aetatem‘ttigisset,
3319 4381 3433 4438 Eu-

168 4475 328 4546 Ἰόλην
358 4476 466 4548 τὴν
497 4476 742 4547 Εὐρύτου
774 4476 909 4548 πρὸς
936 4476 1114 4547 γάμον
1143 4455 1395 4546 αἰτήσας,
1454 4477 1528 4549 μὴ
1569 4476 1684 4532 δόντ

1920 4467 2110 4524 stheus
2133 4469 2228 4540 qui
2259 4479 2373 4526 tum
2409 4472 2569 4546 Argis
2600 4474 2920 4544 imperabat,
2957 4477 3256 4533 certamina
3288 4479 3432 4536 duo-

155 4565 208 4619 δὲ
229 4567 322 4621 τοῦ
350 4567 572 4640 πατρὸς
599 4569 855 4638 νοσήσας,
885 4567 1135 4638 χρησμὸν
1183 4567 1452 4638 λαμϐάνει
1477 4567 1671 4622 ἀπολυε

1917 4559 2030 4615 εοίιιι
2059 4560 2109 4615 ei
2139 4561 2474 4618 conﬁcienda
2509 4566 2833 4634 praescribit,
2863 4582 3103 4638 eumque
3126 4609 3143 4636 ,
3180 4569 3311 4625 dum
3355 4569 3433 4625 in-

159 4659 337 4712 σεσθαι
374 4661 486 4730 τῆς
513 4658 694 4723 νόσου,
718 4660 768 4710 εἰ
815 4659 1080 4730 πρότερον
1109 4658 1342 4732 πραθεὶς
1389 4658 1675 4714 δουλεύσειε

1913 4651 1998 4705 :nti
2020 4667 2202 4706 rerum
2224 4651 2538 4709 diﬂicultate
2579 4657 2778 4712 anxius
2829 4671 2894 4713 ac
2929 4660 3281 4729 perturbatus
3317 4660 3429 4717 hae-

157 4753 395 4817 Πλεύσας
427 4748 531 4806 οὗν
559 4754 641 4816 εἰς
664 4752 764 4824 τὴν
822 4753 1062 4824 Φρυγίαν
1113 4754 1218 4808 ὑπό
1245 4769 1387 4817 τινος
1441 4753 1548 4807 τῶν
1577 4753 1673 4824 (pili

1917 4750 1955 4807 t,
1991 4741 2241 4800 immisso
2270 4741 2457 4800 furore
2495 4743 2640 4802 Juno
2677 4747 2746 4803 de
2787 4749 2988 4805 mentis
3033 4760 3304 4821 potestate
3336 4752 3433 4808 de-

154 4847 557 4915 πιπράσκεται,
574 4843 669 4896 καὶ
682 4843 871 4908 δοῦλος
896 4845 1105 4913 γίνεται
1121 4843 1405 4916 Ὀμφάλης
1427 4844 1670 4916 βασιλευο

1915 4834 1988 4890 :it.
2029 4834 2173 4906 Ergo
2195 4837 2249 4890 vi
2287 4837 2464 4892 morbi
2501 4838 2744 4894 animum
2789 4839 2844 4895 in
2875 4841 2992 4898 dies
3019 4843 3184 4900 altius
3231 4859 3431 4915 perva—

153 4951 247 5006 σης
272 4939 386 4992 τῶν
437 4937 567 4991 τότε
607 4937 880 4999 Μαιόνων,
932 4937 1051 4990 νυνὶ
1093 4937 1151 4990 δὲ
1181 4936 1369 4992 Λυδῶν
1415 4937 1669 5009 ὀνομάζοι

1913 4937 2182 4993 :nte,cum
2217 4929 2331 4999 jam
2384 4931 2596 4987 nullum
2637 4935 2873 5005 amplius
2922 4936 3156 4992 rationis
3205 4952 3429 4993 sensum

153 5044 270 5082 νων.
293 5031 520 5085 Γίνεται
544 5031 604 5084 δὲ
627 5029 773 5100 αύτῷ
798 5028 937 5082 κατὰ
959 5030 1052 5083 τὸν
1079 5029 1178 5100 τῆς
1204 5029 1446 5093 δουλείας
1470 5029 1658 5102 καιρὸν

1919 5019 2100 5087 ὠσὶ-οι,
2164 5021 2372 5078 socium
2441 5039 2507 5079 ac
2555 5033 2805 5095 nepotem
2854 5025 3071 5082 Jolaum
3125 5027 3435 5084 interficere

150 5121 337 5194 δούλης
385 5122 512 5185 υίὸς
560 5120 853 5184 Κλεόλαος.
907 5122 1099 5192 Γήμας
1154 5120 1213 5174 δὲ
1265 5121 1366 5193 τὴν
1439 5121 1666 5193 Ὀμφάλη

1913 5122 2105 5181 matus,
2139 5129 2376 5184 cumque
2406 5115 2453 5170 is
2476 5131 2598 5172 sese
2631 5116 2754 5188 fuga
2803 5109 3178 5184 subduxisset,
3226 5118 3429 5174 liberos

152 5217 382 5268 ποιεῖται
440 5214 540 5266 καί¹
568 5212 630 5278 ἐξ
654 5213 824 5283 aﬁ'rﬁg
853 5211 1065 5275 παῖδας.
1117 5211 1381 5266 Ἐπανιὼν
1412 5211 1469 5265 δὲ
1522 5214 1602 5276 εἰς
1646 5230 1668 5266 1

1916 5219 1969 5260 se
2017 5220 2148 5262 suos
2187 5221 2254 5262 ex
2282 5206 2496 5277 Megara
2548 5209 2798 5265 Creontis
2830 5211 2975 5282 regis
3001 5211 3108 5266 ﬁlia
3141 5220 3432 5280 susceptos

163 5303 487 5374 Ἀρκαδίαν,
515 5303 612 5356 καὶ
635 5301 946 5365 καταλύσας
974 5301 1128 5371 παρὰ
1168 5300 1291 5372 Λεῷ
1330 5301 1440 5372 (54)
1469 5301 1548 5371 τῷ
1591 5302 1679 5371 βας

1984 5313 2220 5367 anquam
2281 5299 2467 5354 hostes
2509 5300 2722 5369 sagittis
2772 5301 3026 5358 confecit.
3087 5301 3276 5356 Postea
3324 5301 3429 5356 sibi
3495 5372 3500 5377 η

149 5393 244 5456 lsi,
270 5398 340 5465 τῇ
375 5393 622 5464 θυγατρὶ
674 5395 863 5448 τούτου
909 5393 1085 5464 λάθρα
1121 5392 1320 5463 μιγεὶς,
1371 5393 1466 5445 καὶ
1513 5393 1665 5462 ποιήο

1913 5390 2114 5444 ιιιΙιιιίηι
2163 5391 2444 5460 mentique
2494 5391 2740 5447 redditus
2766 5407 2901 5460 suae,
2931 5409 2998 5448 ex
3039 5393 3318 5463 imperatis
3359 5395 3429 5448 ab

151 5485 312 5558 αὐτὴν
341 5486 574 5555 ἔγκυον,
631 5483 923 5554 ἐπανῆλθε.
982 5483 1095 5538 Καὶ
1156 5483 1299 5555 μετὰ
1350 5483 1524 5537 ταῦτα
1581 5483 1667 5537 πά]

1911 5484 2158 5555 urystheo
2187 5484 2580 5539 certaminibus
2612 5483 2900 5540 duodecim
2932 5487 3108 5540 victor
3133 5487 3326 5551 evasit,
3363 5501 3427 5539 ac

153 5577 316 5648 ἑτι-,με
350 5577 689 5649 Δηϊάνειραν
734 5576 833 5648 τὴν
863 5577 1069 5640 Οἰνέως
1087 5615 1103 5640 ,
1149 5575 1597 5647 τετελευτηκότος
1640 5576 1669 5647 ﬁ

1909 5584 2143 5633 entauros
2171 5576 2462 5648 ipsumque
2491 5577 2628 5632 adeo
2654 5575 2951 5632 Chironem
2981 5578 3264 5633 medicina
3307 5586 3425 5631 arte

216 5693 326 5762 (54)
365 5691 524 5758 Αεῷ.
567 5691 814 5757 Diodor.,
829 5708 965 5818 ἕξις.
992 5693 1100 5748 259
1124 5691 1392 5763 ῐ),”Αλεῳ,
1422 5702 1589 5750 recte.
1617 5690 1732 5749 Ἦιίε

217 5767 348 5818 sitio
378 5763 655 5818 nlui-ibus.
687 5765 804 5818 Alei
868 5765 952 5818 liae
983 5779 1204 5818 nomen.
1232 5762 1405 5818 Δῠγ-η.

1915 5696 2112 5752 taniam
2130 5695 2196 5752 in
2225 5696 2522 5762 Arcadicis,
2563 5711 2616 5766 p.
2650 5693 2775 5762 239,
2820 5695 2918 5752 ubi
2942 5696 3008 5753 de
3040 5697 3145 5753 hoc
3175 5694 3431 5753 Herculis

155 5762 348 5834 ﬂagitio
378 5763 655 5836 pluribus.
687 5765 804 5820 Alei
829 5762 952 5820 ﬁliae
983 5779 1204 5829 nomen,
1232 5762 1405 5833 Αὔγη.
