  <div class='ocr_page' id='page_1' title='image "/cluster/home/n/w/nwhite01/storage/ocr_20150623/21/nnc1.0046978437/064.png"; bbox 0 0 3840 6216; ppageno 0'>
   <div class='ocr_carea' id='block_1_1' title="bbox 260 329 364 390">
    <p class='ocr_par' dir='ltr' id='par_1_1' title="bbox 260 329 364 390">
     <span class='ocr_line' id='line_1_1' title="bbox 260 329 364 390; baseline 0.01 -1"><span class='ocrx_word' id='word_1_1' title='bbox 260 329 364 390; x_wconf 73' lang='lat' dir='ltr'><strong>H3</strong></span> 
     </span>
    </p>
   </div>
   <div class='ocr_carea' id='block_1_2' title="bbox 1423 336 2352 411">
    <p class='ocr_par' dir='ltr' id='par_1_2' title="bbox 1423 336 2352 411">
     <span class='ocr_line' id='line_1_2' title="bbox 1423 336 2352 411; baseline -0.001 -14"><span class='ocrx_word' id='word_1_2' title='bbox 1423 340 1746 398; x_wconf 68' lang='grc' dir='ltr'>Ριωιωι.</span> <span class='ocrx_word' id='word_1_3' title='bbox 1784 337 2057 411; x_wconf 61' lang='lat' dir='ltr'><strong>genus.</strong></span> <span class='ocrx_word' id='word_1_4' title='bbox 2100 337 2231 395; x_wconf 86' lang='lat' dir='ltr'><strong>LIB.</strong></span> <span class='ocrx_word' id='word_1_5' title='bbox 2289 336 2352 396; x_wconf 85' lang='grc' dir='ltr'><strong>ιι.</strong></span> 
     </span>
    </p>
   </div>
   <div class='ocr_carea' id='block_1_3' title="bbox 3418 341 3529 403">
    <p class='ocr_par' dir='ltr' id='par_1_3' title="bbox 3418 341 3529 403">
     <span class='ocr_line' id='line_1_3' title="bbox 3418 341 3529 403; baseline 0 -1"><span class='ocrx_word' id='word_1_6' title='bbox 3418 341 3529 403; x_wconf 75' lang='grc' dir='ltr'><strong>ιιι</strong></span> 
     </span>
    </p>
   </div>
   <div class='ocr_carea' id='block_1_4' title="bbox 254 448 3530 528">
    <p class='ocr_par' dir='ltr' id='par_1_4' title="bbox 254 448 3530 528">
     <span class='ocr_line' id='line_1_4' title="bbox 254 448 3530 528; baseline 0.004 -21"><span class='ocrx_word' id='word_1_7' title='bbox 254 448 551 520; x_wconf 83' lang='lat' dir='ltr'><strong>eademque</strong></span> <span class='ocrx_word' id='word_1_8' title='bbox 579 458 742 507; x_wconf 90' lang='lat' dir='ltr'><strong>nocte</strong></span> <span class='ocrx_word' id='word_1_9' title='bbox 769 458 1120 525; x_wconf 59' lang='lat' dir='ltr'><strong>congruens,</strong></span> <span class='ocrx_word' id='word_1_10' title='bbox 1151 468 1366 523; x_wconf 88' lang='lat' dir='ltr'><strong>eorum,</strong></span> <span class='ocrx_word' id='word_1_11' title='bbox 1393 456 1490 527; x_wconf 86' lang='lat' dir='ltr'><strong>qui</strong></span> <span class='ocrx_word' id='word_1_12' title='bbox 1519 455 1841 527; x_wconf 66' lang='lat' dir='ltr'><strong>Thespiadae</strong></span> <span class='ocrx_word' id='word_1_13' title='bbox 1866 461 1915 519; x_wconf 79' lang='grc' dir='ltr'><strong>Α</strong></span> <span class='ocrx_word' id='word_1_14' title='bbox 1943 457 2097 513; x_wconf 79' lang='lat' dir='ltr'><strong>satis.</strong></span> <span class='ocrx_word' id='word_1_15' title='bbox 2136 453 2257 512; x_wconf 80' lang='lat' dir='ltr'><strong>Jam</strong></span> <span class='ocrx_word' id='word_1_16' title='bbox 2309 471 2442 527; x_wconf 79' lang='lat' dir='ltr'><strong>vero</strong></span> <span class='ocrx_word' id='word_1_17' title='bbox 2490 457 2638 528; x_wconf 90' lang='lat' dir='ltr'><strong>quod</strong></span> <span class='ocrx_word' id='word_1_18' title='bbox 2686 454 3066 527; x_wconf 68' lang='lat' dir='ltr'><strong>Esculspiom</strong></span> <span class='ocrx_word' id='word_1_19' title='bbox 3116 458 3310 515; x_wconf 84' lang='lat' dir='ltr'><strong>attinet</strong></span> <span class='ocrx_word' id='word_1_20' title='bbox 3329 499 3347 527; x_wconf 95' lang='lat'><strong>,</strong></span> <span class='ocrx_word' id='word_1_21' title='bbox 3379 459 3530 521; x_wconf 81' lang='lat' dir='ltr'><strong>hunc</strong></span> 
     </span>
    </p>
   </div>
   <div class='ocr_carea' id='block_1_5' title="bbox 257 540 3526 627">
    <p class='ocr_par' dir='ltr' id='par_1_5' title="bbox 257 540 3526 627">
     <span class='ocr_line' id='line_1_5' title="bbox 257 540 3526 627; baseline 0.005 -34"><span class='ocrx_word' id='word_1_22' title='bbox 257 540 629 605; x_wconf 83' lang='lat' dir='ltr'><strong>nominantur,</strong></span> <span class='ocrx_word' id='word_1_23' title='bbox 665 553 823 612; x_wconf 90' lang='lat' dir='ltr'><strong>pater</strong></span> <span class='ocrx_word' id='word_1_24' title='bbox 848 543 1074 601; x_wconf 80' lang='lat' dir='ltr'><strong>eﬂ&#39;ectus</strong></span> <span class='ocrx_word' id='word_1_25' title='bbox 1102 555 1206 602; x_wconf 88' lang='lat' dir='ltr'><strong>est.</strong></span> <span class='ocrx_word' id='word_1_26' title='bbox 1230 546 1515 604; x_wconf 85' lang='lat' dir='ltr'><strong>Postremo</strong></span> <span class='ocrx_word' id='word_1_27' title='bbox 1543 564 1667 604; x_wconf 91' lang='lat' dir='ltr'><strong>cum</strong></span> <span class='ocrx_word' id='word_1_28' title='bbox 1700 547 1847 604; x_wconf 87' lang='lat' dir='ltr'><strong>lolen</strong></span> <span class='ocrx_word' id='word_1_29' title='bbox 1949 548 2218 620; x_wconf 80' lang='lat' dir='ltr'><strong>Apollinis</strong></span> <span class='ocrx_word' id='word_1_30' title='bbox 2273 565 2340 619; x_wconf 58' lang='lat' dir='ltr'><strong>ex</strong></span> <span class='ocrx_word' id='word_1_31' title='bbox 2390 548 2699 613; x_wconf 85' lang='lat' dir='ltr'><strong>Phoronide</strong></span> <span class='ocrx_word' id='word_1_32' title='bbox 2746 550 2919 605; x_wconf 82' lang='lat' dir='ltr'><strong>tilium</strong></span> <span class='ocrx_word' id='word_1_33' title='bbox 2968 564 3093 606; x_wconf 82' lang='lat' dir='ltr'><strong>esse</strong></span> <span class='ocrx_word' id='word_1_34' title='bbox 3118 551 3383 615; x_wconf 84' lang='lat' dir='ltr'><strong>tradunt.</strong></span> <span class='ocrx_word' id='word_1_35' title='bbox 3430 557 3526 627; x_wconf 81' lang='lat' dir='ltr'><strong>qui</strong></span> 
     </span>
    </p>
   </div>
   <div class='ocr_carea' id='block_1_6' title="bbox 256 634 1841 710">
    <p class='ocr_par' dir='ltr' id='par_1_6' title="bbox 256 634 1841 710">
     <span class='ocr_line' id='line_1_6' title="bbox 256 634 1841 710; baseline 0.006 -25"><span class='ocrx_word' id='word_1_36' title='bbox 256 647 469 701; x_wconf 88' lang='lat' dir='ltr'><strong>quoque</strong></span> <span class='ocrx_word' id='word_1_37' title='bbox 493 634 767 703; x_wconf 82' lang='lat' dir='ltr'><strong>captivam</strong></span> <span class='ocrx_word' id='word_1_38' title='bbox 816 637 1157 703; x_wconf 79' lang='lat' dir='ltr'><strong>abduxisset,</strong></span> <span class='ocrx_word' id='word_1_39' title='bbox 1217 642 1393 697; x_wconf 89' lang='lat' dir='ltr'><strong>sacris</strong></span> <span class='ocrx_word' id='word_1_40' title='bbox 1425 655 1651 710; x_wconf 87' lang='lat' dir='ltr'><strong>operam</strong></span> <span class='ocrx_word' id='word_1_41' title='bbox 1677 642 1841 696; x_wconf 85' lang='lat' dir='ltr'><strong>datu-</strong></span> 
     </span>
    </p>
   </div>
   <div class='ocr_carea' id='block_1_7' title="bbox 1947 642 3525 713">
    <p class='ocr_par' dir='ltr' id='par_1_7' title="bbox 1947 642 3525 713">
     <span class='ocr_line' id='line_1_7' title="bbox 1947 642 3525 713; baseline 0.003 -14"><span class='ocrx_word' id='word_1_42' title='bbox 1947 656 2075 699; x_wconf 87' lang='lat' dir='ltr'><strong>eum</strong></span> <span class='ocrx_word' id='word_1_43' title='bbox 2106 642 2389 711; x_wconf 72' lang='lat' dir='ltr'><strong>medicinae</strong></span> <span class='ocrx_word' id='word_1_44' title='bbox 2428 652 2601 711; x_wconf 85' lang='lat' dir='ltr'><strong>artem</strong></span> <span class='ocrx_word' id='word_1_45' title='bbox 2643 642 2918 712; x_wconf 65' lang='lat' dir='ltr'><strong>praecipuo</strong></span> <span class='ocrx_word' id='word_1_46' title='bbox 2945 643 3182 713; x_wconf 86' lang='lat' dir='ltr'><strong>quodam</strong></span> <span class='ocrx_word' id='word_1_47' title='bbox 3216 646 3400 702; x_wconf 90' lang='lat' dir='ltr'><strong>studio</strong></span> <span class='ocrx_word' id='word_1_48' title='bbox 3426 664 3525 704; x_wconf 82' lang='lat' dir='ltr'><strong>co-</strong></span> 
     </span>
    </p>
   </div>
   <div class='ocr_carea' id='block_1_8' title="bbox 254 723 3524 803">
    <p class='ocr_par' dir='ltr' id='par_1_8' title="bbox 254 723 3524 803">
     <span class='ocr_line' id='line_1_8' title="bbox 254 723 3524 803; baseline 0.006 -29"><span class='ocrx_word' id='word_1_49' title='bbox 254 737 364 785; x_wconf 87' lang='lat' dir='ltr'><strong>rus,</strong></span> <span class='ocrx_word' id='word_1_50' title='bbox 385 723 537 777; x_wconf 86' lang='lat' dir='ltr'><strong>misit</strong></span> <span class='ocrx_word' id='word_1_51' title='bbox 566 724 661 793; x_wconf 85' lang='lat' dir='ltr'><strong>qui</strong></span> <span class='ocrx_word' id='word_1_52' title='bbox 687 740 717 778; x_wconf 90' lang='lat' dir='ltr'><strong>a</strong></span> <span class='ocrx_word' id='word_1_53' title='bbox 741 725 997 796; x_wconf 84' lang='lat' dir='ltr'><strong>Dejanira</strong></span> <span class='ocrx_word' id='word_1_54' title='bbox 1017 729 1252 800; x_wconf 76' lang='lat' dir='ltr'><strong>conjuge</strong></span> <span class='ocrx_word' id='word_1_55' title='bbox 1277 731 1518 786; x_wconf 86' lang='lat' dir='ltr'><strong>tunicam</strong></span> <span class='ocrx_word' id='word_1_56' title='bbox 1554 740 1609 786; x_wconf 91' lang='lat' dir='ltr'><strong>et</strong></span> <span class='ocrx_word' id='word_1_57' title='bbox 1632 739 1842 786; x_wconf 82' lang='lat' dir='ltr'><strong>vestem</strong></span> <span class='ocrx_word' id='word_1_58' title='bbox 1945 731 2102 798; x_wconf 81' lang='lat' dir='ltr'><strong>teret,</strong></span> <span class='ocrx_word' id='word_1_59' title='bbox 2134 739 2344 786; x_wconf 88' lang='lat' dir='ltr'><strong>tantum</strong></span> <span class='ocrx_word' id='word_1_60' title='bbox 2369 740 2455 787; x_wconf 88' lang='lat' dir='ltr'><strong>est</strong></span> <span class='ocrx_word' id='word_1_61' title='bbox 2481 731 2537 787; x_wconf 93' lang='lat' dir='ltr'><strong>in</strong></span> <span class='ocrx_word' id='word_1_62' title='bbox 2557 745 2620 786; x_wconf 86' lang='lat' dir='ltr'><strong>ea</strong></span> <span class='ocrx_word' id='word_1_63' title='bbox 2647 729 2827 787; x_wconf 84' lang='lat' dir='ltr'><strong>laudis</strong></span> <span class='ocrx_word' id='word_1_64' title='bbox 2852 741 2908 786; x_wconf 93' lang='lat' dir='ltr'><strong>et</strong></span> <span class='ocrx_word' id='word_1_65' title='bbox 2948 732 3136 803; x_wconf 55' lang='lat' dir='ltr'><strong>glorias</strong></span> <span class='ocrx_word' id='word_1_66' title='bbox 3171 743 3524 803; x_wconf 86' lang='lat' dir='ltr'><strong>consecutus,</strong></span> 
     </span>
    </p>
   </div>
   <div class='ocr_carea' id='block_1_9' title="bbox 254 816 1836 886">
    <p class='ocr_par' dir='ltr' id='par_1_9' title="bbox 254 816 1836 886">
     <span class='ocr_line' id='line_1_9' title="bbox 254 816 1836 886; baseline 0.006 -17"><span class='ocrx_word' id='word_1_67' title='bbox 254 816 542 884; x_wconf 87' lang='lat' dir='ltr'><strong>acciperet,</strong></span> <span class='ocrx_word' id='word_1_68' title='bbox 588 817 797 886; x_wconf 85' lang='lat' dir='ltr'><strong>quibus</strong></span> <span class='ocrx_word' id='word_1_69' title='bbox 847 819 903 874; x_wconf 90' lang='lat' dir='ltr'><strong>in</strong></span> <span class='ocrx_word' id='word_1_70' title='bbox 970 822 1259 879; x_wconf 83' lang='lat' dir='ltr'><strong>sacriﬁciis</strong></span> <span class='ocrx_word' id='word_1_71' title='bbox 1318 822 1398 878; x_wconf 88' lang='lat' dir='ltr'><strong>uti</strong></span> <span class='ocrx_word' id='word_1_72' title='bbox 1455 823 1651 879; x_wconf 85' lang='lat' dir='ltr'><strong>solitus</strong></span> <span class='ocrx_word' id='word_1_73' title='bbox 1697 831 1836 885; x_wconf 87' lang='lat' dir='ltr'><strong>erat.</strong></span> 
     </span>
    </p>
   </div>
   <div class='ocr_carea' id='block_1_10' title="bbox 253 905 1840 986">
    <p class='ocr_par' dir='ltr' id='par_1_10' title="bbox 253 905 1840 986">
     <span class='ocr_line' id='line_1_10' title="bbox 253 905 1840 986; baseline 0.007 -26"><span class='ocrx_word' id='word_1_74' title='bbox 253 905 498 976; x_wconf 82' lang='lat' dir='ltr'><strong>Dejanira</strong></span> <span class='ocrx_word' id='word_1_75' title='bbox 523 911 768 965; x_wconf 88' lang='lat' dir='ltr'><strong>tunicam</strong></span> <span class='ocrx_word' id='word_1_76' title='bbox 804 910 1063 969; x_wconf 86' lang='lat' dir='ltr'><strong>Centauri</strong></span> <span class='ocrx_word' id='word_1_77' title='bbox 1092 914 1297 985; x_wconf 87' lang='lat' dir='ltr'><strong>philtro</strong></span> <span class='ocrx_word' id='word_1_78' title='bbox 1330 925 1652 986; x_wconf 70' lang='lat' dir='ltr'><strong>perunctam</strong></span> <span class='ocrx_word' id='word_1_79' title='bbox 1697 931 1840 971; x_wconf 88' lang='lat' dir='ltr'><strong>nun-</strong></span> 
     </span>
    </p>
   </div>
   <div class='ocr_carea' id='block_1_11' title="bbox 252 998 1838 1079">
    <p class='ocr_par' dir='ltr' id='par_1_11' title="bbox 252 998 1838 1079">
     <span class='ocr_line' id='line_1_11' title="bbox 252 998 1838 1079; baseline 0.007 -27"><span class='ocrx_word' id='word_1_80' title='bbox 252 998 323 1052; x_wconf 91' lang='lat' dir='ltr'><strong>tio</strong></span> <span class='ocrx_word' id='word_1_81' title='bbox 353 998 637 1055; x_wconf 82' lang='lat' dir='ltr'><strong>ferendam</strong></span> <span class='ocrx_word' id='word_1_82' title='bbox 660 1004 848 1070; x_wconf 86' lang='lat' dir='ltr'><strong>tradit,</strong></span> <span class='ocrx_word' id='word_1_83' title='bbox 869 1020 1035 1075; x_wconf 90' lang='lat' dir='ltr'><strong>quam</strong></span> <span class='ocrx_word' id='word_1_84' title='bbox 1063 1008 1232 1062; x_wconf 88' lang='lat' dir='ltr'><strong>simul</strong></span> <span class='ocrx_word' id='word_1_85' title='bbox 1266 1017 1431 1079; x_wconf 90' lang='lat' dir='ltr'><strong>atque</strong></span> <span class='ocrx_word' id='word_1_86' title='bbox 1459 1006 1722 1071; x_wconf 82' lang='lat' dir='ltr'><strong>Hercules</strong></span> <span class='ocrx_word' id='word_1_87' title='bbox 1755 1008 1838 1063; x_wconf 89' lang='lat' dir='ltr'><strong>in-</strong></span> 
     </span>
    </p>
   </div>
   <div class='ocr_carea' id='block_1_12' title="bbox 249 1090 1833 1168">
    <p class='ocr_par' dir='ltr' id='par_1_12' title="bbox 249 1090 1833 1168">
     <span class='ocr_line' id='line_1_12' title="bbox 249 1090 1833 1168; baseline 0.006 -23"><span class='ocrx_word' id='word_1_88' title='bbox 249 1090 473 1158; x_wconf 84' lang='lat' dir='ltr'><strong>duisset,</strong></span> <span class='ocrx_word' id='word_1_89' title='bbox 508 1092 565 1146; x_wconf 92' lang='lat' dir='ltr'><strong>in</strong></span> <span class='ocrx_word' id='word_1_90' title='bbox 597 1105 808 1164; x_wconf 81' lang='lat' dir='ltr'><strong>pestem</strong></span> <span class='ocrx_word' id='word_1_91' title='bbox 858 1097 1017 1167; x_wconf 91' lang='lat' dir='ltr'><strong>longe</strong></span> <span class='ocrx_word' id='word_1_92' title='bbox 1062 1100 1396 1155; x_wconf 86' lang='lat' dir='ltr'><strong>teterrimam</strong></span> <span class='ocrx_word' id='word_1_93' title='bbox 1457 1100 1681 1168; x_wconf 86' lang='lat' dir='ltr'><strong>incidit;</strong></span> <span class='ocrx_word' id='word_1_94' title='bbox 1708 1116 1833 1156; x_wconf 92' lang='lat' dir='ltr'><strong>cum</strong></span> 
     </span>
    </p>
   </div>
   <div class='ocr_carea' id='block_1_13' title="bbox 246 1183 1832 1267">
    <p class='ocr_par' dir='ltr' id='par_1_13' title="bbox 246 1183 1832 1267">
     <span class='ocr_line' id='line_1_13' title="bbox 246 1183 1832 1267; baseline 0.007 -31"><span class='ocrx_word' id='word_1_95' title='bbox 246 1183 382 1237; x_wconf 88' lang='lat' dir='ltr'><strong>enim</strong></span> <span class='ocrx_word' id='word_1_96' title='bbox 431 1188 649 1255; x_wconf 73' lang='lat' dir='ltr'><strong>sagitta:</strong></span> <span class='ocrx_word' id='word_1_97' title='bbox 710 1186 940 1256; x_wconf 89' lang='lat' dir='ltr'><strong>ferrum,</strong></span> <span class='ocrx_word' id='word_1_98' title='bbox 986 1205 1099 1260; x_wconf 87' lang='lat' dir='ltr'><strong>quo</strong></span> <span class='ocrx_word' id='word_1_99' title='bbox 1142 1189 1378 1267; x_wconf 77' lang='lat' dir='ltr'><strong>Nessum</strong></span> <span class='ocrx_word' id='word_1_100' title='bbox 1428 1193 1832 1259; x_wconf 73' lang='lat' dir='ltr'><strong>vulneraverat,</strong></span> 
     </span>
    </p>
   </div>
   <div class='ocr_carea' id='block_1_14' title="bbox 246 1273 1835 1355">
    <p class='ocr_par' dir='ltr' id='par_1_14' title="bbox 246 1273 1835 1355">
     <span class='ocr_line' id='line_1_14' title="bbox 246 1273 1835 1355; baseline 0.007 -26"><span class='ocrx_word' id='word_1_101' title='bbox 246 1273 432 1329; x_wconf 75' lang='lat' dir='ltr'><strong>Lerna:</strong></span> <span class='ocrx_word' id='word_1_102' title='bbox 464 1294 675 1333; x_wconf 85' lang='lat' dir='ltr'><strong>veneno</strong></span> <span class='ocrx_word' id='word_1_103' title='bbox 700 1281 927 1339; x_wconf 89' lang='lat' dir='ltr'><strong>tinctum</strong></span> <span class='ocrx_word' id='word_1_104' title='bbox 954 1292 1120 1349; x_wconf 84' lang='lat' dir='ltr'><strong>esset,</strong></span> <span class='ocrx_word' id='word_1_105' title='bbox 1150 1285 1336 1339; x_wconf 90' lang='lat' dir='ltr'><strong>tunica</strong></span> <span class='ocrx_word' id='word_1_106' title='bbox 1367 1300 1570 1355; x_wconf 86' lang='lat' dir='ltr'><strong>corpus</strong></span> <span class='ocrx_word' id='word_1_107' title='bbox 1598 1285 1718 1353; x_wconf 86' lang='lat' dir='ltr'><strong>ejus</strong></span> <span class='ocrx_word' id='word_1_108' title='bbox 1742 1300 1835 1339; x_wconf 87' lang='lat' dir='ltr'><strong>ve-</strong></span> 
     </span>
    </p>
   </div>
   <div class='ocr_carea' id='block_1_15' title="bbox 244 1366 1833 1446">
    <p class='ocr_par' dir='ltr' id='par_1_15' title="bbox 244 1366 1833 1446">
     <span class='ocr_line' id='line_1_15' title="bbox 244 1366 1833 1446; baseline 0.006 -25"><span class='ocrx_word' id='word_1_109' title='bbox 244 1366 481 1421; x_wconf 85' lang='lat' dir='ltr'><strong>hementi</strong></span> <span class='ocrx_word' id='word_1_110' title='bbox 514 1370 715 1425; x_wconf 83' lang='lat' dir='ltr'><strong>ardore</strong></span> <span class='ocrx_word' id='word_1_111' title='bbox 771 1374 1154 1442; x_wconf 86' lang='lat' dir='ltr'><strong>populabatur.</strong></span> <span class='ocrx_word' id='word_1_112' title='bbox 1199 1374 1294 1431; x_wconf 94' lang='lat' dir='ltr'><strong>Ille</strong></span> <span class='ocrx_word' id='word_1_113' title='bbox 1356 1393 1488 1446; x_wconf 81' lang='lat' dir='ltr'><strong>ergo</strong></span> <span class='ocrx_word' id='word_1_114' title='bbox 1542 1378 1591 1431; x_wconf 91' lang='lat' dir='ltr'><strong>vi</strong></span> <span class='ocrx_word' id='word_1_115' title='bbox 1627 1375 1833 1432; x_wconf 87' lang='lat' dir='ltr'><strong>doloris</strong></span> 
     </span>
    </p>
   </div>
   <div class='ocr_carea' id='block_1_16' title="bbox 196 1459 1832 1534">
    <p class='ocr_par' dir='ltr' id='par_1_16' title="bbox 196 1459 1832 1534">
     <span class='ocr_line' id='line_1_16' title="bbox 196 1459 1832 1534; baseline 0.011 -23"><span class='ocrx_word' id='word_1_116' title='bbox 196 1459 489 1527; x_wconf 52' lang='lat' dir='ltr'><strong>tadactus,</strong></span> <span class='ocrx_word' id='word_1_117' title='bbox 517 1477 669 1530; x_wconf 88' lang='lat' dir='ltr'><strong>eum,</strong></span> <span class='ocrx_word' id='word_1_118' title='bbox 701 1466 797 1534; x_wconf 89' lang='lat' dir='ltr'><strong>qui</strong></span> <span class='ocrx_word' id='word_1_119' title='bbox 826 1463 1099 1521; x_wconf 79' lang='lat' dir='ltr'><strong>funestam</strong></span> <span class='ocrx_word' id='word_1_120' title='bbox 1138 1469 1203 1525; x_wconf 88' lang='lat' dir='ltr'><strong>ad</strong></span> <span class='ocrx_word' id='word_1_121' title='bbox 1237 1484 1295 1524; x_wconf 92' lang='lat' dir='ltr'><strong>se</strong></span> <span class='ocrx_word' id='word_1_122' title='bbox 1321 1478 1528 1527; x_wconf 76' lang='lat' dir='ltr'><strong>veStem</strong></span> <span class='ocrx_word' id='word_1_123' title='bbox 1556 1469 1832 1533; x_wconf 75' lang='lat' dir='ltr'><strong>attulerat,</strong></span> 
     </span>
    </p>
   </div>
   <div class='ocr_carea' id='block_1_17' title="bbox 240 1548 1836 1630">
    <p class='ocr_par' dir='ltr' id='par_1_17' title="bbox 240 1548 1836 1630">
     <span class='ocr_line' id='line_1_17' title="bbox 240 1548 1836 1630; baseline 0.007 -26"><span class='ocrx_word' id='word_1_124' title='bbox 240 1548 341 1619; x_wconf 82' lang='lat'><strong>57</strong></span> <span class='ocrx_word' id='word_1_125' title='bbox 370 1552 690 1621; x_wconf 79' lang='lat' dir='ltr'><strong>interfecit,</strong></span> <span class='ocrx_word' id='word_1_126' title='bbox 719 1556 974 1626; x_wconf 88' lang='lat' dir='ltr'><strong>idemque</strong></span> <span class='ocrx_word' id='word_1_127' title='bbox 1015 1559 1369 1628; x_wconf 90' lang='lat' dir='ltr'><strong>postmodum</strong></span> <span class='ocrx_word' id='word_1_128' title='bbox 1413 1561 1628 1625; x_wconf 86' lang='lat' dir='ltr'><strong>oraculi</strong></span> <span class='ocrx_word' id='word_1_129' title='bbox 1674 1559 1836 1630; x_wconf 88' lang='lat' dir='ltr'><strong>jussu</strong></span> 
     </span>
    </p>
   </div>
   <div class='ocr_carea' id='block_1_18' title="bbox 238 1645 1836 1709">
    <p class='ocr_par' dir='ltr' id='par_1_18' title="bbox 238 1645 1836 1709">
     <span class='ocr_line' id='line_1_18' title="bbox 238 1645 1836 1709; baseline 0.006 -12"><span class='ocrx_word' id='word_1_130' title='bbox 238 1645 401 1699; x_wconf 77' lang='lat' dir='ltr'><strong>vitam</strong></span> <span class='ocrx_word' id='word_1_131' title='bbox 453 1646 716 1703; x_wconf 85' lang='lat' dir='ltr'><strong>incendio</strong></span> <span class='ocrx_word' id='word_1_132' title='bbox 751 1649 1084 1707; x_wconf 82' lang='lat' dir='ltr'><strong>terminavit.</strong></span> <span class='ocrx_word' id='word_1_133' title='bbox 1128 1670 1148 1705; x_wconf 72' lang='grc' dir='ltr'><strong>ι</strong></span> <span class='ocrx_word' id='word_1_134' title='bbox 1198 1652 1277 1709; x_wconf 84' lang='lat' dir='ltr'><strong>Ac</strong></span> <span class='ocrx_word' id='word_1_135' title='bbox 1307 1654 1374 1709; x_wconf 88' lang='lat' dir='ltr'><strong>de</strong></span> <span class='ocrx_word' id='word_1_136' title='bbox 1405 1651 1639 1708; x_wconf 86' lang='lat' dir='ltr'><strong>Hercule</strong></span> <span class='ocrx_word' id='word_1_137' title='bbox 1670 1651 1836 1707; x_wconf 87' lang='lat' dir='ltr'><strong>modo</strong></span> 
     </span>
    </p>
   </div>
   <div class='ocr_carea' id='block_1_19' title="bbox 1944 824 3524 897">
    <p class='ocr_par' dir='ltr' id='par_1_19' title="bbox 1944 824 3524 897">
     <span class='ocr_line' id='line_1_19' title="bbox 1944 824 3524 897; baseline 0.006 -19"><span class='ocrx_word' id='word_1_138' title='bbox 1944 831 2006 879; x_wconf 93' lang='lat' dir='ltr'><strong>ut</strong></span> <span class='ocrx_word' id='word_1_139' title='bbox 2049 824 2317 895; x_wconf 88' lang='lat' dir='ltr'><strong>plurimos</strong></span> <span class='ocrx_word' id='word_1_140' title='bbox 2359 825 2523 885; x_wconf 84' lang='lat' dir='ltr'><strong>etiam</strong></span> <span class='ocrx_word' id='word_1_141' title='bbox 2551 863 2567 887; x_wconf 91' lang='lat'><strong>,</strong></span> <span class='ocrx_word' id='word_1_142' title='bbox 2613 838 2848 895; x_wconf 85' lang='lat' dir='ltr'><strong>quorum</strong></span> <span class='ocrx_word' id='word_1_143' title='bbox 2895 824 3175 894; x_wconf 87' lang='lat' dir='ltr'><strong>deplorata</strong></span> <span class='ocrx_word' id='word_1_144' title='bbox 3206 827 3324 897; x_wconf 84' lang='lat' dir='ltr'><strong>jam</strong></span> <span class='ocrx_word' id='word_1_145' title='bbox 3372 830 3524 887; x_wconf 84' lang='lat' dir='ltr'><strong>salus</strong></span> 
     </span>
    </p>
   </div>
   <div class='ocr_carea' id='block_1_20' title="bbox 1935 917 3523 987">
    <p class='ocr_par' dir='ltr' id='par_1_20' title="bbox 1935 917 3523 987">
     <span class='ocr_line' id='line_1_20' title="bbox 1935 917 3523 987; baseline 0.004 -16"><span class='ocrx_word' id='word_1_146' title='bbox 1935 923 2095 980; x_wconf 91' lang='lat' dir='ltr'><strong>erat,</strong></span> <span class='ocrx_word' id='word_1_147' title='bbox 2144 928 2340 987; x_wconf 70' lang='lat' dir='ltr'><strong>praeter</strong></span> <span class='ocrx_word' id='word_1_148' title='bbox 2377 917 2623 971; x_wconf 91' lang='lat' dir='ltr'><strong>omnium</strong></span> <span class='ocrx_word' id='word_1_149' title='bbox 2669 918 3130 987; x_wconf 72' lang='lat' dir='ltr'><strong>exspectationem</strong></span> <span class='ocrx_word' id='word_1_150' title='bbox 3164 919 3523 978; x_wconf 82' lang='lat' dir='ltr'><strong>incolumitati</strong></span> 
     </span>
    </p>
   </div>
   <div class='ocr_carea' id='block_1_21' title="bbox 1941 1006 3522 1079">
    <p class='ocr_par' dir='ltr' id='par_1_21' title="bbox 1941 1006 3522 1079">
     <span class='ocr_line' id='line_1_21' title="bbox 1941 1006 3522 1079; baseline 0.006 -18"><span class='ocrx_word' id='word_1_151' title='bbox 1941 1006 2236 1071; x_wconf 85' lang='lat' dir='ltr'><strong>redderet:</strong></span> <span class='ocrx_word' id='word_1_152' title='bbox 2285 1008 2433 1079; x_wconf 88' lang='lat' dir='ltr'><strong>quod</strong></span> <span class='ocrx_word' id='word_1_153' title='bbox 2480 1007 2692 1079; x_wconf 85' lang='lat' dir='ltr'><strong>Jupiter</strong></span> <span class='ocrx_word' id='word_1_154' title='bbox 2723 1026 2848 1065; x_wconf 93' lang='lat' dir='ltr'><strong>cum</strong></span> <span class='ocrx_word' id='word_1_155' title='bbox 2892 1012 3119 1069; x_wconf 89' lang='lat' dir='ltr'><strong>moleste</strong></span> <span class='ocrx_word' id='word_1_156' title='bbox 3161 1011 3364 1078; x_wconf 78' lang='lat' dir='ltr'><strong>ferret,</strong></span> <span class='ocrx_word' id='word_1_157' title='bbox 3394 1029 3522 1071; x_wconf 88' lang='lat' dir='ltr'><strong>eum</strong></span> 
     </span>
    </p>
   </div>
   <div class='ocr_carea' id='block_1_22' title="bbox 1941 1095 3523 1173">
    <p class='ocr_par' dir='ltr' id='par_1_22' title="bbox 1941 1095 3523 1173">
     <span class='ocr_line' id='line_1_22' title="bbox 1941 1095 3523 1173; baseline 0.009 -23"><span class='ocrx_word' id='word_1_158' title='bbox 1941 1095 2174 1154; x_wconf 87' lang='lat' dir='ltr'><strong>fulmine</strong></span> <span class='ocrx_word' id='word_1_159' title='bbox 2204 1100 2370 1155; x_wconf 91' lang='lat' dir='ltr'><strong>ictum</strong></span> <span class='ocrx_word' id='word_1_160' title='bbox 2418 1100 2527 1156; x_wconf 87' lang='lat' dir='ltr'><strong>vita</strong></span> <span class='ocrx_word' id='word_1_161' title='bbox 2577 1101 2849 1171; x_wconf 82' lang='lat' dir='ltr'><strong>spoliavit.</strong></span> <span class='ocrx_word' id='word_1_162' title='bbox 2899 1103 3093 1173; x_wconf 79' lang='lat' dir='ltr'><strong>Apollo</strong></span> <span class='ocrx_word' id='word_1_163' title='bbox 3122 1119 3251 1160; x_wconf 89' lang='lat' dir='ltr'><strong>vero</strong></span> <span class='ocrx_word' id='word_1_164' title='bbox 3298 1105 3523 1163; x_wconf 72' lang='lat' dir='ltr'><strong>interitu</strong></span> 
     </span>
    </p>
   </div>
   <div class='ocr_carea' id='block_1_23' title="bbox 1940 1188 3524 1263">
    <p class='ocr_par' dir='ltr' id='par_1_23' title="bbox 1940 1188 3524 1263">
     <span class='ocr_line' id='line_1_23' title="bbox 1940 1188 3524 1263; baseline 0.006 -20"><span class='ocrx_word' id='word_1_165' title='bbox 1940 1188 2035 1243; x_wconf 82' lang='lat' dir='ltr'><strong>ﬁlii</strong></span> <span class='ocrx_word' id='word_1_166' title='bbox 2065 1189 2301 1259; x_wconf 77' lang='lat' dir='ltr'><strong>graviter</strong></span> <span class='ocrx_word' id='word_1_167' title='bbox 2356 1199 2710 1259; x_wconf 90' lang='lat' dir='ltr'><strong>commotus,</strong></span> <span class='ocrx_word' id='word_1_168' title='bbox 2769 1189 3034 1263; x_wconf 77' lang='lat' dir='ltr'><strong>Cyclopas</strong></span> <span class='ocrx_word' id='word_1_169' title='bbox 3089 1192 3337 1251; x_wconf 85' lang='lat' dir='ltr'><strong>fulminis</strong></span> <span class='ocrx_word' id='word_1_170' title='bbox 3376 1196 3524 1254; x_wconf 81' lang='lat' dir='ltr'><strong>illius</strong></span> 
     </span>
    </p>
   </div>
   <div class='ocr_carea' id='block_1_24' title="bbox 1939 1283 3524 1357">
    <p class='ocr_par' dir='ltr' id='par_1_24' title="bbox 1939 1283 3524 1357">
     <span class='ocr_line' id='line_1_24' title="bbox 1939 1283 3524 1357; baseline 0.005 -20"><span class='ocrx_word' id='word_1_171' title='bbox 1939 1283 2175 1342; x_wconf 82' lang='lat' dir='ltr'><strong>artiﬁces</strong></span> <span class='ocrx_word' id='word_1_172' title='bbox 2208 1283 2523 1337; x_wconf 85' lang='lat' dir='ltr'><strong>interemit:</strong></span> <span class='ocrx_word' id='word_1_173' title='bbox 2553 1296 2790 1353; x_wconf 87' lang='lat' dir='ltr'><strong>quorum</strong></span> <span class='ocrx_word' id='word_1_174' title='bbox 2817 1285 2963 1340; x_wconf 67' lang='lat' dir='ltr'><strong>caede</strong></span> <span class='ocrx_word' id='word_1_175' title='bbox 2992 1284 3205 1357; x_wconf 85' lang='lat' dir='ltr'><strong>Jupiter</strong></span> <span class='ocrx_word' id='word_1_176' title='bbox 3231 1289 3524 1345; x_wconf 81' lang='lat' dir='ltr'><strong>vehemen-</strong></span> 
     </span>
    </p>
   </div>
   <div class='ocr_carea' id='block_1_25' title="bbox 1940 1375 3521 1447">
    <p class='ocr_par' dir='ltr' id='par_1_25' title="bbox 1940 1375 3521 1447">
     <span class='ocr_line' id='line_1_25' title="bbox 1940 1375 3521 1447; baseline 0.004 -16"><span class='ocrx_word' id='word_1_177' title='bbox 1940 1376 2048 1431; x_wconf 90' lang='lat' dir='ltr'><strong>tius</strong></span> <span class='ocrx_word' id='word_1_178' title='bbox 2079 1385 2435 1444; x_wconf 78' lang='lat' dir='ltr'><strong>exasperatus</strong></span> <span class='ocrx_word' id='word_1_179' title='bbox 2469 1376 2771 1445; x_wconf 87' lang='lat' dir='ltr'><strong>Apollinem</strong></span> <span class='ocrx_word' id='word_1_180' title='bbox 2797 1375 2964 1447; x_wconf 86' lang='lat' dir='ltr'><strong>jussit</strong></span> <span class='ocrx_word' id='word_1_181' title='bbox 2995 1379 3252 1437; x_wconf 83' lang='lat' dir='ltr'><strong>humilem</strong></span> <span class='ocrx_word' id='word_1_182' title='bbox 3285 1398 3351 1437; x_wconf 82' lang='lat' dir='ltr'><strong>ac</strong></span> <span class='ocrx_word' id='word_1_183' title='bbox 3394 1394 3521 1437; x_wconf 82' lang='lat' dir='ltr'><strong>sor-</strong></span> 
     </span>
    </p>
   </div>
   <div class='ocr_carea' id='block_1_26' title="bbox 1937 1468 3521 1543">
    <p class='ocr_par' dir='ltr' id='par_1_26' title="bbox 1937 1468 3521 1543">
     <span class='ocr_line' id='line_1_26' title="bbox 1937 1468 3521 1543; baseline 0.003 -19"><span class='ocrx_word' id='word_1_184' title='bbox 1937 1468 2120 1524; x_wconf 88' lang='lat' dir='ltr'><strong>didam</strong></span> <span class='ocrx_word' id='word_1_185' title='bbox 2151 1468 2383 1523; x_wconf 70' lang='lat' dir='ltr'><strong>Admeto</strong></span> <span class='ocrx_word' id='word_1_186' title='bbox 2416 1469 2531 1539; x_wconf 82' lang='lat' dir='ltr'><strong>regi</strong></span> <span class='ocrx_word' id='word_1_187' title='bbox 2559 1483 2782 1537; x_wconf 82' lang='lat' dir='ltr'><strong>Operam</strong></span> <span class='ocrx_word' id='word_1_188' title='bbox 2821 1486 3042 1528; x_wconf 87' lang='lat' dir='ltr'><strong>navare.</strong></span> <span class='ocrx_word' id='word_1_189' title='bbox 3078 1473 3325 1543; x_wconf 83' lang='lat' dir='ltr'><strong>hancque</strong></span> <span class='ocrx_word' id='word_1_190' title='bbox 3361 1474 3430 1528; x_wconf 88' lang='lat' dir='ltr'><strong>ab</strong></span> <span class='ocrx_word' id='word_1_191' title='bbox 3452 1489 3521 1529; x_wconf 85' lang='lat' dir='ltr'><strong>eo</strong></span> 
     </span>
    </p>
   </div>
   <div class='ocr_carea' id='block_1_27' title="bbox 1938 1557 3521 1634">
    <p class='ocr_par' dir='ltr' id='par_1_27' title="bbox 1938 1557 3521 1634">
     <span class='ocr_line' id='line_1_27' title="bbox 1938 1557 3521 1634; baseline 0.004 -21"><span class='ocrx_word' id='word_1_192' title='bbox 1938 1557 2224 1613; x_wconf 82' lang='lat' dir='ltr'><strong>commissi</strong></span> <span class='ocrx_word' id='word_1_193' title='bbox 2276 1557 2537 1614; x_wconf 87' lang='lat' dir='ltr'><strong>facinoris</strong></span> <span class='ocrx_word' id='word_1_194' title='bbox 2590 1574 2808 1629; x_wconf 71' lang='lat' dir='ltr'><strong>pteuam</strong></span> <span class='ocrx_word' id='word_1_195' title='bbox 2851 1562 3128 1631; x_wconf 80' lang='lat' dir='ltr'><strong>expetivit.</strong></span> <span class='ocrx_word' id='word_1_196' title='bbox 3184 1566 3361 1634; x_wconf 79' lang='lat' dir='ltr'><strong>Atque</strong></span> <span class='ocrx_word' id='word_1_197' title='bbox 3404 1564 3521 1621; x_wconf 73' lang='lat' dir='ltr'><strong>haec</strong></span> 
     </span>
    </p>
   </div>
   <div class='ocr_carea' id='block_1_28' title="bbox 1942 1649 3428 1724">
    <p class='ocr_par' dir='ltr' id='par_1_28' title="bbox 1942 1649 3428 1724">
     <span class='ocr_line' id='line_1_28' title="bbox 1942 1649 3428 1724; baseline 0.002 -17"><span class='ocrx_word' id='word_1_198' title='bbox 1942 1649 2215 1707; x_wconf 84' lang='lat' dir='ltr'><strong>Diodorus</strong></span> <span class='ocrx_word' id='word_1_199' title='bbox 2247 1650 2388 1706; x_wconf 89' lang='lat' dir='ltr'><strong>libro</strong></span> <span class='ocrx_word' id='word_1_200' title='bbox 2417 1649 2762 1713; x_wconf 71' lang='lat' dir='ltr'><strong>Bibliotheca:</strong></span> <span class='ocrx_word' id='word_1_201' title='bbox 2790 1662 2986 1724; x_wconf 87' lang='lat' dir='ltr'><strong>quarto</strong></span> <span class='ocrx_word' id='word_1_202' title='bbox 3014 1665 3428 1713; x_wconf 85' lang='lat' dir='ltr'><strong>commemorat.</strong></span> 
     </span>
    </p>
   </div>
   <div class='ocr_carea' id='block_1_29' title="bbox 302 1785 1814 1861">
    <p class='ocr_par' dir='ltr' id='par_1_29' title="bbox 302 1785 1814 1861">
     <span class='ocr_line' id='line_1_29' title="bbox 302 1785 1814 1861; baseline 0.003 -22"><span class='ocrx_word' id='word_1_203' title='bbox 302 1786 410 1839; x_wconf 79' lang='grc' dir='ltr'><strong>Καὶ</strong></span> <span class='ocrx_word' id='word_1_204' title='bbox 432 1787 540 1858; x_wconf 83' lang='grc' dir='ltr'>τὴν</span> <span class='ocrx_word' id='word_1_205' title='bbox 569 1785 761 1861; x_wconf 73' lang='grc' dir='ltr'>λοιπὴν</span> <span class='ocrx_word' id='word_1_206' title='bbox 790 1788 847 1841; x_wconf 77' lang='grc' dir='ltr'>δὲ</span> <span class='ocrx_word' id='word_1_207' title='bbox 874 1788 1152 1859; x_wconf 76' lang='grc' dir='ltr'>θεολογίαν</span> <span class='ocrx_word' id='word_1_208' title='bbox 1181 1791 1345 1844; x_wconf 74' lang='grc' dir='ltr'>πάλιν</span> <span class='ocrx_word' id='word_1_209' title='bbox 1370 1794 1398 1845; x_wconf 90' lang='grc' dir='ltr'>ὁ</span> <span class='ocrx_word' id='word_1_210' title='bbox 1417 1792 1580 1856; x_wconf 78' lang='grc' dir='ltr'>αὐτὸς</span> <span class='ocrx_word' id='word_1_211' title='bbox 1622 1794 1687 1846; x_wconf 82' lang='grc' dir='ltr'>ἐκ</span> <span class='ocrx_word' id='word_1_212' title='bbox 1722 1791 1814 1845; x_wconf 52' lang='grc' dir='ltr'><strong>τῶι</strong></span> 
     </span>
    </p>
   </div>
   <div class='ocr_carea' id='block_1_30' title="bbox 1922 1785 3517 1861">
    <p class='ocr_par' dir='ltr' id='par_1_30' title="bbox 2009 1787 3517 1861">
     <span class='ocr_line' id='line_1_30' title="bbox 2009 1787 3517 1861; baseline 0.007 -19"><span class='ocrx_word' id='word_1_213' title='bbox 2009 1787 2156 1845; x_wconf 86' lang='lat' dir='ltr'><strong>Idem</strong></span> <span class='ocrx_word' id='word_1_214' title='bbox 2185 1797 2390 1855; x_wconf 87' lang='lat' dir='ltr'><strong>autem,</strong></span> <span class='ocrx_word' id='word_1_215' title='bbox 2418 1788 2640 1844; x_wconf 71' lang='lat' dir='ltr'><strong>Grmcos</strong></span> <span class='ocrx_word' id='word_1_216' title='bbox 2669 1789 2933 1859; x_wconf 88' lang='lat' dir='ltr'><strong>reliquam</strong></span> <span class='ocrx_word' id='word_1_217' title='bbox 2964 1792 3165 1861; x_wconf 90' lang='lat' dir='ltr'><strong>pariter</strong></span> <span class='ocrx_word' id='word_1_218' title='bbox 3193 1809 3306 1849; x_wconf 63' lang='lat' dir='ltr'><strong>suae</strong></span> <span class='ocrx_word' id='word_1_219' title='bbox 3359 1796 3517 1852; x_wconf 90' lang='lat' dir='ltr'><strong>theo-</strong></span> 
     </span>
    </p>
   </div>
   <div class='ocr_carea' id='block_1_31' title="bbox 234 1878 1827 1955">
    <p class='ocr_par' dir='ltr' id='par_1_31' title="bbox 234 1878 1827 1955">
     <span class='ocr_line' id='line_1_31' title="bbox 234 1878 1827 1955; baseline 0.004 -24"><span class='ocrx_word' id='word_1_220' title='bbox 234 1878 403 1932; x_wconf 75' lang='grc' dir='ltr'>ἄλλων</span> <span class='ocrx_word' id='word_1_221' title='bbox 431 1878 609 1934; x_wconf 70' lang='grc' dir='ltr'>ἐθνῶν</span> <span class='ocrx_word' id='word_1_222' title='bbox 641 1881 1025 1951; x_wconf 73' lang='grc' dir='ltr'><strong>μετειληφέναι</strong></span> <span class='ocrx_word' id='word_1_223' title='bbox 1057 1883 1192 1955; x_wconf 76' lang='grc' dir='ltr'>φησὶ</span> <span class='ocrx_word' id='word_1_224' title='bbox 1218 1886 1346 1949; x_wconf 77' lang='grc' dir='ltr'>τοὺς</span> <span class='ocrx_word' id='word_1_225' title='bbox 1374 1884 1662 1955; x_wconf 81' lang='grc' dir='ltr'>Ἕλληνας,</span> <span class='ocrx_word' id='word_1_226' title='bbox 1687 1883 1827 1955; x_wconf 86' lang='grc' dir='ltr'>γρά-</span> 
     </span>
    </p>
   </div>
   <div class='ocr_carea' id='block_1_32' title="bbox 234 1966 1831 2041">
    <p class='ocr_par' dir='ltr' id='par_1_32' title="bbox 234 1966 1831 2041">
     <span class='ocr_line' id='line_1_32' title="bbox 234 1966 1831 2041; baseline 0.006 -24"><span class='ocrx_word' id='word_1_227' title='bbox 234 1983 344 2035; x_wconf 76' lang='grc' dir='ltr'>φων</span> <span class='ocrx_word' id='word_1_228' title='bbox 363 1966 423 2019; x_wconf 83' lang='grc' dir='ltr'>ὲν</span> <span class='ocrx_word' id='word_1_229' title='bbox 447 1966 530 2038; x_wconf 79' lang='grc' dir='ltr'>τῷ</span> <span class='ocrx_word' id='word_1_230' title='bbox 560 1968 732 2039; x_wconf 81' lang='grc' dir='ltr'>τρίτῳ</span> <span class='ocrx_word' id='word_1_231' title='bbox 756 1970 855 2040; x_wconf 88' lang='grc' dir='ltr'><strong>τῆς</strong></span> <span class='ocrx_word' id='word_1_232' title='bbox 886 1972 1057 2035; x_wconf 78' lang='grc' dir='ltr'>αὐτῆς</span> <span class='ocrx_word' id='word_1_233' title='bbox 1097 1974 1385 2041; x_wconf 81' lang='grc' dir='ltr'><strong>Ἱστορίας</strong></span> <span class='ocrx_word' id='word_1_234' title='bbox 1428 1973 1555 2029; x_wconf 84' lang='grc' dir='ltr'>τάδε</span> <span class='ocrx_word' id='word_1_235' title='bbox 1575 1991 1589 2003; x_wconf 66' lang='grc' dir='ltr'>θ</span> <span class='ocrx_word' id='word_1_236' title='bbox 1623 1991 1643 2025; x_wconf 71' lang='grc' dir='ltr'><strong>ι</strong></span> <span class='ocrx_word' id='word_1_237' title='bbox 1693 1974 1831 2027; x_wconf 78' lang='grc' dir='ltr'>Φασὶ</span> 
     </span>
    </p>
   </div>
   <div class='ocr_carea' id='block_1_33' title="bbox 232 2058 1829 2136">
    <p class='ocr_par' dir='ltr' id='par_1_33' title="bbox 232 2058 1829 2136">
     <span class='ocr_line' id='line_1_33' title="bbox 232 2058 1829 2136; baseline 0.005 -25"><span class='ocrx_word' id='word_1_238' title='bbox 232 2059 405 2112; x_wconf 73' lang='grc' dir='ltr'><strong>Ιτοίνυν</strong></span> <span class='ocrx_word' id='word_1_239' title='bbox 435 2058 577 2135; x_wconf 77' lang='lat'><strong>(56‘)</strong></span> <span class='ocrx_word' id='word_1_240' title='bbox 624 2058 921 2114; x_wconf 78' lang='grc' dir='ltr'><strong>Ἀτλάντιοι</strong></span> <span class='ocrx_word' id='word_1_241' title='bbox 951 2062 1165 2133; x_wconf 87' lang='grc' dir='ltr'>πρῶτον</span> <span class='ocrx_word' id='word_1_242' title='bbox 1192 2066 1321 2136; x_wconf 81' lang='grc' dir='ltr'>παρ’</span> <span class='ocrx_word' id='word_1_243' title='bbox 1359 2065 1541 2127; x_wconf 75' lang='grc' dir='ltr'>αὐτοῖς</span> <span class='ocrx_word' id='word_1_244' title='bbox 1576 2064 1829 2135; x_wconf 80' lang='grc' dir='ltr'>βασιλεῦ-</span> 
     </span>
    </p>
   </div>
   <div class='ocr_carea' id='block_1_34' title="bbox 233 2151 1828 2224">
    <p class='ocr_par' dir='ltr' id='par_1_34' title="bbox 233 2151 1828 2224">
     <span class='ocr_line' id='line_1_34' title="bbox 233 2151 1828 2224; baseline 0.004 -20"><span class='ocrx_word' id='word_1_245' title='bbox 233 2167 319 2204; x_wconf 85' lang='grc' dir='ltr'><strong>σαι</strong></span> <span class='ocrx_word' id='word_1_246' title='bbox 346 2151 618 2222; x_wconf 71' lang='grc' dir='ltr'>Οὐρανὸν,</span> <span class='ocrx_word' id='word_1_247' title='bbox 654 2152 848 2208; x_wconf 85' lang='grc' dir='ltr'>τούτου</span> <span class='ocrx_word' id='word_1_248' title='bbox 876 2154 933 2208; x_wconf 85' lang='grc' dir='ltr'>δὲ</span> <span class='ocrx_word' id='word_1_249' title='bbox 960 2155 1213 2224; x_wconf 83' lang='grc' dir='ltr'>γενέσθαι</span> <span class='ocrx_word' id='word_1_250' title='bbox 1240 2157 1438 2222; x_wconf 86' lang='grc' dir='ltr'>παῖδας</span> <span class='ocrx_word' id='word_1_251' title='bbox 1466 2160 1530 2212; x_wconf 81' lang='grc' dir='ltr'><strong>ὲκ</strong></span> <span class='ocrx_word' id='word_1_252' title='bbox 1567 2158 1828 2213; x_wconf 80' lang='grc' dir='ltr'>πλειόνων</span> 
     </span>
    </p>
   </div>
   <div class='ocr_carea' id='block_1_35' title="bbox 227 2243 1830 2323">
    <p class='ocr_par' dir='ltr' id='par_1_35' title="bbox 227 2243 1830 2323">
     <span class='ocr_line' id='line_1_35' title="bbox 227 2243 1830 2323; baseline 0.005 -28"><span class='ocrx_word' id='word_1_253' title='bbox 227 2244 502 2321; x_wconf 61' lang='grc' dir='ltr'>γυναικίὶη</span> <span class='ocrx_word' id='word_1_254' title='bbox 529 2245 694 2299; x_wconf 83' lang='grc' dir='ltr'>πέντε</span> <span class='ocrx_word' id='word_1_255' title='bbox 719 2247 858 2318; x_wconf 83' lang='grc' dir='ltr'>πρὸς</span> <span class='ocrx_word' id='word_1_256' title='bbox 880 2251 992 2323; x_wconf 83' lang='grc' dir='ltr'>τοῖς</span> <span class='ocrx_word' id='word_1_257' title='bbox 1011 2250 1442 2321; x_wconf 87' lang='grc' dir='ltr'>τεσσαράκοντα,</span> <span class='ocrx_word' id='word_1_258' title='bbox 1470 2243 1543 2304; x_wconf 87' lang='grc' dir='ltr'>ὧν</span> <span class='ocrx_word' id='word_1_259' title='bbox 1563 2251 1777 2307; x_wconf 85' lang='grc' dir='ltr'>ὀκτωκα</span> <span class='ocrx_word' id='word_1_260' title='bbox 1787 2251 1830 2303; x_wconf 87' lang='grc' dir='ltr'>ί-</span> 
     </span>
    </p>
   </div>
   <div class='ocr_carea' id='block_1_36' title="bbox 225 2334 1825 2415">
    <p class='ocr_par' dir='ltr' id='par_1_36' title="bbox 225 2334 1825 2415">
     <span class='ocr_line' id='line_1_36' title="bbox 225 2334 1825 2415; baseline 0.006 -26"><span class='ocrx_word' id='word_1_261' title='bbox 225 2334 354 2390; x_wconf 79' lang='grc' dir='ltr'>δεκα</span> <span class='ocrx_word' id='word_1_262' title='bbox 382 2336 642 2408; x_wconf 87' lang='grc' dir='ltr'>λέγουσιν</span> <span class='ocrx_word' id='word_1_263' title='bbox 687 2339 956 2413; x_wconf 73' lang='grc' dir='ltr'><strong>ὑπάρχειν</strong></span> <span class='ocrx_word' id='word_1_264' title='bbox 987 2342 1049 2394; x_wconf 82' lang='grc' dir='ltr'><strong>ὲκ</strong></span> <span class='ocrx_word' id='word_1_265' title='bbox 1097 2342 1344 2408; x_wconf 88' lang='grc' dir='ltr'>Τεπαίας</span> <span class='ocrx_word' id='word_1_266' title='bbox 1393 2343 1505 2415; x_wconf 82' lang='lat'><strong>(57)</strong></span> <span class='ocrx_word' id='word_1_267' title='bbox 1547 2344 1825 2413; x_wconf 80' lang='grc' dir='ltr'>γυναικὸς,</span> 
     </span>
    </p>
   </div>
   <div class='ocr_carea' id='block_1_37' title="bbox 223 2427 1826 2513">
    <p class='ocr_par' dir='ltr' id='par_1_37' title="bbox 223 2427 1826 2513">
     <span class='ocr_line' id='line_1_37' title="bbox 223 2427 1826 2513; baseline 0.006 -31"><span class='ocrx_word' id='word_1_268' title='bbox 223 2429 290 2513; x_wconf 64' lang='grc' dir='ltr'><strong>ῆν</strong></span> <span class='ocrx_word' id='word_1_269' title='bbox 339 2427 604 2501; x_wconf 81' lang='grc' dir='ltr'>σώφρονα</span> <span class='ocrx_word' id='word_1_270' title='bbox 647 2432 953 2504; x_wconf 80' lang='grc' dir='ltr'>γενομένην</span> <span class='ocrx_word' id='word_1_271' title='bbox 980 2434 1074 2488; x_wconf 77' lang='grc' dir='ltr'><strong>καὶ</strong></span> <span class='ocrx_word' id='word_1_272' title='bbox 1102 2433 1319 2489; x_wconf 82' lang='grc' dir='ltr'>πολλῶν</span> <span class='ocrx_word' id='word_1_273' title='bbox 1361 2435 1585 2505; x_wconf 81' lang='grc' dir='ltr'>ἀγαθῶν</span> <span class='ocrx_word' id='word_1_274' title='bbox 1619 2437 1826 2501; x_wconf 77' lang='grc' dir='ltr'>αἰτίαν,</span> 
     </span>
    </p>
   </div>
   <div class='ocr_carea' id='block_1_38' title="bbox 222 2522 1825 2601">
    <p class='ocr_par' dir='ltr' id='par_1_38' title="bbox 222 2522 1825 2601">
     <span class='ocr_line' id='line_1_38' title="bbox 222 2522 1825 2601; baseline 0.005 -25"><span class='ocrx_word' id='word_1_275' title='bbox 222 2522 605 2594; x_wconf 73' lang='grc' dir='ltr'>ἀποθεωθῆναι</span> <span class='ocrx_word' id='word_1_276' title='bbox 643 2525 789 2596; x_wconf 84' lang='grc' dir='ltr'>μετὰ</span> <span class='ocrx_word' id='word_1_277' title='bbox 835 2525 932 2597; x_wconf 85' lang='grc' dir='ltr'>τὴν</span> <span class='ocrx_word' id='word_1_278' title='bbox 956 2526 1235 2599; x_wconf 83' lang='grc' dir='ltr'>τελευτὴν,</span> <span class='ocrx_word' id='word_1_279' title='bbox 1256 2528 1369 2599; x_wconf 89' lang='grc' dir='ltr'>Γῆν</span> <span class='ocrx_word' id='word_1_280' title='bbox 1406 2529 1825 2601; x_wconf 82' lang='grc' dir='ltr'>μετονομασθεί-</span> 
     </span>
    </p>
   </div>
   <div class='ocr_carea' id='block_1_39' title="bbox 226 2616 1826 2692">
    <p class='ocr_par' dir='ltr' id='par_1_39' title="bbox 226 2616 1826 2692">
     <span class='ocr_line' id='line_1_39' title="bbox 226 2616 1826 2692; baseline 0.004 -24"><span class='ocrx_word' id='word_1_281' title='bbox 226 2632 342 2670; x_wconf 84' lang='grc' dir='ltr'>σαν.</span> <span class='ocrx_word' id='word_1_282' title='bbox 384 2616 655 2670; x_wconf 80' lang='grc' dir='ltr'>Γενέσθαι</span> <span class='ocrx_word' id='word_1_283' title='bbox 682 2617 752 2671; x_wconf 67' lang='grc' dir='ltr'><strong>δὲ⁴</strong></span> <span class='ocrx_word' id='word_1_284' title='bbox 780 2618 1009 2689; x_wconf 78' lang='grc' dir='ltr'>Οὐρανῷ</span> <span class='ocrx_word' id='word_1_285' title='bbox 1060 2620 1371 2692; x_wconf 81' lang='grc' dir='ltr'>θυγατέρας</span> <span class='ocrx_word' id='word_1_286' title='bbox 1407 2620 1693 2675; x_wconf 88' lang='grc' dir='ltr'>Βασίλειαν</span> <span class='ocrx_word' id='word_1_287' title='bbox 1730 2621 1826 2675; x_wconf 74' lang='grc' dir='ltr'><strong>καὶ</strong></span> 
     </span>
    </p>
   </div>
   <div class='ocr_carea' id='block_1_40' title="bbox 236 2706 1825 2785">
    <p class='ocr_par' dir='ltr' id='par_1_40' title="bbox 236 2706 1825 2785">
     <span class='ocr_line' id='line_1_40' title="bbox 236 2706 1825 2785; baseline 0.003 -26"><span class='ocrx_word' id='word_1_288' title='bbox 236 2706 411 2777; x_wconf 79' lang='grc' dir='ltr'>Ῥέαν,</span> <span class='ocrx_word' id='word_1_289' title='bbox 439 2709 549 2781; x_wconf 78' lang='grc' dir='ltr'>τὴν</span> <span class='ocrx_word' id='word_1_290' title='bbox 580 2709 677 2768; x_wconf 72' lang='grc' dir='ltr'><strong>καὶ</strong></span> <span class='ocrx_word' id='word_1_291' title='bbox 709 2708 1030 2783; x_wconf 85' lang='grc' dir='ltr'>Πανδώραν.</span> <span class='ocrx_word' id='word_1_292' title='bbox 1068 2710 1181 2783; x_wconf 83' lang='grc' dir='ltr'><strong>Τὴν</strong></span> <span class='ocrx_word' id='word_1_293' title='bbox 1212 2712 1270 2766; x_wconf 85' lang='grc' dir='ltr'>δὲ</span> <span class='ocrx_word' id='word_1_294' title='bbox 1307 2711 1596 2769; x_wconf 86' lang='grc' dir='ltr'>Βασίλειαν</span> <span class='ocrx_word' id='word_1_295' title='bbox 1626 2711 1825 2785; x_wconf 61' lang='grc' dir='ltr'>ἐκθρέρ</span> 
     </span>
    </p>
   </div>
   <div class='ocr_carea' id='block_1_41' title="bbox 220 2798 1822 2877">
    <p class='ocr_par' dir='ltr' id='par_1_41' title="bbox 220 2798 1822 2877">
     <span class='ocr_line' id='line_1_41' title="bbox 220 2798 1822 2877; baseline 0.004 -24"><span class='ocrx_word' id='word_1_296' title='bbox 220 2798 393 2869; x_wconf 70' lang='grc' dir='ltr'>ιῖιασαν</span> <span class='ocrx_word' id='word_1_297' title='bbox 431 2802 567 2863; x_wconf 74' lang='grc' dir='ltr'>τοὺς</span> <span class='ocrx_word' id='word_1_298' title='bbox 593 2800 879 2872; x_wconf 80' lang='grc' dir='ltr'>ἀδελφοὺς,</span> <span class='ocrx_word' id='word_1_299' title='bbox 916 2803 1123 2875; x_wconf 85' lang='grc' dir='ltr'>μητρὸς</span> <span class='ocrx_word' id='word_1_300' title='bbox 1153 2802 1366 2859; x_wconf 76' lang='grc' dir='ltr'>εὔνοιαν</span> <span class='ocrx_word' id='word_1_301' title='bbox 1418 2805 1822 2877; x_wconf 84' lang='grc' dir='ltr'>παρεχομένην,</span> 
     </span>
    </p>
   </div>
   <div class='ocr_carea' id='block_1_42' title="bbox 224 2892 1822 2969">
    <p class='ocr_par' dir='ltr' id='par_1_42' title="bbox 224 2892 1822 2969">
     <span class='ocr_line' id='line_1_42' title="bbox 224 2892 1822 2969; baseline 0.003 -23"><span class='ocrx_word' id='word_1_302' title='bbox 224 2892 437 2965; x_wconf 71' lang='grc' dir='ltr'>μητέρα</span> <span class='ocrx_word' id='word_1_303' title='bbox 471 2892 592 2964; x_wconf 82' lang='lat'><strong>(58)</strong></span> <span class='ocrx_word' id='word_1_304' title='bbox 618 2893 1152 2967; x_wconf 72' lang='grc' dir='ltr'>προσαγορευθῆναι.</span> <span class='ocrx_word' id='word_1_305' title='bbox 1185 2896 1454 2968; x_wconf 75' lang='grc' dir='ltr'>Ὕστερον</span> <span class='ocrx_word' id='word_1_306' title='bbox 1472 2897 1529 2950; x_wconf 85' lang='grc' dir='ltr'>δὲ</span> <span class='ocrx_word' id='word_1_307' title='bbox 1559 2896 1701 2969; x_wconf 83' lang='grc' dir='ltr'>μετὰ</span> <span class='ocrx_word' id='word_1_308' title='bbox 1725 2896 1822 2969; x_wconf 78' lang='grc' dir='ltr'>τὴν</span> 
     </span>
    </p>
   </div>
   <div class='ocr_carea' id='block_1_43' title="bbox 220 2984 1824 3063">
    <p class='ocr_par' dir='ltr' id='par_1_43' title="bbox 220 2984 1824 3063">
     <span class='ocr_line' id='line_1_43' title="bbox 220 2984 1824 3063; baseline 0.005 -26"><span class='ocrx_word' id='word_1_309' title='bbox 220 2984 310 3038; x_wconf 73' lang='grc' dir='ltr'>τοῦ</span> <span class='ocrx_word' id='word_1_310' title='bbox 347 2985 605 3061; x_wconf 65' lang='grc' dir='ltr'>θύρανοῦ</span> <span class='ocrx_word' id='word_1_311' title='bbox 651 2987 912 3060; x_wconf 84' lang='grc' dir='ltr'>τελευτὴν</span> <span class='ocrx_word' id='word_1_312' title='bbox 951 2990 1353 3060; x_wconf 81' lang='grc' dir='ltr'>συνοικήσασαν</span> <span class='ocrx_word' id='word_1_313' title='bbox 1414 2991 1692 3062; x_wconf 86' lang='grc' dir='ltr'>Ὑπερίονι</span> <span class='ocrx_word' id='word_1_314' title='bbox 1744 2990 1824 3063; x_wconf 85' lang='grc' dir='ltr'>τῷ</span> 
     </span>
    </p>
   </div>
   <div class='ocr_carea' id='block_1_44' title="bbox 219 3074 1821 3151">
    <p class='ocr_par' dir='ltr' id='par_1_44' title="bbox 219 3074 1821 3151">
     <span class='ocr_line' id='line_1_44' title="bbox 219 3074 1821 3151; baseline 0.002 -22"><span class='ocrx_word' id='word_1_315' title='bbox 219 3074 456 3149; x_wconf 66' lang='grc' dir='ltr'>ἀδελφῷ,</span> <span class='ocrx_word' id='word_1_316' title='bbox 510 3077 773 3148; x_wconf 85' lang='grc' dir='ltr'>γεννῆσαι</span> <span class='ocrx_word' id='word_1_317' title='bbox 825 3076 920 3131; x_wconf 91' lang='grc' dir='ltr'><strong>δύο</strong></span> <span class='ocrx_word' id='word_1_318' title='bbox 971 3078 1188 3144; x_wconf 83' lang='grc' dir='ltr'>παῖδας,</span> <span class='ocrx_word' id='word_1_319' title='bbox 1248 3077 1345 3148; x_wconf 76' lang='grc' dir='ltr'>οὓς</span> <span class='ocrx_word' id='word_1_320' title='bbox 1394 3079 1491 3132; x_wconf 70' lang='grc' dir='ltr'><strong>καὶ</strong></span> <span class='ocrx_word' id='word_1_321' title='bbox 1534 3078 1821 3151; x_wconf 82' lang='grc' dir='ltr'>ὠνόμασεν</span> 
     </span>
    </p>
   </div>
   <div class='ocr_carea' id='block_1_45' title="bbox 1894 1856 3518 1948">
    <p class='ocr_par' dir='ltr' id='par_1_45' title="bbox 1894 1856 3518 1948">
     <span class='ocr_line' id='line_1_45' title="bbox 1894 1856 3518 1948; baseline 0.006 -16"><span class='ocrx_word' id='word_1_322' title='bbox 1894 1856 1899 1863; x_wconf 51' lang='grc'><strong>’</strong></span> <span class='ocrx_word' id='word_1_323' title='bbox 1933 1878 2091 1948; x_wconf 68' lang='lat' dir='ltr'><strong>logia:</strong></span> <span class='ocrx_word' id='word_1_324' title='bbox 2119 1878 2313 1932; x_wconf 85' lang='lat' dir='ltr'><strong>silvam</strong></span> <span class='ocrx_word' id='word_1_325' title='bbox 2362 1878 2431 1932; x_wconf 91' lang='lat' dir='ltr'><strong>ab</strong></span> <span class='ocrx_word' id='word_1_326' title='bbox 2461 1877 2663 1932; x_wconf 78' lang='lat' dir='ltr'><strong>exteris</strong></span> <span class='ocrx_word' id='word_1_327' title='bbox 2704 1856 3018 1936; x_wconf 76' lang='lat' dir='ltr'><strong>nationibus</strong></span> <span class='ocrx_word' id='word_1_328' title='bbox 3067 1891 3348 1936; x_wconf 86' lang='lat' dir='ltr'><strong>mutuatos</strong></span> <span class='ocrx_word' id='word_1_329' title='bbox 3395 1899 3518 1940; x_wconf 85' lang='lat' dir='ltr'><strong>esse</strong></span> 
     </span>
    </p>
   </div>
   <div class='ocr_carea' id='block_1_46' title="bbox 1932 1970 3512 2043">
    <p class='ocr_par' dir='ltr' id='par_1_46' title="bbox 1932 1970 3512 2043">
     <span class='ocr_line' id='line_1_46' title="bbox 1932 1970 3512 2043; baseline 0.003 -18"><span class='ocrx_word' id='word_1_330' title='bbox 1932 1971 2167 2038; x_wconf 84' lang='lat' dir='ltr'><strong>docens,</strong></span> <span class='ocrx_word' id='word_1_331' title='bbox 2201 1971 2383 2043; x_wconf 89' lang='lat' dir='ltr'><strong>operis</strong></span> <span class='ocrx_word' id='word_1_332' title='bbox 2411 1972 2497 2028; x_wconf 91' lang='lat' dir='ltr'><strong>sui</strong></span> <span class='ocrx_word' id='word_1_333' title='bbox 2528 1970 2686 2026; x_wconf 88' lang='lat' dir='ltr'><strong>tertio</strong></span> <span class='ocrx_word' id='word_1_334' title='bbox 2725 1971 2800 2026; x_wconf 87' lang='lat' dir='ltr'><strong>ita</strong></span> <span class='ocrx_word' id='word_1_335' title='bbox 2828 1971 2941 2029; x_wconf 89' lang='lat' dir='ltr'><strong>fere</strong></span> <span class='ocrx_word' id='word_1_336' title='bbox 2972 1975 3203 2031; x_wconf 89' lang='lat' dir='ltr'><strong>scribit:</strong></span> <span class='ocrx_word' id='word_1_337' title='bbox 3248 1995 3267 2029; x_wconf 79' lang='grc' dir='ltr'><strong>ι</strong></span> <span class='ocrx_word' id='word_1_338' title='bbox 3301 1975 3512 2030; x_wconf 65' lang='lat' dir='ltr'><strong>Caelum</strong></span> 
     </span>
    </p>
   </div>
   <div class='ocr_carea' id='block_1_47' title="bbox 1929 2062 3515 2139">
    <p class='ocr_par' dir='ltr' id='par_1_47' title="bbox 1929 2062 3515 2139">
     <span class='ocr_line' id='line_1_47' title="bbox 1929 2062 3515 2139; baseline 0.005 -23"><span class='ocrx_word' id='word_1_339' title='bbox 1929 2062 2161 2119; x_wconf 78' lang='lat' dir='ltr'><strong>Atlantii</strong></span> <span class='ocrx_word' id='word_1_340' title='bbox 2208 2065 2445 2137; x_wconf 89' lang='lat' dir='ltr'><strong>primum</strong></span> <span class='ocrx_word' id='word_1_341' title='bbox 2500 2064 2645 2136; x_wconf 91' lang='lat' dir='ltr'><strong>apud</strong></span> <span class='ocrx_word' id='word_1_342' title='bbox 2678 2080 2737 2121; x_wconf 92' lang='lat' dir='ltr'><strong>se</strong></span> <span class='ocrx_word' id='word_1_343' title='bbox 2785 2083 3044 2138; x_wconf 83' lang='lat' dir='ltr'><strong>regnasse</strong></span> <span class='ocrx_word' id='word_1_344' title='bbox 3072 2067 3362 2134; x_wconf 85' lang='lat' dir='ltr'><strong>dictitant,</strong></span> <span class='ocrx_word' id='word_1_345' title='bbox 3417 2069 3515 2139; x_wconf 90' lang='lat' dir='ltr'><strong>qui</strong></span> 
     </span>
    </p>
   </div>
   <div class='ocr_carea' id='block_1_48' title="bbox 1930 2155 3513 2231">
    <p class='ocr_par' dir='ltr' id='par_1_48' title="bbox 1930 2155 3513 2231">
     <span class='ocr_line' id='line_1_48' title="bbox 1930 2155 3513 2231; baseline 0.003 -22"><span class='ocrx_word' id='word_1_346' title='bbox 1930 2155 2134 2213; x_wconf 86' lang='lat' dir='ltr'><strong>liberos</strong></span> <span class='ocrx_word' id='word_1_347' title='bbox 2163 2157 2405 2228; x_wconf 89' lang='lat' dir='ltr'><strong>quinque</strong></span> <span class='ocrx_word' id='word_1_348' title='bbox 2435 2174 2600 2230; x_wconf 88' lang='lat' dir='ltr'><strong>supra</strong></span> <span class='ocrx_word' id='word_1_349' title='bbox 2630 2160 2988 2231; x_wconf 81' lang='lat' dir='ltr'><strong>quadraginta</strong></span> <span class='ocrx_word' id='word_1_350' title='bbox 3020 2176 3085 2215; x_wconf 81' lang='lat' dir='ltr'><strong>ex</strong></span> <span class='ocrx_word' id='word_1_351' title='bbox 3110 2159 3358 2230; x_wconf 88' lang='lat' dir='ltr'><strong>pluribus</strong></span> <span class='ocrx_word' id='word_1_352' title='bbox 3390 2177 3513 2214; x_wconf 89' lang='lat' dir='ltr'><strong>mu-</strong></span> 
     </span>
    </p>
   </div>
   <div class='ocr_carea' id='block_1_49' title="bbox 1930 2250 3510 2322">
    <p class='ocr_par' dir='ltr' id='par_1_49' title="bbox 1930 2250 3510 2322">
     <span class='ocr_line' id='line_1_49' title="bbox 1930 2250 3510 2322; baseline 0.002 -17"><span class='ocrx_word' id='word_1_353' title='bbox 1930 2250 2159 2307; x_wconf 85' lang='lat' dir='ltr'><strong>lieribus</strong></span> <span class='ocrx_word' id='word_1_354' title='bbox 2192 2252 2519 2320; x_wconf 88' lang='lat' dir='ltr'><strong>procrearit,</strong></span> <span class='ocrx_word' id='word_1_355' title='bbox 2544 2268 2779 2322; x_wconf 90' lang='lat' dir='ltr'><strong>quorum</strong></span> <span class='ocrx_word' id='word_1_356' title='bbox 2814 2252 3112 2307; x_wconf 85' lang='lat' dir='ltr'><strong>octodecim</strong></span> <span class='ocrx_word' id='word_1_357' title='bbox 3139 2250 3305 2308; x_wconf 73' lang='lat' dir='ltr'><strong>Titma</strong></span> <span class='ocrx_word' id='word_1_358' title='bbox 3338 2264 3510 2308; x_wconf 87' lang='lat' dir='ltr'><strong>matre</strong></span> 
     </span>
    </p>
   </div>
   <div class='ocr_carea' id='block_1_50' title="bbox 1929 2340 3508 2415">
    <p class='ocr_par' dir='ltr' id='par_1_50' title="bbox 1929 2340 3508 2415">
     <span class='ocr_line' id='line_1_50' title="bbox 1929 2340 3508 2415; baseline 0 -17"><span class='ocrx_word' id='word_1_359' title='bbox 1929 2351 2090 2398; x_wconf 89' lang='lat' dir='ltr'><strong>natos</strong></span> <span class='ocrx_word' id='word_1_360' title='bbox 2120 2358 2242 2398; x_wconf 90' lang='lat' dir='ltr'><strong>esse</strong></span> <span class='ocrx_word' id='word_1_361' title='bbox 2269 2343 2477 2397; x_wconf 90' lang='lat' dir='ltr'><strong>volunt.</strong></span> <span class='ocrx_word' id='word_1_362' title='bbox 2510 2340 2664 2399; x_wconf 81' lang='lat' dir='ltr'><strong>lianc</strong></span> <span class='ocrx_word' id='word_1_363' title='bbox 2700 2360 2831 2401; x_wconf 86' lang='lat' dir='ltr'><strong>vero</strong></span> <span class='ocrx_word' id='word_1_364' title='bbox 2851 2386 2866 2409; x_wconf 91' lang='lat'><strong>,</strong></span> <span class='ocrx_word' id='word_1_365' title='bbox 2900 2344 3043 2414; x_wconf 87' lang='lat' dir='ltr'><strong>quod</strong></span> <span class='ocrx_word' id='word_1_366' title='bbox 3076 2343 3337 2415; x_wconf 84' lang='lat' dir='ltr'><strong>singulari</strong></span> <span class='ocrx_word' id='word_1_367' title='bbox 3368 2353 3508 2398; x_wconf 64' lang='lat' dir='ltr'><strong>temo</strong></span> 
     </span>
    </p>
   </div>
   <div class='ocr_carea' id='block_1_51' title="bbox 1926 2433 3510 2505">
    <p class='ocr_par' dir='ltr' id='par_1_51' title="bbox 1926 2433 3510 2505">
     <span class='ocr_line' id='line_1_51' title="bbox 1926 2433 3510 2505; baseline 0 -17"><span class='ocrx_word' id='word_1_368' title='bbox 1926 2434 2189 2505; x_wconf 60' lang='lat' dir='ltr'><strong>perantia!</strong></span> <span class='ocrx_word' id='word_1_369' title='bbox 2213 2433 2374 2489; x_wconf 87' lang='lat' dir='ltr'><strong>laude</strong></span> <span class='ocrx_word' id='word_1_370' title='bbox 2402 2433 2699 2495; x_wconf 85' lang='lat' dir='ltr'><strong>ﬂoruisset.</strong></span> <span class='ocrx_word' id='word_1_371' title='bbox 2726 2451 2791 2490; x_wconf 91' lang='lat' dir='ltr'><strong>ac</strong></span> <span class='ocrx_word' id='word_1_372' title='bbox 2824 2435 2892 2490; x_wconf 78' lang='lat' dir='ltr'><strong>de</strong></span> <span class='ocrx_word' id='word_1_373' title='bbox 2921 2436 3036 2490; x_wconf 88' lang='lat' dir='ltr'><strong>suis</strong></span> <span class='ocrx_word' id='word_1_374' title='bbox 3066 2438 3270 2505; x_wconf 86' lang='lat' dir='ltr'><strong>optime</strong></span> <span class='ocrx_word' id='word_1_375' title='bbox 3315 2434 3510 2489; x_wconf 88' lang='lat' dir='ltr'><strong>merita</strong></span> 
     </span>
    </p>
   </div>
   <div class='ocr_carea' id='block_1_52' title="bbox 1927 2524 3507 2596">
    <p class='ocr_par' dir='ltr' id='par_1_52' title="bbox 1927 2524 3507 2596">
     <span class='ocr_line' id='line_1_52' title="bbox 1927 2524 3507 2596; baseline -0.001 -16"><span class='ocrx_word' id='word_1_376' title='bbox 1927 2532 2093 2592; x_wconf 85' lang='lat' dir='ltr'><strong>esset,</strong></span> <span class='ocrx_word' id='word_1_377' title='bbox 2117 2524 2452 2580; x_wconf 86' lang='lat' dir='ltr'><strong>divinitatem</strong></span> <span class='ocrx_word' id='word_1_378' title='bbox 2484 2532 2607 2595; x_wconf 89' lang='lat' dir='ltr'><strong>post</strong></span> <span class='ocrx_word' id='word_1_379' title='bbox 2626 2524 2833 2579; x_wconf 84' lang='lat' dir='ltr'><strong>obitum</strong></span> <span class='ocrx_word' id='word_1_380' title='bbox 2859 2536 3231 2589; x_wconf 87' lang='lat' dir='ltr'><strong>consecutam,</strong></span> <span class='ocrx_word' id='word_1_381' title='bbox 3259 2541 3507 2596; x_wconf 88' lang='lat' dir='ltr'><strong>novoque</strong></span> 
     </span>
    </p>
   </div>
   <div class='ocr_carea' id='block_1_53' title="bbox 1925 2615 3507 2687">
    <p class='ocr_par' dir='ltr' id='par_1_53' title="bbox 1925 2615 3507 2687">
     <span class='ocr_line' id='line_1_53' title="bbox 1925 2615 3507 2687; baseline 0 -14"><span class='ocrx_word' id='word_1_382' title='bbox 1925 2617 2148 2673; x_wconf 85' lang='lat' dir='ltr'><strong>nomine</strong></span> <span class='ocrx_word' id='word_1_383' title='bbox 2183 2615 2409 2671; x_wconf 84' lang='lat' dir='ltr'><strong>Terram</strong></span> <span class='ocrx_word' id='word_1_384' title='bbox 2448 2619 2768 2687; x_wconf 84' lang='lat' dir='ltr'><strong>appellatam</strong></span> <span class='ocrx_word' id='word_1_385' title='bbox 2813 2617 3002 2673; x_wconf 83' lang='lat' dir='ltr'><strong>fuisse.</strong></span> <span class='ocrx_word' id='word_1_386' title='bbox 3060 2617 3321 2673; x_wconf 71' lang='lat' dir='ltr'><strong>Pneterca</strong></span> <span class='ocrx_word' id='word_1_387' title='bbox 3369 2618 3507 2675; x_wconf 64' lang='lat' dir='ltr'><strong>Caeli</strong></span> 
     </span>
    </p>
   </div>
   <div class='ocr_carea' id='block_1_54' title="bbox 1926 2706 3500 2780">
    <p class='ocr_par' dir='ltr' id='par_1_54' title="bbox 1926 2706 3500 2780">
     <span class='ocr_line' id='line_1_54' title="bbox 1926 2706 3500 2780; baseline 0.002 -18"><span class='ocrx_word' id='word_1_388' title='bbox 1926 2708 2067 2764; x_wconf 85' lang='lat' dir='ltr'><strong>tilias</strong></span> <span class='ocrx_word' id='word_1_389' title='bbox 2105 2706 2374 2763; x_wconf 89' lang='lat' dir='ltr'><strong>Basileam</strong></span> <span class='ocrx_word' id='word_1_390' title='bbox 2395 2748 2411 2774; x_wconf 92' lang='lat'><strong>,</strong></span> <span class='ocrx_word' id='word_1_391' title='bbox 2442 2706 2760 2777; x_wconf 75' lang='lat' dir='ltr'><strong>Rheamque</strong></span> <span class='ocrx_word' id='word_1_392' title='bbox 2790 2708 3013 2762; x_wconf 88' lang='lat' dir='ltr'><strong>laudant</strong></span> <span class='ocrx_word' id='word_1_393' title='bbox 3038 2749 3054 2772; x_wconf 92' lang='lat'><strong>,</strong></span> <span class='ocrx_word' id='word_1_394' title='bbox 3098 2726 3218 2780; x_wconf 73' lang='lat' dir='ltr'><strong>quae</strong></span> <span class='ocrx_word' id='word_1_395' title='bbox 3250 2707 3500 2765; x_wconf 84' lang='lat' dir='ltr'><strong>Pandora</strong></span> 
     </span>
    </p>
   </div>
   <div class='ocr_carea' id='block_1_55' title="bbox 1925 2799 3503 2870">
    <p class='ocr_par' dir='ltr' id='par_1_55' title="bbox 1925 2799 3503 2870">
     <span class='ocr_line' id='line_1_55' title="bbox 1925 2799 3503 2870; baseline 0.003 -18"><span class='ocrx_word' id='word_1_396' title='bbox 1925 2814 2145 2870; x_wconf 86' lang='lat' dir='ltr'><strong>quoque</strong></span> <span class='ocrx_word' id='word_1_397' title='bbox 2195 2800 2531 2855; x_wconf 86' lang='lat' dir='ltr'><strong>nominatur.</strong></span> <span class='ocrx_word' id='word_1_398' title='bbox 2581 2799 2661 2854; x_wconf 80' lang='lat' dir='ltr'><strong>Ac</strong></span> <span class='ocrx_word' id='word_1_399' title='bbox 2715 2799 2982 2854; x_wconf 90' lang='lat' dir='ltr'><strong>Basileam</strong></span> <span class='ocrx_word' id='word_1_400' title='bbox 3031 2799 3252 2869; x_wconf 88' lang='lat' dir='ltr'><strong>quidem</strong></span> <span class='ocrx_word' id='word_1_401' title='bbox 3302 2802 3503 2867; x_wconf 90' lang='lat' dir='ltr'><strong>aiunt,</strong></span> 
     </span>
    </p>
   </div>
   <div class='ocr_carea' id='block_1_56' title="bbox 1924 2890 3501 2962">
    <p class='ocr_par' dir='ltr' id='par_1_56' title="bbox 1924 2890 3501 2962">
     <span class='ocr_line' id='line_1_56' title="bbox 1924 2890 3501 2962; baseline 0.003 -19"><span class='ocrx_word' id='word_1_402' title='bbox 1924 2892 2073 2961; x_wconf 89' lang='lat' dir='ltr'><strong>quod</strong></span> <span class='ocrx_word' id='word_1_403' title='bbox 2102 2899 2347 2949; x_wconf 88' lang='lat' dir='ltr'><strong>materna</strong></span> <span class='ocrx_word' id='word_1_404' title='bbox 2374 2890 2536 2962; x_wconf 89' lang='lat' dir='ltr'><strong>plane</strong></span> <span class='ocrx_word' id='word_1_405' title='bbox 2566 2890 2943 2947; x_wconf 85' lang='lat' dir='ltr'><strong>benevolentia</strong></span> <span class='ocrx_word' id='word_1_406' title='bbox 2973 2890 3169 2947; x_wconf 88' lang='lat' dir='ltr'><strong>fratres</strong></span> <span class='ocrx_word' id='word_1_407' title='bbox 3193 2890 3501 2962; x_wconf 87' lang='lat' dir='ltr'><strong>educasset,</strong></span> 
     </span>
    </p>
   </div>
   <div class='ocr_carea' id='block_1_57' title="bbox 1923 2983 3504 3054">
    <p class='ocr_par' dir='ltr' id='par_1_57' title="bbox 1923 2983 3504 3054">
     <span class='ocr_line' id='line_1_57' title="bbox 1923 2983 3504 3054; baseline 0.001 -16"><span class='ocrx_word' id='word_1_408' title='bbox 1923 2991 2156 3043; x_wconf 85' lang='lat' dir='ltr'><strong>matrem</strong></span> <span class='ocrx_word' id='word_1_409' title='bbox 2196 2997 2318 3039; x_wconf 92' lang='lat' dir='ltr'><strong>esse</strong></span> <span class='ocrx_word' id='word_1_410' title='bbox 2347 2991 2755 3054; x_wconf 88' lang='lat' dir='ltr'><strong>nuncupatam:</strong></span> <span class='ocrx_word' id='word_1_411' title='bbox 2784 2999 3019 3053; x_wconf 89' lang='lat' dir='ltr'><strong>cumque</strong></span> <span class='ocrx_word' id='word_1_412' title='bbox 3060 2983 3214 3039; x_wconf 70' lang='lat' dir='ltr'><strong>leo</strong></span> <span class='ocrx_word' id='word_1_413' title='bbox 3237 2984 3350 3054; x_wconf 89' lang='lat' dir='ltr'><strong>jam</strong></span> <span class='ocrx_word' id='word_1_414' title='bbox 3395 2984 3504 3039; x_wconf 84' lang='lat' dir='ltr'><strong>vita</strong></span> 
     </span>
    </p>
   </div>
   <div class='ocr_carea' id='block_1_58' title="bbox 1923 3070 3498 3144">
    <p class='ocr_par' dir='ltr' id='par_1_58' title="bbox 1923 3070 3498 3144">
     <span class='ocr_line' id='line_1_58' title="bbox 1923 3070 3498 3144; baseline 0.001 -16"><span class='ocrx_word' id='word_1_415' title='bbox 1923 3071 2116 3134; x_wconf 84' lang='lat' dir='ltr'><strong>functo</strong></span> <span class='ocrx_word' id='word_1_416' title='bbox 2142 3088 2266 3129; x_wconf 91' lang='lat' dir='ltr'><strong>cum</strong></span> <span class='ocrx_word' id='word_1_417' title='bbox 2304 3070 2610 3144; x_wconf 75' lang='lat' dir='ltr'><strong>Hyperione</strong></span> <span class='ocrx_word' id='word_1_418' title='bbox 2636 3071 2802 3128; x_wconf 88' lang='lat' dir='ltr'><strong>fratre</strong></span> <span class='ocrx_word' id='word_1_419' title='bbox 2827 3073 3236 3128; x_wconf 89' lang='lat' dir='ltr'><strong>matrimonium</strong></span> <span class='ocrx_word' id='word_1_420' title='bbox 3271 3073 3498 3138; x_wconf 86' lang='lat' dir='ltr'><strong>iniisset,</strong></span> 
     </span>
    </p>
   </div>
   <div class='ocr_carea' id='block_1_59' title="bbox 223 3138 1814 3248">
    <p class='ocr_par' dir='ltr' id='par_1_59' title="bbox 223 3138 1814 3248">
     <span class='ocr_line' id='line_1_59' title="bbox 223 3138 1814 3248; baseline 0.002 -27"><span class='ocrx_word' id='word_1_421' title='bbox 223 3138 414 3222; x_wconf 64' lang='grc' dir='ltr'><strong>Ἦλῶκῖ</strong></span> <span class='ocrx_word' id='word_1_422' title='bbox 561 3138 821 3241; x_wconf 67' lang='grc' dir='ltr'>Σελῆνην.</span> <span class='ocrx_word' id='word_1_423' title='bbox 846 3170 988 3235; x_wconf 79' lang='grc' dir='ltr'>Τοὺς</span> <span class='ocrx_word' id='word_1_424' title='bbox 1016 3169 1075 3224; x_wconf 81' lang='grc' dir='ltr'>δὲ</span> <span class='ocrx_word' id='word_1_425' title='bbox 1100 3138 1365 3241; x_wconf 65' lang='grc' dir='ltr'>άδελφούς</span> <span class='ocrx_word' id='word_1_426' title='bbox 1386 3170 1486 3241; x_wconf 88' lang='grc' dir='ltr'><strong>τῆς</strong></span> <span class='ocrx_word' id='word_1_427' title='bbox 1532 3138 1687 3248; x_wconf 68' lang='grc' dir='ltr'>Ῥέας</span> <span class='ocrx_word' id='word_1_428' title='bbox 1720 3188 1814 3241; x_wconf 86' lang='grc' dir='ltr'>φο-</span> 
     </span>
    </p>
   </div>
   <div class='ocr_carea' id='block_1_60' title="bbox 1922 3138 3505 3248">
    <p class='ocr_par' dir='ltr' id='par_1_60' title="bbox 1922 3164 3505 3236">
     <span class='ocr_line' id='line_1_60' title="bbox 1922 3164 3505 3236; baseline 0.001 -17"><span class='ocrx_word' id='word_1_429' title='bbox 1922 3165 2123 3235; x_wconf 77' lang='lat' dir='ltr'><strong>liberos</strong></span> <span class='ocrx_word' id='word_1_430' title='bbox 2148 3166 2402 3236; x_wconf 87' lang='lat' dir='ltr'><strong>genuisse</strong></span> <span class='ocrx_word' id='word_1_431' title='bbox 2423 3165 2584 3231; x_wconf 84' lang='lat' dir='ltr'><strong>duos,</strong></span> <span class='ocrx_word' id='word_1_432' title='bbox 2613 3180 2849 3236; x_wconf 86' lang='lat' dir='ltr'><strong>quorum</strong></span> <span class='ocrx_word' id='word_1_433' title='bbox 2877 3165 3107 3220; x_wconf 89' lang='lat' dir='ltr'><strong>alterum</strong></span> <span class='ocrx_word' id='word_1_434' title='bbox 3139 3165 3343 3231; x_wconf 87' lang='lat' dir='ltr'><strong>Solem,</strong></span> <span class='ocrx_word' id='word_1_435' title='bbox 3369 3164 3505 3220; x_wconf 88' lang='lat' dir='ltr'><strong>alte-</strong></span> 
     </span>
    </p>
   </div>
   <div class='ocr_carea' id='block_1_61' title="bbox 218 3259 1817 3334">
    <p class='ocr_par' dir='ltr' id='par_1_61' title="bbox 218 3259 1817 3334">
     <span class='ocr_line' id='line_1_61' title="bbox 218 3259 1817 3334; baseline 0.004 -21"><span class='ocrx_word' id='word_1_436' title='bbox 218 3259 519 3332; x_wconf 75' lang='grc' dir='ltr'>ϐηθέντας,</span> <span class='ocrx_word' id='word_1_437' title='bbox 572 3261 665 3315; x_wconf 81' lang='grc' dir='ltr'>τὸν</span> <span class='ocrx_word' id='word_1_438' title='bbox 714 3262 814 3333; x_wconf 83' lang='grc' dir='ltr'>μὲν</span> <span class='ocrx_word' id='word_1_439' title='bbox 873 3263 1166 3334; x_wconf 86' lang='grc' dir='ltr'>Ὑπερίονα</span> <span class='ocrx_word' id='word_1_440' title='bbox 1220 3264 1587 3334; x_wconf 77' lang='grc' dir='ltr'>κατασφάξαι,</span> <span class='ocrx_word' id='word_1_441' title='bbox 1637 3264 1730 3319; x_wconf 82' lang='grc' dir='ltr'>τὸν</span> <span class='ocrx_word' id='word_1_442' title='bbox 1759 3264 1817 3319; x_wconf 82' lang='grc' dir='ltr'>δὲ</span> 
     </span>
    </p>
   </div>
   <div class='ocr_carea' id='block_1_62' title="bbox 219 3348 1818 3431">
    <p class='ocr_par' dir='ltr' id='par_1_62' title="bbox 219 3348 1818 3431">
     <span class='ocr_line' id='line_1_62' title="bbox 219 3348 1818 3431; baseline 0.004 -26"><span class='ocrx_word' id='word_1_443' title='bbox 219 3352 405 3407; x_wconf 84' lang='grc' dir='ltr'>Ἥλιον</span> <span class='ocrx_word' id='word_1_444' title='bbox 432 3356 524 3418; x_wconf 75' lang='grc' dir='ltr'>εἰς</span> <span class='ocrx_word' id='word_1_445' title='bbox 552 3354 646 3407; x_wconf 79' lang='grc' dir='ltr'>τὸν</span> <span class='ocrx_word' id='word_1_446' title='bbox 682 3354 967 3426; x_wconf 85' lang='grc' dir='ltr'>Ἠριδανὸν</span> <span class='ocrx_word' id='word_1_447' title='bbox 994 3354 1239 3427; x_wconf 79' lang='grc' dir='ltr'>ποταμὸν</span> <span class='ocrx_word' id='word_1_448' title='bbox 1263 3348 1559 3431; x_wconf 72' lang='grc' dir='ltr'>ἁποπνίξαι</span> <span class='ocrx_word' id='word_1_449' title='bbox 1580 3374 1595 3388; x_wconf 74' lang='grc' dir='ltr'><strong>ο</strong></span> <span class='ocrx_word' id='word_1_450' title='bbox 1630 3355 1730 3429; x_wconf 78' lang='grc' dir='ltr'>τὴν</span> <span class='ocrx_word' id='word_1_451' title='bbox 1761 3355 1818 3411; x_wconf 66' lang='grc' dir='ltr'>δὲ</span> 
     </span>
    </p>
   </div>
   <div class='ocr_carea' id='block_1_63' title="bbox 217 3444 1813 3520">
    <p class='ocr_par' dir='ltr' id='par_1_63' title="bbox 217 3444 1813 3520">
     <span class='ocr_line' id='line_1_63' title="bbox 217 3444 1813 3520; baseline 0.003 -19"><span class='ocrx_word' id='word_1_452' title='bbox 217 3445 455 3517; x_wconf 80' lang='grc' dir='ltr'>Σελήνην</span> <span class='ocrx_word' id='word_1_453' title='bbox 486 3444 665 3499; x_wconf 76' lang='grc' dir='ltr'>ταῦτα</span> <span class='ocrx_word' id='word_1_454' title='bbox 693 3445 993 3517; x_wconf 75' lang='grc' dir='ltr'>μαθοῦσαν,</span> <span class='ocrx_word' id='word_1_455' title='bbox 1014 3446 1124 3503; x_wconf 82' lang='grc' dir='ltr'><strong>ἀπὸ</strong></span> <span class='ocrx_word' id='word_1_456' title='bbox 1153 3446 1380 3515; x_wconf 77' lang='grc' dir='ltr'>στέγους</span> <span class='ocrx_word' id='word_1_457' title='bbox 1400 3448 1601 3518; x_wconf 74' lang='grc' dir='ltr'>ἑαυτὴν</span> <span class='ocrx_word' id='word_1_458' title='bbox 1633 3447 1813 3520; x_wconf 79' lang='grc' dir='ltr'>ῥίψαι.</span> 
     </span>
    </p>
   </div>
   <div class='ocr_carea' id='block_1_64' title="bbox 214 3534 1817 3609">
    <p class='ocr_par' dir='ltr' id='par_1_64' title="bbox 214 3534 1817 3609">
     <span class='ocr_line' id='line_1_64' title="bbox 214 3534 1817 3609; baseline 0.001 -20"><span class='ocrx_word' id='word_1_459' title='bbox 214 3535 323 3609; x_wconf 71' lang='grc' dir='ltr'><strong>Τὴν</strong></span> <span class='ocrx_word' id='word_1_460' title='bbox 355 3536 416 3590; x_wconf 84' lang='grc' dir='ltr'>δὲ</span> <span class='ocrx_word' id='word_1_461' title='bbox 442 3535 680 3607; x_wconf 68' lang='grc' dir='ltr'>δμητέρα</span> <span class='ocrx_word' id='word_1_462' title='bbox 722 3536 942 3607; x_wconf 76' lang='grc' dir='ltr'>ἐμμανῆ</span> <span class='ocrx_word' id='word_1_463' title='bbox 992 3534 1294 3607; x_wconf 83' lang='grc' dir='ltr'>γενομένην</span> <span class='ocrx_word' id='word_1_464' title='bbox 1320 3535 1627 3590; x_wconf 83' lang='grc' dir='ltr'>πλανᾶσθαι</span> <span class='ocrx_word' id='word_1_465' title='bbox 1677 3536 1817 3591; x_wconf 85' lang='grc' dir='ltr'>κατὰ</span> 
     </span>
    </p>
   </div>
   <div class='ocr_carea' id='block_1_65' title="bbox 213 3624 1814 3700">
    <p class='ocr_par' dir='ltr' id='par_1_65' title="bbox 213 3624 1814 3700">
     <span class='ocr_line' id='line_1_65' title="bbox 213 3624 1814 3700; baseline -0.001 -18"><span class='ocrx_word' id='word_1_466' title='bbox 213 3626 310 3698; x_wconf 80' lang='grc' dir='ltr'>τὴν</span> <span class='ocrx_word' id='word_1_467' title='bbox 342 3624 564 3697; x_wconf 80' lang='grc' dir='ltr'>χώραν,</span> <span class='ocrx_word' id='word_1_468' title='bbox 598 3625 899 3699; x_wconf 80' lang='grc' dir='ltr'>λελυμένην</span> <span class='ocrx_word' id='word_1_469' title='bbox 930 3626 1030 3698; x_wconf 75' lang='grc' dir='ltr'>μὲν</span> <span class='ocrx_word' id='word_1_470' title='bbox 1050 3626 1149 3690; x_wconf 83' lang='grc' dir='ltr'><strong>τὰς</strong></span> <span class='ocrx_word' id='word_1_471' title='bbox 1162 3626 1378 3700; x_wconf 88' lang='grc' dir='ltr'>τρίχας,</span> <span class='ocrx_word' id='word_1_472' title='bbox 1395 3626 1485 3682; x_wconf 87' lang='grc' dir='ltr'><strong>διά</strong></span> <span class='ocrx_word' id='word_1_473' title='bbox 1517 3629 1814 3698; x_wconf 81' lang='grc' dir='ltr'>τυμπάνων</span> 
     </span>
    </p>
   </div>
   <div class='ocr_carea' id='block_1_66' title="bbox 211 3700 1815 3789">
    <p class='ocr_par' dir='ltr' id='par_1_66' title="bbox 211 3700 1815 3789">
     <span class='ocr_line' id='line_1_66' title="bbox 211 3700 1815 3789; baseline 0 -18"><span class='ocrx_word' id='word_1_474' title='bbox 211 3700 267 3771; x_wconf 72' lang='lat' dir='ltr'><strong>ei</strong></span> <span class='ocrx_word' id='word_1_475' title='bbox 298 3719 398 3771; x_wconf 68' lang='lat' dir='ltr'><strong>xui.</strong></span> <span class='ocrx_word' id='word_1_476' title='bbox 430 3716 737 3787; x_wconf 75' lang='grc' dir='ltr'>κυμϐάλων</span> <span class='ocrx_word' id='word_1_477' title='bbox 759 3716 1154 3783; x_wconf 78' lang='grc' dir='ltr'>ἐνθεάζουσαν,</span> <span class='ocrx_word' id='word_1_478' title='bbox 1196 3708 1292 3771; x_wconf 64' lang='lat' dir='ltr'><strong>atat</strong></span> <span class='ocrx_word' id='word_1_479' title='bbox 1318 3716 1457 3783; x_wconf 83' lang='grc' dir='ltr'><strong>ὅλως</strong></span> <span class='ocrx_word' id='word_1_480' title='bbox 1505 3717 1687 3789; x_wconf 83' lang='grc' dir='ltr'>ἀφανῆ</span> <span class='ocrx_word' id='word_1_481' title='bbox 1719 3719 1815 3771; x_wconf 81' lang='grc' dir='ltr'><strong>καὶ</strong></span> 
     </span>
    </p>
   </div>
   <div class='ocr_carea' id='block_1_67' title="bbox 212 3806 1816 3879">
    <p class='ocr_par' dir='ltr' id='par_1_67' title="bbox 212 3806 1816 3879">
     <span class='ocr_line' id='line_1_67' title="bbox 212 3806 1816 3879; baseline 0.001 -20"><span class='ocrx_word' id='word_1_482' title='bbox 212 3806 378 3877; x_wconf 67' lang='grc' dir='ltr'>αὐτὴν</span> <span class='ocrx_word' id='word_1_483' title='bbox 409 3806 695 3876; x_wconf 84' lang='grc' dir='ltr'>γενέσθαι.</span> <span class='ocrx_word' id='word_1_484' title='bbox 728 3806 867 3871; x_wconf 74' lang='grc' dir='ltr'>Τοὺς</span> <span class='ocrx_word' id='word_1_485' title='bbox 891 3806 949 3861; x_wconf 82' lang='grc' dir='ltr'>δὲ</span> <span class='ocrx_word' id='word_1_486' title='bbox 981 3806 1172 3878; x_wconf 83' lang='grc' dir='ltr'>δχλους</span> <span class='ocrx_word' id='word_1_487' title='bbox 1202 3806 1589 3878; x_wconf 84' lang='grc' dir='ltr'>θαυμάσαντας</span> <span class='ocrx_word' id='word_1_488' title='bbox 1604 3806 1701 3879; x_wconf 77' lang='grc' dir='ltr'>τὴν</span> <span class='ocrx_word' id='word_1_489' title='bbox 1726 3823 1816 3861; x_wconf 85' lang='grc' dir='ltr'><strong>πε-</strong></span> 
     </span>
    </p>
   </div>
   <div class='ocr_carea' id='block_1_68' title="bbox 159 3882 1814 3971">
    <p class='ocr_par' dir='ltr' id='par_1_68' title="bbox 159 3882 1814 3971">
     <span class='ocr_line' id='line_1_68' title="bbox 159 3882 1814 3971; baseline 0.004 -22"><span class='ocrx_word' id='word_1_490' title='bbox 159 3904 165 3909; x_wconf 82' lang='grc'><strong>·</strong></span> <span class='ocrx_word' id='word_1_491' title='bbox 213 3898 522 3970; x_wconf 82' lang='grc' dir='ltr'>ριπέτειαν,</span> <span class='ocrx_word' id='word_1_492' title='bbox 554 3898 645 3952; x_wconf 78' lang='grc' dir='ltr'>τὸν</span> <span class='ocrx_word' id='word_1_493' title='bbox 675 3899 777 3970; x_wconf 85' lang='grc' dir='ltr'>μὲν</span> <span class='ocrx_word' id='word_1_494' title='bbox 802 3897 987 3952; x_wconf 87' lang='grc' dir='ltr'>Ἥλιον</span> <span class='ocrx_word' id='word_1_495' title='bbox 1019 3900 1115 3961; x_wconf 80' lang='grc' dir='ltr'><strong>καὶ</strong></span> <span class='ocrx_word' id='word_1_496' title='bbox 1147 3897 1247 3971; x_wconf 80' lang='grc' dir='ltr'>τὴν</span> <span class='ocrx_word' id='word_1_497' title='bbox 1280 3899 1521 3971; x_wconf 86' lang='grc' dir='ltr'>Σελήνην</span> <span class='ocrx_word' id='word_1_498' title='bbox 1566 3882 1814 3971; x_wconf 34' lang='grc' dir='ltr'>’μεταγα-</span> 
     </span>
    </p>
   </div>
   <div class='ocr_carea' id='block_1_69' title="bbox 211 3974 1813 4063">
    <p class='ocr_par' dir='ltr' id='par_1_69' title="bbox 211 3974 1813 4063">
     <span class='ocr_line' id='line_1_69' title="bbox 211 3974 1813 4063; baseline 0.001 -20"><span class='ocrx_word' id='word_1_499' title='bbox 211 3994 322 4060; x_wconf 85' lang='grc' dir='ltr'><strong>γείν</strong></span> <span class='ocrx_word' id='word_1_500' title='bbox 355 3991 456 4045; x_wconf 78' lang='grc' dir='ltr'><strong>ἐπὶ</strong></span> <span class='ocrx_word' id='word_1_501' title='bbox 491 3989 562 4044; x_wconf 77' lang='grc' dir='ltr'><strong>τά</strong></span> <span class='ocrx_word' id='word_1_502' title='bbox 583 3987 706 4044; x_wconf 72' lang='grc' dir='ltr'>κατ’</span> <span class='ocrx_word' id='word_1_503' title='bbox 737 3990 976 4063; x_wconf 78' lang='grc' dir='ltr'>Οὐρανὸν</span> <span class='ocrx_word' id='word_1_504' title='bbox 993 3991 1169 4063; x_wconf 78' lang='grc' dir='ltr'>ἄστρα</span> <span class='ocrx_word' id='word_1_505' title='bbox 1186 4007 1201 4020; x_wconf 89' lang='grc'><strong>·</strong></span> <span class='ocrx_word' id='word_1_506' title='bbox 1226 3984 1333 4062; x_wconf 79' lang='grc' dir='ltr'>τήν</span> <span class='ocrx_word' id='word_1_507' title='bbox 1356 3974 1419 4043; x_wconf 85' lang='grc' dir='ltr'><strong>τε</strong></span> <span class='ocrx_word' id='word_1_508' title='bbox 1454 3990 1668 4063; x_wconf 86' lang='grc' dir='ltr'>μητέρα</span> <span class='ocrx_word' id='word_1_509' title='bbox 1688 3990 1813 4044; x_wconf 87' lang='grc' dir='ltr'>τού-</span> 
     </span>
    </p>
   </div>
   <div class='ocr_carea' id='block_1_70' title="bbox 212 4081 1812 4157">
    <p class='ocr_par' dir='ltr' id='par_1_70' title="bbox 212 4081 1812 4157">
     <span class='ocr_line' id='line_1_70' title="bbox 212 4081 1812 4157; baseline 0.001 -24"><span class='ocrx_word' id='word_1_510' title='bbox 212 4099 347 4147; x_wconf 84' lang='grc' dir='ltr'>των,</span> <span class='ocrx_word' id='word_1_511' title='bbox 400 4082 533 4137; x_wconf 82' lang='grc' dir='ltr'>θεόν</span> <span class='ocrx_word' id='word_1_512' title='bbox 575 4098 635 4135; x_wconf 83' lang='grc' dir='ltr'><strong>τε</strong></span> <span class='ocrx_word' id='word_1_513' title='bbox 664 4084 904 4154; x_wconf 81' lang='grc' dir='ltr'>νομίσαι,</span> <span class='ocrx_word' id='word_1_514' title='bbox 934 4082 1029 4138; x_wconf 75' lang='grc' dir='ltr'><strong>καὶ</strong></span> <span class='ocrx_word' id='word_1_515' title='bbox 1085 4082 1305 4153; x_wconf 75' lang='grc' dir='ltr'>βωμοὺς</span> <span class='ocrx_word' id='word_1_516' title='bbox 1344 4081 1682 4157; x_wconf 64' lang='grc' dir='ltr'>ἱδρύσασθαι,</span> <span class='ocrx_word' id='word_1_517' title='bbox 1718 4083 1812 4135; x_wconf 78' lang='grc' dir='ltr'><strong>καὶ</strong></span> 
     </span>
    </p>
   </div>
   <div class='ocr_carea' id='block_1_71' title="bbox 211 4172 1819 4248">
    <p class='ocr_par' dir='ltr' id='par_1_71' title="bbox 211 4172 1819 4248">
     <span class='ocr_line' id='line_1_71' title="bbox 211 4172 1819 4248; baseline 0.001 -23"><span class='ocrx_word' id='word_1_518' title='bbox 211 4176 328 4238; x_wconf 80' lang='grc' dir='ltr'>ταῖς</span> <span class='ocrx_word' id='word_1_519' title='bbox 364 4174 461 4228; x_wconf 71' lang='grc' dir='ltr'><strong>διὰ</strong></span> <span class='ocrx_word' id='word_1_520' title='bbox 502 4175 802 4246; x_wconf 84' lang='grc' dir='ltr'>τυμπάνων</span> <span class='ocrx_word' id='word_1_521' title='bbox 846 4174 941 4228; x_wconf 78' lang='grc' dir='ltr'><strong>καὶ</strong></span> <span class='ocrx_word' id='word_1_522' title='bbox 986 4172 1283 4248; x_wconf 74' lang='grc' dir='ltr'>κυμϐάλων</span> <span class='ocrx_word' id='word_1_523' title='bbox 1320 4172 1620 4246; x_wconf 75' lang='grc' dir='ltr'>ἐνεργείαις</span> <span class='ocrx_word' id='word_1_524' title='bbox 1648 4172 1819 4244; x_wconf 54' lang='grc' dir='ltr'>τιμῆτ</span> 
     </span>
    </p>
   </div>
   <div class='ocr_carea' id='block_1_72' title="bbox 216 4280 328 4323">
    <p class='ocr_par' dir='ltr' id='par_1_72' title="bbox 216 4280 328 4323">
     <span class='ocr_line' id='line_1_72' title="bbox 216 4280 328 4323; baseline 0.054 -7"><span class='ocrx_word' id='word_1_525' title='bbox 216 4280 328 4323; x_wconf 83' lang='grc' dir='ltr'>σαι.</span> 
     </span>
    </p>
   </div>
   <div class='ocr_carea' id='block_1_73' title="bbox 283 4530 1804 4622">
    <p class='ocr_par' dir='ltr' id='par_1_73' title="bbox 283 4530 1804 4622">
     <span class='ocr_line' id='line_1_73' title="bbox 283 4530 1804 4622; baseline -0.005 -21"><span class='ocrx_word' id='word_1_526' title='bbox 283 4568 303 4601; x_wconf 73' lang='grc' dir='ltr'><strong><em>ο</em></strong></span> <span class='ocrx_word' id='word_1_527' title='bbox 341 4549 562 4622; x_wconf 62' lang='grc' dir='ltr'>Φρύγες</span> <span class='ocrx_word' id='word_1_528' title='bbox 591 4547 651 4606; x_wconf 86' lang='grc' dir='ltr'><strong>δέ</strong></span> <span class='ocrx_word' id='word_1_529' title='bbox 693 4565 827 4617; x_wconf 85' lang='grc' dir='ltr'>φασι</span> <span class='ocrx_word' id='word_1_530' title='bbox 862 4547 1054 4620; x_wconf 83' lang='grc' dir='ltr'>Μηόνα</span> <span class='ocrx_word' id='word_1_531' title='bbox 1093 4544 1487 4621; x_wconf 86' lang='grc' dir='ltr'>βασιλεύσαντα</span> <span class='ocrx_word' id='word_1_532' title='bbox 1659 4542 1804 4614; x_wconf 69' lang='grc' dir='ltr'>Φρυ-</span> 
     </span>
    </p>
   </div>
   <div class='ocr_carea' id='block_1_74' title="bbox 216 4632 1803 4713">
    <p class='ocr_par' dir='ltr' id='par_1_74' title="bbox 216 4632 1803 4713">
     <span class='ocr_line' id='line_1_74' title="bbox 216 4632 1803 4713; baseline -0.006 -18"><span class='ocrx_word' id='word_1_533' title='bbox 216 4643 355 4711; x_wconf 77' lang='grc' dir='ltr'>γίας,</span> <span class='ocrx_word' id='word_1_534' title='bbox 378 4640 556 4696; x_wconf 78' lang='grc' dir='ltr'>παῖδα</span> <span class='ocrx_word' id='word_1_535' title='bbox 569 4639 822 4713; x_wconf 76' lang='grc' dir='ltr'>Κυϐέλην</span> <span class='ocrx_word' id='word_1_536' title='bbox 833 4637 1156 4712; x_wconf 82' lang='grc' dir='ltr'>κτήσασθαι,</span> <span class='ocrx_word' id='word_1_537' title='bbox 1179 4639 1246 4708; x_wconf 74' lang='grc' dir='ltr'>ἠν</span> <span class='ocrx_word' id='word_1_538' title='bbox 1267 4636 1362 4690; x_wconf 75' lang='grc' dir='ltr'><strong>καὶ</strong></span> <span class='ocrx_word' id='word_1_539' title='bbox 1386 4636 1624 4707; x_wconf 81' lang='grc' dir='ltr'>σύριγγα</span> <span class='ocrx_word' id='word_1_540' title='bbox 1650 4632 1803 4705; x_wconf 82' lang='grc' dir='ltr'>πρώ-</span> 
     </span>
    </p>
   </div>
   <div class='ocr_carea' id='block_1_75' title="bbox 209 4724 1804 4807">
    <p class='ocr_par' dir='ltr' id='par_1_75' title="bbox 209 4724 1804 4807">
     <span class='ocr_line' id='line_1_75' title="bbox 209 4724 1804 4807; baseline -0.006 -19"><span class='ocrx_word' id='word_1_541' title='bbox 209 4751 307 4807; x_wconf 83' lang='grc' dir='ltr'><strong>την</strong></span> <span class='ocrx_word' id='word_1_542' title='bbox 323 4735 537 4803; x_wconf 78' lang='grc' dir='ltr'>εὑρεῖν,</span> <span class='ocrx_word' id='word_1_543' title='bbox 564 4731 834 4804; x_wconf 84' lang='grc' dir='ltr'>κληθῆναί</span> <span class='ocrx_word' id='word_1_544' title='bbox 866 4748 925 4785; x_wconf 89' lang='grc' dir='ltr'><strong>τε</strong></span> <span class='ocrx_word' id='word_1_545' title='bbox 948 4730 1160 4803; x_wconf 89' lang='grc' dir='ltr'>Ὀρείαν</span> <span class='ocrx_word' id='word_1_546' title='bbox 1196 4726 1431 4800; x_wconf 84' lang='grc' dir='ltr'>μητέρα⁶</span> <span class='ocrx_word' id='word_1_547' title='bbox 1452 4725 1717 4796; x_wconf 87' lang='grc' dir='ltr'>Μαρσύαν</span> <span class='ocrx_word' id='word_1_548' title='bbox 1746 4724 1804 4779; x_wconf 81' lang='grc' dir='ltr'>δὲ</span> 
     </span>
    </p>
   </div>
   <div class='ocr_carea' id='block_1_76' title="bbox 210 4815 1804 4897">
    <p class='ocr_par' dir='ltr' id='par_1_76' title="bbox 210 4815 1804 4897">
     <span class='ocr_line' id='line_1_76' title="bbox 210 4815 1804 4897; baseline -0.008 -18"><span class='ocrx_word' id='word_1_549' title='bbox 210 4824 298 4879; x_wconf 67' lang='grc' dir='ltr'><strong>τὸν</strong></span> <span class='ocrx_word' id='word_1_550' title='bbox 327 4823 529 4897; x_wconf 73' lang='grc' dir='ltr'>Φρύγα</span> <span class='ocrx_word' id='word_1_551' title='bbox 555 4822 693 4895; x_wconf 80' lang='grc' dir='ltr'>πρὸς</span> <span class='ocrx_word' id='word_1_552' title='bbox 716 4821 921 4891; x_wconf 85' lang='grc' dir='ltr'>ταύτην</span> <span class='ocrx_word' id='word_1_553' title='bbox 953 4819 1134 4891; x_wconf 80' lang='grc' dir='ltr'>φιλίαν</span> <span class='ocrx_word' id='word_1_554' title='bbox 1162 4817 1355 4889; x_wconf 73' lang='grc' dir='ltr'>ἔχοντα</span> <span class='ocrx_word' id='word_1_555' title='bbox 1378 4858 1393 4882; x_wconf 97' lang='grc'><strong>,</strong></span> <span class='ocrx_word' id='word_1_556' title='bbox 1449 4815 1665 4888; x_wconf 84' lang='grc' dir='ltr'>πρῶτον</span> <span class='ocrx_word' id='word_1_557' title='bbox 1707 4815 1804 4867; x_wconf 82' lang='grc' dir='ltr'><strong>αὐ-</strong></span> 
     </span>
    </p>
   </div>
   <div class='ocr_carea' id='block_1_77' title="bbox 210 4906 1802 4987">
    <p class='ocr_par' dir='ltr' id='par_1_77' title="bbox 210 4906 1802 4987">
     <span class='ocr_line' id='line_1_77' title="bbox 210 4906 1802 4987; baseline -0.006 -18"><span class='ocrx_word' id='word_1_558' title='bbox 210 4916 332 4981; x_wconf 77' lang='grc' dir='ltr'>λοὺς</span> <span class='ocrx_word' id='word_1_559' title='bbox 384 4914 799 4987; x_wconf 65' lang='grc' dir='ltr'>συστήσασθαν</span> <span class='ocrx_word' id='word_1_560' title='bbox 860 4911 1164 4967; x_wconf 70' lang='grc' dir='ltr'>διατελέσαι</span> <span class='ocrx_word' id='word_1_561' title='bbox 1217 4906 1275 4963; x_wconf 82' lang='grc' dir='ltr'>δὲ</span> <span class='ocrx_word' id='word_1_562' title='bbox 1335 4908 1498 4981; x_wconf 81' lang='grc' dir='ltr'>μέχρι</span> <span class='ocrx_word' id='word_1_563' title='bbox 1543 4907 1802 4978; x_wconf 80' lang='grc' dir='ltr'>τελευτῆς</span> 
     </span>
    </p>
   </div>
   <div class='ocr_carea' id='block_1_78' title="bbox 209 4998 1801 5082">
    <p class='ocr_par' dir='ltr' id='par_1_78' title="bbox 209 4998 1801 5082">
     <span class='ocr_line' id='line_1_78' title="bbox 209 4998 1801 5082; baseline -0.006 -22"><span class='ocrx_word' id='word_1_564' title='bbox 209 5009 513 5082; x_wconf 79' lang='grc' dir='ltr'>ἀπείρατον</span> <span class='ocrx_word' id='word_1_565' title='bbox 543 5007 894 5079; x_wconf 79' lang='grc' dir='ltr'>ἀφροδισίων.</span> <span class='ocrx_word' id='word_1_566' title='bbox 927 5004 1037 5076; x_wconf 82' lang='grc' dir='ltr'><strong>Τὴν</strong></span> <span class='ocrx_word' id='word_1_567' title='bbox 1067 5004 1124 5057; x_wconf 81' lang='grc' dir='ltr'>δὲ</span> <span class='ocrx_word' id='word_1_568' title='bbox 1155 5000 1405 5070; x_wconf 74' lang='grc' dir='ltr'>Κυϐέλην</span> <span class='ocrx_word' id='word_1_569' title='bbox 1440 4998 1801 5053; x_wconf 78' lang='grc' dir='ltr'>συνελθοῦσαν</span> 
     </span>
    </p>
   </div>
   <div class='ocr_carea' id='block_1_79' title="bbox 210 5085 1802 5173">
    <p class='ocr_par' dir='ltr' id='par_1_79' title="bbox 210 5085 1802 5173">
     <span class='ocr_line' id='line_1_79' title="bbox 210 5085 1802 5173; baseline -0.008 -16"><span class='ocrx_word' id='word_1_570' title='bbox 210 5104 289 5165; x_wconf 81' lang='grc' dir='ltr'><strong>είς</strong></span> <span class='ocrx_word' id='word_1_571' title='bbox 314 5101 541 5173; x_wconf 77' lang='grc' dir='ltr'>ὁμιλίαν</span> <span class='ocrx_word' id='word_1_572' title='bbox 567 5099 799 5166; x_wconf 70' lang='grc' dir='ltr'>Ἄπιδι,</span> <span class='ocrx_word' id='word_1_573' title='bbox 829 5097 1083 5173; x_wconf 76' lang='grc' dir='ltr'>γενέσθαι</span> <span class='ocrx_word' id='word_1_574' title='bbox 1108 5095 1407 5165; x_wconf 82' lang='grc' dir='ltr'>ἐγκύμονα.</span> <span class='ocrx_word' id='word_1_575' title='bbox 1426 5085 1501 5148; x_wconf 73' lang='grc' dir='ltr'>Οὗ</span> <span class='ocrx_word' id='word_1_576' title='bbox 1533 5091 1802 5162; x_wconf 88' lang='grc' dir='ltr'>γνωσθέν-</span> 
     </span>
    </p>
   </div>
   <div class='ocr_carea' id='block_1_80' title="bbox 209 5183 1799 5266">
    <p class='ocr_par' dir='ltr' id='par_1_80' title="bbox 209 5183 1799 5266">
     <span class='ocr_line' id='line_1_80' title="bbox 209 5183 1799 5266; baseline -0.008 -16"><span class='ocrx_word' id='word_1_577' title='bbox 209 5210 320 5259; x_wconf 70' lang='grc' dir='ltr'>τος,</span> <span class='ocrx_word' id='word_1_578' title='bbox 364 5197 398 5249; x_wconf 80' lang='grc' dir='ltr'><strong>δ</strong></span> <span class='ocrx_word' id='word_1_579' title='bbox 432 5193 640 5266; x_wconf 85' lang='grc' dir='ltr'>ταύτης</span> <span class='ocrx_word' id='word_1_580' title='bbox 669 5191 854 5264; x_wconf 74' lang='grc' dir='ltr'>πατὴρ</span> <span class='ocrx_word' id='word_1_581' title='bbox 922 5192 1014 5244; x_wconf 74' lang='grc' dir='ltr'><strong>τὸν</strong></span> <span class='ocrx_word' id='word_1_582' title='bbox 1048 5191 1235 5243; x_wconf 80' lang='grc' dir='ltr'>Ἀττιν</span> <span class='ocrx_word' id='word_1_583' title='bbox 1284 5189 1519 5260; x_wconf 83' lang='grc' dir='ltr'>ἀναιρεῖ,</span> <span class='ocrx_word' id='word_1_584' title='bbox 1570 5185 1664 5240; x_wconf 79' lang='grc' dir='ltr'><strong>καὶ</strong></span> <span class='ocrx_word' id='word_1_585' title='bbox 1699 5183 1799 5249; x_wconf 88' lang='grc' dir='ltr'><strong>τάς</strong></span> 
     </span>
    </p>
   </div>
   <div class='ocr_carea' id='block_1_81' title="bbox 210 5273 1801 5358">
    <p class='ocr_par' dir='ltr' id='par_1_81' title="bbox 210 5273 1801 5358">
     <span class='ocr_line' id='line_1_81' title="bbox 210 5273 1801 5358; baseline -0.005 -21"><span class='ocrx_word' id='word_1_586' title='bbox 210 5284 476 5355; x_wconf 80' lang='grc' dir='ltr'>τροφούς·</span> <span class='ocrx_word' id='word_1_587' title='bbox 504 5285 602 5358; x_wconf 80' lang='grc' dir='ltr'>τὴν</span> <span class='ocrx_word' id='word_1_588' title='bbox 622 5285 681 5339; x_wconf 82' lang='grc' dir='ltr'>δὲ</span> <span class='ocrx_word' id='word_1_589' title='bbox 710 5276 961 5355; x_wconf 72' lang='grc' dir='ltr'>Κυϐέλην</span> <span class='ocrx_word' id='word_1_590' title='bbox 983 5280 1203 5353; x_wconf 77' lang='grc' dir='ltr'>ἐμμανῆ</span> <span class='ocrx_word' id='word_1_591' title='bbox 1230 5278 1549 5350; x_wconf 86' lang='grc' dir='ltr'>γενομένην,</span> <span class='ocrx_word' id='word_1_592' title='bbox 1578 5277 1673 5330; x_wconf 75' lang='grc' dir='ltr'><strong>ἐπὶ</strong></span> <span class='ocrx_word' id='word_1_593' title='bbox 1703 5273 1801 5348; x_wconf 80' lang='grc' dir='ltr'>τὴν</span> 
     </span>
    </p>
   </div>
   <div class='ocr_carea' id='block_1_82' title="bbox 211 5369 1803 5449">
    <p class='ocr_par' dir='ltr' id='par_1_82' title="bbox 211 5369 1803 5449">
     <span class='ocr_line' id='line_1_82' title="bbox 211 5369 1803 5449; baseline -0.007 -17"><span class='ocrx_word' id='word_1_594' title='bbox 211 5376 398 5449; x_wconf 80' lang='grc' dir='ltr'>χώραν</span> <span class='ocrx_word' id='word_1_595' title='bbox 418 5377 751 5449; x_wconf 75' lang='grc' dir='ltr'>ἐκπηδῆσαι,</span> <span class='ocrx_word' id='word_1_596' title='bbox 784 5374 965 5430; x_wconf 78' lang='grc' dir='ltr'>ἐκεῖσέ</span> <span class='ocrx_word' id='word_1_597' title='bbox 990 5391 1050 5428; x_wconf 91' lang='grc' dir='ltr'><strong>τε</strong></span> <span class='ocrx_word' id='word_1_598' title='bbox 1072 5372 1429 5438; x_wconf 75' lang='grc' dir='ltr'>ὀλολύζουσαν</span> <span class='ocrx_word' id='word_1_599' title='bbox 1464 5369 1559 5424; x_wconf 79' lang='grc' dir='ltr'><strong>καὶ</strong></span> <span class='ocrx_word' id='word_1_600' title='bbox 1586 5386 1803 5439; x_wconf 87' lang='grc' dir='ltr'>τυμπα-</span> 
     </span>
    </p>
   </div>
   <div class='ocr_carea' id='block_1_83' title="bbox 213 5462 1802 5539">
    <p class='ocr_par' dir='ltr' id='par_1_83' title="bbox 213 5462 1802 5539">
     <span class='ocr_line' id='line_1_83' title="bbox 213 5462 1802 5539; baseline -0.006 -15"><span class='ocrx_word' id='word_1_601' title='bbox 213 5468 469 5535; x_wconf 76' lang='grc' dir='ltr'>νίζουσαν</span> <span class='ocrx_word' id='word_1_602' title='bbox 496 5469 782 5525; x_wconf 87' lang='grc' dir='ltr'>διατελεῖν.</span> <span class='ocrx_word' id='word_1_603' title='bbox 806 5470 1051 5522; x_wconf 86' lang='grc' dir='ltr'>Συνείναι</span> <span class='ocrx_word' id='word_1_604' title='bbox 1075 5468 1133 5521; x_wconf 80' lang='grc' dir='ltr'>δὲ</span> <span class='ocrx_word' id='word_1_605' title='bbox 1149 5467 1287 5538; x_wconf 78' lang='grc' dir='ltr'>αὐτῇ</span> <span class='ocrx_word' id='word_1_606' title='bbox 1316 5465 1603 5539; x_wconf 86' lang='grc' dir='ltr'>Μαρσύαν,</span> <span class='ocrx_word' id='word_1_607' title='bbox 1636 5462 1695 5516; x_wconf 85' lang='grc' dir='ltr'>ὃν</span> <span class='ocrx_word' id='word_1_608' title='bbox 1722 5464 1802 5525; x_wconf 72' lang='grc' dir='ltr'>εἰς</span> 
     </span>
    </p>
   </div>
   <div class='ocr_carea' id='block_1_84' title="bbox 281 5593 1800 5677">
    <p class='ocr_par' dir='ltr' id='par_1_84' title="bbox 281 5593 1800 5677">
     <span class='ocr_line' id='line_1_84' title="bbox 281 5593 1800 5677; baseline -0.008 -16"><span class='ocrx_word' id='word_1_609' title='bbox 281 5605 429 5677; x_wconf 80' lang='lat'><strong>(56‘)</strong></span> <span class='ocrx_word' id='word_1_610' title='bbox 468 5603 621 5677; x_wconf 74' lang='grc' dir='ltr'>Φασὶ</span> <span class='ocrx_word' id='word_1_611' title='bbox 648 5606 878 5677; x_wconf 70' lang='grc' dir='ltr'>τοίνυν.</span> <span class='ocrx_word' id='word_1_612' title='bbox 912 5600 1138 5677; x_wconf 76' lang='lat' dir='ltr'><strong>_l_)iodor.</strong></span> <span class='ocrx_word' id='word_1_613' title='bbox 1179 5598 1276 5655; x_wconf 88' lang='lat' dir='ltr'><strong>lib.</strong></span> <span class='ocrx_word' id='word_1_614' title='bbox 1299 5614 1383 5664; x_wconf 85' lang='grc' dir='ltr'>ιιι,</span> <span class='ocrx_word' id='word_1_615' title='bbox 1421 5613 1476 5669; x_wconf 87' lang='lat' dir='ltr'><strong>p.</strong></span> <span class='ocrx_word' id='word_1_616' title='bbox 1505 5594 1610 5651; x_wconf 76' lang='grc'><strong>189</strong></span> <span class='ocrx_word' id='word_1_617' title='bbox 1637 5593 1703 5659; x_wconf 92' lang='lat' dir='ltr'><strong>D,</strong></span> <span class='ocrx_word' id='word_1_618' title='bbox 1731 5609 1800 5649; x_wconf 72' lang='lat' dir='ltr'><strong>cx</strong></span> 
     </span>
    </p>
   </div>
   <div class='ocr_carea' id='block_1_85' title="bbox 215 5670 1203 5747">
    <p class='ocr_par' dir='ltr' id='par_1_85' title="bbox 215 5670 1203 5747">
     <span class='ocr_line' id='line_1_85' title="bbox 215 5670 1203 5747; baseline -0.001 -18"><span class='ocrx_word' id='word_1_619' title='bbox 215 5670 323 5747; x_wconf 70' lang='lat' dir='ltr'><strong>quo</strong></span> <span class='ocrx_word' id='word_1_620' title='bbox 344 5670 618 5747; x_wconf 77' lang='lat' dir='ltr'><strong>nonnulla</strong></span> <span class='ocrx_word' id='word_1_621' title='bbox 643 5675 876 5747; x_wconf 75' lang='lat' dir='ltr'><strong>strictim</strong></span> <span class='ocrx_word' id='word_1_622' title='bbox 912 5670 1203 5747; x_wconf 52' lang='lat' dir='ltr'><strong>Eusebius.</strong></span> 
     </span>
    </p>
   </div>
   <div class='ocr_carea' id='block_1_86' title="bbox 282 5734 1793 5816">
    <p class='ocr_par' dir='ltr' id='par_1_86' title="bbox 282 5734 1793 5816">
     <span class='ocr_line' id='line_1_86' title="bbox 282 5734 1793 5816; baseline -0.009 -15"><span class='ocrx_word' id='word_1_623' title='bbox 282 5746 398 5816; x_wconf 82' lang='lat'><strong>(57)</strong></span> <span class='ocrx_word' id='word_1_624' title='bbox 446 5745 715 5810; x_wconf 72' lang='grc' dir='ltr'>Τεπαίας.</span> <span class='ocrx_word' id='word_1_625' title='bbox 755 5742 908 5816; x_wconf 83' lang='lat' dir='ltr'><strong>Lege</strong></span> <span class='ocrx_word' id='word_1_626' title='bbox 926 5741 1153 5816; x_wconf 71' lang='grc' dir='ltr'>Τιταίας</span> <span class='ocrx_word' id='word_1_627' title='bbox 1172 5759 1292 5816; x_wconf 67' lang='lat' dir='ltr'><strong>cum</strong></span> <span class='ocrx_word' id='word_1_628' title='bbox 1324 5737 1582 5816; x_wconf 69' lang='lat' dir='ltr'><strong>Diodoro,</strong></span> <span class='ocrx_word' id='word_1_629' title='bbox 1613 5751 1666 5805; x_wconf 91' lang='lat' dir='ltr'><strong>p.</strong></span> 
     </span>
    </p>
   </div>
   <div class='ocr_carea' id='block_1_87' title="bbox 218 5805 1788 5884">
    <p class='ocr_par' dir='ltr' id='par_1_87' title="bbox 218 5805 1788 5884">
     <span class='ocr_line' id='line_1_87' title="bbox 218 5805 1788 5884; baseline -0.009 -13"><span class='ocrx_word' id='word_1_630' title='bbox 218 5805 407 5884; x_wconf 59' lang='lat' dir='ltr'><strong>B,&#39;ub&#39;i</strong></span> <span class='ocrx_word' id='word_1_631' title='bbox 437 5818 596 5871; x_wconf 79' lang='lat' dir='ltr'><strong>etiam</strong></span> <span class='ocrx_word' id='word_1_632' title='bbox 628 5805 726 5880; x_wconf 81' lang='lat' dir='ltr'><strong>ait,</strong></span> <span class='ocrx_word' id='word_1_633' title='bbox 756 5805 1053 5870; x_wconf 65' lang='lat' dir='ltr'><strong>mthecim</strong></span> <span class='ocrx_word' id='word_1_634' title='bbox 1077 5812 1202 5865; x_wconf 81' lang='lat' dir='ltr'><strong>illos</strong></span> <span class='ocrx_word' id='word_1_635' title='bbox 1235 5811 1417 5865; x_wconf 69' lang='lat' dir='ltr'><strong>&#39;l‘naea:</strong></span> <span class='ocrx_word' id='word_1_636' title='bbox 1444 5805 1644 5863; x_wconf 84' lang='lat' dir='ltr'><strong>liberos</strong></span> <span class='ocrx_word' id='word_1_637' title='bbox 1680 5806 1788 5859; x_wconf 76' lang='grc' dir='ltr'>άπὸ</span> 
     </span>
    </p>
   </div>
   <div class='ocr_carea' id='block_1_88' title="bbox 1837 4494 1884 4551">
    <p class='ocr_par' dir='ltr' id='par_1_88' title="bbox 1837 4494 1884 4551">
     <span class='ocr_line' id='line_1_88' title="bbox 1837 4494 1884 4551; baseline 0 0"><span class='ocrx_word' id='word_1_638' title='bbox 1837 4494 1884 4551; x_wconf 90' lang='lat' dir='ltr'><strong>D</strong></span> 
     </span>
    </p>
   </div>
   <div class='ocr_carea' id='block_1_89' title="bbox 1919 3257 3503 3334">
    <p class='ocr_par' dir='ltr' id='par_1_89' title="bbox 1919 3257 3503 3334">
     <span class='ocr_line' id='line_1_89' title="bbox 1919 3257 3503 3334; baseline -0.001 -20"><span class='ocrx_word' id='word_1_639' title='bbox 1919 3274 2036 3314; x_wconf 90' lang='lat' dir='ltr'><strong>ram</strong></span> <span class='ocrx_word' id='word_1_640' title='bbox 2069 3258 2280 3334; x_wconf 76' lang='lat' dir='ltr'><strong>Lunam</strong></span> <span class='ocrx_word' id='word_1_641' title='bbox 2310 3259 2523 3314; x_wconf 86' lang='lat' dir='ltr'><strong>vocarit</strong></span> <span class='ocrx_word' id='word_1_642' title='bbox 2553 3277 2568 3314; x_wconf 93' lang='lat'><strong>:</strong></span> <span class='ocrx_word' id='word_1_643' title='bbox 2626 3257 2790 3314; x_wconf 79' lang='lat' dir='ltr'><strong>Rheae</strong></span> <span class='ocrx_word' id='word_1_644' title='bbox 2845 3273 2976 3313; x_wconf 77' lang='lat' dir='ltr'><strong>vero</strong></span> <span class='ocrx_word' id='word_1_645' title='bbox 3000 3258 3217 3323; x_wconf 89' lang='lat' dir='ltr'><strong>fratres,</strong></span> <span class='ocrx_word' id='word_1_646' title='bbox 3254 3258 3397 3328; x_wconf 83' lang='lat' dir='ltr'><strong>quod</strong></span> <span class='ocrx_word' id='word_1_647' title='bbox 3432 3258 3503 3312; x_wconf 88' lang='lat' dir='ltr'><strong>ab</strong></span> 
     </span>
    </p>
   </div>
   <div class='ocr_carea' id='block_1_90' title="bbox 1919 3348 3497 3423">
    <p class='ocr_par' dir='ltr' id='par_1_90' title="bbox 1919 3348 3497 3423">
     <span class='ocr_line' id='line_1_90' title="bbox 1919 3348 3497 3423; baseline -0.004 -13"><span class='ocrx_word' id='word_1_648' title='bbox 1919 3349 1989 3410; x_wconf 86' lang='lat' dir='ltr'><strong>iis</strong></span> <span class='ocrx_word' id='word_1_649' title='bbox 2019 3349 2121 3405; x_wconf 91' lang='lat' dir='ltr'><strong>sibi</strong></span> <span class='ocrx_word' id='word_1_650' title='bbox 2156 3358 2486 3418; x_wconf 91' lang='lat' dir='ltr'><strong>metuerent,</strong></span> <span class='ocrx_word' id='word_1_651' title='bbox 2514 3348 2879 3423; x_wconf 83' lang='lat' dir='ltr'><strong>Hyperionem</strong></span> <span class='ocrx_word' id='word_1_652' title='bbox 2908 3349 3145 3419; x_wconf 88' lang='lat' dir='ltr'><strong>primum</strong></span> <span class='ocrx_word' id='word_1_653' title='bbox 3174 3348 3455 3419; x_wconf 78' lang='lat' dir='ltr'><strong>jugulasse</strong></span> <span class='ocrx_word' id='word_1_654' title='bbox 3481 3390 3497 3412; x_wconf 89' lang='lat'><strong>,</strong></span> 
     </span>
    </p>
   </div>
   <div class='ocr_carea' id='block_1_91' title="bbox 1918 3440 3501 3511">
    <p class='ocr_par' dir='ltr' id='par_1_91' title="bbox 1918 3440 3501 3511">
     <span class='ocr_line' id='line_1_91' title="bbox 1918 3440 3501 3511; baseline -0.001 -15"><span class='ocrx_word' id='word_1_655' title='bbox 1918 3441 2115 3497; x_wconf 89' lang='lat' dir='ltr'><strong>deinde</strong></span> <span class='ocrx_word' id='word_1_656' title='bbox 2154 3440 2337 3497; x_wconf 84' lang='lat' dir='ltr'><strong>Solem</strong></span> <span class='ocrx_word' id='word_1_657' title='bbox 2379 3441 2603 3496; x_wconf 87' lang='lat' dir='ltr'><strong>Eridani</strong></span> <span class='ocrx_word' id='word_1_658' title='bbox 2651 3440 2894 3496; x_wconf 83' lang='lat' dir='ltr'><strong>ﬂuminis</strong></span> <span class='ocrx_word' id='word_1_659' title='bbox 2926 3441 3083 3511; x_wconf 88' lang='lat' dir='ltr'><strong>aquis</strong></span> <span class='ocrx_word' id='word_1_660' title='bbox 3131 3441 3501 3510; x_wconf 63' lang='lat' dir='ltr'><strong>praefocasse;</strong></span> 
     </span>
    </p>
   </div>
   <div class='ocr_carea' id='block_1_92' title="bbox 1916 3531 3496 3605">
    <p class='ocr_par' dir='ltr' id='par_1_92' title="bbox 1916 3531 3496 3605">
     <span class='ocr_line' id='line_1_92' title="bbox 1916 3531 3496 3605; baseline 0 -19"><span class='ocrx_word' id='word_1_661' title='bbox 1916 3531 2128 3605; x_wconf 78' lang='lat' dir='ltr'><strong>Lunam</strong></span> <span class='ocrx_word' id='word_1_662' title='bbox 2179 3546 2405 3603; x_wconf 90' lang='lat' dir='ltr'><strong>autem,</strong></span> <span class='ocrx_word' id='word_1_663' title='bbox 2452 3542 2675 3604; x_wconf 90' lang='lat' dir='ltr'><strong>accepto</strong></span> <span class='ocrx_word' id='word_1_664' title='bbox 2722 3535 2855 3590; x_wconf 78' lang='lat' dir='ltr'><strong>dira:</strong></span> <span class='ocrx_word' id='word_1_665' title='bbox 2884 3534 3210 3598; x_wconf 79' lang='lat' dir='ltr'><strong>calamitatis</strong></span> <span class='ocrx_word' id='word_1_666' title='bbox 3258 3534 3496 3600; x_wconf 91' lang='lat' dir='ltr'><strong>nuntio,</strong></span> 
     </span>
    </p>
   </div>
   <div class='ocr_carea' id='block_1_93' title="bbox 1916 3624 3492 3699">
    <p class='ocr_par' dir='ltr' id='par_1_93' title="bbox 1916 3624 3492 3699">
     <span class='ocr_line' id='line_1_93' title="bbox 1916 3624 3492 3699; baseline -0.002 -19"><span class='ocrx_word' id='word_1_667' title='bbox 1916 3641 2037 3683; x_wconf 88' lang='lat' dir='ltr'><strong>sese</strong></span> <span class='ocrx_word' id='word_1_668' title='bbox 2068 3627 2135 3683; x_wconf 92' lang='lat' dir='ltr'><strong>de</strong></span> <span class='ocrx_word' id='word_1_669' title='bbox 2184 3642 2402 3682; x_wconf 90' lang='lat' dir='ltr'><strong>summo</strong></span> <span class='ocrx_word' id='word_1_670' title='bbox 2433 3634 2577 3681; x_wconf 90' lang='lat' dir='ltr'><strong>tecto</strong></span> <span class='ocrx_word' id='word_1_671' title='bbox 2608 3624 2950 3699; x_wconf 76' lang='lat' dir='ltr'><strong>praecipitem</strong></span> <span class='ocrx_word' id='word_1_672' title='bbox 2973 3625 3225 3681; x_wconf 87' lang='lat' dir='ltr'><strong>dedisse:</strong></span> <span class='ocrx_word' id='word_1_673' title='bbox 3264 3634 3492 3681; x_wconf 87' lang='lat' dir='ltr'><strong>matrem</strong></span> 
     </span>
    </p>
   </div>
   <div class='ocr_carea' id='block_1_94' title="bbox 1915 3715 3495 3791">
    <p class='ocr_par' dir='ltr' id='par_1_94' title="bbox 1915 3715 3495 3791">
     <span class='ocr_line' id='line_1_94' title="bbox 1915 3715 3495 3791; baseline -0.004 -17"><span class='ocrx_word' id='word_1_674' title='bbox 1915 3718 2153 3790; x_wconf 87' lang='lat' dir='ltr'><strong>denique</strong></span> <span class='ocrx_word' id='word_1_675' title='bbox 2182 3716 2371 3772; x_wconf 87' lang='lat' dir='ltr'><strong>furore</strong></span> <span class='ocrx_word' id='word_1_676' title='bbox 2399 3724 2599 3782; x_wconf 88' lang='lat' dir='ltr'><strong>actam,</strong></span> <span class='ocrx_word' id='word_1_677' title='bbox 2628 3716 2838 3786; x_wconf 89' lang='lat' dir='ltr'><strong>sparsis</strong></span> <span class='ocrx_word' id='word_1_678' title='bbox 2875 3716 3120 3771; x_wconf 89' lang='lat' dir='ltr'><strong>crinibus</strong></span> <span class='ocrx_word' id='word_1_679' title='bbox 3146 3757 3160 3791; x_wconf 88' lang='lat'><strong>,_</strong></span> <span class='ocrx_word' id='word_1_680' title='bbox 3194 3715 3495 3786; x_wconf 87' lang='lat' dir='ltr'><strong>tympanis-</strong></span> 
     </span>
    </p>
   </div>
   <div class='ocr_carea' id='block_1_95' title="bbox 1914 3809 3475 3885">
    <p class='ocr_par' dir='ltr' id='par_1_95' title="bbox 1914 3809 3475 3885">
     <span class='ocr_line' id='line_1_95' title="bbox 1914 3809 3475 3885; baseline -0.003 -20"><span class='ocrx_word' id='word_1_681' title='bbox 1914 3827 2023 3885; x_wconf 89' lang='lat' dir='ltr'><strong>que</strong></span> <span class='ocrx_word' id='word_1_682' title='bbox 2046 3827 2110 3871; x_wconf 93' lang='lat' dir='ltr'><strong>ac</strong></span> <span class='ocrx_word' id='word_1_683' title='bbox 2139 3811 2404 3884; x_wconf 85' lang='lat' dir='ltr'><strong>cymbalis</strong></span> <span class='ocrx_word' id='word_1_684' title='bbox 2429 3809 2668 3866; x_wconf 77' lang='lat' dir='ltr'><strong>afﬂatum</strong></span> <span class='ocrx_word' id='word_1_685' title='bbox 2693 3809 2935 3864; x_wconf 89' lang='lat' dir='ltr'><strong>numinis</strong></span> <span class='ocrx_word' id='word_1_686' title='bbox 2959 3820 3014 3883; x_wconf 80' lang='lat' dir='ltr'><strong>et</strong></span> <span class='ocrx_word' id='word_1_687' title='bbox 3036 3809 3291 3878; x_wconf 85' lang='lat' dir='ltr'><strong>impetum</strong></span> <span class='ocrx_word' id='word_1_688' title='bbox 3319 3816 3475 3863; x_wconf 88' lang='lat' dir='ltr'><strong>osten</strong></span> 
     </span>
    </p>
   </div>
   <div class='ocr_carea' id='block_1_96' title="bbox 1913 3890 3494 3973">
    <p class='ocr_par' dir='ltr' id='par_1_96' title="bbox 1913 3890 3494 3973">
     <span class='ocr_line' id='line_1_96' title="bbox 1913 3890 3494 3973; baseline -0.002 -14"><span class='ocrx_word' id='word_1_689' title='bbox 1913 3890 2131 3961; x_wconf 78' lang='lat' dir='ltr'><strong>dentem</strong></span> <span class='ocrx_word' id='word_1_690' title='bbox 2151 3945 2167 3970; x_wconf 94' lang='lat'><strong>,</strong></span> <span class='ocrx_word' id='word_1_691' title='bbox 2207 3911 2377 3958; x_wconf 90' lang='lat' dir='ltr'><strong>totam</strong></span> <span class='ocrx_word' id='word_1_692' title='bbox 2410 3902 2615 3973; x_wconf 86' lang='lat' dir='ltr'><strong>passim</strong></span> <span class='ocrx_word' id='word_1_693' title='bbox 2646 3902 2925 3973; x_wconf 87' lang='lat' dir='ltr'><strong>regionem</strong></span> <span class='ocrx_word' id='word_1_694' title='bbox 2958 3901 3243 3967; x_wconf 80' lang='lat' dir='ltr'><strong>oberrasse</strong></span> <span class='ocrx_word' id='word_1_695' title='bbox 3268 3940 3282 3963; x_wconf 92' lang='lat'><strong>,</strong></span> <span class='ocrx_word' id='word_1_696' title='bbox 3318 3900 3494 3956; x_wconf 88' lang='lat' dir='ltr'><strong>donec</strong></span> 
     </span>
    </p>
   </div>
   <div class='ocr_carea' id='block_1_97' title="bbox 1913 3992 3495 4069">
    <p class='ocr_par' dir='ltr' id='par_1_97' title="bbox 1913 3992 3495 4069">
     <span class='ocr_line' id='line_1_97' title="bbox 1913 3992 3495 4069; baseline -0.001 -20"><span class='ocrx_word' id='word_1_697' title='bbox 1913 3994 2034 4069; x_wconf 86' lang='lat' dir='ltr'><strong>ipsa</strong></span> <span class='ocrx_word' id='word_1_698' title='bbox 2079 4010 2301 4066; x_wconf 85' lang='lat' dir='ltr'><strong>quoque</strong></span> <span class='ocrx_word' id='word_1_699' title='bbox 2326 3995 2572 4050; x_wconf 90' lang='lat' dir='ltr'><strong>omnium</strong></span> <span class='ocrx_word' id='word_1_700' title='bbox 2606 4009 2673 4049; x_wconf 80' lang='lat' dir='ltr'><strong>ex</strong></span> <span class='ocrx_word' id='word_1_701' title='bbox 2721 3993 2896 4050; x_wconf 91' lang='lat' dir='ltr'><strong>oculis</strong></span> <span class='ocrx_word' id='word_1_702' title='bbox 2926 3992 3258 4061; x_wconf 74' lang='lat' dir='ltr'><strong>evanuisset.</strong></span> <span class='ocrx_word' id='word_1_703' title='bbox 3307 3992 3495 4061; x_wconf 88' lang='lat' dir='ltr'><strong>itaque</strong></span> 
     </span>
    </p>
   </div>
   <div class='ocr_carea' id='block_1_98' title="bbox 1913 4077 3491 4153">
    <p class='ocr_par' dir='ltr' id='par_1_98' title="bbox 1913 4077 3491 4153">
     <span class='ocr_line' id='line_1_98' title="bbox 1913 4077 3491 4153; baseline -0.004 -13"><span class='ocrx_word' id='word_1_704' title='bbox 1913 4084 2321 4140; x_wconf 83' lang='lat' dir='ltr'><strong>multitudinem</strong></span> <span class='ocrx_word' id='word_1_705' title='bbox 2354 4083 2521 4153; x_wconf 86' lang='lat' dir='ltr'><strong>hujus</strong></span> <span class='ocrx_word' id='word_1_706' title='bbox 2562 4083 2801 4138; x_wconf 88' lang='lat' dir='ltr'><strong>novitate</strong></span> <span class='ocrx_word' id='word_1_707' title='bbox 2825 4097 2987 4147; x_wconf 82' lang='lat' dir='ltr'><strong>casus</strong></span> <span class='ocrx_word' id='word_1_708' title='bbox 3016 4079 3301 4139; x_wconf 86' lang='lat' dir='ltr'><strong>attonitam</strong></span> <span class='ocrx_word' id='word_1_709' title='bbox 3328 4121 3343 4146; x_wconf 88' lang='lat'><strong>,</strong></span> <span class='ocrx_word' id='word_1_710' title='bbox 3390 4077 3491 4134; x_wconf 83' lang='lat' dir='ltr'><strong>So-</strong></span> 
     </span>
    </p>
   </div>
   <div class='ocr_carea' id='block_1_99' title="bbox 1912 4172 3492 4247">
    <p class='ocr_par' dir='ltr' id='par_1_99' title="bbox 1912 4172 3492 4247">
     <span class='ocr_line' id='line_1_99' title="bbox 1912 4172 3492 4247; baseline -0.004 -16"><span class='ocrx_word' id='word_1_711' title='bbox 1912 4176 2016 4245; x_wconf 80' lang='lat' dir='ltr'><strong>lem</strong></span> <span class='ocrx_word' id='word_1_712' title='bbox 2045 4185 2210 4247; x_wconf 85' lang='lat' dir='ltr'><strong>atque</strong></span> <span class='ocrx_word' id='word_1_713' title='bbox 2258 4175 2471 4230; x_wconf 88' lang='lat' dir='ltr'><strong>Lunam</strong></span> <span class='ocrx_word' id='word_1_714' title='bbox 2503 4175 2556 4229; x_wconf 91' lang='lat' dir='ltr'><strong>in</strong></span> <span class='ocrx_word' id='word_1_715' title='bbox 2585 4174 2799 4246; x_wconf 88' lang='lat' dir='ltr'><strong>gemina</strong></span> <span class='ocrx_word' id='word_1_716' title='bbox 2851 4173 2972 4229; x_wconf 60' lang='lat' dir='ltr'><strong>caeli</strong></span> <span class='ocrx_word' id='word_1_717' title='bbox 3024 4172 3200 4227; x_wconf 88' lang='lat' dir='ltr'><strong>sidera</strong></span> <span class='ocrx_word' id='word_1_718' title='bbox 3248 4180 3492 4225; x_wconf 84' lang='lat' dir='ltr'><strong>transtu-</strong></span> 
     </span>
    </p>
   </div>
   <div class='ocr_carea' id='block_1_100' title="bbox 1908 4262 3490 4343">
    <p class='ocr_par' dir='ltr' id='par_1_100' title="bbox 1908 4262 3490 4343">
     <span class='ocr_line' id='line_1_100' title="bbox 1908 4262 3490 4343; baseline -0.003 -21"><span class='ocrx_word' id='word_1_719' title='bbox 1908 4267 2083 4335; x_wconf 91' lang='lat' dir='ltr'><strong>lisse,</strong></span> <span class='ocrx_word' id='word_1_720' title='bbox 2130 4267 2417 4338; x_wconf 89' lang='lat' dir='ltr'><strong>utriusque</strong></span> <span class='ocrx_word' id='word_1_721' title='bbox 2459 4282 2588 4323; x_wconf 88' lang='lat' dir='ltr'><strong>vero</strong></span> <span class='ocrx_word' id='word_1_722' title='bbox 2640 4277 2871 4343; x_wconf 84' lang='lat' dir='ltr'><strong>matrem</strong></span> <span class='ocrx_word' id='word_1_723' title='bbox 2915 4265 3030 4319; x_wconf 67' lang='lat' dir='ltr'><strong>deae</strong></span> <span class='ocrx_word' id='word_1_724' title='bbox 3081 4263 3201 4318; x_wconf 90' lang='lat' dir='ltr'><strong>loco</strong></span> <span class='ocrx_word' id='word_1_725' title='bbox 3248 4262 3490 4317; x_wconf 86' lang='lat' dir='ltr'><strong>habitam</strong></span> 
     </span>
    </p>
   </div>
   <div class='ocr_carea' id='block_1_101' title="bbox 1908 4357 3489 4430">
    <p class='ocr_par' dir='ltr' id='par_1_101' title="bbox 1908 4357 3489 4430">
     <span class='ocr_line' id='line_1_101' title="bbox 1908 4357 3489 4430; baseline -0.005 -14"><span class='ocrx_word' id='word_1_726' title='bbox 1908 4361 2105 4421; x_wconf 89' lang='lat' dir='ltr'><strong>erectis</strong></span> <span class='ocrx_word' id='word_1_727' title='bbox 2153 4360 2458 4427; x_wconf 87' lang='lat' dir='ltr'><strong>altaribus,</strong></span> <span class='ocrx_word' id='word_1_728' title='bbox 2510 4369 2565 4415; x_wconf 91' lang='lat' dir='ltr'><strong>et</strong></span> <span class='ocrx_word' id='word_1_729' title='bbox 2612 4368 2875 4430; x_wconf 85' lang='lat' dir='ltr'><strong>usurpato</strong></span> <span class='ocrx_word' id='word_1_730' title='bbox 2911 4357 3077 4415; x_wconf 90' lang='lat' dir='ltr'><strong>simili</strong></span> <span class='ocrx_word' id='word_1_731' title='bbox 3107 4367 3489 4430; x_wconf 88' lang='lat' dir='ltr'><strong>tympanorum</strong></span> 
     </span>
    </p>
   </div>
   <div class='ocr_carea' id='block_1_102' title="bbox 1911 4450 2931 4524">
    <p class='ocr_par' dir='ltr' id='par_1_102' title="bbox 1911 4450 2931 4524">
     <span class='ocr_line' id='line_1_102' title="bbox 1911 4450 2931 4524; baseline 0 -19"><span class='ocrx_word' id='word_1_732' title='bbox 1911 4451 2396 4524; x_wconf 91' lang='lat' dir='ltr'><strong>cymbalorumque</strong></span> <span class='ocrx_word' id='word_1_733' title='bbox 2425 4451 2632 4522; x_wconf 89' lang='lat' dir='ltr'><strong>crepitu</strong></span> <span class='ocrx_word' id='word_1_734' title='bbox 2675 4450 2931 4505; x_wconf 88' lang='lat' dir='ltr'><strong>coluisse.</strong></span> 
     </span>
    </p>
   </div>
   <div class='ocr_carea' id='block_1_103' title="bbox 1987 4540 3489 4616">
    <p class='ocr_par' dir='ltr' id='par_1_103' title="bbox 1987 4540 3489 4616">
     <span class='ocr_line' id='line_1_103' title="bbox 1987 4540 3489 4616; baseline -0.002 -20"><span class='ocrx_word' id='word_1_735' title='bbox 1987 4542 2098 4616; x_wconf 76' lang='lat'><strong>58</strong></span> <span class='ocrx_word' id='word_1_736' title='bbox 2127 4564 2146 4596; x_wconf 76' lang='grc' dir='ltr'><strong>ι</strong></span> <span class='ocrx_word' id='word_1_737' title='bbox 2183 4544 2255 4599; x_wconf 82' lang='lat' dir='ltr'><strong>At</strong></span> <span class='ocrx_word' id='word_1_738' title='bbox 2291 4560 2420 4598; x_wconf 89' lang='lat' dir='ltr'><strong>vero</strong></span> <span class='ocrx_word' id='word_1_739' title='bbox 2448 4543 2687 4614; x_wconf 82' lang='lat' dir='ltr'><strong>Phryges</strong></span> <span class='ocrx_word' id='word_1_740' title='bbox 2720 4542 2964 4598; x_wconf 81' lang='lat' dir='ltr'><strong>Meonem</strong></span> <span class='ocrx_word' id='word_1_741' title='bbox 3004 4542 3292 4612; x_wconf 90' lang='lat' dir='ltr'><strong>quemdam</strong></span> <span class='ocrx_word' id='word_1_742' title='bbox 3337 4540 3489 4594; x_wconf 90' lang='lat' dir='ltr'><strong>aiunt</strong></span> 
     </span>
    </p>
   </div>
   <div class='ocr_carea' id='block_1_104' title="bbox 1912 4632 3483 4712">
    <p class='ocr_par' dir='ltr' id='par_1_104' title="bbox 1912 4632 3483 4712">
     <span class='ocr_line' id='line_1_104' title="bbox 1912 4632 3483 4712; baseline -0.005 -17"><span class='ocrx_word' id='word_1_743' title='bbox 1912 4637 2163 4712; x_wconf 68' lang='lat' dir='ltr'><strong>Phrygiae</strong></span> <span class='ocrx_word' id='word_1_744' title='bbox 2204 4654 2385 4709; x_wconf 87' lang='lat' dir='ltr'><strong>regem</strong></span> <span class='ocrx_word' id='word_1_745' title='bbox 2436 4637 2601 4692; x_wconf 80' lang='lat' dir='ltr'><strong>tiliam</strong></span> <span class='ocrx_word' id='word_1_746' title='bbox 2647 4635 2900 4690; x_wconf 89' lang='lat' dir='ltr'><strong>habuisse</strong></span> <span class='ocrx_word' id='word_1_747' title='bbox 2942 4635 3163 4688; x_wconf 86' lang='lat' dir='ltr'><strong>nomine</strong></span> <span class='ocrx_word' id='word_1_748' title='bbox 3190 4632 3483 4706; x_wconf 88' lang='lat' dir='ltr'><strong>Cybelem,</strong></span> 
     </span>
    </p>
   </div>
   <div class='ocr_carea' id='block_1_105' title="bbox 1910 4722 3487 4801">
    <p class='ocr_par' dir='ltr' id='par_1_105' title="bbox 1910 4722 3487 4801">
     <span class='ocr_line' id='line_1_105' title="bbox 1910 4722 3487 4801; baseline -0.004 -18"><span class='ocrx_word' id='word_1_749' title='bbox 1910 4746 2034 4801; x_wconf 74' lang='lat' dir='ltr'><strong>qua:</strong></span> <span class='ocrx_word' id='word_1_750' title='bbox 2072 4730 2247 4799; x_wconf 90' lang='lat' dir='ltr'><strong>prima</strong></span> <span class='ocrx_word' id='word_1_751' title='bbox 2282 4727 2517 4785; x_wconf 80' lang='lat' dir='ltr'><strong>ﬁstulam</strong></span> <span class='ocrx_word' id='word_1_752' title='bbox 2568 4726 2868 4790; x_wconf 89' lang='lat' dir='ltr'><strong>invenerit,</strong></span> <span class='ocrx_word' id='word_1_753' title='bbox 2918 4733 2971 4777; x_wconf 89' lang='lat' dir='ltr'><strong>et</strong></span> <span class='ocrx_word' id='word_1_754' title='bbox 3017 4724 3269 4778; x_wconf 85' lang='lat' dir='ltr'><strong>Montana</strong></span> <span class='ocrx_word' id='word_1_755' title='bbox 3319 4722 3487 4778; x_wconf 86' lang='lat' dir='ltr'><strong>Mater</strong></span> 
     </span>
    </p>
   </div>
   <div class='ocr_carea' id='block_1_106' title="bbox 1909 4812 3484 4891">
    <p class='ocr_par' dir='ltr' id='par_1_106' title="bbox 1909 4812 3484 4891">
     <span class='ocr_line' id='line_1_106' title="bbox 1909 4812 3484 4891; baseline -0.005 -15"><span class='ocrx_word' id='word_1_756' title='bbox 1909 4821 2177 4891; x_wconf 87' lang='lat' dir='ltr'><strong>appellata</strong></span> <span class='ocrx_word' id='word_1_757' title='bbox 2207 4819 2410 4891; x_wconf 88' lang='lat' dir='ltr'><strong>fuerit:</strong></span> <span class='ocrx_word' id='word_1_758' title='bbox 2442 4817 2707 4889; x_wconf 85' lang='lat' dir='ltr'><strong>Marsyam</strong></span> <span class='ocrx_word' id='word_1_759' title='bbox 2756 4828 2933 4871; x_wconf 86' lang='lat' dir='ltr'><strong>autem</strong></span> <span class='ocrx_word' id='word_1_760' title='bbox 2977 4817 3151 4887; x_wconf 83' lang='lat' dir='ltr'><strong>patria</strong></span> <span class='ocrx_word' id='word_1_761' title='bbox 3194 4812 3484 4886; x_wconf 84' lang='lat' dir='ltr'><strong>Phrygem,</strong></span> 
     </span>
    </p>
   </div>
   <div class='ocr_carea' id='block_1_107' title="bbox 1909 4907 3484 4983">
    <p class='ocr_par' dir='ltr' id='par_1_107' title="bbox 1909 4907 3484 4983">
     <span class='ocr_line' id='line_1_107' title="bbox 1909 4907 3484 4983; baseline -0.007 -13"><span class='ocrx_word' id='word_1_762' title='bbox 1909 4929 2035 4970; x_wconf 90' lang='lat' dir='ltr'><strong>cum</strong></span> <span class='ocrx_word' id='word_1_763' title='bbox 2064 4914 2168 4983; x_wconf 92' lang='lat' dir='ltr'><strong>ipsi</strong></span> <span class='ocrx_word' id='word_1_764' title='bbox 2194 4911 2481 4968; x_wconf 84' lang='lat' dir='ltr'><strong>familiaris</strong></span> <span class='ocrx_word' id='word_1_765' title='bbox 2509 4920 2674 4978; x_wconf 90' lang='lat' dir='ltr'><strong>esset,</strong></span> <span class='ocrx_word' id='word_1_766' title='bbox 2707 4909 2868 4965; x_wconf 88' lang='lat' dir='ltr'><strong>tibias</strong></span> <span class='ocrx_word' id='word_1_767' title='bbox 2897 4907 3255 4974; x_wconf 83' lang='lat' dir='ltr'><strong>conﬂavisse;</strong></span> <span class='ocrx_word' id='word_1_768' title='bbox 3284 4915 3333 4961; x_wconf 88' lang='lat' dir='ltr'><strong>et</strong></span> <span class='ocrx_word' id='word_1_769' title='bbox 3360 4920 3484 4961; x_wconf 91' lang='lat' dir='ltr'><strong>cor-</strong></span> 
     </span>
    </p>
   </div>
   <div class='ocr_carea' id='block_1_108' title="bbox 1908 4988 3484 5076">
    <p class='ocr_par' dir='ltr' id='par_1_108' title="bbox 1908 4988 3484 5076">
     <span class='ocr_line' id='line_1_108' title="bbox 1908 4988 3484 5076; baseline -0.006 -16"><span class='ocrx_word' id='word_1_770' title='bbox 1908 5006 2060 5075; x_wconf 90' lang='lat' dir='ltr'><strong>poris</strong></span> <span class='ocrx_word' id='word_1_771' title='bbox 2105 5006 2470 5076; x_wconf 88' lang='lat' dir='ltr'><strong>integritatem</strong></span> <span class='ocrx_word' id='word_1_772' title='bbox 2516 5020 2545 5058; x_wconf 92' lang='lat' dir='ltr'><strong>a</strong></span> <span class='ocrx_word' id='word_1_773' title='bbox 2580 5003 2743 5058; x_wconf 86' lang='lat' dir='ltr'><strong>rebus</strong></span> <span class='ocrx_word' id='word_1_774' title='bbox 2790 4988 3035 5057; x_wconf 87' lang='lat' dir='ltr'><strong>venereis</strong></span> <span class='ocrx_word' id='word_1_775' title='bbox 3080 5002 3376 5054; x_wconf 90' lang='lat' dir='ltr'><strong>immunem</strong></span> <span class='ocrx_word' id='word_1_776' title='bbox 3418 5012 3484 5052; x_wconf 88' lang='lat' dir='ltr'><strong>ac</strong></span> 
     </span>
    </p>
   </div>
   <div class='ocr_carea' id='block_1_109' title="bbox 1907 5091 3481 5166">
    <p class='ocr_par' dir='ltr' id='par_1_109' title="bbox 1907 5091 3481 5166">
     <span class='ocr_line' id='line_1_109' title="bbox 1907 5091 3481 5166; baseline -0.006 -13"><span class='ocrx_word' id='word_1_777' title='bbox 1907 5098 2133 5153; x_wconf 89' lang='lat' dir='ltr'><strong>liberam</strong></span> <span class='ocrx_word' id='word_1_778' title='bbox 2176 5097 2244 5153; x_wconf 90' lang='lat' dir='ltr'><strong>ad</strong></span> <span class='ocrx_word' id='word_1_779' title='bbox 2278 5099 2486 5153; x_wconf 90' lang='lat' dir='ltr'><strong>obitum</strong></span> <span class='ocrx_word' id='word_1_780' title='bbox 2523 5111 2696 5166; x_wconf 91' lang='lat' dir='ltr'><strong>usque</strong></span> <span class='ocrx_word' id='word_1_781' title='bbox 2719 5110 2985 5150; x_wconf 84' lang='lat' dir='ltr'><strong>servasse.</strong></span> <span class='ocrx_word' id='word_1_782' title='bbox 3010 5091 3227 5147; x_wconf 81' lang='lat' dir='ltr'><strong>Addunt</strong></span> <span class='ocrx_word' id='word_1_783' title='bbox 3258 5099 3481 5161; x_wconf 59' lang='lat' dir='ltr'><strong>praeter-</strong></span> 
     </span>
    </p>
   </div>
   <div class='ocr_carea' id='block_1_110' title="bbox 1905 5184 3481 5262">
    <p class='ocr_par' dir='ltr' id='par_1_110' title="bbox 1905 5184 3481 5262">
     <span class='ocr_line' id='line_1_110' title="bbox 1905 5184 3481 5262; baseline -0.008 -17"><span class='ocrx_word' id='word_1_784' title='bbox 1905 5204 1971 5245; x_wconf 87' lang='lat' dir='ltr'><strong>ea</strong></span> <span class='ocrx_word' id='word_1_785' title='bbox 2001 5189 2229 5262; x_wconf 88' lang='lat' dir='ltr'><strong>Cybeles</strong></span> <span class='ocrx_word' id='word_1_786' title='bbox 2256 5187 2471 5244; x_wconf 90' lang='lat' dir='ltr'><strong>Patrem</strong></span> <span class='ocrx_word' id='word_1_787' title='bbox 2494 5230 2509 5255; x_wconf 93' lang='lat'><strong>,</strong></span> <span class='ocrx_word' id='word_1_788' title='bbox 2540 5203 2664 5243; x_wconf 92' lang='lat' dir='ltr'><strong>cum</strong></span> <span class='ocrx_word' id='word_1_789' title='bbox 2698 5202 2819 5242; x_wconf 90' lang='lat' dir='ltr'><strong>eam</strong></span> <span class='ocrx_word' id='word_1_790' title='bbox 2847 5202 2911 5241; x_wconf 79' lang='lat' dir='ltr'><strong>ex</strong></span> <span class='ocrx_word' id='word_1_791' title='bbox 2939 5184 3138 5240; x_wconf 87' lang='lat' dir='ltr'><strong>Attidis</strong></span> <span class='ocrx_word' id='word_1_792' title='bbox 3183 5189 3481 5237; x_wconf 85' lang='lat' dir='ltr'><strong>consuetu-</strong></span> 
     </span>
    </p>
   </div>
   <div class='ocr_carea' id='block_1_111' title="bbox 1907 5273 3476 5351">
    <p class='ocr_par' dir='ltr' id='par_1_111' title="bbox 1907 5273 3476 5351">
     <span class='ocr_line' id='line_1_111' title="bbox 1907 5273 3476 5351; baseline -0.009 -13"><span class='ocrx_word' id='word_1_793' title='bbox 1907 5284 2034 5339; x_wconf 91' lang='lat' dir='ltr'><strong>dine</strong></span> <span class='ocrx_word' id='word_1_794' title='bbox 2079 5290 2294 5336; x_wconf 85' lang='lat' dir='ltr'><strong>uterum</strong></span> <span class='ocrx_word' id='word_1_795' title='bbox 2344 5288 2557 5351; x_wconf 89' lang='lat' dir='ltr'><strong>gestare</strong></span> <span class='ocrx_word' id='word_1_796' title='bbox 2600 5278 2995 5347; x_wconf 85' lang='lat' dir='ltr'><strong>comperisset,</strong></span> <span class='ocrx_word' id='word_1_797' title='bbox 3041 5276 3108 5332; x_wconf 89' lang='lat' dir='ltr'><strong>de</strong></span> <span class='ocrx_word' id='word_1_798' title='bbox 3142 5273 3320 5328; x_wconf 91' lang='lat' dir='ltr'><strong>medio</strong></span> <span class='ocrx_word' id='word_1_799' title='bbox 3369 5286 3476 5326; x_wconf 90' lang='lat' dir='ltr'><strong>non</strong></span> 
     </span>
    </p>
   </div>
   <div class='ocr_carea' id='block_1_112' title="bbox 1908 5360 3473 5438">
    <p class='ocr_par' dir='ltr' id='par_1_112' title="bbox 1908 5360 3473 5438">
     <span class='ocr_line' id='line_1_112' title="bbox 1908 5360 3473 5438; baseline -0.008 -11"><span class='ocrx_word' id='word_1_800' title='bbox 1908 5373 2058 5427; x_wconf 88' lang='lat' dir='ltr'><strong>Attin</strong></span> <span class='ocrx_word' id='word_1_801' title='bbox 2092 5368 2276 5435; x_wconf 89' lang='lat' dir='ltr'><strong>modo,</strong></span> <span class='ocrx_word' id='word_1_802' title='bbox 2309 5370 2401 5425; x_wconf 91' lang='lat' dir='ltr'><strong>sed</strong></span> <span class='ocrx_word' id='word_1_803' title='bbox 2445 5366 2591 5438; x_wconf 83' lang='lat' dir='ltr'><strong>ipsas</strong></span> <span class='ocrx_word' id='word_1_804' title='bbox 2616 5382 2835 5437; x_wconf 90' lang='lat' dir='ltr'><strong>quoque</strong></span> <span class='ocrx_word' id='word_1_805' title='bbox 2863 5367 3099 5421; x_wconf 83' lang='lat' dir='ltr'><strong>nutrices</strong></span> <span class='ocrx_word' id='word_1_806' title='bbox 3148 5360 3473 5419; x_wconf 85' lang='lat' dir='ltr'><strong>sustulisse:</strong></span> 
     </span>
    </p>
   </div>
   <div class='ocr_carea' id='block_1_113' title="bbox 1908 5452 3477 5533">
    <p class='ocr_par' dir='ltr' id='par_1_113' title="bbox 1908 5452 3477 5533">
     <span class='ocr_line' id='line_1_113' title="bbox 1908 5452 3477 5533; baseline -0.008 -17"><span class='ocrx_word' id='word_1_807' title='bbox 1908 5461 2001 5533; x_wconf 90' lang='lat' dir='ltr'><strong>qui</strong></span> <span class='ocrx_word' id='word_1_808' title='bbox 2030 5460 2389 5515; x_wconf 87' lang='lat' dir='ltr'><strong>adolescentis</strong></span> <span class='ocrx_word' id='word_1_809' title='bbox 2415 5459 2666 5513; x_wconf 88' lang='lat' dir='ltr'><strong>interitus</strong></span> <span class='ocrx_word' id='word_1_810' title='bbox 2688 5472 2752 5511; x_wconf 91' lang='lat' dir='ltr'><strong>eo</strong></span> <span class='ocrx_word' id='word_1_811' title='bbox 2773 5456 3001 5527; x_wconf 84' lang='lat' dir='ltr'><strong>Cybeles</strong></span> <span class='ocrx_word' id='word_1_812' title='bbox 3022 5455 3263 5509; x_wconf 89' lang='lat' dir='ltr'><strong>animum</strong></span> <span class='ocrx_word' id='word_1_813' title='bbox 3293 5452 3477 5506; x_wconf 83' lang='lat' dir='ltr'><strong>furere</strong></span> 
     </span>
    </p>
   </div>
   <div class='ocr_carea' id='block_1_114' title="bbox 1900 5589 3473 5671">
    <p class='ocr_par' dir='ltr' id='par_1_114' title="bbox 1900 5589 3473 5671">
     <span class='ocr_line' id='line_1_114' title="bbox 1900 5589 3473 5671; baseline -0.006 -18"><span class='ocrx_word' id='word_1_814' title='bbox 1900 5598 1999 5669; x_wconf 81' lang='grc' dir='ltr'><strong>τῆς</strong></span> <span class='ocrx_word' id='word_1_815' title='bbox 2024 5599 2229 5671; x_wconf 86' lang='grc' dir='ltr'>μητρὸς</span> <span class='ocrx_word' id='word_1_816' title='bbox 2260 5594 2894 5671; x_wconf 49' lang='grc' dir='ltr'>ὀνομάζεσθαι-Τιτᾶνας.</span> <span class='ocrx_word' id='word_1_817' title='bbox 2918 5589 3051 5671; x_wconf 65' lang='lat' dir='ltr'><strong>Qum</strong></span> <span class='ocrx_word' id='word_1_818' title='bbox 3079 5590 3285 5671; x_wconf 53' lang='lat' dir='ltr'><strong>notatio</strong></span> <span class='ocrx_word' id='word_1_819' title='bbox 3309 5602 3473 5657; x_wconf 80' lang='lat' dir='ltr'><strong>quam</strong></span> 
     </span>
    </p>
   </div>
   <div class='ocr_carea' id='block_1_115' title="bbox 1901 5659 3431 5739">
    <p class='ocr_par' dir='ltr' id='par_1_115' title="bbox 1901 5659 3431 5739">
     <span class='ocr_line' id='line_1_115' title="bbox 1901 5659 3431 5739; baseline -0.009 -17"><span class='ocrx_word' id='word_1_820' title='bbox 1901 5659 2048 5724; x_wconf 77' lang='lat' dir='ltr'><strong>recta</strong></span> <span class='ocrx_word' id='word_1_821' title='bbox 2078 5659 2170 5733; x_wconf 68' lang='lat' dir='ltr'><strong>sit,</strong></span> <span class='ocrx_word' id='word_1_822' title='bbox 2203 5659 2507 5739; x_wconf 66' lang='lat' dir='ltr'><strong>myth&#39;ologi</strong></span> <span class='ocrx_word' id='word_1_823' title='bbox 2547 5664 2799 5719; x_wconf 90' lang='lat' dir='ltr'><strong>viderint.</strong></span> <span class='ocrx_word' id='word_1_824' title='bbox 2833 5660 2966 5716; x_wconf 85' lang='lat' dir='ltr'><strong>Vide</strong></span> <span class='ocrx_word' id='word_1_825' title='bbox 2992 5676 3045 5731; x_wconf 93' lang='lat' dir='ltr'><strong>p.</strong></span> <span class='ocrx_word' id='word_1_826' title='bbox 3073 5660 3179 5714; x_wconf 73' lang='grc'><strong>192</strong></span> <span class='ocrx_word' id='word_1_827' title='bbox 3202 5659 3269 5725; x_wconf 85' lang='grc' dir='ltr'>Α,</span> <span class='ocrx_word' id='word_1_828' title='bbox 3308 5671 3431 5728; x_wconf 82' lang='grc' dir='ltr'>ρεη.</span> 
     </span>
    </p>
   </div>
   <div class='ocr_carea' id='block_1_116' title="bbox 1970 5751 3203 5839">
    <p class='ocr_par' dir='ltr' id='par_1_116' title="bbox 1970 5751 3203 5839">
     <span class='ocr_line' id='line_1_116' title="bbox 1970 5751 3203 5839; baseline -0.011 -23"><span class='ocrx_word' id='word_1_829' title='bbox 1970 5758 2081 5839; x_wconf 79' lang='grc'><strong>(58)</strong></span> <span class='ocrx_word' id='word_1_830' title='bbox 2119 5758 2376 5828; x_wconf 77' lang='grc' dir='ltr'>Μητέρα.</span> <span class='ocrx_word' id='word_1_831' title='bbox 2419 5756 2662 5823; x_wconf 79' lang='lat' dir='ltr'><strong>Diodor.,</strong></span> <span class='ocrx_word' id='word_1_832' title='bbox 2698 5751 2942 5832; x_wconf 83' lang='grc' dir='ltr'>μεγάλην</span> <span class='ocrx_word' id='word_1_833' title='bbox 2974 5751 3203 5830; x_wconf 58' lang='grc' dir='ltr'>μητὲοα.</span> 
     </span>
    </p>
   </div>
  </div>
