3840 6216
277 297 292 315 ’
331 294 462 363 ’119

997 305 1803 385 EUSEBILCESARlENSIS
1839 316 1988 373 ore.
2035 317 2214 374 rans
2251 317 2310 371 n.
2341 349 2408 360 _
2442 316 2939 374 APOLOCETICA.

351 440 484 482 num
513 467 529 492 ,
578 427 830 499 flliasque
863 431 1086 487 totidem
1115 472 1130 497 ,
1164 432 1371 490 Rheam
1419 451 1483 492 ac
1520 435 1796 493 Cererem.
1831 438 1930 509 lpsi

2042 439 2224 508 τόμως
2267 431 2928 508 ἐπιδραμεῖν.ιΕἶθ’ἑξῆς
2975 435 3331 490 ὲπισυνάπτει
3377 436 3476 500 τὰς
3523 433 3636 488 τῶν

351 530 483 569 vero
513 514 815 572 Saturnum
865 520 918 574 in
951 536 1179 592 regnum
1233 527 1567 583 suecessisse
1595 569 1610 593 ,
1643 529 1736 598 qui
1784 529 1936 584 Rhea

349 620 537 660 secum
573 618 693 664 toro
717 609 908 679 juncta
935 610 1122 669 Jovem
1145 656 1161 681 ,
1191 613 1461 672 Junonem
1484 659 1498 682 ,
1531 635 1597 674 ac
1626 618 1936 690 Neptunum

352 700 673 766 procrearit.
727 699 915 757 Jovem
975 714 1156 760 autem
1187 747 1202 769 ,
1261 725 1385 764 cum
1438 710 1660 767 Saturni
1709 729 1935 785 regnum

351 790 702 847 haereditario
728 794 854 864 jure
905 801 1244 870 accepisset,
1289 819 1488 860 uxores
1519 806 1743 862 duxisse
1783 816 1896 863 tres
1919 847 1933 871 ,

347 882 618 941 lunonem
647 927 662 952 ,
693 875 972 945 'Cererem
997 934 1013 958 ,
1063 909 1128 948 ac
1163 893 1481 950 Themidem
1516 938 1530 965 ,
1594 913 1824 968 quarum
1869 913 1937 950 ex

349 977 527 1045 prima
560 978 812 1045 Curetas,
845 981 1230 1055 Proserpinam
1260 1003 1324 1042 ex
1365 990 1638 1058 secunda,
1677 1007 1741 1045 ex
1779 991 1936 1045 tertia

348 1069 587 1139 denique
619 1071 894 1130 Palladem
947 1079 1271 1148 susceperit.
1325 1083 1384 1134 In
1435 1081 1762 1153 Babylonem
1809 1099 1934 1138 cum

349 1161 607 1226 venisset,
654 1163 896 1233 hospitio
939 1166 1050 1222 Beli
1087 1185 1249 1224 usum
1290 1187 1450 1239 esse,
1501 1173 1734 1244 indeque
1772 1176 1936 1230 simul

347 1265 412 1303 ac
462 1252 697 1309 insulam
745 1255 1070 1314 Panchaeam
1105 1260 1323 1317 Oceano
1365 1265 1672 1333 proximam
1721 1266 1936 1323 delatus

349 1342 562 1413 fuisset,
601 1362 754 1402 aram
789 1348 1134 1423 leo.cujus
1170 1371 1339 1426 nepos
1379 1366 1520 1420 erat,
1553 1372 1764 1412 sacram
1814 1373 1936 1414 ere-

348 1436 532 1492 xisse:
563 1449 728 1510 atque
776 1441 905 1503 hinc
948 1460 1046 1514 per
1087 1446 1299 1518 Syriam
1353 1449 1419 1502 ad
1464 1448 1712 1504 Cassium
1745 1466 1937 1522 quem-

347 1527 496 1592 dam,
530 1543 562 1585 a
593 1546 704 1599 quo
734 1548 892 1589 mons
937 1536 1164 1592 Cassius
1196 1552 1395 1592 nomen
1439 1540 1745 1608 acceperit,
1789 1541 1939 1610 ejus-

347 1619 470 1672 dem
492 1622 590 1674 azvi
622 1622 920 1695 principem
945 1642 1065 1682 sese
1095 1629 1394 1685 contulisse
1423 1650 1436 1684 :
1466 1647 1590 1686 mox
1620 1633 1672 1686 in
1687 1632 1935 1688 Ciliciam

346 1720 567 1766 ventum
581 1728 704 1768 cum
719 1726 886 1785 esset,
907 1717 1045 1772 bello
1058 1718 1280 1788 Cilicem
1295 1722 1610 1791 toparcham
1626 1739 1936 1793 superasse;

2048 526 2285 598 ποιητῶν
2326 526 2672 597 μυθολογίας.
2713 527 2873 580 Ἀλλὰ
2925 526 3034 597 γὰρ
3083 525 3319 586 τοσαῦτα
3375 528 3470 580 καὶ
3524 525 3639 580 ἀπὸ

2043 619 2141 688 τῆς
2189 616 2457 688 Ἐλλήνων
2512 617 2790 686 θεολογίας
2844 616 3209 689 ἀποχρώντως
3258 620 3392 688 ἡμῖν
3437 618 3639 670 ἀποτε-

2041 710 2286 782 τμήσθω.
2341 703 2436 774 Οἷς
2483 709 2702 778 εὖ).ογον
2749 710 3081 779 ἐπισυνάψαι
3123 709 3230 762 τῶν
3268 709 3446 763 αὐτῶν
3493 707 3636 762 θεῶν

2042 801 2139 866 τὰς
2177 804 2235 855 ὲν
2267 805 2381 866 τοῖς
2421 802 2634 867 ἀδύτοις
2667 801 2908 866 τελετὰς,
2955 803 3049 855 καὶ
3094 802 3162 856 τὰ
3208 802 3496 874 ἀπόρρητα
3529 818 3635 870 μυ-

2043 897 2268 969 στήρια’
2307 895 2612 964 σκέψασθαι
2637 913 2695 948 τε
2728 896 2954 968 πότερον
2984 895 3135 958 Θείας
3163 895 3235 959 ὡς
3267 894 3482 965 ἀληθῶς
3516 894 3637 947 θεο-

2042 987 2229 1056 λογίας
2279 987 2511 1058 ὲχούσας
2562 1005 2613 1041 τι
2669 987 2970 1060 θεοπρεπὲς
3019 989 3217 1058 δεῖγμα
3270 987 3544 1058 φέρουσιν,
3597 985 3632 1056 ῆ

2043 1079 2285 1135 κάτωθέν
2330 1080 2493 1137 ποθεν
2528 1083 2747 1152 μακρᾶς
2793 1083 2887 1136 καὶ
2926 1082 3245 1152 δαιμονικῆς
3291 1080 3498 1150 πλάνης
3540 1081 3636 1147 ὁρ-

2046 1168 2274 1238 μῶνται,
2312 1170 2548 1238 γέλωτος
2579 1172 2611 1242 ἦ
2654 1173 2747 1224 καὶ
2788 1171 2986 1242 μᾶλλον
3021 1171 3304 1241 αἰσχύνης,
3339 1168 3534 1239 μᾶλλον
3573 1167 3633 1220 δὲ

2039 1265 2152 1325 τοῖς
2197 1262 2277 1316 ἔτι
2307 1262 2709 1332 τυφλώττουσιν
2753 1265 2936 1317 οἴκτου
2981 1264 3108 1316 ὅντα
3146 1262 3289 1328 ἄξια.
3344 1260 3526 1315 Ταῦτα
3574 1259 3636 1312 δὲ

2042 1354 2273 1426 Κλήμης
2331 1356 2360 1408 ὁ
2401 1355 2702 1426 θαυμάσιος
2746 1357 2802 1408 ὲν
2846 1355 2943 1426 τῷῖ
2979 1355 3115 1426 πρὸς
3157 1354 3424 1425 ’Έλληνας
3475 1356 3633 1420 Προ-

2041 1445 2331 1514 τρεπτικῷ
2368 1447 2664 1518 διαρρήδην
2723 1447 3076 1511 ὲκκαλύπτει,
3132 1448 3348 1501 πάντων
3411 1447 3508 1517 μὲν
3540 1445 3635 1500 διὰ

2043 1537 2237 1610 πείρας
2271 1537 2440 1592 ἐλθὼν
2473 1540 2634 1611 ἀνὴρ,
2667 1539 2859 1593 θᾶττόν
2888 1557 2953 1609 γε
2991 1541 3097 1611 μὴν
3125 1542 3223 1612 τῆς
3255 1540 3462 1611 πλάνης
3495 1540 3636 1594 ἀνα-

2041 1629 2255 1693 νεύσας,
2288 1629 2437 1687 ὼσὰν
2487 1631 2623 1701 πρὸς
2660 1631 2754 1684 τοῦ
2785 1632 3055 1703 σωτηρίου
3083 1631 3262 1701 λόγου,
3293 1632 3385 1685 καὶ
3407 1630 3495 1684 διὰ
3526 1629 3636 1700 τῆς

2041 1723 2404 1793 εὐαΠελικῆς
2430 1723 2779 1789 διδασκαλίας
2815 1725 2926 1780 τῶν
2970 1725 3156 1792 κακῶν
3200 1724 3632 1796 λελυτρωμένος.

346 1800 582 1873 deniqtte
603 1805 672 1859 ab
695 1807 953 1862 omnibus
977 1811 1250 1880 gentibus,
1278 1827 1416 1881 quas
1441 1812 1529 1867 ille
1558 1814 1824 1883 plurimas
1847 1817 1930 1869 ob-

2043 1815 2257 1886 Βραχέα
2288 1815 2332 1868 δ’
2363 1812 2457 1869 οὖν
2486 1817 2579 1869 καὶ
2602 1817 2809 1870 τούτων
2843 1818 3166 1872 ἐπάκουσον.

347 1894 536 1963 iisset,
582 1895 822 1954 honores
869 1911 1223 1957 consecutum
1257 1903 1530 1974 deumque
1571 1908 1942 1962 renuntiatum
1978 1905 2168 1961 fuisse.
2202 1926 2220 1958 ι
2253 1905 2377 1962 llaec
2399 1907 2668 1964 Diodorus
2688 1909 2902 1980 aliaque
2926 1912 3012 1966 his
3063 1911 3261 1967 similia
3277 1911 3345 1966 de
3391 1909 3634 1965 numini-

345 1991 450 2047 bus
476 1991 838 2065 sictanquam
865 1997 934 2052 de
965 1997 1280 2055 hominibus
1324 2001 1485 2058 morti
1508 2001 1760 2058 obnoxiis
1808 2003 1902 2058 ubi
1941 2003 2258 2073 disputavit,
2285 2003 2358 2057 ita
2393 2003 2891 2074 prosequiturzel
2913 2004 3027 2058 «Ad
3052 2003 3369 2058 Evemerum
3404 2002 3632 2073 quidem

345 2085 491 2155 quod
515 2087 727 2152 attinet,
756 2090 848 2158 qui
876 2105 1087 2145 sacram
1120 2095 1449 2164 conscripsit
1486 2095 1796 2161 historiam,
1823 2097 1939 2152 haae
1971 2099 2156 2153 abillo
2197 2106 2479 2152 mutuatos
2508 2112 2608 2152 nos
2627 2113 2750 2152 esse
2769 2097 3030 2153 suiliciat:
3073 2096 3350 2166 deinceps,
3397 2110 3536 2164 quas
3561 2093 3633 2148 de

347 2189 538 2234 natura
561 2181 786 2237 deorum
830 2183 1001 2240 (ἓτερρὶ
1026 2185 1239 2243 fabulas
1281 2199 1661 2260 vntgaverunt,
1688 2189 1934 2254 Hesiodi,
1978 2192 2196 2256 Homeri
2215 2193 2528 2264 Orpheique
2581 2193 2822 2262 vestigiis
2856 2191 3190 2254 insistentes,
3219 2190 3448 2258 carptim
3474 2202 3632 2242 surn-

345 2278 646 2349 matimque
661 2281 1027 2353 perstringere
1046 2285 1392 2348 conabimur.
1424 2293 1585 2344 sTum
1606 2291 1972 2360 superioribus
1992 2292 2099 2346 illis
2120 2289 2437 2359 Graecorum
2464 2299 2750 2360 poetarum
2797 2287 3046 2343 ﬁctiones
3097 2287 3308 2351 attexit.
3346 2283 3452 2340 Sed
3477 2283 3631 2339 enim

345 2369 451 2425 ista
498 2371 661 2426 nobis
700 2370 1016 2428 Graecorum
1075 2375 1360 2448 theologia:
1409 2379 1569 2448 quasi
1641 2378 1948 2450 fragmenta
2003 2382 2136 2435 satis
2186 2391 2366 2447 erunt,
2430 2381 2632 2453 quibus
2682 2389 3052 2452 opportunum
3106 2381 3295 2449 utique
3331 2377 3494 2432 fuerit
3535 2391 3634 2432 so-

344 2466 554 2528 lemnes
594 2469 912 2524 eorumdem
950 2472 1234 2527 numinum
1274 2474 1328 2528 in
1371 2476 1698 2545 templorum
1744 2475 1922 2546 adytis
1985 2477 2233 2538 initiandi
2282 2478 2438 2542 ritus,
2477 2493 2790 2548 arcanaque
2843 2476 3232 2548 mysteriorum
3267 2488 3426 2546 saera
3490 2470 3632 2524 sub-

339 2562 595 2633 jungere,
633 2579 697 2632 ac
744 2565 1029 2636 diligenter
1077 2568 1242 2623 simul
1277 2569 1481 2634 videre,
1523 2587 1652 2626 num
1706 2587 1834 2626 vere
1895 2573 2110 2628 divinas
2176 2574 2252 2628 illi
2298 2575 2586 2636 numinum
2654 2575 2917 2638 rationes,
2962 2571 3183 2642 Deoque
3239 2571 3462 2641 dignum
3524 2567 3632 2621 ali-

341 2655 475 2724 quid
523 2657 835 2724 complexas
879 2659 1170 2730 religiones
1232 2661 1490 2736 inferant,
1536 2682 1604 2718 an
1670 2673 1860 2720 contra
1911 2667 1978 2721 ab
2027 2666 2218 2724 inferis
2266 2669 2536 2724 excitatos
2582 2684 2800 2724 errores
2865 2683 2930 2722 ac
2978 2668 3287 2722 daemonum
3339 2662 3632 2717 fraudibus

343 2752 594 2822 dolisque
628 2753 894 2812 conflatos
959 2757 1276 2822 obtrudant,
1319 2776 1460 2828 quos
1499 2763 1665 2824 risus,
1729 2762 1840 2815 imo
1881 2763 2055 2831 pudor
2103 2779 2168 2817 ex
2219 2780 2401 2820 rerum
2449 2765 2772 2834 indignitate
2847 2773 3184 2825 contractus,
3267 2770 3361 2815 aut
3430 2773 3628 2816 eorum

342 2845 547 2924 potius,
584 2845 676 2915 qui
725 2855 874 2902 tanta
910 2849 1208 2906 etiamnum
1254 2853 1307 2906 in
1364 2854 1606 2909 caecitate
1644 2866 1955 2920 versantur,
2029 2858 2439 2912 commiseratio
2484 2858 2606 2927 jure
2657 2873 2722 2920 ac
2768 2858 2962 2912 merito
2993 2857 3246 2923 excipiat.
3295 2858 3471 2924 Atque
3523 2855 3630 2907 ho-

341 2951 465 2990 rum
522 2938 915 3007 turpitudinem
978 2941 1457 3000 admirabilisille
1513 2946 1799 3011 Clemens,
1857 2965 1922 3004 ea
1974 2965 2139 3020 quam
2179 2950 2246 3004 ad
2307 2950 2526 3005 Graecos
2577 2950 2763 3021 dirigit
2803 2949 3202 3014 Coltorlalione,
3261 2948 3459 3002 nudam
3497 2961 3626 2999 om-

343 3028 610 3100 niumque
659 3031 1011 3099 spectandam
1068 3037 1244 3090 oculis
1296 3041 1573 3109 proponit,
1618 3043 1820 3112 quippe
1867 3045 1962 3113 qui
2011 3060 2136 3098 eum
2206 3059 2400 3098 omnes
2436 3043 2655 3098 illorum
2703 3045 3058 3098 caeremonias
3097 3058 3193 3097 sua
3244 3042 3415 3110 ipsius
3457 3053 3628 3106 expe-

344 3124 540 3180 rientia
570 3125 908 3196 cognoverit,
941 3135 1056 3192 tum
1120 3130 1403 3200 celerrime
1431 3135 1499 3191 ab
1534 3134 1726 3191 infami
1786 3153 1976 3194 errore
2014 3146 2180 3209 caput
2240 3138 2518 3202 extulerit,
2562 3136 2713 3190 verbi
2764 3135 3023 3190 salutaris
3065 3144 3119 3189 et
3161 3133 3486 3200 evangelicae
3514 3130 3623 3188 do-

344 3215 538 3271 ctrina:
567 3215 621 3270 vi
649 3231 717 3270 ex
753 3225 833 3270 tot
874 3227 1264 3292 tantorumque
1298 3226 1567 3299 malorum
1603 3229 1928 3302 contagione
1959 3231 2243 3285 liberatus.
2277 3227 2404 3284 Haec
2443 3237 2502 3283 tu
2544 3229 2710 3299 igitur
2741 3229 2930 3298 paucis
2967 3227 3130 3281 etiam
3166 3225 3370 3296 accipe.

964 3357 1198 3412 CAPUT
1237 3359 1324 3417 111.

346 3444 681 3527 Arcanorum
738 3448 1119 3527 initiorum‘e‘t
1158 3455 1510 3527 _occulrlorum
1558 3462 1930 3527 mysteriorum

416 3517 688 3638 epitﬁme,‘
715 3535 831 3597 quia
889 3519 1260 3590 multiplicium
1305 3526 1521 3600 deurum
1563 3517 1932 3598 superstitione

417 3601 512 3638 con
544 3604 663 3638 tuen
695 3605 777 3638 ur.
1445 3605 1448 3608 ’

417 3601 777 3641 continemur.
1445 3605 1448 3608 ’

427 3697 446 3729 ι
477 3676 675 3742 Nolite,
705 3680 902 3761 inquit,
934 3681 1196 3738 scelerata
1232 3683 1507 3755 impiaque
1550 3689 1710 3761 adyta
1751 3693 1933 3748 curio-

347 3771 466 3826 sius
497 3771 804 3842 explorare,
843 3789 941 3828 nec
977 3774 1372 3843 profundorum
1403 3790 1688 3838 antrorum
1722 3785 1928 3852 hiatus,

347 3866 637 3936 praestigiis
685 3869 1057 3938 monstrisque
1112 3853 1320 3939 plenos,
1385 3883 1481 3930 aut
1512 3854 1930 3947 ‘Thesproteum

348 3959 599 4026 lebetem,
632 3971 727 4016 aut
770 3962 1034 4028 tripodem
1067 3963 1397 4031 Cirrhaeum,
1432 3978 1526 4023 aut
1559 3950 1784 4026 Canticum
1823 3972 1931 4028 Do-

345 4046 505 4104 donae
549 4050 974 4105 tintinnabulum
1005 4071 1018 4106 :
1045 4050 1402 4127 Gerandryon
1438 4068 1619 4112 autem
1657 4059 1788 4114 illud
1835 4059 1932 4115 de-

347 4141 510 4195 Sertis
554 4141 685 4194 olim
723 4142 775 4194 in
812 4143 996 4198 arenis
1039 4145 1267 4211 cultum,
1301 4149 1557 4216 quodque
1591 4150 1791 4206 ibidem
1835 4167 1929 4207 ce-

347 4231 664 4286 lebral-atur
715 4234 1021 4300 oraculum,
1051 4235 1165 4304 jam
1213 4253 1342 4293 vero
1385 4256 1510 4293 eum
1562 4241 1676 4309 ipsa
1723 4259 1928 4313 quercu

349 4337 576 4390 prorsus
623 4326 912 4390 emarcuit,
961 4327 1200 4384 rancidis
1251 4344 1316 4382 ac
1361 4339 1634 4386 vetustate
1677 4313 1930 4392 contritis

350 4414 552 4469 fabulis
583 4417 891 4486 relinquite.
929 4416 1242 4478 Enimvero.
1281 4419 1433 4474 siluit
1469 4421 1658 4492 utique
1689 4422 1812 4477 fons
1840 4423 1930 4479 ille

348 4503 647 4570 Castalius,
693 4509 846 4562 siluit
879 4507 1255 4577 CuIOphonius
1301 4510 1458 4576 alter,
1496 4527 1559 4565 ac
1591 4512 1814 4581 reliqua:
1855 4513 1930 4567 si-

2565 3365 2968 3420 ΚΕΦΑΛΑΙΟΝ
3015 3366 3089 3418 Ρ.

2045 3458 2320 3528 Ἐπιτομὴ
2355 3459 2474 3512 τῶν
2511 3457 2864 3525 ἀπορρήτων
2908 3456 3183 3528 τελετῶν,
3220 3459 3317 3511 καὶ
3353 3457 3626 3526 κρυφίων

2267 3531 2620 3598 μυστηρίων
2651 3528 2761 3597 τῆς
2793 3527 3093 3583 πολυθέου
3127 3527 3383 3595 πλάνης.

2104 3702 2123 3736 ι
2152 3683 2352 3737 Ἀδυτα
2375 3683 2483 3754 (61)
2501 3684 2681 3738 τοίνυν
2694 3682 2828 3738 ἄθεα
2845 3683 2918 3754 μὴ
2941 3683 3466 3754 πολυπραγμονεῖτε,
3484 3685 3622 3756 μηδὲ

2033 3774 2326 3848 βαράθρων
2357 3777 2599 3846 στόματα
2632 3777 2923 3849 τερατείας
2955 3777 3187 3848 ἔμπλεα,
3217 3777 3250 3846 ἦ
3288 3776 3490 3848 λέϐητα
3520 3778 3624 3829 Θε-

2033 3869 2335 3943 σπρώτειον
2371 3869 2502 3940 (62),
2546 3871 2578 3941 ἢ
2607 3871 2835 3942 τρίποδα
2891 3873 3153 3941 Κιρραῖον
3188 3869 3380 3940 (65),ῆ
3427 3869 3622 3922 Δωδω-

2030 3965 2178 4016 ναῖον
2205 3963 2473 4033 χαλκεῖον·
2501 3964 2831 4035 Γεράνδρυον
2859 3963 2966 4032 (64)
2997 3963 3053 4016 δὲ
3079 3962 3326 4032 ψάμμοις
3377 3964 3475 4033 ὲρή
3488 3979 3622 4032 μαις

2029 4053 2409 4124 τετιμημένον,
2445 4055 2539 4107 καὶ
2579 4055 2639 4107 τὸ
2681 4053 2865 4108 αὐτόοι
2913 4055 3162 4123 μαντεῖον
3186 4052 3320 4122 αύτῇ
3352 4049 3474 4122 δρυῒ
3517 4067 3618 4121 με-

2033 4145 2379 4216 μαρασμένον
2428 4146 2614 4216 μύθοις
2664 4144 2997 4216 γεγηρακόσι
3035 4142 3415 4211 καταλείψατε.
3457 4142 3618 4196 Σεσί-

2028 4251 2192 4306 γηται
2224 4237 2352 4305 γοῦν
2383 4237 2476 4288 καὶ
2510 4238 2542 4307 ἡ
2583 4236 2896 4300 Κασταλίας
2937 4235 3108 4306 πηγὴ,
3150 4237 3245 4289 καὶ
3287 4235 3618 4303 Κολοφῶνος

2029 4327 2160 4398 ἄλλη
2191 4328 2362 4399 πηγὴ,
2393 4329 2487 4380 καὶ
2520 4327 2586 4381 τά
2626 4328 2761 4381 ἄλλα
2793 4328 2994 4398 ὁμοίως
3023 4327 3248 4398 τέθνηκε
3272 4327 3339 4381 τὰ
3375 4329 3614 4397 μαντικὰ

2028 4420 2265 4490 νάματα,
2293 4421 2386 4472 καὶ
2419 4419 2481 4489 δὴ
2508 4419 2600 4472 τοῦ
2631 4419 2799 4488 τύφου
2829 4419 2962 4472 κενὰ
2999 4419 3097 4488 ὀψὲ
3129 4419 3248 4490 μὲν,
3273 4421 3423 4489 ὅμως
3442 4420 3486 4473 δ’
3517 4416 3614 4474 οὖν

2028 4511 2405 4582 διελήλεγκται
2441 4514 2551 4574 τοῖς
2587 4511 2735 4574 ἰδίοις
2772 4512 3204 4584 συνεκρεύσαντα
3239 4511 3447 4582 μύθοις.
3486 4514 3614 4582 Διή-

345 4600 461 4656 mul
497 4615 688 4655 omnes
727 4600 963 4656 fatidicae
1013 4602 1169 4656 undae
1199 4611 1483 4666 aruerunt,
1513 4619 1652 4673 quas
1698 4613 1927 4660 ventoso

2035 4620 2197 4675 γησαι
2225 4605 2356 4672 ἡμῖν
2388 4605 2481 4656 καὶ
2509 4604 2608 4674 τῆς
2634 4603 2798 4674 ἄλλης
2833 4605 3130 4675 μαντικῆς,
3184 4605 3381 4674 μᾶλλον
3411 4606 3466 4660 δὲ
3505 4624 3614 4677 μα-

415 4735 528 4808 (61)
548 4737 806 4811 -Ἅδυζα,
847 4736 1142 4811 Clementis
1173 4740 1326 4795 locus
1343 4751 1522 4796 exstat
1547 4739 1601 4794 in
1631 4739 1929 4811 Protrepli-

345 4822 428 4871 co,
466 4823 518 4873 p.
547 4807 578 4860 7
603 4807 826 4862 edition.
853 4807 1192 4864 Graeco-Lat.

417 4876 998 4952 (62)_6£0':zp(btstor.
1026 4881 1234 4952 Clem“
1273 4880 1672 4952 θεσπρωταῑονο
1731 4880 1924 4946 Mont.,

346 4946 704 5021 θεσπρώτιον,
737 4946 860 5021 qua:
891 4951 1074 5021 omnia
1109 4952 1323 5021 probari
1358 4946 1604 5021 possunt.

423 5018 534 5097 (65)
576 5019 1076 5097 Krﬁpaicr.__hlodo
1111 5037 1138 5074 a
1172 5018 1374 5097 graecis
1401 5021 1627 5097 Κύρραν
1661 5021 1923 5097 scriptum

350 5091 841 5164 reperias,__nr0tlo
888 5091 1125 5164 Κίρρανἐ
1182 5089 1428 5164 Cirrham
1472 5089 1924 5164 ismpius_Lailini

351 5159 573 5232 dixere,
595 5159 802 5214 Plinius
830 5161 865 5215 l.
902 5159 977 5224 tv,
1002 5159 1060 5213 'c.
1096 5162 1130 5214 ’5
1155 5181 1167 5216 :
1192 5180 1226 5232 ί(
1258 5161 1431 5226 Ultra,
1468 5159 1665 5232 inquit,
1699 5161 1927 5218 ϐίη-11331

351 5227 608 5301 Phocidis
638 5232 849 5301 Campi,
882 5232 1140 5301 oppidum
1171 5231 1384 5286 Cirrha.
1418 5252 1438 5284 ι

421 5298 533 5369 (64)
573 5298 974 5370 Γεράνδρυονζ
1017 5301 1092 5356 Ita
1133 5303 1475 5369 reposuimus
1522 5317 1586 5356 ex
1628 5308 1926 5366 Clemente,

349 5385 475 5444 eum
511 5387 790 5444 perperam
837 5371 1668 5444 οηιρ-Ιιξςρτοιιηῂίγεράνδρειον.
1699 5372 1809 5429 Nec
1835 5374 1927 5428 du-

351 5441 501 5496 lium
539 5443 771 5513 videtur,
803 5446 934 5512 quin
968 5441 1228 5512 Libycum
1263 5441 1416 5507 illud,
1440 5441 1517 5496 ae'
1542 5442 1777 5498 Dodona:
1809 5458 1928 5513 prn-

351 5525 418 5580 pe
447 5512 720 5576 geminum
752 5514 1036 5567 Ammonis
1065 5513 1346 5566 oraculum
1387 5513 1666 5582 intelligat.
1700 5512 1926 5568 Sedmi-

351 5595 476 5652 rum
506 5588 591 5634 est
622 5583 1084 5652 apudscriptores
1118 5599 1308 5638 omnes
1351 5583 1419 5638 de
1461 5599 1665 5652 quercu
1699 5584 1809 5645 illa,
1841 5585 1923 5637 vel

352 5651 455 5703 alia
491 5651 909 5725 _quavisgarbore
940 5661 1272 5725 pervetusta,
1302 5652 1448 5725 quod
1481 5651 1811 5725 γεράνδρυον
1837 5654 1925 5708 hic

354 5723 622 5785 nominat,
659 5722 958 5775 silentium.
1015 5724 1280 5777 Arrianus
1318 5722 1562 5789 (quidem,
1603 5735 1656 5777 et
1687 5722 1923 5778 Curtius

355 5791 447 5862 pb.
484 5806 554 5852 tv,
585 5793 677 5860 qui
710 5793 953 5846 omnium
991 5793 1262 5848 uberrime
1294 5794 1500 5848 oraculi
1531 5794 1694 5850 situm
1720 5795 1926 5851 solum-

2029 4755 2136 4809 que
2168 4737 2503 4800 describunt,
2537 4736 2923 4809 opacissimum
2958 4736 3006 4790 ei
3044 4752 3238 4809 nemus
3271 4737 3618 4791 circumfun-

2029 4808 2184 4871 dunt,
2214 4810 2417 4862 nullam
2473 4819 2651 4861 tamen
2707 4808 2843 4860 alias
2889 4809 3028 4862 inter
3080 4808 3330 4859 arborem
3369 4811 3611 4875 signant,

2031 4889 2125 4934 aut
2151 4889 2418 4934 vetustate
2451 4889 2542 4931 aut
2564 4879 2714 4932 cultu
2745 4879 3020 4930 eximiam.
3055 4875 3262 4930 Plinius
3293 4886 3474 4930 autem
3513 4879 3613 4935 lih.

2031 4967 2129 5013 xu,
2156 4965 2204 5005 e.
2239 4949 2330 5009 23.
2357 4950 2448 5004 ubi
2481 4950 2547 5003 de
2579 4949 2972 5011 Hammoniaci,
3005 4949 3119 5001 sive
3152 4947 3494 5000 Ammoniaei
3531 4950 3616 5002 la-

2031 5037 2217 5091 cryma
2262 5021 2522 5091 loquitur,
2550 5019 2644 5091 _i_ta
2699 5018 2927 5091 scribit;
2957 5016 3307 5091 t-A‘jllliopiw
3362 5019 3615 5091 subjecta

2030 5087 2238 5154 Africa,
2295 5087 2492 5159 inquit,
2522 5087 2922 5159 Hammoniaci
2978 5088 3521 5159 laerymatn__stil|at,
3555 5090 3614 5144 in

2032 5164 2214 5216 arenis
2245 5157 2417 5226 suisi
2443 5158 2570 5213 inde
2617 5168 2672 5213 et
2718 5162 2938 5212 nomine
2973 5157 3136 5213 etiam
3181 5159 3250 5211 ab
3287 5157 3614 5214 Hammonis

2033 5232 2278 5295 oraculo,
2306 5230 2463 5301 juxta
2496 5230 2640 5300 quod
2672 5229 2908 5298 gignitur
2937 5230 3102 5283 arbor
3133 5243 3298 5301 quam
3332 5228 3612 5300 Metopion

2031 5311 2228 5357 vocant
2252 5302 2292 5372 ),
2308 5297 2530 5355 resina;
2548 5297 2742 5372 _modo,
2762 5311 2870 5372 aut
2894 5301 3124 5372 gummi.
3147 5297 3177 5372 ς»
3217 5297 3442 5372 Verum,
3479 5297 3610 5368 opi-

2032 5387 2152 5433 nor,
2182 5369 2352 5439 genus
2379 5370 2590 5424 arboris
2623 5371 2817 5434 innuit,
2847 5385 2953 5424 non
2985 5369 3314 5439 singularem
3362 5370 3610 5439 aliquam

2032 5444 2254 5501 indicat.
2288 5457 2389 5495 nec
2427 5441 2589 5494 ullam
2625 5449 2720 5494 aut
2761 5439 3047 5495 vetustatis
3075 5449 3169 5494 aut
3199 5441 3380 5493 cultus
3416 5451 3611 5497 notam

2031 5513 2296 5581 adjungit.
2322 5511 2639 5564 Theodorus
2671 5511 2762 5564 lib.
2795 5527 2828 5566 x
2862 5510 2939 5564 De
2963 5507 3134 5564 erc.
3161 5510 3359 5578 alia-1.,
3391 5514 3487 5581 qui
3520 5523 3615 5565 to-

2033 5579 2120 5637 tus
2152 5579 2224 5636 de
2251 5581 2490 5636 oraculis
2513 5589 2617 5641 est,
2646 5581 2786 5635 inter
2810 5590 3028 5644 caetera,
3053 5581 3146 5634 καὶ
3171 5581 3272 5650 τὴν
3295 5579 3448 5650 ἱερὰν
3470 5581 3616 5650 δρῦν

2032 5659 2441 5713 commemorat,
2486 5651 2854 5720 continuoque.
2899 5651 3114 5715 subdit,
3159 5653 3254 5706 καὶ
3305 5651 3367 5703 τὸ
3409 5653 3448 5703 Δ

2031 5725 2178 5824 ζαῖον
2212 5722 2476 5824 χαλξεῖον.
2519 5721 2597 5775 An
2646 5722 2766 5792 ἱερὰ
2810 5720 2938 5791 δρῦς
2987 5731 3233 5776 nostrum
3271 5720 3372 5775 hoc
3402 5723 3610 5792 γεράν-

2067 5809 2186 5824 -......
2224 5802 2298 5824 οη.

2031 5792 2186 5863 δρυον
2224 5802 2303 5847 est
2319 5792 2334 5844 Ξ
