3840 6216
1326 253 1664 315 PREPAR.
1709 250 1967 311 EVANG.
2001 254 2133 311 LIB.
2167 256 2236 312 ll.

132 381 297 453 νικῆς
324 381 396 436 τὰ
418 382 682 454 ἄχρηστα
716 382 1047 455 χρηστήρια,
1088 380 1180 436 τὸν
1217 379 1480 452 Κλάριον,
1522 379 1614 433 τὸν
1640 376 1714 437 Ilii

1856 376 2004 435 fastu
2039 393 2168 436 sero
2212 379 2364 447 licet,
2391 380 2573 452 palam
2608 385 2794 437 tamen
2832 380 3132 452 aliquando
3176 382 3440 453 spoliatas

132 476 271 538 θιον,
304 476 398 530 τὸν
432 476 806 548 Διδυμέα,τδν
830 478 1190 549 Ἀμφιάραον,
1225 475 1316 531 τὸν
1344 474 1588 530 Ἀπόλλω
1612 473 1747 545 (65),

131 569 226 623 τὸν
268 569 629 640 Ἀμφίλοχον,
658 571 707 623 εί
734 569 793 623 δὲ
824 567 1002 638 βούλει
1029 569 1122 622 καὶ
1161 567 1622 640 τερατοσκόπους,
1656 566 1751 619 καὶ

129 663 572 727 οἰωνοσκόπους,
606 663 704 716 καὶ
746 663 875 726 τοὺς
912 662 1139 734 ὀνείρων
1187 660 1382 732 κριτὰς
1426 660 1554 724 τοὺς
1598 658 1746 713 ἀνιέ-

133 769 267 826 (ob;
298 753 409 825 (66)
447 756 550 808 σὺν
576 755 765 817 αὐτοῖς
785 774 798 784 ·
835 754 1032 823 στῆσον
1070 753 1128 806 δὲ
1165 751 1300 824 ὁμοῦ
1338 750 1491 823 παρὰ
1520 750 1613 805 τὸν
1641 750 1752 805 Πύ-

132 846 250 900 θιον
282 847 436 916 ἄγων
460 848 594 911 τοὺς
622 847 1067 919 ἀλευρομάντεις,
1096 847 1191 901 καὶ
1220 845 1627 917 κριθομάντεις,
1658 846 1751 899 καὶ

129 940 264 1003 τοὺς
316 938 494 992 εἰσέτι
538 939 695 1011 παρὰ
745 943 861 1003 τοῖς
901 938 1115 1002 πολλοῖς
1147 936 1548 1008 τετιμημένους
1583 937 1750 1004 ἐγγα-

132 1031 510 1103 στριμύθους·
547 1033 642 1085 ναὶ
682 1032 787 1103 μὴν
817 1032 987 1086 ἄδυτα
1018 1030 1331 1100 Αἰγυπτίων
1374 1030 1469 1085 καὶ
1524 1030 1747 1101 Τυρρη-

129 1122 238 1177 νῶν
303 1126 733 1193 νεκυομαντεῐαι
770 1124 949 1177 σκότει
1004 1122 1419 1195 παραδεδόσθων
1437 1139 1452 1152 ·
1511 1120 1747 1192 μαντικὰ

128 1214 306 1268 ταῦτα
348 1216 431 1280 ὡς
468 1215 690 1287 ἀληθῶς
740 1215 1046 1287 ἀνθρώπων
1101 1216 1347 1270 ἀπίστων
1395 1217 1744 1287 σοφιστήρια,

127 1304 225 1361 κᾶὶ
279 1308 505 1379 πλάνης
556 1308 802 1380 ἀκράτου
849 1309 1184 1380 κυϐευτήρια
1224 1307 1358 1378 (67).
1405 1307 1745 1378 Συνέμποροι

124 1400 290 1471 τῆσδε
333 1402 442 1472 τῆς
483 1402 743 1473 γοητείας
773 1397 928 1471 αἶγες
957 1402 1051 1456 ἐπὶ
1096 1400 1364 1473 μαντικὴν
1410 1399 1741 1471 ἠσκημέναι,

124 1493 221 1546 καὶ
255 1494 507 1565 κόρακες
536 1494 850 1566 ἀνθρώποις
876 1495 1013 1567 χρᾷν
1048 1495 1140 1547 ὑπ’
1171 1492 1477 1565 ἀνθρώπων
1499 1492 1745 1547 διδασκό-

124 1598 303 1654 μενοι.
341 1586 412 1638 Τί
447 1586 520 1650 δ’,
570 1585 629 1639 ετ
660 1602 745 1661 σοι
790 1585 1146 1657 καταλέγοιμι
1190 1585 1261 1640 τά
1289 1587 1595 1658 μυστήρια;
1642 1587 1743 1640 οὐκ

120 1674 511 1747 ιξορχήσομαι
547 1676 650 1747 μὲν
676 1676 866 1749 ὥσπερ
903 1676 1247 1749 Ἀλκιϐιάδην
1287 1677 1538 1747 λέγουσιν
1560 1694 1573 1709 ·
1604 1678 1743 1732 ἀπο-

1854 466 2136 529 viderunt.
2180 478 2539 539 posteaquam
2584 469 2690 526 illae
2736 471 2855 528 suis
2886 486 3013 527 cum
3061 470 3276 528 fabellis
3320 487 3442 529 om-

1855 557 1991 613 nino
2021 558 2403 614 dimuxissent.
2458 559 2694 616 Decanta
2726 572 2784 616 tu
2832 563 3014 626 nobis,
3040 578 3139 632 per
3168 579 3256 618 me
3284 563 3436 631 licet,

1854 648 2066 717 reliqua
2112 648 2520 707 vaticinationis
2566 660 2663 706 aut
2705 650 2927 708 furiosae
2956 653 3143 722 potius
3181 656 3439 712 vanitatis

1850 741 2096 803 oracula,
2118 740 2383 804 Clarium,
2416 740 2692 813 Pythium,
2718 742 3001 815 Didymea,
3019 745 3436 815 Amphiaraum,

1849 831 2182 901 Apollinem,
2229 833 2694 904 Amphilochum:
2727 837 2836 907 62
2883 838 3020 892 adde
3055 839 3099 893 si
3133 840 3278 894 lubet
3308 856 3456 910 pro—m

1849 924 2122 994 digiorum
2176 926 2528 995 interpretes,
2583 929 2721 982 adde
2763 945 3019 995 augures,
3065 931 3433 1002 profanosque

1849 1019 2192 1076 somniorum
2229 1019 2593 1087 conjectures.
2625 1018 2768 1087 Quin
2796 1022 2996 1090 agcsis,
3051 1038 3117 1079 ac
3145 1025 3307 1079 simul
3338 1041 3434 1081 eos

1848 1124 2034 1165 coram
2069 1109 2267 1181 Pythio
2300 1120 2501 1178 statue,
2544 1113 2640 1181 qui
2692 1113 3057 1170 divinationes
3091 1131 3221 1170 suas
3256 1116 3434 1173 farina

1850 1200 2126 1256 hordeove
2168 1202 2483 1273 perﬁciunt,
2516 1205 2723 1274 quique
2771 1221 2801 1259 a
2834 1206 3085 1276 plurimis
3131 1208 3434 1265 etiamnum

1847 1294 2215 1350 observantur
2260 1297 2661 1367 ventriloquos.
2718 1296 2842 1351 Jam
2887 1313 3017 1353 vero
3059 1307 3113 1353 et
3141 1298 3433 1371 Egyptiov

1847 1401 1969 1440 rum
2015 1387 2336 1456 penetralia,
2372 1374 2427 1443 et
2471 1390 2718 1443 manium
2753 1389 2897 1459 apud
2946 1389 3211 1448 Etruscos
3241 1393 3434 1450 vatici-

1845 1478 2100 1535 nationes
2142 1480 2196 1534 in
2231 1480 2475 1537 tenebris
2501 1481 2726 1551 jaceant
2755 1501 2769 1537 :
2801 1497 3017 1538 vesanre
3047 1486 3297 1554 profecto
3326 1487 3432 1542 illan

1846 1580 1978 1627 sunt
2004 1572 2307 1628 inﬁdelium
2348 1574 2634 1630 hominum
2667 1574 2889 1632 fallendi
2917 1587 3084 1641 artes,
3117 1588 3174 1634 et
3203 1596 3432 1651 compa-

1847 1674 1980 1720 rata:
2027 1666 2093 1720 ad
2141 1681 2336 1736 puram
2369 1679 2667 1739 putamque
2695 1667 2943 1724 fraudem
2988 1672 3148 1740 quasi
3192 1672 3326 1728 alete
3363 1686 3433 1730 ac

120 1766 411 1838 γυμνὼσω
444 1768 505 1822 δὲ
530 1765 594 1823 εὖ
630 1769 777 1840 μάλα
804 1769 910 1824 ἀνά
930 1770 1022 1824 τὸν
1050 1770 1148 1842 τῆς
1170 1769 1430 1843 ἀληθείας
1461 1770 1616 1839 λόγον
1639 1770 1714 1843 τὴ·

1844 1757 2010 1813 sortis
2055 1756 2305 1813 oﬂicinaa.
2357 1759 2615 1829 Ejusdem
2664 1777 2886 1832 quoque
2920 1761 3298 1820 fascinationis
3338 1779 3433 1821 ve-

119 1862 388 1932 γοητείαν
421 1862 524 1933 τὴν
552 1863 1012 1936 ὲγκεκρυμμένην
1059 1865 1266 1927 αὐτοῖς,
1300 1866 1397 1919 καὶ
1441 1863 1638 1930 αὐτούς
1673 1882 1740 1933 γε

118 1954 251 2016 τοὺς
279 1953 663 2025 καλουμένους
694 1955 851 2027 ὑμῶν
894 1955 1069 2021 θεοὺς,
1095 1949 1171 2009 ὧν
1202 1958 1260 2010 αἱ
1297 1955 1514 2011 τελεταὶ
1549 1973 1742 2028 μυστι-

119 2044 240 2108 ul,
267 2040 390 2097 οἷον
423 2045 523 2098 ἐπὶ
556 2046 770 2118 σκηνῆς
795 2046 891 2101 τοῦ
923 2047 1038 2118 βίου
1062 2048 1165 2119 τῆς
1191 2048 1448 2119 ἀληθείας
1473 2049 1741 2120 ὲγκεκλή-

118 2133 235 2188 σθω
294 2135 435 2205 (68)
492 2136 735 2202 θεαταῖς.
784 2138 1038 2193 Διόνυσον
1096 2139 1374 2210 Μαινόλην
1422 2139 1739 2211 ὀργιάζουσι

115 2225 360 2296 Βάκχος,
392 2225 699 2299 ὠμοφαγίᾳ
737 2227 837 2300 τὴν
871 2230 1189 2301 ίερομανίαν
1203 2231 1458 2299 ἄγοντες·
1487 2233 1582 2286 καὶ
1597 2232 1739 2286 τελί-

116 2332 323 2370 σκουσι
355 2317 463 2383 τὰς
492 2321 831 2391 κρεανομίας
873 2321 982 2375 τῶν
1015 2322 1197 2395 φόρων
1225 2322 1359 2395 (69),
1392 2324 1737 2396 ἀνεστεμμέ-

114 2424 197 2459 νοι
229 2411 359 2471 to't;
406 2408 632 2477 ὄφεσιν·
674 2408 1090 2476 ὲπολολύζοντες
1123 2411 1270 2465 Εύάν
1298 2413 1535 2485 ἐκείνην,
1569 2413 1635 2479 δι’
1671 2415 1737 2484 ἢν

114 2497 148 2566 ἡ
182 2497 370 2569 πλάνη
426 2498 906 2572 παρηκολούθησε,
948 2502 1044 2554 καὶ
1082 2502 1110 2553 ὁ
1155 2500 1387 2575 θάνατος
1434 2502 1737 2573 ἐπηκολού-

113 2587 277 2660 θησε.
312 2592 432 2644 Καὶ
465 2594 693 2661 σημεῖον
716 2592 918 2663 ὀργίων
957 2592 1247 2663 Βακχικῶν
1283 2593 1407 2662 ὄφις
1438 2594 1558 2647 ἐστὶ
1582 2611 1735 2648 τετε-

112 2682 409 2753 λεσμένος.
433 2683 647 2737 Αὐτίκα
672 2685 801 2753 γοῦν
824 2685 965 2739 κατά
991 2685 1087 2758 τὴν
1106 2685 1308 2759 ἀκριϐῆ
1332 2685 1441 2740 τῶν
1469 2686 1734 2759 Ἐϐραίων

113 2775 331 2845 φωνὴν,
378 2776 449 2828 τὺ
495 2775 668 2846 ὄνομα
714 2777 775 2831 τὸ
824 2776 940 2830 Εὔα
969 2777 1330 2850 δασυνόμενον
1371 2779 1734 2851 ἑρμηνεύεται

112 2864 241 2932 ὄφις
272 2864 493 2935 θήλεια.
519 2863 647 2937 Δηὼ
679 2865 739 2918 δὲ
791 2867 884 2919 καὶ
909 2866 1061 2939 Κόρη
1094 2867 1282 2940 δρᾶμα
1304 2867 1404 2939 ἤδη
1440 2868 1733 2940 ἐγενέσθην

122 2954 417 3026 μυστικὸν,
453 2957 549 3011 καὶ
578 2957 679 3028 τὴν
707 2956 939 3028 πλάνην,
972 2960 1068 3012 καὶ
1106 2958 1207 3031 τὴν
1245 2959 1523 3032 ἁρπαγὴν,
1553 2960 1733 3014 καὶτὸ

121 3046 322 3110 πένθος
356 3047 557 3101 αὐταῖν
593 3048 837 3113 Ἐλευσὶς
874 3049 1137 3122 δᾳδουχεῑ.
1175 3051 1286 3105 Καί
1339 3069 1428 3123 μοι
1463 3052 1612 3106 δοκεῖ
1660 3053 1732 3107 τὰ

1842 1850 1942 1905 luti
1974 1850 2363 1921 negotiationis
2406 1855 2571 1910 sociae
2618 1856 2922 1911 habeantur
2962 1871 3143 1926 caprae
3189 1858 3256 1911 ad
3285 1857 3430 1913 divi-

1842 1943 2085 1998 nandum
2116 1942 2441 2010 informataa,
2472 1961 2575 2001 nec
2601 1962 2714 2002 non
2742 1948 2892 2003 corvi
2924 1949 3023 2013 illi,
3059 1964 3202 2018 quos
3235 1949 3305 2004 ad
3339 1964 3430 2006 re-

1842 2048 2044 2103 sponsa
2092 2033 2368 2103 reddenda
2414 2036 2667 2093 homines
2706 2038 2978 2093 erudiere.
3020 2038 3164 2105 Quid
3207 2040 3254 2095 si
3307 2039 3428 2110 ipsa

1840 2140 2060 2196 quoque
2103 2129 2366 2198 mysteria
2418 2129 2515 2183 tibi
2556 2130 2884 2186 enuclcem?
2929 2129 3051 2185 Non
3098 2146 3165 2187 ea
3205 2132 3428 2202 quidem

1841 2227 2046 2276 temere
2073 2222 2329 2290 vulgabo,
2359 2230 2421 2277 ut
2448 2222 2783 2278 Alcibiadem
2808 2221 3008 2279 fecisse
3042 2225 3296 2292 tradunt;
3331 2223 3429 2281 sed

1840 2319 2025 2367 tamen
2062 2313 2201 2369 belle
2233 2315 2536 2377 admodum
2570 2315 2839 2385 quidquid
2871 2317 2975 2372 sub
3010 2317 3079 2372 iis
3123 2317 3428 2388 prastigia-

1839 2420 1962 2459 rum
1996 2405 2148 2473 latet,
2177 2408 2297 2478 ipsa
2327 2409 2577 2465 veritatis
2607 2410 2858 2466 oratione
2891 2410 3135 2476 nudaho,
3176 2426 3429 2482 quosque

1837 2493 1972 2551 deos
2006 2498 2337 2566 nuncupatis
2360 2514 2426 2553 ac
2454 2499 2701 2569 mysticis
2725 2499 2926 2575 ritibus
2959 2501 3162 2567 colitis,
3194 2501 3317 2557 illos
3343 2501 3428 2556 sic

1838 2593 2100 2657 tanquam
2141 2588 2197 2643 in
2233 2590 2420 2661 aliqua
2449 2590 2617 2661 hujus
2643 2592 2770 2646 vitae
2810 2606 2974 2661 scena
3012 2592 3256 2648 inclusos
3284 2591 3427 2647 veri-

1836 2678 1966 2734 tatis
1987 2679 2234 2751 ejusdem
2268 2691 2636 2752 spectatorum
2679 2683 2857 2739 oculis
2884 2683 3163 2753 ohjiciam.
3195 2684 3274 2740 Ac
3307 2685 3422 2753 pri-

1836 2786 2012 2839 mum,
2041 2787 2167 2827 ecce
2209 2773 2305 2828 tibi
2337 2774 2591 2830 homines
2620 2773 2824 2831 furoris
2853 2786 3023 2831 (rastro
3054 2777 3243 2845 perciti
3284 2775 3424 2832 Bac-

1836 2863 1999 2919 chum
2034 2862 2298 2920 Maenolen
2347 2866 2688 2923 solemnibus
2730 2866 2913 2937 Orgiis
2941 2868 3237 2935 celebrant,
3293 2883 3423 2922 cru-

1833 2957 2027 3010 darum
2075 2959 2324 3012 carnium
2371 2938 2708 3015 helluatione
2747 2976 2959 3035 sacram
2993 2959 3264 3018 insaniam
3299 2975 3423 3030 per-

1835 3060 2080 3118 agentes,
2118 3064 2496 3119 cmsarumque
2543 3051 2886 3105 victimarum
2923 3059 3105 3120 partes
3144 3051 3414 3117 dividunt,

118 3136 305 3211 εργια,
343 3140 447 3193 καὶ
484 3140 557 3194 τὰ
595 3143 870 3214 μυστήρια
915 3144 1026 3197 δεῖν
1069 3144 1438 3216 ὲτυμολογεῖν,
1485 3144 1555 3199 τὰ
1609 3146 1707 3217 μὲν

1836 3139 2182 3208 serpentibus
2215 3141 2460 3195 coronati
2492 3159 2506 3196 :
2540 3139 2824 3212 Evamque
2855 3141 3000 3195 illam
3038 3142 3208 3197 vastis
3241 3143 3422 3198 ulula-

121 3230 226 3285 ἀπὺ
252 3230 359 3300 τῆς
381 3229 561 3302 ὀργῆς
588 3232 693 3302 τῆς
714 3235 889 3307 Δηοῦς
928 3233 1065 3305 πρὸς
1096 3235 1195 3287 Δία
1220 3236 1596 3308 γεγενημένης
1621 3254 1634 3266 ·
1662 3237 1732 3291 τὰ

121 3320 195 3390 δὲ,
225 3324 342 3377 ἀπὸ
372 3325 475 3378 τοῦ
507 3324 715 3396 μύσους
745 3326 842 3379 τοῦ
873 3326 1283 3399 συμϐεϐηκότος
1327 3329 1456 3399 περὶ
1490 3328 1581 3382 τὸν
1613 3329 1733 3390 Διό-

124 3432 300 3470 νυσον.
335 3418 407 3470 Et
442 3416 502 3471 δὲ
547 3417 640 3471 καὶ
684 3417 794 3471 ἀπὸ
821 3417 1140 3484 Μυσοῦντός
1183 3436 1330 3484 τινος
1370 3418 1638 3486 Ἀττικοῦ,
1671 3420 1733 3475 ὃν

124 3508 177 3560 ὲν
202 3508 453 3581 κυνηγίᾳ
481 3494 852 3583 διαφθαρῆναι
885 3509 1284 3583 Ἀπολλόδωρος
1306 3510 1476 3581 λέγει,
1504 3514 1567 3567 ού
1603 3512 1732 3583 φθό-

125 3617 205 3665 νος
236 3602 401 3673 ὑμῶν
435 3601 758 3669 δεδοξάσθαι
800 3600 872 3655 τὰ
916 3604 1191 3678 μυστήρια
1234 3604 1543 3676 ὲπιτυμϐἰῳ
1577 3607 1729 3678 φωνῇ

126 3693 214 3745 καὶ
247 3696 411 3766 τιμῇ.
448 3693 697 3766 Πάρεστι
743 3694 803 3748 δὲ
847 3695 943 3748 καὶ
993 3694 1167 3761 ἄλλως
1212 3694 1456 3769 μυθήριά
1493 3697 1606 3769 (70)
1649 3714 1731 3751 σοι

126 3788 282 3852 νοεῖν,
314 3786 815 3858 ἀντιστοιχοῦντων
862 3787 972 3842 τῶν
1007 3788 1373 3860 γραμμάτων,
1418 3787 1490 3843 τὰ
1524 3772 1738 3861 μυστήξ

131 3893 232 3948 pta.
266 3879 588 3951 Θηρεύουσι
618 3878 729 3950 γὰρ
759 3880 810 3933 εἰ
843 3879 939 3934 καὶ
979 3879 1127 3935 ἄλλοι
1162 3880 1335 3946 τινὲς,
1367 3880 1509 3953 ἀτὰρ
1544 3881 1638 3935 καὶ
1678 3884 1727 3960 oi

132 3970 283 4039 μῦθοι
306 3974 360 4025 oi
384 3971 606 4036 τοιοίδε,
631 3971 863 4044 Θρᾳκῶν
888 3973 1014 4036 τοὺς
1042 3971 1578 4046 βαρϐαρικωτάτους,
1598 3974 1733 4046 Φρυτ

130 4062 236 4129 γῶν
257 4066 393 4128 τοὺς
416 4064 839 4135 ἀνοητοτάτους,
858 4063 1124 4135 Ἐλλήνων
1152 4067 1279 4130 τοὺς
1307 4064 1726 4137 δεισιδαίμονας.

135 4155 337 4210 Ὀλοιτο
399 4151 497 4209 ὤν
542 4158 570 4209 ὁ
608 4156 771 4228 τῆσδε
811 4154 979 4228 ἄρξας
1026 4156 1124 4227 τῆς
1174 4156 1409 4220 ἀτοπίας
1435 4156 1575 4235 ἀνὴρ
1637 4157 1730 4209 ἀν-

134 4244 362 4318 θρώποις
380 4265 395 4274 ’
426 4249 544 4301 εἴτε
575 4250 606 4301 ὁ
654 4248 925 4319 Δάρδανος
946 4249 974 4302 ὁ
1007 4247 1233 4321 Μητρὸς
1272 4247 1409 4302 θεῶν
1434 4247 1726 4302 καταδιδά-

138 4337 218 4403 ξας
250 4340 320 4393 τὰ
349 4340 663 4411 μυστήρια,
689 4339 803 4394 εἴτε
849 4341 1076 4395 Ἠετίων
1096 4342 1126 4393 ὁ
1143 4340 1213 4394 τὰ
1241 4339 1612 4413 Σαμοθρᾴκων
1637 4341 1729 4413 ὅρ-

137 4446 218 4496 vt:
246 4433 344 4486 καὶ
378 4431 612 4495 τελετὰς
645 4433 1118 4504 ὑποστησάμενος,
1145 4432 1257 4488 εἴτε
1286 4436 1314 4488 ὁ
1340 4433 1488 4508 Φρὺξ
1515 4434 1722 4499 ἐκεῖνος
1752 4473 1799 4536 D

137 4524 372 4588 ὁΜίδας,
415 4525 448 4577 ὁ
484 4522 640 4596 παρὰ
689 4524 785 4578 τοῦ
842 4524 1093 4596 Ὀδρύδου
1148 4524 1358 4597 μαθὼν,
1392 4524 1582 4579 ἔπειτα
1605 4526 1724 4579 δια-

137 4611 243 4679 ἂαὶς
272 4617 396 4679 τοῖς
455 4615 926 4687 ὑποτεταγμένοις
954 4615 1198 4688 ἔντεχνον
1230 4618 1470 4690 ἀπάτην.
1504 4618 1579 4671 Οὐ
1615 4617 1724 4690 γάρ

141 4708 242 4772 μεὸ
264 4705 530 4778 Κύπριος
581 4707 613 4761 ὁ
659 4705 932 4779 νησιώτης
961 4709 1202 4781 Κινύρας
1235 4711 1574 4784 παραπείσαι
1605 4715 1722 4767 ποττ

194 4946 307 5022 (65)
352 4949 475 5003 Τὸν
510 4949 792 5022 ᾉπόλλω.
822 4949 994 5022 Forte
1027 4952 1299 5022 glossema
1321 4962 1424 5009 est.
1445 4953 1719 5020 Quorsum

138 5016 292 5094 enim,
324 5028 459 5094 post
507 5019 776 5094 Clarium,
821 5016 1101 5093 Pythium,
1134 5019 1417 5094 Didymea,
1448 5016 1571 5094 quae
1596 5042 1718 5080 om-

140 5089 213 5164 nia
256 5090 701 5164 sunt_Apolli_nis
750 5089 1135 5163 cognomenta,
1164 5089 1409 5164 ejusdem
1466 5089 1720 5152 nomina-

142 5159 221 5211 tim
252 5160 621 5216 meminisse?

194 5229 311 5305 (66)
357 5230 518 5305 Τοὺς
571 5231 872 5305 ᾁνιέρους.
913 5232 1084 5289 Clem.
1139 5243 1413 5305 expuncto
1462 5237 1716 5305 articulo,

143 5297 512 5375 leg._t_htépop,
543 5297 967 5375 signiﬁcantius,
1003 5311 1064 5357 ut
1086 5297 1305 5361 videtur
1327 5314 1381 5359 et
1404 5308 1645 5375 gravius.

197 5369 309 5439 (67)
347 5369 469 5427 Καὶ
514 5371 756 5444 πλάνης
794 5372 1055 5443 ἀκράτου
1082 5369 1457 5444 κιιὸευτήριᾶ.
1499 5374 1625 5432 Haec
1663 5379 1717 5433 in

144 5438 424 5518 Clemente
450 5455 563 5518 non
592 5438 844 5518 legimus,
865 5438 972 5518 nec
996 5445 1051 5498 in
1084 5438 1570 5518 Montacfcodice;
1596 5464 1720 5518 quae

148 5519 337 5586 tamen,
367 5513 427 5586 ni
462 5510 667 5586 fallor;
680 5513 843 5580 plane
849 5513 1166 5586 _Clementis
1194 5532 1259 5572 ex
1287 5517 1468 5586 genio.

204 5579 315 5658 (681
348 5579 1050 5658 firxeudaniLFacilis
1085 5596 1204 5641 erat
1248 5579 1564 5656 conjectura
1607 5588 1713 5658 leg.

150 5649 482 5715 ὲτιυκλήσώ.
511 5661 573 5707 ut
601 5666 686 5709 est
720 5652 775 5710 in
800 5650 1096 5710 Clemente.

207 5720 311 5793 (ω)
354 5720 485 5778 Τῶν
506 5722 728 5796 φόρων.
766 5724 961 5792 Ulem.,
996 5723 1103 5779 τῶν
1128 5726 1324 5805 φόνων,
1359 5736 1415 5782 ut
1442 5737 1495 5784 et
1521 5725 1714 5795 Mont,

1835 3232 1981 3286 tibus
2008 3231 2391 3299 inclamantes,
2436 3248 2534 3302 per
2573 3248 2739 3303 quam
2767 3232 2937 3303 janua
2972 3241 3056 3288 est
3089 3248 3197 3287 non
3242 3232 3419 3288 errori

1833 3324 2015 3388 modo,
2049 3324 2143 3379 sed
2193 3324 2297 3394 ipsi
2346 3340 2567 3394 quoque
2613 3325 2778 3386 morti
2823 3323 3113 3396 patefacta.
3159 3324 3225 3382 Et
3263 3340 3417 3397 sane,

1832 3432 1958 3473 cum
1989 3417 2272 3488 orgiorum
2305 3416 2700 3475 Bacchicorum
2735 3419 2808 3473 sit
2839 3419 3000 3489 quasi
3022 3419 3298 3489 quoddam
3327 3420 3417 3474 in-

1832 3510 1986 3581 signe
2015 3525 2241 3580 serpens
2282 3525 2487 3565 arcano
2518 3510 2624 3565 ritu
2653 3520 3031 3578 consecratus,
3060 3520 3176 3581 tum
3208 3526 3341 3568 vero
3368 3507 3422 3571 sl

1832 3612 2087 3673 accurate
2119 3618 2312 3658 vocem
2347 3601 2672 3659 Hebraicam
2711 3604 3058 3674 interpretari
3085 3606 3239 3671 velis,
3266 3605 3415 3660 Heva

1832 3709 1957 3749 cum
1985 3695 2324 3764 aspiratione
2350 3695 2591 3767 graviori
2623 3703 2928 3764 serpentem
2957 3694 3215 3750 feminam
3244 3696 3416 3767 signi-

1833 3784 1979 3840 ﬁcat.
2005 3783 2209 3841 Deinde
2230 3785 2399 3842 Ceres
2425 3796 2478 3841 et
2498 3785 2824 3855 Proserpina
2856 3785 2909 3840 in
2934 3787 3223 3859 mysticum
3248 3788 3414 3843 etiam

1833 3874 2032 3952 fabulae
2064 3893 2238 3948 genus
2273 3879 2561 3943 transiere,
2596 3893 2831 3947 quarum
2866 3893 3084 3935 errores
3114 3890 3166 3935 et
3196 3890 3412 3950 raptum

1828 3977 1883 4023 et
1927 3968 2137 4024 luctum
2182 3971 2467 4026 nocturnis
2517 3969 2731 4024 facibus
2777 3971 2990 4027 Eleusis
3034 3972 3290 4028 illustrat.
3334 3975 3414 4027 Ae

1827 4061 1964 4115 mihi
2003 4062 2222 4132 quidem
2268 4062 2403 4117 tanti
2431 4071 2534 4129 est,
2568 4066 2840 4135 prepriam
2875 4064 3155 4137 orgiorum
3197 4075 3252 4119 et
3294 4079 3414 4135 my-

1828 4153 2121 4224 steriorum
2174 4155 2509 4210 notationem
2572 4166 2851 4213 excutere.
2907 4155 3068 4228 Orgia
3118 4171 3253 4212 sane
3301 4154 3413 4210 ἀπὸ

1825 4244 1928 4315 τῆς
1963 4245 2156 4318 ὀργῆς,
2190 4246 2297 4302 hoc
2337 4259 2422 4302 est
2452 4248 2522 4302 ab
2567 4249 2851 4305 iracundia
2896 4265 3095 4303 nomen
3128 4261 3408 4317 accepere,

1826 4351 1935 4405 qua
1994 4336 2162 4392 Ceres
2215 4338 2479 4395 adversus
2535 4339 2723 4395 Jovem
2769 4349 3087 4407 exarserat;
3149 4339 3408 4411 mysteria

1827 4440 1958 4481 vero
1987 4426 2097 4481 ἀπὸ
2129 4425 2224 4480 τοῦ
2257 4428 2483 4500 μύσους,
2532 4430 2635 4485 hoc
2669 4440 2753 4487 est
2797 4432 2867 4486 ab
2909 4430 3245 4487 exsecranda
3285 4446 3408 4486 sce-

1826 4519 1959 4587 lere,
1994 4519 2140 4590 quod
2171 4521 2318 4576 circa
2349 4520 2626 4578 Bacchum
2669 4524 2848 4592 ipsum
2883 4524 3205 4594 contigerat.
3247 4520 3408 4592 Quod

1827 4614 1872 4669 si
1900 4628 2089 4668 vocem
2122 4614 2283 4669 istam
2316 4629 2346 4669 a
2394 4614 2642 4686 Mysunte
2669 4617 2909 4687 quodam
2947 4616 3128 4671 Attico
3157 4616 3407 4671 derivare

1826 4707 2021 4777 placet,
2051 4723 2217 4778 quem
2251 4708 2620 4779 Apollodorus
2654 4709 2709 4764 in
2740 4709 3032 4765 venatione
3063 4708 3293 4779 periisse
3326 4716 3406 4763 te-

1824 4978 1947 5017 meo
1970 4962 2193 5033 quidem
2221 4962 2448 5033 judicio,
2479 4966 2701 5018 rectius.
2731 4963 3006 5019 Arnobius
3033 4972 3212 5017 tamen
3239 4962 3334 5016 lib.
3368 4977 3402 5018 ν

1823 5033 2019 5107 legisse
2052 5034 2205 5107 visus
2235 5033 2453 5107 ests-63v
2482 5035 2708 5107 ἐρίφων,
2733 5034 3082 5107 Iiwdosenim
3120 5033 3398 5107 reddidit:

1821 5105 1968 5175 quod
1999 5105 2163 5175 etiam
2196 5105 2370 5175 magis
2403 5103 2611 5173 placet;
2644 5121 2770 5158 nam
2797 5114 2850 5160 et
2898 5105 3052 5170 illud,
3086 5103 3401 5174 κρεωνομία

1823 5174 2019 5246 φόνων,
2055 5174 2349 5246 admodum
2400 5175 2670 5246 insolens;
2705 5185 2759 5230 et
2817 5175 2985 5230 haedis
3032 5184 3236 5246 optime
3271 5188 3396 5228 cum

1821 5246 1931 5299 illis
1960 5243 2156 5299 Bacchi
2192 5244 2364 5300 sacris
2392 5244 2663 5299 convenit.

1893 5314 2003 5385 (70)
2044 5312 2332 5382 Μυθήρια.
2371 5313 2520 5369 Ficta
2562 5331 2662 5369 vox
2701 5323 2802 5370 est.
2822 5315 2953 5370 Ἀπὸ
2983 5314 3076 5369 τοῦ
3112 5317 3265 5385 μυεῖν
3304 5314 3399 5370 καὶ

1822 5383 2095 5457 θηρεύειν,
2118 5386 2276 5457 quasi
2300 5386 2463 5438 etiam
2496 5385 2761 5438 initiando
2788 5397 3075 5441 venentur.
3092 5383 3236 5457 Nihil
3263 5399 3396 5456 ergo

1820 5456 1905 5510 est
1930 5456 2285 5526 quamobrem
2314 5457 2596 5526 μαστήρια
2612 5468 2925 5526 reponatur,
2948 5456 3245 5525 praesertim
3270 5469 3395 5511 cum

1822 5523 2140 5610 subiungat,
2190 5523 2688 5610 θηρεύουσιςγάρῖ
2711 5523 3007 5610 dicendum.
3032 5526 3178 5581 enim
3213 5526 3395 5609 potqu

1822 5593 2050 5670 fuisset;
2071 5593 2399 5670 μυστιύουσι
2431 5595 2559 5667 γάρ.
2584 5593 2741 5670 Nunc
2771 5594 2849 5664 τῷ
2877 5595 3136 5670 μυθήρια,
3168 5593 3291 5652 cum
3315 5593 3397 5668 τῷ

1821 5665 2162 5737 θηρεύουσιν,
2189 5666 2394 5735 optime
2425 5665 2678 5724 convenit
