3840 6216
420 329 527 388 123

1058 325 1335 386 EUSEBH
1374 321 1858 381 CASSARIENSIS
1890 321 2041 379 OPP.
2083 322 2267 380 PARS
2304 323 2367 380 11.
2399 356 2469 366 -
2505 324 3003 382 APOLOCETICA.

3581 329 3684 385 124

414 458 619 515 statur,
648 448 902 519 equidem
955 447 1095 503 nihil
1135 448 1239 503 hoc
1270 446 1428 501 vobis
1461 444 1759 512 invideam,
1795 452 1858 500 ut
1885 459 2005 515 my-

2113 442 2193 507 iv,
2241 443 2310 498 τά
2355 444 2482 516 περὶ
2527 444 2626 517 τήν
2702 446 3020 518 Ἀφροδίτην
3073 443 3363 517 μαχλῶντα
3412 445 3598 517 ὄργια,
3621 449 3685 499 ἐκ

418 541 583 595 steria
620 549 800 595 vestra
852 538 1143 609 sepulcrali
1192 552 1317 593 cum
1375 535 1620 600 nomine,
1669 544 1787 588 tum
1831 533 1999 588 etiam

420 630 633 686 honore
681 630 1028 685 decorentur.
1078 627 1341 694 Quinimo
1388 626 1549 682 liceat
1593 625 1696 680 tibi
1744 623 2001 695 mysteria

419 723 579 792 quasi
631 721 896 794 μυθήρια,
933 721 1038 776 hoc
1082 729 1168 777 est
1223 718 1495 785 venatica,
1531 726 1722 772 mutua
1762 715 2001 770 duorum

420 816 817 872 elementorum
878 812 1323 884 permutatione,
1381 811 1629 881 accipere
1678 827 1691 863 :
1737 816 2005 863 venantur

421 908 569 962 cnim
602 908 647 961 si
679 920 803 976 quae
824 904 965 969 aliae,
996 903 1310 974 hujusmodi
1336 900 1553 966 fabulae,
1589 906 1859 970 quotquot
1889 898 2005 954 sive

426 998 570 1070 apud
601 997 843 1054 Thraces
869 996 1234 1063 immanitate,
1268 996 1384 1051 sive
1418 994 1559 1064 apud
1582 992 1826 1063 Phryges
1853 992 2005 1046 insa-

424 1092 538 1157 nia,
571 1090 687 1145 sive
719 1088 867 1159 apud
904 1087 1129 1144 Graecos
1158 1086 1550 1157 superstitione
1590 1087 1866 1157 principes
1891 1099 2007 1139 me-

420 1190 729 1237 morantur.
760 1180 869 1253 33
898 1185 968 1236 At
998 1180 1140 1236 male
1186 1187 1394 1252 pereat,
1429 1178 1682 1248 quisquis
1716 1185 1881 1232 tantae
1916 1191 2009 1231 ve-

423 1270 627 1326 cordia
650 1272 941 1325 hominum
971 1270 1158 1342 generi
1189 1278 1383 1324 auctor
1412 1267 1537 1331 fuit,
1569 1283 1663 1322 seu
1695 1266 2005 1333 Dardanus,

423 1363 519 1434 qui
549 1361 739 1419 Matris
766 1362 938 1419 Deum
973 1362 1234 1435 mysteria
1279 1360 1487 1423 docuit,
1532 1374 1631 1416 seu
1660 1359 1873 1423 Eetion,
1912 1360 2007 1429 qui

426 1453 852 1512 Samotbracum
883 1456 1036 1525 orgia
1064 1470 1190 1511 eum
1221 1471 1411 1511 eorum
1441 1456 1613 1510 initiis
1633 1454 1881 1525 protulit,
1911 1468 2008 1509 seu

425 1546 608 1620 Phryx
654 1549 745 1603 ille
776 1547 969 1613 Midas,
1003 1549 1098 1619 qui
1128 1564 1255 1604 eum
1300 1549 1369 1603 ab
1397 1546 1620 1620 Odrydo
1665 1546 1919 1603 callidam
1956 1554 2010 1600 et

427 1640 641 1696 artiﬁcii
676 1641 894 1712 plenam
948 1641 1198 1696 fraudem
1243 1640 1565 1711 accepisset,
1595 1655 1717 1695 eam
1759 1647 2010 1710 postmo-

428 1736 560 1791 dum
603 1736 656 1790 in
680 1734 932 1790 subditos
960 1749 1074 1790 sua:
1102 1733 1299 1788 ditioni
1331 1732 1535 1802 sparsit
1567 1731 1874 1787 universos.
1904 1727 2012 1784 Nec

431 1828 576 1885 enim
622 1828 758 1883 mihi
790 1825 1024 1900 Cinyras
1070 1826 1160 1881 ille
1196 1824 1432 1897 Cyprius
1464 1823 1725 1880 insularis
1767 1837 2011 1893 unquam

433 1921 773 1992 imposuerit,
801 1920 895 1991 qui
926 1935 1051 1974 eum
1086 1918 1357 1975 famosam
1390 1918 1583 1975 insulm
1613 1933 1727 1974 sua:
1760 1916 2012 1971 meretri-

432 2028 549 2070 cem
605 2015 761 2069 deam
809 2012 1021 2069 eﬂicere
1070 2012 1419 2067 vehementer
1461 2020 1695 2082 optaret,
1746 2008 2023 2080 ﬂagitiosa

436 2104 662 2163 Veneris
694 2106 847 2178 orgia
871 2121 935 2161 ex
973 2104 1215 2161 tenebris
1237 2103 1291 2158 in
1326 2104 1504 2159 lucem
1536 2119 1705 2160 ausus
1730 2111 1816 2159 est
1834 2103 2012 2159 diem—

434 2212 538 2266 que
562 2196 885 2268 produeerc.
915 2193 1036 2251 Jam
1074 2195 1169 2250 alii
1214 2194 1607 2264 Melampodem
1651 2192 2013 2264 Amythaonis

434 2291 628 2357 lilium,
674 2287 892 2344 Cereris
940 2287 1100 2353 festa,
1149 2288 1384 2353 luctum,
1416 2287 1663 2357 inquam,
1701 2285 1855 2339 illum
1893 2299 2016 2340 car-

435 2383 677 2439 minibus
708 2381 1037 2454 hymnisque
1068 2380 1348 2435 decantari
1384 2379 1629 2443 solitum,
1662 2378 1717 2433 in
1748 2377 2012 2433 Graeciam

434 2493 503 2533 ex
530 2472 764 2546 Egypto
786 2473 1097 2527 traduxisse
1121 2471 1333 2525 volunt.
1367 2469 1508 2526 istos
1532 2468 1787 2539 equidem
1819 2467 2014 2537 impia-

436 2580 558 2623 rum
593 2564 928 2631 fabularum,
965 2578 1030 2618 ac
1068 2562 1341 2633 pestiferae
1380 2560 1787 2631 superstitionis
1813 2575 2013 2630 paren-

436 2673 538 2725 tes,
610 2656 881 2711 malorum
949 2655 1245 2729 principes
1284 2655 1530 2709 omnium
1585 2653 1756 2709 fuisse
1814 2653 2015 2707 merito

436 2751 693 2818 dixerim,
719 2764 844 2805 cum
882 2748 971 2803 illa
1000 2748 1259 2820 mysteria
1291 2749 1558 2803 scelerum
1589 2762 1654 2802 ac
1690 2747 1888 2801 mortis
1927 2762 2016 2801 se-

438 2845 585 2901 mina
621 2844 675 2898 in
719 2842 1001 2898 hominum
1051 2842 1217 2896 vitam
1250 2840 1574 2894 intulerunt.
1622 2839 1692 2893 At
1723 2839 1872 2893 enim
1898 2840 2013 2909 jam

433 2952 647 3008 tempus
678 2944 785 3001 est,
813 2944 872 2989 ut
900 2933 1052 3005 orgia
1074 2943 1255 2987 vestra
1288 2930 1499 2987 fraudis
1523 2946 1588 2986 ac
1616 2930 2011 3001 praestigiarum

438 3029 597 3100 plena
642 3043 765 3083 esse
815 3029 1292 3082 demonstremus:
1330 3040 1448 3089 vos,
1504 3024 1550 3080 si
1602 3024 1766 3078 modo
1814 3023 2014 3077 initiati

2107 535 2300 597 νυκτὸς
2320 536 2503 607 ήμέρα
2546 537 2885 608 παραδοῦναι
2909 537 3204 607 τολμήσας,
3236 536 3685 607 φιλοτιμούμενος

2105 624 2321 680 θειάσαι
2374 628 2578 698 πόρνην
2635 627 2893 681 πολίτιδα.
2924 627 3259 698 Μελάμποδα
3303 629 3360 681 δὲ
3390 630 3482 682 τδν
3520 631 3685 700 Ἀμυ-

2111 717 2322 782 θάωνος
2371 719 2521 773 ἄλλοι
2574 721 2737 788 φασὶν
2783 720 2841 787 ἐξ
2879 720 3155 789 Αἰγύπτου
3212 721 3575 792 μετακομίσαι
3619 724 3688 793 τῇ

2117 808 2328 864 Ἐλλάδι
2358 810 2455 876 τὰς
2486 812 2659 883 Δηοῦς
2692 812 2905 883 ἑορτὰς,
2941 812 3134 876 πένθος
3171 812 3523 883 ὑμνούμενον.
3561 813 3691 866 Teti-

2106 919 2232 966 τους
2288 902 2449 972 ἔγωγ’
2489 902 2556 957 ἂν
2614 904 2957 976 ἀρχεκάκους
2995 905 3233 976 φήσαιμι
3273 904 3456 975 μύθων
3486 904 3688 969 ἀθέων,

2107 993 2203 1047 καὶ
2235 993 2656 1065 δεισιδαιμονίας
2685 995 2927 1068 ὀλεθρίου
2956 997 3217 1068 πατέρας,
3251 998 3470 1068 σπέρμα
3488 998 3693 1059 κακίας

2109 1086 2205 1139 καὶ
2236 1085 2440 1159 φθορᾶς
2473 1089 3058 1157 ἐγκαταφυτεύσαντας
3085 1088 3163 1159 τῷ
3183 1088 3282 1161 βίῳ
3301 1088 3370 1143 τὰ
3392 1091 3690 1161 μυστήρια.

2113 1179 2251 1250 Ἤδη
2291 1180 2348 1233 δὲ
2392 1181 2505 1251 (καὶ
2534 1180 2642 1253 γὰρ
2673 1182 2884 1253 καιρὸς)
2932 1182 3074 1235 αὐτὰ
3121 1181 3277 1252 ὑμῶν
3304 1182 3373 1236 τὰ
3404 1181 3571 1254 δρτια
3602 1183 3695 1249 ξ’

2109 1270 2314 1340 ελέγξω
2339 1272 2555 1343 ἀπάτης
2576 1274 2671 1327 καὶ
2690 1274 2976 1345 τερατείας
3008 1273 3247 1344 ἔμπλεα,
3267 1274 3362 1328 καὶ
3389 1277 3438 1327 εί
3475 1273 3689 1347 μεμύηο

2112 1364 2228 1430 σθε,
2267 1365 2467 1436 μᾶλλον
2495 1366 2882 1435 ἐπιγελάσεσθε
2911 1369 3022 1430 τοῖς
3057 1366 3247 1438 μύθοις
3287 1366 3442 1438 ὑμῶν
3485 1367 3701 1426 τούτοις

2110 1460 2462 1529 τιμωμένοις.
2490 1459 2799 1531 Ἀγορεύσω
2823 1460 2880 1513 δὲ
2900 1460 3202 1529 ἀναφανδὸν
3223 1461 3290 1514 τὰ
3313 1461 3696 1533 κεκρυμμένα,
3774 1464 3775 1469 “

2112 1550 2214 1603 ούκ
2245 1549 2563 1622 αἰδούμενος
2584 1551 2785 1619 λέγειν,
2817 1551 2852 1605 ἀ
2874 1555 3199 1623 προσκυνεῖν
3222 1552 3322 1606 οὐκ
3350 1553 3698 1624 αἰσχύνεσθε.
3776 1552 3777 1559 “

2126 1638 2191 1691 Ἦ
2227 1638 2325 1711 μὲν
2357 1635 2449 1693 οὖν
2487 1640 2812 1713 ἀφρογενὴς,
2846 1644 2940 1695 καὶ
2963 1644 3326 1714 κυπρογενὴς,
3366 1644 3460 1697 καὶ
3484 1642 3705 1715 Κινύρα

2116 1731 2265 1803 φίλην
2301 1731 2401 1804 τὴν
2452 1733 2790 1805 Ἀφρύδίτην
2818 1735 2961 1804 λέγω
2996 1737 3095 1807 τὴν
3127 1736 3445 1808 φιλομηδέα,
3473 1739 3561 1791 ὅτι
3597 1756 3707 1809 μη-
3780 1752 3781 1759 ‘

2116 1826 2251 1880 δέων
2278 1826 2602 1899 ἐξεφαάνθη,
2634 1827 2848 1899 μηδέων
2890 1826 3113 1882 ἐκείνων
3161 1829 3272 1882 τῶν
3309 1830 3707 1901 ἀποκεκομμέ-

2117 1934 2222 1972 νων
2254 1917 2507 1990 ούρανοῦ,
2539 1918 2650 1972 τῶν
2696 1918 2929 1988 λάγνων,
2981 1919 3091 1973 τῶν
3141 1921 3278 1992 μετά
3311 1923 3409 1993 τὴν
3440 1921 3615 1993 τομὴν
3644 1921 3709 1974 τὸ

2116 2009 2268 2080 κῦμα
2302 2010 2701 2082 βεϐιασμένων,
2747 2013 2840 2067 καὶ
2879 2010 3124 2081 ἀσελγῶν
3159 2013 3287 2084 ὑμῖν
3320 2014 3519 2086 μορίων
3554 2012 3710 2077 ἄξιος

2129 2103 2416 2174 Ἀφροδίτη
2474 2102 2717 2171 γίνεται,
2754 2104 2967 2176 καρπὸς
2993 2105 3051 2158 ὲν
3082 2107 3201 2168 ταῖς
3225 2105 3466 2169 τελεταῖς
3499 2105 3710 2175 ταύτης

2114 2196 2215 2267 τῆς
2273 2196 2539 2266 πελαγίας
2584 2196 2799 2269 ἡδονῆς,
2854 2200 3153 2271 τεκμήριον
3190 2199 3287 2267 τῆς
3327 2197 3511 2269 γονῆς,
3559 2197 3711 2251 ἀλῶν

2117 2290 2357 2362 χόνδρος,
2396 2292 2490 2345 καὶ
2539 2292 2738 2359 φαλλὸς
2770 2294 2884 2355 τοῖς
2916 2293 3241 2364 μυουμένοις
3271 2292 3370 2363 τὴν
3389 2290 3587 2362 τέχνην
3609 2291 3711 2361 τὴν

2120 2386 2373 2457 μοιχικήν
2404 2385 2719 2439 ἐπιδίδοται.
2771 2384 3036 2456 Νόμισμα
3064 2384 3122 2437 δὲ
3168 2384 3509 2456 εἰσφέρουσιν
3565 2385 3709 2453 αύτῇ

2115 2479 2165 2531 oi
2201 2475 2517 2549 μυούμενοι,
2550 2477 2626 2541 ὡς
2649 2476 2843 2549 ἑταίρᾳ
2866 2476 3093 2547 ἐρασταί
3115 2492 3129 2506 ο
3149 2474 3321 2547 Δηοῦς
3348 2474 3403 2528 δὲ
3433 2477 3714 2546 μυστήρια

2116 2569 2213 2623 καὶ
2255 2569 2379 2633 Διὸς
2401 2569 2539 2642 πρὸς
2562 2568 2776 2641 μητέρα
2808 2569 3105 2641 Δήμητραν
3134 2568 3435 2640 ἀφροδίσιοι
3464 2567 3710 2638 συμπλο-

2117 2658 2231 2722 καὶ,
2269 2659 2363 2712 καὶ
2408 2659 2590 2729 μῆνις,
2643 2658 2743 2711 οὐκ
2783 2653 2880 2711 οἷδ’
2930 2658 2959 2711 ὃ
2992 2674 3045 2711 τι
3076 2656 3162 2727 φῶ
3201 2657 3406 2721 λοιπὸν,
3445 2656 3657 2727 μητρὸς
3677 2656 3712 2732 ἦ

2117 2751 2395 2817 γυναικὸς,
2440 2749 2543 2819 τῆς
2586 2747 2792 2819 Δηοῦς·
2839 2745 2907 2820 ἧς
2953 2747 3017 2821 δὴ
3069 2749 3258 2820 χάριν,
3308 2746 3499 2818 Βριμὼ
3541 2764 3714 2816 προσ-

2117 2842 2486 2916 αγορευθῆναι
2521 2844 2773 2913 λέγεται*
2835 2845 3105 2917 ἱκετηρίαι
3146 2845 3285 2909 Διὸς,
3316 2843 3409 2896 καὶ
3436 2843 3588 2912 πόμα
3627 2859 3707 2912 χο-

2120 2936 2239 3007 λῆς,
2275 2938 2368 2991 καὶ
2407 2936 2806 3008 καρδιουλκίαι,
2859 2937 2952 2989 καὶ
2992 2937 3413 3009 ἀρῤητουργίαι.
3448 2934 3640 2988 Ταῦτα
3668 2935 3717 2985 οἱ

2118 3026 2332 3097 Φρύγες
2351 3026 2693 3080 τελίσκουσιν
2748 3026 2953 3080 Ἀττιδι
2988 3027 3083 3080 καὶ
3112 3025 3350 3097 Κυϐέλη,
3396 3025 3487 3079 καὶ
3530 3023 3722 3095 Κορύ-

438 3120 594 3187 estis,
637 3120 754 3175 risu
802 3134 867 3173 ae
901 3117 1079 3172 sibilis
1117 3125 1327 3171 vestras
1361 3116 1485 3171 illas
1528 3115 1764 3179 fabulas,
1815 3115 2014 3185 quibus

2122 3115 2271 3172 ϐασι.
2340 3117 2756 3190 Τεθρυλλήκασι
2803 3119 2860 3173 δὲ
2918 3120 2990 3184 ὡς
3025 3120 3133 3191 ἄρα
3174 3117 3499 3181 ἀποσπάσας
3532 3117 3725 3181 ὁΖεὺς

439 3219 652 3267 tantum
696 3209 1067 3266 venerationis
1110 3206 1402 3270 tribuitur,
1457 3220 1569 3275 pra:
1615 3205 1829 3260 caneris
1872 3205 2015 3259 exci-

440 3303 623 3376 pietis.
651 3300 765 3374 Ego
796 3315 927 3355 vero
959 3299 1141 3354 abdita
1170 3297 1501 3369 penitusque
1524 3297 1807 3351 recondita
1833 3297 2015 3367 palam

441 3412 496 3451 tn
523 3395 770 3451 omnium
795 3393 917 3448 luce
945 3390 1248 3457 collocabo,
1275 3404 1375 3444 nec
1404 3403 1491 3443 me
1512 3388 1687 3458 pudor
1707 3388 1775 3442 ab
1800 3387 1869 3443 iis
1891 3402 2018 3457 pro-

440 3485 680 3544 ferendis
708 3482 1007 3547 revocabit,
1028 3496 1149 3552 quae
1169 3495 1268 3535 vos
1286 3479 1489 3533 divinis
1516 3477 1821 3533 honoribus
1840 3477 2019 3533 colere

441 3595 553 3637 non
567 3580 786 3651 pudeat.
818 3575 1009 3633 Vestra
1031 3574 1195 3646 igitur
1211 3570 1324 3638 illa,
1350 3586 1557 3643 spumae
1573 3571 1797 3626 marinae
1814 3571 2017 3642 proles,

440 3673 716 3747 Cyprique
753 3669 918 3736 fetus,
962 3684 1028 3725 ac
1058 3667 1276 3741 Cinyra!
1308 3666 1587 3729 delicium,
1626 3663 1891 3719 Venerem
1936 3665 2021 3718 in-

441 3766 644 3837 telligo,
676 3778 839 3836 quam
873 3760 1195 3833 φιλομηδέα,
1231 3758 1337 3814 hoc
1367 3764 1451 3813 est
1483 3755 1682 3812 veretri
1722 3762 2018 3818 amantem,

445 3857 764 3923 nominatis,
797 3857 999 3928 quippe
1044 3851 1293 3908 membris
1339 3863 1403 3905 ea:
1451 3847 1772 3921 genitalibus
1814 3858 2020 3911 ortam;

443 3953 589 4009 fetus
626 3952 815 4021 utique
857 3946 1120 4004 abseissis
1149 3945 1259 4001 illis
1298 3942 1437 3999 Coeli
1468 3942 1817 4013 genitalibus,
1849 3955 2024 4010 usque

445 4048 584 4101 adeo
604 4042 899 4107 salaeibus,
941 4048 1003 4094 ut
1028 4046 1178 4095 secta
1208 4051 1429 4108 quoque
1453 4035 1656 4091 undam
1686 4034 1861 4105 ipsam
1891 4048 2024 4088 eon-

446 4135 764 4207 stuprariut,
817 4146 917 4187 nec
958 4145 1065 4186 non
1106 4128 1295 4185 effusis
1340 4128 1396 4185 itt
1449 4126 1731 4182 libidinem
1779 4123 2025 4194 corporis

445 4228 613 4285 vestri
640 4225 891 4298 partibus
919 4225 1079 4295 longe
1110 4222 1495 4292 dignissimus,
1530 4218 1712 4274 Venus
1755 4219 1860 4273 ista
1893 4233 2022 4285 pro-

446 4328 684 4378 creatur.
717 4317 925 4387 Itaque,
954 4316 1010 4370 in
1053 4315 1271 4371 arcanis
1308 4314 1607 4383 voluptatis
1654 4311 1822 4380 hujus
1855 4309 2026 4365 mari-

445 4429 533 4469 nat
564 4411 758 4475 sacris,
796 4420 1025 4482 grum’us
1076 4407 1229 4474 salis,
1285 4406 1599 4476 elligiesque
1636 4404 1860 4468 veretri,
1911 4411 2027 4457 tan-

2116 3209 2212 3262 τοῦ
2236 3209 2393 3281 κριοῦ
2421 3210 2546 3273 τοὺς
2567 3209 2843 3281 διδύμους,
2881 3212 3062 3282 φέρων
3096 3213 3154 3265 ἐν
3180 3211 3364 3282 μέσοις
3390 3210 3582 3281 ἔρριψε
3602 3192 3726 3272 τοῖς

2119 3301 2340 3365 κόλποις
2365 3302 2465 3374 τῆς
2511 3302 2704 3373 Δηοῦς,
2737 3304 3009 3375 τιμωρίαν
3033 3303 3202 3374 ψευδῆ
3237 3304 3337 3375 τῆς
3364 3302 3545 3373 βιαίας
3579 3319 3726 3371 συμ-

2121 3394 2327 3464 πλοκῆς
2379 3394 2692 3462 ὲκτιννύων,
2747 3397 2824 3460 ὡς
2857 3396 3051 3450 ἑαυτὸν
3105 3396 3265 3467 δῆθεν
3308 3392 3582 3467 ἐκτεμὼν.
3637 3394 3728 3447 Τὰ

2122 3485 2370 3556 σύμϐολα
2384 3485 2488 3556 τῆς
2517 3488 2773 3558 μυήσεως
2795 3486 2998 3559 ταύτης
3028 3488 3094 3540 ὲκ
3123 3486 3439 3559 περιουσίας
3473 3502 3724 3557 παρατε-

2121 3576 2304 3641 θέντα,
2339 3575 2435 3631 οἷδ’
2466 3578 2548 3630 ὅτι
2582 3579 2795 3649 κινήσει
2832 3576 3068 3649 γέλωτα,
3094 3577 3188 3631 καὶ
3231 3576 3306 3648 μὴ
3341 3576 3726 3646 γελασείουσιν

2123 3668 2250 3738 ὑμῖν
2283 3667 2395 3739 (π)
2425 3668 2519 3722 διὰ
2544 3669 2670 3732 τοὺς
2725 3669 3001 3739 ἐλέγχους.
3041 3669 3136 3721 Ἐκ
3161 3667 3445 3739 τυμπάνου
3473 3666 3681 3735 ἔφαγον
3704 3681 3727 3697 ο

2122 3762 2215 3814 καὶ
2270 3759 2555 3832 κυμϐάλου
2582 3760 2753 3815 ἔπιον.
2803 3760 3244 3833 Ἐκερνοφόρησα
3280 3759 3427 3831 (72)*
3467 3758 3577 3812 ὑπὸ
3628 3760 3726 3813 τὸν

2123 3852 2330 3908 παστὺν
2383 3853 2605 3910 ὑπέδυν.
2656 3852 2847 3909 Ταῦτα
2892 3855 2991 3925 οὐχ
3048 3852 3204 3925 ὕϐρις
3236 3854 3304 3908 τὰ
3341 3852 3584 3925 σύμϐολα
3611 3869 3627 3918 ;
3659 3854 3724 3905 ού

2124 3946 2292 4017 χλεύη
2306 3945 2377 4001 τά
2395 3947 2672 4018 μυστήρια
2691 3963 2706 4013 ;
2736 3947 2801 3999 Τί
2814 3947 2879 4018 δὴ
2899 3948 2992 4001 καὶ
3014 3947 3083 4001 τὰ
3107 3946 3364 4000 ἐπίλοιπα
3391 3946 3688 4018 προσθείην
3708 3964 3723 4009 ;

2126 4040 2247 4095 κύει
2276 4041 2427 4112 μὲνή
2459 4042 2751 4112 Δημήτηρ,
2781 4039 3145 4112 ἀνατρέφεται
3178 4038 3234 4092 δὲ
3272 4042 3304 4110 ή
3347 4039 3507 4111 κόρη,
3536 4038 3730 4109 μίγνυ-

2126 4151 2216 4187 ται
2234 4133 2279 4187 δ’
2300 4128 2457 4197 αὖθις
2507 4134 2536 4186 ὁ
2578 4133 2848 4203 γεννήσας
2880 4132 3081 4186 οὑτωσὶ
3108 4133 3245 4196 Ζεὺς
3280 4133 3345 4202 τῇ
3377 4131 3724 4203 Φερεφάττῃ,

2127 4227 2195 4296 τῇ
2226 4224 2331 4295 ίδίᾳ
2355 4224 2585 4297 θυγατρὶ
2614 4224 2755 4295 μετά
2784 4226 2885 4296 την
2923 4225 3135 4297 μητέρα
3165 4224 3310 4295 Δηῶ,
3358 4224 3729 4296 ἐκλαθόμενος

2126 4317 2221 4371 τοῦ
2256 4318 2523 4391 προτέρου
2564 4318 2789 4389 μύσους,
2822 4320 2915 4372 καὶ
2960 4318 3218 4390 μίγνυται
3245 4318 3460 4390 δράκων
3488 4319 3726 4389 γενόμε-

2130 4426 2239 4473 νος,
2268 4409 2327 4472 ὃς
2347 4404 2414 4479 ἦν
2440 4408 2737 4481 ὲλεγχθείς.
2769 4409 3051 4475 Σαϐαζίων
3073 4410 3205 4479 γοῦν
3237 4410 3552 4481 μυστηρίων
3574 4411 3727 4482 σύμ-

445 4516 613 4574 quam
659 4471 850 4557 feturae
894 4471 1223 4571 symbolum
1253 4497 1322 4553 iis
1354 4471 1522 4552 tradi-
1544 4495 1700 4563 solet,
1734 4495 1830 4566 qui
1870 4493 2014 4565 ﬂagi-

2133 4471 2286 4555 ϐολον
2309 4471 2445 4565 τοῖς
2490 4471 2834 4573 μυουμένοις,
2876 4503 2905 4554 ὁ
2931 4471 3027 4557 διὰ
3059 4471 3261 4556 κόλπου
3306 4471 3457 4567 θεάξ·
3510 4471 3729 4573 δράκων

447 4594 575 4653 tiosi
622 4593 947 4649 concubitus
991 4592 1202 4648 artibus
1243 4590 1567 4645 initiantur:
1598 4588 1651 4643 hi
1702 4604 1833 4644 vero
1865 4604 2014 4642 num-

2126 4594 2185 4649 δὲ
2217 4586 2372 4660 οὗτος
2410 4594 2789 4666 διολκούμενος
2832 4596 2943 4666 (75)
2977 4594 3074 4649 τοῦ
3108 4596 3310 4651 κόλπου
3332 4596 3440 4651 τῶν
3460 4599 3731 4671 τελουμέ-

447 4703 600 4745 mum
641 4688 743 4758 ipsi
774 4696 1033 4758 tanquam
1083 4687 1274 4742 amicae
1312 4693 1587 4739 amatores
1625 4682 1880 4737 oﬂ‘erunt.
1908 4681 2014 4737 Jani

2127 4705 2254 4751 νων,
2289 4686 2507 4758 ἔλεγχος
2546 4687 2819 4759 ἀκρασίας
2857 4689 2979 4752 Διός
3004 4706 3017 4719 ·
3053 4689 3173 4743 κύει
3206 4690 3300 4744 καὶ
3341 4692 3373 4761 ή
3403 4692 3731 4765 Φερεφάττα

449 4780 711 4853 mysteria
743 4779 960 4835 Cereris
989 4780 1135 4834 aliud
1178 4777 1316 4832 nihil
1339 4785 1488 4843 sunt,
1520 4790 1686 4845 quam
1728 4775 2014 4831 incesluos;

2129 4777 2296 4832 παῖδα
2324 4779 2734 4851 ταυρόμορφον.
2783 4780 2998 4850 Ἀμέλει
3033 4781 3165 4851 φησί
3196 4798 3279 4845 τις
3307 4782 3535 4855 ποιητής
3563 4784 3730 4837 είδω-

447 4868 601 4928 Jovis
633 4886 757 4927 cum
810 4867 1007 4925 Cerere
1051 4879 1225 4925 matre
1268 4882 1601 4939 congressus
1644 4866 2014 4938 ejusdemque,

2127 4870 2297 4935 λικός·
2336 4870 2559 4939 Ταῦρος

446 4966 711 5024 ωέιῐίεηθ
746 4967 885 5022 “lira
924 4966 1125 5026 dicam.
1171 4980 1239 5019 all
1285 4963 1511 5020 uxoris?
1561 4962 1867 5033 iracundia,
1900 4982 2023 5036 quae
2061 4983 2227 5025 causa
2263 4965 2366 5021 fuit
2403 4982 2502 5021 cur
2540 4965 2726 5021 Brimo
2751 4967 2910 5037 quasi
2940 4965 3177 5023 fremens
3218 4976 3273 5022 et
3312 4966 3729 5040 indignabunda

446 5070 766 5128 vocaretur;
809 5060 1050 5128 itemque
1092 5055 1244 5112 Jovis
1294 5055 1718 5125 supplicationes
1743 5096 1761 5118 ,
1799 5055 1939 5113 fellis
1982 5059 2246 5126 haustus,
2298 5058 2480 5114 cordis
2512 5060 2934 5125 convulsiones,
2982 5074 3047 5115 ac
3081 5068 3290 5115 caetera:
3334 5059 3388 5114 id
3431 5077 3604 5132 genus
3644 5064 3730 5117 in-

448 5157 627 5213 fandae
668 5155 1014 5213 ceremoniae.
1063 5152 1142 5207 Ac
1191 5151 1435 5222 Phryges
1481 5150 1700 5221 quidem
1749 5152 2018 5221 ejusmodi
2061 5171 2215 5210 sacra
2258 5155 2312 5209 in
2354 5152 2577 5218 Attidis,
2612 5152 2863 5225 Cybeles,
2895 5161 2951 5208 et
3000 5153 3397 5224 Corybantium
3452 5155 3725 5209 horrerent

448 5251 885 5320 memoriamque
926 5247 1133 5303 faciunt
1173 5264 1186 5300 :
1231 5245 1434 5315 passim
1477 5253 1659 5299 autem
1715 5244 1862 5301 fama
1919 5248 2196 5315 vulgatum
2254 5257 2367 5315 est,
2408 5246 2595 5303 Jovem
2641 5249 2866 5304 avulsos
2911 5247 3159 5319 geminos
3202 5245 3389 5301 arietis
3441 5247 3729 5302 testiculos

450 5348 509 5403 in
560 5346 801 5402 medium
846 5342 1064 5400 Cereris
1111 5342 1296 5397 sinum
1346 5339 1669 5409 conjecisse,
1713 5354 1838 5395 cum
1892 5356 1924 5396 a
1965 5358 2027 5398 se
2064 5343 2186 5414 ipso
2236 5351 2491 5400 exactum
2533 5343 2892 5399 abscissionis
2931 5341 3089 5412 quasi
3143 5339 3464 5395 voluntaria:
3501 5355 3727 5410 penam

523 5573 785 5650 (7l)_l_t'ui
808 5571 893 5650 μὴ
917 5571 1344 5650 γελασείοῃσιν
1501 5568 1676 5650 Clem.
1698 5566 1908 5650 legend.
1923 5567 2014 5648 itit

2146 5586 2288 5650 ρησα
2317 5589 2331 5624 :
2364 5578 2531 5650 recte,
2557 5569 2964 5650 _xépvov.enitt_t,.
2985 5568 3246 5650 μυστικδν
3275 5567 3568 5650 ἀγγεῖον,ή
3591 5584 3729 5640 κρα-

455 5638 542 5719 μὴ’
587 5638 822 5714 γέλάσαί
866 5638 1076 5696 ἔπεισιν
1127 5644 1283 5713 ὑμῖν,
1336 5640 1579 5711 pleniore
1631 5648 1685 5693 et
1738 5638 2014 5692 illustriore

2141 5638 2707 5719 rijpgmnominabant.
2735 5638 3058 5719 Hesychius,
3090 5639 3307 5719 Pylius:
3340 5638 3653 5719 Adhortatus}

453 5702 642 5775 sensti.
1164 5702 1178 5713 ’
1271 5702 1279 5705 ⁷
1337 5702 1379 5781 ’λ
1750 5764 1779 5781 Α.
1988 5778 1995 5781 λ

2196 5702 2326 5781 ἶἹὸ)
2366 5711 2564 5777 Clem.,
2596 5709 2811 5781 δράκων
2834 5702 2889 5762 δέ
2924 5702 3070 5763 ἐστιν
3095 5702 3254 5773 οὗτος
3279 5709 3629 5779 διελκύμενος

526 5787 639 5861 (72)
692 5784 1188 5855 Ἑκερνοφόρησιι.
1229 5783 1309 5837 lta
1350 5779 1546 5849 Clem.,
1586 5795 1692 5835 non
1747 5778 2035 5852 ὲκιρνοφή-
