3840 6216
155 317 247 376 ηδ
1324 309 1643 366 PRAZPAB.
1686 309 1938 367 EVANG.
1979 311 2108 369 LIB.
2144 309 2220 384 Jl.
3323 317 3425 374 ne

151 436 212 492 ὼ
254 424 519 504 stuprum
572 431 629 487 vi
686 430 971 497 oblatum,
1025 431 1127 486 hac
1183 428 1376 486 fraude
1425 431 1732 484 simularet.
1787 429 1901 502 64
1942 429 2117 501 Cujus
2167 431 2490 488 initiationis
2519 432 2734 504 egregia
2792 432 3041 506 symbola
3078 433 3256 490 soluto
3283 433 3427 487 Otio-

146 541 308 599 soque
358 525 552 580 animo
602 524 874 594 producta
932 524 1105 579 risum
1157 524 1314 580 vobis
1358 525 1550 593 utique
1617 531 1893 590 moveam,
1944 524 2161 580 tametsi
2227 525 2424 595 opinor
2486 526 2640 582 vobis
2697 526 2874 582 ridere
2919 543 3028 582 non
3090 527 3241 592 libet,
3277 527 3421 596 quod

143 625 214 678 sic
265 621 608 692 religionum
662 629 976 674 vestrarum
1033 619 1332 689 indignitas
1379 618 1623 673 omnium
1676 619 1731 672 in
1788 618 1964 672 oeulis
2007 617 2298 688 deligatur,
2343 615 2428 671 Ea:
2467 628 2714 688 tympano
2784 619 3026 673 comedi:
3053 617 3160 673 bibi
3187 633 3251 672 ea:
3288 633 3425 686 cym-

143 716 253 769 balo
281 731 300 768 :
327 730 551 768 ceruum
574 714 818 782 gestavi:
845 729 927 766 me
971 714 1027 766 in
1071 712 1369 767 thalamum
1411 713 1548 766 clam
1598 712 1884 766 insinuavi.
1919 710 2038 766 Non
2098 712 2214 766 haec.
2263 712 2508 783 symbola
2572 713 2832 783 probrum
2894 722 2947 767 et
3005 710 3283 766 infamiam
3327 723 3420 761 sa-

138 807 330 875 piunt?
353 822 470 860 non
503 821 674 860 sanna
708 806 1058 875 ludibrioque
1093 806 1257 876 digna
1307 808 1565 877 mysteria
1595 805 1762 862 sunt?
1795 803 1935 870 Quid
1971 819 2137 874 porro
2173 805 2219 860 si
2269 813 2507 859 attexam
2571 804 2816 873 reliqua?
2857 803 3024 858 Ceres
3077 801 3298 872 quidem
3341 797 3419 852 ie-

140 912 246 955 tim
295 899 554 963 enititur,
597 897 777 968 puella
823 913 953 953 vero
1011 899 1278 954 educatur
1319 916 1584 954 :rursum
1630 916 1757 958 ecce
1821 900 1918 957 tibi
1959 909 2148 955 castus
2200 897 2412 967 Jupiter
2457 913 2579 952 cum
2642 895 3035 966 Pherephatta,
3090 908 3254 963 quam
3306 891 3422 960 ipse

137 1004 434 1063 genuerat,
509 1007 638 1064 pOSt
693 994 950 1049 Cererem
1010 1001 1282 1061 matrem,
1347 996 1730 1067 congreditur,
1773 997 2098 1053 exsecrandi
2165 993 2353 1064 ﬂagitii
2398 992 2600 1062 prioris
2671 992 2909 1057 oblitus;
2965 999 3020 1045 et
3066 989 3419 1057 congreditur

136 1090 396 1145 draconis
453 1088 636 1144 forma
675 1097 900 1144 tectus:
934 1104 1014 1144 suc
1069 1099 1254 1145 tamen
1298 1098 1360 1144 ut
1403 1092 1499 1161 qui
1551 1091 1655 1147 sub
1703 1108 1767 1147 ea
1809 1093 1960 1156 latet,
2005 1090 2302 1146 manifesto
2359 1087 2708 1159 postmodum
2774 1094 3042 1141 teneatur.
3104 1082 3418 1142 Enimvero.

135 1184 501 1239 Sabaziorum
537 1185 730 1254 utique
782 1185 1190 1256 mysteriorum,
1258 1185 1327 1241 iis
1380 1187 1473 1257 qui
1532 1188 1706 1243 sacris
1765 1188 2070 1253 initiantur,
2117 1185 2424 1258 symbolum
2478 1194 2582 1246 est,
2643 1182 2788 1238 Deus
2835 1182 3018 1236 sinum
3075 1179 3414 1250 pervadens:

134 1283 268 1334 Deus
336 1288 532 1333 autem
579 1279 688 1334 iste
733 1280 900 1335 draco
945 1289 1047 1343 est,
1099 1282 1190 1352 qui
1263 1298 1360 1353 per
1406 1283 1646 1338 medium
1697 1298 1910 1348 eorum,
1957 1299 2098 1353 quos
2136 1281 2365 1338 solemni
2441 1281 2544 1336 ritu
2597 1279 2834 1342 initiant,
2907 1277 3090 1332 sinum
3160 1275 3414 1338 trahitur,

132 1380 334 1423 eertum
403 1371 572 1440 plane
635 1369 951 1438 impotentis
1019 1368 1171 1426 Jovis
1215 1372 1458 1429 libidinis
1510 1383 1912 1443 argumentum.
1969 1373 2122 1429 Parit
2169 1374 2332 1430 etiam
2391 1372 2778 1443 Pherephatta,
2826 1371 2922 1427 sed
2962 1371 3133 1426 lilium
3196 1369 3416 1424 taurina

133 1456 339 1528 specie;
375 1462 673 1528 nimirum,
705 1470 765 1517 ut
794 1462 1064 1518 idolorum
1087 1466 1268 1521 cultor
1289 1475 1446 1537 poeta
1479 1467 1710 1523 cecinit:

128 1587 326 1668 Πατὴρ
356 1594 718 1668 δράκοντος,
755 1598 850 1650 καὶ
884 1597 1078 1665 πατὴρ
1113 1601 1333 1667 ταύρου
1357 1598 1613 1668 δράκων,

131 1670 226 1721 Ἰἰν
252 1667 379 1735 ὄρει
412 1665 483 1719 τὸ
507 1667 768 1736 κρύφιον
793 1669 1100 1735 ,βουκόλος
1130 1670 1195 1723 τὸ

125 1799 472 1872 βουκολικὸν,
489 1795 541 1853 οἳ
550 1817 670 1872 μαι,
685 1800 908 1872 κέντρον
925 1801 1012 1854 τὸν
1028 1801 1276 1874 νάρθηκα
1295 1803 1573 1858 ἐπικαλῶν
1585 1805 1722 1876 (74),

121 1895 181 1950 δν
204 1894 273 1964 δὴ
330 1893 523 1946 κάλων
573 1893 1004 1964 ἀναστρέφουσιν
1035 1893 1145 1964 (75)
1185 1896 1235 1947 oi
1276 1895 1500 1966 Βάκχοι.
1533 1896 1721 1950 Βούλει

1833 1598 2044 1670 Taurus
2069 1600 2354 1653 draconem
2385 1600 2582 1670 genuit,
2615 1608 2665 1654 et
2694 1610 2905 1653 taurum
2935 1600 3118 1663 draco,

1830 1669 1894 1724 In
1933 1679 2106 1724 monte
2136 1671 2401 1724 occultum
2425 1670 2680 1724 bubulcus
2703 1670 2997 1736 stimulum,

1830 1800 2079 1865 bubulci,
2139 1800 2358 1872 opinor,
2421 1800 2705 1855 stimulum
2777 1801 3040 1855 scuticam
3092 1801 3405 1868 nominans,

1828 1907 1993 1962 quam
2042 1893 2205 1963 lignis
2253 1893 2580 1962 quibusdam
2624 1892 2875 1947 homines
2922 1891 3190 1947 Bacchico
3224 1892 3406 1947 furore

117 1986 210 2036 καὶ
237 1983 312 2036 τὰ
343 1985 707 2055 Φερεφάττης
747 1986 1035 2054 άνθολόγια
1088 1987 1436 2059 διηγήσωμαι
1479 2007 1581 2052 σοι,
1628 2007 1689 2043 κα

1827 1983 2066 2051 correpti
2100 1983 2500 2055 circumagunt.
2535 1982 2701 2038 Visne
2743 1992 2799 2036 tu
2845 1983 2936 2038 hic
2975 1983 3138 2037 etiam
3175 1982 3344 2037 lectos
3374 1998 3402 2036 a

112 2076 200 2129 τὸν
261 2075 534 2142 κάλαθον,
568 2078 664 2130 καὶ
693 2077 793 2148 τὴν
831 2078 938 2130 ὑπὸ
977 2078 1271 2143 Ἀϊδωνέως
1315 2079 1593 2152 ἁρπαγὴν,
1625 2080 1722 2133 καὶ

111 2168 170 2217 τὲ
195 2167 398 2237 χάσμα
428 2167 531 2238 τῆς
545 2167 673 2237 γῆς,
693 2169 786 2220 καὶ
809 2160 980 2232 «agt;
1001 2169 1095 2221 τοῦ
1121 2169 1434 2234 Εὐϐουλέως
1457 2171 1557 2233 τὰς
1587 2188 1720 2240 συγ-

110 2260 534 2324 καταποθείσας
585 2264 706 2313 ταῖν
768 2261 952 2327 θεαῖν;
989 2263 1057 2315 δι’
1079 2263 1146 2334 ἢν
1177 2264 1356 2318 αἰτίαν
1393 2267 1451 2318 ἐν
1480 2266 1590 2333 τοῖς
1621 2271 1721 2324 Θε-

113 2351 450 2424 σμοφορίοις
487 2353 900 2424 Μεγαρίζοντες
961 2355 1177 2426 χοίρους
1203 2357 1543 2414 ἐκϐάλλουσι.
1573 2363 1718 2416 Ταύ-

109 2460 214 2512 την
244 2443 352 2515 τὴν
392 2443 728 2515 μυθολογίαν
753 2445 1013 2510 ποικίλως
1047 2449 1188 2502 κατὰ
1222 2450 1404 2514 πόλεις
1430 2453 1720 2523 ἑορτάζου-

109 2553 192 2588 σιν
220 2537 284 2588 αἱ
317 2537 624 2602 γυναῖκες,
663 2534 1031 2609 Θεσμοφόρια,
1086 2539 1473 2612 Σκιρῤοιρόρια,
1527 2545 1718 2616 ’Λῤῥη-

105 2626 349 2695 τοᾳόρια
387 2625 529 2696 (76),
580 2625 937 2698 πολυτρόπως
987 2627 1085 2699 τὴν
1124 2629 1473 2703 Φερεφάττης
1519 2635 1717 2707 ἐκτρα-

109 2716 388 2784 γῳδοῦσιν
420 2717 536 2787 (77)
572 2718 852 2789 ἁρπαγήν.
901 2717 982 2771 Τὰ
1008 2719 1117 2790 γὰρ
1147 2716 1403 2774 Διονύσου
1442 2727 1715 2796 μυστήρια

105 2807 298 2861 τέλεον
334 2808 708 2879 ἀπάνθρωπα,
757 2810 816 2862 δν
870 2810 1035 2864 εἰσέτι
1096 2812 1256 2865 παῖδα
1301 2813 1450 2879 ὅντα,
1505 2817 1714 2888 ἐνόπλῳ

107 2899 331 2968 κινήσει
393 2898 863 2970 περιχορευόντων
910 2899 1207 2971 Κουρήτων
1227 2941 1242 2964 ,
1287 2901 1422 2972 δόλῳ
1480 2905 1712 2959 ὑποδύν-

109 3010 218 3043 των
253 2991 507 3044 Τιτάνων
536 2990 671 3061 (78).
699 2991 1079 3060 άπατήσαντες
1108 2995 1521 3066 παιδαριώδεσιν
1541 2998 1712 3072 ἀθύρ-

119 3098 314 3151 μασιν,
349 3077 505 3137 οὗτοι
543 3081 609 3152 δὴ
647 3083 696 3135 οί
743 3083 968 3145 Τιτᾶνες
1003 3085 1301 3139 διέσπασαν
1334 3086 1413 3140 ἐτι
1447 3090 1711 3162 νηπίαχον

114 3174 268 3236 ὅπα,
310 3173 392 3236 ὡς
428 3175 459 3226 ό
495 3173 598 3244 τῆς
645 3173 866 3245 τελετῆς
909 3175 1137 3248 ποιητὴς
1189 3178 1417 3248 Ὀρφεύς
1464 3197 1628 3250 φησιν
1682 3185 1710 3237 ὁ

116 3260 360 3335 θρᾴκιος
380 3279 399 3294 ο

113 3530 339 3610 Exiguae,
372 3529 476 3584 καί
498 3533 743 3610 ῥόμϐος,
762 3532 1709 3610 καὶ·παίγνιαὲαμπεᾳίγνιαῦθ),

111 3602 295 3669 llr-Md
327 3617 396 3656 τε
418 3604 675 3671 χρύσεα,
724 3602 902 3669 καλὰ,
946 3602 1082 3674 παρ’
1139 3602 1499 3678 Έᾰπεριδῴν
1543 3602 1710 3678 λίγύὲ

1329 3684 1348 3751 ι
1366 3676 1599 3747 φώνων.

111 3786 224 3837 Καὶ
284 3785 460 3853 τῆσδε
525 3787 658 3856 ἡμῖν
737 3785 835 3856 τῆς
891 3786 1110 3858 τελετῆς
1188 3789 1258 3842 τὰ
1305 3790 1504 3861 ἀχρεῖα
1571 3791 1710 3864 σύμ-

110 3878 279 3941 ϐολα,
359 3879 466 3931 οὐκ
524 3880 746 3950 ἀχρεῖον
807 3881 886 3944 εἰς
942 3881 1288 3949 κατάγνωσιν
1341 3884 1705 3956 παραθέσθαι.

120 3971 532 4042 ’Δατράγαλος,
563 3971 776 4041 Σφαῖρα
796 4013 810 4034 ,
842 3972 1130 4043 Στρόϐιλος
1149 4015 1163 4039 ,
1199 3975 1394 4045 Μῆλα,
1443 3976 1705 4047 Ῥόμϐος,

1823 2071 2150 2144 Proserpina
2203 2074 2365 2130 ﬂores
2408 2075 2504 2130 tibi
2551 2090 3002 2137 commemorem,
3049 2073 3405 2144 ejusdemque

1822 2165 2122 2230 calathum,
2156 2174 2210 2220 et
2248 2175 2463 2236 raptum
2503 2181 2534 2221 a
2563 2165 2796 2222 Plutone
2834 2177 3132 2236 patratum,
3161 2175 3215 2221 et
3248 2176 3406 2222 terra

1820 2254 2022 2322 labem,
2058 2263 2112 2310 et
2144 2255 2373 2310 Euhulei
2406 2271 2557 2323 sues,
2594 2272 2716 2326 qua:
2747 2272 2872 2311 cum
2903 2266 3136 2326 utraque
3179 2257 3276 2312 dea
3327 2256 3404 2312 si-

1819 2347 1933 2401 mul
1967 2349 2175 2403 haustae
2219 2348 2515 2404 dicuntur?
2547 2349 2690 2418 quod
2727 2349 2946 2418 quidem
2998 2349 3051 2402 in
3085 2364 3248 2404 causa
3293 2357 3400 2416 est,

1818 2455 1918 2495 cur
1952 2441 2004 2494 in
2042 2439 2498 2510 ThesmOphoriis
2544 2439 2812 2510 Megarica
2849 2440 3034 2509 lingua
3075 2455 3272 2509 porcos
3300 2440 3403 2511 eji-

1817 2535 1984 2589 ciant.
2023 2533 2220 2590 Totam
2270 2535 2412 2589 hanc
2443 2532 2694 2588 fabellam
2730 2534 2878 2588 varie
2926 2534 3186 2589 mulieres
3212 2535 3400 2605 singu-

1817 2626 1886 2681 lis
1924 2628 1974 2680 in
2003 2627 2232 2681 urbibus
2259 2627 2490 2680 solemni
2520 2625 2660 2680 festo
2689 2625 2986 2687 celebrant,
3019 2625 3400 2695 Thesmopho-

1814 2717 1918 2782 ria,
1946 2716 2389 2784 Seirrhophoria,
2418 2715 2850 2784 Arrhetophoria
2880 2732 2893 2769 :
2925 2725 3090 2784 atque
3115 2717 3188 2769 ita
3217 2715 3396 2771 diver-

1814 2811 1892 2865 sis
1955 2810 2110 2878 plane
2160 2809 2492 2878 tragicisque
2555 2808 2735 2862 modis
2790 2818 3002 2876 raptum
3057 2806 3398 2877 Proserpinae

1814 2901 2083 2956 recolunt.
2115 2901 2234 2956 Jam
2275 2899 2476 2955 Bacchi
2513 2899 2771 2970 mysteria
2801 2900 2950 2953 omni
2991 2899 3208 2954 diritate
3234 2907 3396 2954 teter-

1812 2996 1952 3049 rima
1983 2997 2132 3060 sunt,
2166 2994 2367 3063 quippe
2400 3007 2584 3061 quem,
2625 2992 2755 3046 dum
2801 2991 2984 3045 adhuc
3017 2992 3281 3060 puerulus
3307 3008 3396 3047 es-

1812 3096 1912 3149 set,
1963 3101 2027 3140 ac
2061 3085 2270 3140 circum
2320 3083 2498 3153 ipsum
2554 3082 2785 3138 Curetes
2837 3094 3048 3138 armata
3104 3084 3396 3140 saltatione

1812 3184 2125 3246 agerentur,
2163 3175 2460 3229 subeuntes
2506 3173 2635 3227 dolo
2667 3173 2890 3229 Titanes
2925 3175 3230 3244 puerilibus
3275 3191 3395 3231 cre-

1810 3266 2028 3337 pundiis
2073 3267 2407 3335 ludicrisque
2456 3264 2741 3335 deceptum
2793 3268 3137 3322 membratim
3187 3268 3395 3324 discer-

1734 3376 1775 3433 C
1809 3371 2047 3429 pserant,
2095 3357 2558 3428 quemadmodum
2609 3357 2880 3414 Thracius
2929 3356 3178 3430 Orpheus
3228 3362 3392 3433 hujus

1813 3452 1953 3506 sacri
1980 3459 2131 3506 vates
2163 3451 2382 3515 cecinit,

1815 3539 2011 3605 Turbo,
2049 3541 2280 3607 trochus,
2304 3549 2415 3593 tum
2443 3541 2590 3611 queis
2621 3542 2676 3594 in
2713 3542 2882 3610 ﬂexus
2923 3545 3152 3598 membra
3186 3545 3392 3600 cientur

1810 3611 2069 3685 l_._udicra,_
2095 3621 2146 3664 et
2174 3612 2434 3666 auricomi
2465 3611 2785 3666 blandarum
2817 3628 2882 3666 ex
2907 3614 3094 3670 arbore
3115 3617 3254 3685 fetus

1812 3681 2185 3750 Hesperidum.

1806 3811 1994 3884 Neque
2039 3827 2168 3867 vero
2214 3809 2406 3865 inutile
2455 3805 2654 3872 fuerit,
2693 3804 2880 3859 arcani
2930 3803 3078 3859 sacri
3111 3802 3387 3874 symbola,

1803 3906 2016 3962 inutilia
2080 3905 2240 3966 licet,
2302 3902 2406 3956 hoc
2463 3898 2585 3953 loco
2647 3896 2957 3965 subjicere,
3023 3904 3082 3948 ut
3143 3895 3387 3949 omnium

1800 3997 2006 4067 judicio
2057 3995 2418 4062 sensibusque
2475 3991 2825 4045 damnentur.
2879 3984 2990 4056 65
3045 3985 3184 4039 Sunt
3239 3986 3386 4050 haec,

113 4063 460 4132 Ἐσοπτρον,
493 4062 687 4125 Πόκος.
727 4063 928 4132 Ἀθηνᾶ
958 4064 1057 4135 μὲν
1092 4062 1184 4120 οὖν
1221 4066 1318 4138 τὴν
1345 4068 1570 4139 καρδίαν
1609 4069 1689 4122 τοῐ

1811 4062 2000 4155 Talus,
2038 4087 2182 4152 Pila,
2224 4085 2505 4146 Trochus,
2535 4081 2736 4148 Poma,
2789 4079 3010 4145 Turbo,
3053 4076 3346 4147 Speculum
3372 4117 3388 4140 ,

110 4154 372 4208 Διονύ-σου
407 4153 713 4227 ὑφελομένη
739 4195 753 4217 ,
820 4156 1035 4221 Παλλὰς
1080 4159 1145 4212 ἐκ
1193 4158 1288 4212 τοῦ
1334 4160 1556 4215 πάλλειν
1606 4162 1706 4234 τὴν

111 4249 344 4319 καῴίαν
373 4249 820 4320 προσηγορεύθη.
849 4252 912 4302 Οἱ
939 4251 997 4303 δὲ
1019 4251 1265 4315 Τιτᾶνες,
1293 4253 1341 4304 οξ
1365 4253 1458 4306 καὶ
1484 4253 1708 4308 διασπά-

115 4357 304 4404 σαντες
337 4340 527 4402 αὐτὸν,
547 4340 752 4412 λέϐητά
783 4359 906 4395 τινα
929 4343 1142 4414 τρίποδι
1173 4343 1470 4409 ἐπιθέντες,
1495 4348 1588 4400 καὶ
1609 4347 1702 4400 τοῦ

113 4431 370 4483 Διονύσου
419 4429 753 4500 ἐμϐαλόντες
792 4432 859 4486 τά
896 4433 1058 4503 μέλη,
1108 4434 1370 4504 καθήψων
1405 4437 1698 4508 πρότερον·

111 4521 301 4575 ἔπειτα
328 4521 640 4582 ὀϐελίσκοις
659 4524 1102 4596 περιπείραντες,
1144 4526 1468 4595 ὑπείρεχον
1504 4529 1701 4597 Ἡφαί-

111 4631 296 4670 στοιο.
338 4614 482 4677 Ζεὺς
519 4614 566 4667 δ’
593 4614 822 4688 ὕστερον
859 4618 1140 4686 ἐπιφανεὶς
1189 4620 1258 4689 (εί
1288 4617 1408 4683 θεὸς
1434 4615 1536 4691 ἦν,
1563 4621 1702 4692 τάχα

183 4793 294 4863 (74)
345 4793 708 4864 Ἐπικαλῶν.
749 4793 887 4850 Male
924 4794 1064 4864 apud
1094 4795 1288 4859 Clem.,
1321 4796 1602 4852 ἐπιτελῶν.

182 4864 296 4930 (75)
327 4866 450 4939 -Ὄν
484 4863 786 4939 (εὴ-κάλων
817 4863 1146 4939 ἀνᾳᾲτρέφ.
1187 4865 1384 4932 Clem.,
1412 4866 1472 4920 ὃν
1504 4869 1567 4939 δὴ
1602 4868 1702 4922 κά-

107 4934 221 5005 λον,
259 4934 366 4999 vel,
429 4945 512 5005 ut,
545 4933 790 4999 Hervet.,
838 4933 1022 5000 καλόν,
1072 4933 1364 5005 utrumque
1418 4933 1698 4994 mendose.

112 5003 352 5080 ξοπιες.
388 5004 617 5080 conjicit
657 5006 953 5080 ⁸καλοίηιιι
1005 5003 1291 5080 conveniat
1319 5022 1440 5060 cum
1476 5009 1698 5080 Βάκχοι.

114 5074 150 5149 ε
157 5085 276 5149 orte
306 5075 603 5149 legendum
649 5076 741 5128 διὰ
790 5077 990 5140 κάλων,
1037 5077 1143 5131 nisi
1191 5092 1253 5130 ea
1305 5093 1409 5131 vox
1437 5094 1466 5131 a
1497 5074 1700 5149 praece-

113 5146 269 5218 denti
279 5215 285 5218 η
302 5144 590 5198 ἐπικαλῶν
619 5149 984 5218 proseminala
1007 5156 1110 5201 est.

183 5215 297 5288 (76)
351 5217 795 5288 Ἀρῤητοφόριᾳ,
836 5216 986 5272 Hauc
1013 5233 1196 5272 vocem
1236 5232 1344 5272 non
1391 5217 1553 5273 habet
1581 5219 1704 5274 Cle-

111 5287 288 5348 meus,
319 5303 449 5355 qua:
480 5297 660 5340 tamen
695 5287 984 5357 rejicienda
1013 5303 1120 5340 non
1152 5300 1255 5354 est,
1280 5289 1403 5342 licet
1430 5306 1704 5357 gramma-

114 5357 210 5430 tici
239 5357 586 5430 Ἀῤῥηφορία
614 5359 798 5430 Potius
823 5374 986 5430 quam
1016 5359 1416 5430 Ἀρῤητοφόρια
1455 5361 1538 5414 vel
1573 5361 1702 5430 Ἀρ-

114 5376 210 5410 ιιει
254 5376 586 5429 Λρρηφορια
614 5376 798 5426 ponus
861 5376 986 5412 nam
1022 5376 1148 5430 ’App
1191 5376 1416 5428 τοφορια
1455 5376 1538 5414 vet
1579 5376 1702 5430 Αρ-

114 5427 794 5506 ρητοφορίαηεετίρεειοίρι.
823 5376 893 5482 ιἐι
937 5376 1273 5506 [εειυηιἸιοο
1303 5429 1556 5506 Minervae
1589 5425 1702 5497 alii,

114 5496 366 5567 aliis-ero
397 5496 586 5550 Cereri
622 5508 679 5550 et
707 5497 1048 5567 Proserpina:
1085 5515 1297 5553 sacrum
1335 5500 1559 5554 l’aciunt.

351 5566 886 5636 Ἑκτραγῳδοῦσιν.
910 5566 1197 5636 Clemens,
1233 5569 1693 5640 ἐκτραγῳδοῦσαι,

122 5651 334 5692 melius.

190 5706 297 5775 (78)
348 5707 732 5763 Ὑποδύντων
774 5708 1048 5772 Τιτάνων,
1077 5719 1182 5764 etc.
1227 5709 1450 5766 Brevms
1493 5719 1548 5766 et
1594 5711 1700 5766 cla-

121 5791 234 5831 nus
261 5779 556 5846 legeretur,
583 5779 876 5842 ὑποδύντες
906 5782 1130 5845 Τιτᾶνες
1149 5821 1162 5844 ,
1199 5782 1289 5834 καὶ
1320 5781 1696 5846 άπατήσαντες

1805 4180 2010 4235 Vellns.
2063 4182 2142 4234 Ac
2197 4177 2444 4232 Minerva
2480 4174 2700 4246 quidem
2724 4215 2738 4236 ,
2777 4173 2921 4243 quod
2969 4172 3213 4241 ejusdem
3251 4170 3389 4226 Bac-

1801 4274 1891 4328 chi
1931 4289 2024 4328 cor
2075 4271 2260 4326 furtim
2301 4270 2650 4334 sustulisset,
2704 4266 2885 4322 Pallas
2924 4267 2990 4318 ἐκ
3029 4263 3121 4318 τοῦ
3167 4264 3389 4318 πάλλειν

1799 4365 1901 4436 τὴν
1956 4363 2216 4434 καρδίαν,
2269 4364 2371 4416 hoc
2427 4371 2510 4416 est
2577 4376 2606 4413 a
2659 4359 2840 4414 cordis
2896 4358 3230 4419 vibratione,
3291 4373 3386 4412 seu

1803 4456 2153 4526 palpitatione
2191 4464 2499 4524 nuncupata
2541 4452 2663 4506 fuit.
2704 4451 2926 4506 Titanes
2961 4465 3112 4509 vero.
3153 4465 3386 4520 quorum

1804 4547 2060 4602 manibus
2112 4547 2368 4601 laniatus'
2400 4554 2554 4611 erat,
2604 4544 2776 4614 ipsius
2828 4543 3074 4598 membra
3127 4543 3182 4596 in
3237 4542 3389 4597 lebe-

1803 4647 1911 4695 tem
1952 4641 2240 4710 supposito
2277 4639 2476 4709 tripodi
2518 4637 2839 4692 insidentem
2881 4636 3256 4706 ronjecerunt,
3288 4650 3383 4690 ea.

1803 4796 2219 4870 παιδαριώδεσιν
2251 4797 2546 4870 ἀθύρμασι,
2575 4797 2892 4862 διέσπασαν,
2926 4799 3002 4862 ὡς
3026 4800 3074 4864 ό,
3106 4807 3209 4870 etc.
3244 4799 3378 4853 Nam

1806 4867 2247 4940 εὗρε-ἱιιε-εἰσέτι⁸
2279 4867 2441 4940 παῖδα
2482 4869 2629 4932 ὄντα,
2667 4884 2930 4936 quorsum
2959 4870 3152 4924 deinde
3177 4869 3256 4940 ἔτι
3286 4887 3382 4940 νη-

1805 4937 1998 5007 πίαχον
2025 4938 2182 5000 ὅντα;
2215 4937 2356 5004 Quid
2396 4941 2538 5008 quod
2582 4941 2849 5008 sententia
2882 4949 3005 5008 p_ost
3059 4937 3373 4994 ὑποδύντων

1807 5003 2072 5070 Τιτάνων,
2107 5003 2330 5081 omnino
2373 5003 2602 5081 pendet?
2631 5007 2694 5062 Et
2729 5009 2838 5081 illa,
2872 5003 3016 5063 οὗτοι
3048 5010 3111 5081 δὴ
3139 5012 3186 5081 οἱ
3222 5010 3378 5062 Τιτᾶ-

1805 5096 1915 5140 νες,
1954 5079 2223 5147 superilua
2259 5090 2405 5131 sunt.
2454 5079 2560 5133 Sed
2607 5080 2900 5134 eruditioni
2946 5079 3128 5149 potius
3163 5080 3252 5132 hic
3281 5096 3381 5132 au-

1808 5161 1925 5204 ctor
1957 5150 2123 5202 servit
2151 5165 2314 5218 quam
2349 5150 2529 5202 nitori.

1871 5219 1982 5287 (79)
2021 5219 2272 5286 Παίγνια
2335 5220 2756 5288 καμπεσίγυια.
2825 5217 2947 5274 llaac
2997 5219 3256 5289 Apuleius
3325 5218 3376 5270 in

1801 5289 2020 5358 Apolog.
2045 5305 2317 5341 sacrorum
2347 5291 2641 5356 crepundia
2672 5291 2951 5356 nominat;
2979 5291 3136 5358 plane
3166 5290 3232 5342 τὰ
3259 5289 3380 5340 παί-

1801 5375 1947 5425 γνια.
1983 5359 2226 5426 Scaliger
2257 5361 2310 5410 in
2338 5358 2834 5415 Catull..Varrnnis
2869 5362 2984 5429 (lib.
3021 5375 3112 5412 vm
3142 5359 3215 5412 De
3244 5359 3377 5426 (ing.

1805 5431 1952 5497 Lat.)
1994 5442 2328 5500 serperastra
2373 5445 2495 5482 esse
2517 5430 2640 5500 vult_
2660 5430 2728 5481 τὰ
2753 5431 3157 5500 καμπεσίγυια’
3192 5445 3377 5482 vereor

1806 5497 2230 5567 utpersuaileat.
2270 5497 2368 5550 llic
2415 5501 2559 5551 enim
2610 5497 2858 5564 Orpheus
2904 5500 3198 5569 crepundia
3242 5516 3378 5551 etm—

1805 5579 2002 5632 merat,
2031 5570 2229 5636 quibus
2261 5569 2494 5622 infantes
2516 5570 2774 5622 oblectari
2803 5572 3012 5633 solent;
3045 5580 3377 5639 serperastra

1807 5654 2096 5708 puerorum
2154 5641 2417 5706 geniculis
2471 5640 2836 5710 ilhgahantur,
2903 5643 3101 5710 quibus
3153 5655 3375 5694 crurum

1808 5711 2126 5777 pravitatem
2159 5711 2508 5777 corrigerent.
2539 5708 2717 5763 Lusus
2745 5726 2874 5780 ergo
2905 5708 3054 5766 fuere
3079 5710 3143 5764 τὰ
3161 5725 3378 5780 καρπε-

1813 5781 2016 5845 τίγυια,
2045 5790 2375 5846 serperastra
2406 5781 2704 5834 medicinae.
