3840 6216
460 276 561 336 131

1103 277 1374 336 EUSEBH
1414 275 1898 333 CASSARIENSIS
1936 276 2085 334 OPP.
2147 276 2329 332 PARS
2369 276 2433 332 ll.
2472 308 2543 318 —
2577 275 3082 332 APOLOGETlCA.

3618 279 3726 332 152

449 398 580 467 quid
606 397 793 452 arcani
823 397 1218 468 evulgandum.
1270 397 1464 454 Nonne
1492 399 1608 454 haec
1639 399 1824 454 omnia
1856 441 1870 462 ,
1926 399 2015 453 Se-

2143 401 2375 471 καρδίαι.
2413 401 2683 471 νάρθηκές
2713 417 2772 452 τε
2815 401 2908 453 καὶ
2938 399 3132 462 κιττοὶ,
3165 398 3302 472 πρὸς
3333 399 3387 454 δὲ
3419 401 3512 454 καὶ
3546 400 3722 470 φθόῖς,

449 503 636 550 samae,
673 489 1007 559 pyramides,
1065 489 1254 559 glomi,
1305 491 1568 559 placentae
1607 491 1776 543 variis
1808 490 2034 559 signate

450 579 746 646 umbilicis,
778 597 946 650 grana
979 583 1132 646 salis,
1171 592 1224 637 et
1253 582 1421 635 draco
1456 581 1698 651 Dionysii
1729 581 1914 635 Basari
1945 598 2033 636 sa-

448 681 790 726 cramentum
815 672 838 724 ?
865 687 973 726 non
1003 673 1143 727 mala
1176 672 1415 742 punica?
1446 688 1555 726 non
1592 672 1842 726 medullae
1870 674 2034 727 arbo-

448 763 614 817 rum?
650 779 758 817 non
792 762 980 818 ferulze
1001 779 1125 818 cum
1161 764 1421 819 hederis?
1450 781 1560 819 non
1588 764 1788 834 pastilli
1813 780 1878 818 ex
1910 764 2031 819 sili-

449 855 576 925 gine
619 871 889 925 caseoque
943 856 1225 912 conlecti?
1274 873 1384 912 non
1429 857 1666 928 denique
1721 857 2033 928 papavera?

449 945 575 1002 Haac
631 957 792 1013 sunt,
843 964 967 1018 quae
1016 959 1206 1003 sancta
1255 958 1474 1004 vocant.
1513 949 1700 1014 Quid?
1747 947 2031 1004 Themidis

445 1054 628 1094 nonne
658 1041 940 1095 recondita
978 1041 1227 1112 symbola
1262 1041 1363 1096 ista
1393 1041 1567 1096 sunt?
1595 1042 1884 1110 origanum
1904 1083 1920 1106 ,
1951 1041 2032 1110 ly-

444 1133 644 1196 chnus,
682 1133 916 1204 gladius,
952 1143 1143 1203 pecten
1210 1133 1494 1188 muliebris
1544 1134 1689 1204 quod
1737 1135 2028 1188 honestum

443 1241 509 1280 ac
533 1225 821 1296 mysticum
851 1235 936 1280 est
971 1226 1254 1282 muliebris
1283 1225 1522 1296 pudendi
1564 1241 1786 1280 nomen.
1822 1225 1866 1278 0
1895 1243 2031 1296 gna-

443 1333 566 1372 vam
593 1316 1015 1387 pet-frictamque
1064 1318 1457 1388 impudentiam
1489 1319 1500 1371 ε
1562 1319 1843 1372 hominum
1880 1317 2026 1371 enim

441 1408 928 1478 teniperantiorum
957 1409 1215 1480 voluptas
1251 1411 1428 1465 noctis
1457 1411 1677 1464 silentio
1708 1410 2024 1480 tegebatur;

443 1513 589 1552 nunc
619 1514 750 1552 vero
785 1515 892 1554 nox
921 1508 1007 1555 est
1033 1542 1048 1564 ,
1099 1516 1222 1570 quae
1261 1501 1543 1555 initiandis
1571 1516 1725 1555 sacra
1780 1501 2025 1555 libidinis

441 1593 724 1657 enuntiat;
763 1592 1007 1661 adeoque
1043 1593 1186 1662 ignis
1232 1591 1436 1662 ﬂagitia
1483 1593 1766 1648 succensis
1815 1594 2026 1650 facibus

442 1683 714 1737 illustrata
744 1683 953 1752 pandit.
985 1683 1286 1754 Exstingue
1318 1684 1395 1737 sis
1427 1684 1573 1738 hunc
1615 1685 1819 1754 ignem,
1848 1687 2028 1740 biero-

2143 491 2238 544 καὶ
2299 494 2584 564 μήκωνεςι
2639 492 2803 546 Ταῦτ’
2857 491 3006 545 ἔστιν
3061 492 3242 545 αὐτῶν
3295 491 3363 545 τά
3413 491 3563 561 ἅγια.
3614 494 3727 547 Καὶ

2143 581 2368 651 προσέτι
2401 582 2500 651 τῆς
2539 581 2768 652 Θέμιδος
2799 581 2866 634 τά
2895 581 3110 652 ἄρρητα
3136 581 3398 652 σύμϐολα,
3434 583 3723 654 ὼρίγανον,

2140 673 2351 743 λύχνος,
2398 673 2585 743 ξίφος,
2624 675 2774 738 κτεὶς
2812 677 3140 739 γυναικεῖος,
3173 675 3231 739 ὃς
3276 675 3423 728 ἐστιν
3464 677 3726 746 εὐφήμως

2140 769 2234 822 καὶ
2283 768 2540 838 μυστικὸν
2590 769 2776 840 μόριον
2825 771 3156 836 γυναικεῖον.
3189 770 3252 822 Ὠ
3299 771 3398 840 τῆς
3448 769 3726 840 ἐμφανοῦς

2138 857 2552 927 ἀναισχυντίαςῑ
2598 857 2771 910 Πάλαι
2825 858 2924 928 μὲν
2989 858 3297 928 ἀνθρώποις
3357 859 3726 928 σωφρονοῦσιν

2141 949 2500 1020 ἐπικάλυμμα
2548 950 2763 1020 ἡδονῆς,
2809 950 2907 1016 νὺξ
2958 951 3317 1020 σιωπωμένη·
3359 951 3478 1004 νυνί
3507 951 3562 1004 δὲ
3609 956 3725 1014 τοῖς

2143 1043 2522 1112 μυουμένοιςή
2553 1041 2672 1113 ἱερά
2700 1043 2799 1113 τῆς
2827 1043 3097 1113 ἀκρασίας
3122 1042 3218 1107 νύξ
3245 1045 3360 1095 ἐστι
3393 1041 3721 1113 λαλουμένη·

2139 1135 2231 1188 καὶ
2263 1134 2321 1187 τὸ
2365 1133 2474 1204 πῦρ
2501 1134 2710 1206 ἐλέγχει
2733 1134 2802 1187 τὰ
2826 1135 2972 1204 πάθη
3000 1135 3419 1206 δᾳδουχούμενα.
3462 1133 3728 1186 Ἀπόσϐε-

2140 1243 2250 1286 σον,
2287 1219 2331 1278 ὦ
2369 1226 2693 1296 ἱεροφάντα,
2740 1226 2802 1278 τὸ
2849 1225 2992 1298 πῦρ·
3043 1225 3595 1297 αἱδέσΟητι,δαδοῦχε,
3621 1226 3723 1287 τάς

2135 1317 2440 1388 λαμπάδας.
2480 1317 2722 1388 Ἐλέγχει
2750 1337 2843 1372 σου
2866 1320 2956 1374 τὸν
2987 1317 3204 1389 Ἴακχον
3233 1319 3294 1371 τὸ
3325 1317 3458 1386 φῶς·
3493 1318 3683 1389 ἐπίτρε
3707 1347 3721 1354 -

2133 1409 2233 1478 ψον
2274 1409 2588 1480 ἀποκρύψαι
2625 1413 2692 1480 τῇ
2729 1412 2885 1464 νυκτὶ
2914 1410 2982 1464 τὰ
3025 1411 3302 1480 μυστήρια
3340 1409 3537 1462 σκότει·
3575 1426 3728 1460 τετι-

2138 1500 2330 1571 μήσθω
2359 1500 2425 1554 τὰ
2457 1501 2639 1572 ὄργια.
2680 1501 2753 1553 Τὸ
2782 1501 2894 1572 πῦρ
2921 1502 3020 1571 οὑχ
3051 1502 3439 1572 ὑποκρίνεται·
3476 1501 3730 1570 ἐλέγχειν

2135 1594 2227 1645 καὶ
2254 1593 2502 1657 κολάζειν
2527 1593 2828 1646 κελεύεται.
2860 1593 3047 1647 Ταῦτα
3072 1595 3179 1646 τῶν
3203 1594 3380 1648 ἀθέων
3403 1593 3469 1647 τά
3508 1596 3729 1664 μυστήο

2135 1701 2246 1755 ρια.
2287 1683 2504 1747 Ἀοέους
2531 1684 2587 1736 δὲ
2615 1684 2838 1746 εἰκότως
2870 1683 3130 1736 ἀποκαλῶ
3155 1683 3397 1746 τούτους,
3425 1683 3473 1736 οἳ
3499 1681 3593 1734 τὸν
3620 1682 3729 1752 μὲν

441 1775 680 1845 phanta;
711 1784 900 1844 tuque,
931 1790 964 1828 ο
987 1775 1083 1844 qui
1112 1775 1294 1829 lumen
1314 1775 1560 1845 praefers,
1590 1784 1712 1830 tuas
1739 1777 1854 1846 ipse
1877 1776 2015 1833 faces

2143 1776 2296 1838 ἱντως
2329 1777 2457 1828 ὄντα
2486 1775 2618 1828 Θεὸν
2651 1777 2975 1846 ἠγνοήκασι,
3007 1776 3217 1830 παιδίον
3251 1775 3307 1828 δὲ
3335 1774 3438 1828 ὑπὸ
3474 1775 3730 1829 Τιτάνων

440 1879 726 1919 reverere:
769 1864 955 1919 lumen
1012 1866 1158 1919 istud
1214 1865 1471 1920 Iacchum
1528 1867 1763 1922 traducit
1821 1877 2019 1921 tuum:

440 1967 625 2026 patere
648 1965 860 2010 noctem
875 1957 1128 2027 mysteria
1149 1958 1389 2012 tenebris
1421 1958 1714 2019 occultare;
1741 1960 2020 2028 orgiorum

440 2048 636 2102 honori
671 2047 988 2102 consulatur
1017 2067 1029 2101 :
1065 2048 1209 2118 ignis
1242 2049 1504 2103 simulare
1534 2065 1643 2102 non
1673 2059 1851 2118 potest
1879 2068 1891 2102 :
1937 2065 2024 2103 ar-

441 2155 626 2210 guere,
657 2139 963 2210 punireque
986 2139 1162 2208 jubet.
1197 2139 1322 2193 llaec
1354 2140 1520 2210 igitur
1548 2139 1638 2193 illa
1682 2152 1811 2194 sunt
1847 2141 2023 2194 homi-

439 2245 570 2283 num
598 2230 884 2285 atheorum
908 2231 1187 2302 mysteria.
1217 2228 1348 2286 Jure
1365 2232 1508 2285 enim
1542 2233 1736 2288 atheos
1763 2233 2022 2298 dixerim,

439 2323 586 2392 quia
619 2323 730 2376 veri
754 2322 1007 2378 Numinis
1025 2323 1334 2393 cognitione
1368 2339 1596 2392 prorsus
1623 2325 1808 2388 alieni,
1840 2324 2026 2393 pusio-

441 2430 564 2469 nem
591 2429 620 2468 a
647 2413 933 2469 Titanibus
959 2415 1295 2485 discerptum
1316 2454 1330 2477 ,
1365 2415 1662 2485 eiulantem
1721 2416 2021 2470 muliercu-

441 2508 572 2572 lam,
595 2518 883 2578 partesque
936 2510 1182 2578 corporis
1205 2551 1219 2573 ,
1243 2525 1380 2576 quas
1409 2509 1585 2579 pudor
1603 2508 1889 2563 nominare
1912 2523 2020 2563 non

441 2601 592 2666 sinit,
629 2601 1098 2670 impudentissime
1141 2608 1473 2654 venerantur
1509 2617 1523 2665 ;
1565 2607 1628 2652 ut
1659 2599 1865 2669 duplici
1923 2614 2022 2653 no-

2129 1867 2527 1935 διασπώμενον,
2567 1869 2662 1920 καὶ
2714 1869 2938 1936 γύναιον
2984 1867 3236 1930 πενθοῦν,
3282 1867 3376 1922 καὶ
3425 1866 3588 1938 μόρια
3621 1868 3736 1937 ἄρσ

2133 1960 2292 2030 ρητα,
2336 1960 2410 2024 ὡς
2460 1959 2698 2030 ἀληθῶς,
2737 1961 2844 2014 ὑπὸ
2883 1959 3166 2030 αἰσχύνης,
3209 1957 3583 2029 ἀναισχύντως
3632 1959 3737 2011 σέ·-

2131 2050 2303 2112 ϐουσι,
2337 2050 2486 2121 διττῇ
2521 2050 2864 2121 ὲνισχημένοι
2901 2053 2969 2122 τῇ
3001 2051 3285 2122 ἀθεότητιο
3306 2039 3562 2122 προτέρα
3598 2049 3733 2120 μὲν,

2131 2141 2252 2194 καθ’
2280 2141 2345 2210 ἢν
2383 2142 2637 2210 ἀγνοοῦσι
2669 2143 2760 2195 τὸν
2798 2143 2952 2205 Θεὸν,
2998 2141 3089 2195 τὸν
3115 2141 3284 2205 ὅντως
3313 2141 3438 2195 ὅντα
3467 2141 3541 2212 μὴ
3579 2158 3739 2208 γνω-

2133 2233 2372 2302 ρίζοντες
2413 2233 2581 2288 Θεόνο
2633 2235 2795 2306 ἑτέρᾳ
2823 2235 2880 2288 δὲ
2923 2236 3017 2288 καὶ
3057 2234 3307 2306 δευτέρᾳ,
3351 2233 3524 2304 ταύτῃ
3544 2233 3613 2303 δὴ
3646 2236 3723 2303 τῇ

2129 2323 2306 2395 πλάνῃ
2331 2326 2456 2388 τοὺς
2488 2327 2586 2379 οὑκ
2609 2327 2769 2391 ὂντας
2791 2328 2864 2391 ὼς
2891 2327 3048 2391 ὄντας
3072 2327 3405 2398 νομίζοντες,
3437 2327 3532 2379 καὶ
3561 2326 3731 2389 θεοὺς

2127 2416 2348 2480 τούτους
2375 2417 2756 2488 ὀνομάζοντες,
2794 2419 2920 2484 τοὺς
2955 2421 3056 2472 οὑκ
3095 2420 3265 2483 ὅντως
3300 2419 3481 2483 ὄντας,
3515 2419 3734 2490 μᾶλλον

2130 2508 2188 2561 δὲ
2217 2509 2338 2562 οὐδὲ
2364 2510 2546 2575 ὄντας,
2577 2512 2740 2580 μόνου
2765 2512 2822 2564 δὲ
2859 2511 2952 2564 τοῦ
2978 2511 3246 2582 ὀνόματος
3267 2512 3659 2582 τετυχηκότας.
3701 2532 3724 2562 ι

2131 2601 2381 2656 Τοσαῦτα
2413 2603 2508 2656 καὶ
2532 2597 2706 2668 οὗτος.

441 2695 586 2748 mine
615 2693 908 2764 impietatis
941 2709 1004 2747 ac
1038 2703 1244 2764 negatae
1275 2693 1576 2747 divinitatis
1627 2694 1701 2747 rei
1752 2702 2060 2756 teneantur,
2105 2693 2298 2760 altero,
2337 2696 2484 2765 quod
2517 2694 2688 2749 Deum
2724 2696 2998 2766 ignorent,
3028 2695 3159 2751 dum
3201 2710 3546 2766 nequaquam
3590 2712 3727 2752 eum

437 2789 530 2857 qui
579 2803 705 2843 vere
752 2787 895 2842 Deus
937 2797 1020 2842 est
1061 2797 1396 2858 agnoscunt;
1451 2788 1643 2850 altero,
1699 2787 1848 2857 quod
1888 2801 1986 2841 eos
2031 2802 2344 2857 superesse,
2381 2789 2476 2858 qui
2521 2803 2628 2842 non
2673 2797 2841 2855 sunt,
2884 2790 3238 2856 arbitrentur,
3274 2789 3533 2859 ipsosque
3579 2789 3722 2843 deos

440 2891 774 2954 nuncupent,
799 2882 893 2952 qui
922 2892 1131 2937 tantum
1169 2899 1200 2938 a
1242 2899 1369 2937 vera
1419 2883 1703 2937 divinitate
1734 2883 1958 2948 absunt,
2006 2889 2066 2936 ut
2101 2897 2172 2938 ne
2203 2885 2480 2954 supersint
2517 2883 2762 2955 quidem,
2805 2899 3038 2955 eamque
3061 2892 3191 2939 sunt
3237 2883 3459 2938 nomine
3491 2882 3614 2938 solo
3641 2892 3729 2937 te-

440 2993 544 3033 nus
568 2974 865 3046 aliquando
903 2974 1206 3030 consecuti.
1244 2993 1263 3027 )
1299 2973 1418 3030 lluc
1459 2991 1634 3044 usque
1672 2973 1948 3029 Clemens.

1040 3067 1270 3124 CAPUT
1307 3068 1397 3124 IV.

477 3159 680 3227 Quibus
713 3161 1008 3216 rationibus
1034 3179 1065 3214 a
1093 3161 1442 3230 suscipiendis
1482 3162 1746 3230 ejusmodi
1778 3163 1842 3216 de
1868 3163 1973 3216 diis

821 3232 1154 3301 Opiniouibtrs
1193 3233 1407 3286 abducti
1440 3235 1626 3287 simus.

509 3324 641 3380 Jure
675 3342 807 3380 sane
835 3343 900 3381 ac
922 3329 1120 3380 merito
1149 3341 1250 3380 nos
1275 3327 1343 3380 ab
1377 3327 1498 3381 istis
1533 3327 1792 3382 omnibus
1820 3327 2017 3382 libera-

439 3426 524 3471 tos
545 3432 666 3472 esse
691 3418 1042 3486 proﬁtemur,
1075 3417 1274 3486 quippe
1324 3417 1418 3486 qui
1451 3417 1564 3488 68
1611 3427 1720 3471 tam
1771 3419 2015 3472 diuturni

441 3522 663 3579 tamque
698 3508 978 3564 inveterati
1013 3509 1216 3563 erroris
1245 3508 1325 3564 sic
1377 3517 1638 3578 tanquam
1674 3509 2015 3564 acerbissimi

439 3603 857 3672 gravissimique
881 3601 1056 3656 morbi
1087 3601 1454 3656 calamitatem
1485 3601 1798 3672 depulimus
1832 3621 1846 3656 :
1904 3601 2018 3671 pri-

440 3709 587 3746 mum
622 3692 839 3760 quidem
895 3691 1157 3761 singulari
1204 3691 1553 3761 przepotentis
1596 3689 1690 3745 Dei
1743 3690 1919 3762 gratia
1965 3699 2018 3746 et

440 3783 722 3846 beneﬁcio,
755 3783 951 3838 deinde
979 3783 1287 3838 Servatoris
1329 3784 1500 3839 nostri
1533 3783 1860 3854 evangelicae
1913 3781 2015 3836 do-

438 3876 626 3930 ctrina:
656 3875 706 3928 vi
738 3875 972 3945 quadam
999 3883 1053 3927 et
1085 3884 1372 3944 potestate,
1407 3891 1529 3944 qua:
1551 3876 1730 3930 verbis
1754 3874 2015 3944 explicari

441 3977 732 4040 nequeant,
766 3983 903 4023 sano
927 3967 1162 4036 denique
1192 3977 1518 4037 matureque
1543 3968 1774 4022 consilio
1812 3967 1866 4021 in
1891 3982 2012 4022 eam

438 4061 654 4115 adducti
684 4061 1032 4123 sententiam,
1061 4067 1117 4113 ut
1153 4069 1444 4130 augustum
1495 4059 1754 4129 omnique
1783 4059 2009 4129 dignum

436 4150 785 4205 veneratione
839 4148 933 4203 Dei
981 4164 1177 4202 nomen
1214 4148 1468 4202 obnoxiis
1498 4149 1659 4202 morti
1695 4149 2014 4202 hominibus

439 4241 726 4312 impertiri,
749 4239 904 4295 nefas
939 4248 992 4292 et
1051 4239 1274 4308 impium
1325 4240 1710 4305 crederemus,
1761 4239 2011 4309 quicum

438 4333 642 4403 pridem
673 4334 816 4386 inter
840 4344 1087 4385 mortuos
1111 4333 1350 4401 jaceant,
1395 4340 1508 4385 tum
1545 4346 1675 4386 vero
1704 4341 2015 4400 temperan-

2654 3065 3058 3122 ΚΕΦΑΛΑῘΟΝ
3104 3069 3178 3122 A'.

2128 3159 2254 3212 Τίσι
2293 3158 2606 3227 λογισμοῖς
2641 3159 2866 3244 ξοῦῡμὴ
2910 3160 2981 3212 τὰ
3006 3160 3184 3248 ῥ’μοια
3231 3161 3367 3230 περὶ
3392 3161 3545 3215 θεῶν
3567 3178 3731 3232 φρο-

2577 3247 2708 3282 νειν
2748 3245 3244 3300 ανεχωρησαμεν.

2192 3320 2432 3385 Εἰκότως
2473 3322 2607 3392 δῆτα
2640 3323 2802 3392 ἡμεῖς
2843 3324 3050 3374 τούτων
3090 3322 3346 3376 ἁπάντων
3393 3321 3736 3396 ἐλευθέρους

2121 3416 2268 3484 ἡμᾶς
2305 3413 2558 3482 γενέσθαι
2598 3414 2986 3484 ὁμολογοῦμεν,
3017 3417 3115 3486 τῆς
3144 3418 3362 3488 μακρᾶς
3390 3417 3484 3469 καὶ
3526 3434 3733 3471 πεπα-

2119 3505 2358 3575 λαιωμέν
2371 3523 2428 3576 ης
2458 3505 2685 3576 πλάνης,
2720 3505 2912 3578 ὥσπερ
2945 3507 3090 3571 τινὸς
3117 3507 3298 3578 δεινῆς
3331 3509 3426 3562 καὶ
3462 3507 3733 3579 χαλεπω-

2117 3599 2286 3667 τάτης
2329 3598 2484 3651 νόσου
2524 3597 2950 3670 λελυτρωμένον
2997 3601 3091 3654 καὶ
3131 3601 3323 3673 πρῶτα
3364 3602 3462 3672 μὲν
3501 3605 3570 3673 τῇ
3614 3604 3733 3656 τοῦ

2119 3692 2556 3762 παντοκράτορος
2599 3691 2735 3744 Θεοῦ
2764 3693 2946 3763 χάριτι
2989 3694 3084 3747 καὶ
3119 3694 3430 3766 εὐεργεσίᾳ,
3456 3694 3732 3767 δεύτερον

2117 3781 2195 3845 δὲ,
2221 3783 2518 3854 ἀπορρήτῳ
2545 3783 2770 3854 δυνάμει
2807 3784 2910 3854 τῆς
2941 3785 3036 3838 τοῦ
3070 3786 3323 3857 Σωτῆρος
3353 3785 3511 3858 ἡμῶν
3541 3787 3733 3856 εὐαγο-

2116 3874 2340 3944 γελικῆς
2379 3874 2728 3939 διδασκαλίας
2751 3891 2764 3905 ο
2804 3876 2900 3929 καὶ
2933 3877 3137 3947 τρίτον,
3181 3877 3417 3950 σώφρονι
3461 3878 3732 3951 λογισμῷ

2116 3965 2399 4034 κρίναντες
2423 3965 2633 4018 ἀνόσιον
2659 3967 2802 4020 εἶναι
2831 3969 2925 4021 καὶ
2951 3968 3166 4034 ἀσεϐὲς,
3205 3972 3272 4040 τῇ
3312 3969 3407 4022 τοῦ
3448 3968 3589 4024 Θεοῦ
3625 3988 3734 4025 σε-

2118 4055 2326 4129 ϐασμίᾳ
2384 4058 2729 4129 προσηγορίᾳ
2770 4061 2937 4130 τιμᾷν
2984 4061 3114 4124 τοὺς
3167 4060 3334 4114 πάλαι
3383 4063 3441 4115 ἐν
3491 4067 3730 4134 νεκροῖς

2117 4148 2405 4218 κειμένους
2447 4149 2674 4221 θνητοὺς
2715 4149 2940 4222 ἄνδρας,
2975 4152 3070 4205 καὶ
3110 4152 3231 4205 οὑδὲ
3281 4154 3578 4225 σωφρόνων
3623 4155 3733 4208 ἀν-

2113 4238 2256 4310 δρῶν
2303 4242 2524 4312 μνήμην
2560 4241 3020 4310 ἀπολελοιπότας,
3058 4246 3298 4316 ἐσχάτης
3336 4246 3392 4299 δὲ
3432 4247 3728 4318 ἀκρασίας

2117 4330 2212 4383 καὶ
2279 4332 2596 4396 ἀκολασίας,
2656 4333 2940 4403 ὠμότητός
3002 4352 3061 4388 τε
3125 4337 3221 4389 καὶ
3280 4337 3727 4408 φρενοϐλαϐείας

439 4426 524 4480 tia:
553 4425 936 4480 documentum
963 4425 1282 4494 reliquerint
1311 4424 1544 4488 nullum,
1581 4424 1675 4478 sed
1707 4425 1887 4478 omnis
1912 4439 2003 4493 po-

2143 4419 2383 4491 ῖείγματα
2403 4425 2515 4487 τοῖς
2544 4427 2660 4493 μετ’
2687 4425 2886 4488 αὐτοὺς
2913 4427 3201 4496 φυλάττειν
3228 4428 3719 4498 παραδεδωκότας.

439 4518 546 4571 tius
574 4517 1032 4586 intemperantiae,
1063 4516 1324 4582 libidinis,
1367 4515 1707 4571 crudelitatis
1766 4517 1833 4570 ad
1888 4517 2007 4570 ani-

438 4624 650 4664 morum
678 4608 973 4678 perniciem
1001 4609 1336 4664 monimenta
1361 4609 1596 4678 posteris
1625 4609 2004 4663 conservanda

435 4699 784 4755 crediderint.
811 4697 1123 4761 Enimvero,
1158 4699 1284 4769 quis
1332 4715 1441 4753 non
1471 4709 1728 4754 extremae
1759 4699 2006 4756 stultitiae

437 4791 679 4845 futurum
723 4789 774 4844 id
803 4789 1005 4855 videat,
1029 4790 1073 4843 si
1112 4789 1364 4844 homines
1390 4789 1767 4844 sanctimonia:
1795 4805 1859 4844 ac
1886 4805 2007 4844 mo-

436 4899 556 4937 rum
591 4881 913 4952 integritatis
957 4889 1223 4946 amantes,
1277 4880 1485 4950 primas
1514 4880 1820 4935 libidinosis
1857 4881 2009 4952 ﬂagi-

437 4977 703 5046 tiosisque
732 4973 1124 5029 concederent?
1161 4973 1206 5026 si
1254 4972 1454 5026 maturi
1486 4981 1652 5041 atque
1682 4972 1960 5040 sapientes
1989 5010 2004 5035 ,

437 5071 660 5140 perdita:
690 5068 1053 5139 projectaeque
1084 5065 1284 5119 mentis
1332 5065 1620 5129 homines;
1656 5064 1700 5118 si
1732 5064 2008 5132 aequitatis

437 5161 901 5229 humanitatisque
956 5158 1212 5221 studiosi,
1260 5173 1355 5212 eos
1382 5156 1475 5225 qui
1526 5165 1735 5209 tantum
1784 5155 2004 5209 diritate

436 5265 660 5311 exteros
709 5263 762 5309 et
799 5251 1136 5307 immanitate
1186 5256 1545 5320 superarunt,
1600 5256 1659 5300 ut
1716 5248 2006 5302 sceleratas

438 5364 634 5403 manus
667 5345 1022 5402 exsecrandis
1076 5345 1372 5397 liberorum
1419 5350 1818 5411 parentumque
1852 5341 2006 5395 caedi-

435 5443 539 5497 bus
569 5439 911 5496 cruentarint
941 5479 955 5505 ,
992 5437 1387 5506 augustissimo
1423 5435 1573 5489 cultu
1623 5434 2006 5490 celebrarent?

404 5534 603 5603 'Cujus
630 5545 759 5586 vero
787 5545 894 5586 non
919 5529 1301 5600 cogitationem
1319 5526 1595 5596 impietate
1623 5525 1890 5590 vicerunt,
1911 5527 2000 5595 qui

432 5623 517 5681 vel
569 5623 636 5678 ad
689 5622 956 5678 obscenas
980 5661 996 5688 ,
1027 5633 1275 5690 quasque
1303 5633 1371 5672 ne
1401 5618 1628 5672 honeste
1657 5617 1876 5687 quidem
1911 5633 2006 5671 no-

426 5716 642 5770 tui-tart-
668 5713 847 5777 liceat,
884 5713 1124 5766 virorum
1155 5710 1554 5780 mulierumque
1590 5719 1791 5779 partes,
1816 5709 1899 5762 vel
1935 5709 1998 5763 ad

2116 4510 2240 4576 Πῶς
2271 4511 2380 4584 γὰρ
2408 4515 2468 4566 οὐ
2512 4515 2730 4569 πάντων
2761 4517 3137 4587 ἠλιθιώτατον,
3175 4521 3302 4585 τοὺς
3347 4523 3726 4596 σωφροσύνης

2115 4607 2348 4678 ἐραστὰς
2380 4610 2493 4672 τοῖς
2523 4609 2766 4681 αἰσχροῖς
2793 4611 2888 4664 καὶ
2915 4611 3236 4678 ἀκολάστοις
3269 4613 3377 4667 τῶν
3416 4617 3724 4686 πρωτείων

2117 4702 2487 4770 παραχωρεῖν,
2525 4701 2616 4752 καὶ
2661 4703 2787 4765 τοὺς
2833 4703 3091 4767 συνετοὺς
3139 4705 3233 4758 καὶ
3279 4705 3554 4776 ἔμφρονας
3589 4709 3727 4772 τοῖς

2115 4787 2212 4852 τὰς
2241 4789 2442 4862 φρένας
2468 4791 2837 4844 ἀπολωλεκόσι
2863 4793 2964 4863 τὴν
2994 4794 3299 4865 σεϐασμίαν
3327 4793 3590 4866 παρέχειν
3626 4813 3730 4850 τι-

2119 4882 2255 4953 μήψ
2293 4883 2416 4944 τούς
2445 4901 2503 4935 τε
2547 4883 2891 4956 δικαιοσύνης
2931 4887 3026 4940 καὶ
3067 4886 3478 4958 φιλανθρωπίας
3522 4888 3722 4959 ἀσκη-

2113 4973 2212 5036 τάς
2233 5014 2246 5036 ,
2275 4977 2388 5038 τοῖς
2415 4975 2482 5028 δι’
2511 4975 2817 5048 ὑπερϐολὴν
2842 4977 3126 5050 ὠμότητος
3157 4980 3251 5032 καὶ
3278 4979 3724 5050 ἀπανθρωπίας,

2113 5065 2488 5130 τεκνοκτονίας
2518 5067 2612 5120 καὶ
2642 5067 3038 5139 πατροκτονίας
3073 5069 3373 5139 μιάσμασιν
3407 5069 3722 5140 ὲνισχημέ-

2114 5171 2258 5219 νοις;
2308 5155 2465 5206 ⁴ποίαν
2505 5155 2561 5208 δὲ
2607 5156 2706 5225 οὑχ
2751 5156 3179 5227 ὑπερηκόντισεν
3231 5155 3540 5228 ὑπερϐολὴν
3574 5157 3728 5210 ἀσε-

2113 5247 2284 5313 ϐείας,
2315 5246 2377 5300 τὸ
2423 5246 2781 5300 καταϐάλλειν
2815 5249 2895 5310 εἰς
2939 5248 3156 5320 ἀῤῥητα
3207 5248 3418 5322 ἀνδρῶν
3461 5248 3558 5302 καὶ
3600 5266 3723 5316 γυ-

2111 5339 2312 5392 ναικῶν
2347 5339 2530 5410 μόρια,
2565 5340 2658 5392 καὶ
2690 5341 2770 5403 εἰς
2802 5342 2902 5410 τὴν
2935 5340 3150 5408 ἄλογον,
3189 5341 3284 5394 καὶ
3317 5338 3555 5412 θηριώδη
3599 5340 3725 5410 φύ-

2115 5448 2218 5492 σιν,
2252 5431 2350 5501 τὴν
2377 5431 2580 5502 σεμνὴν
2603 5433 2697 5483 καὶ
2733 5433 3003 5498 παναγίαν
3045 5433 3140 5485 τοῦ
3171 5433 3308 5486 Θεοῦ
3351 5433 3666 5507 πρόρρησιν
3700 5453 3719 5499 ;

2109 5524 2335 5578 τοιαῦτά
2380 5541 2437 5577 τε
2491 5525 2692 5597 αἰσχρὰ
2753 5527 2846 5578 καὶ
2884 5525 3227 5597 ἀπάνθρωπα
3279 5526 3570 5594 Θεολογεῖν,
3611 5521 3728 5582 οἷα

2112 5617 2202 5670 ἐπὶ
2247 5616 2356 5668 τῶν
2398 5619 2455 5670 ὲν
2503 5616 2810 5688 ἀνθρώποις
2859 5618 3201 5688 κακουργῶν,
3250 5622 3297 5670 εἰ
3332 5617 3722 5689 κατελεγχθῇ,

2109 5710 2228 5772 ταῖς
2276 5707 2382 5760 ἀπὸ
2429 5706 2537 5760 τῶν
2573 5708 2750 5778 νόμων
2800 5709 3195 5780 ἀπαραιτήτοις
3244 5709 3574 5762 ύποπέσοιεν
3630 5710 3726 5764 ἂν
