3840 6216
142 306 247 362 I33

1334 300 1658 358 PR£PAR.
1702 299 1955 356 EVANG.
1996 299 2125 357 LIB.
2159 299 2223 356 ll.

3326 298 3443 363 {St

135 423 474 496 τιμωρίαιςς
517 424 627 478 Καὶ
668 421 723 478 τί
772 423 878 495 χρὴ
924 423 1184 494 μηκύνειν
1228 423 1699 494 εὐαγγελιζομένοι

1820 478 1821 481 η
1850 431 2102 479 naturam
2134 422 2434 478 bestiarum
2493 422 2708 478 ratione
2741 420 3046 477 carentium
3083 419 3427 475 adorandum

136 517 377 580 πάντας,
413 515 693 587 βάρϐαρον
726 515 862 586 ὁμοῦ
901 516 999 570 καὶ
1038 515 1311 586 Ἕλληνα,
1345 516 1445 586 τὴν
1479 515 1588 567 ἀπὸ
1625 514 1736 567 τῶν

1844 514 1979 570 illud
2011 524 2175 585 atque
2194 523 2615 569 sacrosanctum
2648 513 2743 569 Dei
2773 529 2973 569 nomen
2998 512 3291 582 abjecere'!
3312 511 3432 582 qui-

133 607 451 680 εἰρημένων
485 608 673 660 κακῶν
710 608 1046 679 ἐλευθερίαν,
1092 608 1194 679 τῆς
1228 625 1289 661 τε
1328 607 1435 661 ἀπὸ
1466 608 1573 661 τῶν
1602 608 1699 677 ψευ

1843 624 1950 679 que
1972 608 2245 678 ejusmodi
2290 606 2624 679 flagitiorum
2674 606 3145 676 immanitatisque
3178 601 3427 660 monstra

130 684 403 770 δωνῦμων
442 699 581 752 θεῶν
609 699 947 764 ἀποστασίας
984 700 1067 765 τὸ,
1092 699 1313 769 εὖλογον
1347 702 1428 763 εἰς
1455 699 1572 769 φῶς
1600 700 1736 769 ἀγα-

129 791 360 860 γόντας,
392 790 555 845 ὁπότε
591 793 687 845 καὶ
724 791 905 845 αὐτῶν
942 790 1043 863 ἤδη
1086 792 1196 845 τῶν
1236 792 1442 863 σφόδρα
1471 791 1733 845 δεισιδαι-

135 882 323 953 μόνων
363 883 414 935 οἰ
460 882 701 948 πλείους,
748 883 937 954 ῶσπερ
981 885 1049 937 ἐκ
1099 883 1293 955 βαθέος
1334 885 1507 957 κάρου
1546 885 1733 957 διανή-

128 975 364 1044 ψαντες,
396 977 493 1030 καὶ
524 978 624 1047 τῆς
653 977 894 1041 παλαιᾶς
915 976 1114 1048 ἀχλύος
1148 979 1210 1031 τὸ
1238 979 1337 1049 τῆς
1370 976 1550 1049 ψυχῆς
1577 979 1733 1051 ὄμμα

128 1065 524 1135 ὂιανοίξαντες,
551 1069 643 1121 τὸν
668 1068 837 1139 βαθὺν
864 1068 1035 1140 λῆρον·
1048 1069 1286 1123 συνεῖδον
1307 1070 1406 1142 τῆς
1452 1072 1728 1141 πατρικῆς

129 1160 382 1232 πλάνης·
420 1162 517 1214 καὶ
554 1161 784 1223 στάντες
810 1161 903 1213 ἐπὶ
931 1159 1224 1231 λογισμοῦ,
1247 1160 1346 1233 τὴν
1379 1163 1571 1233 ἑτέραν
1610 1163 1728 1217 ὁδὸν

128 1251 364 1318 εἰλοντο,
378 1252 481 1323 τῆς
502 1252 741 1315 παλαιᾶς
762 1252 1254 1323 ἀναχωρήσαντες;
1277 1245 1352 1305 ὧν
1376 1254 1424 1306 οἰ
1446 1253 1543 1323 μὲν
1562 1254 1729 1322 ὁμόσε

126 1344 508 1415 χωρήσαντες,
556 1343 658 1412 τῆς
698 1343 829 1414 ὅλης
868 1342 1216 1396 κατέπτυσαν
1251 1343 1577 1414 μυθολογίας
1621 1344 1729 1399 τῶν

125 1435 417 1507 σφετέρων
467 1436 751 1505 προγόνων
805 1435 978 1490 πλατὺ
1025 1435 1501 1505 καταγελάσαντες
1520 1454 1533 1468 ’
1588 1438 1639 1491 οἱ
1680 1438 1726 1491 δ’

120 1526 428 1599 ἀθεότητος
460 1527 621 1593 δόξαν
647 1527 1020 1591 ἐκκλίναντες,
1046 1527 1171 1581 οὕτε
1197 1529 1292 1582 ἐπὶ
1317 1532 1430 1594 τοῖς
1458 1530 1726 1603 πρότερον

118 1620 396 1691 ἔστησαν,
424 1619 551 1674 οὔτε
594 1620 656 1686 ἐξ
692 1621 933 1684 ἅπαντος
968 1620 1146 1674 αὐτῶν
1191 1620 1578 1693 ἀνεχώρησαν,
1630 1629 1725 1676 κοὲ-

115 1710 393 1767 λακεῦσαι
456 1712 515 1766 δὲ
576 1712 671 1767 καὶ
720 1712 1055 1784 θεραπεῦσαι
1104 1713 1203 1784 τὴν
1266 1714 1472 1768 οἰκείαν
1525 1715 1724 1787 προθέ-

1843 700 1901 754 in
1930 699 2220 767 theologia
2249 714 2365 755 suae
2398 698 2676 770 mysteriis
2706 698 3001 763 tradidere,
3037 695 3346 766 cujusmodt
3378 697 3427 751 si

1840 807 1964 862 quae
1993 791 2075 847 vel
2094 791 2149 845 in
2178 789 2665 846 facinorosissimis
2704 789 3020 845 hominibus
3051 787 3428 858 deprehende-

1839 892 2049 949 rentur,
2096 898 2290 953 prenas
2337 883 2600 938 continuo
2636 882 2852 952 legibus
2901 881 3237 936 constitutas
3284 879 3422 935 citra

1838 963 2055 1029 veniam
2080 989 2299 1031 omnem
2325 974 2706 1030 sustinerent?
2745 972 3098 1043 Quanquam,
3130 971 3261 1041 quid
3301 971 3427 1042 plu-

1836 1067 1993 1123 ribus
2018 1083 2158 1137 opus
2184 1076 2289 1134 est,
2329 1076 2390 1122 ut
2429 1066 2686 1121 universo
2720 1065 3029 1129 hominum,
3084 1073 3196 1118 tam
3235 1065 3426 1120 barba-

1806 1170 2026 1214 'rorum
2058 1174 2225 1229 quam
2258 1157 2598 1223 Graecorum,
2650 1157 2837 1228 generi
2894 1156 3108 1212 felicem
3142 1165 3223 1212 tot
3247 1165 3425 1212 tanto-

1835 1267 2069 1322 rumque
2091 1250 2361 1306 malorum
2396 1250 2773 1304 liberationem
2792 1249 3176 1319 pradicemus,
3203 1264 3425 1305 causas-

1835 1356 1944 1411 que
1974 1350 2174 1397 nostra:
2204 1357 2234 1396 a
2265 1341 2472 1396 lictitiis
2512 1340 2835 1395 numinibus
2883 1337 3208 1394 defectionis
3237 1339 3424 1408 justiso

1835 1434 2006 1489 simas
2035 1434 2088 1488 in
2139 1434 2381 1489 medium
2415 1432 2747 1499 alleramus;
2809 1448 2933 1489 cum
2983 1447 3174 1488 eorum
3207 1432 3373 1487 etiam
3401 1473 3418 1500 ,

1832 1526 1925 1595 qui
1953 1527 2190 1581 aretiore
2239 1535 2399 1581 antea
2437 1526 2831 1596 superstitione
2881 1526 3254 1591 tenebantur,
3302 1526 3421 1596 plu-

1834 1619 1959 1673 rimi
1991 1619 2106 1689 jam
2156 1620 2315 1690 quasi
2348 1635 2415 1675 ex
2468 1621 2580 1674 alto
2627 1619 2905 1675 diuturnae
2932 1619 3171 1689 crapulae
3193 1629 3422 1676 veterno

1833 1705 1900 1759 ad
1932 1707 2102 1761 animi
2132 1709 2426 1764 sanitatem
2451 1709 2763 1774 redeuntes,
2792 1716 2849 1763 et
2881 1710 3144 1765 in'media
3178 1711 3421 1781 antiqua

118 1820 277 1873 μενοι
308 1804 495 1869 δόξαν,
529 1805 630 1868 τὰς
661 1806 794 1876 περὶ
835 1804 945 1857 τῶν
981 1803 1428 1877 τεθρυλλημένων
1463 1807 1592 1878 παρ’
1624 1809 1699 1862 ae

1826 1798 2002 1854 noctis
2026 1799 2260 1869 caligine
2278 1799 2480 1854 mentis
2508 1800 2696 1855 oculos
2729 1800 3056 1870 aperientes,
3086 1799 3417 1883 profundam

110 1900 231 1962 τοῖς
282 1896 426 1951 θεῶν
478 1898 720 1967 ἱστορίας
771 1896 1021 1968 ἀληθεῖς,
1074 1896 1279 1967 μύθους
1317 1895 1455 1953 εἶναι
1510 1899 1699 1954 πεπλα·

1826 1892 2034 1946 erroris
2055 1891 2215 1961 patrii
2242 1890 2521 1946 vesaniam
2554 1893 2880 1962 agnOverint
2906 1891 3010 1962 ipsi
3032 1908 3273 1964 quoque,
3299 1894 3418 1948 sui-

113 1987 359 2059 σμένους
379 1988 489 2041 ὑπὸ
510 1987 750 2058 ποιητῶν
776 1989 1146 2058 ἐπεφήμισαν,
1177 1987 1415 2055 φυσικὰς
1442 1990 1502 2042 ὲν
1534 1990 1699 2049 αὐτοῖς

1826 2000 1935 2054 que
1968 1985 2185 2040 tandem
2218 2000 2283 2039 ac
2316 1985 2544 2040 rationis
2568 1995 2868 2056 compotes,
2891 2002 3090 2041 novam
3117 1987 3415 2057 aliquando

110 2078 575 2150 ἀποκρύπτοντες
608 2078 863 2149 θεωρίας,
885 2072 960 2131 ὧν
989 2080 1036 2131 εἰ
1069 2078 1164 2132 καὶ
1187 2079 1269 2132 ὃτι
1293 2079 1527 2149 μάλιστα
1551 2080 1699 2151 μηδὲε

1826 2076 2008 2146 prisca
2042 2077 2232 2131 relicta
2263 2076 2409 2131 viam
2467 2077 2736 2132 inierint?
2768 2076 2832 2132 Et
2867 2078 2959 2133 alii
2988 2079 3212 2149 quidem
3266 2079 3415 2135 velut

108 2168 384 2240 φέρουσιν
438 2168 698 2240 ἀληθείας
746 2169 982 2240 δεῖγμα,
1032 2169 1183 2241 ὅμως
1232 2171 1277 2223 δ’
1310 2166 1405 2224 οῦν
1446 2171 1699 2240 ἀναγκαίι

1827 2170 2078 2225 hostibus
2113 2170 2333 2225 obviam
2360 2179 2586 2226 strenue
2621 2171 2956 2240 prodeuntes
2984 2213 3000 2238 ,
3040 2180 3211 2227 totam
3246 2173 3410 2228 istam

102 2262 315 2328 γένοιτ’
352 2261 420 2315 ἂν
447 2263 582 2332 ἡμῖν
610 2262 644 2332 ἡ
673 2260 910 2324 ἔκθεσις,
943 2263 1023 2324 εἰς
1052 2261 1285 2333 θεωρίαν
1310 2261 1420 2315 τῶν
1456 2265 1549 2317 καὶ
1570 2282 1699 2336 παρι

1824 2261 2138 2316 fabularum
2168 2262 2455 2317 colluviem
2484 2262 2774 2333 despuere,
2812 2262 3050 2332 majores
3070 2279 3203 2319 suos
3235 2261 3413 2319 eﬂuso

102 2353 333 2417 τούτοις
388 2353 605 2423 σεμνῶν
628 2371 641 2383 ·
672 2353 750 2417 ὡς
800 2352 868 2406 ἂν
917 2354 1010 2406 καὶ
1044 2355 1143 2425 τῆς
1189 2353 1394 2407 τούτων
1437 2356 1699 2429 ἀναχωρήε

1823 2369 2044 2425 quoque
2072 2354 2188 2409 risu
2220 2354 2619 2425 caehinnisque
2653 2357 2933 2425 prosecuti
2970 2373 2983 2409 :
3017 2355 3108 2410 alii
3135 2370 3264 2410 vero
3303 2356 3411 2409 im-

104 2462 277 2511 σεως,
316 2448 422 2500 οὐκ
455 2445 633 2509 ἄλλως
677 2448 813 2516 ἡμῖν
846 2444 1297 2518 προξενηθείσης,
1336 2447 1369 2518 ἢ
1418 2450 1466 2500 εἰ
1498 2448 1585 2502 διὰ
1619 2449 1699 2519 τῆ

1821 2445 2042 2516 pietatis
2067 2445 2259 2501 saltem
2300 2460 2366 2500 ac
2391 2456 2585 2516 spretae
2616 2445 2931 2502 Divinitatis
2978 2447 3289 2517 opinionem
3316 2447 3414 2503 de-

100 2537 206 2593 τοῦ
240 2539 508 2610 Σωτῆρος
531 2537 689 2610 ἡμῶν
711 2538 1072 2609 εὐαγγελικῆς
1098 2539 1447 2604 διδασκαλίας
1470 2540 1532 2593 τὸ
1571 2538 1699 2592 εὓλο

1826 2538 2114 2605 clinantes,
2146 2552 2250 2594 nec
2286 2538 2474 2593 eodem
2508 2555 2736 2608 prorsus
2760 2539 2814 2593 in
2833 2540 3063 2609 vestigio
3095 2539 3408 2605 constitere,

102 2645 209 2698 γον
243 2630 594 2702 παρασταίη.
621 2630 759 2702 Φέρε
788 2625 883 2684 οῦν
915 2630 1011 2684 καὶ
1034 2630 1241 2684 τούτων
1269 2631 1360 2685 τὸν
1394 2631 1549 2700 λόγον
1581 2631 1699 2685 ἄνω

1825 2647 1929 2687 nec
1958 2632 2028 2687 ab
2053 2647 2119 2687 eo
2151 2639 2334 2687 tamen
2363 2633 2589 2686 omnino
2617 2632 2940 2687 discessere.
2975 2632 3088 2705 69
3117 2632 3258 2704 Ergo
3280 2649 3409 2689 cum

95 2721 204 2775 θεν
226 2721 601 2786 ἀναλαϐόντες
629 2721 1079 2794 ἐπισκεψώμεθα.

1824 2731 2029 2779 sectam
2066 2723 2157 2778 isti
2194 2738 2351 2779 suam
2382 2724 2555 2779 lenire
2577 2724 2988 2794 quodammodo
3022 2727 3290 2795 novisque
3314 2742 3407 2780 ar-

95 2816 259 2872 tibus
291 2830 603 2886 proeurare
636 2814 996 2882 statuissent,
1052 2828 1213 2870 veras
1273 2813 1563 2868 numinum
1617 2830 1848 2872 suorum
1902 2816 2112 2872 tamdiu
2147 2817 2479 2887 jactatorum
2546 2817 2824 2881 historias,
2867 2819 3120 2887 figmenta
3158 2819 3408 2889 quaedam

94 2919 153 2963 et
185 2916 513 2981 commenta
542 2910 829 2978 poetarum
870 2906 1074 2962 ominis
1126 2922 1294 2963 causa
1334 2906 1590 2962 meliores
1627 2922 1753 2965 esse
1790 2909 2071 2973 dixerunt,
2103 2908 2306 2978 quibus
2340 2910 2581 2965 rationes
2621 2898 2911 2979 causaeque
2946 2926 3130 2965 rerum
3183 2923 3411 2967 natura-

97 2998 243 3053 lium
305 2995 542 3051 inclusae
604 2995 900 3052 latitarent.
967 2995 1213 3063 Quarum
1271 2995 1401 3051 licet
1452 2996 1664 3051 nullum
1717 2999 1944 3053 omnino
1990 2998 2239 3054 veritatis
2279 2999 2542 3054 indicium
2606 2998 2854 3069 proferre
2905 3001 3141 3071 possint,
3181 3018 3284 3058 nos
3325 3012 3410 3059 ta—

97 3109 238 3151 men
261 3093 511 3165 pretium
546 3107 730 3163 operze
763 3088 1006 3149 facturos
1055 3093 1411 3161 arbitramur,
1467 3094 1517 3150 si
1575 3109 1919 3166 quaecunque
1975 3095 2119 3165 apud
2164 3110 2261 3152 eos
2301 3096 2671 3151 honestiorem
2712 3098 3008 3166 quamdam
3048 3112 3161 3167 pne
3211 3113 3273 3153 se
3321 3096 3404 3154 fe-

98 3195 232 3243 rant
258 3186 536 3259 speciem,
586 3186 642 3240 in
684 3197 933 3257 apertum
964 3187 1252 3258 lucemque
1281 3187 1653 3258 producamus
1677 3227 1694 3254 ,
1730 3197 1792 3243 ut
1825 3204 2099 3245 summam
2139 3189 2305 3260 hujus
2348 3199 2631 3260 praeterea,
2666 3206 2831 3261 quam
2889 3190 2960 3246 ab
3000 3191 3068 3247 iis
3115 3191 3263 3263 (non
3297 3193 3406 3248 alia

97 3295 241 3337 sane
296 3293 475 3350 quam
534 3278 848 3348 evangelica
899 3277 1209 3335 Servatoris
1248 3277 1423 3334 nostri
1456 3277 1709 3335 doctrina
1753 3279 2035 3336 informati
2087 3281 2444 3353 adductique)
2484 3280 2788 3337 faciendam
2844 3282 3010 3339 nobis
3064 3285 3405 3354 putavimus,

99 3373 479 3430 discessionis
511 3372 825 3443 aequitatem
848 3373 1024 3430 oculis
1048 3389 1244 3431 omnes
1280 3383 1470 3432 tenere
1499 3376 1735 3447 possint.
1777 3376 1893 3449 Age
1932 3378 2137 3449 itaque,
2186 3393 2302 3434 rem
2356 3387 2525 3434 totam
2571 3379 2739 3435 altius
2777 3389 3109 3450 repetentes,
3170 3382 3402 3452 propius

98 3469 580 3540 contemplemur.

650 3566 1047 3621 ΚΕΦΑΛΑΙΟΝ
1093 3568 1170 3621 E'.

220 3654 788 3722 Ἀνακεφαλαίωσις
812 3653 932 3709 τῶν
958 3659 1228 3724 πρόσθεν
1253 3659 1600 3728 εἰρημένων.

171 3745 295 3816 Τῆς
335 3745 449 3816 μὲν
486 3740 584 3799 οῦν
627 3745 945 3818 Ἑλληνικῆς
982 3746 1260 3818 θεολογίας
1280 3789 1295 3814 ,
1330 3750 1474 3820 λέγω
1504 3751 1570 3823 δὴ
1612 3753 1711 3824 τῆς

101 3836 396 3908 πανδήμου
441 3837 540 3891 καὶ
572 3837 972 3912 μυθικωτέρας,
1008 3841 1103 3894 καὶ
1139 3840 1274 3894 πολὺ
1305 3842 1578 3914 προτέρας
1613 3844 1711 3915 τῆς

100 3929 259 4001 παρά
307 3927 519 3994 Φοίνιξι
564 3929 658 3982 καὶ
695 3930 1055 3998 Αἰγυπτίοις,
1092 3935 1203 3996 τοῖς
1255 3949 1317 3986 τε
1359 3932 1574 3998 ἄλλοις,
1634 3928 1710 3990 ὧν

101 4022 197 4075 καὶ
220 4021 324 4093 τὴν
357 4022 587 4092 μνήμην
612 4023 782 4095 οἰπρὸ
808 4023 997 4077 τούτου
1026 4026 1315 4097 περιέσχον
1341 4026 1508 4096 λόγοι,
1536 4029 1710 4083 τοιόσ-

99 4114 159 4169 δε
191 4133 279 4179 τις
306 4117 336 4167 ὁ
360 4114 573 4185 τρόπος
602 4115 1012 4182 ἀποδέδεικται,
1046 4114 1159 4182 οἶος
1196 4119 1284 4174 διὰ
1309 4120 1418 4174 τῶν
1448 4139 1710 4192 προεκτε-

100 4206 299 4260 θεισῶν
336 4204 563 4276 φωνῶν,
606 4206 785 4260 αὐτῶν
832 4208 896 4280 δὴ
946 4209 1053 4263 τῶν
1091 4211 1417 4283 Ἑλληνικῶν
1468 4231 1708 4287 συγγρα-

103 4300 270 4369 φέων,
314 4298 757 4372 προδεδήλωταιο
787 4299 847 4353 δν
880 4302 975 4355 καὶ
1008 4301 1233 4366 εἰκότως
1277 4305 1336 4356 ἐν
1370 4305 1567 4376 ἀρχαῖς
1605 4307 1707 4378 τῆς

104 4394 484 4465 προκειμένης
532 4392 894 4464 εὐαΠελικῆς
937 4395 1409 4468 Προπαρασκευῆς
1454 4402 1535 4463 εἰς
1587 4401 1705 4455 διά-

103 4486 303 4551 γνωσίν
328 4501 393 4537 τε
430 4484 527 4537 καὶ
553 4484 831 4555 ἐπίκρισιν
859 4488 970 4550 τοῖς
996 4487 1398 4560 ἐντευξομένοις
1419 4491 1705 4562 προτεθεί-

103 4593 303 4647 καμεν,
335 4577 422 4640 ὡς
449 4575 515 4629 ἂν
541 4577 695 4629 αὐτοὶ
722 4576 1012 4648 μάθοιμεν,
1044 4581 1207 4649 ἡμεῖς
1236 4579 1293 4633 δὲ
1322 4581 1500 4646 αὐτοὶ,
1537 4582 1631 4636 καὶ
1656 4566 1704 4636 όι

102 4669 267 4723 τῶνδε
295 4668 473 4722 εἰσέτι
498 4668 596 4720 καὶ
615 4666 712 4722 νῦν
757 4669 997 4740 ἄπειροι,
1030 4670 1174 4735 τίνες
1198 4671 1352 4735 ὄντες
1377 4672 1544 4728 πάλαι
1570 4674 1706 4747 πρό-

99 4778 281 4834 τερον,
334 4761 438 4815 καὶ
468 4760 598 4813 οἴων
643 4762 710 4813 ὲκ
766 4760 1019 4833 πατέρων
1063 4763 1294 4832 φύντες,
1348 4764 1595 4835 πηλίκοις
1642 4782 1703 4819 τε

98 4855 299 4924 rexva
323 4855 525 4915 κακοῖς
558 4851 941 4923 πεπεδημένοι,
979 4852 1297 4918 δυσσεϐείας
1321 4872 1381 4908 τε
1408 4856 1582 4928 ὁπόσῃ
1608 4859 1702 4912 καί¹

2442 3566 2675 3624 CAPUT
2709 3567 2772 3626 V.

1867 3661 2055 3717 Brevis
2084 3676 2267 3717 eorum
2292 3676 2412 3731 qua:
2435 3663 2679 3730 superius
2703 3662 2849 3716 dicta
2881 3672 3004 3718 sunt
3029 3663 3350 3733 complexio.

1885 3754 2202 3810 Graecorum
2226 3753 2395 3823 igitur
2417 3754 2691 3825 vulgatam
2724 3754 2870 3809 illam
2894 3756 3250 3829 pluribusque
3272 3772 3401 3813 con-

1813 3854 2017 3903 textam
2070 3845 2271 3902 fabulis
2331 3846 2682 3917 theologiam,
2740 3863 2968 3918 quaeque
3002 3861 3262 3919 praterea
3308 3848 3396 3903 vel

1812 3934 2158 4000 Phoenicum,
2185 3936 2270 3991 vel
2298 3934 2706 4008 Egyptiorum,
2740 3953 2806 3992 ac
2839 3948 3163 3994 caeterorum
3184 3980 3201 4007 ,
3251 3954 3398 4011 quo»

1811 4045 1934 4085 rum
1972 4039 2099 4085 ante
2131 4030 2465 4085 mentionem
2503 4028 2762 4093 fecimus,
2794 4030 3015 4100 propria
3047 4030 3170 4097 fuit,
3202 4031 3394 4087 Graaca

1810 4120 1913 4176 ista
1934 4120 2096 4192 longe
2126 4121 2502 4188 vetustiorem,
2540 4122 2606 4176 ad
2649 4132 2776 4177 eum
2817 4138 2938 4178 sese
3010 4124 3234 4178 modum
3294 4123 3393 4178 ha-

1810 4213 1996 4269 buisse
2015 4221 2253 4277 constat,
2284 4229 2446 4283 quem
2476 4213 2762 4283 productis
2810 4213 3064 4284 superius
3098 4214 3393 4284 ipsissimis

1810 4297 2122 4355 Graecorum
2159 4309 2447 4356 auctorum
2483 4302 2664 4357 verbis
2700 4303 3234 4371 repraesentavimus.
3288 4303 3391 4358 At-

1809 4405 1916 4460 que
1946 4389 1998 4444 id
2024 4391 2157 4444 mihi
2189 4391 2409 4461 quidem
2440 4391 2765 4462 evangelicae
2797 4390 3242 4461 Prarparationis,
3267 4410 3392 4466 qua:

1809 4482 1915 4537 hoc
1939 4498 2105 4552 opere
2134 4483 2457 4549 instituitur,
2491 4484 2650 4539 initio
2685 4486 2974 4540 commode
3011 4487 3263 4555 posuisse
3310 4488 3392 4541 vi-

1808 4575 1960 4641 deor,
1996 4576 2062 4631 iis
2093 4576 2188 4646 qui
2216 4574 2270 4629 in
2319 4576 2492 4645 ipsius
2523 4576 2757 4631 lectione
2800 4579 3193 4647 vcrsabuntur,
3222 4594 3389 4634 excu-

1809 4667 2049 4722 tiendum
2071 4667 2392 4739 jutlieioque
2417 4684 2517 4724 suo
2536 4668 2973 4738 ponderandum,
2999 4678 3061 4725 ut
3087 4672 3267 4726 caeteri
3295 4687 3390 4727 no-

1808 4762 2019 4817 biscum
2057 4776 2281 4827 omnes,
2333 4777 2473 4831 quos
2505 4762 2685 4819 adhuc
2713 4778 2899 4817 rerum
2937 4763 3168 4821 istarum
3198 4768 3388 4835 cogni-

1808 4853 1886 4908 tio
1915 4853 2091 4919 latuit,
2135 4852 2457 4924 intelligant,
2481 4853 2674 4923 quales
2695 4855 2915 4910 tandem
2942 4869 2973 4909 a
3018 4856 3206 4910 multis
3236 4866 3385 4912 retro

98 4940 539 5010 ἀγνωσίας-Θεοῦ
574 4942 712 5014 μέθῃ
747 4941 848 5007 τὰς
867 4942 1048 5014 ψυχὰς
1075 4947 1575 5019 κατορωρυγμένοι,
1601 4949 1699 5021 τῆς

1820 4943 2042 5008 saeculis,
2071 4945 2384 5013 quibusque
2408 4945 2523 4998 nati
2551 4945 2893 5014 parentibus,
2926 4947 3149 5015 quantis
3203 4947 3386 5017 impli-

96 5034 307 5088 τούτων
361 5035 625 5089 ἁπάντων
662 5035 1003 5100 ἀνανεύσεως
1033 5036 1129 5090 καὶ
1171 5036 1483 5109 ἐλευθερίας
1531 5038 1696 5110 ἡξιώ-

97 5126 299 5198 θημεν,
334 5126 432 5181 διὰ
453 5129 584 5198 μιᾶς
616 5124 787 5199 μόνης
809 5127 910 5199 τῆς
951 5130 1313 5201 εωγγελικῆς
1350 5130 1698 5196 διδασκαλίας

95 5223 197 5274 οὐκ
216 5220 404 5284 ἄλλως
436 5221 566 5291 ἡμῖν
594 5221 1080 5292 πρυτανευθείσης,
1110 5222 1142 5292 ἢ
1168 5221 1235 5274 δι’
1259 5223 1580 5290 ἐπιφανείας
1600 5208 1695 5277 τοῦ

99 5313 359 5384 Σωτῆρος
392 5312 552 5384 ἡμῶν
602 5311 776 5383 Ἰησοῦ
815 5312 1052 5385 Χριστοῦ
1092 5312 1186 5366 τοῦ
1210 5312 1346 5366 Θεοῦ
1368 5332 1379 5343 ·
1419 5314 1478 5378 ὃς
1506 5315 1567 5367 οὑ
1599 5315 1696 5387 μέ-

102 5421 183 5471 ρει
208 5405 337 5475 τῆς,
369 5404 482 5457 068'
508 5406 569 5457 ὲν
603 5405 775 5477 γωνίᾳ
810 5405 996 5477 χώρας
1027 5403 1213 5468 ἔθνους
1243 5404 1380 5469 ἐνὸς,
1413 5404 1535 5458 καθ’
1567 5405 1724 5477 ὅλης

98 5498 153 5551 δὲ
181 5499 283 5569 τῆς
328 5496 643 5569 ἀνθρώπων
671 5498 996 5569 οἰκουμένης
1015 5537 1029 5559 ,
1060 5496 1181 5550 καθ’
1214 5490 1282 5568 ἧς
1343 5495 1579 5567 μάλιστα
1625 5496 1696 5550 τὰ

98 5586 197 5655 τῆς
210 5587 615 5659 δεισιδαίμονος
643 5588 851 5661 πλάνης
874 5587 1261 5659 ὑπερίσχυσεν,
1282 5580 1373 5640 οἷά
1393 5604 1475 5651 τις
1493 5586 1695 5659 νοερῶν

102 5682 194 5733 καὶ
236 5681 483 5750 λογικῶν
521 5680 712 5753 ψυχῶν
759 5680 936 5753 ἥλιος,
970 5681 1072 5745 τὰς
1116 5681 1212 5734 τοῦ
1262 5680 1465 5735 οἰκείου
1516 5681 1694 5750 φωτὸς

102 5772 434 5838 ἑφαπλώσας
466 5773 711 5838 ἀκτῖνας,
733 5772 869 5845 ὁμοῦ
900 5774 1008 5827 πᾶν
1041 5772 1199 5842 γένος
1232 5770 1536 5847 ἀνθρώπων
1561 5772 1694 5848 βαρ-

1803 5036 1909 5090 cati
1933 5035 2115 5101 malis,
2146 5044 2350 5106 quanta
2385 5036 2604 5092 demum
2635 5037 2934 5108 impietatis
2967 5054 3032 5094 ac
3061 5038 3235 5093 divini
3266 5038 3385 5094 Nu-

1803 5127 1967 5181 minis
2001 5127 2379 5197 ignoratione,
2432 5136 2693 5199 tauquam
2732 5130 2840 5184 alta
2884 5129 3122 5200 quadam
3155 5130 3382 5201 crapula

1802 5218 2006 5283 obruti,
2042 5220 2232 5274 tollere
2258 5220 2449 5275 oculos
2500 5221 2794 5291 aliquando
2821 5262 2836 5288 ,
2893 5232 3114 5292 tamque
3165 5221 3380 5277 funesta

1802 5309 2064 5364 servitute
2094 5309 2313 5365 liberari
2347 5311 2513 5366 unius
2541 5311 2873 5383 evangelicae
2902 5312 3166 5367 doctrinae
3188 5311 3241 5366 vi
3277 5311 3375 5367 be-

1802 5400 2107 5471 neﬁcioque
2133 5403 2497 5472 potuerimus,
2528 5418 2692 5475 quam
2720 5402 2966 5473 profecto
2999 5419 3107 5459 non
3136 5405 3246 5459 alia
3291 5418 3378 5457 ra-

1802 5491 1950 5549 tione
1981 5509 2194 5557 sumus,
2230 5510 2392 5564 quam
2434 5493 2564 5550 Jesu
2589 5493 2798 5551 Christi
2825 5492 3135 5551 Servatoris
3169 5494 3378 5566 Deique

1800 5586 1975 5640 nostri
2006 5586 2242 5641 adventu
2266 5588 2569 5642 consecuti.
2594 5586 2694 5643 Hic
2719 5587 2867 5642 enim
2902 5587 2991 5641 ille
3011 5597 3115 5651 est,
3136 5588 3228 5656 qui
3265 5602 3374 5644 non

1794 5683 1949 5746 parte
1973 5677 2153 5748 aliqua
2186 5687 2455 5733 terrarum
2481 5720 2496 5743 ,
2530 5687 2625 5733 aut
2651 5679 2831 5750 gentis
2861 5679 3025 5733 unius
3057 5680 3254 5749 angulo
3282 5695 3371 5734 ro-

1795 5768 1975 5841 gionis
2021 5769 2342 5841 includens,
2389 5773 2483 5831 sed
2533 5781 2649 5829 toto
2696 5773 2902 5845 passim
2950 5775 3108 5841 orbe,
3153 5773 3244 5828 ubi
3279 5774 3370 5829 do-
