  <div class='ocr_page' id='page_1' title='image "/cluster/home/n/w/nwhite01/storage/ocr_20150623/21/nnc1.0046978437/075.png"; bbox 0 0 3832 6216; ppageno 0'>
   <div class='ocr_carea' id='block_1_1' title="bbox 454 296 3724 366">
    <p class='ocr_par' dir='ltr' id='par_1_1' title="bbox 454 296 3724 366">
     <span class='ocr_line' id='line_1_1' title="bbox 454 296 3724 366; baseline -0.005 0"><span class='ocrx_word' id='word_1_1' title='bbox 454 311 560 366; x_wconf 65' lang='lat'><strong>135</strong></span> <span class='ocrx_word' id='word_1_2' title='bbox 1091 306 1364 366; x_wconf 83' lang='lat' dir='ltr'><strong>EUSEBll</strong></span> <span class='ocrx_word' id='word_1_3' title='bbox 1400 303 1884 363; x_wconf 62' lang='lat' dir='ltr'><strong>CJESANENSlS</strong></span> <span class='ocrx_word' id='word_1_4' title='bbox 1923 305 2074 360; x_wconf 84' lang='lat' dir='ltr'><strong>OPP.</strong></span> <span class='ocrx_word' id='word_1_5' title='bbox 2117 304 2301 361; x_wconf 80' lang='lat' dir='ltr'><strong>PARS</strong></span> <span class='ocrx_word' id='word_1_6' title='bbox 2335 304 2400 362; x_wconf 85' lang='lat' dir='ltr'><strong>ll.</strong></span> <span class='ocrx_word' id='word_1_7' title='bbox 2439 336 2510 347; x_wconf 88' lang='lat'><strong>--</strong></span> <span class='ocrx_word' id='word_1_8' title='bbox 2548 305 3053 362; x_wconf 81' lang='lat' dir='ltr'><strong>APOLOGETICA.</strong></span> <span class='ocrx_word' id='word_1_9' title='bbox 3623 296 3724 350; x_wconf 76' lang='grc'><strong>156</strong></span> 
     </span>
    </p>
   </div>
   <div class='ocr_carea' id='block_1_2' title="bbox 451 423 1964 499">
    <p class='ocr_par' dir='ltr' id='par_1_2' title="bbox 451 423 1964 499">
     <span class='ocr_line' id='line_1_2' title="bbox 451 423 1964 499; baseline -0.003 -17"><span class='ocrx_word' id='word_1_10' title='bbox 451 435 641 499; x_wconf 77' lang='lat' dir='ltr'><strong>gerent</strong></span> <span class='ocrx_word' id='word_1_11' title='bbox 693 427 940 482; x_wconf 83' lang='lat' dir='ltr'><strong>homines</strong></span> <span class='ocrx_word' id='word_1_12' title='bbox 968 467 981 489; x_wconf 92' lang='lat'><strong>,</strong></span> <span class='ocrx_word' id='word_1_13' title='bbox 1028 443 1247 496; x_wconf 86' lang='lat' dir='ltr'><strong>quaque</strong></span> <span class='ocrx_word' id='word_1_14' title='bbox 1279 425 1627 496; x_wconf 89' lang='lat' dir='ltr'><strong>potissimum</strong></span> <span class='ocrx_word' id='word_1_15' title='bbox 1678 423 1964 494; x_wconf 86' lang='lat' dir='ltr'><strong>grassabat</strong></span> 
     </span>
    </p>
   </div>
   <div class='ocr_carea' id='block_1_3' title="bbox 2220 423 3733 499">
    <p class='ocr_par' dir='ltr' id='par_1_3' title="bbox 2220 423 3733 497">
     <span class='ocr_line' id='line_1_3' title="bbox 2220 423 3733 497; baseline 0.001 -20"><span class='ocrx_word' id='word_1_16' title='bbox 2220 445 2321 497; x_wconf 78' lang='grc' dir='ltr'><strong>ρων</strong></span> <span class='ocrx_word' id='word_1_17' title='bbox 2351 441 2409 477; x_wconf 91' lang='grc' dir='ltr'><strong>τε</strong></span> <span class='ocrx_word' id='word_1_18' title='bbox 2438 425 2532 477; x_wconf 78' lang='grc' dir='ltr'><strong>καὶ</strong></span> <span class='ocrx_word' id='word_1_19' title='bbox 2559 425 2851 494; x_wconf 80' lang='grc' dir='ltr'>Ἑλλήνων,</span> <span class='ocrx_word' id='word_1_20' title='bbox 2870 424 3060 494; x_wconf 82' lang='grc' dir='ltr'>ῶσπερ</span> <span class='ocrx_word' id='word_1_21' title='bbox 3092 423 3152 490; x_wconf 85' lang='grc' dir='ltr'><strong>ἐξ</strong></span> <span class='ocrx_word' id='word_1_22' title='bbox 3181 423 3379 494; x_wconf 77' lang='grc' dir='ltr'><strong>ἀχλύος</strong></span> <span class='ocrx_word' id='word_1_23' title='bbox 3410 423 3613 495; x_wconf 76' lang='grc' dir='ltr'>δεινῆς,</span> <span class='ocrx_word' id='word_1_24' title='bbox 3636 425 3733 479; x_wconf 83' lang='grc' dir='ltr'>καὶ</span> 
     </span>
    </p>
   </div>
   <div class='ocr_carea' id='block_1_4' title="bbox 451 515 1964 589">
    <p class='ocr_par' dir='ltr' id='par_1_4' title="bbox 451 515 1964 586">
     <span class='ocr_line' id='line_1_4' title="bbox 451 515 1964 586; baseline -0.003 -14"><span class='ocrx_word' id='word_1_25' title='bbox 451 519 658 574; x_wconf 87' lang='lat' dir='ltr'><strong>erroris</strong></span> <span class='ocrx_word' id='word_1_26' title='bbox 698 517 1061 586; x_wconf 73' lang='lat' dir='ltr'><strong>superstitiosi</strong></span> <span class='ocrx_word' id='word_1_27' title='bbox 1120 517 1469 578; x_wconf 77' lang='lat' dir='ltr'><strong>dominatus,</strong></span> <span class='ocrx_word' id='word_1_28' title='bbox 1499 517 1670 570; x_wconf 91' lang='lat' dir='ltr'><strong>veluti</strong></span> <span class='ocrx_word' id='word_1_29' title='bbox 1692 515 1775 570; x_wconf 89' lang='lat' dir='ltr'><strong>sol</strong></span> <span class='ocrx_word' id='word_1_30' title='bbox 1809 516 1964 585; x_wconf 74' lang='lat' dir='ltr'><strong>quida</strong></span> 
     </span>
    </p>
   </div>
   <div class='ocr_carea' id='block_1_5' title="bbox 2221 515 3734 589">
    <p class='ocr_par' dir='ltr' id='par_1_5' title="bbox 2221 515 3734 589">
     <span class='ocr_line' id='line_1_5' title="bbox 2221 515 3734 589; baseline 0 -19"><span class='ocrx_word' id='word_1_31' title='bbox 2221 518 2529 589; x_wconf 82' lang='grc' dir='ltr'>ρερωτὰτης</span> <span class='ocrx_word' id='word_1_32' title='bbox 2553 534 2614 569; x_wconf 88' lang='grc' dir='ltr'><strong>τε</strong></span> <span class='ocrx_word' id='word_1_33' title='bbox 2647 518 2742 570; x_wconf 70' lang='grc' dir='ltr'><strong>καὶ</strong></span> <span class='ocrx_word' id='word_1_34' title='bbox 2770 516 2982 580; x_wconf 82' lang='grc' dir='ltr'><strong>ἀειδοῦς</strong></span> <span class='ocrx_word' id='word_1_35' title='bbox 2998 515 3192 578; x_wconf 86' lang='grc' dir='ltr'>νυκτὸς</span> <span class='ocrx_word' id='word_1_36' title='bbox 3219 515 3321 585; x_wconf 77' lang='grc' dir='ltr'>τῆς</span> <span class='ocrx_word' id='word_1_37' title='bbox 3343 515 3734 587; x_wconf 78' lang='grc' dir='ltr'><strong>δεισιδαίμονος</strong></span> 
     </span>
    </p>
   </div>
   <div class='ocr_carea' id='block_1_6' title="bbox 450 607 1963 680">
    <p class='ocr_par' dir='ltr' id='par_1_6' title="bbox 450 607 1963 678">
     <span class='ocr_line' id='line_1_6' title="bbox 450 607 1963 678; baseline -0.003 -14"><span class='ocrx_word' id='word_1_38' title='bbox 450 609 869 678; x_wconf 77' lang='lat' dir='ltr'><strong>lntelligentium</strong></span> <span class='ocrx_word' id='word_1_39' title='bbox 931 625 995 662; x_wconf 88' lang='lat' dir='ltr'><strong>ac</strong></span> <span class='ocrx_word' id='word_1_40' title='bbox 1025 609 1239 664; x_wconf 88' lang='lat' dir='ltr'><strong>ratione</strong></span> <span class='ocrx_word' id='word_1_41' title='bbox 1297 609 1653 678; x_wconf 78' lang='lat' dir='ltr'><strong>praeditorum</strong></span> <span class='ocrx_word' id='word_1_42' title='bbox 1683 607 1963 661; x_wconf 84' lang='lat' dir='ltr'><strong>animorur</strong></span> 
     </span>
    </p>
   </div>
   <div class='ocr_carea' id='block_1_7' title="bbox 2220 607 3733 680">
    <p class='ocr_par' dir='ltr' id='par_1_7' title="bbox 2220 607 3733 680">
     <span class='ocr_line' id='line_1_7' title="bbox 2220 607 3733 680; baseline -0.005 -17"><span class='ocrx_word' id='word_1_43' title='bbox 2220 611 2371 680; x_wconf 85' lang='grc' dir='ltr'>άνης,</span> <span class='ocrx_word' id='word_1_44' title='bbox 2408 609 2502 662; x_wconf 77' lang='grc' dir='ltr'>ἐπὶ</span> <span class='ocrx_word' id='word_1_45' title='bbox 2536 608 2794 680; x_wconf 85' lang='grc' dir='ltr'>λαμπρὰν</span> <span class='ocrx_word' id='word_1_46' title='bbox 2834 609 2929 662; x_wconf 72' lang='grc' dir='ltr'>καὶ</span> <span class='ocrx_word' id='word_1_47' title='bbox 2966 607 3362 678; x_wconf 78' lang='grc' dir='ltr'><strong>διαυγεστάτην</strong></span> <span class='ocrx_word' id='word_1_48' title='bbox 3387 607 3600 678; x_wconf 84' lang='grc' dir='ltr'>ἡμέραν</span> <span class='ocrx_word' id='word_1_49' title='bbox 3632 607 3733 678; x_wconf 80' lang='grc' dir='ltr'>τῆς</span> 
     </span>
    </p>
   </div>
   <div class='ocr_carea' id='block_1_8' title="bbox 449 698 1962 772">
    <p class='ocr_par' dir='ltr' id='par_1_8' title="bbox 449 698 1962 770">
     <span class='ocr_line' id='line_1_8' title="bbox 449 698 1962 770; baseline -0.003 -14"><span class='ocrx_word' id='word_1_50' title='bbox 449 702 677 756; x_wconf 89' lang='lat' dir='ltr'><strong>luminis</strong></span> <span class='ocrx_word' id='word_1_51' title='bbox 717 702 804 755; x_wconf 92' lang='lat' dir='ltr'><strong>sui</strong></span> <span class='ocrx_word' id='word_1_52' title='bbox 859 700 1040 754; x_wconf 88' lang='lat' dir='ltr'><strong>radios</strong></span> <span class='ocrx_word' id='word_1_53' title='bbox 1072 700 1232 770; x_wconf 91' lang='lat' dir='ltr'><strong>longe</strong></span> <span class='ocrx_word' id='word_1_54' title='bbox 1278 699 1496 770; x_wconf 90' lang='lat' dir='ltr'><strong>lateque</strong></span> <span class='ocrx_word' id='word_1_55' title='bbox 1529 698 1876 762; x_wconf 69' lang='lat' dir='ltr'><strong>diffundens,</strong></span> <span class='ocrx_word' id='word_1_56' title='bbox 1913 715 1962 751; x_wconf 82' lang='grc' dir='ltr'><strong>ιιι</strong></span> 
     </span>
    </p>
   </div>
   <div class='ocr_carea' id='block_1_9' title="bbox 2260 698 3773 772">
    <p class='ocr_par' dir='ltr' id='par_1_9' title="bbox 2260 699 3773 772">
     <span class='ocr_line' id='line_1_9' title="bbox 2260 699 3773 772; baseline -0.002 -17"><span class='ocrx_word' id='word_1_57' title='bbox 2260 701 2374 764; x_wconf 65' lang='grc' dir='ltr'>ὶοῦς</span> <span class='ocrx_word' id='word_1_58' title='bbox 2428 702 2711 764; x_wconf 84' lang='grc' dir='ltr'>εὐσεϐείας</span> <span class='ocrx_word' id='word_1_59' title='bbox 2743 699 2838 754; x_wconf 87' lang='grc' dir='ltr'><strong>τοῦ</strong></span> <span class='ocrx_word' id='word_1_60' title='bbox 2889 700 3281 772; x_wconf 88' lang='grc' dir='ltr'>παμϐασιλέως</span> <span class='ocrx_word' id='word_1_61' title='bbox 3309 699 3446 753; x_wconf 86' lang='grc' dir='ltr'>Θεοῦ</span> <span class='ocrx_word' id='word_1_62' title='bbox 3469 740 3482 764; x_wconf 95' lang='grc'><strong>,</strong></span> <span class='ocrx_word' id='word_1_63' title='bbox 3525 700 3734 762; x_wconf 78' lang='grc' dir='ltr'><strong>πάντας</strong></span> <span class='ocrx_word' id='word_1_64' title='bbox 3769 722 3773 726; x_wconf 91' lang='grc'><strong>·</strong></span> 
     </span>
    </p>
   </div>
   <div class='ocr_carea' id='block_1_10' title="bbox 448 789 1961 867">
    <p class='ocr_par' dir='ltr' id='par_1_10' title="bbox 448 789 1957 858">
     <span class='ocr_line' id='line_1_10' title="bbox 448 789 1957 858; baseline -0.005 -10"><span class='ocrx_word' id='word_1_65' title='bbox 448 810 670 848; x_wconf 87' lang='lat' dir='ltr'><strong>versqu</strong></span> <span class='ocrx_word' id='word_1_66' title='bbox 698 793 981 846; x_wconf 85' lang='lat' dir='ltr'><strong>hominum</strong></span> <span class='ocrx_word' id='word_1_67' title='bbox 1011 791 1373 844; x_wconf 88' lang='lat' dir='ltr'><strong>harbarorum</strong></span> <span class='ocrx_word' id='word_1_68' title='bbox 1404 789 1568 843; x_wconf 85' lang='lat' dir='ltr'>simul</span> <span class='ocrx_word' id='word_1_69' title='bbox 1600 789 1957 858; x_wconf 74' lang='lat' dir='ltr'><strong>Graccorumq</strong></span> 
     </span>
    </p>
   </div>
   <div class='ocr_carea' id='block_1_11' title="bbox 2220 789 3733 867">
    <p class='ocr_par' dir='ltr' id='par_1_11' title="bbox 2225 793 3733 867">
     <span class='ocr_line' id='line_1_11' title="bbox 2225 793 3733 867; baseline -0.003 -18"><span class='ocrx_word' id='word_1_70' title='bbox 2225 797 2288 859; x_wconf 81' lang='grc' dir='ltr'>ἅς</span> <span class='ocrx_word' id='word_1_71' title='bbox 2325 802 2713 867; x_wconf 77' lang='grc' dir='ltr'>μετεστήσατο.</span> <span class='ocrx_word' id='word_1_72' title='bbox 2755 794 3061 866; x_wconf 74' lang='grc' dir='ltr'>Διάρῤήδην</span> <span class='ocrx_word' id='word_1_73' title='bbox 3092 793 3224 862; x_wconf 90' lang='grc' dir='ltr'>γοῦν</span> <span class='ocrx_word' id='word_1_74' title='bbox 3269 795 3322 846; x_wconf 77' lang='grc' dir='ltr'>αἱ</span> <span class='ocrx_word' id='word_1_75' title='bbox 3375 809 3733 866; x_wconf 85' lang='grc' dir='ltr'>προπαρατε-</span> 
     </span>
    </p>
   </div>
   <div class='ocr_carea' id='block_1_12' title="bbox 450 883 1963 957">
    <p class='ocr_par' dir='ltr' id='par_1_12' title="bbox 450 883 1960 957">
     <span class='ocr_line' id='line_1_12' title="bbox 450 883 1960 957; baseline -0.003 -19"><span class='ocrx_word' id='word_1_76' title='bbox 450 886 559 957; x_wconf 81' lang='grc' dir='ltr'><strong>⁷ο</strong></span> <span class='ocrx_word' id='word_1_77' title='bbox 581 901 772 954; x_wconf 85' lang='lat' dir='ltr'><strong>genus,</strong></span> <span class='ocrx_word' id='word_1_78' title='bbox 803 885 1049 953; x_wconf 78' lang='lat' dir='ltr'><strong>adeoque</strong></span> <span class='ocrx_word' id='word_1_79' title='bbox 1082 901 1184 940; x_wconf 91' lang='lat' dir='ltr'><strong>nos</strong></span> <span class='ocrx_word' id='word_1_80' title='bbox 1215 901 1408 940; x_wconf 87' lang='lat' dir='ltr'><strong>omnes</strong></span> <span class='ocrx_word' id='word_1_81' title='bbox 1441 885 1769 939; x_wconf 89' lang='lat' dir='ltr'><strong>densissima</strong></span> <span class='ocrx_word' id='word_1_82' title='bbox 1803 883 1960 953; x_wconf 88' lang='lat' dir='ltr'><strong>caligi</strong></span> 
     </span>
    </p>
   </div>
   <div class='ocr_carea' id='block_1_13' title="bbox 2222 883 3735 957">
    <p class='ocr_par' dir='ltr' id='par_1_13' title="bbox 2222 884 3735 957">
     <span class='ocr_line' id='line_1_13' title="bbox 2222 884 3735 957; baseline -0.001 -17"><span class='ocrx_word' id='word_1_83' title='bbox 2222 890 2318 940; x_wconf 89' lang='grc' dir='ltr'>’σαι</span> <span class='ocrx_word' id='word_1_84' title='bbox 2367 887 2578 956; x_wconf 75' lang='grc' dir='ltr'>φωναὶ,</span> <span class='ocrx_word' id='word_1_85' title='bbox 2636 885 2848 957; x_wconf 82' lang='grc' dir='ltr'>νεκρῶν</span> <span class='ocrx_word' id='word_1_86' title='bbox 2900 885 3132 950; x_wconf 74' lang='grc' dir='ltr'>εἴδωλα,</span> <span class='ocrx_word' id='word_1_87' title='bbox 3160 885 3254 939; x_wconf 71' lang='grc' dir='ltr'>καὶ</span> <span class='ocrx_word' id='word_1_88' title='bbox 3297 884 3509 957; x_wconf 90' lang='grc' dir='ltr'>ἀνδρῶν</span> <span class='ocrx_word' id='word_1_89' title='bbox 3561 884 3735 938; x_wconf 84' lang='grc' dir='ltr'>πάλαι</span> 
     </span>
    </p>
   </div>
   <div class='ocr_carea' id='block_1_14' title="bbox 449 977 1962 1049">
    <p class='ocr_par' dir='ltr' id='par_1_14' title="bbox 449 977 1962 1046">
     <span class='ocr_line' id='line_1_14' title="bbox 449 977 1962 1046; baseline -0.002 -13"><span class='ocrx_word' id='word_1_90' title='bbox 449 994 514 1033; x_wconf 90' lang='lat' dir='ltr'><strong>ac</strong></span> <span class='ocrx_word' id='word_1_91' title='bbox 547 979 845 1042; x_wconf 79' lang='lat' dir='ltr'><strong>teterrima,</strong></span> <span class='ocrx_word' id='word_1_92' title='bbox 877 993 1209 1046; x_wconf 90' lang='lat' dir='ltr'><strong>omnemque</strong></span> <span class='ocrx_word' id='word_1_93' title='bbox 1232 979 1408 1033; x_wconf 91' lang='lat' dir='ltr'><strong>lucem</strong></span> <span class='ocrx_word' id='word_1_94' title='bbox 1453 978 1777 1032; x_wconf 80' lang='lat' dir='ltr'><strong>excludente</strong></span> <span class='ocrx_word' id='word_1_95' title='bbox 1811 977 1962 1031; x_wconf 83' lang='lat' dir='ltr'><strong>mend</strong></span> 
     </span>
    </p>
   </div>
   <div class='ocr_carea' id='block_1_15' title="bbox 2224 977 3737 1049">
    <p class='ocr_par' dir='ltr' id='par_1_15' title="bbox 2224 977 3737 1049">
     <span class='ocr_line' id='line_1_15' title="bbox 2224 977 3737 1049; baseline 0.002 -21"><span class='ocrx_word' id='word_1_96' title='bbox 2224 978 2547 1048; x_wconf 72' lang='grc' dir='ltr'>τοιχομένων</span> <span class='ocrx_word' id='word_1_97' title='bbox 2583 979 2799 1042; x_wconf 78' lang='grc' dir='ltr'>εἰκόνας</span> <span class='ocrx_word' id='word_1_98' title='bbox 2819 1018 2833 1042; x_wconf 94' lang='grc'><strong>,</strong></span> <span class='ocrx_word' id='word_1_99' title='bbox 2873 977 3082 1042; x_wconf 77' lang='grc' dir='ltr'>πάντας</span> <span class='ocrx_word' id='word_1_100' title='bbox 3116 977 3387 1049; x_wconf 77' lang='grc' dir='ltr'>πανδημεὶ</span> <span class='ocrx_word' id='word_1_101' title='bbox 3432 978 3558 1039; x_wconf 83' lang='grc' dir='ltr'>τοὺς</span> <span class='ocrx_word' id='word_1_102' title='bbox 3586 978 3737 1048; x_wconf 80' lang='grc' dir='ltr'>ἀμφὶ</span> 
     </span>
    </p>
   </div>
   <div class='ocr_carea' id='block_1_16' title="bbox 447 1067 1960 1141">
    <p class='ocr_par' dir='ltr' id='par_1_16' title="bbox 447 1071 1960 1141">
     <span class='ocr_line' id='line_1_16' title="bbox 447 1071 1960 1141; baseline -0.003 -15"><span class='ocrx_word' id='word_1_103' title='bbox 447 1071 527 1126; x_wconf 93' lang='lat' dir='ltr'><strong>cis</strong></span> <span class='ocrx_word' id='word_1_104' title='bbox 557 1085 817 1139; x_wconf 73' lang='lat' dir='ltr'><strong>vanaaqne</strong></span> <span class='ocrx_word' id='word_1_105' title='bbox 847 1072 1255 1140; x_wconf 77' lang='lat' dir='ltr'><strong>superstitionis</strong></span> <span class='ocrx_word' id='word_1_106' title='bbox 1284 1080 1465 1136; x_wconf 92' lang='lat' dir='ltr'><strong>nocte,</strong></span> <span class='ocrx_word' id='word_1_107' title='bbox 1517 1072 1570 1124; x_wconf 91' lang='lat' dir='ltr'><strong>in</strong></span> <span class='ocrx_word' id='word_1_108' title='bbox 1602 1086 1746 1124; x_wconf 75' lang='lat' dir='ltr'><strong>verae</strong></span> <span class='ocrx_word' id='word_1_109' title='bbox 1785 1083 1915 1141; x_wconf 89' lang='lat' dir='ltr'><strong>erga</strong></span> <span class='ocrx_word' id='word_1_110' title='bbox 1950 1086 1960 1122; x_wconf 83' lang='grc' dir='ltr'><strong>ι</strong></span> 
     </span>
    </p>
   </div>
   <div class='ocr_carea' id='block_1_17' title="bbox 2224 1067 3737 1141">
    <p class='ocr_par' dir='ltr' id='par_1_17' title="bbox 2224 1067 3737 1139">
     <span class='ocr_line' id='line_1_17' title="bbox 2224 1067 3737 1139; baseline 0 -19"><span class='ocrx_word' id='word_1_111' title='bbox 2224 1086 2237 1120; x_wconf 69' lang='grc' dir='ltr'><strong>ι</strong></span> <span class='ocrx_word' id='word_1_112' title='bbox 2275 1067 2534 1121; x_wconf 85' lang='grc' dir='ltr'>πολύθεον</span> <span class='ocrx_word' id='word_1_113' title='bbox 2586 1067 2834 1138; x_wconf 82' lang='grc' dir='ltr'>πλάνην,</span> <span class='ocrx_word' id='word_1_114' title='bbox 2879 1069 3021 1121; x_wconf 81' lang='grc' dir='ltr'>κατά</span> <span class='ocrx_word' id='word_1_115' title='bbox 3047 1085 3108 1120; x_wconf 86' lang='grc' dir='ltr'><strong>τε</strong></span> <span class='ocrx_word' id='word_1_116' title='bbox 3163 1067 3351 1131; x_wconf 90' lang='grc' dir='ltr'>πόλεις</span> <span class='ocrx_word' id='word_1_117' title='bbox 3398 1068 3493 1121; x_wconf 79' lang='grc' dir='ltr'>καὶ</span> <span class='ocrx_word' id='word_1_118' title='bbox 3537 1067 3737 1139; x_wconf 80' lang='grc' dir='ltr'>κώμας</span> 
     </span>
    </p>
   </div>
   <div class='ocr_carea' id='block_1_18' title="bbox 445 1161 1958 1233">
    <p class='ocr_par' dir='ltr' id='par_1_18' title="bbox 445 1161 1958 1232">
     <span class='ocr_line' id='line_1_18' title="bbox 445 1161 1958 1232; baseline -0.001 -16"><span class='ocrx_word' id='word_1_119' title='bbox 445 1177 570 1216; x_wconf 86' lang='lat' dir='ltr'><strong>rum</strong></span> <span class='ocrx_word' id='word_1_120' title='bbox 598 1162 842 1214; x_wconf 89' lang='lat' dir='ltr'><strong>omnium</strong></span> <span class='ocrx_word' id='word_1_121' title='bbox 877 1162 1275 1216; x_wconf 81' lang='lat' dir='ltr'><strong>moderatorem</strong></span> <span class='ocrx_word' id='word_1_122' title='bbox 1298 1163 1465 1216; x_wconf 85' lang='lat' dir='ltr'><strong>Deum</strong></span> <span class='ocrx_word' id='word_1_123' title='bbox 1491 1163 1708 1232; x_wconf 88' lang='lat' dir='ltr'><strong>pietatis</strong></span> <span class='ocrx_word' id='word_1_124' title='bbox 1739 1162 1881 1216; x_wconf 89' lang='lat' dir='ltr'><strong>diem</strong></span> <span class='ocrx_word' id='word_1_125' title='bbox 1911 1161 1958 1214; x_wconf 95' lang='lat' dir='ltr'><strong>vi</strong></span> 
     </span>
    </p>
   </div>
   <div class='ocr_carea' id='block_1_19' title="bbox 2219 1161 3732 1233">
    <p class='ocr_par' dir='ltr' id='par_1_19' title="bbox 2219 1161 3732 1233">
     <span class='ocr_line' id='line_1_19' title="bbox 2219 1161 3732 1233; baseline 0 -20"><span class='ocrx_word' id='word_1_126' title='bbox 2219 1178 2308 1232; x_wconf 90' lang='grc' dir='ltr'><strong>τοη</strong></span> <span class='ocrx_word' id='word_1_127' title='bbox 2319 1162 2535 1231; x_wconf 82' lang='grc' dir='ltr'>μένους,</span> <span class='ocrx_word' id='word_1_128' title='bbox 2565 1161 2890 1232; x_wconf 86' lang='grc' dir='ltr'>θεραπεύειν</span> <span class='ocrx_word' id='word_1_129' title='bbox 2921 1179 2980 1214; x_wconf 88' lang='grc' dir='ltr'><strong>τε</strong></span> <span class='ocrx_word' id='word_1_130' title='bbox 3016 1161 3110 1215; x_wconf 74' lang='grc' dir='ltr'><strong>καὶ</strong></span> <span class='ocrx_word' id='word_1_131' title='bbox 3145 1161 3429 1233; x_wconf 78' lang='grc' dir='ltr'>περιέπειν</span> <span class='ocrx_word' id='word_1_132' title='bbox 3453 1161 3732 1226; x_wconf 81' lang='grc' dir='ltr'>ἐδίδαξαν·</span> 
     </span>
    </p>
   </div>
   <div class='ocr_carea' id='block_1_20' title="bbox 445 1252 1958 1326">
    <p class='ocr_par' dir='ltr' id='par_1_20' title="bbox 445 1255 1958 1325">
     <span class='ocr_line' id='line_1_20' title="bbox 445 1255 1958 1325; baseline -0.001 -17"><span class='ocrx_word' id='word_1_133' title='bbox 445 1255 667 1309; x_wconf 86' lang='lat' dir='ltr'><strong>dicavit.</strong></span> <span class='ocrx_word' id='word_1_134' title='bbox 703 1255 1013 1316; x_wconf 77' lang='lat' dir='ltr'><strong>Enimvero,</strong></span> <span class='ocrx_word' id='word_1_135' title='bbox 1042 1264 1310 1325; x_wconf 89' lang='lat' dir='ltr'><strong>quolquot</strong></span> <span class='ocrx_word' id='word_1_136' title='bbox 1345 1256 1548 1325; x_wconf 93' lang='lat' dir='ltr'><strong>uhique</strong></span> <span class='ocrx_word' id='word_1_137' title='bbox 1578 1255 1706 1308; x_wconf 83' lang='lat' dir='ltr'><strong>olim</strong></span> <span class='ocrx_word' id='word_1_138' title='bbox 1737 1255 1803 1309; x_wconf 91' lang='lat' dir='ltr'><strong>ad</strong></span> <span class='ocrx_word' id='word_1_139' title='bbox 1838 1263 1958 1323; x_wconf 89' lang='lat' dir='ltr'><strong>stup</strong></span> 
     </span>
    </p>
   </div>
   <div class='ocr_carea' id='block_1_21' title="bbox 2223 1252 3736 1326">
    <p class='ocr_par' dir='ltr' id='par_1_21' title="bbox 2223 1252 3736 1326">
     <span class='ocr_line' id='line_1_21' title="bbox 2223 1252 3736 1326; baseline -0.001 -20"><span class='ocrx_word' id='word_1_140' title='bbox 2223 1270 2246 1306; x_wconf 85' lang='grc' dir='ltr'><strong>ν</strong></span> <span class='ocrx_word' id='word_1_141' title='bbox 2278 1253 2444 1307; x_wconf 85' lang='grc' dir='ltr'>πάλαι</span> <span class='ocrx_word' id='word_1_142' title='bbox 2475 1254 2685 1326; x_wconf 84' lang='grc' dir='ltr'>ἀνδρῶν</span> <span class='ocrx_word' id='word_1_143' title='bbox 2731 1254 2800 1307; x_wconf 85' lang='grc' dir='ltr'>δι’</span> <span class='ocrx_word' id='word_1_144' title='bbox 2846 1253 3293 1326; x_wconf 85' lang='grc' dir='ltr'>ὑπερϐάλλουσαν</span> <span class='ocrx_word' id='word_1_145' title='bbox 3323 1252 3418 1306; x_wconf 87' lang='grc' dir='ltr'><strong>τοῦ</strong></span> <span class='ocrx_word' id='word_1_146' title='bbox 3461 1253 3582 1305; x_wconf 85' lang='grc' dir='ltr'>τότε</span> <span class='ocrx_word' id='word_1_147' title='bbox 3615 1253 3736 1323; x_wconf 83' lang='grc' dir='ltr'>βίου</span> 
     </span>
    </p>
   </div>
   <div class='ocr_carea' id='block_1_22' title="bbox 457 1346 1970 1420">
    <p class='ocr_par' dir='ltr' id='par_1_22' title="bbox 457 1347 1964 1416">
     <span class='ocr_line' id='line_1_22' title="bbox 457 1347 1964 1416; baseline -0.001 -14"><span class='ocrx_word' id='word_1_148' title='bbox 457 1363 573 1402; x_wconf 79' lang='lat' dir='ltr'><strong>rem</strong></span> <span class='ocrx_word' id='word_1_149' title='bbox 603 1365 776 1416; x_wconf 80' lang='lat' dir='ltr'><strong>usque.</strong></span> <span class='ocrx_word' id='word_1_150' title='bbox 796 1347 1041 1416; x_wconf 64' lang='lat' dir='ltr'><strong>uolanis</strong></span> <span class='ocrx_word' id='word_1_151' title='bbox 1057 1349 1122 1402; x_wconf 90' lang='lat' dir='ltr'><strong>de</strong></span> <span class='ocrx_word' id='word_1_152' title='bbox 1145 1349 1370 1403; x_wconf 89' lang='lat' dir='ltr'><strong>deorum</strong></span> <span class='ocrx_word' id='word_1_153' title='bbox 1393 1347 1740 1402; x_wconf 87' lang='lat' dir='ltr'><strong>multitudine</strong></span> <span class='ocrx_word' id='word_1_154' title='bbox 1753 1347 1964 1402; x_wconf 88' lang='lat' dir='ltr'><strong>errorih</strong></span> 
     </span>
    </p>
   </div>
   <div class='ocr_carea' id='block_1_23' title="bbox 2225 1346 3738 1420">
    <p class='ocr_par' dir='ltr' id='par_1_23' title="bbox 2225 1346 3738 1420">
     <span class='ocr_line' id='line_1_23' title="bbox 2225 1346 3738 1420; baseline 0 -20"><span class='ocrx_word' id='word_1_155' title='bbox 2225 1349 2458 1419; x_wconf 71' lang='grc' dir='ltr'>ριωδίαν,</span> <span class='ocrx_word' id='word_1_156' title='bbox 2481 1347 2617 1402; x_wconf 84' lang='grc' dir='ltr'>Θεοῦ</span> <span class='ocrx_word' id='word_1_157' title='bbox 2656 1349 2754 1420; x_wconf 86' lang='grc' dir='ltr'><strong>μὲν</strong></span> <span class='ocrx_word' id='word_1_158' title='bbox 2786 1348 2879 1401; x_wconf 89' lang='grc' dir='ltr'><strong>τοῦ</strong></span> <span class='ocrx_word' id='word_1_159' title='bbox 2907 1347 3125 1401; x_wconf 83' lang='grc' dir='ltr'>πάντων</span> <span class='ocrx_word' id='word_1_160' title='bbox 3152 1346 3484 1419; x_wconf 84' lang='grc' dir='ltr'>δημιουργοῦ</span> <span class='ocrx_word' id='word_1_161' title='bbox 3527 1347 3738 1418; x_wconf 85' lang='grc' dir='ltr'>μηδένα</span> 
     </span>
    </p>
   </div>
   <div class='ocr_carea' id='block_1_24' title="bbox 445 1437 1958 1512">
    <p class='ocr_par' dir='ltr' id='par_1_24' title="bbox 445 1439 1958 1510">
     <span class='ocr_line' id='line_1_24' title="bbox 445 1439 1958 1510; baseline -0.001 -18"><span class='ocrx_word' id='word_1_162' title='bbox 445 1447 554 1492; x_wconf 89' lang='lat' dir='ltr'><strong>tam</strong></span> <span class='ocrx_word' id='word_1_163' title='bbox 588 1439 638 1491; x_wconf 92' lang='lat' dir='ltr'><strong>in</strong></span> <span class='ocrx_word' id='word_1_164' title='bbox 672 1439 921 1498; x_wconf 90' lang='lat' dir='ltr'><strong>urbibus,</strong></span> <span class='ocrx_word' id='word_1_165' title='bbox 958 1455 1121 1506; x_wconf 87' lang='lat' dir='ltr'><strong>quam</strong></span> <span class='ocrx_word' id='word_1_166' title='bbox 1152 1439 1204 1492; x_wconf 94' lang='lat' dir='ltr'><strong>in</strong></span> <span class='ocrx_word' id='word_1_167' title='bbox 1233 1440 1387 1510; x_wconf 83' lang='lat' dir='ltr'><strong>pagis</strong></span> <span class='ocrx_word' id='word_1_168' title='bbox 1410 1439 1780 1504; x_wconf 72' lang='lat' dir='ltr'><strong>adltmserunt,</strong></span> <span class='ocrx_word' id='word_1_169' title='bbox 1811 1439 1958 1493; x_wconf 72' lang='lat' dir='ltr'><strong>eosdt</strong></span> 
     </span>
    </p>
   </div>
   <div class='ocr_carea' id='block_1_25' title="bbox 2226 1437 3739 1512">
    <p class='ocr_par' dir='ltr' id='par_1_25' title="bbox 2226 1437 3739 1512">
     <span class='ocr_line' id='line_1_25' title="bbox 2226 1437 3739 1512; baseline 0 -19"><span class='ocrx_word' id='word_1_170' title='bbox 2226 1458 2297 1494; x_wconf 82' lang='grc' dir='ltr'><strong>ὀν</strong></span> <span class='ocrx_word' id='word_1_171' title='bbox 2332 1440 2695 1512; x_wconf 83' lang='grc' dir='ltr'>ποιουμένων,</span> <span class='ocrx_word' id='word_1_172' title='bbox 2736 1441 2869 1512; x_wconf 81' lang='grc' dir='ltr'>μηδὲ</span> <span class='ocrx_word' id='word_1_173' title='bbox 2889 1441 2991 1512; x_wconf 80' lang='grc' dir='ltr'>τῆς</span> <span class='ocrx_word' id='word_1_174' title='bbox 3017 1440 3168 1504; x_wconf 86' lang='grc' dir='ltr'>Θείας</span> <span class='ocrx_word' id='word_1_175' title='bbox 3189 1442 3283 1494; x_wconf 73' lang='grc' dir='ltr'><strong>καὶ</strong></span> <span class='ocrx_word' id='word_1_176' title='bbox 3306 1441 3398 1494; x_wconf 74' lang='grc' dir='ltr'><strong>ἐπὶ</strong></span> <span class='ocrx_word' id='word_1_177' title='bbox 3423 1437 3521 1512; x_wconf 80' lang='grc' dir='ltr'>τῆς</span> <span class='ocrx_word' id='word_1_178' title='bbox 3553 1441 3660 1512; x_wconf 87' lang='grc' dir='ltr'><strong>πλη</strong></span> <span class='ocrx_word' id='word_1_179' title='bbox 3670 1460 3739 1512; x_wconf 88' lang='grc' dir='ltr'>μ-</span> 
     </span>
    </p>
   </div>
   <div class='ocr_carea' id='block_1_26' title="bbox 445 1530 1958 1607">
    <p class='ocr_par' dir='ltr' id='par_1_26' title="bbox 445 1530 1958 1602">
     <span class='ocr_line' id='line_1_26' title="bbox 445 1530 1958 1602; baseline 0.001 -19"><span class='ocrx_word' id='word_1_180' title='bbox 445 1541 791 1584; x_wconf 83' lang='lat' dir='ltr'><strong>mortuorum</strong></span> <span class='ocrx_word' id='word_1_181' title='bbox 815 1530 979 1597; x_wconf 86' lang='lat' dir='ltr'><strong>idola,</strong></span> <span class='ocrx_word' id='word_1_182' title='bbox 996 1531 1388 1602; x_wconf 87' lang='lat' dir='ltr'><strong>hominumque</strong></span> <span class='ocrx_word' id='word_1_183' title='bbox 1409 1532 1618 1601; x_wconf 86' lang='lat' dir='ltr'><strong>pridem</strong></span> <span class='ocrx_word' id='word_1_184' title='bbox 1636 1532 1958 1587; x_wconf 76' lang='lat' dir='ltr'><strong>exstinctort</strong></span> 
     </span>
    </p>
   </div>
   <div class='ocr_carea' id='block_1_27' title="bbox 2226 1530 3739 1607">
    <p class='ocr_par' dir='ltr' id='par_1_27' title="bbox 2226 1533 3739 1607">
     <span class='ocr_line' id='line_1_27' title="bbox 2226 1533 3739 1607; baseline 0.001 -22"><span class='ocrx_word' id='word_1_185' title='bbox 2226 1534 2479 1607; x_wconf 74' lang='grc' dir='ltr'>λουμένης</span> <span class='ocrx_word' id='word_1_186' title='bbox 2510 1534 2751 1607; x_wconf 86' lang='grc' dir='ltr'>τιμωροῦ</span> <span class='ocrx_word' id='word_1_187' title='bbox 2784 1533 2940 1606; x_wconf 84' lang='grc' dir='ltr'>δίκης</span> <span class='ocrx_word' id='word_1_188' title='bbox 2971 1534 3393 1605; x_wconf 76' lang='grc' dir='ltr'>ἐμπαζομένων,</span> <span class='ocrx_word' id='word_1_189' title='bbox 3433 1536 3514 1598; x_wconf 78' lang='grc' dir='ltr'>εἰς</span> <span class='ocrx_word' id='word_1_190' title='bbox 3551 1534 3739 1597; x_wconf 90' lang='grc' dir='ltr'>πάσας</span> 
     </span>
    </p>
   </div>
   <div class='ocr_carea' id='block_1_28' title="bbox 445 1616 1958 1697">
    <p class='ocr_par' dir='ltr' id='par_1_28' title="bbox 445 1623 1958 1689">
     <span class='ocr_line' id='line_1_28' title="bbox 445 1623 1958 1689; baseline -0.001 -11"><span class='ocrx_word' id='word_1_191' title='bbox 445 1623 740 1678; x_wconf 85' lang='lat' dir='ltr'><strong>simulacra</strong></span> <span class='ocrx_word' id='word_1_192' title='bbox 784 1624 940 1677; x_wconf 90' lang='lat' dir='ltr'><strong>statis</strong></span> <span class='ocrx_word' id='word_1_193' title='bbox 971 1639 1166 1678; x_wconf 91' lang='lat' dir='ltr'><strong>omnes</strong></span> <span class='ocrx_word' id='word_1_194' title='bbox 1218 1625 1522 1678; x_wconf 89' lang='lat' dir='ltr'><strong>honoribus</strong></span> <span class='ocrx_word' id='word_1_195' title='bbox 1550 1623 1807 1689; x_wconf 91' lang='lat' dir='ltr'><strong>coluisse,</strong></span> <span class='ocrx_word' id='word_1_196' title='bbox 1838 1624 1958 1677; x_wconf 78' lang='lat' dir='ltr'><strong>clari</strong></span> 
     </span>
    </p>
   </div>
   <div class='ocr_carea' id='block_1_29' title="bbox 2226 1616 3739 1697">
    <p class='ocr_par' dir='ltr' id='par_1_29' title="bbox 2249 1624 3739 1697">
     <span class='ocr_line' id='line_1_29' title="bbox 2249 1624 3739 1697; baseline 0.001 -20"><span class='ocrx_word' id='word_1_197' title='bbox 2249 1625 2632 1697; x_wconf 81' lang='grc' dir='ltr'>ἀνοσιουργίας</span> <span class='ocrx_word' id='word_1_198' title='bbox 2693 1624 3164 1679; x_wconf 87' lang='grc' dir='ltr'>καταϐαλλόντων.</span> <span class='ocrx_word' id='word_1_199' title='bbox 3211 1624 3377 1678; x_wconf 74' lang='grc' dir='ltr'>Οὖπω</span> <span class='ocrx_word' id='word_1_200' title='bbox 3409 1626 3518 1697; x_wconf 82' lang='grc' dir='ltr'>γὰρ</span> <span class='ocrx_word' id='word_1_201' title='bbox 3563 1625 3739 1678; x_wconf 84' lang='grc' dir='ltr'>εἰσέτι</span> 
     </span>
    </p>
   </div>
   <div class='ocr_carea' id='block_1_30' title="bbox 445 1713 1958 1790">
    <p class='ocr_par' dir='ltr' id='par_1_30' title="bbox 445 1713 1925 1786">
     <span class='ocr_line' id='line_1_30' title="bbox 445 1713 1925 1786; baseline 0.001 -15"><span class='ocrx_word' id='word_1_202' title='bbox 445 1715 602 1771; x_wconf 80' lang='lat' dir='ltr'><strong>simis</strong></span> <span class='ocrx_word' id='word_1_203' title='bbox 638 1713 982 1769; x_wconf 88' lang='lat' dir='ltr'><strong>laudatoru&#39;ni</strong></span> <span class='ocrx_word' id='word_1_204' title='bbox 1038 1727 1166 1770; x_wconf 89' lang='lat' dir='ltr'><strong>ante</strong></span> <span class='ocrx_word' id='word_1_205' title='bbox 1216 1718 1549 1786; x_wconf 89' lang='lat' dir='ltr'><strong>scriptorum</strong></span> <span class='ocrx_word' id='word_1_206' title='bbox 1595 1717 1925 1772; x_wconf 86' lang='lat' dir='ltr'><strong>testimoniis</strong></span> 
     </span>
    </p>
   </div>
   <div class='ocr_carea' id='block_1_31' title="bbox 2225 1713 3738 1790">
    <p class='ocr_par' dir='ltr' id='par_1_31' title="bbox 2225 1717 3738 1790">
     <span class='ocr_line' id='line_1_31' title="bbox 2225 1717 3738 1790; baseline 0.001 -20"><span class='ocrx_word' id='word_1_207' title='bbox 2225 1735 2320 1771; x_wconf 86' lang='grc' dir='ltr'><strong>ιων</strong></span> <span class='ocrx_word' id='word_1_208' title='bbox 2347 1719 2486 1782; x_wconf 85' lang='grc' dir='ltr'>τότε,</span> <span class='ocrx_word' id='word_1_209' title='bbox 2523 1718 2644 1773; x_wconf 86' lang='grc' dir='ltr'>καθ’</span> <span class='ocrx_word' id='word_1_210' title='bbox 2672 1717 2768 1782; x_wconf 85' lang='grc' dir='ltr'><strong>οὒς</strong></span> <span class='ocrx_word' id='word_1_211' title='bbox 2791 1718 2897 1790; x_wconf 85' lang='grc' dir='ltr'>χρὴ</span> <span class='ocrx_word' id='word_1_212' title='bbox 2924 1717 3092 1788; x_wconf 80' lang='grc' dir='ltr'>βιοῦν,</span> <span class='ocrx_word' id='word_1_213' title='bbox 3127 1718 3496 1780; x_wconf 82' lang='grc' dir='ltr'>συνεστώτων,</span> <span class='ocrx_word' id='word_1_214' title='bbox 3522 1718 3642 1772; x_wconf 75' lang='grc' dir='ltr'>οὐδέ</span> <span class='ocrx_word' id='word_1_215' title='bbox 3669 1735 3738 1786; x_wconf 87' lang='grc' dir='ltr'><strong>γε</strong></span> 
     </span>
    </p>
   </div>
   <div class='ocr_carea' id='block_1_32' title="bbox 443 1795 1956 1882">
    <p class='ocr_par' dir='ltr' id='par_1_32' title="bbox 443 1809 1956 1880">
     <span class='ocr_line' id='line_1_32' title="bbox 443 1809 1956 1880; baseline 0.001 -18"><span class='ocrx_word' id='word_1_216' title='bbox 443 1809 672 1862; x_wconf 80' lang='lat' dir='ltr'><strong>vocibus</strong></span> <span class='ocrx_word' id='word_1_217' title='bbox 703 1809 1094 1878; x_wconf 85' lang='lat' dir='ltr'><strong>comprobatur</strong></span> <span class='ocrx_word' id='word_1_218' title='bbox 1124 1825 1136 1861; x_wconf 92' lang='lat'>:</span> <span class='ocrx_word' id='word_1_219' title='bbox 1176 1810 1250 1864; x_wconf 90' lang='lat' dir='ltr'><strong>ita</strong></span> <span class='ocrx_word' id='word_1_220' title='bbox 1285 1811 1466 1880; x_wconf 88' lang='lat' dir='ltr'><strong>plane,</strong></span> <span class='ocrx_word' id='word_1_221' title='bbox 1503 1819 1564 1865; x_wconf 90' lang='lat' dir='ltr'><strong>ut</strong></span> <span class='ocrx_word' id='word_1_222' title='bbox 1605 1811 1852 1879; x_wconf 86' lang='lat' dir='ltr'><strong>priscum</strong></span> <span class='ocrx_word' id='word_1_223' title='bbox 1902 1811 1956 1865; x_wconf 86' lang='lat' dir='ltr'><strong>ill</strong></span> 
     </span>
    </p>
   </div>
   <div class='ocr_carea' id='block_1_33' title="bbox 2226 1795 3739 1882">
    <p class='ocr_par' dir='ltr' id='par_1_33' title="bbox 2226 1809 3739 1882">
     <span class='ocr_line' id='line_1_33' title="bbox 2226 1809 3739 1882; baseline 0 -20"><span class='ocrx_word' id='word_1_224' title='bbox 2226 1827 2238 1873; x_wconf 86' lang='lat'>;</span> <span class='ocrx_word' id='word_1_225' title='bbox 2262 1811 2468 1881; x_wconf 82' lang='grc' dir='ltr'>ἡμέρου</span> <span class='ocrx_word' id='word_1_226' title='bbox 2491 1810 2765 1874; x_wconf 83' lang='grc' dir='ltr'>πολιτείας</span> <span class='ocrx_word' id='word_1_227' title='bbox 2789 1813 2846 1863; x_wconf 90' lang='grc' dir='ltr'><strong>ἐν</strong></span> <span class='ocrx_word' id='word_1_228' title='bbox 2872 1809 3180 1882; x_wconf 86' lang='grc' dir='ltr'>ἀνθρώποις</span> <span class='ocrx_word' id='word_1_229' title='bbox 3213 1810 3703 1882; x_wconf 85' lang='grc' dir='ltr'>κατατεταγμένης</span> <span class='ocrx_word' id='word_1_230' title='bbox 3719 1822 3739 1842; x_wconf 83' lang='grc'>⁶</span> 
     </span>
    </p>
   </div>
   <div class='ocr_carea' id='block_1_34' title="bbox 444 1898 1957 1975">
    <p class='ocr_par' dir='ltr' id='par_1_34' title="bbox 444 1898 1931 1970">
     <span class='ocr_line' id='line_1_34' title="bbox 444 1898 1931 1970; baseline 0.003 -17"><span class='ocrx_word' id='word_1_231' title='bbox 444 1898 730 1953; x_wconf 83' lang='lat' dir='ltr'><strong>hominum</strong></span> <span class='ocrx_word' id='word_1_232' title='bbox 761 1914 954 1970; x_wconf 84' lang='lat' dir='ltr'><strong>genus,</strong></span> <span class='ocrx_word' id='word_1_233' title='bbox 992 1909 1211 1969; x_wconf 87' lang='lat' dir='ltr'><strong>propter</strong></span> <span class='ocrx_word' id='word_1_234' title='bbox 1245 1901 1480 1955; x_wconf 79' lang='lat' dir='ltr'><strong>ferinam</strong></span> <span class='ocrx_word' id='word_1_235' title='bbox 1509 1915 1674 1970; x_wconf 85' lang='lat' dir='ltr'><strong>supra</strong></span> <span class='ocrx_word' id='word_1_236' title='bbox 1706 1903 1931 1956; x_wconf 92' lang='lat' dir='ltr'><strong>modum</strong></span> 
     </span>
    </p>
   </div>
   <div class='ocr_carea' id='block_1_35' title="bbox 2227 1898 3740 1975">
    <p class='ocr_par' dir='ltr' id='par_1_35' title="bbox 2227 1902 3740 1975">
     <span class='ocr_line' id='line_1_35' title="bbox 2227 1902 3740 1975; baseline 0.001 -21"><span class='ocrx_word' id='word_1_237' title='bbox 2227 1903 2427 1973; x_wconf 78' lang='grc' dir='ltr'>ειμένου</span> <span class='ocrx_word' id='word_1_238' title='bbox 2457 1904 2513 1958; x_wconf 81' lang='grc' dir='ltr'><strong>δὲ</strong></span> <span class='ocrx_word' id='word_1_239' title='bbox 2559 1905 2654 1957; x_wconf 73' lang='grc' dir='ltr'><strong>καὶ</strong></span> <span class='ocrx_word' id='word_1_240' title='bbox 2687 1903 2980 1975; x_wconf 89' lang='grc' dir='ltr'>νομαδικοῦ</span> <span class='ocrx_word' id='word_1_241' title='bbox 3011 1903 3105 1958; x_wconf 91' lang='grc' dir='ltr'><strong>τοῦ</strong></span> <span class='ocrx_word' id='word_1_242' title='bbox 3152 1903 3266 1974; x_wconf 84' lang='grc' dir='ltr'>βίου</span> <span class='ocrx_word' id='word_1_243' title='bbox 3287 1944 3301 1968; x_wconf 94' lang='grc'><strong>,</strong></span> <span class='ocrx_word' id='word_1_244' title='bbox 3341 1902 3643 1975; x_wconf 80' lang='grc' dir='ltr'>θηριώδους</span> <span class='ocrx_word' id='word_1_245' title='bbox 3673 1918 3740 1955; x_wconf 82' lang='grc' dir='ltr'><strong>τε</strong></span> 
     </span>
    </p>
   </div>
   <div class='ocr_carea' id='block_1_36' title="bbox 444 1992 1957 2068">
    <p class='ocr_par' dir='ltr' id='par_1_36' title="bbox 444 1992 1957 2060">
     <span class='ocr_line' id='line_1_36' title="bbox 444 1992 1957 2060; baseline 0.001 -16"><span class='ocrx_word' id='word_1_246' title='bbox 444 1999 692 2060; x_wconf 88' lang='lat' dir='ltr'><strong>tempore</strong></span> <span class='ocrx_word' id='word_1_247' title='bbox 709 1992 921 2044; x_wconf 85' lang='lat' dir='ltr'><strong>vivendi</strong></span> <span class='ocrx_word' id='word_1_248' title='bbox 948 1992 1237 2053; x_wconf 86' lang='lat' dir='ltr'><strong>rationem,</strong></span> <span class='ocrx_word' id='word_1_249' title='bbox 1259 1993 1326 2046; x_wconf 92' lang='lat' dir='ltr'><strong>de</strong></span> <span class='ocrx_word' id='word_1_250' title='bbox 1344 2007 1562 2047; x_wconf 92' lang='lat' dir='ltr'><strong>summo</strong></span> <span class='ocrx_word' id='word_1_251' title='bbox 1584 2008 1765 2046; x_wconf 92' lang='lat' dir='ltr'><strong>rerum</strong></span> <span class='ocrx_word' id='word_1_252' title='bbox 1789 1996 1957 2046; x_wconf 85' lang='lat' dir='ltr'><strong>omnii</strong></span> 
     </span>
    </p>
   </div>
   <div class='ocr_carea' id='block_1_37' title="bbox 2230 1992 3743 2068">
    <p class='ocr_par' dir='ltr' id='par_1_37' title="bbox 2230 1994 3743 2068">
     <span class='ocr_line' id='line_1_37' title="bbox 2230 1994 3743 2068; baseline 0.001 -22"><span class='ocrx_word' id='word_1_253' title='bbox 2230 1994 2484 2059; x_wconf 61' lang='grc' dir='ltr'>δεστῶτος</span> <span class='ocrx_word' id='word_1_254' title='bbox 2505 2012 2518 2026; x_wconf 80' lang='grc'><em>’</em></span> <span class='ocrx_word' id='word_1_255' title='bbox 2554 1999 2666 2059; x_wconf 86' lang='grc' dir='ltr'>τοῖς</span> <span class='ocrx_word' id='word_1_256' title='bbox 2695 1995 2794 2067; x_wconf 83' lang='grc' dir='ltr'><strong>μὲν</strong></span> <span class='ocrx_word' id='word_1_257' title='bbox 2825 1995 3158 2068; x_wconf 83' lang='grc' dir='ltr'>θρεμμάτων</span> <span class='ocrx_word' id='word_1_258' title='bbox 3189 1995 3403 2064; x_wconf 84' lang='grc' dir='ltr'>ἀλόγων</span> <span class='ocrx_word' id='word_1_259' title='bbox 3436 1995 3592 2066; x_wconf 82' lang='grc' dir='ltr'>δίκην</span> <span class='ocrx_word' id='word_1_260' title='bbox 3622 1995 3743 2050; x_wconf 82' lang='grc' dir='ltr'><strong>τῶν</strong></span> 
     </span>
    </p>
   </div>
   <div class='ocr_carea' id='block_1_38' title="bbox 442 2083 1955 2160">
    <p class='ocr_par' dir='ltr' id='par_1_38' title="bbox 442 2084 1955 2155">
     <span class='ocr_line' id='line_1_38' title="bbox 442 2084 1955 2155; baseline 0 -15"><span class='ocrx_word' id='word_1_261' title='bbox 442 2085 636 2154; x_wconf 83' lang='lat' dir='ltr'><strong>Opiﬁce</strong></span> <span class='ocrx_word' id='word_1_262' title='bbox 664 2084 772 2138; x_wconf 90' lang='lat' dir='ltr'><strong>Deo</strong></span> <span class='ocrx_word' id='word_1_263' title='bbox 796 2085 932 2137; x_wconf 91' lang='lat' dir='ltr'><strong>nihil</strong></span> <span class='ocrx_word' id='word_1_264' title='bbox 956 2085 1184 2138; x_wconf 89' lang='lat' dir='ltr'><strong>omnino</strong></span> <span class='ocrx_word' id='word_1_265' title='bbox 1208 2086 1492 2154; x_wconf 87' lang='lat' dir='ltr'><strong>cogitaret,</strong></span> <span class='ocrx_word' id='word_1_266' title='bbox 1517 2100 1621 2140; x_wconf 91' lang='lat' dir='ltr'><strong>nec</strong></span> <span class='ocrx_word' id='word_1_267' title='bbox 1647 2086 1890 2140; x_wconf 84' lang='lat' dir='ltr'><strong>divinam</strong></span> <span class='ocrx_word' id='word_1_268' title='bbox 1917 2087 1955 2155; x_wconf 81' lang='lat' dir='ltr'><strong>ej</strong></span> 
     </span>
    </p>
   </div>
   <div class='ocr_carea' id='block_1_39' title="bbox 2231 2083 3744 2160">
    <p class='ocr_par' dir='ltr' id='par_1_39' title="bbox 2231 2083 3744 2160">
     <span class='ocr_line' id='line_1_39' title="bbox 2231 2083 3744 2160; baseline -0.002 -17"><span class='ocrx_word' id='word_1_269' title='bbox 2231 2103 2236 2143; x_wconf 86' lang='lat'><strong>.&#39;</strong></span> <span class='ocrx_word' id='word_1_270' title='bbox 2263 2087 2501 2156; x_wconf 73' lang='grc' dir='ltr'>γαστρὸς</span> <span class='ocrx_word' id='word_1_271' title='bbox 2534 2089 2751 2160; x_wconf 83' lang='grc' dir='ltr'>ὰποπλη</span> <span class='ocrx_word' id='word_1_272' title='bbox 2762 2087 2980 2160; x_wconf 88' lang='grc' dir='ltr'>ρώσεων</span> <span class='ocrx_word' id='word_1_273' title='bbox 3013 2088 3174 2142; x_wconf 80' lang='grc' dir='ltr'>πλέον</span> <span class='ocrx_word' id='word_1_274' title='bbox 3201 2089 3353 2141; x_wconf 75' lang='grc' dir='ltr'>οὐδὲν</span> <span class='ocrx_word' id='word_1_275' title='bbox 3380 2087 3624 2160; x_wconf 74' lang='grc' dir='ltr'>ἔμελλεν,</span> <span class='ocrx_word' id='word_1_276' title='bbox 3650 2083 3744 2153; x_wconf 68' lang='grc' dir='ltr'>οἷς</span> 
     </span>
    </p>
   </div>
   <div class='ocr_carea' id='block_1_40' title="bbox 443 2177 1956 2252">
    <p class='ocr_par' dir='ltr' id='par_1_40' title="bbox 443 2177 1956 2248">
     <span class='ocr_line' id='line_1_40' title="bbox 443 2177 1956 2248; baseline -0.001 -15"><span class='ocrx_word' id='word_1_277' title='bbox 443 2177 500 2233; x_wconf 87' lang='lat' dir='ltr'><strong>in</strong></span> <span class='ocrx_word' id='word_1_278' title='bbox 531 2177 840 2247; x_wconf 87' lang='lat' dir='ltr'><strong>repetendis</strong></span> <span class='ocrx_word' id='word_1_279' title='bbox 872 2179 1140 2232; x_wconf 91' lang='lat' dir='ltr'><strong>scelerum</strong></span> <span class='ocrx_word' id='word_1_280' title='bbox 1195 2178 1374 2248; x_wconf 73' lang='lat' dir='ltr'><strong>pmnis</strong></span> <span class='ocrx_word' id='word_1_281' title='bbox 1427 2178 1701 2246; x_wconf 89' lang='lat' dir='ltr'><strong>justitiam</strong></span> <span class='ocrx_word' id='word_1_282' title='bbox 1758 2179 1956 2234; x_wconf 90' lang='lat' dir='ltr'><strong>nllaten</strong></span> 
     </span>
    </p>
   </div>
   <div class='ocr_carea' id='block_1_41' title="bbox 2230 2177 3743 2252">
    <p class='ocr_par' dir='ltr' id='par_1_41' title="bbox 2230 2178 3743 2252">
     <span class='ocr_line' id='line_1_41' title="bbox 2230 2178 3743 2252; baseline 0.005 -25"><span class='ocrx_word' id='word_1_283' title='bbox 2230 2218 2231 2226; x_wconf 51' lang='grc' dir='ltr'><strong>η</strong></span> <span class='ocrx_word' id='word_1_284' title='bbox 2263 2178 2481 2250; x_wconf 87' lang='grc' dir='ltr'>πρῶτος</span> <span class='ocrx_word' id='word_1_285' title='bbox 2521 2178 2814 2252; x_wconf 84' lang='grc' dir='ltr'>ἀθεότητος</span> <span class='ocrx_word' id='word_1_286' title='bbox 2861 2181 3180 2252; x_wconf 80' lang='grc' dir='ltr'>ὑποικουρεῖ</span> <span class='ocrx_word' id='word_1_287' title='bbox 3223 2181 3457 2252; x_wconf 87' lang='grc' dir='ltr'>τρόπος·</span> <span class='ocrx_word' id='word_1_288' title='bbox 3495 2182 3544 2233; x_wconf 86' lang='lat' dir='ltr'><strong>oi</strong></span> <span class='ocrx_word' id='word_1_289' title='bbox 3575 2179 3619 2233; x_wconf 87' lang='grc' dir='ltr'>δ’</span> <span class='ocrx_word' id='word_1_290' title='bbox 3653 2182 3743 2245; x_wconf 69' lang='grc' dir='ltr'>εἰς</span> 
     </span>
    </p>
   </div>
   <div class='ocr_carea' id='block_1_42' title="bbox 442 2267 1955 2342">
    <p class='ocr_par' dir='ltr' id='par_1_42' title="bbox 442 2268 1955 2339">
     <span class='ocr_line' id='line_1_42' title="bbox 442 2268 1955 2339; baseline 0 -15"><span class='ocrx_word' id='word_1_291' title='bbox 442 2280 757 2336; x_wconf 73' lang='lat' dir='ltr'><strong>vereretur,</strong></span> <span class='ocrx_word' id='word_1_292' title='bbox 788 2269 883 2324; x_wconf 83' lang='lat' dir='ltr'><strong>sed</strong></span> <span class='ocrx_word' id='word_1_293' title='bbox 918 2269 972 2322; x_wconf 91' lang='lat' dir='ltr'><strong>in</strong></span> <span class='ocrx_word' id='word_1_294' title='bbox 1023 2271 1208 2323; x_wconf 90' lang='lat' dir='ltr'><strong>omnia</strong></span> <span class='ocrx_word' id='word_1_295' title='bbox 1261 2268 1588 2338; x_wconf 79' lang='lat' dir='ltr'><strong>ﬂagitiorum</strong></span> <span class='ocrx_word' id='word_1_296' title='bbox 1639 2277 1694 2324; x_wconf 84' lang='lat' dir='ltr'><strong>et</strong></span> <span class='ocrx_word' id='word_1_297' title='bbox 1742 2269 1955 2339; x_wconf 87' lang='lat' dir='ltr'><strong>impieta</strong></span> 
     </span>
    </p>
   </div>
   <div class='ocr_carea' id='block_1_43' title="bbox 2232 2267 3745 2342">
    <p class='ocr_par' dir='ltr' id='par_1_43' title="bbox 2232 2267 3745 2342">
     <span class='ocr_line' id='line_1_43' title="bbox 2232 2267 3745 2342; baseline 0.001 -19"><span class='ocrx_word' id='word_1_298' title='bbox 2232 2271 2312 2341; x_wconf 86' lang='grc' dir='ltr'><strong>ιχύ</strong></span> <span class='ocrx_word' id='word_1_299' title='bbox 2340 2288 2392 2324; x_wconf 85' lang='grc' dir='ltr'><strong>τι</strong></span> <span class='ocrx_word' id='word_1_300' title='bbox 2424 2274 2682 2342; x_wconf 82' lang='grc' dir='ltr'>φυσικαῖς</span> <span class='ocrx_word' id='word_1_301' title='bbox 2727 2271 2956 2336; x_wconf 85' lang='grc' dir='ltr'>ἐννοίαις</span> <span class='ocrx_word' id='word_1_302' title='bbox 3000 2271 3436 2342; x_wconf 82' lang='grc' dir='ltr'>ἁνακινούμενοι,</span> <span class='ocrx_word' id='word_1_303' title='bbox 3487 2270 3605 2323; x_wconf 76' lang='grc' dir='ltr'>θεὸν</span> <span class='ocrx_word' id='word_1_304' title='bbox 3637 2267 3745 2325; x_wconf 80' lang='grc' dir='ltr'>καὶ</span> 
     </span>
    </p>
   </div>
   <div class='ocr_carea' id='block_1_44' title="bbox 445 2358 1958 2437">
    <p class='ocr_par' dir='ltr' id='par_1_44' title="bbox 445 2358 1958 2432">
     <span class='ocr_line' id='line_1_44' title="bbox 445 2358 1958 2432; baseline -0.001 -16"><span class='ocrx_word' id='word_1_305' title='bbox 445 2375 643 2432; x_wconf 85' lang='lat' dir='ltr'><strong>genera</strong></span> <span class='ocrx_word' id='word_1_306' title='bbox 674 2361 939 2430; x_wconf 71' lang='lat' dir='ltr'><strong>praecipiti</strong></span> <span class='ocrx_word' id='word_1_307' title='bbox 972 2363 1209 2431; x_wconf 90' lang='lat' dir='ltr'><strong>quodam</strong></span> <span class='ocrx_word' id='word_1_308' title='bbox 1233 2370 1366 2414; x_wconf 81' lang='lat' dir='ltr'><strong>aestu</strong></span> <span class='ocrx_word' id='word_1_309' title='bbox 1391 2370 1695 2429; x_wconf 88' lang='lat' dir='ltr'><strong>raperetur.</strong></span> <span class='ocrx_word' id='word_1_310' title='bbox 1722 2358 1883 2426; x_wconf 87' lang='lat' dir='ltr'><strong>Nam,</strong></span> <span class='ocrx_word' id='word_1_311' title='bbox 1909 2376 1958 2415; x_wconf 88' lang='lat' dir='ltr'><strong>ct</strong></span> 
     </span>
    </p>
   </div>
   <div class='ocr_carea' id='block_1_45' title="bbox 2230 2358 3743 2437">
    <p class='ocr_par' dir='ltr' id='par_1_45' title="bbox 2230 2360 3743 2437">
     <span class='ocr_line' id='line_1_45' title="bbox 2230 2360 3743 2437; baseline -0.001 -21"><span class='ocrx_word' id='word_1_312' title='bbox 2230 2367 2274 2417; x_wconf 68' lang='grc' dir='ltr'>δῦ</span> <span class='ocrx_word' id='word_1_313' title='bbox 2309 2365 2559 2436; x_wconf 78' lang='grc' dir='ltr'>δύναμιν,</span> <span class='ocrx_word' id='word_1_314' title='bbox 2597 2365 2864 2437; x_wconf 82' lang='grc' dir='ltr'>σωτήριόν</span> <span class='ocrx_word' id='word_1_315' title='bbox 2898 2382 2950 2418; x_wconf 91' lang='grc' dir='ltr'><strong>τι</strong></span> <span class='ocrx_word' id='word_1_316' title='bbox 2993 2365 3090 2418; x_wconf 76' lang='grc' dir='ltr'><strong>καὶ</strong></span> <span class='ocrx_word' id='word_1_317' title='bbox 3127 2363 3332 2432; x_wconf 72' lang='grc' dir='ltr'>ἀγαθὸν</span> <span class='ocrx_word' id='word_1_318' title='bbox 3366 2360 3503 2416; x_wconf 79' lang='grc' dir='ltr'>εἶναι</span> <span class='ocrx_word' id='word_1_319' title='bbox 3543 2363 3743 2436; x_wconf 83' lang='grc' dir='ltr'>χρῆμα</span> 
     </span>
    </p>
   </div>
   <div class='ocr_carea' id='block_1_46' title="bbox 445 2453 1958 2529">
    <p class='ocr_par' dir='ltr' id='par_1_46' title="bbox 445 2453 1958 2524">
     <span class='ocr_line' id='line_1_46' title="bbox 445 2453 1958 2524; baseline -0.001 -15"><span class='ocrx_word' id='word_1_320' title='bbox 445 2454 579 2509; x_wconf 85' lang='lat' dir='ltr'><strong>nulli</strong></span> <span class='ocrx_word' id='word_1_321' title='bbox 641 2454 819 2507; x_wconf 84' lang='lat' dir='ltr'><strong>adhuc</strong></span> <span class='ocrx_word' id='word_1_322' title='bbox 850 2453 1134 2507; x_wconf 88' lang='lat' dir='ltr'><strong>hominum</strong></span> <span class='ocrx_word' id='word_1_323' title='bbox 1160 2453 1270 2507; x_wconf 87' lang='lat' dir='ltr'><strong>vita</strong></span> <span class='ocrx_word' id='word_1_324' title='bbox 1302 2453 1515 2524; x_wconf 80' lang='lat' dir='ltr'><strong>legibus</strong></span> <span class='ocrx_word' id='word_1_325' title='bbox 1549 2454 1618 2506; x_wconf 90' lang='lat' dir='ltr'><strong>ad</strong></span> <span class='ocrx_word' id='word_1_326' title='bbox 1665 2453 1922 2507; x_wconf 91' lang='lat' dir='ltr'><strong>virtutem</strong></span> <span class='ocrx_word' id='word_1_327' title='bbox 1949 2453 1958 2508; x_wconf 88' lang='lat' dir='ltr'><strong>i</strong></span> 
     </span>
    </p>
   </div>
   <div class='ocr_carea' id='block_1_47' title="bbox 2228 2453 3741 2529">
    <p class='ocr_par' dir='ltr' id='par_1_47' title="bbox 2228 2455 3741 2529">
     <span class='ocr_line' id='line_1_47' title="bbox 2228 2455 3741 2529; baseline -0.002 -20"><span class='ocrx_word' id='word_1_328' title='bbox 2228 2457 2510 2529; x_wconf 79' lang='grc' dir='ltr'>νοήθησαν,</span> <span class='ocrx_word' id='word_1_329' title='bbox 2540 2458 2722 2528; x_wconf 79' lang='grc' dir='ltr'>εὑρεῖν</span> <span class='ocrx_word' id='word_1_330' title='bbox 2759 2457 2816 2509; x_wconf 85' lang='grc' dir='ltr'>δὲ</span> <span class='ocrx_word' id='word_1_331' title='bbox 2854 2456 3044 2510; x_wconf 91' lang='grc' dir='ltr'>τοῦτον</span> <span class='ocrx_word' id='word_1_332' title='bbox 3083 2456 3458 2528; x_wconf 77' lang='grc' dir='ltr'>ἐθελήσαντες,</span> <span class='ocrx_word' id='word_1_333' title='bbox 3486 2455 3599 2509; x_wconf 82' lang='grc' dir='ltr'>ἄνω</span> <span class='ocrx_word' id='word_1_334' title='bbox 3634 2455 3741 2526; x_wconf 82' lang='grc' dir='ltr'><strong>μὲν</strong></span> 
     </span>
    </p>
   </div>
   <div class='ocr_carea' id='block_1_48' title="bbox 443 2544 1956 2620">
    <p class='ocr_par' dir='ltr' id='par_1_48' title="bbox 443 2544 1950 2616">
     <span class='ocr_line' id='line_1_48' title="bbox 443 2544 1950 2616; baseline -0.001 -17"><span class='ocrx_word' id='word_1_335' title='bbox 443 2546 700 2609; x_wconf 78' lang='lat' dir='ltr'><strong>formata,</strong></span> <span class='ocrx_word' id='word_1_336' title='bbox 732 2544 884 2598; x_wconf 91' lang='lat' dir='ltr'><strong>nullo</strong></span> <span class='ocrx_word' id='word_1_337' title='bbox 910 2545 1125 2599; x_wconf 90' lang='lat' dir='ltr'><strong>mitiore</strong></span> <span class='ocrx_word' id='word_1_338' title='bbox 1155 2561 1218 2600; x_wconf 92' lang='lat' dir='ltr'><strong>ac</strong></span> <span class='ocrx_word' id='word_1_339' title='bbox 1247 2546 1502 2616; x_wconf 87' lang='lat' dir='ltr'><strong>politiore</strong></span> <span class='ocrx_word' id='word_1_340' title='bbox 1525 2545 1678 2601; x_wconf 86' lang='lat' dir='ltr'><strong>cultu</strong></span> <span class='ocrx_word' id='word_1_341' title='bbox 1707 2553 1950 2616; x_wconf 89' lang='lat' dir='ltr'><strong>tempera</strong></span> 
     </span>
    </p>
   </div>
   <div class='ocr_carea' id='block_1_49' title="bbox 2229 2544 3742 2620">
    <p class='ocr_par' dir='ltr' id='par_1_49' title="bbox 2229 2547 3742 2620">
     <span class='ocr_line' id='line_1_49' title="bbox 2229 2547 3742 2620; baseline -0.001 -20"><span class='ocrx_word' id='word_1_342' title='bbox 2229 2566 2237 2609; x_wconf 71' lang='grc' dir='ltr'><em>ξ</em></span> <span class='ocrx_word' id='word_1_343' title='bbox 2264 2548 2441 2620; x_wconf 67' lang='grc' dir='ltr'>ψυχὰς</span> <span class='ocrx_word' id='word_1_344' title='bbox 2467 2550 2546 2612; x_wconf 90' lang='grc' dir='ltr'><strong>είς</strong></span> <span class='ocrx_word' id='word_1_345' title='bbox 2575 2548 2802 2619; x_wconf 74' lang='grc' dir='ltr'>οὐρανὸν</span> <span class='ocrx_word' id='word_1_346' title='bbox 2837 2547 3066 2613; x_wconf 78' lang='grc' dir='ltr'>ἐτειναν,</span> <span class='ocrx_word' id='word_1_347' title='bbox 3098 2547 3284 2602; x_wconf 76' lang='grc' dir='ltr'>αὐτόθι</span> <span class='ocrx_word' id='word_1_348' title='bbox 3315 2547 3373 2601; x_wconf 84' lang='grc' dir='ltr'>δὲ</span> <span class='ocrx_word' id='word_1_349' title='bbox 3415 2549 3479 2619; x_wconf 83' lang='grc' dir='ltr'>τῇ</span> <span class='ocrx_word' id='word_1_350' title='bbox 3523 2547 3742 2619; x_wconf 77' lang='grc' dir='ltr'>διανοίᾳ</span> 
     </span>
    </p>
   </div>
   <div class='ocr_carea' id='block_1_50' title="bbox 443 2635 1956 2712">
    <p class='ocr_par' dir='ltr' id='par_1_50' title="bbox 443 2635 1954 2707">
     <span class='ocr_line' id='line_1_50' title="bbox 443 2635 1954 2707; baseline -0.001 -13"><span class='ocrx_word' id='word_1_351' title='bbox 443 2639 620 2694; x_wconf 80' lang='lat' dir='ltr'><strong>solute</strong></span> <span class='ocrx_word' id='word_1_352' title='bbox 645 2653 710 2692; x_wconf 87' lang='lat' dir='ltr'><strong>ac</strong></span> <span class='ocrx_word' id='word_1_353' title='bbox 742 2653 895 2707; x_wconf 82' lang='lat' dir='ltr'><strong>vage,</strong></span> <span class='ocrx_word' id='word_1_354' title='bbox 923 2635 1232 2691; x_wconf 85' lang='lat' dir='ltr'><strong>Nomadum</strong></span> <span class='ocrx_word' id='word_1_355' title='bbox 1261 2646 1356 2692; x_wconf 89' lang='lat' dir='ltr'><strong>aut</strong></span> <span class='ocrx_word' id='word_1_356' title='bbox 1378 2637 1687 2693; x_wconf 87' lang='lat' dir='ltr'><strong>belluarum</strong></span> <span class='ocrx_word' id='word_1_357' title='bbox 1713 2638 1896 2707; x_wconf 88' lang='lat' dir='ltr'><strong>potius</strong></span> <span class='ocrx_word' id='word_1_358' title='bbox 1928 2654 1954 2692; x_wconf 89' lang='lat' dir='ltr'><strong>r</strong></span> 
     </span>
    </p>
   </div>
   <div class='ocr_carea' id='block_1_51' title="bbox 2228 2635 3741 2712">
    <p class='ocr_par' dir='ltr' id='par_1_51' title="bbox 2228 2639 3741 2712">
     <span class='ocr_line' id='line_1_51' title="bbox 2228 2639 3741 2712; baseline -0.003 -18"><span class='ocrx_word' id='word_1_359' title='bbox 2228 2640 2383 2704; x_wconf 78' lang='grc' dir='ltr'>ὶντες,</span> <span class='ocrx_word' id='word_1_360' title='bbox 2418 2643 2510 2695; x_wconf 74' lang='grc' dir='ltr'><strong>καὶ</strong></span> <span class='ocrx_word' id='word_1_361' title='bbox 2537 2641 2645 2694; x_wconf 90' lang='grc' dir='ltr'><strong>τῶν</strong></span> <span class='ocrx_word' id='word_1_362' title='bbox 2677 2641 2800 2695; x_wconf 71' lang='grc' dir='ltr'>κατ’</span> <span class='ocrx_word' id='word_1_363' title='bbox 2823 2639 3050 2712; x_wconf 80' lang='grc' dir='ltr'>οὐρανὸν</span> <span class='ocrx_word' id='word_1_364' title='bbox 3082 2640 3382 2710; x_wconf 86' lang='grc' dir='ltr'>φαινόντων</span> <span class='ocrx_word' id='word_1_365' title='bbox 3407 2657 3466 2692; x_wconf 90' lang='grc' dir='ltr'><strong>τε</strong></span> <span class='ocrx_word' id='word_1_366' title='bbox 3490 2639 3582 2692; x_wconf 77' lang='grc' dir='ltr'>καὶ</span> <span class='ocrx_word' id='word_1_367' title='bbox 3610 2655 3741 2707; x_wconf 84' lang='grc' dir='ltr'>φαι-</span> 
     </span>
    </p>
   </div>
   <div class='ocr_carea' id='block_1_52' title="bbox 443 2726 1956 2806">
    <p class='ocr_par' dir='ltr' id='par_1_52' title="bbox 443 2726 1956 2800">
     <span class='ocr_line' id='line_1_52' title="bbox 443 2726 1956 2800; baseline -0.003 -17"><span class='ocrx_word' id='word_1_368' title='bbox 443 2738 735 2800; x_wconf 84' lang='lat' dir='ltr'><strong>ageretur:</strong></span> <span class='ocrx_word' id='word_1_369' title='bbox 761 2728 884 2783; x_wconf 90' lang='lat' dir='ltr'><strong>aliis</strong></span> <span class='ocrx_word' id='word_1_370' title='bbox 916 2726 1137 2798; x_wconf 89' lang='lat' dir='ltr'><strong>quidem</strong></span> <span class='ocrx_word' id='word_1_371' title='bbox 1172 2727 1440 2796; x_wconf 91' lang='lat' dir='ltr'><strong>pecudum</strong></span> <span class='ocrx_word' id='word_1_372' title='bbox 1478 2727 1655 2782; x_wconf 87' lang='lat' dir='ltr'><strong>instar</strong></span> <span class='ocrx_word' id='word_1_373' title='bbox 1685 2726 1899 2782; x_wconf 81' lang='lat' dir='ltr'><strong>ratione</strong></span> <span class='ocrx_word' id='word_1_374' title='bbox 1943 2742 1956 2779; x_wconf 69' lang='grc' dir='ltr'>ε</span> 
     </span>
    </p>
   </div>
   <div class='ocr_carea' id='block_1_53' title="bbox 2226 2726 3739 2806">
    <p class='ocr_par' dir='ltr' id='par_1_53' title="bbox 2226 2730 3739 2805">
     <span class='ocr_line' id='line_1_53' title="bbox 2226 2730 3739 2805; baseline -0.001 -19"><span class='ocrx_word' id='word_1_375' title='bbox 2226 2734 2380 2786; x_wconf 88' lang='grc' dir='ltr'>ιένων</span> <span class='ocrx_word' id='word_1_376' title='bbox 2421 2735 2726 2805; x_wconf 81' lang='grc' dir='ltr'>φωστήρων</span> <span class='ocrx_word' id='word_1_377' title='bbox 2763 2732 3206 2802; x_wconf 81' lang='grc' dir='ltr'>καταπλαγέντες</span> <span class='ocrx_word' id='word_1_378' title='bbox 3243 2731 3311 2786; x_wconf 85' lang='grc' dir='ltr'>τὰ</span> <span class='ocrx_word' id='word_1_379' title='bbox 3343 2731 3512 2803; x_wconf 82' lang='grc' dir='ltr'>κάλλη</span> <span class='ocrx_word' id='word_1_380' title='bbox 3534 2771 3549 2795; x_wconf 92' lang='grc'><strong>,</strong></span> <span class='ocrx_word' id='word_1_381' title='bbox 3581 2730 3739 2784; x_wconf 79' lang='grc' dir='ltr'>ταῦτ’</span> 
     </span>
    </p>
   </div>
   <div class='ocr_carea' id='block_1_54' title="bbox 443 2819 1956 2896">
    <p class='ocr_par' dir='ltr' id='par_1_54' title="bbox 443 2819 1954 2891">
     <span class='ocr_line' id='line_1_54' title="bbox 443 2819 1954 2891; baseline -0.005 -12"><span class='ocrx_word' id='word_1_382' title='bbox 443 2822 716 2886; x_wconf 80' lang='lat' dir='ltr'><strong>rentium,</strong></span> <span class='ocrx_word' id='word_1_383' title='bbox 758 2829 955 2891; x_wconf 82' lang='lat' dir='ltr'><strong>praeter</strong></span> <span class='ocrx_word' id='word_1_384' title='bbox 988 2819 1299 2874; x_wconf 86' lang='lat' dir='ltr'><strong>abdominis</strong></span> <span class='ocrx_word' id='word_1_385' title='bbox 1329 2820 1673 2874; x_wconf 88' lang='lat' dir='ltr'><strong>saturitatem</strong></span> <span class='ocrx_word' id='word_1_386' title='bbox 1709 2820 1865 2889; x_wconf 89' lang='lat' dir='ltr'><strong>pensi</strong></span> <span class='ocrx_word' id='word_1_387' title='bbox 1901 2820 1954 2873; x_wconf 87' lang='lat' dir='ltr'><strong>ni</strong></span> 
     </span>
    </p>
   </div>
   <div class='ocr_carea' id='block_1_55' title="bbox 2227 2819 3740 2896">
    <p class='ocr_par' dir='ltr' id='par_1_55' title="bbox 2227 2823 3740 2896">
     <span class='ocr_line' id='line_1_55' title="bbox 2227 2823 3740 2896; baseline -0.003 -18"><span class='ocrx_word' id='word_1_388' title='bbox 2227 2844 2275 2878; x_wconf 76' lang='grc' dir='ltr'><strong>αι</strong></span> <span class='ocrx_word' id='word_1_389' title='bbox 2301 2825 2456 2888; x_wconf 74' lang='grc' dir='ltr'>θεοὺς</span> <span class='ocrx_word' id='word_1_390' title='bbox 2485 2823 3056 2896; x_wconf 79' lang='grc' dir='ltr'>άπεφήναντο.Τρίτοι</span> <span class='ocrx_word' id='word_1_391' title='bbox 3083 2824 3140 2878; x_wconf 85' lang='grc' dir='ltr'><strong>δὲ</strong></span> <span class='ocrx_word' id='word_1_392' title='bbox 3164 2823 3331 2889; x_wconf 82' lang='grc' dir='ltr'>ἄλλοι,</span> <span class='ocrx_word' id='word_1_393' title='bbox 3367 2824 3508 2892; x_wconf 70' lang='grc' dir='ltr'>σφᾶς</span> <span class='ocrx_word' id='word_1_394' title='bbox 3533 2823 3740 2884; x_wconf 75' lang='grc' dir='ltr'>αὐτοὺς</span> 
     </span>
    </p>
   </div>
   <div class='ocr_carea' id='block_1_56' title="bbox 441 2911 1954 2989">
    <p class='ocr_par' dir='ltr' id='par_1_56' title="bbox 441 2911 1954 2984">
     <span class='ocr_line' id='line_1_56' title="bbox 441 2911 1954 2984; baseline -0.004 -13"><span class='ocrx_word' id='word_1_395' title='bbox 441 2923 582 2978; x_wconf 88' lang='lat' dir='ltr'><strong>erat,</strong></span> <span class='ocrx_word' id='word_1_396' title='bbox 617 2929 853 2984; x_wconf 92' lang='lat' dir='ltr'><strong>quorum</strong></span> <span class='ocrx_word' id='word_1_397' title='bbox 900 2913 956 2967; x_wconf 92' lang='lat' dir='ltr'><strong>in</strong></span> <span class='ocrx_word' id='word_1_398' title='bbox 1010 2913 1228 2967; x_wconf 87' lang='lat' dir='ltr'><strong>animos</strong></span> <span class='ocrx_word' id='word_1_399' title='bbox 1268 2913 1507 2981; x_wconf 86' lang='lat' dir='ltr'><strong>primum</strong></span> <span class='ocrx_word' id='word_1_400' title='bbox 1535 2911 1832 2982; x_wconf 88' lang='lat' dir='ltr'><strong>impietatis</strong></span> <span class='ocrx_word' id='word_1_401' title='bbox 1862 2927 1954 2982; x_wconf 84' lang='lat' dir='ltr'><strong>gen</strong></span> 
     </span>
    </p>
   </div>
   <div class='ocr_carea' id='block_1_57' title="bbox 2226 2911 3739 2989">
    <p class='ocr_par' dir='ltr' id='par_1_57' title="bbox 2226 2916 3739 2989">
     <span class='ocr_line' id='line_1_57' title="bbox 2226 2916 3739 2989; baseline -0.001 -19"><span class='ocrx_word' id='word_1_402' title='bbox 2226 2958 2230 2970; x_wconf 93' lang='lat'>.</span> <span class='ocrx_word' id='word_1_403' title='bbox 2262 2919 2364 2989; x_wconf 82' lang='grc' dir='ltr'><strong>γῆς</strong></span> <span class='ocrx_word' id='word_1_404' title='bbox 2399 2917 2672 2988; x_wconf 64' lang='grc' dir='ltr'>ῥίψαντες,</span> <span class='ocrx_word' id='word_1_405' title='bbox 2704 2919 2831 2982; x_wconf 81' lang='grc' dir='ltr'>τοὺς</span> <span class='ocrx_word' id='word_1_406' title='bbox 2865 2919 2960 2972; x_wconf 73' lang='grc' dir='ltr'><strong>ἐπὶ</strong></span> <span class='ocrx_word' id='word_1_407' title='bbox 2996 2919 3210 2972; x_wconf 82' lang='grc' dir='ltr'>συνέσει</span> <span class='ocrx_word' id='word_1_408' title='bbox 3241 2917 3350 2970; x_wconf 93' lang='grc' dir='ltr'><strong>τῶν</strong></span> <span class='ocrx_word' id='word_1_409' title='bbox 3383 2918 3504 2971; x_wconf 84' lang='grc' dir='ltr'>κατ’</span> <span class='ocrx_word' id='word_1_410' title='bbox 3536 2916 3739 2980; x_wconf 74' lang='grc' dir='ltr'>αὐτοὺς</span> 
     </span>
    </p>
   </div>
   <div class='ocr_carea' id='block_1_58' title="bbox 446 3005 1959 3084">
    <p class='ocr_par' dir='ltr' id='par_1_58' title="bbox 446 3005 1959 3070">
     <span class='ocr_line' id='line_1_58' title="bbox 446 3005 1959 3070; baseline -0.002 -7"><span class='ocrx_word' id='word_1_411' title='bbox 446 3009 614 3064; x_wconf 82' lang='lat' dir='ltr'><strong>altius</strong></span> <span class='ocrx_word' id='word_1_412' title='bbox 641 3008 829 3063; x_wconf 92' lang='lat' dir='ltr'><strong>subire</strong></span> <span class='ocrx_word' id='word_1_413' title='bbox 862 3008 1002 3062; x_wconf 88' lang='lat' dir='ltr'><strong>solet</strong></span> <span class='ocrx_word' id='word_1_414' title='bbox 1035 3025 1048 3061; x_wconf 92' lang='lat'><strong>:</strong></span> <span class='ocrx_word' id='word_1_415' title='bbox 1083 3007 1175 3061; x_wconf 88' lang='lat' dir='ltr'><strong>alii</strong></span> <span class='ocrx_word' id='word_1_416' title='bbox 1207 3021 1356 3070; x_wconf 90' lang='lat' dir='ltr'><strong>vero,</strong></span> <span class='ocrx_word' id='word_1_417' title='bbox 1416 3005 1604 3060; x_wconf 85' lang='lat' dir='ltr'><strong>inditis</strong></span> <span class='ocrx_word' id='word_1_418' title='bbox 1640 3020 1670 3058; x_wconf 89' lang='lat' dir='ltr'><strong>a</strong></span> <span class='ocrx_word' id='word_1_419' title='bbox 1701 3015 1898 3060; x_wconf 87' lang='lat' dir='ltr'><strong>natura</strong></span> <span class='ocrx_word' id='word_1_420' title='bbox 1930 3023 1959 3060; x_wconf 90' lang='lat' dir='ltr'><strong>n</strong></span> 
     </span>
    </p>
   </div>
   <div class='ocr_carea' id='block_1_59' title="bbox 2228 3005 3741 3084">
    <p class='ocr_par' dir='ltr' id='par_1_59' title="bbox 2228 3007 3741 3084">
     <span class='ocr_line' id='line_1_59' title="bbox 2228 3007 3741 3084; baseline -0.001 -22"><span class='ocrx_word' id='word_1_421' title='bbox 2228 3009 2434 3080; x_wconf 72' lang='lat' dir='ltr'><strong>xpépsw</strong></span> <span class='ocrx_word' id='word_1_422' title='bbox 2464 3011 2908 3081; x_wconf 80' lang='grc' dir='ltr'>νενομισμένους,</span> <span class='ocrx_word' id='word_1_423' title='bbox 2945 3011 2977 3082; x_wconf 85' lang='grc' dir='ltr'>ἢ</span> <span class='ocrx_word' id='word_1_424' title='bbox 3013 3011 3108 3064; x_wconf 72' lang='grc' dir='ltr'><strong>καὶ</strong></span> <span class='ocrx_word' id='word_1_425' title='bbox 3146 3007 3308 3084; x_wconf 82' lang='grc' dir='ltr'>ῥώμῃ</span> <span class='ocrx_word' id='word_1_426' title='bbox 3347 3009 3599 3080; x_wconf 90' lang='grc' dir='ltr'>σώματος</span> <span class='ocrx_word' id='word_1_427' title='bbox 3641 3010 3741 3062; x_wconf 58' lang='grc' dir='ltr'><strong>καὶ¹</strong></span> 
     </span>
    </p>
   </div>
   <div class='ocr_carea' id='block_1_60' title="bbox 443 3097 1956 3197">
    <p class='ocr_par' dir='ltr' id='par_1_60' title="bbox 443 3097 1956 3170">
     <span class='ocr_line' id='line_1_60' title="bbox 443 3097 1956 3170; baseline -0.001 -16"><span class='ocrx_word' id='word_1_428' title='bbox 443 3100 689 3154; x_wconf 84' lang='lat' dir='ltr'><strong>tionibus</strong></span> <span class='ocrx_word' id='word_1_429' title='bbox 738 3099 1013 3153; x_wconf 88' lang='lat' dir='ltr'><strong>tantillum</strong></span> <span class='ocrx_word' id='word_1_430' title='bbox 1047 3098 1305 3165; x_wconf 80' lang='lat' dir='ltr'><strong>excitati,</strong></span> <span class='ocrx_word' id='word_1_431' title='bbox 1354 3097 1525 3153; x_wconf 88' lang='lat' dir='ltr'><strong>Deum</strong></span> <span class='ocrx_word' id='word_1_432' title='bbox 1574 3098 1798 3170; x_wconf 90' lang='lat' dir='ltr'><strong>quidem</strong></span> <span class='ocrx_word' id='word_1_433' title='bbox 1842 3100 1956 3155; x_wconf 86' lang='lat' dir='ltr'><strong>ac]</strong></span> 
     </span>
    </p>
   </div>
   <div class='ocr_carea' id='block_1_61' title="bbox 2229 3097 3742 3197">
    <p class='ocr_par' dir='ltr' id='par_1_61' title="bbox 2229 3102 3742 3176">
     <span class='ocr_line' id='line_1_61' title="bbox 2229 3102 3742 3176; baseline 0.001 -22"><span class='ocrx_word' id='word_1_434' title='bbox 2229 3103 2455 3165; x_wconf 72' lang='grc' dir='ltr'>ιαστείας</span> <span class='ocrx_word' id='word_1_435' title='bbox 2490 3102 2633 3172; x_wconf 79' lang='grc' dir='ltr'>ἰσχύϊ</span> <span class='ocrx_word' id='word_1_436' title='bbox 2665 3102 2775 3154; x_wconf 89' lang='grc' dir='ltr'><strong>τῶν</strong></span> <span class='ocrx_word' id='word_1_437' title='bbox 2809 3102 3071 3158; x_wconf 86' lang='grc' dir='ltr'>πλειόνων</span> <span class='ocrx_word' id='word_1_438' title='bbox 3106 3103 3609 3176; x_wconf 77' lang='grc' dir='ltr'>ἐπικρατήσαντας,</span> <span class='ocrx_word' id='word_1_439' title='bbox 3649 3102 3742 3170; x_wconf 84' lang='grc' dir='ltr'>γί-</span> 
     </span>
    </p>
   </div>
   <div class='ocr_carea' id='block_1_62' title="bbox 443 3191 1956 3264">
    <p class='ocr_par' dir='ltr' id='par_1_62' title="bbox 443 3191 1956 3264">
     <span class='ocr_line' id='line_1_62' title="bbox 443 3191 1956 3264; baseline 0 -18"><span class='ocrx_word' id='word_1_440' title='bbox 443 3200 768 3264; x_wconf 87' lang='lat' dir='ltr'><strong>potestatem</strong></span> <span class='ocrx_word' id='word_1_441' title='bbox 807 3192 1068 3248; x_wconf 88' lang='lat' dir='ltr'><strong>salutaris</strong></span> <span class='ocrx_word' id='word_1_442' title='bbox 1094 3207 1158 3246; x_wconf 91' lang='lat' dir='ltr'><strong>ac</strong></span> <span class='ocrx_word' id='word_1_443' title='bbox 1181 3192 1311 3246; x_wconf 85' lang='lat' dir='ltr'><strong>boni</strong></span> <span class='ocrx_word' id='word_1_444' title='bbox 1342 3191 1624 3262; x_wconf 88' lang='lat' dir='ltr'><strong>quidpiam</strong></span> <span class='ocrx_word' id='word_1_445' title='bbox 1655 3208 1778 3248; x_wconf 88' lang='lat' dir='ltr'><strong>esse</strong></span> <span class='ocrx_word' id='word_1_446' title='bbox 1821 3194 1956 3264; x_wconf 70' lang='lat' dir='ltr'><strong>cogi:</strong></span> 
     </span>
    </p>
   </div>
   <div class='ocr_carea' id='block_1_63' title="bbox 2233 3191 3746 3264">
    <p class='ocr_par' dir='ltr' id='par_1_63' title="bbox 2233 3191 3746 3264">
     <span class='ocr_line' id='line_1_63' title="bbox 2233 3191 3746 3264; baseline 0.003 -22"><span class='ocrx_word' id='word_1_447' title='bbox 2233 3191 2343 3254; x_wconf 73' lang='lat' dir='ltr'><strong>mi;</strong></span> <span class='ocrx_word' id='word_1_448' title='bbox 2363 3208 2538 3255; x_wconf 88' lang='grc' dir='ltr'>τινας,</span> <span class='ocrx_word' id='word_1_449' title='bbox 2567 3192 2599 3262; x_wconf 84' lang='grc' dir='ltr'>ἢ</span> <span class='ocrx_word' id='word_1_450' title='bbox 2641 3192 2960 3264; x_wconf 85' lang='grc' dir='ltr'>τυράννους,</span> <span class='ocrx_word' id='word_1_451' title='bbox 2991 3192 3024 3264; x_wconf 81' lang='grc' dir='ltr'>ἢ</span> <span class='ocrx_word' id='word_1_452' title='bbox 3066 3193 3162 3246; x_wconf 88' lang='grc' dir='ltr'><strong>καί</strong></span> <span class='ocrx_word' id='word_1_453' title='bbox 3193 3191 3418 3264; x_wconf 83' lang='grc' dir='ltr'>γόητας,</span> <span class='ocrx_word' id='word_1_454' title='bbox 3454 3192 3550 3245; x_wconf 69' lang='grc' dir='ltr'><strong>καὶ</strong></span> <span class='ocrx_word' id='word_1_455' title='bbox 3590 3208 3746 3263; x_wconf 79' lang='grc' dir='ltr'>φαρ-</span> 
     </span>
    </p>
   </div>
   <div class='ocr_carea' id='block_1_64' title="bbox 443 3282 1956 3357">
    <p class='ocr_par' dir='ltr' id='par_1_64' title="bbox 443 3283 1956 3354">
     <span class='ocr_line' id='line_1_64' title="bbox 443 3283 1956 3354; baseline -0.001 -13"><span class='ocrx_word' id='word_1_456' title='bbox 443 3284 606 3352; x_wconf 77' lang='lat' dir='ltr'><strong>bant;</strong></span> <span class='ocrx_word' id='word_1_457' title='bbox 638 3286 734 3341; x_wconf 88' lang='lat' dir='ltr'><strong>sed</strong></span> <span class='ocrx_word' id='word_1_458' title='bbox 755 3301 879 3340; x_wconf 92' lang='lat' dir='ltr'><strong>eum</strong></span> <span class='ocrx_word' id='word_1_459' title='bbox 910 3285 977 3339; x_wconf 91' lang='lat' dir='ltr'><strong>ad</strong></span> <span class='ocrx_word' id='word_1_460' title='bbox 1009 3286 1128 3353; x_wconf 90' lang='lat' dir='ltr'><strong>ejus</strong></span> <span class='ocrx_word' id='word_1_461' title='bbox 1146 3284 1512 3354; x_wconf 82' lang='lat' dir='ltr'><strong>cognitionem</strong></span> <span class='ocrx_word' id='word_1_462' title='bbox 1539 3283 1866 3354; x_wconf 89' lang='lat' dir='ltr'><strong>aspirarent,</strong></span> <span class='ocrx_word' id='word_1_463' title='bbox 1902 3301 1956 3340; x_wconf 85' lang='lat' dir='ltr'><strong>su</strong></span> 
     </span>
    </p>
   </div>
   <div class='ocr_carea' id='block_1_65' title="bbox 2232 3282 3745 3357">
    <p class='ocr_par' dir='ltr' id='par_1_65' title="bbox 2232 3282 3745 3357">
     <span class='ocr_line' id='line_1_65' title="bbox 2232 3282 3745 3357; baseline 0.001 -22"><span class='ocrx_word' id='word_1_464' title='bbox 2232 3282 2353 3346; x_wconf 74' lang='grc' dir='ltr'>κέας</span> <span class='ocrx_word' id='word_1_465' title='bbox 2374 3283 2594 3354; x_wconf 83' lang='grc' dir='ltr'>ἄνδρας,</span> <span class='ocrx_word' id='word_1_466' title='bbox 2619 3282 2682 3337; x_wconf 79' lang='grc' dir='ltr'><strong>ἐκ</strong></span> <span class='ocrx_word' id='word_1_467' title='bbox 2707 3301 2850 3347; x_wconf 90' lang='grc' dir='ltr'>τινος</span> <span class='ocrx_word' id='word_1_468' title='bbox 2873 3283 2982 3337; x_wconf 88' lang='grc' dir='ltr'><strong>τῶν</strong></span> <span class='ocrx_word' id='word_1_469' title='bbox 3017 3283 3307 3357; x_wconf 88' lang='grc' dir='ltr'>θειοτέρων</span> <span class='ocrx_word' id='word_1_470' title='bbox 3341 3282 3745 3347; x_wconf 80' lang='grc' dir='ltr'>ἀποπτώσεως,</span> 
     </span>
    </p>
   </div>
   <div class='ocr_carea' id='block_1_66' title="bbox 445 3373 1958 3448">
    <p class='ocr_par' dir='ltr' id='par_1_66' title="bbox 445 3375 1958 3441">
     <span class='ocr_line' id='line_1_66' title="bbox 445 3375 1958 3441; baseline 0.001 -10"><span class='ocrx_word' id='word_1_471' title='bbox 445 3376 570 3433; x_wconf 75' lang='lat' dir='ltr'><strong>latis</strong></span> <span class='ocrx_word' id='word_1_472' title='bbox 622 3387 674 3431; x_wconf 87' lang='lat' dir='ltr'><strong>ct</strong></span> <span class='ocrx_word' id='word_1_473' title='bbox 707 3377 906 3432; x_wconf 85' lang='lat' dir='ltr'><strong>erectis</strong></span> <span class='ocrx_word' id='word_1_474' title='bbox 955 3376 1010 3430; x_wconf 90' lang='lat' dir='ltr'><strong>in</strong></span> <span class='ocrx_word' id='word_1_475' title='bbox 1047 3378 1246 3430; x_wconf 87' lang='lat' dir='ltr'><strong>coelum</strong></span> <span class='ocrx_word' id='word_1_476' title='bbox 1273 3375 1494 3441; x_wconf 87' lang='lat' dir='ltr'><strong>animis,</strong></span> <span class='ocrx_word' id='word_1_477' title='bbox 1530 3375 1640 3430; x_wconf 91' lang='lat' dir='ltr'><strong>vim</strong></span> <span class='ocrx_word' id='word_1_478' title='bbox 1664 3377 1718 3430; x_wconf 92' lang='lat' dir='ltr'><strong>in</strong></span> <span class='ocrx_word' id='word_1_479' title='bbox 1750 3391 1818 3432; x_wconf 93' lang='lat' dir='ltr'><strong>eo</strong></span> <span class='ocrx_word' id='word_1_480' title='bbox 1840 3393 1958 3432; x_wconf 89' lang='lat' dir='ltr'><strong>men</strong></span> 
     </span>
    </p>
   </div>
   <div class='ocr_carea' id='block_1_67' title="bbox 2236 3373 3749 3448">
    <p class='ocr_par' dir='ltr' id='par_1_67' title="bbox 2236 3374 3749 3448">
     <span class='ocr_line' id='line_1_67' title="bbox 2236 3374 3749 3448; baseline 0.001 -22"><span class='ocrx_word' id='word_1_481' title='bbox 2236 3392 2240 3400; x_wconf 75' lang='grc'><em>’</em></span> <span class='ocrx_word' id='word_1_482' title='bbox 2279 3374 2642 3445; x_wconf 88' lang='grc' dir='ltr'>κακοτέχνους</span> <span class='ocrx_word' id='word_1_483' title='bbox 2671 3376 2928 3447; x_wconf 88' lang='grc' dir='ltr'>γοητείας</span> <span class='ocrx_word' id='word_1_484' title='bbox 2963 3376 3531 3448; x_wconf 75' lang='grc' dir='ltr'>συνεσκευασμένουςο</span> <span class='ocrx_word' id='word_1_485' title='bbox 3571 3375 3604 3447; x_wconf 81' lang='grc' dir='ltr'>ἢ</span> <span class='ocrx_word' id='word_1_486' title='bbox 3645 3377 3749 3429; x_wconf 80' lang='grc' dir='ltr'><strong>καὶ</strong></span> 
     </span>
    </p>
   </div>
   <div class='ocr_carea' id='block_1_68' title="bbox 445 3468 1958 3543">
    <p class='ocr_par' dir='ltr' id='par_1_68' title="bbox 445 3468 1958 3539">
     <span class='ocr_line' id='line_1_68' title="bbox 445 3468 1958 3539; baseline -0.001 -14"><span class='ocrx_word' id='word_1_487' title='bbox 445 3470 733 3539; x_wconf 84' lang='lat' dir='ltr'><strong>aciemque</strong></span> <span class='ocrx_word' id='word_1_488' title='bbox 757 3468 1025 3530; x_wconf 75' lang='lat' dir='ltr'><strong>deﬁxere,</strong></span> <span class='ocrx_word' id='word_1_489' title='bbox 1062 3477 1451 3536; x_wconf 89' lang='lat' dir='ltr'><strong>astrorumque</strong></span> <span class='ocrx_word' id='word_1_490' title='bbox 1483 3476 1603 3523; x_wconf 93' lang='lat' dir='ltr'><strong>toto</strong></span> <span class='ocrx_word' id='word_1_491' title='bbox 1633 3469 1774 3524; x_wconf 68' lang='lat' dir='ltr'><strong>caelo</strong></span> <span class='ocrx_word' id='word_1_492' title='bbox 1829 3471 1958 3524; x_wconf 70' lang='lat' dir='ltr'><strong>mic:</strong></span> 
     </span>
    </p>
   </div>
   <div class='ocr_carea' id='block_1_69' title="bbox 2238 3468 3751 3543">
    <p class='ocr_par' dir='ltr' id='par_1_69' title="bbox 2243 3468 3751 3543">
     <span class='ocr_line' id='line_1_69' title="bbox 2243 3468 3751 3543; baseline 0.003 -21"><span class='ocrx_word' id='word_1_493' title='bbox 2243 3486 2268 3532; x_wconf 93' lang='grc' dir='ltr'><strong>ς</strong></span> <span class='ocrx_word' id='word_1_494' title='bbox 2312 3468 2504 3532; x_wconf 80' lang='grc' dir='ltr'>ἄλλους</span> <span class='ocrx_word' id='word_1_495' title='bbox 2539 3471 2724 3541; x_wconf 77' lang='grc' dir='ltr'>κοινῆς</span> <span class='ocrx_word' id='word_1_496' title='bbox 2756 3470 2818 3523; x_wconf 90' lang='grc' dir='ltr'><strong>τέ</strong></span> <span class='ocrx_word' id='word_1_497' title='bbox 2862 3487 3009 3534; x_wconf 84' lang='grc' dir='ltr'>τινος</span> <span class='ocrx_word' id='word_1_498' title='bbox 3057 3471 3150 3525; x_wconf 80' lang='grc' dir='ltr'>καὶ</span> <span class='ocrx_word' id='word_1_499' title='bbox 3185 3470 3481 3542; x_wconf 84' lang='grc' dir='ltr'>βιωφελοῦς</span> <span class='ocrx_word' id='word_1_500' title='bbox 3513 3471 3751 3543; x_wconf 73' lang='grc' dir='ltr'>εὐεργεο</span> 
     </span>
    </p>
   </div>
   <div class='ocr_carea' id='block_1_70' title="bbox 447 3559 1960 3635">
    <p class='ocr_par' dir='ltr' id='par_1_70' title="bbox 447 3559 1960 3632">
     <span class='ocr_line' id='line_1_70' title="bbox 447 3559 1960 3632; baseline -0.001 -15"><span class='ocrx_word' id='word_1_501' title='bbox 447 3563 584 3618; x_wconf 78' lang='lat' dir='ltr'><strong>tium</strong></span> <span class='ocrx_word' id='word_1_502' title='bbox 604 3576 914 3632; x_wconf 83' lang='lat' dir='ltr'><strong>sensusque</strong></span> <span class='ocrx_word' id='word_1_503' title='bbox 936 3559 1246 3615; x_wconf 80' lang='lat' dir='ltr'><strong>ferientium</strong></span> <span class='ocrx_word' id='word_1_504' title='bbox 1269 3559 1730 3630; x_wconf 89' lang='lat' dir='ltr'><strong>pulchritudinem</strong></span> <span class='ocrx_word' id='word_1_505' title='bbox 1758 3562 1960 3616; x_wconf 88' lang='lat' dir='ltr'><strong>admira</strong></span> 
     </span>
    </p>
   </div>
   <div class='ocr_carea' id='block_1_71' title="bbox 2236 3559 3749 3635">
    <p class='ocr_par' dir='ltr' id='par_1_71' title="bbox 2237 3561 3749 3635">
     <span class='ocr_line' id='line_1_71' title="bbox 2237 3561 3749 3635; baseline 0.002 -22"><span class='ocrx_word' id='word_1_506' title='bbox 2237 3579 2263 3624; x_wconf 88' lang='grc' dir='ltr'><strong>ς</strong></span> <span class='ocrx_word' id='word_1_507' title='bbox 2296 3561 2697 3633; x_wconf 78' lang='grc' dir='ltr'>προάρξαντας,</span> <span class='ocrx_word' id='word_1_508' title='bbox 2729 3561 2937 3626; x_wconf 80' lang='grc' dir='ltr'>ζῶντάς</span> <span class='ocrx_word' id='word_1_509' title='bbox 2967 3579 3028 3614; x_wconf 89' lang='grc' dir='ltr'><strong>τε</strong></span> <span class='ocrx_word' id='word_1_510' title='bbox 3057 3562 3136 3615; x_wconf 77' lang='grc' dir='ltr'>ἔτι</span> <span class='ocrx_word' id='word_1_511' title='bbox 3179 3564 3273 3616; x_wconf 71' lang='grc' dir='ltr'><strong>καὶ</strong></span> <span class='ocrx_word' id='word_1_512' title='bbox 3303 3562 3440 3633; x_wconf 71' lang='grc' dir='ltr'>μετὰ</span> <span class='ocrx_word' id='word_1_513' title='bbox 3476 3562 3749 3635; x_wconf 72' lang='grc' dir='ltr'>τελευτὴν</span> 
     </span>
    </p>
   </div>
   <div class='ocr_carea' id='block_1_72' title="bbox 447 3638 1960 3724">
    <p class='ocr_par' dir='ltr' id='par_1_72' title="bbox 447 3653 1960 3722">
     <span class='ocr_line' id='line_1_72' title="bbox 447 3653 1960 3722; baseline -0.001 -13"><span class='ocrx_word' id='word_1_514' title='bbox 447 3655 676 3710; x_wconf 58' lang='lat' dir='ltr'><strong>deorum</strong></span> <span class='ocrx_word' id='word_1_515' title='bbox 708 3655 775 3710; x_wconf 78' lang='lat' dir='ltr'><strong>iis</strong></span> <span class='ocrx_word' id='word_1_516' title='bbox 805 3669 1002 3708; x_wconf 71' lang='lat' dir='ltr'><strong>nomen</strong></span> <span class='ocrx_word' id='word_1_517' title='bbox 1033 3653 1410 3722; x_wconf 90' lang='lat' dir='ltr'><strong>honoremque</strong></span> <span class='ocrx_word' id='word_1_518' title='bbox 1449 3653 1708 3710; x_wconf 91' lang='lat' dir='ltr'><strong>tribuere.</strong></span> <span class='ocrx_word' id='word_1_519' title='bbox 1752 3655 1859 3708; x_wconf 86' lang='lat' dir='ltr'><strong>Alii</strong></span> <span class='ocrx_word' id='word_1_520' title='bbox 1882 3655 1960 3709; x_wconf 82' lang='lat' dir='ltr'><strong>dei</strong></span> 
     </span>
    </p>
   </div>
   <div class='ocr_carea' id='block_1_73' title="bbox 2235 3638 3748 3724">
    <p class='ocr_par' dir='ltr' id='par_1_73' title="bbox 2235 3651 3748 3724">
     <span class='ocr_line' id='line_1_73' title="bbox 2235 3651 3748 3724; baseline 0.001 -20"><span class='ocrx_word' id='word_1_521' title='bbox 2235 3654 2311 3717; x_wconf 71' lang='lat' dir='ltr'><strong>ib;</strong></span> <span class='ocrx_word' id='word_1_522' title='bbox 2347 3654 2717 3724; x_wconf 78' lang='grc' dir='ltr'>ἐπεφήμισαν.</span> <span class='ocrx_word' id='word_1_523' title='bbox 2767 3653 2960 3706; x_wconf 87' lang='grc' dir='ltr'>Ἔνθεν</span> <span class='ocrx_word' id='word_1_524' title='bbox 3005 3653 3190 3716; x_wconf 73' lang='grc' dir='ltr'>αὐτοῖς</span> <span class='ocrx_word' id='word_1_525' title='bbox 3222 3653 3316 3705; x_wconf 78' lang='grc' dir='ltr'><strong>καὶ</strong></span> <span class='ocrx_word' id='word_1_526' title='bbox 3347 3653 3397 3706; x_wconf 74' lang='lat' dir='ltr'><strong>oi</strong></span> <span class='ocrx_word' id='word_1_527' title='bbox 3439 3652 3546 3706; x_wconf 86' lang='grc' dir='ltr'><strong>τῶν</strong></span> <span class='ocrx_word' id='word_1_528' title='bbox 3593 3651 3748 3707; x_wconf 71' lang='grc' dir='ltr'>θεῶν</span> 
     </span>
    </p>
   </div>
   <div class='ocr_carea' id='block_1_74' title="bbox 446 3739 1959 3817">
    <p class='ocr_par' dir='ltr' id='par_1_74' title="bbox 446 3745 1959 3817">
     <span class='ocr_line' id='line_1_74' title="bbox 446 3745 1959 3817; baseline 0 -17"><span class='ocrx_word' id='word_1_529' title='bbox 446 3763 554 3817; x_wconf 88' lang='lat' dir='ltr'><strong>que</strong></span> <span class='ocrx_word' id='word_1_530' title='bbox 582 3747 636 3801; x_wconf 92' lang='lat' dir='ltr'><strong>in</strong></span> <span class='ocrx_word' id='word_1_531' title='bbox 663 3757 861 3801; x_wconf 91' lang='lat' dir='ltr'><strong>terram</strong></span> <span class='ocrx_word' id='word_1_532' title='bbox 892 3761 1014 3801; x_wconf 90' lang='lat' dir='ltr'><strong>sese</strong></span> <span class='ocrx_word' id='word_1_533' title='bbox 1047 3745 1372 3815; x_wconf 90' lang='lat' dir='ltr'><strong>animosque</strong></span> <span class='ocrx_word' id='word_1_534' title='bbox 1427 3745 1778 3802; x_wconf 90' lang='lat' dir='ltr'><strong>devolventes</strong></span> <span class='ocrx_word' id='word_1_535' title='bbox 1811 3785 1828 3811; x_wconf 92' lang='lat'><strong>,</strong></span> <span class='ocrx_word' id='word_1_536' title='bbox 1892 3762 1959 3816; x_wconf 91' lang='lat' dir='ltr'><strong>qu</strong></span> 
     </span>
    </p>
   </div>
   <div class='ocr_carea' id='block_1_75' title="bbox 2236 3739 3749 3817">
    <p class='ocr_par' dir='ltr' id='par_1_75' title="bbox 2236 3739 3749 3815">
     <span class='ocr_line' id='line_1_75' title="bbox 2236 3739 3749 3815; baseline -0.001 -19"><span class='ocrx_word' id='word_1_537' title='bbox 2236 3761 2299 3809; x_wconf 67' lang='grc' dir='ltr'><strong>οι,</strong></span> <span class='ocrx_word' id='word_1_538' title='bbox 2328 3743 2536 3814; x_wconf 84' lang='grc' dir='ltr'>νεκρῶν</span> <span class='ocrx_word' id='word_1_539' title='bbox 2570 3739 2705 3796; x_wconf 76' lang='grc' dir='ltr'>εἶναι</span> <span class='ocrx_word' id='word_1_540' title='bbox 2737 3743 2898 3813; x_wconf 86' lang='grc' dir='ltr'>τάφοι</span> <span class='ocrx_word' id='word_1_541' title='bbox 2939 3742 3389 3814; x_wconf 80' lang='grc' dir='ltr'>μνημονεύονται,</span> <span class='ocrx_word' id='word_1_542' title='bbox 3425 3743 3500 3806; x_wconf 86' lang='grc' dir='ltr'>ὼς</span> <span class='ocrx_word' id='word_1_543' title='bbox 3521 3745 3549 3795; x_wconf 89' lang='grc' dir='ltr'>ὁ</span> <span class='ocrx_word' id='word_1_544' title='bbox 3582 3743 3749 3815; x_wconf 81' lang='grc' dir='ltr'><strong>Κλή-</strong></span> 
     </span>
    </p>
   </div>
   <div class='ocr_carea' id='block_1_76' title="bbox 445 3833 1958 3908">
    <p class='ocr_par' dir='ltr' id='par_1_76' title="bbox 445 3838 1958 3908">
     <span class='ocr_line' id='line_1_76' title="bbox 445 3838 1958 3908; baseline -0.003 -14"><span class='ocrx_word' id='word_1_545' title='bbox 445 3848 605 3894; x_wconf 70' lang='lat' dir='ltr'><strong>aztate</strong></span> <span class='ocrx_word' id='word_1_546' title='bbox 630 3855 730 3894; x_wconf 90' lang='lat' dir='ltr'><strong>sua</strong></span> <span class='ocrx_word' id='word_1_547' title='bbox 769 3838 1047 3894; x_wconf 90' lang='lat' dir='ltr'><strong>communi</strong></span> <span class='ocrx_word' id='word_1_548' title='bbox 1081 3852 1356 3892; x_wconf 84' lang='lat' dir='ltr'><strong>consensu</strong></span> <span class='ocrx_word' id='word_1_549' title='bbox 1389 3847 1485 3891; x_wconf 89' lang='lat' dir='ltr'><strong>aut</strong></span> <span class='ocrx_word' id='word_1_550' title='bbox 1512 3838 1792 3908; x_wconf 66' lang='lat' dir='ltr'><strong>sapientia:</strong></span> <span class='ocrx_word' id='word_1_551' title='bbox 1825 3838 1958 3908; x_wconf 90' lang='lat' dir='ltr'><strong>prim</strong></span> 
     </span>
    </p>
   </div>
   <div class='ocr_carea' id='block_1_77' title="bbox 2230 3833 3743 3908">
    <p class='ocr_par' dir='ltr' id='par_1_77' title="bbox 2230 3833 3743 3906">
     <span class='ocr_line' id='line_1_77' title="bbox 2230 3833 3743 3906; baseline -0.001 -19"><span class='ocrx_word' id='word_1_552' title='bbox 2230 3852 2250 3898; x_wconf 85' lang='lat'><strong>;</strong></span> <span class='ocrx_word' id='word_1_553' title='bbox 2293 3837 2352 3888; x_wconf 84' lang='grc' dir='ltr'><strong>ἐν</strong></span> <span class='ocrx_word' id='word_1_554' title='bbox 2379 3835 2458 3906; x_wconf 80' lang='grc' dir='ltr'>τῷ</span> <span class='ocrx_word' id='word_1_555' title='bbox 2505 3833 2642 3906; x_wconf 76' lang='grc' dir='ltr'>πρὸς</span> <span class='ocrx_word' id='word_1_556' title='bbox 2679 3833 2945 3906; x_wconf 88' lang='grc' dir='ltr'>’Έλληνας</span> <span class='ocrx_word' id='word_1_557' title='bbox 2989 3833 3442 3902; x_wconf 60' lang='grc' dir='ltr'>Προτρεπτικῷ,</span> <span class='ocrx_word' id='word_1_558' title='bbox 3493 3835 3743 3906; x_wconf 86' lang='grc' dir='ltr'>ἱστορεῖ,</span> 
     </span>
    </p>
   </div>
   <div class='ocr_carea' id='block_1_78' title="bbox 449 3925 1962 4000">
    <p class='ocr_par' dir='ltr' id='par_1_78' title="bbox 449 3931 1954 4000">
     <span class='ocr_line' id='line_1_78' title="bbox 449 3931 1954 4000; baseline -0.001 -14"><span class='ocrx_word' id='word_1_559' title='bbox 449 3932 640 3986; x_wconf 89' lang='lat' dir='ltr'><strong>tulisse</strong></span> <span class='ocrx_word' id='word_1_560' title='bbox 670 3931 936 3995; x_wconf 90' lang='lat' dir='ltr'><strong>viderent,</strong></span> <span class='ocrx_word' id='word_1_561' title='bbox 966 3940 1061 3984; x_wconf 89' lang='lat' dir='ltr'><strong>aut</strong></span> <span class='ocrx_word' id='word_1_562' title='bbox 1087 3931 1339 3999; x_wconf 87' lang='lat' dir='ltr'><strong>corporis</strong></span> <span class='ocrx_word' id='word_1_563' title='bbox 1370 3931 1601 3996; x_wconf 86' lang='lat' dir='ltr'><strong>viribus,</strong></span> <span class='ocrx_word' id='word_1_564' title='bbox 1649 3946 1714 3985; x_wconf 90' lang='lat' dir='ltr'><strong>ac</strong></span> <span class='ocrx_word' id='word_1_565' title='bbox 1743 3938 1954 4000; x_wconf 89' lang='lat' dir='ltr'><strong>potesta</strong></span> 
     </span>
    </p>
   </div>
   <div class='ocr_carea' id='block_1_79' title="bbox 2230 3925 3743 4000">
    <p class='ocr_par' dir='ltr' id='par_1_79' title="bbox 2230 3925 3743 3999">
     <span class='ocr_line' id='line_1_79' title="bbox 2230 3925 3743 3999; baseline 0.005 -25"><span class='ocrx_word' id='word_1_566' title='bbox 2230 3929 2233 3974; x_wconf 56' lang='grc' dir='ltr'>μ</span> <span class='ocrx_word' id='word_1_567' title='bbox 2287 3927 2448 3996; x_wconf 86' lang='grc' dir='ltr'>λόγου</span> <span class='ocrx_word' id='word_1_568' title='bbox 2499 3928 2783 3999; x_wconf 87' lang='grc' dir='ltr'>μάρτυρας</span> <span class='ocrx_word' id='word_1_569' title='bbox 2823 3926 3023 3990; x_wconf 76' lang='grc' dir='ltr'>αὐτοὺς</span> <span class='ocrx_word' id='word_1_570' title='bbox 3053 3925 3320 3998; x_wconf 86' lang='grc' dir='ltr'>Ἕλληνας</span> <span class='ocrx_word' id='word_1_571' title='bbox 3371 3925 3743 3997; x_wconf 82' lang='grc' dir='ltr'>ἐπαγόμενος.</span> 
     </span>
    </p>
   </div>
   <div class='ocr_carea' id='block_1_80' title="bbox 449 4013 1962 4097">
    <p class='ocr_par' dir='ltr' id='par_1_80' title="bbox 449 4023 1962 4097">
     <span class='ocr_line' id='line_1_80' title="bbox 449 4023 1962 4097; baseline -0.004 -17"><span class='ocrx_word' id='word_1_572' title='bbox 449 4025 824 4097; x_wconf 88' lang='lat' dir='ltr'><strong>magnitudine</strong></span> <span class='ocrx_word' id='word_1_573' title='bbox 847 4025 1098 4094; x_wconf 86' lang='lat' dir='ltr'><strong>pluribus</strong></span> <span class='ocrx_word' id='word_1_574' title='bbox 1121 4038 1244 4078; x_wconf 89' lang='lat' dir='ltr'><strong>esse</strong></span> <span class='ocrx_word' id='word_1_575' title='bbox 1266 4025 1597 4087; x_wconf 82' lang='lat' dir='ltr'><strong>dominatus,</strong></span> <span class='ocrx_word' id='word_1_576' title='bbox 1616 4023 1866 4094; x_wconf 83' lang='lat' dir='ltr'><strong>gigantas</strong></span> <span class='ocrx_word' id='word_1_577' title='bbox 1881 4034 1962 4092; x_wconf 69' lang='lat' dir='ltr'><strong>put</strong></span> 
     </span>
    </p>
   </div>
   <div class='ocr_carea' id='block_1_81' title="bbox 2235 4013 3748 4097">
    <p class='ocr_par' dir='ltr' id='par_1_81' title="bbox 2248 4013 3748 4090">
     <span class='ocr_line' id='line_1_81' title="bbox 2248 4013 3748 4090; baseline 0.001 -19"><span class='ocrx_word' id='word_1_578' title='bbox 2248 4018 2305 4071; x_wconf 85' lang='grc' dir='ltr'><strong>δέ</strong></span> <span class='ocrx_word' id='word_1_579' title='bbox 2350 4036 2431 4071; x_wconf 86' lang='grc' dir='ltr'><strong>σοι</strong></span> <span class='ocrx_word' id='word_1_580' title='bbox 2483 4017 2653 4087; x_wconf 82' lang='grc' dir='ltr'>φίλον,</span> <span class='ocrx_word' id='word_1_581' title='bbox 2690 4013 2846 4080; x_wconf 79' lang='grc' dir='ltr'>αὖθις</span> <span class='ocrx_word' id='word_1_582' title='bbox 2890 4018 2985 4071; x_wconf 70' lang='grc' dir='ltr'>καὶ</span> <span class='ocrx_word' id='word_1_583' title='bbox 3022 4017 3212 4070; x_wconf 73' lang='grc' dir='ltr'>τούτου</span> <span class='ocrx_word' id='word_1_584' title='bbox 3255 4017 3403 4071; x_wconf 87' lang='grc' dir='ltr'>τόνδε</span> <span class='ocrx_word' id='word_1_585' title='bbox 3429 4019 3748 4090; x_wconf 80' lang='grc' dir='ltr'>γράφοντος</span> 
     </span>
    </p>
   </div>
   <div class='ocr_carea' id='block_1_82' title="bbox 447 4112 1960 4191">
    <p class='ocr_par' dir='ltr' id='par_1_82' title="bbox 447 4114 1960 4191">
     <span class='ocr_line' id='line_1_82' title="bbox 447 4114 1960 4191; baseline -0.005 -17"><span class='ocrx_word' id='word_1_586' title='bbox 447 4120 534 4174; x_wconf 86' lang='lat' dir='ltr'><strong>vel</strong></span> <span class='ocrx_word' id='word_1_587' title='bbox 569 4130 855 4191; x_wconf 86' lang='lat' dir='ltr'><strong>tyrannos,</strong></span> <span class='ocrx_word' id='word_1_588' title='bbox 883 4118 969 4173; x_wconf 90' lang='lat' dir='ltr'><strong>vel</strong></span> <span class='ocrx_word' id='word_1_589' title='bbox 1017 4116 1307 4186; x_wconf 77' lang='lat' dir='ltr'><strong>praestigiis</strong></span> <span class='ocrx_word' id='word_1_590' title='bbox 1349 4116 1516 4170; x_wconf 91' lang='lat' dir='ltr'><strong>etiam</strong></span> <span class='ocrx_word' id='word_1_591' title='bbox 1553 4114 1960 4169; x_wconf 83' lang='lat' dir='ltr'><strong>fascinationibi</strong></span> 
     </span>
    </p>
   </div>
   <div class='ocr_carea' id='block_1_83' title="bbox 1175 4112 2688 4191">
    <p class='ocr_par' dir='ltr' id='par_1_83' title="bbox 1175 4112 2688 4186">
     <span class='ocr_line' id='line_1_83' title="bbox 1175 4112 2688 4186; baseline -0.002 -17"><span class='ocrx_word' id='word_1_592' title='bbox 1175 4116 1307 4186; x_wconf 87' lang='lat' dir='ltr'><strong>.igiis</strong></span> <span class='ocrx_word' id='word_1_593' title='bbox 1349 4116 1516 4170; x_wconf 91' lang='lat' dir='ltr'><strong>etiam</strong></span> <span class='ocrx_word' id='word_1_594' title='bbox 1553 4114 2039 4169; x_wconf 85' lang='lat' dir='ltr'><strong>fascinationibus-</strong></span> <span class='ocrx_word' id='word_1_595' title='bbox 2143 4112 2308 4166; x_wconf 78' lang='grc' dir='ltr'>ἄκουε</span> <span class='ocrx_word' id='word_1_596' title='bbox 2340 4112 2432 4166; x_wconf 81' lang='grc' dir='ltr'><strong>τὸν</strong></span> <span class='ocrx_word' id='word_1_597' title='bbox 2463 4112 2688 4183; x_wconf 83' lang='grc' dir='ltr'>τρόπον.</span> 
     </span>
    </p>
   </div>
   <div class='ocr_carea' id='block_1_84' title="bbox 449 4201 3745 4284">
    <p class='ocr_par' dir='ltr' id='par_1_84' title="bbox 449 4201 3745 4284">
     <span class='ocr_line' id='line_1_84' title="bbox 449 4201 3745 4284; baseline -0.003 -16"><span class='ocrx_word' id='word_1_598' title='bbox 449 4229 558 4284; x_wconf 89' lang='lat' dir='ltr'><strong>que</strong></span> <span class='ocrx_word' id='word_1_599' title='bbox 610 4213 844 4277; x_wconf 89' lang='lat' dir='ltr'><strong>nobiles,</strong></span> <span class='ocrx_word' id='word_1_600' title='bbox 895 4214 1147 4281; x_wconf 89' lang='lat' dir='ltr'><strong>quicum</strong></span> <span class='ocrx_word' id='word_1_601' title='bbox 1208 4227 1238 4266; x_wconf 91' lang='lat' dir='ltr'><strong>a</strong></span> <span class='ocrx_word' id='word_1_602' title='bbox 1281 4210 1445 4265; x_wconf 89' lang='lat' dir='ltr'><strong>rebus</strong></span> <span class='ocrx_word' id='word_1_603' title='bbox 1473 4207 1852 4279; x_wconf 57' lang='lat' dir='ltr'><strong>;diviniorihus</strong></span> <span class='ocrx_word' id='word_1_604' title='bbox 1885 4206 2399 4276; x_wconf 84' lang='lat' dir='ltr'><strong>quomodocumque</strong></span> <span class='ocrx_word' id='word_1_605' title='bbox 2431 4205 2647 4260; x_wconf 88' lang='lat' dir='ltr'><strong>tandem</strong></span> <span class='ocrx_word' id='word_1_606' title='bbox 2709 4205 3063 4266; x_wconf 84' lang='lat' dir='ltr'><strong>excidissent,</strong></span> <span class='ocrx_word' id='word_1_607' title='bbox 3120 4203 3396 4258; x_wconf 72' lang='lat' dir='ltr'><strong>maleficus</strong></span> <span class='ocrx_word' id='word_1_608' title='bbox 3433 4201 3745 4259; x_wconf 62' lang='lat' dir='ltr'><strong>veneﬁcio-</strong></span> 
     </span>
    </p>
   </div>
   <div class='ocr_carea' id='block_1_85' title="bbox 451 4297 3749 4376">
    <p class='ocr_par' dir='ltr' id='par_1_85' title="bbox 451 4297 3749 4376">
     <span class='ocr_line' id='line_1_85' title="bbox 451 4297 3749 4376; baseline -0.004 -11"><span class='ocrx_word' id='word_1_609' title='bbox 451 4325 575 4365; x_wconf 89' lang='lat' dir='ltr'><strong>rum</strong></span> <span class='ocrx_word' id='word_1_610' title='bbox 615 4319 760 4364; x_wconf 87' lang='lat' dir='ltr'><strong>artes</strong></span> <span class='ocrx_word' id='word_1_611' title='bbox 804 4308 1179 4363; x_wconf 81' lang='lat' dir='ltr'><strong>conﬂaverant</strong></span> <span class='ocrx_word' id='word_1_612' title='bbox 1217 4324 1230 4361; x_wconf 75' lang='grc' dir='ltr'><strong>ε</strong></span> <span class='ocrx_word' id='word_1_613' title='bbox 1273 4306 1590 4376; x_wconf 88' lang='lat' dir='ltr'><strong>quicunque</strong></span> <span class='ocrx_word' id='word_1_614' title='bbox 1627 4304 1850 4358; x_wconf 89' lang='lat' dir='ltr'><strong>demum</strong></span> <span class='ocrx_word' id='word_1_615' title='bbox 1894 4303 2206 4358; x_wconf 87' lang='lat' dir='ltr'><strong>communis</strong></span> <span class='ocrx_word' id='word_1_616' title='bbox 2238 4303 2470 4372; x_wconf 89' lang='lat' dir='ltr'><strong>alicujus</strong></span> <span class='ocrx_word' id='word_1_617' title='bbox 2499 4301 2744 4357; x_wconf 78' lang='lat' dir='ltr'><strong>beneﬁcii</strong></span> <span class='ocrx_word' id='word_1_618' title='bbox 2786 4311 2951 4370; x_wconf 88' lang='lat' dir='ltr'><strong>atque</strong></span> <span class='ocrx_word' id='word_1_619' title='bbox 2980 4299 3046 4354; x_wconf 85' lang='lat' dir='ltr'><strong>ad</strong></span> <span class='ocrx_word' id='word_1_620' title='bbox 3081 4299 3204 4354; x_wconf 71' lang='lat' dir='ltr'><strong>vitae</strong></span> <span class='ocrx_word' id='word_1_621' title='bbox 3233 4300 3490 4353; x_wconf 64' lang='lat' dir='ltr'><strong>humana:</strong></span> <span class='ocrx_word' id='word_1_622' title='bbox 3534 4297 3749 4353; x_wconf 80' lang='lat' dir='ltr'><strong>utilita-</strong></span> 
     </span>
    </p>
   </div>
   <div class='ocr_carea' id='block_1_86' title="bbox 451 4392 3747 4475">
    <p class='ocr_par' dir='ltr' id='par_1_86' title="bbox 451 4392 3747 4475">
     <span class='ocr_line' id='line_1_86' title="bbox 451 4392 3747 4475; baseline -0.004 -13"><span class='ocrx_word' id='word_1_623' title='bbox 451 4417 561 4462; x_wconf 88' lang='lat' dir='ltr'><strong>tem</strong></span> <span class='ocrx_word' id='word_1_624' title='bbox 597 4405 920 4475; x_wconf 88' lang='lat' dir='ltr'><strong>pertinentis</strong></span> <span class='ocrx_word' id='word_1_625' title='bbox 953 4414 1208 4459; x_wconf 88' lang='lat' dir='ltr'><strong>auctores</strong></span> <span class='ocrx_word' id='word_1_626' title='bbox 1243 4402 1498 4469; x_wconf 81' lang='lat' dir='ltr'><strong>fuissent,</strong></span> <span class='ocrx_word' id='word_1_627' title='bbox 1540 4400 1744 4472; x_wconf 88' lang='lat' dir='ltr'><strong>partim</strong></span> <span class='ocrx_word' id='word_1_628' title='bbox 1790 4400 1947 4454; x_wconf 88' lang='lat' dir='ltr'><strong>vivos</strong></span> <span class='ocrx_word' id='word_1_629' title='bbox 1974 4399 2154 4454; x_wconf 90' lang='lat' dir='ltr'><strong>adhuc</strong></span> <span class='ocrx_word' id='word_1_630' title='bbox 2193 4408 2247 4453; x_wconf 93' lang='lat' dir='ltr'><strong>et</strong></span> <span class='ocrx_word' id='word_1_631' title='bbox 2280 4399 2570 4468; x_wconf 90' lang='lat' dir='ltr'><strong>spirantes,</strong></span> <span class='ocrx_word' id='word_1_632' title='bbox 2601 4396 2799 4467; x_wconf 89' lang='lat' dir='ltr'><strong>partim</strong></span> <span class='ocrx_word' id='word_1_633' title='bbox 2847 4395 2957 4466; x_wconf 86' lang='lat' dir='ltr'><strong>jam</strong></span> <span class='ocrx_word' id='word_1_634' title='bbox 2993 4403 3168 4449; x_wconf 91' lang='lat' dir='ltr'><strong>morte</strong></span> <span class='ocrx_word' id='word_1_635' title='bbox 3223 4392 3440 4448; x_wconf 79' lang='lat' dir='ltr'><strong>functos</strong></span> <span class='ocrx_word' id='word_1_636' title='bbox 3487 4406 3584 4463; x_wconf 92' lang='lat' dir='ltr'><strong>pro</strong></span> <span class='ocrx_word' id='word_1_637' title='bbox 3625 4393 3747 4448; x_wconf 87' lang='lat' dir='ltr'><strong>diis</strong></span> 
     </span>
    </p>
   </div>
   <div class='ocr_carea' id='block_1_87' title="bbox 451 4489 3749 4575">
    <p class='ocr_par' dir='ltr' id='par_1_87' title="bbox 451 4489 3749 4575">
     <span class='ocr_line' id='line_1_87' title="bbox 451 4489 3749 4575; baseline -0.005 -15"><span class='ocrx_word' id='word_1_638' title='bbox 451 4505 838 4575; x_wconf 73' lang='lat' dir='ltr'><strong>praedicarunt.</strong></span> <span class='ocrx_word' id='word_1_639' title='bbox 899 4501 1086 4572; x_wconf 83' lang='lat' dir='ltr'><strong>Itaque</strong></span> <span class='ocrx_word' id='word_1_640' title='bbox 1112 4503 1340 4556; x_wconf 90' lang='lat' dir='ltr'><strong>deorum</strong></span> <span class='ocrx_word' id='word_1_641' title='bbox 1393 4501 1641 4570; x_wconf 91' lang='lat' dir='ltr'><strong>ipsorum</strong></span> <span class='ocrx_word' id='word_1_642' title='bbox 1703 4498 1892 4562; x_wconf 72' lang='lat' dir='ltr'><strong>aedes,</strong></span> <span class='ocrx_word' id='word_1_643' title='bbox 1953 4507 2299 4552; x_wconf 89' lang='lat' dir='ltr'><strong>mortuorum</strong></span> <span class='ocrx_word' id='word_1_644' title='bbox 2361 4497 2612 4567; x_wconf 88' lang='lat' dir='ltr'><strong>sepulcra</strong></span> <span class='ocrx_word' id='word_1_645' title='bbox 2653 4509 2774 4551; x_wconf 88' lang='lat' dir='ltr'><strong>esse</strong></span> <span class='ocrx_word' id='word_1_646' title='bbox 2836 4493 3210 4563; x_wconf 87' lang='lat' dir='ltr'><strong>perhibentur,</strong></span> <span class='ocrx_word' id='word_1_647' title='bbox 3267 4489 3749 4562; x_wconf 87' lang='lat' dir='ltr'><strong>quemadmodum</strong></span> 
     </span>
    </p>
   </div>
   <div class='ocr_carea' id='block_1_88' title="bbox 450 4587 3750 4668">
    <p class='ocr_par' dir='ltr' id='par_1_88' title="bbox 450 4587 3750 4668">
     <span class='ocr_line' id='line_1_88' title="bbox 450 4587 3750 4668; baseline -0.003 -13"><span class='ocrx_word' id='word_1_648' title='bbox 450 4599 705 4655; x_wconf 88' lang='lat' dir='ltr'><strong>Clemens</strong></span> <span class='ocrx_word' id='word_1_649' title='bbox 745 4599 800 4652; x_wconf 91' lang='lat' dir='ltr'><strong>in</strong></span> <span class='ocrx_word' id='word_1_650' title='bbox 837 4614 922 4663; x_wconf 89' lang='lat' dir='ltr'><strong>ea,</strong></span> <span class='ocrx_word' id='word_1_651' title='bbox 959 4614 1122 4668; x_wconf 90' lang='lat' dir='ltr'><strong>quam</strong></span> <span class='ocrx_word' id='word_1_652' title='bbox 1184 4598 1252 4652; x_wconf 90' lang='lat' dir='ltr'><strong>ad</strong></span> <span class='ocrx_word' id='word_1_653' title='bbox 1302 4595 1527 4652; x_wconf 67' lang='lat' dir='ltr'><strong>Graecos</strong></span> <span class='ocrx_word' id='word_1_654' title='bbox 1585 4596 1812 4662; x_wconf 88' lang='lat' dir='ltr'><strong>scribit,</strong></span> <span class='ocrx_word' id='word_1_655' title='bbox 1862 4596 2227 4650; x_wconf 80' lang='lat' dir='ltr'><strong>cohortatione</strong></span> <span class='ocrx_word' id='word_1_656' title='bbox 2297 4601 2713 4659; x_wconf 84' lang='lat' dir='ltr'><strong>commemorat,</strong></span> <span class='ocrx_word' id='word_1_657' title='bbox 2760 4589 3074 4647; x_wconf 62' lang='lat' dir='ltr'><strong>Graecorum</strong></span> <span class='ocrx_word' id='word_1_658' title='bbox 3133 4589 3380 4660; x_wconf 88' lang='lat' dir='ltr'><strong>ipsorum</strong></span> <span class='ocrx_word' id='word_1_659' title='bbox 3419 4587 3750 4644; x_wconf 87' lang='lat' dir='ltr'><strong>testimonia</strong></span> 
     </span>
    </p>
   </div>
   <div class='ocr_carea' id='block_1_89' title="bbox 451 4677 3575 4764">
    <p class='ocr_par' dir='ltr' id='par_1_89' title="bbox 451 4677 3575 4764">
     <span class='ocr_line' id='line_1_89' title="bbox 451 4677 3575 4764; baseline -0.003 -16"><span class='ocrx_word' id='word_1_660' title='bbox 451 4691 756 4764; x_wconf 81' lang='lat' dir='ltr'><strong>proferens,</strong></span> <span class='ocrx_word' id='word_1_661' title='bbox 797 4707 960 4764; x_wconf 89' lang='lat' dir='ltr'><strong>quem</strong></span> <span class='ocrx_word' id='word_1_662' title='bbox 993 4703 1071 4758; x_wconf 80' lang='lat' dir='ltr'><strong>tu,</strong></span> <span class='ocrx_word' id='word_1_663' title='bbox 1104 4693 1148 4746; x_wconf 91' lang='lat' dir='ltr'><strong>si</strong></span> <span class='ocrx_word' id='word_1_664' title='bbox 1179 4692 1374 4760; x_wconf 85' lang='lat' dir='ltr'><strong>placet,</strong></span> <span class='ocrx_word' id='word_1_665' title='bbox 1403 4693 1549 4746; x_wconf 90' lang='lat' dir='ltr'><strong>hunc</strong></span> <span class='ocrx_word' id='word_1_666' title='bbox 1576 4691 1630 4744; x_wconf 91' lang='lat' dir='ltr'><strong>in</strong></span> <span class='ocrx_word' id='word_1_667' title='bbox 1658 4691 1884 4745; x_wconf 88' lang='lat' dir='ltr'><strong>modum</strong></span> <span class='ocrx_word' id='word_1_668' title='bbox 1915 4705 2110 4744; x_wconf 88' lang='lat' dir='ltr'><strong>rursus</strong></span> <span class='ocrx_word' id='word_1_669' title='bbox 2131 4690 2443 4760; x_wconf 90' lang='lat' dir='ltr'><strong>loquentem</strong></span> <span class='ocrx_word' id='word_1_670' title='bbox 2467 4687 2618 4744; x_wconf 91' lang='lat' dir='ltr'><strong>audi.</strong></span> <span class='ocrx_word' id='word_1_671' title='bbox 3469 4741 3476 4756; x_wconf 27' lang='grc' dir='ltr'><strong>κ</strong></span> <span class='ocrx_word' id='word_1_672' title='bbox 3573 4677 3575 4679; x_wconf 64' lang='grc'><strong>’</strong></span> 
     </span>
    </p>
   </div>
   <div class='ocr_carea' id='block_1_90' title="bbox 1013 4781 2526 4859">
    <p class='ocr_par' dir='ltr' id='par_1_90' title="bbox 1013 4785 2118 4859">
     <span class='ocr_line' id='line_1_90' title="bbox 1013 4785 2118 4859; baseline 0.009 -24"><span class='ocrx_word' id='word_1_673' title='bbox 1013 4789 1117 4859; x_wconf 76' lang='lat'><strong>71</strong></span> <span class='ocrx_word' id='word_1_674' title='bbox 1148 4785 1378 4844; x_wconf 75' lang='lat' dir='ltr'><strong>CAPUT</strong></span> <span class='ocrx_word' id='word_1_675' title='bbox 1415 4787 1508 4842; x_wconf 82' lang='lat' dir='ltr'><strong>Vl.</strong></span> <span class='ocrx_word' id='word_1_676' title='bbox 2073 4791 2118 4845; x_wconf 90' lang='lat' dir='ltr'><strong>D</strong></span> 
     </span>
    </p>
   </div>
   <div class='ocr_carea' id='block_1_91' title="bbox 1682 4781 3195 4859">
    <p class='ocr_par' dir='ltr' id='par_1_91' title="bbox 2073 4781 3195 4847">
     <span class='ocr_line' id='line_1_91' title="bbox 2073 4781 3195 4847; baseline -0.012 -2"><span class='ocrx_word' id='word_1_677' title='bbox 2073 4791 2118 4845; x_wconf 90' lang='lat' dir='ltr'><strong>D</strong></span> <span class='ocrx_word' id='word_1_678' title='bbox 2680 4781 3074 4836; x_wconf 80' lang='grc' dir='ltr'><strong>ΚΕΦΑΛΑῙΟΝ</strong></span> <span class='ocrx_word' id='word_1_679' title='bbox 3105 4781 3195 4847; x_wconf 66' lang='grc' dir='ltr'><strong>(τ’.</strong></span> 
     </span>
    </p>
   </div>
   <div class='ocr_carea' id='block_1_92' title="bbox 454 4867 1967 4955">
    <p class='ocr_par' dir='ltr' id='par_1_92' title="bbox 454 4877 1967 4952">
     <span class='ocr_line' id='line_1_92' title="bbox 454 4877 1967 4952; baseline -0.005 -15"><span class='ocrx_word' id='word_1_680' title='bbox 454 4880 712 4952; x_wconf 78' lang='lat' dir='ltr'><strong>Sepulcra</strong></span> <span class='ocrx_word' id='word_1_681' title='bbox 738 4891 1064 4934; x_wconf 82' lang='lat' dir='ltr'><strong>mortuorum</strong></span> <span class='ocrx_word' id='word_1_682' title='bbox 1085 4897 1216 4945; x_wconf 83' lang='lat' dir='ltr'><strong>esse,</strong></span> <span class='ocrx_word' id='word_1_683' title='bbox 1247 4897 1366 4950; x_wconf 75' lang='lat' dir='ltr'><strong>qua:</strong></span> <span class='ocrx_word' id='word_1_684' title='bbox 1385 4879 1603 4934; x_wconf 76' lang='lat' dir='ltr'><strong>dearum</strong></span> <span class='ocrx_word' id='word_1_685' title='bbox 1634 4877 1829 4948; x_wconf 83' lang='lat' dir='ltr'><strong>templa</strong></span> <span class='ocrx_word' id='word_1_686' title='bbox 1865 4894 1967 4930; x_wconf 86' lang='lat' dir='ltr'><strong>non</strong></span> 
     </span>
    </p>
   </div>
   <div class='ocr_carea' id='block_1_93' title="bbox 2240 4867 3753 4955">
    <p class='ocr_par' dir='ltr' id='par_1_93' title="bbox 2240 4867 3753 4955">
     <span class='ocr_line' id='line_1_93' title="bbox 2240 4867 3753 4955; baseline -0.009 -21"><span class='ocrx_word' id='word_1_687' title='bbox 2240 4881 2286 4940; x_wconf 77' lang='lat' dir='ltr'><strong>pl</strong></span> <span class='ocrx_word' id='word_1_688' title='bbox 2345 4877 2452 4933; x_wconf 76' lang='grc' dir='ltr'><strong>τοῦ</strong></span> <span class='ocrx_word' id='word_1_689' title='bbox 2499 4873 2756 4955; x_wconf 41' lang='grc' dir='ltr'>νεκρῶν-</span> <span class='ocrx_word' id='word_1_690' title='bbox 2771 4871 2948 4955; x_wconf 37' lang='grc' dir='ltr'>εἶναι-</span> <span class='ocrx_word' id='word_1_691' title='bbox 2982 4870 3244 4955; x_wconf 55' lang='grc' dir='ltr'><strong>τείρους’⁵</strong></span> <span class='ocrx_word' id='word_1_692' title='bbox 3259 4869 3335 4924; x_wconf 78' lang='grc' dir='ltr'>τὰ</span> <span class='ocrx_word' id='word_1_693' title='bbox 3391 4867 3753 4937; x_wconf 71' lang='grc' dir='ltr'>καλούμενα</span> 
     </span>
    </p>
   </div>
   <div class='ocr_carea' id='block_1_94' title="bbox 1137 4949 2650 5019">
    <p class='ocr_par' dir='ltr' id='par_1_94' title="bbox 1137 4949 2650 5006">
     <span class='ocr_line' id='line_1_94' title="bbox 1137 4949 2650 5006; baseline -0.016 -2"><span class='ocrx_word' id='word_1_694' title='bbox 1137 4949 1301 5004; x_wconf 69' lang='lat' dir='ltr'><strong>nantu</strong></span> <span class='ocrx_word' id='word_1_695' title='bbox 1311 4968 1354 5006; x_wconf 88' lang='lat' dir='ltr'><strong>r.</strong></span> <span class='ocrx_word' id='word_1_696' title='bbox 2605 4970 2650 5006; x_wconf 73' lang='grc' dir='ltr'>α,</span> 
     </span>
    </p>
   </div>
   <div class='ocr_carea' id='block_1_95' title="bbox 1794 4949 3307 5019">
    <p class='ocr_par' dir='ltr' id='par_1_95' title="bbox 2605 4949 3307 5019">
     <span class='ocr_line' id='line_1_95' title="bbox 2605 4949 3307 5019; baseline -0.011 -13"><span class='ocrx_word' id='word_1_697' title='bbox 2605 4949 2805 5006; x_wconf 73' lang='grc' dir='ltr'>αὐτῶν·</span> <span class='ocrx_word' id='word_1_698' title='bbox 2837 4949 2963 5019; x_wconf 82' lang='grc' dir='ltr'>ιερὰ</span> <span class='ocrx_word' id='word_1_699' title='bbox 2991 4949 3112 5002; x_wconf 80' lang='grc' dir='ltr'>τῶν</span> <span class='ocrx_word' id='word_1_700' title='bbox 3141 4949 3307 5001; x_wconf 77' lang='grc' dir='ltr'>θεῶν.</span> 
     </span>
    </p>
   </div>
   <div class='ocr_carea' id='block_1_96' title="bbox 537 5028 2050 5114">
    <p class='ocr_par' dir='ltr' id='par_1_96' title="bbox 537 5041 2042 5114">
     <span class='ocr_line' id='line_1_96' title="bbox 537 5041 2042 5114; baseline -0.001 -18"><span class='ocrx_word' id='word_1_701' title='bbox 537 5061 558 5096; x_wconf 75' lang='grc' dir='ltr'><strong>ι</strong></span> <span class='ocrx_word' id='word_1_702' title='bbox 585 5041 806 5110; x_wconf 75' lang='lat' dir='ltr'><strong>Mirum,</strong></span> <span class='ocrx_word' id='word_1_703' title='bbox 825 5043 1024 5114; x_wconf 90' lang='lat' dir='ltr'><strong>inquit,</strong></span> <span class='ocrx_word' id='word_1_704' title='bbox 1047 5043 1292 5114; x_wconf 79' lang='lat' dir='ltr'><strong>profecto</strong></span> <span class='ocrx_word' id='word_1_705' title='bbox 1315 5042 1487 5097; x_wconf 89' lang='lat' dir='ltr'><strong>videri</strong></span> <span class='ocrx_word' id='word_1_706' title='bbox 1518 5057 1626 5096; x_wconf 90' lang='lat' dir='ltr'><strong>non</strong></span> <span class='ocrx_word' id='word_1_707' title='bbox 1662 5041 1842 5104; x_wconf 88' lang='lat' dir='ltr'><strong>debet,</strong></span> <span class='ocrx_word' id='word_1_708' title='bbox 1865 5042 1911 5095; x_wconf 91' lang='lat' dir='ltr'><strong>si</strong></span> <span class='ocrx_word' id='word_1_709' title='bbox 1947 5054 2042 5095; x_wconf 85' lang='lat' dir='ltr'><strong>ne-</strong></span> 
     </span>
    </p>
   </div>
   <div class='ocr_carea' id='block_1_97' title="bbox 2240 5028 3753 5114">
    <p class='ocr_par' dir='ltr' id='par_1_97' title="bbox 2240 5028 3753 5113">
     <span class='ocr_line' id='line_1_97' title="bbox 2240 5028 3753 5113; baseline -0.007 -19"><span class='ocrx_word' id='word_1_710' title='bbox 2240 5061 2246 5094; x_wconf 93' lang='lat' dir='ltr'><strong>l</strong></span> <span class='ocrx_word' id='word_1_711' title='bbox 2280 5038 2388 5113; x_wconf 77' lang='grc'><strong>(91)</strong></span> <span class='ocrx_word' id='word_1_712' title='bbox 2411 5039 2649 5104; x_wconf 77' lang='grc' dir='ltr'>Εἰκότως</span> <span class='ocrx_word' id='word_1_713' title='bbox 2669 5039 2778 5110; x_wconf 81' lang='grc' dir='ltr'>ἄρα</span> <span class='ocrx_word' id='word_1_714' title='bbox 2795 5038 2972 5109; x_wconf 87' lang='grc' dir='ltr'>ἀρχήν</span> <span class='ocrx_word' id='word_1_715' title='bbox 2998 5035 3161 5090; x_wconf 88' lang='grc' dir='ltr'>ποθεν</span> <span class='ocrx_word' id='word_1_716' title='bbox 3181 5035 3216 5106; x_wconf 76' lang='grc' dir='ltr'>ἡ</span> <span class='ocrx_word' id='word_1_717' title='bbox 3237 5029 3622 5102; x_wconf 83' lang='grc' dir='ltr'>δεισιδαιμονία</span> <span class='ocrx_word' id='word_1_718' title='bbox 3641 5028 3753 5084; x_wconf 85' lang='grc' dir='ltr'>λα-</span> 
     </span>
    </p>
   </div>
   <div class='ocr_carea' id='block_1_98' title="bbox 460 5123 1973 5209">
    <p class='ocr_par' dir='ltr' id='par_1_98' title="bbox 460 5133 1973 5209">
     <span class='ocr_line' id='line_1_98' title="bbox 460 5133 1973 5209; baseline -0.003 -17"><span class='ocrx_word' id='word_1_719' title='bbox 460 5138 637 5194; x_wconf 70' lang='lat' dir='ltr'><strong>l‘andm</strong></span> <span class='ocrx_word' id='word_1_720' title='bbox 670 5138 1078 5209; x_wconf 86' lang='lat' dir='ltr'><strong>superstitionis</strong></span> <span class='ocrx_word' id='word_1_721' title='bbox 1121 5152 1296 5201; x_wconf 89' lang='lat' dir='ltr'><strong>error,</strong></span> <span class='ocrx_word' id='word_1_722' title='bbox 1326 5145 1682 5205; x_wconf 87' lang='lat' dir='ltr'><strong>posteaquam</strong></span> <span class='ocrx_word' id='word_1_723' title='bbox 1707 5133 1928 5204; x_wconf 91' lang='lat' dir='ltr'><strong>aliquod</strong></span> <span class='ocrx_word' id='word_1_724' title='bbox 1951 5147 1973 5188; x_wconf 88' lang='lat' dir='ltr'><strong>s</strong></span> 
     </span>
    </p>
   </div>
   <div class='ocr_carea' id='block_1_99' title="bbox 2242 5123 3755 5209">
    <p class='ocr_par' dir='ltr' id='par_1_99' title="bbox 2242 5123 3755 5202">
     <span class='ocr_line' id='line_1_99' title="bbox 2242 5123 3755 5202; baseline -0.008 -15"><span class='ocrx_word' id='word_1_725' title='bbox 2242 5152 2341 5197; x_wconf 74' lang='grc' dir='ltr'>ισα,</span> <span class='ocrx_word' id='word_1_726' title='bbox 2374 5133 2573 5196; x_wconf 86' lang='grc' dir='ltr'>κακίας</span> <span class='ocrx_word' id='word_1_727' title='bbox 2601 5131 2828 5202; x_wconf 85' lang='grc' dir='ltr'>ἀνοήτου</span> <span class='ocrx_word' id='word_1_728' title='bbox 2866 5128 3058 5198; x_wconf 84' lang='grc' dir='ltr'>γέγονε</span> <span class='ocrx_word' id='word_1_729' title='bbox 3090 5127 3264 5198; x_wconf 78' lang='grc' dir='ltr'>πηγήο</span> <span class='ocrx_word' id='word_1_730' title='bbox 3292 5124 3484 5179; x_wconf 76' lang='grc' dir='ltr'>ἔπειτα</span> <span class='ocrx_word' id='word_1_731' title='bbox 3503 5125 3583 5194; x_wconf 82' lang='grc' dir='ltr'>μὴ</span> <span class='ocrx_word' id='word_1_732' title='bbox 3602 5123 3755 5176; x_wconf 85' lang='grc' dir='ltr'>ἀνα-</span> 
     </span>
    </p>
   </div>
   <div class='ocr_carea' id='block_1_100' title="bbox 460 5213 1973 5301">
    <p class='ocr_par' dir='ltr' id='par_1_100' title="bbox 460 5224 1973 5301">
     <span class='ocr_line' id='line_1_100' title="bbox 460 5224 1973 5301; baseline -0.003 -16"><span class='ocrx_word' id='word_1_733' title='bbox 460 5233 568 5286; x_wconf 80' lang='lat' dir='ltr'><strong>inel</strong></span> <span class='ocrx_word' id='word_1_734' title='bbox 598 5232 814 5286; x_wconf 90' lang='lat' dir='ltr'><strong>initium</strong></span> <span class='ocrx_word' id='word_1_735' title='bbox 849 5229 1183 5301; x_wconf 81' lang='lat' dir='ltr'><strong>accepisset,</strong></span> <span class='ocrx_word' id='word_1_736' title='bbox 1217 5228 1498 5296; x_wconf 63' lang='lat' dir='ltr'><strong>ﬂagitiosae</strong></span> <span class='ocrx_word' id='word_1_737' title='bbox 1536 5227 1774 5282; x_wconf 80' lang='lat' dir='ltr'><strong>vesaniae</strong></span> <span class='ocrx_word' id='word_1_738' title='bbox 1799 5224 1924 5280; x_wconf 83' lang='lat' dir='ltr'><strong>fons</strong></span> <span class='ocrx_word' id='word_1_739' title='bbox 1948 5239 1973 5280; x_wconf 83' lang='grc' dir='ltr'><strong>ε</strong></span> 
     </span>
    </p>
   </div>
   <div class='ocr_carea' id='block_1_101' title="bbox 2235 5213 3748 5301">
    <p class='ocr_par' dir='ltr' id='par_1_101' title="bbox 2235 5213 3748 5295">
     <span class='ocr_line' id='line_1_101' title="bbox 2235 5213 3748 5295; baseline -0.011 -13"><span class='ocrx_word' id='word_1_740' title='bbox 2235 5231 2404 5295; x_wconf 76' lang='grc' dir='ltr'>τεῖσα,</span> <span class='ocrx_word' id='word_1_741' title='bbox 2459 5226 2573 5279; x_wconf 82' lang='grc' dir='ltr'>ἀλλ’</span> <span class='ocrx_word' id='word_1_742' title='bbox 2619 5226 2699 5290; x_wconf 88' lang='grc' dir='ltr'><strong>είς</strong></span> <span class='ocrx_word' id='word_1_743' title='bbox 2740 5223 2979 5277; x_wconf 77' lang='grc' dir='ltr'>ἐπίδοσιν</span> <span class='ocrx_word' id='word_1_744' title='bbox 3027 5220 3291 5282; x_wconf 81' lang='grc' dir='ltr'>ἐλθοῦσα,</span> <span class='ocrx_word' id='word_1_745' title='bbox 3345 5216 3480 5270; x_wconf 83' lang='grc' dir='ltr'>πολὺ</span> <span class='ocrx_word' id='word_1_746' title='bbox 3524 5214 3590 5286; x_wconf 80' lang='grc' dir='ltr'>δὴ</span> <span class='ocrx_word' id='word_1_747' title='bbox 3621 5213 3748 5285; x_wconf 76' lang='lat'><strong>(92)</strong></span> 
     </span>
    </p>
   </div>
   <div class='ocr_carea' id='block_1_102' title="bbox 461 5307 1974 5391">
    <p class='ocr_par' dir='ltr' id='par_1_102' title="bbox 461 5317 1974 5389">
     <span class='ocr_line' id='line_1_102' title="bbox 461 5317 1974 5389; baseline -0.005 -12"><span class='ocrx_word' id='word_1_748' title='bbox 461 5325 678 5378; x_wconf 70' lang='lat' dir='ltr'><strong>stiterit.</strong></span> <span class='ocrx_word' id='word_1_749' title='bbox 729 5323 1022 5379; x_wconf 88' lang='lat' dir='ltr'><strong>Enimvero</strong></span> <span class='ocrx_word' id='word_1_750' title='bbox 1075 5339 1198 5379; x_wconf 86' lang='lat' dir='ltr'><strong>cum</strong></span> <span class='ocrx_word' id='word_1_751' title='bbox 1247 5317 1540 5376; x_wconf 86' lang='lat' dir='ltr'><strong>intercisus</strong></span> <span class='ocrx_word' id='word_1_752' title='bbox 1593 5320 1682 5374; x_wconf 84' lang='lat' dir='ltr'><strong>ille</strong></span> <span class='ocrx_word' id='word_1_753' title='bbox 1711 5328 1900 5389; x_wconf 90' lang='lat' dir='ltr'><strong>postea</strong></span> <span class='ocrx_word' id='word_1_754' title='bbox 1929 5335 1974 5373; x_wconf 64' lang='lat' dir='ltr'><strong>ni</strong></span> 
     </span>
    </p>
   </div>
   <div class='ocr_carea' id='block_1_103' title="bbox 2236 5307 3749 5391">
    <p class='ocr_par' dir='ltr' id='par_1_103' title="bbox 2236 5307 3749 5390">
     <span class='ocr_line' id='line_1_103' title="bbox 2236 5307 3749 5390; baseline -0.008 -19"><span class='ocrx_word' id='word_1_755' title='bbox 2236 5325 2358 5384; x_wconf 72' lang='grc' dir='ltr'>ιῖσα,</span> <span class='ocrx_word' id='word_1_756' title='bbox 2411 5317 2740 5390; x_wconf 81' lang='grc' dir='ltr'>δημιουργὸς</span> <span class='ocrx_word' id='word_1_757' title='bbox 2793 5315 3004 5370; x_wconf 85' lang='grc' dir='ltr'>πολλῶν</span> <span class='ocrx_word' id='word_1_758' title='bbox 3049 5312 3369 5367; x_wconf 79' lang='grc' dir='ltr'>καθίσταται</span> <span class='ocrx_word' id='word_1_759' title='bbox 3426 5307 3705 5378; x_wconf 81' lang='grc' dir='ltr'>δαιμόνων</span> <span class='ocrx_word' id='word_1_760' title='bbox 3729 5346 3749 5370; x_wconf 87' lang='grc'><strong>,</strong></span> 
     </span>
    </p>
   </div>
   <div class='ocr_carea' id='block_1_104' title="bbox 461 5396 1974 5488">
    <p class='ocr_par' dir='ltr' id='par_1_104' title="bbox 461 5413 1974 5488">
     <span class='ocr_line' id='line_1_104' title="bbox 461 5413 1974 5488; baseline -0.001 -18"><span class='ocrx_word' id='word_1_761' title='bbox 461 5413 676 5482; x_wconf 78' lang='lat' dir='ltr'><strong>fuisset,</strong></span> <span class='ocrx_word' id='word_1_762' title='bbox 697 5421 788 5474; x_wconf 89' lang='lat' dir='ltr'><strong>sed</strong></span> <span class='ocrx_word' id='word_1_763' title='bbox 812 5420 992 5488; x_wconf 93' lang='lat' dir='ltr'><strong>potius</strong></span> <span class='ocrx_word' id='word_1_764' title='bbox 1024 5419 1180 5473; x_wconf 85' lang='lat' dir='ltr'><strong>novis</strong></span> <span class='ocrx_word' id='word_1_765' title='bbox 1214 5419 1267 5471; x_wconf 92' lang='lat' dir='ltr'><strong>in</strong></span> <span class='ocrx_word' id='word_1_766' title='bbox 1298 5417 1416 5472; x_wconf 90' lang='lat' dir='ltr'><strong>dies</strong></span> <span class='ocrx_word' id='word_1_767' title='bbox 1447 5415 1795 5470; x_wconf 87' lang='lat' dir='ltr'><strong>incrementis</strong></span> <span class='ocrx_word' id='word_1_768' title='bbox 1825 5423 1974 5470; x_wconf 73' lang='lat' dir='ltr'><strong>auctr</strong></span> 
     </span>
    </p>
   </div>
   <div class='ocr_carea' id='block_1_105' title="bbox 2237 5396 3750 5488">
    <p class='ocr_par' dir='ltr' id='par_1_105' title="bbox 2237 5396 3750 5482">
     <span class='ocr_line' id='line_1_105' title="bbox 2237 5396 3750 5482; baseline -0.009 -17"><span class='ocrx_word' id='word_1_769' title='bbox 2237 5411 2456 5482; x_wconf 86' lang='grc' dir='ltr'>ιτόμϐας</span> <span class='ocrx_word' id='word_1_770' title='bbox 2507 5409 2766 5475; x_wconf 88' lang='grc' dir='ltr'>ποιοῦσα,</span> <span class='ocrx_word' id='word_1_771' title='bbox 2831 5410 2925 5462; x_wconf 74' lang='grc' dir='ltr'><strong>καὶ</strong></span> <span class='ocrx_word' id='word_1_772' title='bbox 2989 5403 3324 5474; x_wconf 85' lang='grc' dir='ltr'>πανηγύρεις</span> <span class='ocrx_word' id='word_1_773' title='bbox 3378 5396 3750 5463; x_wconf 83' lang='grc' dir='ltr'>ἐπιτελοῦσα,</span> 
     </span>
    </p>
   </div>
   <div class='ocr_carea' id='block_1_106' title="bbox 462 5490 1975 5576">
    <p class='ocr_par' dir='ltr' id='par_1_106' title="bbox 462 5503 1973 5576">
     <span class='ocr_line' id='line_1_106' title="bbox 462 5503 1973 5576; baseline -0.001 -17"><span class='ocrx_word' id='word_1_774' title='bbox 462 5520 660 5576; x_wconf 86' lang='lat' dir='ltr'><strong>magna</strong></span> <span class='ocrx_word' id='word_1_775' title='bbox 703 5508 753 5562; x_wconf 91' lang='lat' dir='ltr'><strong>vi</strong></span> <span class='ocrx_word' id='word_1_776' title='bbox 784 5510 999 5564; x_wconf 89' lang='lat' dir='ltr'><strong>tandem</strong></span> <span class='ocrx_word' id='word_1_777' title='bbox 1036 5524 1099 5562; x_wconf 90' lang='lat' dir='ltr'><strong>ac</strong></span> <span class='ocrx_word' id='word_1_778' title='bbox 1141 5505 1450 5562; x_wconf 90' lang='lat' dir='ltr'><strong>vehementi</strong></span> <span class='ocrx_word' id='word_1_779' title='bbox 1497 5520 1660 5561; x_wconf 91' lang='lat' dir='ltr'><strong>cursu</strong></span> <span class='ocrx_word' id='word_1_780' title='bbox 1695 5503 1824 5558; x_wconf 79' lang='lat' dir='ltr'><strong>ferri</strong></span> <span class='ocrx_word' id='word_1_781' title='bbox 1854 5519 1973 5574; x_wconf 63' lang='grc' dir='ltr'><strong>τωρ</strong></span> 
     </span>
    </p>
   </div>
   <div class='ocr_carea' id='block_1_107' title="bbox 2244 5490 3757 5576">
    <p class='ocr_par' dir='ltr' id='par_1_107' title="bbox 2244 5490 3757 5574">
     <span class='ocr_line' id='line_1_107' title="bbox 2244 5490 3757 5574; baseline -0.008 -19"><span class='ocrx_word' id='word_1_782' title='bbox 2244 5504 2444 5574; x_wconf 77' lang='grc' dir='ltr'>ιλματα</span> <span class='ocrx_word' id='word_1_783' title='bbox 2471 5501 2763 5564; x_wconf 81' lang='grc' dir='ltr'>ἀνιστῶσα,</span> <span class='ocrx_word' id='word_1_784' title='bbox 2794 5499 2890 5553; x_wconf 73' lang='grc' dir='ltr'><strong>καὶ</strong></span> <span class='ocrx_word' id='word_1_785' title='bbox 2910 5498 3044 5564; x_wconf 87' lang='grc' dir='ltr'>νεὼς</span> <span class='ocrx_word' id='word_1_786' title='bbox 3063 5493 3508 5566; x_wconf 85' lang='grc' dir='ltr'>ἀνοικοδομοῦσα,</span> <span class='ocrx_word' id='word_1_787' title='bbox 3529 5490 3625 5555; x_wconf 84' lang='grc' dir='ltr'><strong>οὒς</strong></span> <span class='ocrx_word' id='word_1_788' title='bbox 3673 5491 3757 5562; x_wconf 77' lang='grc' dir='ltr'>δὴ</span> 
     </span>
    </p>
   </div>
   <div class='ocr_carea' id='block_1_108' title="bbox 535 5695 3288 5777">
    <p class='ocr_par' dir='ltr' id='par_1_108' title="bbox 535 5695 3288 5777">
     <span class='ocr_line' id='line_1_108' title="bbox 535 5695 3288 5777; baseline -0.002 -19"><span class='ocrx_word' id='word_1_789' title='bbox 535 5701 648 5777; x_wconf 73' lang='lat'><strong>(9!)</strong></span> <span class='ocrx_word' id='word_1_790' title='bbox 690 5702 870 5777; x_wconf 88' lang='lat' dir='ltr'><strong>_L_ocus</strong></span> <span class='ocrx_word' id='word_1_791' title='bbox 889 5712 974 5777; x_wconf 86' lang='lat' dir='ltr'><strong>est</strong></span> <span class='ocrx_word' id='word_1_792' title='bbox 995 5703 1575 5777; x_wconf 10' lang='lat' dir='ltr'><strong>Clement.gAle;andi-.</strong></span> <span class='ocrx_word' id='word_1_793' title='bbox 1595 5719 1658 5777; x_wconf 77' lang='lat' dir='ltr'><strong>ex</strong></span> <span class='ocrx_word' id='word_1_794' title='bbox 1681 5701 2033 5774; x_wconf 77' lang='lat' dir='ltr'><strong>Promptico,</strong></span> <span class='ocrx_word' id='word_1_795' title='bbox 2075 5701 2253 5777; x_wconf 52' lang='lat' dir='ltr'><strong>p.32,</strong></span> <span class='ocrx_word' id='word_1_796' title='bbox 2289 5700 2713 5769; x_wconf 66' lang='lat' dir='ltr'><strong>Greco-Latini,</strong></span> <span class='ocrx_word' id='word_1_797' title='bbox 2744 5699 2962 5757; x_wconf 84' lang='lat' dir='ltr'><strong>ﬂerveti</strong></span> <span class='ocrx_word' id='word_1_798' title='bbox 2986 5707 3166 5754; x_wconf 85' lang='lat' dir='ltr'><strong>autem</strong></span> <span class='ocrx_word' id='word_1_799' title='bbox 3197 5695 3288 5752; x_wconf 68' lang='lat'><strong>47.</strong></span> 
     </span>
    </p>
   </div>
   <div class='ocr_carea' id='block_1_109' title="bbox 534 5772 1756 5854">
    <p class='ocr_par' dir='ltr' id='par_1_109' title="bbox 534 5772 1756 5854">
     <span class='ocr_line' id='line_1_109' title="bbox 534 5772 1756 5854; baseline 0.001 -24"><span class='ocrx_word' id='word_1_800' title='bbox 534 5772 650 5847; x_wconf 68' lang='lat'><strong>(92)</strong></span> <span class='ocrx_word' id='word_1_801' title='bbox 679 5775 925 5854; x_wconf 48' lang='lat' dir='ltr'><strong>yontac.</strong></span> <span class='ocrx_word' id='word_1_802' title='bbox 954 5776 1164 5848; x_wconf 77' lang='lat' dir='ltr'><strong>legend.</strong></span> <span class='ocrx_word' id='word_1_803' title='bbox 1195 5773 1366 5846; x_wconf 77' lang='grc' dir='ltr'>πολλὴ</span> <span class='ocrx_word' id='word_1_804' title='bbox 1385 5773 1471 5844; x_wconf 83' lang='grc' dir='ltr'>δή,</span> <span class='ocrx_word' id='word_1_805' title='bbox 1497 5776 1722 5831; x_wconf 86' lang='lat' dir='ltr'><strong>rectius.</strong></span> <span class='ocrx_word' id='word_1_806' title='bbox 1747 5839 1756 5849; x_wconf 17' lang='grc' dir='ltr'>ἢ</span> 
     </span>
    </p>
   </div>
  </div>
