3832 6216
240 269 344 322 £57

1417 258 1740 315 PRIEPAR.
1785 257 2039 315 EVANG.
2077 259 2208 316 LiB.
2245 257 2310 316 li.

3425 286 3521 342 138

238 388 385 456 (οὐδὲ
409 382 694 461 γάρτοῦτο
718 382 1084 454 σιωπήσομαι,
1107 382 1243 454 πρὸς
1257 382 1313 436 δὲ
1338 384 1433 437 καὶ
1460 382 1590 436 αὐτὸ
1610 381 1813 452 ἐλέγξω

1941 381 2064 438 Mox
2101 385 2284 455 itaque
2314 386 2696 456 multiplicium
2742 390 3052 448 daemonum
3088 398 3421 460 architectus
3444 406 3518 461 ef-

237 479 376 543 νεὼς
410 480 512 550 μὲν
557 476 819 546 εὐφήμως
857 472 1307 546 ὀνομαζομένους,
1340 475 1544 545 τάφους
1573 476 1630 530 δὲ
1673 494 1829 545 γενο-

238 572 461 642 μένους,
496 570 740 622 τουτέστι
772 568 901 631 τοὺς
945 568 1145 635 τάφους
1168 566 1305 631 νεὼς
1343 568 1826 639 ὲπικεκλημένους.

247 664 443 734 Ὑμεῗά⁹
467 662 528 715 δὲ
571 660 708 713 ἀλλὰ
749 659 855 712 κᾶν
908 658 1002 712 νῦν
1040 658 1460 730 δεισιδαιμονίας
1513 659 1826 725 ὲκλάθεσθε,

234 755 365 818 τοὺς
416 753 620 821 τάφους
652 752 820 821 τιμᾷν
867 749 1264 821 αἰσχυνόμενοι.
1311 750 1401 803 Ἑν
1449 749 1528 820 τῷ
1572 750 1686 823 ναῷ
1731 752 1830 823 τῆς

245 852 481 922 Ἀθηνᾶς
508 852 568 903 ὲν
598 847 869 918 Λαρίσσῃ,
916 848 973 898 ὲν
1016 847 1079 916 τῇ
1131 844 1447 916 ἀκροπόλει,
1484 845 1652 913 τάφος
1680 845 1828 898 ἐστὶν

244 941 555 1013 ’Δκρισίου’
592 939 849 1012 Ἀθήνῃσι
881 937 939 991 δὲ
977 939 1034 990 ὲν
1069 940 1136 1009 τῇ
1172 937 1487 1009 ἀκροπόλειν
1519 937 1824 1008 Κέκροπος’

231 1033 311 1096 ὧς
334 1050 501 1104 φησιν
541 1032 812 1101 Ἀντίοχος
836 1033 894 1084 ὲν
927 1029 1004 1100 τῷ
1033 1029 1237 1101 ὲννάτῳ
1261 1030 1370 1083 τῶν
1413 1030 1736 1100 Ἰστοριῶν.
1762 1033 1826 1085 Τί

229 1127 290 1181 δὲ
334 1124 707 1196 Ἐριχθόνιοςς
748 1123 870 1194 ούχὶ
901 1125 958 1176 ὲν
984 1122 1059 1194 τῷ
1082 1122 1195 1192 ναῷ
1224 1123 1325 1194 τῆς
1359 1123 1617 1187 Πολιάδος
1656 1126 1825 1195 κεκή-

227 1217 446 1281 δευται;
473 1218 739 1286 Ἴσμαρος
754 1214 869 1286 (95)
896 1214 953 1268 δὲ
982 1215 1269 1286 Εὐμόλπου
1327 1217 1420 1269 καὶ
1458 1217 1707 1284 Δαείρας,
1736 1218 1827 1271 οὐ·

224 1310 287 1380 χι
319 1311 379 1361 ἐν
520 1304 791 1376 περιϐόλῳ
840 1303 1165 1373 κεκήδευται
1197 1303 1297 1357 τοῦ
1336 1304 1686 1367 Ἐλευσινίου,
1729 1303 1824 1357 τοῦ

222 1400 335 1455 ὑπὸ
361 1403 430 1470 τῇ
458 1396 755 1470 ἀκροπόλει
778 1412 793 1461 ;
820 1398 875 1450 αἱ
905 1395 962 1449 δὲ
988 1394 1191 1449 Κελεοῦ
1226 1395 1529 1467 θυγατέρες
1558 1397 1616 1450 ἐν
1654 1395 1827 1449 Ἑλευο

223 1492 333 1543 σῖνι
359 1490 696 1558 τετάφαται;
747 1487 812 1540 Τί
843 1504 926 1539 σοι
954 1485 1240 1555 καταλέγω
1262 1486 1361 1550 τὰς
1400 1486 1462 1551 ἐξ
1492 1487 1822 1560 ὑπερϐορέου

221 1585 522 1651 γυναῖκας
568 1579 843 1651 Ὑπερόχη
888 1579 984 1632 καὶ
1032 1579 1267 1649 Λαοδίκη
1296 1578 1615 1651 κεκλῆσθον,
1648 1581 1706 1633 ἐν
1746 1578 1825 1650 τῷ

232 1670 568 1743 ’Δρτεμισίῳ
593 1673 652 1724 ὲν
673 1669 828 1742 Δήλῳ
850 1670 1231 1740 κεκήδευσθον·
1257 1671 1319 1723 τὸ
1346 1670 1402 1724 δὲ
1432 1671 1491 1724 ὲν
1519 1670 1597 1742 τῷ
1634 1671 1824 1725 Ἀπόλ-

217 1760 393 1825 λωνος
424 1761 522 1814 τοῦ
547 1760 742 1832 Δηλίου
765 1760 916 1814 ἐστὶν
942 1759 1090 1831 ἱερῷ.
1122 1759 1396 1833 Λέανδρος
1424 1761 1482 1815 δὲ
1503 1762 1823 1833 Κλεόμαχον

217 1855 280 1907 ὲν
299 1853 532 1924 Μιλήτῳ
552 1851 819 1921 τετάφθαι
848 1854 909 1905 ὲν
934 1851 1012 1922 τῷ
1034 1852 1309 1923 Διδυμαίῳ
1336 1852 1521 1925 φησίν.
1560 1853 1824 1908 Ἐνταῦθα

215 1942 323 2012 τῆς
342 1940 736 2013 Λευκοφρύνης
764 1942 824 1996 τὺ
844 1942 1032 2013 μνῆμα
1056 1942 1154 1996 οὐκ
1182 1942 1332 2007 ἄξιον
1356 1943 1665 2013 παρελθεῖν·
1694 1947 1822 1997 ἑπο-

219 2033 361 2105 μένη
386 2033 500 2104 (94)
542 2035 751 2104 Ζήνωνι
782 2032 862 2103 τῷ
894 2032 1133 2104 Μυνδίῳ,
1180 2035 1239 2087 ὲν
1272 2032 1352 2103 τῷ
1393 2033 1524 2105 ἱερῷ
1554 2034 1653 2105 τῆς
1699 2035 1823 2107 Ἀρ-

214 2122 443 2193 τέμιδος
477 2126 535 2177 ἐν
558 2126 855 2196 Μαγνησίᾳ
876 2126 1220 2197 κεκήδευται·
1252 2126 1373 2181 οὐδὲ
1403 2127 1508 2200 μὴν
1534 2128 1625 2184 τὸν
1656 2131 1714 2182 ἐν
1745 2129 1822 2200 τῷ

217 2215 513 2287 Τελμισσῷ
565 2216 657 2270 τοῦ
700 2218 1033 2282 Ἀπόλλωνος
1064 2218 1266 2289 βωμὸν,
1316 2219 1507 2319 μνῆμα
1554 2216 1692 2274 εἶναι
1727 2221 1820 2275 καὶ

212 2309 411 2363 τοῦτον
464 2309 814 2381 Τελμισσέως
843 2308 939 2363 τοῦ
981 2310 1226 2381 μάντεως
1281 2308 1573 2383 ἱστοροῦσι.
1617 2312 1818 2366 Πτολε-

216 2404 382 2473 μαῖος
406 2401 468 2455 δὲ
506 2402 534 2453 6
573 2401 667 2454 τοῦ
708 2402 1078 2472 Ἀγησάρχου,
1109 2403 1168 2454 ὲν
1205 2400 1282 2472 τῷ
1317 2400 1516 2473 πρώτῳ
1539 2402 1646 2456 τῶν
1675 2405 1816 2473 Περὶ

208 2496 326 2548 τὸν
354 2492 759 2562 Φιλοπάτορα,
794 2496 854 2547 ἐν
886 2493 1061 2563 Πάφῳ
1090 2492 1258 2562 λέγει,
1294 2496 1351 2548 ὲν
1383 2493 1462 2564 τῷ
1489 2495 1587 2566 τῆς
1633 2496 1818 2567 Ἀφρο-

207 2587 369 2658 δίτης
393 2585 547 2657 ἱερῷ,
591 2585 835 2657 Κινύραν
868 2602 927 2638 τε
960 2585 1054 2638 καὶ
1093 2587 1221 2649 τοὺς
1251 2585 1490 2657 Κινύρου
1514 2587 1817 2656 ἀπογόνους

209 2677 599 2749 κεκηδεῦσθαι.
654 2675 817 2729 Ἀλλὰ
858 2675 970 2747 γὰρ
1012 2676 1218 2730 ἐπιόντι
1254 2696 1344 2748 μοι
1394 2678 1522 2742 τοὺς
1573 2695 1815 2751 προσκυ-

208 2769 513 2840 νουμένους
544 2770 676 2839 ὑμῖν
704 2768 929 2836 τάφους,
964 2768 1088 2839 ἐμοὶ
1126 2770 1224 2840 μὲν
1265 2770 1387 2824 οὐδὲ
1412 2770 1440 2821 6
1472 2771 1578 2835 πᾶς
1619 2769 1686 2824 ἂν
1717 2771 1816 2840 ἀρ·-

206 2863 374 2916 κέσαι
398 2861 614 2933 χρόνος·
641 2862 786 2931 ὑμᾶς
807 2861 863 2914 δὲ
888 2863 937 2914 εἰ
962 2860 1037 2931 μὴ
1064 2861 1450 2932 ύπεισέρχεταί
1473 2879 1557 2927 τις
1583 2863 1813 2933 αἰσχύνη

204 2959 319 3012 τῶν
360 2959 751 3030 τολμημάτων,
790 2960 976 3031 νεκροὶ
1023 2957 1133 3030 ἄρα
1160 2958 1361 3021 τελέως
1409 2960 1620 3028 νεκροῖς
1653 2974 1813 3010 πεπι-

1934 478 2148 543 ticitur,
2182 479 2533 535 hecatombas
2563 480 2841 537 sacrificat
2862 525 2877 546 ,
2916 485 3193 544 solemnes
3221 506 3520 554 conventus

1932 567 2190 637 instituit,
2211 570 2371 638 erigit
2396 569 2715 638 simulacra,
2737 574 2936 644 templa
2972 577 3349 648 mdiiicat;sed
3376 602 3520 657 quae,
3544 564 3552 571 ⁸

1934 662 2054 729 (nec
2086 663 2231 717 enim
2265 662 2317 717 id
2341 678 2560 733 quoque
2585 664 2971 733 dissimulabo,
3009 672 3102 726 sed
3134 675 3319 743 potius
3348 683 3518 736 mani-

1931 751 2068 806 feste
2111 752 2454 825 coarguam),
2504 754 2739 810 honesto
2786 759 3007 828 quidem
3058 766 3386 834 templorum
3422 789 3518 827 no-

1931 842 2077 897 mine
2105 843 2451 899 celebrantur
2473 888 2487 912 ,
2525 855 2782 901 caeterum
2811 849 2960 905 aliud
2986 852 3122 908 nihil
3158 855 3311 914 fuere
3354 876 3518 931 quam

1930 933 2200 1024 sepulcra,
2235 936 2437 1005 quibus
2489 936 2749 1009 deinceps
2799 938 2942 996 hanc
2976 946 3300 1015 templorum
3334 956 3518 1024 appel-

1927 1022 2187 1080 lationem
2221 1026 2484 1083 indidere.
2532 1027 2639 1085 Vos
2666 1047 2830 1103 ergo,
2877 1050 3024 1092 nunc
3072 1039 3261 1095 saltem
3295 1022 3517 1116 impiam

1928 1117 2375 1186 superstitionem
2404 1120 2686 1187 dediscite,
2719 1125 2803 1179 vel
2832 1126 2933 1181 hac
2975 1132 3313 1190 tumulorum
3338 1140 3518 1196 cultus

1929 1208 2253 1280 indignitate
2301 1213 2562 1267 revocati.
2605 1212 2878 1283 Larissae,
2922 1221 2975 1273 in
3002 1220 3260 1281 Minerva:
3291 1233 3513 1300 templo,

1926 1302 2072 1370 quod
2096 1316 2310 1358 summa
2341 1303 2393 1358 in
2423 1320 2551 1360 arce
2582 1306 2804 1376 visitur,
2836 1309 3031 1368 Acrisii
3064 1318 3376 1385 sepulcrum
3399 1334 3512 1387 est;

1926 1391 2155 1448 Athenis
2187 1403 2366 1449 autem
2402 1397 2455 1450 in
2487 1395 2605 1466 ipsa
2636 1400 2845 1467 pariter
2891 1401 3180 1476 Acropoli,
3228 1409 3513 1483 Cecropis,

1928 1495 1988 1539 ut
2018 1483 2323 1541 Antiochus
2357 1486 2724 1543 Historiarum
2773 1508 2920 1548 nono
2962 1497 3227 1567 scriptum
3269 1503 3509 1576 reliquit.

1926 1574 2066 1642 Quid
2098 1591 2262 1646 porro
2286 1575 2675 1637 Erichthonius
2695 1581 2717 1634 ?
2736 1579 2928 1640 Nonne
2960 1586 3014 1640 in
3044 1586 3285 1647 Poliadis
3312 1574 3514 1665 templo

1926 1669 2170 1739 sepultus
2191 1670 2310 1723 est?
2346 1668 2535 1726 Nonne
2561 1671 2803 1731 Ismarus
2832 1675 3083 1751 Eumolpi
3131 1681 3418 1758 Dairaaque
3450 1690 3512 1744 ti-

1928 1759 2055 1823 lius,
2105 1759 2159 1814 in
2207 1759 2473 1815 Eleusinii
2503 1765 2694 1832 septis,
2729 1768 2876 1836 quod
2905 1771 3010 1826 sub
3038 1787 3223 1830 arcem
3257 1791 3511 1834 constru-

1925 1862 2073 1905 ctum
2121 1852 2237 1907 est?
2289 1869 2471 1909 nonne
2510 1854 2655 1911 Celei
2705 1859 2865 1927 tiliae,
2912 1859 3171 1921 Eleusine
3218 1870 3513 1939 sepultura:

1925 1944 2192 1999 mandatae
2221 1945 2393 1999 sunt?
2427 1944 2563 2001 Nam
2594 1949 2725 2018 quid
2778 1949 3160 2023 Hyperboreas
3186 1958 3284 2015 tibi
3316 1965 3514 2019 mulie-

1924 2049 2014 2089 res
2058 2049 2485 2092 commcmorem
2510 2039 2534 2093 ?
2565 2038 2697 2096 Duaz
2721 2056 2884 2110 sane,
2932 2060 3167 2115 quarum
3201 2050 3371 2108 altera
3400 2054 3509 2127 Hy-

1921 2125 2157 2194 peroche
2182 2168 2198 2193 ,
2233 2125 2470 2185 Laodice
2502 2131 2671 2186 altera
2702 2134 3006 2191 vocabatur
3030 2179 3045 2204 ,
3098 2139 3155 2195 in
3187 2141 3374 2200 Dianae
3419 2125 3508 2202 sa-

1920 2216 2096 2309 cello,
2152 2219 2298 2289 quod
2343 2221 2395 2275 in
2446 2222 2625 2279 insula
2655 2223 2789 2281 Delo
2816 2228 3084 2298 Apollinis
3124 2231 3260 2291 Delii
3307 2241 3509 2309 templo

1919 2307 2251 2377 continetur,
2286 2313 2512 2382 sepultae
2560 2325 2709 2371 sunt.
2752 2315 3000 2376 Leander
3030 2331 3212 2379 autem
3257 2307 3511 2384 Cleoma-

1918 2401 2080 2455 chum
2112 2400 2314 2470 Mileti,
2357 2404 2410 2457 in
2440 2405 2709 2475 Apollinis
2759 2406 3024 2481 Didymaei
3075 2414 3275 2484 templo
3318 2420 3511 2473 condi-

1919 2501 2032 2546 tum
2060 2508 2181 2549 esse
2214 2504 2464 2551 testatur.
2511 2495 2700 2569 Neque
2746 2515 2878 2556 vero
2924 2518 3143 2574 aequum
3188 2505 3354 2564 fuerit
3401 2511 3509 2566 hoc

1917 2582 2357 2654 10t20przcterire,
2403 2597 2500 2642 aut
2545 2586 2968 2663 Leucophrynes
3000 2594 3146 2652 illius
3194 2602 3508 2658 monimen-

1917 2683 2029 2729 tum
2051 2715 2067 2740 ,
2115 2690 2267 2745 quas,
2316 2678 2362 2732 si
2406 2677 2679 2734 Zenonem
2711 2680 2990 2753 Myndium
3024 2702 3353 2758 sequamur,
3388 2693 3505 2750 Ma-

1915 2766 2116 2837 gnesia:
2140 2767 2193 2821 in
2238 2766 2423 2824 Diana:
2464 2771 2666 2841 templo
2707 2774 2916 2843 sepulta
2958 2786 3073 2845 est;
3122 2793 3217 2836 aut
3248 2780 3505 2842 Telmissi

1913 2867 2149 2945 erectam
2191 2859 2463 2931 Apollinis
2493 2877 2667 2930 aram,
2694 2867 2840 2934 quod
2899 2866 3183 2928 Telmissis
3216 2875 3503 2945 cujusdam

1912 2931 2053 3008 vaﬁs
2074 2964 2493 3008 monumentum
2528 2970 2651 3011 esse
2675 2957 2918 3016 historiae
2946 2931 3321 3031 prodiderunt.
3357 2966 3502 3035 Quin

207 3051 506 3114 στευκότες
554 3049 933 3122 περιέρχεσθε·
962 3048 1008 3103 ὣ
1048 3049 1234 3114 δειλοὶ,
1264 3050 1317 3103 τί
1352 3050 1521 3104 κακὸν
1564 3048 1679 3101 τόδε
1713 3048 1813 3101 πά-

1917 3045 2082 3100 etiam
2113 3044 2444 3102 Ptolemaeus
2464 3089 2479 3113 ,
2514 3048 2811 3118 Agesarchi
2845 3052 3012 3118 (ilius,
3042 3057 3318 3114 volumine
3344 3076 3415 3114 ex.
3432 3061 3503 3118 iis

205 3161 411 3214 σχετε;
450 3165 470 3195 ι
497 3144 612 3198 Καὶ
661 3143 778 3214 μετ’
810 3143 967 3210 ὀλίγα
999 3143 1149 3213 φησί·
1185 3161 1205 3193 ι
1243 3143 1443 3197 Καινὸν
1474 3142 1531 3196 δὲ
1567 3141 1723 3196 ἄλλον
1753 3143 1812 3195 ἐν

201 3238 500 3307 Αἰγύπτῳ,
550 3236 730 3304 ὀλίγου
770 3236 881 3289 δεῖν
911 3235 1007 3288 καὶ
1046 3237 1175 3305 παρ’
1211 3235 1461 3306 Ἕλλησι,
1498 3233 1811 3305 σεϐασμίως

200 3329 465 3382 τεθείακε
503 3328 624 3383 θεὸν
664 3330 692 3381 6
746 3327 1001 3398 βασιλεὺς
1050 3327 1357 3398 Ῥωμαίων,
1401 3327 1491 3379 τὸν
1533 3327 1811 3398 ἐρώμενον

199 3421 549 3492 ὡραιότατον
606 3420 808 3491 σφόδρα
852 3420 1144 3490 γενόμενον
1186 3419 1484 3472 Ἀντίνοον·
1514 3419 1810 3491 ἀνιέρωσεν

194 3510 381 3577 οὗτος,
412 3513 495 3575 ὡς
531 3512 849 3584 Γανυμήδην
879 3513 909 3564 6
957 3513 1113 3577 Ζεύς.
1144 3513 1219 3564 Οὐ
1266 3510 1375 3582 γάρ
1407 3511 1675 3565 κωλύεται
1712 3514 1810 3584 ῥᾳ-

194 3604 329 3668 δίως
353 3604 652 3675 ἐπιθυμία,
678 3604 840 3675 φόϐον
861 3607 960 3659 οὐκ
976 3605 1191 3677 ἔχουσα,
1215 3604 1520 3669 καὶνύκτας
1543 3607 1694 3677 ἱερὰς
1709 3605 1807 3670 τὰς

209 3698 494 3751 ’Δντινόου
536 3697 931 3768 προσκυνοῦσιν
977 3696 1253 3768 ἄνθρωποι
1297 3696 1414 3759 νῦν,
1464 3696 1532 3761 ἃς
1576 3698 1808 3769 αἰσχρὰς

190 3790 478 3860 ἠπίστατο
496 3790 528 3842 6
554 3790 1010 3861 συναγρυπνήσας
1029 3791 1283 3861 ἐραστής.
1322 3809 1341 3841 ι
1364 3789 1606 3857 Ἐπάγει·
1632 3810 1649 3839 ι
1668 3790 1804 3860 Ἤδη

193 3882 251 3937 δὲ
276 3886 306 3937 6
331 3882 517 3952 τάφος
546 3881 643 3935 τοῦ
674 3882 974 3952 ἐρωμένου,
1016 3880 1153 3945 νεὼς
1193 3884 1342 3936 ἐστιν
1388 3882 1681 3945 Ἀντινόου,
1712 3882 1807 3934 καὶ

196 3973 378 4037 πόλις.
414 3970 695 4042 Καθάπερ
726 3970 856 4042 γὰρ,
886 3965 1061 4041 οἶμαι,
1100 3972 1150 4024 οί
1175 3972 1315 4036 ναοὶ,
1343 3971 1485 4025 οὕτω
1516 3974 1612 4026 καὶ
1637 3973 1687 4025 οἱ
1710 3973 1806 4025 τά·

196 4082 285 4133 φοι
313 4063 727 4133 θαυμάζονται,
774 4061 1096 4133 πυραμίδες,
1131 4063 1226 4117 καὶ
1273 4063 1557 4132 μαυσῶλα,
1591 4064 1685 4117 καὶ
1718 4065 1808 4118 λα-

195 4153 469 4225 ϐύρινθοι,
506 4152 661 4207 ἄλλοι
679 4152 798 4205 ναοὶ
818 4151 928 4205 τῶν
952 4152 1179 4222 νεκρῶν,
1200 4153 1276 4216 ὡς
1298 4156 1495 4207 ἐκεῖνοι
1516 4158 1675 4223 τάφοι
1697 4153 1807 4207 τῶν

197 4246 355 4300 θεῶν.
408 4266 430 4299 s
486 4246 606 4299 Καὶ
649 4243 808 4298 πάλιν
847 4245 965 4313 μετ’
998 4242 1155 4311 ὀλίγα
1203 4244 1339 4315 (95)·
1373 4264 1391 4296 ι
1438 4244 1540 4298 Ἴθι
1594 4244 1679 4316 δὴ,
1713 4246 1806 4299 καὶ

197 4340 317 4403 τοὺς
347 4337 583 4405 ἀγῶνας
614 4336 674 4389 ὲν
704 4335 896 4407 βραχεῖ
924 4335 1384 4406 περιοδεύσωμεν,
1417 4338 1512 4390 καὶ
1540 4337 1638 4401 τὰς
1685 4339 1807 4391 ἐπι-

1915 3138 2130 3207 primo,
2164 3153 2287 3208 qua:
2317 3137 2381 3192 de
2414 3137 2729 3210 P/tilopalre
2766 3142 3021 3214 scripsit,
3061 3156 3249 3202 auctor
3292 3160 3409 3216 est,
3446 3152 3500 3206 in

1915 3228 2094 3283 insula
2124 3226 2312 3298 Papho
2334 3228 2592 3301 Cinyram
2625 3247 2689 3287 ac
2732 3232 2947 3305 Cinyra:
2994 3247 3244 3307 posteros
3266 3279 3280 3304 ,
3310 3240 3364 3293 in
3395 3238 3502 3296 Ve-

1914 3321 2060 3376 neris
2080 3323 2281 3392 templo
2302 3323 2550 3379 conditos
2573 3325 2762 3382 fuisse.
2784 3328 2889 3397 72
2912 3329 2981 3383 At
3001 3329 3144 3384 enim
3171 3340 3384 3402 tempus
3411 3350 3501 3390 me

1912 3413 2148 3481 deﬁciat,
2182 3414 2228 3469 si
2257 3418 2497 3472 tumulos
2524 3433 2739 3481 omnes,
2774 3421 2975 3487 quibus
3008 3420 3225 3476 divinos
3260 3423 3500 3481 Ιιοηοτιε

1913 3505 2484 3570 tribuitis,recensere
2512 3510 2673 3564 velim
2714 3528 2726 3563 :
2765 3526 2863 3565 vos
2900 3520 3108 3579 autem,
3136 3514 3190 3568 ni
3228 3516 3499 3573 scelerum

1911 3597 2142 3653 istorum
2170 3601 2348 3669 pudor
2374 3616 2473 3656 vos
2501 3601 2703 3672 aliquis
2735 3604 2972 3673 ceperit,
3004 3603 3077 3660 ite
3109 3621 3275 3675 porro
3295 3646 3313 3674 ,
3341 3624 3498 3666 vere-

1910 3705 2017 3760 que
2040 3691 2281 3758 mortui,
2313 3706 2438 3747 cum
2464 3700 2698 3747 vestram
2731 3693 2787 3747 in
2828 3694 3141 3751 hominibus
3165 3700 3399 3756 mortuis
3433 3702 3498 3757 ii-

1908 3782 2126 3837 duciam
2169 3784 2483 3853 collocetis,
2518 3787 2724 3857 passim
2773 3786 2883 3842 huc
2917 3786 3153 3859 illucque
3195 3792 3491 3862 vagamini.

1907 3871 1953 3929 Ο
1984 3874 2203 3929 miseri!
2240 3876 2370 3941 quid
2398 3884 2613 3932 tantum
2651 3877 2780 3933 mali
2811 3881 3286 3951 sustinerejuvat!
3322 3902 3342 3936 ι
3370 3883 3496 3941 Haec

1908 3968 1998 4022 ille
2030 3987 2043 4022 :
2073 3969 2370 4040 paucisque
2402 3969 2765 4040 interjectisu
2787 3968 3001 4027 Novum
3029 3973 3157 4029 item
3189 3975 3379 4043 alium,
3411 3978 3496 4031 in-

1907 4061 2047 4129 quit,
2074 4059 2357 4118 Romanus
2384 4060 2686 4132 Imperator
2710 4061 2764 4116 in
2792 4060 3049 4134 Egypto,
3083 4074 3246 4136 atque
3272 4068 3409 4122 adeo
3438 4068 3493 4124 in

1910 4153 2024 4223 ipsa
2053 4170 2191 4224 pene
2212 4153 2443 4221 Graecia,
2472 4154 2541 4209 ad
2566 4153 2863 4210 Numinum
2891 4157 3106 4231 turbam
3137 4174 3261 4214 cum
3292 4161 3493 4217 eximia

1907 4246 2171 4314 religione
2200 4246 2370 4302 Deum
2403 4251 2717 4319 aggregavit
2741 4249 3065 4315 Antinoum,
3101 4251 3196 4321 qui
3237 4252 3494 4321 pulcher-

1908 4335 2078 4390 rimos
2121 4336 2265 4392 inter
2306 4339 2682 4394 numerandus
2723 4349 2862 4406 erat,
2892 4340 3117 4396 delicias
3160 4356 3491 4412 amoresque

227 4429 463 4501 υμῦίους
486 4428 729 4482 ταυτασὶ
770 4424 1106 4497 πανηγύρεις
1141 4427 1553 4498 καταλύσωμεν,
1586 4428 1807 4500 Ἴσθμιά

1916 4442 2061 4495 suos,
2094 4443 2259 4498 quem
2290 4429 2425 4499 ipse,
2460 4430 2739 4500 quomodo
2791 4430 3161 4503 Ganymedem
3194 4443 3354 4488 antea
3384 4433 3486 4488 Ju-

202 4536 256 4574 τε
301 4521 403 4576 καὶ
434 4520 659 4591 Νέμεα,
689 4521 785 4573 καὶ
814 4519 1013 4584 Πύθια,
1037 4519 1133 4573 καὶ⁸
1151 4519 1220 4573 τὰ
1241 4520 1335 4574 ἐπὶ
1365 4520 1576 4584 τούτοις
1618 4519 1806 4591 Ὀλύμ-

208 4630 313 4668 tua.
346 4613 532 4668 Πυθοῖ
564 4613 667 4684 μὲν
695 4608 789 4667 οὖν
814 4615 845 4667 6
878 4614 1093 4686 δράκων
1126 4615 1156 4666 ό
1193 4613 1390 4676 Πύθιος
1421 4613 1801 4686 θρησκεύεται,

206 4709 289 4761 καὶ
315 4708 414 4761 τοῦ
470 4706 660 4776 ὄφεως
692 4707 727 4777 ἡ
769 4706 1076 4777 πανήγυρις
1125 4704 1552 4773 καταγγέλλεται
1601 4703 1797 4757 Πύθια.

214 4796 413 4870 Ἰσθμοῖ
424 4798 511 4860 δὲ,
533 4796 808 4850 σκύϐαλον
828 4796 1205 4868 προσέπτυσεν
1223 4794 1456 4847 ἐλεεινὸν
1481 4795 1514 4863 ἡ
1538 4792 1799 4856 θάλασσα,

205 4892 292 4946 ut
333 4889 699 4961 Μελικέρτην
754 4887 1007 4959 ὀδύρεται
1058 4888 1129 4940 τὰ
1173 4886 1412 4958 Ἴσθμια·
1450 4886 1699 4956 Νεμέασι
1745 4885 1802 4939 δὲ

204 4986 321 5040 illo
366 4983 593 5039 παιδίον
636 4982 971 5054 Ἀρχέμορος
1012 4980 1353 5051 κεκήδευται,
1389 4978 1484 5032 καὶ
1527 4977 1621 5031 τοῦ
1672 4996 1801 5031 παι-

206 5078 305 5132 θνου
318 5081 347 5133 6
370 5076 672 5145 ἐπιτάφιος
692 5072 1158 5146 προσαγορεύεται
1173 5072 1379 5143 Νέμεα.
1393 5070 1570 5124 Πίσσα
1593 5069 1637 5123 δ’
1653 5071 1802 5124 ἐστὶν

204 5169 259 5223 ἐν
278 5172 409 5241 ὑμῖν
458 5168 662 5236 τάφος,
696 5160 744 5219 ὦ
786 5165 1141 5235 Πανέλληνες,
1176 5164 1390 5235 ἡνιόχου
1428 5162 1658 5232 Φρυγὸς,
1707 5163 1801 5215 καὶ

206 5261 291 5316 τοῦ
322 5262 579 5324 Πέλοπος
619 5258 723 5321 τὰς
755 5257 909 5329 χοὰς,
946 5257 1013 5311 τὰ
1051 5256 1323 5327 Ὀλύμπια
1365 5252 1740 5325 σφετερίζεται
1771 5256 1800 5306 6

272 5461 383 5530 (ενδ)
426 5461 741 5530 Ἴσμαρος.
783 5454 953 5530 Clem.
988 5455 1145 5530 habet
1175 5456 1467 5530 Ἶμμαρος.

274 5523 383 5598 (94)
436 5523 770 5599 Ἐἐοιίιένψ
816 5525 1049 5599 Δ(Πρω,
1081 5523 1398 5599 ἑπομένους.
1459 5523 1801 5599 Longe_me-

206 5593 326 5656 lius.
362 5593 556 5671 itaque
586 5593 938 5671 vertendum
977 5598 1100 5671 erit,
1132 5593 1470 5671 si'Zeno‘nem
1516 5593 1797 5671 Mypdium

206 5663 475 5726 auctorem
497 5684 813 5740 srquamur.
842 5666 968 5740 Fuit
996 5667 1047 5740 is;
1070 5667 1461 5740 grammaticus
1485 5680 1549 5718 ex
1575 5663 1792 5740 Myndii,

206 5748 333 5798 urbe
348 5744 522 5799 Cariae
542 5734 886 5811 pervetusta.
906 5734 1164 5805 Stephani
1185 5734 1416 5791 Mutilat.
1433 5735 1487 5789 in
1510 5749 1641 5789 voce
1652 5734 1796 5789 Μύν-

475 5838 766 5900 Ρηιιοι..
808 5834 930 5895 Gn.
977 5828 1149 5893 XXI.

1908 4517 2086 4587 piter,
2141 4520 2507 4574 consecravit.
2551 4518 2662 4575 Nec
2703 4520 2849 4575 enim
2893 4520 3159 4591 cupiditas
3180 4537 3242 4578 ea
3268 4523 3487 4578 modum

1904 4608 2062 4664 facile
2110 4616 2296 4665 tenere
2344 4620 2554 4680 potest,
2608 4628 2732 4683 quae
2780 4613 2933 4668 nullo
2985 4625 3132 4670 metu
3180 4614 3486 4673 cohibetur.
3542 4640 3547 4645 η

1903 4700 2092 4770 Itaque
2132 4716 2302 4757 sacrae
2348 4701 2572 4758 Antinoi
2624 4713 2814 4761 noctes
2860 4705 2931 4761 ab
2979 4705 3296 4761 hominibus
3325 4706 3490 4762 hodie

1902 4792 2053 4847 cultu
2073 4791 2260 4847 divino
2291 4793 2637 4849 celebrantur
2657 4835 2673 4859 ,
2725 4810 2959 4865 quarum
2995 4796 3349 4866 turpitudinis
3382 4796 3487 4850 sihi

1903 4895 2119 4943 amator
2148 4889 2266 4957 ipse
2293 4889 2551 4944 conscius
2572 4898 2709 4956 erat,
2742 4891 2837 4959 qui
2876 4906 2969 4946 eas
2996 4906 3120 4946 cum
3150 4905 3322 4961 puero
3350 4889 3487 4958 vigi—

1902 4980 2062 5034 larat.
2097 4999 2116 5032 ι
2144 4979 2283 5035 Tum
2309 4981 2494 5036 subdit
2519 5000 2532 5036 :
2563 5001 2581 5033 ι
2612 4979 2770 5038 Nunc
2793 4998 2924 5038 vero
2948 4984 3191 5039 catamiti
3218 4982 3381 5052 hujus
3407 4998 3489 5037 se-

1902 5074 2150 5143 pulcrum
2178 5115 2193 5139 ,
2228 5072 2450 5127 Antinoi
2497 5074 2757 5144 templum
2804 5082 2859 5131 et
2894 5071 3151 5147 oppidum
3177 5083 3283 5129 est.
3323 5071 3482 5128 Enim

1901 5180 2064 5232 vero,
2101 5164 2303 5229 simili,
2338 5164 2568 5234 Opinor,
2623 5165 2821 5235 templa
2853 5166 3214 5236 sepulcraque
3247 5164 3485 5218 admira-

1904 5257 2050 5312 tione
2076 5266 2483 5326 prosequuntur
2523 5274 2536 5310 :
2573 5257 2884 5329 pyramides
2908 5257 3107 5328 quippe
3134 5297 3149 5322 ,
3183 5255 3481 5318 mausolea,

1904 5456 2015 5579 δοῖ,
2050 5453 2540 5522 εἱι,Ἀπολλώνιος,
2570 5454 2664 5508 καί
2692 5454 2875 5526 Ζήνων
2908 5450 3131 5506 Μύνδιοι
3164 5465 3485 5521 γραμματι-

1904 5544 1965 5579 κο
1994 5567 2007 5579 .

1900 5544 2007 5580 κοι.

1973 5618 2082 5689 (95)
2121 5619 2258 5673 Μετ’
2288 5618 2478 5686 ὀλίγα.
2524 5615 2635 5669 lino
2661 5630 2791 5689 sane
2821 5615 2928 5689 πρὸ
2952 5613 3182 5689 πολλῶν,
3214 5627 3484 5689 namquie

1898 5684 2205 5760 sequuntur
2241 5684 2527 5754 habentur,
2563 5701 2615 5756 p.
2650 5685 2718 5739 16
2742 5684 2804 5751 C,
2833 5684 3005 5741 Clem.
3032 5684 3443 5740 Graeco—Latini.

3049 5822 3086 5883 5
