3832 6216
227 267 243 286 ’
281 265 413 334 ’119

947 273 1753 354 EUSEBILCJESARIENSIS
1789 282 1938 340 OPP.
1983 281 2164 340 PARS
2201 282 2260 336 ll.
2290 313 2359 325 —
2391 279 2890 338 APOLOGETICA.

3487 275 3588 334 I99

301 411 434 455 num
464 437 480 462 ,
529 396 782 468 filiasque
813 399 1037 456 totidem
1065 441 1080 466 ,
1114 400 1322 458 Rheam
1369 418 1434 458 ac
1471 402 1746 460 Cererem.
1780 404 1886 474 lpsi

1997 405 2174 472 τόμως
2217 395 2878 472 ἑπιδραμεῖν.»Εἷθ’ἑξῆς
2925 397 3282 452 ἐπισυνάπτει
3327 397 3428 460 τὰς
3474 394 3586 449 τῶν

303 500 434 540 vero
465 485 766 541 Sat‘urnum
815 488 870 543 in
901 505 1130 561 regnum
1184 493 1518 550 successisse
1546 535 1560 560 ,
1593 495 1687 564 qui
1735 495 1886 549 Rhea

302 591 488 631 secum
524 588 645 634 toro
668 579 860 649 juncta
887 579 1073 637 Jovem
1096 623 1112 650 ,
1142 581 1412 639 Junonem
1435 626 1450 649 ,
1482 601 1548 640 ac
1576 584 1886 656 Neptunum

304 670 625 736 procreat-it.
679 669 866 726 Jovem
927 683 1107 729 autem
1139 715 1154 738 ,
1212 692 1336 731 cum
1389 677 1612 736 Saturni
1661 695 1886 750 regnum

303 761 655 817 lia-reditario
681 764 807 834 jure
856 769 1196 839 accepisset,
1241 785 1440 827 uxores
1471 772 1695 828 duxisse
1734 781 1847 828 tres
1871 812 1885 837 ,

300 853 571 910 Iunonem
599 897 615 921 ,
645 844 924 913 Cererem
949 902 964 926 ,
1015 877 1080 915 ac
1115 861 1433 917 Themidem
1469 904 1483 932 ,
1545 878 1776 933 quarum
1821 877 1889 916 ex

303 947 481 1016 prima
513 947 765 1015 Curetas,
797 950 1182 1023 Proserpinam
1213 970 1277 1009 ex
1317 956 1555 1014 secunda
1576 996 1591 1025 ,
1630 972 1694 1011 ex
1733 956 1888 1011 tertia

302 1039 540 1109 denique
571 1041 847 1098 Palladem
900 1046 1224 1116 susceperit.
1277 1050 1337 1101 In
1387 1047 1715 1120 Babylonem
1761 1064 1887 1104 cum

301 1131 560 1196 venisset,
608 1133 850 1202 hospitio
892 1135 1004 1190 Beli
1040 1153 1202 1192 usum
1243 1154 1404 1206 esse,
1453 1139 1687 1210 indeque
1725 1141 1890 1195 simul

301 1235 366 1273 ac
415 1222 652 1278 insulam
699 1224 1023 1282 Panchazam
1059 1228 1276 1284 Oceano
1317 1232 1626 1300 proximam
1675 1232 1889 1288 delatus

303 1312 516 1382 fuisset,
555 1332 708 1371 aram
743 1317 1087 1391 leo.cujus
1124 1337 1293 1394 nepos
1333 1331 1474 1388 erat,
1506 1338 1718 1378 sacram
1767 1339 1889 1380 ere-

302 1407 486 1462 xisse:
517 1417 683 1479 atque
730 1411 859 1472 hinc
902 1428 1000 1482 per
1041 1413 1253 1485 Syriam
1307 1415 1372 1469 ad
1417 1414 1666 1476 Cassium
1698 1431 1890 1488 quem-

302 1497 450 1562 dam,
484 1512 517 1554 a
548 1515 658 1568 quo
687 1517 846 1557 mons
892 1504 1118 1559 Cassius
1149 1519 1350 1560 nomen
1392 1506 1698 1575 acceperit,
1743 1506 1892 1575 ejus-

302 1589 425 1642 dem
447 1591 544 1644 aevi
576 1591 876 1664 principem
900 1610 1019 1650 sese
1049 1597 1348 1652 contulisse
1378 1617 1390 1651 :
1420 1613 1545 1652 mox
1573 1599 1627 1652 in
1641 1598 1888 1666 Ciliciam

302 1690 522 1737 ventum
537 1697 659 1737 cum
675 1695 840 1755 esset,
862 1686 1000 1740 bello
1013 1686 1235 1758 Cilicem
1250 1689 1565 1758 tuparcham
1581 1705 1890 1762 superasse;

1998 490 2236 563 ποιητῶν
2276 489 2622 562 μυθολογίας.
2663 489 2824 543 Ἀλλὰ
2875 487 2984 559 γὰρ
3033 486 3271 548 τοσαῦτα
3327 489 3421 540 καὶ
3475 485 3587 541 ἀπὸ

1994 583 2092 653 τῆς
2139 581 2407 652 Ἑλλήνων
2463 580 2742 649 θεολογίας
2794 578 3160 651 ἀποχρώντως
3209 580 3343 649 ἡμῖν
3389 579 3588 630 ἀποτε-

1992 674 2238 747 τμήσθω.
2292 667 2387 738 Οἷς
2433 672 2652 741 εὔλογον
2699 671 3032 741 ἐπισυνάψαι
3074 671 3182 724 τῶν
3220 670 3398 724 αὐτῶν
3445 668 3586 722 θεῶν

1993 767 2091 830 τὰς
2129 768 2187 820 ὲν
2218 769 2332 830 τοίς
2372 765 2585 830 ἀδύτοις
2618 764 2859 837 τελετὰς,
2905 765 3000 817 καὶ
3045 763 3114 818 τὰ
3160 763 3450 836 ἀπόρρητα
3480 778 3585 832 μυ-

1995 861 2220 934 στήρια’
2259 858 2564 928 σκέψασθαι
2588 876 2646 912 τε
2679 858 2906 930 πότερον
2936 856 3087 920 θείας
3114 856 3187 920 ὡς
3219 855 3435 926 ἀληθῶς
3468 854 3587 908 θεο-

1993 951 2181 1020 λογίας
2230 950 2462 1022 ὲχούσας
2513 968 2566 1004 τι
2620 950 2921 1023 θεοπρεπὲς
2971 950 3169 1020 δεῖγμα
3222 949 3497 1019 φέρουσιν,
3547 945 3583 1018 ἢ

1994 1043 2237 1101 κάτωθέν
2282 1044 2444 1102 ποθεν
2481 1045 2699 1116 μακρᾶς
2745 1045 2839 1098 καὶ
2878 1044 3198 1114 δαιμονικῆς
3244 1041 3452 1111 πλάνης
3492 1041 3588 1108 ὀρ-

1998 1132 2227 1202 μῶνται,
2263 1133 2500 1202 γέλωτος
2531 1135 2563 1206 ἢ
2606 1136 2700 1187 καὶ
2741 1134 2939 1205 μᾶλλον
2973 1133 3257 1203 αἰσχύνης,
3293 1129 3487 1201 μᾶλλον
3525 1128 3585 1181 δὲ

1991 1229 2106 1290 τοῖς
2150 1226 2230 1280 ἔτι
2259 1225 2661 1296 τυφλώττουσιν
2706 1227 2889 1279 οἴκτου
2933 1226 3061 1279 ὄντα
3099 1223 3242 1290 ἄξια.
3297 1222 3480 1276 Ταῦτα
3527 1220 3586 1273 δὲ

1994 1318 2226 1390 Κλήμης
2284 1321 2312 1371 ὁ
2353 1319 2655 1390 θαυμάσιος
2698 1320 2754 1371 ἐν
2799 1317 2896 1388 τῴξ
2931 1317 3068 1388 πρὸς
3110 1315 3379 1387 ’Έλληνας
3430 1316 3585 1382 Προ-

1994 1409 2284 1479 τρεπτικῷ
2321 1410 2616 1482 διαρρήδην
2677 1410 3028 1473 ὲκκαλύπτει,
3085 1409 3302 1463 πάντων
3365 1407 3462 1479 μὲν
3494 1405 3585 1460 διὰ

1996 1502 2190 1574 πείρας
2224 1501 2394 1556 ἐλθὼν
2426 1503 2588 1574 ἀνὴρ,
2621 1502 2812 1556 θᾶττόν
2841 1520 2906 1572 γε
2944 1503 3050 1573 μὴν
3078 1504 3176 1574 τῆς
3209 1501 3417 1573 πλάνης
3449 1501 3587 1555 ἀνα-

1995 1593 2209 1657 νεύσας,
2241 1593 2390 1652 ὼσάν
2441 1594 2578 1665 πρὸς
2614 1593 2707 1647 τοῦ
2739 1594 3008 1666 σωτηρίου
3037 1593 3216 1663 λόγου,
3247 1593 3340 1647 καὶ
3363 1591 3449 1646 διὰ
3480 1588 3588 1661 τῆς

1995 1687 2358 1757 εὐαΠελικῆς
2384 1686 2733 1752 διδασκαλίας
2768 1687 2878 1750 τῶν
2923 1687 3110 1756 κακῶν
3155 1685 3582 1758 λελυτρωμένος.

302 1770 537 1842 denique
560 1774 627 1828 ab
650 1776 908 1830 omnibus
932 1778 1205 1849 gentibus,
1233 1793 1372 1847 quas
1395 1779 1484 1834 ille
1513 1780 1779 1848 plurimas
1802 1781 1890 1834 ob-

1997 1779 2211 1850 Βραχέα
2242 1780 2286 1832 δ’
2317 1775 2410 1833 οὖν
2439 1780 2534 1832 καὶ
2557 1779 2763 1834 τούτων
2796 1781 3120 1834 ἐπάκουσον.

302 1863 492 1932 iisset,
538 1865 777 1922 honores
824 1879 1178 1924 consecutum
1212 1871 1486 1941 deumque
1526 1873 1896 1927 renuntiatum
1933 1870 2122 1926 fuisse.
2156 1890 2174 1922 ι
2207 1869 2332 1927 Haec
2355 1870 2622 1927 Diodorus
2643 1871 2857 1943 aliaque
2880 1875 2966 1929 his
3017 1873 3217 1930 similia
3233 1873 3300 1928 de
3345 1869 3586 1926 numiui-

301 1961 406 2017 bus
432 1961 514 2018 sic
532 1969 794 2034 tanquam
822 1965 889 2030 de
921 1965 1235 2022 hominibus
1279 1968 1441 2041 morti
1463 1967 1715 2024 obnoxiis
1763 1967 1856 2023 ubi
1896 1966 2212 2037 disputavit,
2239 1967 2313 2021 ita
2348 1965 2982 2040 proseqttitur:61rAd
3006 1965 3325 2020 Evemerum
3359 1963 3583 2034 quidem

301 2055 448 2124 quod
471 2057 684 2122 attinet,
713 2058 804 2126 qui
831 2074 1043 2114 sacram
1076 2061 1405 2131 conscripsit
1442 2061 1752 2127 historiam,
1778 2063 1895 2118 haac
1926 2063 1995 2117 ab
2019 2063 2111 2132 illo
2152 2070 2435 2116 mutuatos
2463 2075 2562 2115 nos
2582 2075 2705 2116 esse
2724 2058 2986 2116 suiliciat:
3027 2058 3306 2127 deinceps,
3353 2071 3492 2126 quas
3517 2054 3585 2109 de

303 2159 494 2203 natura
518 2151 742 2207 deorum
786 2152 957 2208 Graeci
983 2154 1195 2210 fabulas
1237 2164 1617 2227 vulgaverunt,
1644 2155 1890 2219 Hesiodi.
1933 2157 2152 2221 Homeri
2171 2157 2484 2228 Orpheique
2536 2155 2777 2225 vestigiis
2811 2155 3146 2217 insistentes,
3175 2151 3404 2220 carptim
3431 2163 3584 2202 sum-

301 2248 603 2319 matimque
616 2250 984 2321 perstringere
1002 2252 1349 2317 conabimur.
1380 2259 1540 2311 iTum
1562 2257 1928 2326 superioribus
1947 2256 2054 2312 illis
2076 2253 2392 2323 Graecorum
2419 2261 2706 2323 poetarum
2753 2250 3002 2305 fictiones
3053 2249 3264 2314 auexit.
3302 2245 3408 2301 Sed
3434 2245 3583 2300 enim

302 2339 408 2394 ista
455 2340 618 2396 nobis
657 2339 972 2396 Graecorum
1031 2343 1316 2415 theologiae
1365 2345 1526 2414 quasi
1597 2344 1904 2416 fragmenta
1959 2329 2092 2400 satis
2142 2355 2323 2411 erunt,
2386 2345 2588 2417 quibus
2639 2351 3008 2414 opportunum
3062 2342 3252 2411 utique
3287 2338 3450 2394 fuerit
3491 2352 3585 2392 so-

302 2437 511 2503 lemnes
551 2439 868 2492 eorumdem
908 2439 1192 2494 numinum
1231 2441 1285 2494 in
1328 2442 1655 2512 templorum
1701 2441 1878 2512 adytis
1941 2441 2190 2504 initiandi
2237 2442 2394 2506 ritus,
2433 2457 2746 2511 arcanaque
2799 2438 3188 2515 mysteriorum
3224 2449 3382 2506 sacra
3447 2431 3585 2486 sub-

298 2533 553 2603 jungere,
590 2548 655 2601 ac
701 2534 987 2605 diligenter
1035 2536 1200 2590 simul
1234 2536 1438 2601 videre,
1479 2553 1609 2592 num
1662 2553 1791 2592 vere
1851 2538 2066 2593 divinas
2131 2539 2209 2602 illi
2254 2538 2544 2602 numinum
2610 2537 2874 2602 rationes,
2919 2534 3140 2604 Deoque
3197 2533 3419 2603 dignum
3480 2527 3584 2582 ali-

300 2625 433 2694 quid
481 2626 792 2693 complcxas
836 2627 1128 2698 religiones
1189 2628 1447 2705 inferant,
1493 2648 1561 2684 an
1627 2639 1818 2685 contra
1867 2632 1936 2686 ab
1983 2631 2174 2688 inferis
2223 2633 2494 2688 excitatos
2539 2647 2756 2687 errores
2823 2646 2887 2686 ac
2935 2630 3244 2684 daemonum
3296 2623 3583 2679 fraudibus

301 2722 553 2792 dolisque
586 2722 852 2779 conﬂatos
917 2725 1234 2789 obtrudant,
1277 2741 1417 2799 quos
1457 2728 1622 2790 risus,
1686 2727 1798 2780 imo
1838 2728 2012 2797 pudor
2060 2744 2126 2782 ex
2175 2745 2358 2784 rerum
2405 2728 2730 2798 indignitate
2805 2734 3142 2790 contractus,
3225 2731 3319 2777 aut
3387 2734 3581 2778 eorum

300 2815 505 2894 potius,
543 2814 635 2884 qui
682 2824 833 2870 tanta
868 2817 1166 2881 etiamnum
1211 2819 1265 2882 in
1322 2820 1564 2876 caecitate
1601 2830 1912 2885 versantur,
1987 2823 2396 2877 commiseratio
2441 2822 2564 2894 jure
2615 2837 2680 2884 ac
2725 2821 2919 2874 merito
2951 2819 3204 2886 excipiat.
3253 2819 3429 2885 Atque
3479 2816 3585 2868 lio-

301 2921 424 2960 rum
481 2906 873 2976 turpitudinem
936 2908 1415 2988 admirabilis-ille
1471 2912 1757 2976 Clemens,
1815 2931 1880 2969 ea
1932 2931 2096 2986 quam
2136 2915 2203 2969 ad
2264 2915 2484 2969 Graecos
2535 2914 2721 2984 dirigit
2760 2912 3160 2977 Cohortalione,
3219 2909 3418 2964 nudam
3456 2923 3579 2961 om-

302 2997 569 3069 piumque
619 3000 970 3072 spectandam
1027 3004 1202 3057 oculis
1253 3007 1531 3075 proponit,
1577 3009 1779 3078 quippe
1825 3010 1920 3079 qui
1970 3025 2094 3063 cum
2165 3023 2358 3062 omnes
2393 3007 2614 3062 illorum
2661 3007 3017 3077 caeremonias
3056 3020 3152 3060 sua
3202 3003 3374 3072 ipsius
3416 3015 3582 3068 expe-

303 3093 500 3149 rientia
529 3093 867 3165 cognoverit,
899 3103 1015 3166 tum
1079 3097 1362 3179 celerrime
1389 3101 1458 3173 ab
1493 3100 1685 3156 infami
1744 3118 1934 3158 errore
1973 3111 2138 3173 caput
2199 3102 2476 3166 extulerit,
2519 3099 2671 3154 verbi
2722 3098 2981 3153 salutaris
3024 3106 3078 3151 et
3120 3093 3444 3163 evangelicae
3473 3092 3578 3148 do-

304 3184 497 3240 ctrinae
526 3184 581 3239 vi
609 3200 676 3239 ex
712 3193 792 3239 tot
833 3195 1224 3268 tantorumque
1257 3192 1526 3272 maiorum
1562 3195 1886 3268 contagione
1919 3195 2202 3250 liberatus.
2237 3191 2363 3248 Haec
2401 3201 2460 3247 tu
2502 3192 2669 3262 igitur
2700 3190 2889 3262 paucis
2927 3189 3088 3244 etiam
3125 3187 3329 3258 accipe.

924 3324 1158 3380 CAPUT
1197 3326 1284 3384 lll.

306 3415 642 3494 Arcanorum
698 3417 1079 3494 inium-uiuet
1118 3421 1470 3494 occultorum
1517 3427 1891 3494 mysteriorum

376 3486 648 3607 epitome,‘
675 3503 792 3565 qun:
849 3487 1221 3558 multiplicith
1265 3486 1482 3566 deerunt
1524 3486 1897 3564 superstitione,

379 3566 625 3607 contmen
656 3573 738 3607 ur.
1407 3573 1410 3576 ’

379 3566 738 3610 continentur.
1407 3573 1410 3576 ’

388 3667 408 3699 ι
437 3645 637 3712 Nolite,
666 3649 864 3729 inquit,
895 3649 1157 3705 scelerata
1193 3649 1468 3721 impiaque
1512 3655 1672 3726 adyta
1712 3658 1894 3728 curio-

309 3741 428 3796 sius
458 3741 767 3810 explorare,
805 3757 903 3796 nec
938 3742 1334 3825 profundorum
1364 3729 1648 3825 antrorum
1682 3751 1888 3818 hiatus,

309 3835 599 3905 praestigiis
647 3836 1019 3905 monstrisque
1074 3820 1282 3906 plenos,
1346 3848 1443 3898 aut
1474 3820 1891 3912 'Thesproteum

311 3929 561 3995 lebetem,
595 3939 689 3984 aut
732 3930 996 3996 tripodem
1031 3930 1359 3998 Cirrhaaum,
1394 3913 1489 3990 aut
1522 3915 1746 3991 anteum
1783 3937 1892 3994 Do-

308 4017 468 4073 donae
512 4019 937 4073 tintinnabulum
966 4039 980 4074 :
1007 4016 1364 4094 Gerandryon
1401 4033 1581 4078 autem
1619 4024 1751 4080 illud
1797 4009 1894 4081 de-

309 4111 474 4165 Sertis
516 4109 648 4163 olim
686 4111 738 4164 in
775 4111 958 4166 arenis
1002 4112 1230 4186 cultum,
1264 4115 1520 4182 quodque
1553 4115 1753 4186 ibidem
1798 4133 1891 4173 ce-

310 4200 627 4256 lebrabatur
679 4203 984 4269 oraculum,
1015 4204 1128 4273 jam
1175 4221 1304 4261 vero
1349 4222 1473 4260 cum
1525 4207 1640 4276 ipsa
1685 4225 1892 4281 quercu

313 4306 540 4360 prorsus
587 4295 875 4358 emarcuit,
925 4295 1164 4351 rancidis
1215 4311 1279 4349 ac
1324 4305 1597 4353 vetustate
1639 4300 1893 4358 contritis

313 4384 516 4438 fabulis
547 4385 855 4454 relinquite.
892 4384 1206 4445 Enimvero.
1245 4385 1397 4441 siluit
1432 4387 1621 4458 utique
1651 4387 1775 4443 fons
1803 4373 1895 4445 ille

312 4473 612 4539 Castalius,
657 4477 811 4531 siluit
844 4475 1219 4545 Colaphonius
1265 4477 1422 4542 alter,
1460 4493 1524 4532 ac
1555 4477 1777 4548 reliqua:
1818 4479 1893 4533 si-

2525 3328 2927 3384 ΚΕΦΑΛΑΙΟΝ
2974 3328 3048 3381 Γ’.

2005 3422 2280 3492 Ἐπιτομὴ
2314 3423 2434 3476 τῶν
2470 3421 2824 3492 ἀπορῤῄτων
2867 3418 3143 3492 τελετῶν,
3179 3421 3277 3492 καί
3313 3418 3581 3489 κρυφίων

2227 3490 2580 3562 μυστηρίων
2611 3491 2720 3560 τῆς
2752 3490 3053 3546 πονῑυθέου
3087 3490 3344 3557 πλάνης.

2064 3667 2084 3700 ι
2112 3647 2312 3702 Ἀδυτα
2335 3647 2443 3719 (61)
2461 3647 2641 3702 τοίνυν
2655 3645 2788 3701 ἄθεα
2805 3645 2879 3718 μὴ
2901 3646 3427 3717 πολυπραγμονεῖτε,
3444 3646 3580 3718 μηδὲ

1993 3739 2286 3812 βαράθρων
2317 3740 2560 3811 στόματα
2592 3741 2884 3813 τερατείας
2917 3740 3147 3811 ἔμπλεα,
3177 3739 3210 3809 ἢ
3248 3738 3450 3810 λέϐητα
3479 3738 3580 3791 Θε-

1994 3833 2296 3908 σπρώτειον
2332 3833 2463 3905 (62),
2507 3835 2539 3905 ἢ
2568 3834 2796 3906 τρίποδα
2851 3835 3114 3904 Κιρραῖον
3149 3831 3340 3903 (63),ῆ
3388 3831 3578 3884 Δωδω-

1991 3930 2139 3981 ναῖον
2167 3927 2434 3998 χαλκεῖον·
2462 3927 2792 3999 Γεράνδρυον
2821 3926 2928 3996 (64)
2959 3926 3014 3978 δὲ
3040 3925 3287 4000 ψάμμοις
3339 3925 3436 3994 ὲρή
3448 3940 3578 3994 μαις

1991 4017 2370 4089 τετιμημένον,
2407 4019 2500 4072 καὶ
2541 4019 2600 4071 τὸ
2641 4017 2826 4071 αὐτόοι
2875 4017 3122 4087 μαντεῖον
3147 4015 3281 4084 αὐτῇ
3313 4011 3435 4084 δρυῒ
3477 4029 3576 4083 με-

1995 4110 2341 4182 μαρασμένον
2391 4110 2598 4180 μύθοις,
2625 4107 2959 4180 γεγηρακόσι
2997 4104 3377 4174 καταλείψατε.
3419 4103 3575 4158 Σεσίι-

1991 4217 2154 4271 γηται
2186 4201 2315 4270 γοῦν
2345 4201 2439 4254 καὶ
2472 4202 2504 4272 ἡ
2544 4199 2858 4263 Κασταλίας
2898 4197 3070 4269 πηγὴ,
3112 4199 3206 4252 καὶ
3247 4197 3576 4265 κολοφῶνος

1991 4292 2124 4364 ἄλλη
2153 4293 2325 4364 πηγὴ,
2355 4294 2450 4345 καὶ
2482 4291 2549 4345 τὰ
2589 4291 2723 4345 ἄλλα
2755 4291 2956 4362 ὁμοίως
2985 4289 3212 4361 τέθνηκε
3233 4288 3301 4343 τὰ
3337 4290 3573 4360 μαντικὰ

1991 4385 2228 4456 νάματα,
2255 4385 2350 4437 καὶ
2381 4384 2444 4454 δὴ
2471 4383 2563 4436 τοῦ
2594 4382 2762 4453 τύφου
2792 4382 2926 4436 κενά
2961 4382 3060 4451 ὀψὲ
3092 4381 3211 4453 μὲν,
3235 4383 3385 4452 ὅμως
3404 4382 3448 4435 δ’
3479 4378 3573 4436 οὖν

1991 4476 2368 4548 διελήλεγκται
2404 4479 2514 4539 τοῖς
2551 4475 2698 4539 ἰδίοις
2734 4475 3166 4547 συνεκρεύσαντα
3202 4474 3410 4545 μύθοις.
3447 4475 3574 4544 Διή-

310 4569 427 4626 mul
461 4585 653 4624 omnes
692 4568 928 4624 fatidica:
978 4569 1134 4624 unda:
1164 4577 1447 4633 aruerunt,
1477 4585 1615 4642 quas
1662 4579 1890 4626 ventoso

1997 4585 2160 4640 γησαι
2189 4570 2319 4638 ἡμῖν
2353 4569 2444 4621 καὶ
2472 4568 2571 4639 τῆς
2597 4567 2762 4639 ἄλλης
2796 4568 3094 4639 μαντικῆς,
3146 4567 3343 4637 μᾶλλον
3373 4568 3428 4622 δὲ
3466 4586 3575 4638 μα-

380 4704 493 4778 (61)
514 4705 772 4778 ῌἍδυτα.
812 4704 1107 4778 Clementis
1138 4707 1290 4762 locus
1309 4717 1486 4763 exstat
1512 4706 1565 4760 in
1595 4706 1893 4778 Prompti-

311 4774 401 4840 σο,
432 4774 483 4842 βξ
513 4775 543 4828 7
569 4776 791 4830 edition.
819 4774 1157 4831 Graeco-Lat.

383 4846 965 4919 (6‘2)_Oea:rpcbtstor.
992 4847 1200 4919 Cleon.
1238 4847 1637 4919 θεσπρωταῐον⁹
1695 4847 1888 4913 Mont.,

311 4916 671 4988 θεσπρώτιον,
706 4933 827 4988 qua:
857 4917 1041 4988 omnia
1074 4919 1289 4988 probari
1323 4916 1570 4988 possunt.

389 4987 500 5064 (65)
543 4986 1042 5064 Ktppaicr.__hiodo
1077 5004 1106 5041 a
1138 4986 1340 5064 graecis
1367 4988 1593 5064 Κύρῤαν
1626 4988 1889 5064 scriptum

317 5056 808 5131 παροψίδες-ηιοιιο
854 5059 1092 5131 Κίρρανζ
1148 5056 1395 5131 εἱζῃηαηι
1439 5056 1889 5131 fsinpius_Latini

317 5129 537 5200 dixere.
561 5128 770 5183 Plinius
796 5129 832 5183 l.
869 5128 942 5191 iv,
971 5128 1027 5200 'e.
1063 5129 1192 5200 5:}
1222 5128 1397 5194 Ultra,
1433 5130 1630 5200 inquit,
1665 5129 1892 5185 Cirrhaei

318 5197 576 5255 Phocidis
605 5200 817 5268 Campi,
849 5199 1106 5269 Oppidum
1137 5199 1351 5255 Cirrha.
1384 5219 1404 5253 ι

389 5269 500 5338 (64)
540 5269 941 5339 Γεράνδρυον.
983 5269 1059 5324 lta
1098 5271 1442 5338 reposuimus
1489 5285 1553 5324 ex
1595 5275 1891 5334 Clemente,

316 5355 442 5412 cum
479 5357 757 5409 perperam
805 5341 1239 5412 ante_legerctur
1271 5339 1634 5412 γεράνδρειον.
1666 5339 1776 5396 Nec
1801 5341 1894 5395 du-

318 5411 468 5466 tium
506 5413 738 5475 videtur,
771 5415 901 5481 quin
935 5409 1195 5481 Libycum
1229 5409 1382 5476 illud,
1407 5409 1484 5465 ac’
1509 5410 1744 5481 Dodona:
1776 5425 1894 5480 pro-

318 5497 386 5551 pe
415 5483 688 5548 geminum
719 5480 1003 5536 Ammonis
1031 5480 1314 5536 Oraculum
1354 5481 1634 5550 intelligat.
1667 5480 1771 5536 Sed
1797 5482 1894 5534 mi-

319 5565 444 5607 rum
474 5559 559 5604 est
590 5553 730 5620 apud
760 5553 1052 5618 scriptores
1085 5568 1275 5608 omnes
1318 5553 1387 5607 de
1429 5567 1632 5621 quercu
1666 5552 1776 5612 illa,
1807 5552 1890 5605 vel

321 5621 423 5674 alia
459 5622 877 5694 quavisiarhore
906 5631 1239 5694 pervetusta,
1269 5621 1415 5694 quod
1448 5621 1778 5694 γεράνδρυον
1804 5621 1892 5694 hic

322 5693 590 5756 nominat,
627 5692 926 5745 silentium.
982 5693 1247 5748 Arrianus
1286 5692 1526 5759 quidem,
1570 5703 1624 5746 et
1655 5692 1890 5746 Curtius

323 5762 416 5834 lib.
452 5777 523 5824 tv,
553 5763 645 5831 qui
678 5764 920 5817 omnium
959 5763 1231 5819 uberrime
1261 5764 1468 5818 oraculi
1498 5763 1662 5819 situm
1688 5763 1894 5820 solum-

1993 4721 2100 4775 que
2131 4703 2467 4765 describunt,
2502 4700 2887 4775 apacissimum
2922 4701 2970 4754 ei
3007 4715 3200 4775 nemus
3235 4699 3578 4775 circumfun—

1994 4771 2148 4837 dunt,
2178 4775 2380 4827 nullam
2437 4783 2615 4826 tamen
2671 4772 2807 4824 alias
2852 4772 2992 4825 inter
3045 4771 3293 4822 arborem
3332 4771 3572 4838 signant,

1995 4855 2090 4900 aut
2115 4855 2382 4900 vetustate
2415 4853 2507 4897 aut
2529 4843 2679 4897 cultu
2710 4842 2985 4895 eximiam.
3018 4838 3226 4893 Plinius
3256 4848 3436 4893 autem
3473 4841 3574 4896 lib.

1995 4933 2094 4981 xu,
2121 4931 2168 4971 c.
2204 4915 2295 4975 275.
2321 4915 2413 4969 ubi
2445 4915 2511 4968 de
2543 4913 2936 4975 Hammoniaci,
2969 4913 3084 4981 sive
3116 4910 3456 4963 Ammoniaei
3492 4912 3577 4965 la-

1996 4979 2182 5058 cryma
2226 4986 2486 5058 loquitur,
2514 4983 2609 5058 _ita
2664 4982 2892 5058 scribit;
2922 4979 3271 5058 ¢_A§Ihiopi2e
3327 4981 3576 5058 subjecta

1996 5051 2203 5120 Africa,
2259 5051 2458 5125 inquit,
2485 5052 2886 5125 Hammoniaci
2943 5051 3482 5125 lacrytna_tn__stillat,
3515 5051 3576 5125 in

1997 5130 2180 5182 arenis
2210 5119 2381 5192 suis'(
2407 5123 2534 5178 inde
2583 5133 2637 5178 et
2683 5126 2903 5177 nomine
2939 5119 3100 5177 etiam
3145 5122 3214 5175 ab
3251 5119 3575 5192 Hammonis

1999 5198 2243 5261 oraculo,
2272 5191 2428 5266 juxta
2461 5195 2605 5265 quod
2637 5194 2874 5264 gignitur
2903 5193 3066 5266 arbor
3099 5207 3262 5266 quam
3296 5191 3573 5266 Metopion

1997 5277 2194 5323 vocant
2217 5267 2257 5338 ),
2273 5261 2495 5338 resina;
2513 5261 2835 5338 Amod'o,‘_aut
2859 5264 3090 5338 gummi.
3113 5281 3142 5338 ρ
3183 5261 3406 5338 Verum,
3442 5261 3571 5330 opi-

1998 5353 2118 5399 nor,
2148 5333 2318 5405 genus
2346 5336 2556 5390 arboris
2589 5336 2784 5400 innuit,
2813 5349 2920 5388 non
2951 5333 3279 5405 singularem
3328 5333 3570 5402 aliquam

1999 5404 2220 5468 indicat,
2254 5422 2354 5461 nec
2393 5407 2556 5459 ullam
2591 5415 2687 5459 aut
2727 5404 3013 5460 vetustatis
3041 5413 3135 5458 aut
3165 5404 3345 5457 cultus
3379 5413 3572 5459 notam

1997 5478 2262 5547 adjungit.
2288 5477 2728 5547 'l‘lieodoruslib.
2761 5493 2796 5531 ι
2830 5475 2906 5529 De
2930 5471 3100 5547 Graec.
3127 5474 3324 5547 affect"
3357 5476 3456 5547 qui
3481 5484 3574 5547 ιρ-

1999 5543 2087 5604 tus
2118 5543 2193 5603 de
2217 5547 2457 5602 oraculis
2479 5555 2584 5608 est,
2612 5546 2752 5601 inter
2777 5555 2994 5610 caetera,
3020 5545 3113 5598 καὶ
3137 5543 3239 5614 τὴν
3260 5543 3574 5667 ἱερὰνέἓέ

1999 5625 2408 5667 commemorat-
2453 5617 2821 5667 continuoane
2867 5616 3082 5667 subdit.
3125 5615 3221 5667 καὶ
3271 5631 3300 5667 τ
3373 5617 3412 5666 Δ

1999 5561 2087 5604 tus
2118 5561 2186 5603 de
2217 5561 2457 5602 oracuus
2479 5561 2584 5608 est,
2612 5561 2752 5601 inter
2777 5561 2994 5610 caetera,
3020 5561 3113 5598 και
3137 5561 3239 5614 την
3260 5561 3572 5668 reg;sz

1999 5625 2408 5680 commemorat,
2453 5617 2821 5686 continuoque
2849 5616 3082 5686 subdit,
3125 5615 3247 5686 mi,
3271 5631 3300 5667 τ
3373 5617 3412 5666 Δ
3487 5685 3494 5686 7

1997 5691 2145 5743 ναῖον
2179 5689 2444 5758 χαλκεῖον.
2487 5688 2564 5742 An
2613 5685 2743 5758 ἱερᾶ
2778 5685 2905 5758 δρῦς
2953 5696 3200 5740 nostrum
3236 5685 3338 5739 hoc
3367 5685 3569 5756 γεράν-

1997 5760 2153 5832 δρυον
2191 5759 2307 5814 est?
