  <div class='ocr_page' id='page_1' title='image "/cluster/home/n/w/nwhite01/storage/ocr_20150623/21/nnc1.0046978437/078.png"; bbox 0 0 3832 6216; ppageno 0'>
   <div class='ocr_carea' id='block_1_1' title="bbox 1330 250 2238 316">
    <p class='ocr_par' dir='ltr' id='par_1_1' title="bbox 1330 250 2238 316">
     <span class='ocr_line' id='line_1_1' title="bbox 1330 250 2238 316; baseline -0.001 -3"><span class='ocrx_word' id='word_1_1' title='bbox 1330 253 1667 316; x_wconf 61' lang='grc' dir='ltr'>ΡΚΕΡΔΒ.</span> <span class='ocrx_word' id='word_1_2' title='bbox 1710 250 1969 310; x_wconf 67' lang='lat' dir='ltr'><strong>EVANG.</strong></span> <span class='ocrx_word' id='word_1_3' title='bbox 2003 254 2135 311; x_wconf 84' lang='lat' dir='ltr'><strong>LIB.</strong></span> <span class='ocrx_word' id='word_1_4' title='bbox 2169 254 2238 311; x_wconf 76' lang='lat' dir='ltr'><strong>ll.</strong></span> 
     </span>
    </p>
   </div>
   <div class='ocr_carea' id='block_1_2' title="bbox 3338 255 3444 315">
    <p class='ocr_par' dir='ltr' id='par_1_2' title="bbox 3338 255 3444 315">
     <span class='ocr_line' id='line_1_2' title="bbox 3338 255 3444 315; baseline 0.019 -2"><span class='ocrx_word' id='word_1_5' title='bbox 3338 255 3444 315; x_wconf 59' lang='lat' dir='ltr'><strong>in</strong></span> 
     </span>
    </p>
   </div>
   <div class='ocr_carea' id='block_1_3' title="bbox 148 376 1719 457">
    <p class='ocr_par' dir='ltr' id='par_1_3' title="bbox 148 376 1719 457">
     <span class='ocr_line' id='line_1_3' title="bbox 148 376 1719 457; baseline -0.007 -16"><span class='ocrx_word' id='word_1_6' title='bbox 148 385 315 456; x_wconf 75' lang='grc' dir='ltr'>νικῆς</span> <span class='ocrx_word' id='word_1_7' title='bbox 339 383 412 439; x_wconf 76' lang='grc' dir='ltr'><strong>τά</strong></span> <span class='ocrx_word' id='word_1_8' title='bbox 433 385 688 457; x_wconf 73' lang='grc' dir='ltr'>ἄχρηστα</span> <span class='ocrx_word' id='word_1_9' title='bbox 721 384 1050 457; x_wconf 78' lang='grc' dir='ltr'><strong>χρηστήρια,</strong></span> <span class='ocrx_word' id='word_1_10' title='bbox 1092 381 1182 437; x_wconf 71' lang='grc' dir='ltr'><strong>τὸν</strong></span> <span class='ocrx_word' id='word_1_11' title='bbox 1220 380 1484 453; x_wconf 80' lang='grc' dir='ltr'><strong>Κλάριον,</strong></span> <span class='ocrx_word' id='word_1_12' title='bbox 1526 380 1617 434; x_wconf 78' lang='grc' dir='ltr'>τὸν</span> <span class='ocrx_word' id='word_1_13' title='bbox 1642 376 1719 437; x_wconf 69' lang='lat' dir='ltr'><strong>Ilii</strong></span> 
     </span>
    </p>
   </div>
   <div class='ocr_carea' id='block_1_4' title="bbox 1840 376 3442 457">
    <p class='ocr_par' dir='ltr' id='par_1_4' title="bbox 1858 376 3442 452">
     <span class='ocr_line' id='line_1_4' title="bbox 1858 376 3442 452; baseline 0.004 -19"><span class='ocrx_word' id='word_1_14' title='bbox 1858 376 2006 435; x_wconf 74' lang='lat' dir='ltr'><strong>fastu</strong></span> <span class='ocrx_word' id='word_1_15' title='bbox 2042 393 2170 435; x_wconf 83' lang='lat' dir='ltr'><strong>sero</strong></span> <span class='ocrx_word' id='word_1_16' title='bbox 2214 379 2367 446; x_wconf 90' lang='lat' dir='ltr'><strong>licet,</strong></span> <span class='ocrx_word' id='word_1_17' title='bbox 2394 379 2576 450; x_wconf 80' lang='lat' dir='ltr'><strong>palam</strong></span> <span class='ocrx_word' id='word_1_18' title='bbox 2610 384 2797 435; x_wconf 82' lang='lat' dir='ltr'><strong>tamen</strong></span> <span class='ocrx_word' id='word_1_19' title='bbox 2835 379 3134 450; x_wconf 72' lang='lat' dir='ltr'><strong>aliquando</strong></span> <span class='ocrx_word' id='word_1_20' title='bbox 3178 381 3442 452; x_wconf 81' lang='lat' dir='ltr'><strong>spoliatas</strong></span> 
     </span>
    </p>
   </div>
   <div class='ocr_carea' id='block_1_5' title="bbox 150 474 1750 550">
    <p class='ocr_par' dir='ltr' id='par_1_5' title="bbox 150 474 1750 550">
     <span class='ocr_line' id='line_1_5' title="bbox 150 474 1750 550; baseline -0.003 -17"><span class='ocrx_word' id='word_1_21' title='bbox 150 481 289 540; x_wconf 65' lang='grc' dir='ltr'>ξιον,</span> <span class='ocrx_word' id='word_1_22' title='bbox 320 478 414 533; x_wconf 80' lang='grc' dir='ltr'>τὸν</span> <span class='ocrx_word' id='word_1_23' title='bbox 445 479 812 550; x_wconf 80' lang='grc' dir='ltr'>Διδυμέα,τδν</span> <span class='ocrx_word' id='word_1_24' title='bbox 836 479 1193 550; x_wconf 71' lang='grc' dir='ltr'>Ἀμφιάραον,</span> <span class='ocrx_word' id='word_1_25' title='bbox 1228 477 1320 530; x_wconf 83' lang='grc' dir='ltr'>τὸν</span> <span class='ocrx_word' id='word_1_26' title='bbox 1347 475 1592 530; x_wconf 68' lang='grc' dir='ltr'>Ἀπόλλω</span> <span class='ocrx_word' id='word_1_27' title='bbox 1615 474 1750 545; x_wconf 76' lang='grc'>(65),</span> 
     </span>
    </p>
   </div>
   <div class='ocr_carea' id='block_1_6' title="bbox 149 566 1754 643">
    <p class='ocr_par' dir='ltr' id='par_1_6' title="bbox 149 566 1754 643">
     <span class='ocr_line' id='line_1_6' title="bbox 149 566 1754 643; baseline -0.006 -16"><span class='ocrx_word' id='word_1_28' title='bbox 149 573 244 627; x_wconf 73' lang='grc' dir='ltr'>τὸν</span> <span class='ocrx_word' id='word_1_29' title='bbox 285 572 635 643; x_wconf 69' lang='grc' dir='ltr'>Ἀμφίλοχον,</span> <span class='ocrx_word' id='word_1_30' title='bbox 663 573 712 625; x_wconf 86' lang='grc' dir='ltr'><strong>εί</strong></span> <span class='ocrx_word' id='word_1_31' title='bbox 740 570 798 624; x_wconf 85' lang='grc' dir='ltr'>δὲ</span> <span class='ocrx_word' id='word_1_32' title='bbox 830 569 1007 640; x_wconf 77' lang='grc' dir='ltr'>βούλει</span> <span class='ocrx_word' id='word_1_33' title='bbox 1034 570 1126 623; x_wconf 74' lang='grc' dir='ltr'>καὶ</span> <span class='ocrx_word' id='word_1_34' title='bbox 1164 567 1625 641; x_wconf 84' lang='grc' dir='ltr'>τερατοσκόπους,</span> <span class='ocrx_word' id='word_1_35' title='bbox 1660 566 1754 619; x_wconf 75' lang='grc' dir='ltr'>καὶ</span> 
     </span>
    </p>
   </div>
   <div class='ocr_carea' id='block_1_7' title="bbox 148 658 1749 735">
    <p class='ocr_par' dir='ltr' id='par_1_7' title="bbox 148 658 1749 735">
     <span class='ocr_line' id='line_1_7' title="bbox 148 658 1749 735; baseline -0.005 -16"><span class='ocrx_word' id='word_1_36' title='bbox 148 666 579 729; x_wconf 70' lang='grc' dir='ltr'><strong>οἰωνοσκόπους,</strong></span> <span class='ocrx_word' id='word_1_37' title='bbox 614 665 710 719; x_wconf 77' lang='grc' dir='ltr'>καὶ</span> <span class='ocrx_word' id='word_1_38' title='bbox 753 665 879 728; x_wconf 78' lang='grc' dir='ltr'>τοὺς</span> <span class='ocrx_word' id='word_1_39' title='bbox 919 663 1142 735; x_wconf 79' lang='grc' dir='ltr'><strong>ὀνείρων</strong></span> <span class='ocrx_word' id='word_1_40' title='bbox 1190 661 1384 733; x_wconf 84' lang='grc' dir='ltr'>κριτὰς</span> <span class='ocrx_word' id='word_1_41' title='bbox 1429 660 1557 724; x_wconf 78' lang='grc' dir='ltr'>τοὺς</span> <span class='ocrx_word' id='word_1_42' title='bbox 1601 658 1749 713; x_wconf 83' lang='grc' dir='ltr'>ἀνιέ-</span> 
     </span>
    </p>
   </div>
   <div class='ocr_carea' id='block_1_8' title="bbox 153 750 1755 830">
    <p class='ocr_par' dir='ltr' id='par_1_8' title="bbox 153 750 1755 830">
     <span class='ocr_line' id='line_1_8' title="bbox 153 750 1755 830; baseline -0.004 -20"><span class='ocrx_word' id='word_1_43' title='bbox 153 774 284 830; x_wconf 67' lang='lat' dir='ltr'><strong>pou;</strong></span> <span class='ocrx_word' id='word_1_44' title='bbox 315 756 425 829; x_wconf 82' lang='lat'><em>(66)</em></span> <span class='ocrx_word' id='word_1_45' title='bbox 461 759 559 810; x_wconf 75' lang='grc' dir='ltr'>σὺν</span> <span class='ocrx_word' id='word_1_46' title='bbox 585 757 770 818; x_wconf 73' lang='grc' dir='ltr'>αὐτοῖς</span> <span class='ocrx_word' id='word_1_47' title='bbox 789 775 805 787; x_wconf 71' lang='grc' dir='ltr'>ο</span> <span class='ocrx_word' id='word_1_48' title='bbox 841 754 1037 825; x_wconf 80' lang='grc' dir='ltr'><strong>στῆσον</strong></span> <span class='ocrx_word' id='word_1_49' title='bbox 1075 754 1132 807; x_wconf 78' lang='grc' dir='ltr'>δὲ</span> <span class='ocrx_word' id='word_1_50' title='bbox 1168 752 1304 824; x_wconf 78' lang='grc' dir='ltr'>ὀμοῦ</span> <span class='ocrx_word' id='word_1_51' title='bbox 1341 751 1495 824; x_wconf 80' lang='grc' dir='ltr'>παρὰ</span> <span class='ocrx_word' id='word_1_52' title='bbox 1524 750 1616 805; x_wconf 81' lang='grc' dir='ltr'>τὸν</span> <span class='ocrx_word' id='word_1_53' title='bbox 1645 750 1755 804; x_wconf 86' lang='grc' dir='ltr'><strong>Πύ-</strong></span> 
     </span>
    </p>
   </div>
   <div class='ocr_carea' id='block_1_9' title="bbox 150 845 1753 920">
    <p class='ocr_par' dir='ltr' id='par_1_9' title="bbox 150 845 1753 920">
     <span class='ocr_line' id='line_1_9' title="bbox 150 845 1753 920; baseline -0.002 -17"><span class='ocrx_word' id='word_1_54' title='bbox 150 849 268 903; x_wconf 83' lang='grc' dir='ltr'>θιον</span> <span class='ocrx_word' id='word_1_55' title='bbox 299 850 452 918; x_wconf 83' lang='grc' dir='ltr'>άγων</span> <span class='ocrx_word' id='word_1_56' title='bbox 473 851 601 912; x_wconf 73' lang='grc' dir='ltr'>τοὺς</span> <span class='ocrx_word' id='word_1_57' title='bbox 628 848 1072 920; x_wconf 84' lang='grc' dir='ltr'>άλευρομάντεις,</span> <span class='ocrx_word' id='word_1_58' title='bbox 1100 848 1195 901; x_wconf 79' lang='grc' dir='ltr'><strong>καί</strong></span> <span class='ocrx_word' id='word_1_59' title='bbox 1224 845 1631 918; x_wconf 84' lang='grc' dir='ltr'>κριθομάντεις,</span> <span class='ocrx_word' id='word_1_60' title='bbox 1660 846 1753 899; x_wconf 75' lang='grc' dir='ltr'>καὶ</span> 
     </span>
    </p>
   </div>
   <div class='ocr_carea' id='block_1_10' title="bbox 147 937 1753 1013">
    <p class='ocr_par' dir='ltr' id='par_1_10' title="bbox 147 937 1753 1013">
     <span class='ocr_line' id='line_1_10' title="bbox 147 937 1753 1013; baseline -0.002 -19"><span class='ocrx_word' id='word_1_61' title='bbox 147 945 280 1005; x_wconf 77' lang='grc' dir='ltr'>τοὺς</span> <span class='ocrx_word' id='word_1_62' title='bbox 333 941 503 995; x_wconf 77' lang='grc' dir='ltr'><strong>εἰσέτι</strong></span> <span class='ocrx_word' id='word_1_63' title='bbox 547 941 701 1013; x_wconf 63' lang='grc' dir='ltr'>παρὰ</span> <span class='ocrx_word' id='word_1_64' title='bbox 751 944 866 1005; x_wconf 84' lang='grc' dir='ltr'>τοῖς</span> <span class='ocrx_word' id='word_1_65' title='bbox 906 940 1120 1003; x_wconf 81' lang='grc' dir='ltr'><strong>πολλοῖς</strong></span> <span class='ocrx_word' id='word_1_66' title='bbox 1151 937 1551 1009; x_wconf 78' lang='grc' dir='ltr'><strong>τετιμημένους</strong></span> <span class='ocrx_word' id='word_1_67' title='bbox 1586 938 1753 1004; x_wconf 78' lang='grc' dir='ltr'>ἐγγα-</span> 
     </span>
    </p>
   </div>
   <div class='ocr_carea' id='block_1_11' title="bbox 150 1030 1750 1105">
    <p class='ocr_par' dir='ltr' id='par_1_11' title="bbox 150 1030 1750 1105">
     <span class='ocr_line' id='line_1_11' title="bbox 150 1030 1750 1105; baseline -0.003 -19"><span class='ocrx_word' id='word_1_68' title='bbox 150 1033 520 1105; x_wconf 78' lang='grc' dir='ltr'>στριμύθους·</span> <span class='ocrx_word' id='word_1_69' title='bbox 557 1036 649 1087; x_wconf 76' lang='grc' dir='ltr'>ναὶ</span> <span class='ocrx_word' id='word_1_70' title='bbox 688 1034 792 1105; x_wconf 80' lang='grc' dir='ltr'><strong>μὴν</strong></span> <span class='ocrx_word' id='word_1_71' title='bbox 822 1033 992 1088; x_wconf 82' lang='grc' dir='ltr'><strong>ἄδυτα</strong></span> <span class='ocrx_word' id='word_1_72' title='bbox 1024 1032 1334 1101; x_wconf 78' lang='grc' dir='ltr'><strong>Αἰγυπτίων</strong></span> <span class='ocrx_word' id='word_1_73' title='bbox 1377 1030 1477 1085; x_wconf 68' lang='grc' dir='ltr'>καὶ</span> <span class='ocrx_word' id='word_1_74' title='bbox 1528 1031 1750 1101; x_wconf 76' lang='grc' dir='ltr'>Τυρρη-</span> 
     </span>
    </p>
   </div>
   <div class='ocr_carea' id='block_1_12' title="bbox 146 1120 1750 1196">
    <p class='ocr_par' dir='ltr' id='par_1_12' title="bbox 146 1120 1750 1196">
     <span class='ocr_line' id='line_1_12' title="bbox 146 1120 1750 1196; baseline -0.004 -16"><span class='ocrx_word' id='word_1_75' title='bbox 146 1125 255 1180; x_wconf 77' lang='grc' dir='ltr'>νῶν</span> <span class='ocrx_word' id='word_1_76' title='bbox 319 1128 737 1196; x_wconf 81' lang='grc' dir='ltr'>νεκυομαντεϊαι</span> <span class='ocrx_word' id='word_1_77' title='bbox 775 1125 953 1178; x_wconf 82' lang='grc' dir='ltr'>σκότει</span> <span class='ocrx_word' id='word_1_78' title='bbox 1010 1123 1423 1196; x_wconf 74' lang='grc' dir='ltr'>παραδεδόσθων</span> <span class='ocrx_word' id='word_1_79' title='bbox 1441 1140 1456 1153; x_wconf 91' lang='grc'><strong>·</strong></span> <span class='ocrx_word' id='word_1_80' title='bbox 1515 1120 1750 1193; x_wconf 79' lang='grc' dir='ltr'><strong>μαντικὰ</strong></span> 
     </span>
    </p>
   </div>
   <div class='ocr_carea' id='block_1_13' title="bbox 145 1216 1747 1289">
    <p class='ocr_par' dir='ltr' id='par_1_13' title="bbox 145 1216 1747 1289">
     <span class='ocr_line' id='line_1_13' title="bbox 145 1216 1747 1289; baseline -0.001 -17"><span class='ocrx_word' id='word_1_81' title='bbox 145 1217 323 1272; x_wconf 75' lang='grc' dir='ltr'>ταῦτα</span> <span class='ocrx_word' id='word_1_82' title='bbox 365 1218 446 1282; x_wconf 82' lang='grc' dir='ltr'>ὡς</span> <span class='ocrx_word' id='word_1_83' title='bbox 479 1217 694 1289; x_wconf 82' lang='grc' dir='ltr'>ἀληθῶς</span> <span class='ocrx_word' id='word_1_84' title='bbox 745 1216 1051 1289; x_wconf 76' lang='grc' dir='ltr'>ἀνθρώπων</span> <span class='ocrx_word' id='word_1_85' title='bbox 1105 1218 1351 1272; x_wconf 81' lang='grc' dir='ltr'>ἀπίστων</span> <span class='ocrx_word' id='word_1_86' title='bbox 1399 1218 1747 1287; x_wconf 78' lang='grc' dir='ltr'>σοφιστήρια,</span> 
     </span>
    </p>
   </div>
   <div class='ocr_carea' id='block_1_14' title="bbox 142 1307 1748 1382">
    <p class='ocr_par' dir='ltr' id='par_1_14' title="bbox 142 1307 1748 1382">
     <span class='ocr_line' id='line_1_14' title="bbox 142 1307 1748 1382; baseline -0.001 -18"><span class='ocrx_word' id='word_1_87' title='bbox 142 1307 242 1364; x_wconf 63' lang='lat' dir='ltr'><strong>ad!</strong></span> <span class='ocrx_word' id='word_1_88' title='bbox 295 1310 513 1381; x_wconf 80' lang='grc' dir='ltr'><strong>πλάνης</strong></span> <span class='ocrx_word' id='word_1_89' title='bbox 565 1309 806 1381; x_wconf 78' lang='grc' dir='ltr'>ἀκράτου</span> <span class='ocrx_word' id='word_1_90' title='bbox 854 1310 1189 1382; x_wconf 74' lang='grc' dir='ltr'>κυϐευτήρια</span> <span class='ocrx_word' id='word_1_91' title='bbox 1229 1309 1362 1379; x_wconf 67' lang='grc' dir='ltr'>(ϐἵ).</span> <span class='ocrx_word' id='word_1_92' title='bbox 1409 1308 1748 1379; x_wconf 86' lang='grc' dir='ltr'>Συνέμποροι</span> 
     </span>
    </p>
   </div>
   <div class='ocr_carea' id='block_1_15' title="bbox 143 1399 1745 1475">
    <p class='ocr_par' dir='ltr' id='par_1_15' title="bbox 143 1399 1745 1475">
     <span class='ocr_line' id='line_1_15' title="bbox 143 1399 1745 1475; baseline -0.002 -18"><span class='ocrx_word' id='word_1_93' title='bbox 143 1404 309 1475; x_wconf 77' lang='grc' dir='ltr'>τῆσδε</span> <span class='ocrx_word' id='word_1_94' title='bbox 353 1405 455 1475; x_wconf 80' lang='grc' dir='ltr'><strong>τῆς</strong></span> <span class='ocrx_word' id='word_1_95' title='bbox 491 1403 748 1475; x_wconf 75' lang='grc' dir='ltr'>γοητείας</span> <span class='ocrx_word' id='word_1_96' title='bbox 778 1399 933 1473; x_wconf 76' lang='grc' dir='ltr'>αἶγες</span> <span class='ocrx_word' id='word_1_97' title='bbox 963 1403 1056 1457; x_wconf 78' lang='grc' dir='ltr'><strong>ἐπὶ</strong></span> <span class='ocrx_word' id='word_1_98' title='bbox 1101 1401 1368 1475; x_wconf 82' lang='grc' dir='ltr'>μαντικὴν</span> <span class='ocrx_word' id='word_1_99' title='bbox 1413 1400 1745 1472; x_wconf 71' lang='grc' dir='ltr'>ἠσκημέναι,</span> 
     </span>
    </p>
   </div>
   <div class='ocr_carea' id='block_1_16' title="bbox 141 1493 1748 1568">
    <p class='ocr_par' dir='ltr' id='par_1_16' title="bbox 141 1493 1748 1568">
     <span class='ocr_line' id='line_1_16' title="bbox 141 1493 1748 1568; baseline -0.001 -19"><span class='ocrx_word' id='word_1_100' title='bbox 141 1497 239 1549; x_wconf 78' lang='grc' dir='ltr'><strong>καὶ</strong></span> <span class='ocrx_word' id='word_1_101' title='bbox 273 1497 516 1567; x_wconf 79' lang='grc' dir='ltr'>κόρακες</span> <span class='ocrx_word' id='word_1_102' title='bbox 545 1496 855 1568; x_wconf 78' lang='grc' dir='ltr'>ἀνθρώποις</span> <span class='ocrx_word' id='word_1_103' title='bbox 882 1496 1018 1568; x_wconf 73' lang='grc' dir='ltr'>χρᾷν</span> <span class='ocrx_word' id='word_1_104' title='bbox 1053 1496 1145 1548; x_wconf 76' lang='grc' dir='ltr'><strong>ὑπ’</strong></span> <span class='ocrx_word' id='word_1_105' title='bbox 1175 1493 1480 1566; x_wconf 78' lang='grc' dir='ltr'>ἀνθρώπιον</span> <span class='ocrx_word' id='word_1_106' title='bbox 1502 1493 1748 1548; x_wconf 84' lang='grc' dir='ltr'>διδασκό-</span> 
     </span>
    </p>
   </div>
   <div class='ocr_carea' id='block_1_17' title="bbox 143 1586 1746 1658">
    <p class='ocr_par' dir='ltr' id='par_1_17' title="bbox 143 1586 1746 1658">
     <span class='ocr_line' id='line_1_17' title="bbox 143 1586 1746 1658; baseline 0 -18"><span class='ocrx_word' id='word_1_107' title='bbox 143 1601 322 1657; x_wconf 65' lang='grc' dir='ltr'>μενοι.</span> <span class='ocrx_word' id='word_1_108' title='bbox 358 1587 427 1640; x_wconf 91' lang='grc' dir='ltr'><strong>Τί</strong></span> <span class='ocrx_word' id='word_1_109' title='bbox 459 1587 528 1652; x_wconf 79' lang='grc' dir='ltr'>δ’,</span> <span class='ocrx_word' id='word_1_110' title='bbox 578 1588 635 1641; x_wconf 82' lang='grc' dir='ltr'><strong>εί</strong></span> <span class='ocrx_word' id='word_1_111' title='bbox 667 1604 751 1645; x_wconf 88' lang='grc' dir='ltr'><strong>σοι</strong></span> <span class='ocrx_word' id='word_1_112' title='bbox 794 1587 1151 1658; x_wconf 83' lang='grc' dir='ltr'>καταλέγοιμι</span> <span class='ocrx_word' id='word_1_113' title='bbox 1194 1586 1265 1641; x_wconf 81' lang='grc' dir='ltr'><strong>τά</strong></span> <span class='ocrx_word' id='word_1_114' title='bbox 1294 1587 1599 1658; x_wconf 73' lang='grc' dir='ltr'>μυστήριας</span> <span class='ocrx_word' id='word_1_115' title='bbox 1646 1587 1746 1640; x_wconf 85' lang='grc' dir='ltr'>οὐκ</span> 
     </span>
    </p>
   </div>
   <div class='ocr_carea' id='block_1_18' title="bbox 138 1659 1747 1750">
    <p class='ocr_par' dir='ltr' id='par_1_18' title="bbox 138 1659 1747 1750">
     <span class='ocr_line' id='line_1_18' title="bbox 138 1659 1747 1750; baseline 0.001 -20"><span class='ocrx_word' id='word_1_116' title='bbox 138 1677 518 1749; x_wconf 68' lang='grc' dir='ltr'>ἑξορχὴσομαι</span> <span class='ocrx_word' id='word_1_117' title='bbox 556 1678 656 1749; x_wconf 86' lang='grc' dir='ltr'>μὲν</span> <span class='ocrx_word' id='word_1_118' title='bbox 681 1659 872 1750; x_wconf 81' lang='grc' dir='ltr'>ὥσπερ</span> <span class='ocrx_word' id='word_1_119' title='bbox 907 1677 1252 1749; x_wconf 77' lang='grc' dir='ltr'>Ἀλκιϐιάδην</span> <span class='ocrx_word' id='word_1_120' title='bbox 1291 1678 1542 1747; x_wconf 85' lang='grc' dir='ltr'>λέγουσιν</span> <span class='ocrx_word' id='word_1_121' title='bbox 1563 1695 1577 1709; x_wconf 92' lang='grc'><strong>·</strong></span> <span class='ocrx_word' id='word_1_122' title='bbox 1608 1678 1747 1732; x_wconf 82' lang='grc' dir='ltr'><strong>ἀπο-</strong></span> 
     </span>
    </p>
   </div>
   <div class='ocr_carea' id='block_1_19' title="bbox 1857 466 3444 539">
    <p class='ocr_par' dir='ltr' id='par_1_19' title="bbox 1857 466 3444 539">
     <span class='ocr_line' id='line_1_19' title="bbox 1857 466 3444 539; baseline 0.003 -17"><span class='ocrx_word' id='word_1_123' title='bbox 1857 466 2137 529; x_wconf 89' lang='lat' dir='ltr'><strong>viderunt,</strong></span> <span class='ocrx_word' id='word_1_124' title='bbox 2182 478 2542 539; x_wconf 75' lang='lat' dir='ltr'><strong>posteaquam</strong></span> <span class='ocrx_word' id='word_1_125' title='bbox 2586 468 2693 525; x_wconf 66' lang='lat' dir='ltr'><strong>ille</strong></span> <span class='ocrx_word' id='word_1_126' title='bbox 2738 469 2858 526; x_wconf 93' lang='lat' dir='ltr'><strong>suis</strong></span> <span class='ocrx_word' id='word_1_127' title='bbox 2889 485 3016 526; x_wconf 88' lang='lat' dir='ltr'><strong>eum</strong></span> <span class='ocrx_word' id='word_1_128' title='bbox 3064 468 3279 527; x_wconf 82' lang='lat' dir='ltr'><strong>fabellis</strong></span> <span class='ocrx_word' id='word_1_129' title='bbox 3321 485 3444 527; x_wconf 80' lang='lat' dir='ltr'><strong>om-</strong></span> 
     </span>
    </p>
   </div>
   <div class='ocr_carea' id='block_1_20' title="bbox 1857 558 3438 631">
    <p class='ocr_par' dir='ltr' id='par_1_20' title="bbox 1857 558 3438 631">
     <span class='ocr_line' id='line_1_20' title="bbox 1857 558 3438 631; baseline 0.005 -20"><span class='ocrx_word' id='word_1_130' title='bbox 1857 558 1993 612; x_wconf 87' lang='lat' dir='ltr'><strong>nino</strong></span> <span class='ocrx_word' id='word_1_131' title='bbox 2023 558 2406 613; x_wconf 79' lang='lat' dir='ltr'><strong>dimuxissent.</strong></span> <span class='ocrx_word' id='word_1_132' title='bbox 2461 558 2697 615; x_wconf 88' lang='lat' dir='ltr'><strong>Decanta</strong></span> <span class='ocrx_word' id='word_1_133' title='bbox 2728 571 2787 615; x_wconf 96' lang='lat' dir='ltr'><strong>tu</strong></span> <span class='ocrx_word' id='word_1_134' title='bbox 2835 562 3017 626; x_wconf 86' lang='lat' dir='ltr'><strong>nobis,</strong></span> <span class='ocrx_word' id='word_1_135' title='bbox 3044 577 3142 631; x_wconf 90' lang='lat' dir='ltr'><strong>per</strong></span> <span class='ocrx_word' id='word_1_136' title='bbox 3170 578 3258 617; x_wconf 89' lang='lat' dir='ltr'><strong>me</strong></span> <span class='ocrx_word' id='word_1_137' title='bbox 3287 562 3438 630; x_wconf 86' lang='lat' dir='ltr'><strong>licet,</strong></span> 
     </span>
    </p>
   </div>
   <div class='ocr_carea' id='block_1_21' title="bbox 1857 648 3441 721">
    <p class='ocr_par' dir='ltr' id='par_1_21' title="bbox 1857 648 3441 721">
     <span class='ocr_line' id='line_1_21' title="bbox 1857 648 3441 721; baseline 0.004 -18"><span class='ocrx_word' id='word_1_138' title='bbox 1857 648 2069 717; x_wconf 89' lang='lat' dir='ltr'><strong>reliqua</strong></span> <span class='ocrx_word' id='word_1_139' title='bbox 2114 648 2523 706; x_wconf 75' lang='lat' dir='ltr'><strong>vaticinationis</strong></span> <span class='ocrx_word' id='word_1_140' title='bbox 2568 659 2665 706; x_wconf 90' lang='lat' dir='ltr'><strong>aut</strong></span> <span class='ocrx_word' id='word_1_141' title='bbox 2708 648 2930 706; x_wconf 63' lang='lat' dir='ltr'><strong>furiosae</strong></span> <span class='ocrx_word' id='word_1_142' title='bbox 2958 652 3146 721; x_wconf 88' lang='lat' dir='ltr'><strong>potius</strong></span> <span class='ocrx_word' id='word_1_143' title='bbox 3184 654 3441 710; x_wconf 71' lang='lat' dir='ltr'><strong>vanitatis</strong></span> 
     </span>
    </p>
   </div>
   <div class='ocr_carea' id='block_1_22' title="bbox 1853 739 3438 814">
    <p class='ocr_par' dir='ltr' id='par_1_22' title="bbox 1853 739 3438 814">
     <span class='ocr_line' id='line_1_22' title="bbox 1853 739 3438 814; baseline 0.003 -18"><span class='ocrx_word' id='word_1_144' title='bbox 1853 741 2098 803; x_wconf 86' lang='lat' dir='ltr'><strong>oracula,</strong></span> <span class='ocrx_word' id='word_1_145' title='bbox 2119 739 2385 804; x_wconf 92' lang='lat' dir='ltr'><strong>Clarium,</strong></span> <span class='ocrx_word' id='word_1_146' title='bbox 2418 740 2695 813; x_wconf 85' lang='lat' dir='ltr'><strong>Pythium,</strong></span> <span class='ocrx_word' id='word_1_147' title='bbox 2721 741 3004 814; x_wconf 83' lang='lat' dir='ltr'><strong>Didymea,</strong></span> <span class='ocrx_word' id='word_1_148' title='bbox 3023 744 3438 814; x_wconf 81' lang='lat' dir='ltr'><strong>Amphiaraum,</strong></span> 
     </span>
    </p>
   </div>
   <div class='ocr_carea' id='block_1_23' title="bbox 1851 831 3458 908">
    <p class='ocr_par' dir='ltr' id='par_1_23' title="bbox 1851 831 3458 908">
     <span class='ocr_line' id='line_1_23' title="bbox 1851 831 3458 908; baseline 0.006 -24"><span class='ocrx_word' id='word_1_149' title='bbox 1851 831 2184 902; x_wconf 81' lang='lat' dir='ltr'><strong>Apollinem,</strong></span> <span class='ocrx_word' id='word_1_150' title='bbox 2232 832 2657 903; x_wconf 78' lang='lat' dir='ltr'><strong>Amphilochum</strong></span> <span class='ocrx_word' id='word_1_151' title='bbox 2684 853 2697 888; x_wconf 89' lang='lat'>:</span> <span class='ocrx_word' id='word_1_152' title='bbox 2729 836 2839 906; x_wconf 74' lang='lat'><strong>62</strong></span> <span class='ocrx_word' id='word_1_153' title='bbox 2886 837 3023 891; x_wconf 87' lang='lat' dir='ltr'><strong>adde</strong></span> <span class='ocrx_word' id='word_1_154' title='bbox 3058 838 3102 891; x_wconf 91' lang='lat' dir='ltr'><strong>si</strong></span> <span class='ocrx_word' id='word_1_155' title='bbox 3135 838 3281 892; x_wconf 86' lang='lat' dir='ltr'><strong>lubet</strong></span> <span class='ocrx_word' id='word_1_156' title='bbox 3310 854 3458 908; x_wconf 54' lang='lat' dir='ltr'><strong>pro»</strong></span> 
     </span>
    </p>
   </div>
   <div class='ocr_carea' id='block_1_24' title="bbox 1851 924 3436 1000">
    <p class='ocr_par' dir='ltr' id='par_1_24' title="bbox 1851 924 3436 1000">
     <span class='ocr_line' id='line_1_24' title="bbox 1851 924 3436 1000; baseline 0.004 -21"><span class='ocrx_word' id='word_1_157' title='bbox 1851 924 2124 994; x_wconf 76' lang='lat' dir='ltr'><strong>digiorum</strong></span> <span class='ocrx_word' id='word_1_158' title='bbox 2178 926 2530 995; x_wconf 84' lang='lat' dir='ltr'><strong>interpretes,</strong></span> <span class='ocrx_word' id='word_1_159' title='bbox 2586 928 2724 982; x_wconf 89' lang='lat' dir='ltr'><strong>adde</strong></span> <span class='ocrx_word' id='word_1_160' title='bbox 2766 944 3022 995; x_wconf 66' lang='lat' dir='ltr'><strong>augures,</strong></span> <span class='ocrx_word' id='word_1_161' title='bbox 3067 930 3436 1000; x_wconf 77' lang='lat' dir='ltr'><strong>profanosque</strong></span> 
     </span>
    </p>
   </div>
   <div class='ocr_carea' id='block_1_25' title="bbox 1852 1018 3436 1089">
    <p class='ocr_par' dir='ltr' id='par_1_25' title="bbox 1852 1018 3436 1089">
     <span class='ocr_line' id='line_1_25' title="bbox 1852 1018 3436 1089; baseline 0.004 -16"><span class='ocrx_word' id='word_1_162' title='bbox 1852 1019 2194 1077; x_wconf 84' lang='lat' dir='ltr'><strong>somniorum</strong></span> <span class='ocrx_word' id='word_1_163' title='bbox 2231 1018 2596 1087; x_wconf 85' lang='lat' dir='ltr'><strong>conjectores.</strong></span> <span class='ocrx_word' id='word_1_164' title='bbox 2628 1018 2771 1086; x_wconf 88' lang='lat' dir='ltr'><strong>Quin</strong></span> <span class='ocrx_word' id='word_1_165' title='bbox 2799 1021 2998 1089; x_wconf 81' lang='lat' dir='ltr'><strong>agesis,</strong></span> <span class='ocrx_word' id='word_1_166' title='bbox 3054 1037 3119 1078; x_wconf 87' lang='lat' dir='ltr'><strong>ac</strong></span> <span class='ocrx_word' id='word_1_167' title='bbox 3148 1024 3310 1078; x_wconf 85' lang='lat' dir='ltr'><strong>simul</strong></span> <span class='ocrx_word' id='word_1_168' title='bbox 3341 1039 3436 1080; x_wconf 85' lang='lat' dir='ltr'><strong>eos</strong></span> 
     </span>
    </p>
   </div>
   <div class='ocr_carea' id='block_1_26' title="bbox 1850 1108 3438 1182">
    <p class='ocr_par' dir='ltr' id='par_1_26' title="bbox 1850 1108 3438 1182">
     <span class='ocr_line' id='line_1_26' title="bbox 1850 1108 3438 1182; baseline 0.005 -17"><span class='ocrx_word' id='word_1_169' title='bbox 1850 1124 2037 1166; x_wconf 87' lang='lat' dir='ltr'><strong>coram</strong></span> <span class='ocrx_word' id='word_1_170' title='bbox 2073 1108 2270 1182; x_wconf 80' lang='lat' dir='ltr'><strong>Pythio</strong></span> <span class='ocrx_word' id='word_1_171' title='bbox 2303 1120 2503 1177; x_wconf 89' lang='lat' dir='ltr'><strong>statue,</strong></span> <span class='ocrx_word' id='word_1_172' title='bbox 2547 1112 2642 1181; x_wconf 90' lang='lat' dir='ltr'><strong>qui</strong></span> <span class='ocrx_word' id='word_1_173' title='bbox 2694 1112 3060 1169; x_wconf 75' lang='lat' dir='ltr'><strong>divinationes</strong></span> <span class='ocrx_word' id='word_1_174' title='bbox 3094 1130 3224 1169; x_wconf 88' lang='lat' dir='ltr'><strong>suas</strong></span> <span class='ocrx_word' id='word_1_175' title='bbox 3259 1114 3438 1173; x_wconf 75' lang='lat' dir='ltr'><strong>farina</strong></span> 
     </span>
    </p>
   </div>
   <div class='ocr_carea' id='block_1_27' title="bbox 1852 1201 3436 1275">
    <p class='ocr_par' dir='ltr' id='par_1_27' title="bbox 1852 1201 3436 1275">
     <span class='ocr_line' id='line_1_27' title="bbox 1852 1201 3436 1275; baseline 0.005 -20"><span class='ocrx_word' id='word_1_176' title='bbox 1852 1201 2128 1256; x_wconf 86' lang='lat' dir='ltr'><strong>bordeove</strong></span> <span class='ocrx_word' id='word_1_177' title='bbox 2172 1202 2485 1273; x_wconf 83' lang='lat' dir='ltr'><strong>perﬁciunt,</strong></span> <span class='ocrx_word' id='word_1_178' title='bbox 2519 1204 2726 1274; x_wconf 89' lang='lat' dir='ltr'><strong>quique</strong></span> <span class='ocrx_word' id='word_1_179' title='bbox 2773 1220 2804 1259; x_wconf 90' lang='lat' dir='ltr'><strong>a</strong></span> <span class='ocrx_word' id='word_1_180' title='bbox 2837 1205 3088 1275; x_wconf 83' lang='lat' dir='ltr'><strong>plurimis</strong></span> <span class='ocrx_word' id='word_1_181' title='bbox 3134 1207 3436 1264; x_wconf 79' lang='lat' dir='ltr'><strong>etiamnum</strong></span> 
     </span>
    </p>
   </div>
   <div class='ocr_carea' id='block_1_28' title="bbox 1849 1294 3435 1370">
    <p class='ocr_par' dir='ltr' id='par_1_28' title="bbox 1849 1294 3435 1370">
     <span class='ocr_line' id='line_1_28' title="bbox 1849 1294 3435 1370; baseline 0.004 -21"><span class='ocrx_word' id='word_1_182' title='bbox 1849 1294 2218 1349; x_wconf 82' lang='lat' dir='ltr'><strong>observantur</strong></span> <span class='ocrx_word' id='word_1_183' title='bbox 2262 1296 2663 1367; x_wconf 77' lang='lat' dir='ltr'><strong>ventriloquos.</strong></span> <span class='ocrx_word' id='word_1_184' title='bbox 2721 1295 2844 1350; x_wconf 81' lang='lat' dir='ltr'><strong>Jam</strong></span> <span class='ocrx_word' id='word_1_185' title='bbox 2890 1312 3020 1352; x_wconf 86' lang='lat' dir='ltr'><strong>vero</strong></span> <span class='ocrx_word' id='word_1_186' title='bbox 3062 1306 3116 1352; x_wconf 90' lang='lat' dir='ltr'><strong>et</strong></span> <span class='ocrx_word' id='word_1_187' title='bbox 3144 1296 3435 1370; x_wconf 65' lang='lat' dir='ltr'><strong>Egyptia-</strong></span> 
     </span>
    </p>
   </div>
   <div class='ocr_carea' id='block_1_29' title="bbox 1850 1374 3437 1459">
    <p class='ocr_par' dir='ltr' id='par_1_29' title="bbox 1850 1374 3437 1459">
     <span class='ocr_line' id='line_1_29' title="bbox 1850 1374 3437 1459; baseline 0.005 -19"><span class='ocrx_word' id='word_1_188' title='bbox 1850 1401 1973 1440; x_wconf 90' lang='lat' dir='ltr'><strong>rum</strong></span> <span class='ocrx_word' id='word_1_189' title='bbox 2018 1387 2339 1456; x_wconf 83' lang='lat' dir='ltr'><strong>penetralia,</strong></span> <span class='ocrx_word' id='word_1_190' title='bbox 2375 1374 2429 1443; x_wconf 78' lang='lat' dir='ltr'><strong>et</strong></span> <span class='ocrx_word' id='word_1_191' title='bbox 2474 1390 2721 1443; x_wconf 88' lang='lat' dir='ltr'><strong>manium</strong></span> <span class='ocrx_word' id='word_1_192' title='bbox 2755 1388 2900 1459; x_wconf 88' lang='lat' dir='ltr'><strong>apud</strong></span> <span class='ocrx_word' id='word_1_193' title='bbox 2948 1388 3214 1447; x_wconf 84' lang='lat' dir='ltr'><strong>Etruscos</strong></span> <span class='ocrx_word' id='word_1_194' title='bbox 3244 1392 3437 1448; x_wconf 76' lang='lat' dir='ltr'><strong>vatici-</strong></span> 
     </span>
    </p>
   </div>
   <div class='ocr_carea' id='block_1_30' title="bbox 1848 1479 3435 1554">
    <p class='ocr_par' dir='ltr' id='par_1_30' title="bbox 1848 1479 3435 1554">
     <span class='ocr_line' id='line_1_30' title="bbox 1848 1479 3435 1554; baseline 0.005 -22"><span class='ocrx_word' id='word_1_195' title='bbox 1848 1479 2102 1535; x_wconf 87' lang='lat' dir='ltr'><strong>nationes</strong></span> <span class='ocrx_word' id='word_1_196' title='bbox 2145 1480 2200 1535; x_wconf 87' lang='lat' dir='ltr'><strong>in</strong></span> <span class='ocrx_word' id='word_1_197' title='bbox 2233 1480 2477 1536; x_wconf 84' lang='lat' dir='ltr'><strong>tenebris</strong></span> <span class='ocrx_word' id='word_1_198' title='bbox 2503 1480 2728 1551; x_wconf 87' lang='lat' dir='ltr'><strong>jaceant</strong></span> <span class='ocrx_word' id='word_1_199' title='bbox 2758 1500 2771 1536; x_wconf 92' lang='lat'><strong>:</strong></span> <span class='ocrx_word' id='word_1_200' title='bbox 2803 1497 3019 1537; x_wconf 70' lang='lat' dir='ltr'><strong>vesana:</strong></span> <span class='ocrx_word' id='word_1_201' title='bbox 3050 1484 3299 1554; x_wconf 84' lang='lat' dir='ltr'><strong>profecto</strong></span> <span class='ocrx_word' id='word_1_202' title='bbox 3328 1486 3435 1541; x_wconf 64' lang='lat' dir='ltr'><strong>illa</strong></span> 
     </span>
    </p>
   </div>
   <div class='ocr_carea' id='block_1_31' title="bbox 1849 1572 3435 1651">
    <p class='ocr_par' dir='ltr' id='par_1_31' title="bbox 1849 1572 3435 1651">
     <span class='ocr_line' id='line_1_31' title="bbox 1849 1572 3435 1651; baseline 0.004 -24"><span class='ocrx_word' id='word_1_203' title='bbox 1849 1581 1981 1627; x_wconf 91' lang='lat' dir='ltr'><strong>sunt</strong></span> <span class='ocrx_word' id='word_1_204' title='bbox 2007 1572 2310 1629; x_wconf 81' lang='lat' dir='ltr'><strong>inﬁdelium</strong></span> <span class='ocrx_word' id='word_1_205' title='bbox 2351 1574 2637 1630; x_wconf 86' lang='lat' dir='ltr'><strong>hominum</strong></span> <span class='ocrx_word' id='word_1_206' title='bbox 2670 1574 2891 1631; x_wconf 80' lang='lat' dir='ltr'><strong>[aliendi</strong></span> <span class='ocrx_word' id='word_1_207' title='bbox 2920 1587 3086 1641; x_wconf 86' lang='lat' dir='ltr'><strong>artes,</strong></span> <span class='ocrx_word' id='word_1_208' title='bbox 3119 1587 3178 1633; x_wconf 90' lang='lat' dir='ltr'><strong>et</strong></span> <span class='ocrx_word' id='word_1_209' title='bbox 3205 1595 3435 1651; x_wconf 84' lang='lat' dir='ltr'><strong>compa-</strong></span> 
     </span>
    </p>
   </div>
   <div class='ocr_carea' id='block_1_32' title="bbox 1851 1665 3436 1739">
    <p class='ocr_par' dir='ltr' id='par_1_32' title="bbox 1851 1665 3436 1739">
     <span class='ocr_line' id='line_1_32' title="bbox 1851 1665 3436 1739; baseline 0.006 -20"><span class='ocrx_word' id='word_1_210' title='bbox 1851 1674 1984 1720; x_wconf 76' lang='lat' dir='ltr'><strong>rata:</strong></span> <span class='ocrx_word' id='word_1_211' title='bbox 2030 1665 2096 1720; x_wconf 92' lang='lat' dir='ltr'><strong>ad</strong></span> <span class='ocrx_word' id='word_1_212' title='bbox 2144 1682 2339 1736; x_wconf 90' lang='lat' dir='ltr'><strong>puram</strong></span> <span class='ocrx_word' id='word_1_213' title='bbox 2373 1678 2670 1739; x_wconf 86' lang='lat' dir='ltr'><strong>putamque</strong></span> <span class='ocrx_word' id='word_1_214' title='bbox 2698 1666 2946 1724; x_wconf 73' lang='lat' dir='ltr'><strong>fraudem</strong></span> <span class='ocrx_word' id='word_1_215' title='bbox 2991 1671 3151 1739; x_wconf 80' lang='lat' dir='ltr'><strong>quasi</strong></span> <span class='ocrx_word' id='word_1_216' title='bbox 3195 1671 3328 1727; x_wconf 67' lang='lat' dir='ltr'><strong>aleae</strong></span> <span class='ocrx_word' id='word_1_217' title='bbox 3365 1685 3436 1729; x_wconf 82' lang='lat' dir='ltr'><strong>ac</strong></span> 
     </span>
    </p>
   </div>
   <div class='ocr_carea' id='block_1_33' title="bbox 140 1755 1719 1844">
    <p class='ocr_par' dir='ltr' id='par_1_33' title="bbox 140 1767 1719 1844">
     <span class='ocr_line' id='line_1_33' title="bbox 140 1767 1719 1844; baseline 0.001 -22"><span class='ocrx_word' id='word_1_218' title='bbox 140 1768 425 1841; x_wconf 78' lang='grc' dir='ltr'>τυμνώσω</span> <span class='ocrx_word' id='word_1_219' title='bbox 454 1770 513 1824; x_wconf 78' lang='grc' dir='ltr'>δὲ</span> <span class='ocrx_word' id='word_1_220' title='bbox 538 1767 599 1825; x_wconf 78' lang='grc' dir='ltr'><strong>εὗ</strong></span> <span class='ocrx_word' id='word_1_221' title='bbox 636 1771 783 1842; x_wconf 85' lang='grc' dir='ltr'>μάλα</span> <span class='ocrx_word' id='word_1_222' title='bbox 810 1771 916 1826; x_wconf 74' lang='grc' dir='ltr'>ἀνὰ</span> <span class='ocrx_word' id='word_1_223' title='bbox 935 1771 1028 1825; x_wconf 81' lang='grc' dir='ltr'>τὸν</span> <span class='ocrx_word' id='word_1_224' title='bbox 1054 1771 1152 1843; x_wconf 82' lang='grc' dir='ltr'>τῆς</span> <span class='ocrx_word' id='word_1_225' title='bbox 1174 1771 1433 1844; x_wconf 78' lang='grc' dir='ltr'>ἀληθείας</span> <span class='ocrx_word' id='word_1_226' title='bbox 1464 1771 1620 1840; x_wconf 86' lang='grc' dir='ltr'>λόγον</span> 
     </span>
    </p>
   </div>
   <div class='ocr_carea' id='block_1_34' title="bbox 1840 1755 3436 1844">
    <p class='ocr_par' dir='ltr' id='par_1_34' title="bbox 1847 1756 3436 1831">
     <span class='ocr_line' id='line_1_34' title="bbox 1847 1756 3436 1831; baseline 0.004 -18"><span class='ocrx_word' id='word_1_227' title='bbox 1847 1757 2013 1813; x_wconf 89' lang='lat' dir='ltr'><strong>sortis</strong></span> <span class='ocrx_word' id='word_1_228' title='bbox 2058 1756 2308 1812; x_wconf 72' lang='lat' dir='ltr'><strong>oilicinaa.</strong></span> <span class='ocrx_word' id='word_1_229' title='bbox 2361 1759 2617 1830; x_wconf 81' lang='lat' dir='ltr'><strong>Ejusdem</strong></span> <span class='ocrx_word' id='word_1_230' title='bbox 2666 1777 2889 1831; x_wconf 85' lang='lat' dir='ltr'><strong>quoque</strong></span> <span class='ocrx_word' id='word_1_231' title='bbox 2922 1760 3301 1819; x_wconf 79' lang='lat' dir='ltr'><strong>fasciuationis</strong></span> <span class='ocrx_word' id='word_1_232' title='bbox 3340 1779 3436 1820; x_wconf 86' lang='lat' dir='ltr'><strong>ve-</strong></span> 
     </span>
    </p>
   </div>
   <div class='ocr_carea' id='block_1_35' title="bbox 140 1863 1742 1937">
    <p class='ocr_par' dir='ltr' id='par_1_35' title="bbox 140 1863 1742 1937">
     <span class='ocr_line' id='line_1_35' title="bbox 140 1863 1742 1937; baseline 0.001 -21"><span class='ocrx_word' id='word_1_233' title='bbox 140 1864 401 1934; x_wconf 77' lang='grc' dir='ltr'>τοητείαν</span> <span class='ocrx_word' id='word_1_234' title='bbox 434 1863 532 1935; x_wconf 74' lang='grc' dir='ltr'>τὴν</span> <span class='ocrx_word' id='word_1_235' title='bbox 560 1864 1017 1937; x_wconf 81' lang='grc' dir='ltr'>ὲγκεκρυμμένην</span> <span class='ocrx_word' id='word_1_236' title='bbox 1065 1865 1270 1929; x_wconf 81' lang='grc' dir='ltr'>αὐτοῖς,</span> <span class='ocrx_word' id='word_1_237' title='bbox 1304 1866 1400 1919; x_wconf 74' lang='grc' dir='ltr'><strong>κα)⁵</strong></span> <span class='ocrx_word' id='word_1_238' title='bbox 1444 1864 1642 1930; x_wconf 83' lang='grc' dir='ltr'>αὐτούς</span> <span class='ocrx_word' id='word_1_239' title='bbox 1677 1882 1742 1934; x_wconf 88' lang='grc' dir='ltr'><strong>γε</strong></span> 
     </span>
    </p>
   </div>
   <div class='ocr_carea' id='block_1_36' title="bbox 141 1950 1745 2028">
    <p class='ocr_par' dir='ltr' id='par_1_36' title="bbox 141 1950 1745 2028">
     <span class='ocr_line' id='line_1_36' title="bbox 141 1950 1745 2028; baseline 0.001 -19"><span class='ocrx_word' id='word_1_240' title='bbox 141 1956 272 2019; x_wconf 79' lang='grc' dir='ltr'>τοὺς</span> <span class='ocrx_word' id='word_1_241' title='bbox 298 1954 669 2026; x_wconf 72' lang='grc' dir='ltr'>καλουμένους</span> <span class='ocrx_word' id='word_1_242' title='bbox 699 1956 857 2028; x_wconf 82' lang='grc' dir='ltr'>ὑμῶν</span> <span class='ocrx_word' id='word_1_243' title='bbox 900 1957 1073 2021; x_wconf 82' lang='grc' dir='ltr'>θεοὺς,</span> <span class='ocrx_word' id='word_1_244' title='bbox 1099 1950 1176 2011; x_wconf 83' lang='grc' dir='ltr'>ὧν</span> <span class='ocrx_word' id='word_1_245' title='bbox 1207 1959 1265 2011; x_wconf 85' lang='grc' dir='ltr'>αἱ</span> <span class='ocrx_word' id='word_1_246' title='bbox 1302 1956 1518 2012; x_wconf 73' lang='grc' dir='ltr'>τελεταὶ</span> <span class='ocrx_word' id='word_1_247' title='bbox 1552 1974 1745 2028; x_wconf 89' lang='grc' dir='ltr'>μυστι-</span> 
     </span>
    </p>
   </div>
   <div class='ocr_carea' id='block_1_37' title="bbox 142 2042 1745 2120">
    <p class='ocr_par' dir='ltr' id='par_1_37' title="bbox 142 2042 1745 2120">
     <span class='ocr_line' id='line_1_37' title="bbox 142 2042 1745 2120; baseline 0.002 -21"><span class='ocrx_word' id='word_1_248' title='bbox 142 2046 261 2110; x_wconf 79' lang='grc' dir='ltr'>καὶ,</span> <span class='ocrx_word' id='word_1_249' title='bbox 287 2042 403 2100; x_wconf 78' lang='grc' dir='ltr'>οἷον</span> <span class='ocrx_word' id='word_1_250' title='bbox 434 2047 531 2101; x_wconf 74' lang='grc' dir='ltr'><strong>ἐπὶ</strong></span> <span class='ocrx_word' id='word_1_251' title='bbox 564 2047 775 2120; x_wconf 79' lang='grc' dir='ltr'>σκηνῆς</span> <span class='ocrx_word' id='word_1_252' title='bbox 802 2048 896 2102; x_wconf 84' lang='grc' dir='ltr'>τοῦ</span> <span class='ocrx_word' id='word_1_253' title='bbox 929 2048 1042 2119; x_wconf 87' lang='grc' dir='ltr'>βίου</span> <span class='ocrx_word' id='word_1_254' title='bbox 1067 2049 1170 2120; x_wconf 84' lang='grc' dir='ltr'>τῆς</span> <span class='ocrx_word' id='word_1_255' title='bbox 1195 2049 1452 2120; x_wconf 79' lang='grc' dir='ltr'>ἀληθείας</span> <span class='ocrx_word' id='word_1_256' title='bbox 1477 2049 1745 2120; x_wconf 75' lang='grc' dir='ltr'>ἐγκεκλη-</span> 
     </span>
    </p>
   </div>
   <div class='ocr_carea' id='block_1_38' title="bbox 142 2135 1741 2211">
    <p class='ocr_par' dir='ltr' id='par_1_38' title="bbox 142 2135 1741 2211">
     <span class='ocr_line' id='line_1_38' title="bbox 142 2135 1741 2211; baseline 0.003 -21"><span class='ocrx_word' id='word_1_257' title='bbox 142 2135 260 2190; x_wconf 87' lang='grc' dir='ltr'><strong>σθω</strong></span> <span class='ocrx_word' id='word_1_258' title='bbox 312 2137 447 2207; x_wconf 83' lang='grc'>(68)</span> <span class='ocrx_word' id='word_1_259' title='bbox 501 2137 741 2203; x_wconf 82' lang='grc' dir='ltr'>θεαταῖς.</span> <span class='ocrx_word' id='word_1_260' title='bbox 790 2139 1045 2194; x_wconf 87' lang='grc' dir='ltr'>Διόνυσον</span> <span class='ocrx_word' id='word_1_261' title='bbox 1100 2140 1379 2211; x_wconf 85' lang='grc' dir='ltr'>Μαινόλην</span> <span class='ocrx_word' id='word_1_262' title='bbox 1425 2139 1741 2211; x_wconf 79' lang='grc' dir='ltr'>ὀργιάζουσι</span> 
     </span>
    </p>
   </div>
   <div class='ocr_carea' id='block_1_39' title="bbox 139 2226 1742 2302">
    <p class='ocr_par' dir='ltr' id='par_1_39' title="bbox 139 2226 1742 2302">
     <span class='ocr_line' id='line_1_39' title="bbox 139 2226 1742 2302; baseline 0.004 -23"><span class='ocrx_word' id='word_1_263' title='bbox 139 2226 374 2297; x_wconf 81' lang='grc' dir='ltr'>Βάκχοι,</span> <span class='ocrx_word' id='word_1_264' title='bbox 407 2227 705 2300; x_wconf 77' lang='grc' dir='ltr'>ὠμοφαγίᾳ</span> <span class='ocrx_word' id='word_1_265' title='bbox 744 2229 843 2301; x_wconf 80' lang='grc' dir='ltr'>τὴν</span> <span class='ocrx_word' id='word_1_266' title='bbox 876 2231 1194 2302; x_wconf 87' lang='grc' dir='ltr'>ίερομανίαν</span> <span class='ocrx_word' id='word_1_267' title='bbox 1208 2232 1462 2300; x_wconf 78' lang='grc' dir='ltr'>ἄγοντες·</span> <span class='ocrx_word' id='word_1_268' title='bbox 1491 2234 1587 2287; x_wconf 77' lang='grc' dir='ltr'>καὶ</span> <span class='ocrx_word' id='word_1_269' title='bbox 1601 2232 1742 2287; x_wconf 86' lang='grc' dir='ltr'>τελι-</span> 
     </span>
    </p>
   </div>
   <div class='ocr_carea' id='block_1_40' title="bbox 139 2318 1740 2397">
    <p class='ocr_par' dir='ltr' id='par_1_40' title="bbox 139 2318 1740 2397">
     <span class='ocr_line' id='line_1_40' title="bbox 139 2318 1740 2397; baseline 0.005 -26"><span class='ocrx_word' id='word_1_270' title='bbox 139 2334 339 2372; x_wconf 83' lang='grc' dir='ltr'>σκουσι</span> <span class='ocrx_word' id='word_1_271' title='bbox 370 2318 471 2384; x_wconf 71' lang='grc' dir='ltr'>τὰς</span> <span class='ocrx_word' id='word_1_272' title='bbox 501 2322 837 2393; x_wconf 77' lang='grc' dir='ltr'>κρεανομίας</span> <span class='ocrx_word' id='word_1_273' title='bbox 879 2322 988 2376; x_wconf 86' lang='grc' dir='ltr'>τῶν</span> <span class='ocrx_word' id='word_1_274' title='bbox 1020 2323 1201 2395; x_wconf 79' lang='grc' dir='ltr'>φόρων</span> <span class='ocrx_word' id='word_1_275' title='bbox 1229 2322 1364 2394; x_wconf 82' lang='grc'>(69),</span> <span class='ocrx_word' id='word_1_276' title='bbox 1397 2324 1740 2397; x_wconf 78' lang='grc' dir='ltr'>ἀνεστεμμέ-</span> 
     </span>
    </p>
   </div>
   <div class='ocr_carea' id='block_1_41' title="bbox 134 2409 1740 2485">
    <p class='ocr_par' dir='ltr' id='par_1_41' title="bbox 134 2409 1740 2485">
     <span class='ocr_line' id='line_1_41' title="bbox 134 2409 1740 2485; baseline 0.003 -24"><span class='ocrx_word' id='word_1_277' title='bbox 134 2425 222 2461; x_wconf 84' lang='grc' dir='ltr'><strong>νοι</strong></span> <span class='ocrx_word' id='word_1_278' title='bbox 254 2412 373 2472; x_wconf 81' lang='grc' dir='ltr'>τοῖς</span> <span class='ocrx_word' id='word_1_279' title='bbox 419 2409 639 2478; x_wconf 72' lang='grc' dir='ltr'>ὕφεσιν·</span> <span class='ocrx_word' id='word_1_280' title='bbox 680 2410 1096 2478; x_wconf 80' lang='grc' dir='ltr'>ἐπολολύζοντες</span> <span class='ocrx_word' id='word_1_281' title='bbox 1128 2411 1275 2467; x_wconf 84' lang='grc' dir='ltr'>Εὐὰν</span> <span class='ocrx_word' id='word_1_282' title='bbox 1303 2413 1540 2485; x_wconf 75' lang='grc' dir='ltr'>ἐκείνην,</span> <span class='ocrx_word' id='word_1_283' title='bbox 1573 2413 1639 2477; x_wconf 75' lang='grc' dir='ltr'><strong>δι’</strong></span> <span class='ocrx_word' id='word_1_284' title='bbox 1674 2415 1740 2485; x_wconf 80' lang='grc' dir='ltr'>ἢν</span> 
     </span>
    </p>
   </div>
   <div class='ocr_carea' id='block_1_42' title="bbox 133 2498 1741 2576">
    <p class='ocr_par' dir='ltr' id='par_1_42' title="bbox 133 2498 1741 2576">
     <span class='ocr_line' id='line_1_42' title="bbox 133 2498 1741 2576; baseline 0.002 -24"><span class='ocrx_word' id='word_1_285' title='bbox 133 2499 173 2568; x_wconf 81' lang='grc' dir='ltr'>ὴ</span> <span class='ocrx_word' id='word_1_286' title='bbox 208 2498 385 2571; x_wconf 77' lang='grc' dir='ltr'>πλάνη</span> <span class='ocrx_word' id='word_1_287' title='bbox 438 2500 911 2572; x_wconf 70' lang='grc' dir='ltr'>παρηκολούθησε,</span> <span class='ocrx_word' id='word_1_288' title='bbox 954 2502 1049 2554; x_wconf 72' lang='grc' dir='ltr'>καὶ</span> <span class='ocrx_word' id='word_1_289' title='bbox 1087 2503 1116 2554; x_wconf 88' lang='lat'><strong>6</strong></span> <span class='ocrx_word' id='word_1_290' title='bbox 1160 2501 1392 2576; x_wconf 83' lang='grc' dir='ltr'>θάνατος</span> <span class='ocrx_word' id='word_1_291' title='bbox 1439 2503 1741 2573; x_wconf 76' lang='grc' dir='ltr'>ἐπηκολού-</span> 
     </span>
    </p>
   </div>
   <div class='ocr_carea' id='block_1_43' title="bbox 130 2589 1739 2664">
    <p class='ocr_par' dir='ltr' id='par_1_43' title="bbox 130 2589 1739 2664">
     <span class='ocr_line' id='line_1_43' title="bbox 130 2589 1739 2664; baseline 0.002 -20"><span class='ocrx_word' id='word_1_292' title='bbox 130 2589 296 2662; x_wconf 82' lang='grc' dir='ltr'>θησε.</span> <span class='ocrx_word' id='word_1_293' title='bbox 330 2593 444 2645; x_wconf 82' lang='grc' dir='ltr'><strong>Καὶ</strong></span> <span class='ocrx_word' id='word_1_294' title='bbox 474 2595 699 2663; x_wconf 87' lang='grc' dir='ltr'>σημεῖον</span> <span class='ocrx_word' id='word_1_295' title='bbox 722 2593 924 2664; x_wconf 85' lang='grc' dir='ltr'>ὀργίων</span> <span class='ocrx_word' id='word_1_296' title='bbox 964 2593 1251 2664; x_wconf 81' lang='grc' dir='ltr'>Βακχικῶν</span> <span class='ocrx_word' id='word_1_297' title='bbox 1288 2594 1411 2663; x_wconf 75' lang='grc' dir='ltr'>ὄφις</span> <span class='ocrx_word' id='word_1_298' title='bbox 1443 2594 1563 2648; x_wconf 76' lang='grc' dir='ltr'>ἐστὶ</span> <span class='ocrx_word' id='word_1_299' title='bbox 1586 2612 1739 2648; x_wconf 89' lang='grc' dir='ltr'>τετε-</span> 
     </span>
    </p>
   </div>
   <div class='ocr_carea' id='block_1_44' title="bbox 130 2683 1738 2759">
    <p class='ocr_par' dir='ltr' id='par_1_44' title="bbox 130 2683 1738 2759">
     <span class='ocr_line' id='line_1_44' title="bbox 130 2683 1738 2759; baseline 0.004 -22"><span class='ocrx_word' id='word_1_300' title='bbox 130 2683 421 2755; x_wconf 83' lang='grc' dir='ltr'>λεσμένος.</span> <span class='ocrx_word' id='word_1_301' title='bbox 445 2685 654 2739; x_wconf 78' lang='grc' dir='ltr'>Λύτίκα</span> <span class='ocrx_word' id='word_1_302' title='bbox 679 2685 809 2754; x_wconf 78' lang='grc' dir='ltr'>γοῦν</span> <span class='ocrx_word' id='word_1_303' title='bbox 832 2686 971 2740; x_wconf 77' lang='grc' dir='ltr'>κατὰ</span> <span class='ocrx_word' id='word_1_304' title='bbox 996 2686 1093 2758; x_wconf 78' lang='grc' dir='ltr'>τὴν</span> <span class='ocrx_word' id='word_1_305' title='bbox 1110 2686 1314 2759; x_wconf 79' lang='grc' dir='ltr'>ἀκριϐῆ</span> <span class='ocrx_word' id='word_1_306' title='bbox 1337 2686 1446 2740; x_wconf 83' lang='grc' dir='ltr'>τῶν</span> <span class='ocrx_word' id='word_1_307' title='bbox 1473 2686 1738 2759; x_wconf 80' lang='grc' dir='ltr'>Ἐϐραίων</span> 
     </span>
    </p>
   </div>
   <div class='ocr_carea' id='block_1_45' title="bbox 129 2776 1738 2851">
    <p class='ocr_par' dir='ltr' id='par_1_45' title="bbox 129 2776 1738 2851">
     <span class='ocr_line' id='line_1_45' title="bbox 129 2776 1738 2851; baseline 0.004 -23"><span class='ocrx_word' id='word_1_308' title='bbox 129 2777 347 2847; x_wconf 76' lang='grc' dir='ltr'>φωνὴν,</span> <span class='ocrx_word' id='word_1_309' title='bbox 391 2777 458 2829; x_wconf 82' lang='grc' dir='ltr'>τὸ</span> <span class='ocrx_word' id='word_1_310' title='bbox 504 2776 675 2847; x_wconf 74' lang='grc' dir='ltr'>ὄνομα</span> <span class='ocrx_word' id='word_1_311' title='bbox 721 2778 782 2832; x_wconf 75' lang='grc' dir='ltr'>τὸ</span> <span class='ocrx_word' id='word_1_312' title='bbox 832 2777 945 2831; x_wconf 76' lang='grc' dir='ltr'><strong>Εὕα</strong></span> <span class='ocrx_word' id='word_1_313' title='bbox 975 2778 1336 2851; x_wconf 79' lang='grc' dir='ltr'>δασυνόμενον</span> <span class='ocrx_word' id='word_1_314' title='bbox 1377 2779 1738 2851; x_wconf 79' lang='grc' dir='ltr'>ἑρμηνεύεται</span> 
     </span>
    </p>
   </div>
   <div class='ocr_carea' id='block_1_46' title="bbox 127 2865 1737 2940">
    <p class='ocr_par' dir='ltr' id='par_1_46' title="bbox 127 2865 1737 2940">
     <span class='ocr_line' id='line_1_46' title="bbox 127 2865 1737 2940; baseline 0.002 -22"><span class='ocrx_word' id='word_1_315' title='bbox 127 2866 262 2935; x_wconf 68' lang='grc' dir='ltr'>δφις</span> <span class='ocrx_word' id='word_1_316' title='bbox 289 2865 502 2937; x_wconf 82' lang='grc' dir='ltr'>θήλεια.</span> <span class='ocrx_word' id='word_1_317' title='bbox 526 2865 653 2938; x_wconf 85' lang='grc' dir='ltr'><strong>Δηὼ</strong></span> <span class='ocrx_word' id='word_1_318' title='bbox 685 2866 745 2919; x_wconf 83' lang='grc' dir='ltr'>δὲ</span> <span class='ocrx_word' id='word_1_319' title='bbox 798 2868 891 2920; x_wconf 73' lang='grc' dir='ltr'>καὶ</span> <span class='ocrx_word' id='word_1_320' title='bbox 916 2867 1067 2939; x_wconf 82' lang='grc' dir='ltr'>Κόρη</span> <span class='ocrx_word' id='word_1_321' title='bbox 1099 2868 1284 2940; x_wconf 77' lang='grc' dir='ltr'>δρᾶμα</span> <span class='ocrx_word' id='word_1_322' title='bbox 1309 2868 1409 2940; x_wconf 72' lang='grc' dir='ltr'>ἤδη</span> <span class='ocrx_word' id='word_1_323' title='bbox 1444 2868 1737 2940; x_wconf 78' lang='grc' dir='ltr'>ἐγενέσθην</span> 
     </span>
    </p>
   </div>
   <div class='ocr_carea' id='block_1_47' title="bbox 138 2956 1737 3032">
    <p class='ocr_par' dir='ltr' id='par_1_47' title="bbox 138 2956 1737 3032">
     <span class='ocr_line' id='line_1_47' title="bbox 138 2956 1737 3032; baseline 0.003 -22"><span class='ocrx_word' id='word_1_324' title='bbox 138 2956 430 3028; x_wconf 77' lang='grc' dir='ltr'>μυστικὸν,</span> <span class='ocrx_word' id='word_1_325' title='bbox 463 2958 558 3011; x_wconf 67' lang='grc' dir='ltr'>καὶ</span> <span class='ocrx_word' id='word_1_326' title='bbox 584 2959 685 3029; x_wconf 83' lang='grc' dir='ltr'>τὴν</span> <span class='ocrx_word' id='word_1_327' title='bbox 714 2957 946 3028; x_wconf 76' lang='grc' dir='ltr'>πλάνην,</span> <span class='ocrx_word' id='word_1_328' title='bbox 977 2961 1073 3012; x_wconf 81' lang='grc' dir='ltr'>καὶ</span> <span class='ocrx_word' id='word_1_329' title='bbox 1111 2958 1213 3032; x_wconf 79' lang='grc' dir='ltr'>τὴν</span> <span class='ocrx_word' id='word_1_330' title='bbox 1250 2959 1528 3031; x_wconf 76' lang='grc' dir='ltr'>ἁρπαγὴν,</span> <span class='ocrx_word' id='word_1_331' title='bbox 1558 2959 1737 3015; x_wconf 79' lang='grc' dir='ltr'>καὶτὸ</span> 
     </span>
    </p>
   </div>
   <div class='ocr_carea' id='block_1_48' title="bbox 136 3047 1736 3123">
    <p class='ocr_par' dir='ltr' id='par_1_48' title="bbox 136 3047 1736 3123">
     <span class='ocr_line' id='line_1_48' title="bbox 136 3047 1736 3123; baseline 0.004 -23"><span class='ocrx_word' id='word_1_332' title='bbox 136 3047 337 3112; x_wconf 78' lang='grc' dir='ltr'>πένθος</span> <span class='ocrx_word' id='word_1_333' title='bbox 370 3048 565 3102; x_wconf 74' lang='grc' dir='ltr'>αὐταῖν</span> <span class='ocrx_word' id='word_1_334' title='bbox 599 3049 845 3113; x_wconf 74' lang='grc' dir='ltr'>Ἐλευσὶς</span> <span class='ocrx_word' id='word_1_335' title='bbox 881 3050 1142 3123; x_wconf 77' lang='grc' dir='ltr'>δᾳδουχεί.</span> <span class='ocrx_word' id='word_1_336' title='bbox 1180 3051 1291 3105; x_wconf 83' lang='grc' dir='ltr'>Καί</span> <span class='ocrx_word' id='word_1_337' title='bbox 1344 3069 1433 3123; x_wconf 91' lang='grc' dir='ltr'><strong>μοι</strong></span> <span class='ocrx_word' id='word_1_338' title='bbox 1468 3052 1616 3106; x_wconf 84' lang='grc' dir='ltr'>δοκεῖ</span> <span class='ocrx_word' id='word_1_339' title='bbox 1664 3053 1736 3108; x_wconf 83' lang='grc' dir='ltr'><strong>τὰ</strong></span> 
     </span>
    </p>
   </div>
   <div class='ocr_carea' id='block_1_49' title="bbox 1846 1850 3432 1926">
    <p class='ocr_par' dir='ltr' id='par_1_49' title="bbox 1846 1850 3432 1926">
     <span class='ocr_line' id='line_1_49' title="bbox 1846 1850 3432 1926; baseline 0.004 -22"><span class='ocrx_word' id='word_1_340' title='bbox 1846 1850 1945 1905; x_wconf 91' lang='lat' dir='ltr'><strong>luti</strong></span> <span class='ocrx_word' id='word_1_341' title='bbox 1978 1850 2366 1921; x_wconf 77' lang='lat' dir='ltr'><strong>negotiationis</strong></span> <span class='ocrx_word' id='word_1_342' title='bbox 2410 1855 2574 1909; x_wconf 66' lang='lat' dir='ltr'><strong>sociae</strong></span> <span class='ocrx_word' id='word_1_343' title='bbox 2621 1855 2925 1910; x_wconf 85' lang='lat' dir='ltr'><strong>habeantur</strong></span> <span class='ocrx_word' id='word_1_344' title='bbox 2965 1871 3146 1926; x_wconf 62' lang='lat' dir='ltr'><strong>caprae</strong></span> <span class='ocrx_word' id='word_1_345' title='bbox 3192 1857 3258 1910; x_wconf 90' lang='lat' dir='ltr'><strong>ad</strong></span> <span class='ocrx_word' id='word_1_346' title='bbox 3288 1856 3432 1912; x_wconf 83' lang='lat' dir='ltr'><strong>divi-</strong></span> 
     </span>
    </p>
   </div>
   <div class='ocr_carea' id='block_1_50' title="bbox 1846 1942 3433 2018">
    <p class='ocr_par' dir='ltr' id='par_1_50' title="bbox 1846 1942 3433 2018">
     <span class='ocr_line' id='line_1_50' title="bbox 1846 1942 3433 2018; baseline 0.004 -21"><span class='ocrx_word' id='word_1_347' title='bbox 1846 1943 2088 1997; x_wconf 89' lang='lat' dir='ltr'><strong>nandum</strong></span> <span class='ocrx_word' id='word_1_348' title='bbox 2119 1942 2444 2009; x_wconf 83' lang='lat' dir='ltr'><strong>inl&#39;ormatae,</strong></span> <span class='ocrx_word' id='word_1_349' title='bbox 2476 1960 2577 2001; x_wconf 85' lang='lat' dir='ltr'><strong>nec</strong></span> <span class='ocrx_word' id='word_1_350' title='bbox 2604 1962 2716 2002; x_wconf 86' lang='lat' dir='ltr'><strong>non</strong></span> <span class='ocrx_word' id='word_1_351' title='bbox 2745 1948 2895 2003; x_wconf 81' lang='lat' dir='ltr'><strong>corvi</strong></span> <span class='ocrx_word' id='word_1_352' title='bbox 2927 1949 3026 2012; x_wconf 90' lang='lat' dir='ltr'><strong>illi,</strong></span> <span class='ocrx_word' id='word_1_353' title='bbox 3063 1963 3204 2018; x_wconf 87' lang='lat' dir='ltr'><strong>quos</strong></span> <span class='ocrx_word' id='word_1_354' title='bbox 3238 1949 3307 2003; x_wconf 90' lang='lat' dir='ltr'><strong>ad</strong></span> <span class='ocrx_word' id='word_1_355' title='bbox 3342 1964 3433 2004; x_wconf 86' lang='lat' dir='ltr'><strong>re-</strong></span> 
     </span>
    </p>
   </div>
   <div class='ocr_carea' id='block_1_51' title="bbox 1846 2033 3432 2109">
    <p class='ocr_par' dir='ltr' id='par_1_51' title="bbox 1846 2033 3432 2109">
     <span class='ocr_line' id='line_1_51' title="bbox 1846 2033 3432 2109; baseline 0.003 -20"><span class='ocrx_word' id='word_1_356' title='bbox 1846 2048 2048 2103; x_wconf 90' lang='lat' dir='ltr'><strong>sponsa</strong></span> <span class='ocrx_word' id='word_1_357' title='bbox 2095 2033 2372 2091; x_wconf 81' lang='lat' dir='ltr'><strong>reddenda</strong></span> <span class='ocrx_word' id='word_1_358' title='bbox 2417 2036 2670 2093; x_wconf 83' lang='lat' dir='ltr'><strong>homines</strong></span> <span class='ocrx_word' id='word_1_359' title='bbox 2709 2038 2981 2093; x_wconf 89' lang='lat' dir='ltr'><strong>erudiere.</strong></span> <span class='ocrx_word' id='word_1_360' title='bbox 3023 2037 3167 2104; x_wconf 85' lang='lat' dir='ltr'><strong>Quid</strong></span> <span class='ocrx_word' id='word_1_361' title='bbox 3210 2039 3257 2094; x_wconf 88' lang='lat' dir='ltr'><strong>si</strong></span> <span class='ocrx_word' id='word_1_362' title='bbox 3310 2039 3432 2109; x_wconf 84' lang='lat' dir='ltr'><strong>ipsa</strong></span> 
     </span>
    </p>
   </div>
   <div class='ocr_carea' id='block_1_52' title="bbox 1844 2129 3431 2202">
    <p class='ocr_par' dir='ltr' id='par_1_52' title="bbox 1844 2129 3431 2202">
     <span class='ocr_line' id='line_1_52' title="bbox 1844 2129 3431 2202; baseline 0.005 -23"><span class='ocrx_word' id='word_1_363' title='bbox 1844 2140 2063 2196; x_wconf 90' lang='lat' dir='ltr'><strong>quoque</strong></span> <span class='ocrx_word' id='word_1_364' title='bbox 2106 2129 2369 2197; x_wconf 88' lang='lat' dir='ltr'><strong>mysteria</strong></span> <span class='ocrx_word' id='word_1_365' title='bbox 2421 2129 2519 2183; x_wconf 86' lang='lat' dir='ltr'><strong>tibi</strong></span> <span class='ocrx_word' id='word_1_366' title='bbox 2560 2130 2888 2185; x_wconf 78' lang='lat' dir='ltr'><strong>enueleem?</strong></span> <span class='ocrx_word' id='word_1_367' title='bbox 2932 2129 3053 2185; x_wconf 90' lang='lat' dir='ltr'><strong>Non</strong></span> <span class='ocrx_word' id='word_1_368' title='bbox 3101 2145 3167 2187; x_wconf 89' lang='lat' dir='ltr'><strong>ea</strong></span> <span class='ocrx_word' id='word_1_369' title='bbox 3209 2131 3431 2202; x_wconf 83' lang='lat' dir='ltr'><strong>quidem</strong></span> 
     </span>
    </p>
   </div>
   <div class='ocr_carea' id='block_1_53' title="bbox 1845 2221 3432 2291">
    <p class='ocr_par' dir='ltr' id='par_1_53' title="bbox 1845 2221 3432 2291">
     <span class='ocr_line' id='line_1_53' title="bbox 1845 2221 3432 2291; baseline 0.004 -17"><span class='ocrx_word' id='word_1_370' title='bbox 1845 2227 2050 2276; x_wconf 89' lang='lat' dir='ltr'><strong>temere</strong></span> <span class='ocrx_word' id='word_1_371' title='bbox 2076 2221 2332 2290; x_wconf 75' lang='lat' dir='ltr'><strong>vulgabo,</strong></span> <span class='ocrx_word' id='word_1_372' title='bbox 2363 2230 2424 2277; x_wconf 91' lang='lat' dir='ltr'><strong>ut</strong></span> <span class='ocrx_word' id='word_1_373' title='bbox 2451 2222 2786 2278; x_wconf 87' lang='lat' dir='ltr'><strong>Alcibiadem</strong></span> <span class='ocrx_word' id='word_1_374' title='bbox 2812 2221 3011 2279; x_wconf 80' lang='lat' dir='ltr'><strong>fecisse</strong></span> <span class='ocrx_word' id='word_1_375' title='bbox 3046 2225 3299 2291; x_wconf 89' lang='lat' dir='ltr'><strong>tradunt;</strong></span> <span class='ocrx_word' id='word_1_376' title='bbox 3333 2223 3432 2281; x_wconf 80' lang='lat' dir='ltr'><strong>sed</strong></span> 
     </span>
    </p>
   </div>
   <div class='ocr_carea' id='block_1_54' title="bbox 1843 2313 3431 2388">
    <p class='ocr_par' dir='ltr' id='par_1_54' title="bbox 1843 2313 3431 2388">
     <span class='ocr_line' id='line_1_54' title="bbox 1843 2313 3431 2388; baseline 0.004 -23"><span class='ocrx_word' id='word_1_377' title='bbox 1843 2319 2029 2367; x_wconf 88' lang='lat' dir='ltr'><strong>tamen</strong></span> <span class='ocrx_word' id='word_1_378' title='bbox 2066 2313 2205 2368; x_wconf 82' lang='lat' dir='ltr'><strong>belle</strong></span> <span class='ocrx_word' id='word_1_379' title='bbox 2237 2315 2539 2377; x_wconf 83' lang='lat' dir='ltr'><strong>admodum</strong></span> <span class='ocrx_word' id='word_1_380' title='bbox 2574 2315 2842 2385; x_wconf 90' lang='lat' dir='ltr'><strong>quidquid</strong></span> <span class='ocrx_word' id='word_1_381' title='bbox 2873 2316 2978 2372; x_wconf 87' lang='lat' dir='ltr'><strong>sub</strong></span> <span class='ocrx_word' id='word_1_382' title='bbox 3013 2317 3082 2372; x_wconf 91' lang='lat' dir='ltr'><strong>iis</strong></span> <span class='ocrx_word' id='word_1_383' title='bbox 3126 2317 3431 2388; x_wconf 73' lang='lat' dir='ltr'><strong>praestigia-</strong></span> 
     </span>
    </p>
   </div>
   <div class='ocr_carea' id='block_1_55' title="bbox 1843 2405 3432 2482">
    <p class='ocr_par' dir='ltr' id='par_1_55' title="bbox 1843 2405 3432 2482">
     <span class='ocr_line' id='line_1_55' title="bbox 1843 2405 3432 2482; baseline 0.006 -24"><span class='ocrx_word' id='word_1_384' title='bbox 1843 2420 1965 2459; x_wconf 88' lang='lat' dir='ltr'><strong>rum</strong></span> <span class='ocrx_word' id='word_1_385' title='bbox 1999 2405 2152 2473; x_wconf 87' lang='lat' dir='ltr'><strong>latet,</strong></span> <span class='ocrx_word' id='word_1_386' title='bbox 2182 2407 2300 2478; x_wconf 83' lang='lat' dir='ltr'><strong>ipsa</strong></span> <span class='ocrx_word' id='word_1_387' title='bbox 2332 2409 2581 2467; x_wconf 81' lang='lat' dir='ltr'><strong>veritatis</strong></span> <span class='ocrx_word' id='word_1_388' title='bbox 2611 2410 2861 2475; x_wconf 89' lang='lat' dir='ltr'><strong>oratione</strong></span> <span class='ocrx_word' id='word_1_389' title='bbox 2895 2410 3138 2475; x_wconf 86' lang='lat' dir='ltr'><strong>nudaho,</strong></span> <span class='ocrx_word' id='word_1_390' title='bbox 3179 2425 3432 2482; x_wconf 80' lang='lat' dir='ltr'><strong>quosque</strong></span> 
     </span>
    </p>
   </div>
   <div class='ocr_carea' id='block_1_56' title="bbox 1840 2493 3431 2574">
    <p class='ocr_par' dir='ltr' id='par_1_56' title="bbox 1840 2493 3431 2574">
     <span class='ocr_line' id='line_1_56' title="bbox 1840 2493 3431 2574; baseline 0.004 -25"><span class='ocrx_word' id='word_1_391' title='bbox 1840 2493 1976 2551; x_wconf 91' lang='lat' dir='ltr'><strong>deos</strong></span> <span class='ocrx_word' id='word_1_392' title='bbox 2010 2498 2340 2567; x_wconf 89' lang='lat' dir='ltr'><strong>nuncupatis</strong></span> <span class='ocrx_word' id='word_1_393' title='bbox 2364 2513 2429 2552; x_wconf 88' lang='lat' dir='ltr'><strong>ac</strong></span> <span class='ocrx_word' id='word_1_394' title='bbox 2459 2499 2704 2569; x_wconf 75' lang='lat' dir='ltr'><strong>mysticis</strong></span> <span class='ocrx_word' id='word_1_395' title='bbox 2728 2499 2929 2574; x_wconf 82' lang='lat' dir='ltr'><strong>ritibus</strong></span> <span class='ocrx_word' id='word_1_396' title='bbox 2962 2500 3165 2567; x_wconf 86' lang='lat' dir='ltr'><strong>colitis,</strong></span> <span class='ocrx_word' id='word_1_397' title='bbox 3197 2500 3319 2556; x_wconf 90' lang='lat' dir='ltr'><strong>illos</strong></span> <span class='ocrx_word' id='word_1_398' title='bbox 3346 2500 3431 2556; x_wconf 87' lang='lat' dir='ltr'><strong>sie</strong></span> 
     </span>
    </p>
   </div>
   <div class='ocr_carea' id='block_1_57' title="bbox 1841 2588 3430 2661">
    <p class='ocr_par' dir='ltr' id='par_1_57' title="bbox 1841 2588 3430 2661">
     <span class='ocr_line' id='line_1_57' title="bbox 1841 2588 3430 2661; baseline 0.003 -20"><span class='ocrx_word' id='word_1_399' title='bbox 1841 2594 2104 2657; x_wconf 89' lang='lat' dir='ltr'><strong>tanquam</strong></span> <span class='ocrx_word' id='word_1_400' title='bbox 2145 2588 2200 2643; x_wconf 89' lang='lat' dir='ltr'><strong>in</strong></span> <span class='ocrx_word' id='word_1_401' title='bbox 2236 2590 2424 2661; x_wconf 86' lang='lat' dir='ltr'><strong>aliqua</strong></span> <span class='ocrx_word' id='word_1_402' title='bbox 2452 2590 2620 2661; x_wconf 89' lang='lat' dir='ltr'><strong>hujus</strong></span> <span class='ocrx_word' id='word_1_403' title='bbox 2646 2591 2773 2645; x_wconf 70' lang='lat' dir='ltr'><strong>vitae</strong></span> <span class='ocrx_word' id='word_1_404' title='bbox 2813 2606 2977 2661; x_wconf 72' lang='lat' dir='ltr'><strong>scena</strong></span> <span class='ocrx_word' id='word_1_405' title='bbox 3014 2592 3259 2647; x_wconf 79' lang='lat' dir='ltr'><strong>inclusos</strong></span> <span class='ocrx_word' id='word_1_406' title='bbox 3288 2590 3430 2646; x_wconf 79' lang='lat' dir='ltr'><strong>veri-</strong></span> 
     </span>
    </p>
   </div>
   <div class='ocr_carea' id='block_1_58' title="bbox 1841 2678 3426 2753">
    <p class='ocr_par' dir='ltr' id='par_1_58' title="bbox 1841 2678 3426 2753">
     <span class='ocr_line' id='line_1_58' title="bbox 1841 2678 3426 2753; baseline 0.004 -21"><span class='ocrx_word' id='word_1_407' title='bbox 1841 2678 1969 2733; x_wconf 87' lang='lat' dir='ltr'><strong>tatis</strong></span> <span class='ocrx_word' id='word_1_408' title='bbox 1990 2678 2238 2750; x_wconf 86' lang='lat' dir='ltr'><strong>ejusdem</strong></span> <span class='ocrx_word' id='word_1_409' title='bbox 2272 2691 2641 2751; x_wconf 82' lang='lat' dir='ltr'><strong>spectatorum</strong></span> <span class='ocrx_word' id='word_1_410' title='bbox 2683 2683 2860 2738; x_wconf 90' lang='lat' dir='ltr'><strong>oculis</strong></span> <span class='ocrx_word' id='word_1_411' title='bbox 2887 2683 3166 2753; x_wconf 86' lang='lat' dir='ltr'><strong>objiciam.</strong></span> <span class='ocrx_word' id='word_1_412' title='bbox 3198 2683 3277 2740; x_wconf 82' lang='lat' dir='ltr'><strong>Ac</strong></span> <span class='ocrx_word' id='word_1_413' title='bbox 3310 2684 3426 2752; x_wconf 84' lang='lat' dir='ltr'><strong>pri-</strong></span> 
     </span>
    </p>
   </div>
   <div class='ocr_carea' id='block_1_59' title="bbox 1839 2773 3426 2845">
    <p class='ocr_par' dir='ltr' id='par_1_59' title="bbox 1839 2773 3426 2845">
     <span class='ocr_line' id='line_1_59' title="bbox 1839 2773 3426 2845; baseline 0.004 -21"><span class='ocrx_word' id='word_1_414' title='bbox 1839 2786 2015 2839; x_wconf 90' lang='lat' dir='ltr'><strong>mum,</strong></span> <span class='ocrx_word' id='word_1_415' title='bbox 2044 2786 2171 2827; x_wconf 89' lang='lat' dir='ltr'><strong>ecce</strong></span> <span class='ocrx_word' id='word_1_416' title='bbox 2213 2773 2309 2828; x_wconf 90' lang='lat' dir='ltr'><strong>tibi</strong></span> <span class='ocrx_word' id='word_1_417' title='bbox 2341 2774 2595 2829; x_wconf 87' lang='lat' dir='ltr'><strong>homines</strong></span> <span class='ocrx_word' id='word_1_418' title='bbox 2622 2773 2827 2830; x_wconf 87' lang='lat' dir='ltr'><strong>furoris</strong></span> <span class='ocrx_word' id='word_1_419' title='bbox 2857 2785 3026 2830; x_wconf 88' lang='lat' dir='ltr'><strong>oestro</strong></span> <span class='ocrx_word' id='word_1_420' title='bbox 3056 2776 3247 2845; x_wconf 83' lang='lat' dir='ltr'><strong>perciti</strong></span> <span class='ocrx_word' id='word_1_421' title='bbox 3286 2773 3426 2831; x_wconf 82' lang='lat' dir='ltr'><strong>Bac-</strong></span> 
     </span>
    </p>
   </div>
   <div class='ocr_carea' id='block_1_60' title="bbox 1840 2863 3426 2937">
    <p class='ocr_par' dir='ltr' id='par_1_60' title="bbox 1840 2863 3426 2937">
     <span class='ocr_line' id='line_1_60' title="bbox 1840 2863 3426 2937; baseline 0.002 -18"><span class='ocrx_word' id='word_1_422' title='bbox 1840 2864 2003 2919; x_wconf 89' lang='lat' dir='ltr'><strong>chum</strong></span> <span class='ocrx_word' id='word_1_423' title='bbox 2039 2863 2302 2920; x_wconf 72' lang='lat' dir='ltr'><strong>Maenolen</strong></span> <span class='ocrx_word' id='word_1_424' title='bbox 2350 2865 2692 2922; x_wconf 91' lang='lat' dir='ltr'><strong>solemnibus</strong></span> <span class='ocrx_word' id='word_1_425' title='bbox 2734 2865 2917 2937; x_wconf 84' lang='lat' dir='ltr'><strong>Orgiis</strong></span> <span class='ocrx_word' id='word_1_426' title='bbox 2944 2867 3241 2933; x_wconf 86' lang='lat' dir='ltr'><strong>celebrant,</strong></span> <span class='ocrx_word' id='word_1_427' title='bbox 3296 2882 3426 2922; x_wconf 89' lang='lat' dir='ltr'><strong>cru-</strong></span> 
     </span>
    </p>
   </div>
   <div class='ocr_carea' id='block_1_61' title="bbox 1837 2938 3426 3033">
    <p class='ocr_par' dir='ltr' id='par_1_61' title="bbox 1837 2938 3426 3033">
     <span class='ocr_line' id='line_1_61' title="bbox 1837 2938 3426 3033; baseline 0.002 -23"><span class='ocrx_word' id='word_1_428' title='bbox 1837 2957 2031 3010; x_wconf 89' lang='lat' dir='ltr'><strong>darum</strong></span> <span class='ocrx_word' id='word_1_429' title='bbox 2078 2959 2328 3012; x_wconf 89' lang='lat' dir='ltr'><strong>carnium</strong></span> <span class='ocrx_word' id='word_1_430' title='bbox 2375 2938 2711 3014; x_wconf 74' lang='lat' dir='ltr'><strong>helluatione</strong></span> <span class='ocrx_word' id='word_1_431' title='bbox 2750 2975 2962 3033; x_wconf 82' lang='lat' dir='ltr'><strong>sacram</strong></span> <span class='ocrx_word' id='word_1_432' title='bbox 2996 2959 3267 3018; x_wconf 83' lang='lat' dir='ltr'><strong>insaniam</strong></span> <span class='ocrx_word' id='word_1_433' title='bbox 3302 2973 3426 3030; x_wconf 82' lang='lat' dir='ltr'><strong>per-</strong></span> 
     </span>
    </p>
   </div>
   <div class='ocr_carea' id='block_1_62' title="bbox 1839 3050 3417 3119">
    <p class='ocr_par' dir='ltr' id='par_1_62' title="bbox 1839 3050 3417 3119">
     <span class='ocr_line' id='line_1_62' title="bbox 1839 3050 3417 3119; baseline 0.001 -17"><span class='ocrx_word' id='word_1_434' title='bbox 1839 3060 2084 3118; x_wconf 79' lang='lat' dir='ltr'><strong>agentes,</strong></span> <span class='ocrx_word' id='word_1_435' title='bbox 2122 3063 2500 3118; x_wconf 71' lang='lat' dir='ltr'><strong>caesarumque</strong></span> <span class='ocrx_word' id='word_1_436' title='bbox 2547 3050 2889 3104; x_wconf 85' lang='lat' dir='ltr'><strong>victimarum</strong></span> <span class='ocrx_word' id='word_1_437' title='bbox 2927 3058 3108 3119; x_wconf 88' lang='lat' dir='ltr'><strong>partes</strong></span> <span class='ocrx_word' id='word_1_438' title='bbox 3148 3051 3417 3117; x_wconf 88' lang='lat' dir='ltr'><strong>dividunt,</strong></span> 
     </span>
    </p>
   </div>
   <div class='ocr_carea' id='block_1_63' title="bbox 134 3126 1719 3217">
    <p class='ocr_par' dir='ltr' id='par_1_63' title="bbox 134 3138 1719 3217">
     <span class='ocr_line' id='line_1_63' title="bbox 134 3138 1719 3217; baseline 0.002 -22"><span class='ocrx_word' id='word_1_439' title='bbox 134 3138 319 3213; x_wconf 71' lang='grc' dir='ltr'>δρτια,</span> <span class='ocrx_word' id='word_1_440' title='bbox 358 3141 457 3194; x_wconf 78' lang='grc' dir='ltr'>καὶ</span> <span class='ocrx_word' id='word_1_441' title='bbox 494 3141 565 3195; x_wconf 76' lang='grc' dir='ltr'><strong>τά</strong></span> <span class='ocrx_word' id='word_1_442' title='bbox 602 3143 877 3214; x_wconf 80' lang='grc' dir='ltr'>μυστήρια</span> <span class='ocrx_word' id='word_1_443' title='bbox 921 3145 1031 3198; x_wconf 85' lang='grc' dir='ltr'>δεῖν</span> <span class='ocrx_word' id='word_1_444' title='bbox 1073 3145 1443 3216; x_wconf 82' lang='grc' dir='ltr'>ὲτυμολογεῖν,</span> <span class='ocrx_word' id='word_1_445' title='bbox 1489 3144 1560 3199; x_wconf 80' lang='grc' dir='ltr'><strong>τὰ</strong></span> <span class='ocrx_word' id='word_1_446' title='bbox 1612 3147 1719 3217; x_wconf 39' lang='grc' dir='ltr'>μὲν.</span> 
     </span>
    </p>
   </div>
   <div class='ocr_carea' id='block_1_64' title="bbox 1840 3126 3426 3217">
    <p class='ocr_par' dir='ltr' id='par_1_64' title="bbox 1840 3138 3426 3211">
     <span class='ocr_line' id='line_1_64' title="bbox 1840 3138 3426 3211; baseline 0.002 -17"><span class='ocrx_word' id='word_1_447' title='bbox 1840 3139 2186 3209; x_wconf 88' lang='lat' dir='ltr'><strong>serpentibus</strong></span> <span class='ocrx_word' id='word_1_448' title='bbox 2219 3140 2464 3195; x_wconf 90' lang='lat' dir='ltr'><strong>coronati</strong></span> <span class='ocrx_word' id='word_1_449' title='bbox 2495 3159 2509 3196; x_wconf 90' lang='lat'><strong>:</strong></span> <span class='ocrx_word' id='word_1_450' title='bbox 2544 3138 2827 3211; x_wconf 88' lang='lat' dir='ltr'><strong>Evamque</strong></span> <span class='ocrx_word' id='word_1_451' title='bbox 2858 3141 3004 3201; x_wconf 83' lang='lat' dir='ltr'><strong>illam</strong></span> <span class='ocrx_word' id='word_1_452' title='bbox 3040 3141 3212 3197; x_wconf 85' lang='lat' dir='ltr'><strong>vastis</strong></span> <span class='ocrx_word' id='word_1_453' title='bbox 3244 3143 3426 3197; x_wconf 87' lang='lat' dir='ltr'><strong>ulula-</strong></span> 
     </span>
    </p>
   </div>
   <div class='ocr_carea' id='block_1_65' title="bbox 136 3230 1736 3308">
    <p class='ocr_par' dir='ltr' id='par_1_65' title="bbox 136 3230 1736 3308">
     <span class='ocr_line' id='line_1_65' title="bbox 136 3230 1736 3308; baseline 0.004 -24"><span class='ocrx_word' id='word_1_454' title='bbox 136 3232 244 3286; x_wconf 71' lang='grc' dir='ltr'><strong>ἀπὸ</strong></span> <span class='ocrx_word' id='word_1_455' title='bbox 266 3231 372 3301; x_wconf 82' lang='grc' dir='ltr'>τῆς</span> <span class='ocrx_word' id='word_1_456' title='bbox 394 3230 568 3303; x_wconf 75' lang='grc' dir='ltr'>ὀργῆς</span> <span class='ocrx_word' id='word_1_457' title='bbox 595 3233 699 3304; x_wconf 81' lang='grc' dir='ltr'>τῆς</span> <span class='ocrx_word' id='word_1_458' title='bbox 721 3236 896 3307; x_wconf 77' lang='grc' dir='ltr'>Δηοῦς</span> <span class='ocrx_word' id='word_1_459' title='bbox 935 3234 1070 3306; x_wconf 78' lang='grc' dir='ltr'>πρὸς</span> <span class='ocrx_word' id='word_1_460' title='bbox 1101 3235 1201 3287; x_wconf 90' lang='grc' dir='ltr'>Δία</span> <span class='ocrx_word' id='word_1_461' title='bbox 1225 3236 1601 3308; x_wconf 85' lang='grc' dir='ltr'>γεγενημένης</span> <span class='ocrx_word' id='word_1_462' title='bbox 1626 3255 1637 3266; x_wconf 89' lang='grc'><strong>·</strong></span> <span class='ocrx_word' id='word_1_463' title='bbox 1666 3237 1736 3291; x_wconf 84' lang='grc' dir='ltr'>τὰ</span> 
     </span>
    </p>
   </div>
   <div class='ocr_carea' id='block_1_66' title="bbox 136 3322 1738 3399">
    <p class='ocr_par' dir='ltr' id='par_1_66' title="bbox 136 3322 1738 3399">
     <span class='ocr_line' id='line_1_66' title="bbox 136 3322 1738 3399; baseline 0.002 -21"><span class='ocrx_word' id='word_1_464' title='bbox 136 3322 212 3391; x_wconf 74' lang='grc' dir='ltr'>δὲ,</span> <span class='ocrx_word' id='word_1_465' title='bbox 243 3325 357 3378; x_wconf 78' lang='grc' dir='ltr'><strong>ἀπὸ</strong></span> <span class='ocrx_word' id='word_1_466' title='bbox 386 3325 486 3379; x_wconf 75' lang='grc' dir='ltr'>τοῦ</span> <span class='ocrx_word' id='word_1_467' title='bbox 517 3325 722 3397; x_wconf 78' lang='grc' dir='ltr'>μύσους</span> <span class='ocrx_word' id='word_1_468' title='bbox 753 3326 849 3380; x_wconf 79' lang='grc' dir='ltr'>τοῦ</span> <span class='ocrx_word' id='word_1_469' title='bbox 879 3326 1289 3399; x_wconf 77' lang='grc' dir='ltr'>συμϐεϐηκότος</span> <span class='ocrx_word' id='word_1_470' title='bbox 1333 3328 1461 3399; x_wconf 80' lang='grc' dir='ltr'>περὶ</span> <span class='ocrx_word' id='word_1_471' title='bbox 1495 3328 1586 3383; x_wconf 83' lang='grc' dir='ltr'>τὸν</span> <span class='ocrx_word' id='word_1_472' title='bbox 1618 3329 1738 3390; x_wconf 76' lang='grc' dir='ltr'><strong>Διό-</strong></span> 
     </span>
    </p>
   </div>
   <div class='ocr_carea' id='block_1_67' title="bbox 138 3417 1736 3487">
    <p class='ocr_par' dir='ltr' id='par_1_67' title="bbox 138 3417 1736 3487">
     <span class='ocr_line' id='line_1_67' title="bbox 138 3417 1736 3487; baseline 0.003 -17"><span class='ocrx_word' id='word_1_473' title='bbox 138 3433 317 3471; x_wconf 83' lang='grc' dir='ltr'>νυσον.</span> <span class='ocrx_word' id='word_1_474' title='bbox 351 3418 419 3471; x_wconf 83' lang='grc' dir='ltr'>Εί</span> <span class='ocrx_word' id='word_1_475' title='bbox 454 3417 513 3472; x_wconf 84' lang='grc' dir='ltr'>δὲ</span> <span class='ocrx_word' id='word_1_476' title='bbox 556 3418 648 3472; x_wconf 62' lang='grc' dir='ltr'><strong>κα)¹</strong></span> <span class='ocrx_word' id='word_1_477' title='bbox 691 3418 801 3472; x_wconf 80' lang='grc' dir='ltr'><strong>ἀπὸ</strong></span> <span class='ocrx_word' id='word_1_478' title='bbox 829 3418 1145 3484; x_wconf 82' lang='grc' dir='ltr'>Μυσοῦντός</span> <span class='ocrx_word' id='word_1_479' title='bbox 1189 3436 1336 3484; x_wconf 90' lang='grc' dir='ltr'>τινος</span> <span class='ocrx_word' id='word_1_480' title='bbox 1376 3418 1643 3487; x_wconf 81' lang='grc' dir='ltr'>Ἀττικοῦ,</span> <span class='ocrx_word' id='word_1_481' title='bbox 1676 3421 1736 3476; x_wconf 84' lang='grc' dir='ltr'>ὃν</span> 
     </span>
    </p>
   </div>
   <div class='ocr_carea' id='block_1_68' title="bbox 136 3494 1737 3584">
    <p class='ocr_par' dir='ltr' id='par_1_68' title="bbox 136 3494 1737 3584">
     <span class='ocr_line' id='line_1_68' title="bbox 136 3494 1737 3584; baseline 0.002 -22"><span class='ocrx_word' id='word_1_482' title='bbox 136 3510 192 3562; x_wconf 79' lang='grc' dir='ltr'>ὲν</span> <span class='ocrx_word' id='word_1_483' title='bbox 216 3509 466 3582; x_wconf 78' lang='grc' dir='ltr'>κυνηγίᾳ</span> <span class='ocrx_word' id='word_1_484' title='bbox 492 3494 859 3583; x_wconf 67' lang='grc' dir='ltr'>διαφθαρῆναι</span> <span class='ocrx_word' id='word_1_485' title='bbox 892 3510 1290 3584; x_wconf 77' lang='grc' dir='ltr'>Ἀπολλόδωρος</span> <span class='ocrx_word' id='word_1_486' title='bbox 1311 3511 1481 3582; x_wconf 84' lang='grc' dir='ltr'>λέγει,</span> <span class='ocrx_word' id='word_1_487' title='bbox 1510 3514 1571 3567; x_wconf 85' lang='grc' dir='ltr'>οὐ</span> <span class='ocrx_word' id='word_1_488' title='bbox 1608 3512 1737 3584; x_wconf 82' lang='grc' dir='ltr'>φθό-</span> 
     </span>
    </p>
   </div>
   <div class='ocr_carea' id='block_1_69' title="bbox 137 3601 1734 3679">
    <p class='ocr_par' dir='ltr' id='par_1_69' title="bbox 137 3601 1734 3679">
     <span class='ocr_line' id='line_1_69' title="bbox 137 3601 1734 3679; baseline 0.002 -23"><span class='ocrx_word' id='word_1_489' title='bbox 137 3619 220 3665; x_wconf 76' lang='grc' dir='ltr'><strong>νος</strong></span> <span class='ocrx_word' id='word_1_490' title='bbox 250 3602 414 3674; x_wconf 77' lang='grc' dir='ltr'>ὑμῶν</span> <span class='ocrx_word' id='word_1_491' title='bbox 448 3601 765 3669; x_wconf 82' lang='grc' dir='ltr'>δεδοξάσθαι</span> <span class='ocrx_word' id='word_1_492' title='bbox 806 3602 879 3656; x_wconf 85' lang='grc' dir='ltr'>τὰ</span> <span class='ocrx_word' id='word_1_493' title='bbox 922 3605 1196 3679; x_wconf 84' lang='grc' dir='ltr'>μυστήρια</span> <span class='ocrx_word' id='word_1_494' title='bbox 1240 3604 1548 3676; x_wconf 78' lang='grc' dir='ltr'><strong>ὲπιτυμὸἰῳ</strong></span> <span class='ocrx_word' id='word_1_495' title='bbox 1583 3607 1734 3677; x_wconf 74' lang='grc' dir='ltr'>φωνῇ</span> 
     </span>
    </p>
   </div>
   <div class='ocr_carea' id='block_1_70' title="bbox 136 3694 1735 3769">
    <p class='ocr_par' dir='ltr' id='par_1_70' title="bbox 136 3694 1735 3769">
     <span class='ocr_line' id='line_1_70' title="bbox 136 3694 1735 3769; baseline 0.003 -22"><span class='ocrx_word' id='word_1_496' title='bbox 136 3694 226 3747; x_wconf 77' lang='grc' dir='ltr'>καὶ</span> <span class='ocrx_word' id='word_1_497' title='bbox 259 3697 425 3767; x_wconf 83' lang='grc' dir='ltr'>τιμῇ.</span> <span class='ocrx_word' id='word_1_498' title='bbox 460 3694 703 3767; x_wconf 81' lang='grc' dir='ltr'>Πάρεστι</span> <span class='ocrx_word' id='word_1_499' title='bbox 751 3694 810 3748; x_wconf 83' lang='grc' dir='ltr'>δὲ</span> <span class='ocrx_word' id='word_1_500' title='bbox 855 3696 950 3749; x_wconf 79' lang='grc' dir='ltr'>καὶ</span> <span class='ocrx_word' id='word_1_501' title='bbox 1000 3695 1173 3760; x_wconf 79' lang='grc' dir='ltr'>ἄλλως</span> <span class='ocrx_word' id='word_1_502' title='bbox 1218 3695 1461 3769; x_wconf 85' lang='grc' dir='ltr'>μυθήριά</span> <span class='ocrx_word' id='word_1_503' title='bbox 1498 3696 1611 3769; x_wconf 85' lang='lat'><strong>(70)</strong></span> <span class='ocrx_word' id='word_1_504' title='bbox 1654 3714 1735 3751; x_wconf 84' lang='grc' dir='ltr'><strong>σοι</strong></span> 
     </span>
    </p>
   </div>
   <div class='ocr_carea' id='block_1_71' title="bbox 136 3772 1743 3861">
    <p class='ocr_par' dir='ltr' id='par_1_71' title="bbox 136 3772 1743 3861">
     <span class='ocr_line' id='line_1_71' title="bbox 136 3772 1743 3861; baseline 0.002 -21"><span class='ocrx_word' id='word_1_505' title='bbox 136 3789 295 3854; x_wconf 82' lang='grc' dir='ltr'>νοεῖν,</span> <span class='ocrx_word' id='word_1_506' title='bbox 332 3787 823 3859; x_wconf 80' lang='grc' dir='ltr'>άντιστοιχούντων</span> <span class='ocrx_word' id='word_1_507' title='bbox 869 3788 977 3843; x_wconf 85' lang='grc' dir='ltr'>τῶν</span> <span class='ocrx_word' id='word_1_508' title='bbox 1013 3788 1378 3861; x_wconf 85' lang='grc' dir='ltr'>γραμμάτων,</span> <span class='ocrx_word' id='word_1_509' title='bbox 1423 3787 1494 3844; x_wconf 84' lang='grc' dir='ltr'><strong>τὰ</strong></span> <span class='ocrx_word' id='word_1_510' title='bbox 1529 3772 1743 3861; x_wconf 64' lang='grc' dir='ltr'>μυστήςῖ</span> 
     </span>
    </p>
   </div>
   <div class='ocr_carea' id='block_1_72' title="bbox 140 3879 1732 3959">
    <p class='ocr_par' dir='ltr' id='par_1_72' title="bbox 140 3879 1732 3959">
     <span class='ocr_line' id='line_1_72' title="bbox 140 3879 1732 3959; baseline 0.001 -26"><span class='ocrx_word' id='word_1_511' title='bbox 140 3896 243 3951; x_wconf 83' lang='grc' dir='ltr'>ρια.</span> <span class='ocrx_word' id='word_1_512' title='bbox 281 3880 594 3952; x_wconf 74' lang='grc' dir='ltr'>Θηρεύουσι</span> <span class='ocrx_word' id='word_1_513' title='bbox 626 3879 736 3951; x_wconf 84' lang='grc' dir='ltr'>γὰρ</span> <span class='ocrx_word' id='word_1_514' title='bbox 765 3881 818 3934; x_wconf 83' lang='grc' dir='ltr'><strong>εί</strong></span> <span class='ocrx_word' id='word_1_515' title='bbox 850 3879 945 3934; x_wconf 74' lang='grc' dir='ltr'><strong>καὶ</strong></span> <span class='ocrx_word' id='word_1_516' title='bbox 985 3879 1134 3935; x_wconf 76' lang='grc' dir='ltr'>ἄλλοι</span> <span class='ocrx_word' id='word_1_517' title='bbox 1168 3880 1340 3946; x_wconf 81' lang='grc' dir='ltr'>τινὲς,</span> <span class='ocrx_word' id='word_1_518' title='bbox 1373 3880 1514 3953; x_wconf 74' lang='grc' dir='ltr'>ἀτὰρ</span> <span class='ocrx_word' id='word_1_519' title='bbox 1549 3881 1642 3935; x_wconf 78' lang='grc' dir='ltr'><strong>καὶ</strong></span> <span class='ocrx_word' id='word_1_520' title='bbox 1682 3884 1732 3959; x_wconf 69' lang='lat' dir='ltr'><strong>oi</strong></span> 
     </span>
    </p>
   </div>
   <div class='ocr_carea' id='block_1_73' title="bbox 142 3971 1737 4047">
    <p class='ocr_par' dir='ltr' id='par_1_73' title="bbox 142 3971 1737 4047">
     <span class='ocr_line' id='line_1_73' title="bbox 142 3971 1737 4047; baseline 0.001 -22"><span class='ocrx_word' id='word_1_521' title='bbox 142 3972 299 4042; x_wconf 79' lang='grc' dir='ltr'>μῦθοι</span> <span class='ocrx_word' id='word_1_522' title='bbox 325 3974 377 4025; x_wconf 78' lang='grc' dir='ltr'><strong>οἱ</strong></span> <span class='ocrx_word' id='word_1_523' title='bbox 400 3972 614 4037; x_wconf 86' lang='grc' dir='ltr'>τοιοίδε,</span> <span class='ocrx_word' id='word_1_524' title='bbox 638 3971 870 4045; x_wconf 78' lang='grc' dir='ltr'>Θρᾳκῶν</span> <span class='ocrx_word' id='word_1_525' title='bbox 895 3974 1021 4037; x_wconf 85' lang='grc' dir='ltr'>τοὺς</span> <span class='ocrx_word' id='word_1_526' title='bbox 1049 3972 1584 4047; x_wconf 75' lang='grc' dir='ltr'>βαρϐαρικωτάτους,</span> <span class='ocrx_word' id='word_1_527' title='bbox 1604 3974 1737 4046; x_wconf 62' lang='grc' dir='ltr'>Φρυτ</span> 
     </span>
    </p>
   </div>
   <div class='ocr_carea' id='block_1_74' title="bbox 139 4064 1730 4137">
    <p class='ocr_par' dir='ltr' id='par_1_74' title="bbox 139 4064 1730 4137">
     <span class='ocr_line' id='line_1_74' title="bbox 139 4064 1730 4137; baseline 0.001 -19"><span class='ocrx_word' id='word_1_528' title='bbox 139 4064 248 4132; x_wconf 77' lang='grc' dir='ltr'>τῶν</span> <span class='ocrx_word' id='word_1_529' title='bbox 272 4066 409 4129; x_wconf 74' lang='grc' dir='ltr'>τοὺς</span> <span class='ocrx_word' id='word_1_530' title='bbox 431 4064 846 4137; x_wconf 76' lang='grc' dir='ltr'>ἀνοητοτάτους,</span> <span class='ocrx_word' id='word_1_531' title='bbox 864 4064 1129 4136; x_wconf 85' lang='grc' dir='ltr'>Ἐλλήνων</span> <span class='ocrx_word' id='word_1_532' title='bbox 1159 4068 1285 4130; x_wconf 84' lang='grc' dir='ltr'>τοὺς</span> <span class='ocrx_word' id='word_1_533' title='bbox 1312 4064 1730 4137; x_wconf 85' lang='grc' dir='ltr'>δεισιδαίμονας.</span> 
     </span>
    </p>
   </div>
   <div class='ocr_carea' id='block_1_75' title="bbox 144 4151 1735 4235">
    <p class='ocr_par' dir='ltr' id='par_1_75' title="bbox 144 4151 1735 4235">
     <span class='ocr_line' id='line_1_75' title="bbox 144 4151 1735 4235; baseline -0.001 -25"><span class='ocrx_word' id='word_1_534' title='bbox 144 4157 356 4210; x_wconf 85' lang='grc' dir='ltr'>Ὀλοιτο</span> <span class='ocrx_word' id='word_1_535' title='bbox 414 4151 509 4209; x_wconf 77' lang='grc' dir='ltr'>οὖν</span> <span class='ocrx_word' id='word_1_536' title='bbox 550 4159 578 4211; x_wconf 90' lang='lat'><strong>6</strong></span> <span class='ocrx_word' id='word_1_537' title='bbox 617 4157 777 4228; x_wconf 83' lang='grc' dir='ltr'>τῆσδε</span> <span class='ocrx_word' id='word_1_538' title='bbox 818 4155 986 4228; x_wconf 78' lang='grc' dir='ltr'>ἄρξας</span> <span class='ocrx_word' id='word_1_539' title='bbox 1033 4156 1130 4228; x_wconf 83' lang='grc' dir='ltr'>τῆς</span> <span class='ocrx_word' id='word_1_540' title='bbox 1181 4156 1414 4221; x_wconf 85' lang='grc' dir='ltr'>ἀτοπίας</span> <span class='ocrx_word' id='word_1_541' title='bbox 1440 4156 1580 4235; x_wconf 80' lang='grc' dir='ltr'>ἀνὴρ</span> <span class='ocrx_word' id='word_1_542' title='bbox 1641 4157 1735 4210; x_wconf 83' lang='grc' dir='ltr'>άν-</span> 
     </span>
    </p>
   </div>
   <div class='ocr_carea' id='block_1_76' title="bbox 142 4247 1730 4321">
    <p class='ocr_par' dir='ltr' id='par_1_76' title="bbox 142 4247 1730 4321">
     <span class='ocr_line' id='line_1_76' title="bbox 142 4247 1730 4321; baseline 0.001 -21"><span class='ocrx_word' id='word_1_543' title='bbox 142 4247 409 4320; x_wconf 79' lang='grc' dir='ltr'>θρώποις·</span> <span class='ocrx_word' id='word_1_544' title='bbox 443 4249 553 4301; x_wconf 79' lang='grc' dir='ltr'>εἴτε</span> <span class='ocrx_word' id='word_1_545' title='bbox 583 4251 613 4302; x_wconf 89' lang='grc' dir='ltr'>ὁ</span> <span class='ocrx_word' id='word_1_546' title='bbox 660 4248 931 4320; x_wconf 87' lang='grc' dir='ltr'>Δάρδανος</span> <span class='ocrx_word' id='word_1_547' title='bbox 951 4250 980 4302; x_wconf 96' lang='lat'><strong>6</strong></span> <span class='ocrx_word' id='word_1_548' title='bbox 1013 4248 1238 4321; x_wconf 80' lang='grc' dir='ltr'>Μητρὸς</span> <span class='ocrx_word' id='word_1_549' title='bbox 1278 4248 1414 4302; x_wconf 84' lang='grc' dir='ltr'>θεῶν</span> <span class='ocrx_word' id='word_1_550' title='bbox 1438 4247 1730 4302; x_wconf 85' lang='grc' dir='ltr'>καταδιδά-</span> 
     </span>
    </p>
   </div>
   <div class='ocr_carea' id='block_1_77' title="bbox 145 4339 1733 4413">
    <p class='ocr_par' dir='ltr' id='par_1_77' title="bbox 145 4339 1733 4413">
     <span class='ocr_line' id='line_1_77' title="bbox 145 4339 1733 4413; baseline 0.001 -20"><span class='ocrx_word' id='word_1_551' title='bbox 145 4340 229 4406; x_wconf 80' lang='grc' dir='ltr'>ξας</span> <span class='ocrx_word' id='word_1_552' title='bbox 264 4339 340 4393; x_wconf 74' lang='grc' dir='ltr'><strong>τά</strong></span> <span class='ocrx_word' id='word_1_553' title='bbox 367 4341 670 4412; x_wconf 85' lang='grc' dir='ltr'>μυστήρια,</span> <span class='ocrx_word' id='word_1_554' title='bbox 697 4339 811 4394; x_wconf 77' lang='grc' dir='ltr'>εἴτε</span> <span class='ocrx_word' id='word_1_555' title='bbox 856 4342 1082 4395; x_wconf 86' lang='grc' dir='ltr'>Ἠετίων</span> <span class='ocrx_word' id='word_1_556' title='bbox 1103 4341 1219 4395; x_wconf 80' lang='grc' dir='ltr'>ὀτά</span> <span class='ocrx_word' id='word_1_557' title='bbox 1246 4339 1617 4413; x_wconf 78' lang='grc' dir='ltr'>Σαμοθρᾴκων</span> <span class='ocrx_word' id='word_1_558' title='bbox 1642 4341 1733 4413; x_wconf 84' lang='grc' dir='ltr'><strong>ὅρ-</strong></span> 
     </span>
    </p>
   </div>
   <div class='ocr_carea' id='block_1_78' title="bbox 144 4431 1803 4536">
    <p class='ocr_par' dir='ltr' id='par_1_78' title="bbox 144 4431 1803 4536">
     <span class='ocr_line' id='line_1_78' title="bbox 144 4431 1803 4536; baseline 0.001 -49"><span class='ocrx_word' id='word_1_559' title='bbox 144 4448 232 4498; x_wconf 73' lang='grc' dir='ltr'><strong>για</strong></span> <span class='ocrx_word' id='word_1_560' title='bbox 263 4433 361 4488; x_wconf 74' lang='grc' dir='ltr'><strong>κα)⁸</strong></span> <span class='ocrx_word' id='word_1_561' title='bbox 394 4431 620 4496; x_wconf 79' lang='grc' dir='ltr'>τελετὰς</span> <span class='ocrx_word' id='word_1_562' title='bbox 653 4434 1124 4505; x_wconf 76' lang='grc' dir='ltr'>ὑποστησάμενος,</span> <span class='ocrx_word' id='word_1_563' title='bbox 1151 4432 1263 4488; x_wconf 82' lang='grc' dir='ltr'>εἴτε</span> <span class='ocrx_word' id='word_1_564' title='bbox 1291 4436 1320 4488; x_wconf 93' lang='grc' dir='ltr'><strong>ὀ</strong></span> <span class='ocrx_word' id='word_1_565' title='bbox 1345 4432 1493 4508; x_wconf 78' lang='grc' dir='ltr'><strong>Φρὺξ</strong></span> <span class='ocrx_word' id='word_1_566' title='bbox 1520 4434 1726 4500; x_wconf 80' lang='grc' dir='ltr'>ἐκεῖνος</span> <span class='ocrx_word' id='word_1_567' title='bbox 1757 4473 1803 4536; x_wconf 77' lang='lat' dir='ltr'><strong>D</strong></span> 
     </span>
    </p>
   </div>
   <div class='ocr_carea' id='block_1_79' title="bbox 144 4524 1728 4597">
    <p class='ocr_par' dir='ltr' id='par_1_79' title="bbox 144 4524 1728 4597">
     <span class='ocr_line' id='line_1_79' title="bbox 144 4524 1728 4597; baseline 0.002 -20"><span class='ocrx_word' id='word_1_568' title='bbox 144 4525 387 4588; x_wconf 76' lang='grc' dir='ltr'>ὀΜίδας,</span> <span class='ocrx_word' id='word_1_569' title='bbox 432 4525 464 4577; x_wconf 89' lang='grc' dir='ltr'><strong>ὀ</strong></span> <span class='ocrx_word' id='word_1_570' title='bbox 497 4524 648 4597; x_wconf 84' lang='grc' dir='ltr'>παρὰ</span> <span class='ocrx_word' id='word_1_571' title='bbox 697 4524 792 4579; x_wconf 82' lang='grc' dir='ltr'><strong>τοῦ</strong></span> <span class='ocrx_word' id='word_1_572' title='bbox 849 4524 1099 4597; x_wconf 88' lang='grc' dir='ltr'>Ὀδρύδου</span> <span class='ocrx_word' id='word_1_573' title='bbox 1154 4524 1363 4597; x_wconf 86' lang='grc' dir='ltr'>μαθὼν,</span> <span class='ocrx_word' id='word_1_574' title='bbox 1397 4525 1588 4580; x_wconf 78' lang='grc' dir='ltr'>ἔπειτα</span> <span class='ocrx_word' id='word_1_575' title='bbox 1610 4527 1728 4581; x_wconf 80' lang='grc' dir='ltr'>δια-</span> 
     </span>
    </p>
   </div>
   <div class='ocr_carea' id='block_1_80' title="bbox 146 4614 1728 4691">
    <p class='ocr_par' dir='ltr' id='par_1_80' title="bbox 146 4614 1728 4691">
     <span class='ocr_line' id='line_1_80' title="bbox 146 4614 1728 4691; baseline 0.002 -21"><span class='ocrx_word' id='word_1_576' title='bbox 146 4614 259 4681; x_wconf 77' lang='grc' dir='ltr'>δοὺς</span> <span class='ocrx_word' id='word_1_577' title='bbox 289 4618 410 4680; x_wconf 82' lang='grc' dir='ltr'>τοῖς</span> <span class='ocrx_word' id='word_1_578' title='bbox 469 4615 933 4688; x_wconf 79' lang='grc' dir='ltr'>ὑποτεταγμένοις</span> <span class='ocrx_word' id='word_1_579' title='bbox 960 4616 1203 4689; x_wconf 76' lang='grc' dir='ltr'>ἔντεχνον</span> <span class='ocrx_word' id='word_1_580' title='bbox 1235 4618 1475 4691; x_wconf 86' lang='grc' dir='ltr'>ἀπάτην.</span> <span class='ocrx_word' id='word_1_581' title='bbox 1509 4620 1584 4672; x_wconf 85' lang='grc' dir='ltr'><strong>Οὐ</strong></span> <span class='ocrx_word' id='word_1_582' title='bbox 1620 4618 1728 4691; x_wconf 87' lang='grc' dir='ltr'><strong>γάρ</strong></span> 
     </span>
    </p>
   </div>
   <div class='ocr_carea' id='block_1_81' title="bbox 149 4706 1726 4784">
    <p class='ocr_par' dir='ltr' id='par_1_81' title="bbox 149 4706 1726 4784">
     <span class='ocr_line' id='line_1_81' title="bbox 149 4706 1726 4784; baseline 0.003 -22"><span class='ocrx_word' id='word_1_583' title='bbox 149 4709 258 4775; x_wconf 75' lang='grc' dir='ltr'><strong>μεό</strong></span> <span class='ocrx_word' id='word_1_584' title='bbox 282 4707 541 4779; x_wconf 76' lang='grc' dir='ltr'>Κύπριος</span> <span class='ocrx_word' id='word_1_585' title='bbox 591 4708 621 4762; x_wconf 89' lang='grc' dir='ltr'><strong>ὀ</strong></span> <span class='ocrx_word' id='word_1_586' title='bbox 667 4706 939 4780; x_wconf 81' lang='grc' dir='ltr'>νησιώτης</span> <span class='ocrx_word' id='word_1_587' title='bbox 967 4709 1208 4782; x_wconf 76' lang='grc' dir='ltr'>Κινύρας</span> <span class='ocrx_word' id='word_1_588' title='bbox 1239 4713 1579 4784; x_wconf 82' lang='grc' dir='ltr'>παραπείσαι</span> <span class='ocrx_word' id='word_1_589' title='bbox 1610 4716 1726 4767; x_wconf 49' lang='grc' dir='ltr'>ποτε</span> 
     </span>
    </p>
   </div>
   <div class='ocr_carea' id='block_1_82' title="bbox 210 4946 1724 5029">
    <p class='ocr_par' dir='ltr' id='par_1_82' title="bbox 210 4946 1724 5029">
     <span class='ocr_line' id='line_1_82' title="bbox 210 4946 1724 5029; baseline 0.007 -27"><span class='ocrx_word' id='word_1_590' title='bbox 210 4946 324 5029; x_wconf 75' lang='grc'>(65)</span> <span class='ocrx_word' id='word_1_591' title='bbox 367 4948 488 5029; x_wconf 66' lang='grc' dir='ltr'><strong>Τὸν</strong></span> <span class='ocrx_word' id='word_1_592' title='bbox 829 4949 1000 5029; x_wconf 60' lang='lat' dir='ltr'><strong>forte</strong></span> <span class='ocrx_word' id='word_1_593' title='bbox 1035 4952 1304 5029; x_wconf 64' lang='lat' dir='ltr'><strong>glossema</strong></span> <span class='ocrx_word' id='word_1_594' title='bbox 1327 4963 1429 5010; x_wconf 82' lang='lat' dir='ltr'><strong>est.</strong></span> <span class='ocrx_word' id='word_1_595' title='bbox 1450 4955 1724 5021; x_wconf 85' lang='lat' dir='ltr'><strong>Quorsum</strong></span> 
     </span>
    </p>
   </div>
   <div class='ocr_carea' id='block_1_83' title="bbox 148 5018 1722 5095">
    <p class='ocr_par' dir='ltr' id='par_1_83' title="bbox 148 5018 1722 5095">
     <span class='ocr_line' id='line_1_83' title="bbox 148 5018 1722 5095; baseline 0.006 -24"><span class='ocrx_word' id='word_1_596' title='bbox 148 5018 309 5095; x_wconf 75' lang='lat' dir='ltr'><strong>enim,</strong></span> <span class='ocrx_word' id='word_1_597' title='bbox 340 5028 473 5095; x_wconf 81' lang='lat' dir='ltr'><strong>post</strong></span> <span class='ocrx_word' id='word_1_598' title='bbox 516 5018 784 5095; x_wconf 69' lang='lat' dir='ltr'><strong>Clarium,</strong></span> <span class='ocrx_word' id='word_1_599' title='bbox 829 5018 1107 5092; x_wconf 77' lang='lat' dir='ltr'><strong>Pythium,</strong></span> <span class='ocrx_word' id='word_1_600' title='bbox 1140 5021 1422 5095; x_wconf 78' lang='lat' dir='ltr'><strong>Didymea,</strong></span> <span class='ocrx_word' id='word_1_601' title='bbox 1453 5018 1576 5095; x_wconf 74' lang='lat' dir='ltr'><strong>quae</strong></span> <span class='ocrx_word' id='word_1_602' title='bbox 1601 5043 1722 5081; x_wconf 89' lang='lat' dir='ltr'><strong>om-</strong></span> 
     </span>
    </p>
   </div>
   <div class='ocr_carea' id='block_1_84' title="bbox 151 5090 1724 5168">
    <p class='ocr_par' dir='ltr' id='par_1_84' title="bbox 151 5090 1724 5168">
     <span class='ocr_line' id='line_1_84' title="bbox 151 5090 1724 5168; baseline 0.008 -28"><span class='ocrx_word' id='word_1_603' title='bbox 151 5090 232 5168; x_wconf 73' lang='lat' dir='ltr'><strong>nia</strong></span> <span class='ocrx_word' id='word_1_604' title='bbox 273 5091 708 5168; x_wconf 81' lang='lat' dir='ltr'><strong>sunt_A_polli_nis</strong></span> <span class='ocrx_word' id='word_1_605' title='bbox 758 5090 1141 5163; x_wconf 76' lang='lat' dir='ltr'><strong>cognomenta,</strong></span> <span class='ocrx_word' id='word_1_606' title='bbox 1171 5090 1415 5164; x_wconf 83' lang='lat' dir='ltr'><strong>ejusdem</strong></span> <span class='ocrx_word' id='word_1_607' title='bbox 1470 5090 1724 5153; x_wconf 78' lang='lat' dir='ltr'><strong>nomina-</strong></span> 
     </span>
    </p>
   </div>
   <div class='ocr_carea' id='block_1_85' title="bbox 150 5160 1485 5216">
    <p class='ocr_par' dir='ltr' id='par_1_85' title="bbox 150 5160 1485 5216">
     <span class='ocr_line' id='line_1_85' title="bbox 150 5160 1485 5216; baseline 0.004 -5"><span class='ocrx_word' id='word_1_608' title='bbox 150 5160 238 5211; x_wconf 86' lang='lat' dir='ltr'><strong>tim</strong></span> <span class='ocrx_word' id='word_1_609' title='bbox 268 5160 627 5216; x_wconf 83' lang='lat' dir='ltr'><strong>meminisse?</strong></span> <span class='ocrx_word' id='word_1_610' title='bbox 833 5160 851 5163; x_wconf 58' lang='grc'><strong>⁷</strong></span> <span class='ocrx_word' id='word_1_611' title='bbox 1200 5160 1215 5164; x_wconf 61' lang='grc'>⁷</span> <span class='ocrx_word' id='word_1_612' title='bbox 1482 5188 1485 5191; x_wconf 94' lang='grc'>·</span> 
     </span>
    </p>
   </div>
   <div class='ocr_carea' id='block_1_86' title="bbox 210 5228 1721 5305">
    <p class='ocr_par' dir='ltr' id='par_1_86' title="bbox 210 5228 1721 5305">
     <span class='ocr_line' id='line_1_86' title="bbox 210 5228 1721 5305; baseline 0.007 -22"><span class='ocrx_word' id='word_1_613' title='bbox 210 5228 325 5305; x_wconf 63' lang='grc'>(66)</span> <span class='ocrx_word' id='word_1_614' title='bbox 367 5230 528 5305; x_wconf 71' lang='grc' dir='ltr'><strong>Τοὺς</strong></span> <span class='ocrx_word' id='word_1_615' title='bbox 580 5230 881 5305; x_wconf 67' lang='grc' dir='ltr'>ᾀνιέρους,</span> <span class='ocrx_word' id='word_1_616' title='bbox 920 5232 1089 5289; x_wconf 88' lang='lat' dir='ltr'><strong>Clem.</strong></span> <span class='ocrx_word' id='word_1_617' title='bbox 1145 5244 1419 5304; x_wconf 82' lang='lat' dir='ltr'><strong>expuncto</strong></span> <span class='ocrx_word' id='word_1_618' title='bbox 1467 5238 1721 5305; x_wconf 88' lang='lat' dir='ltr'><strong>articulo,</strong></span> 
     </span>
    </p>
   </div>
   <div class='ocr_carea' id='block_1_87' title="bbox 153 5298 1650 5376">
    <p class='ocr_par' dir='ltr' id='par_1_87' title="bbox 153 5298 1650 5376">
     <span class='ocr_line' id='line_1_87' title="bbox 153 5298 1650 5376; baseline 0.005 -22"><span class='ocrx_word' id='word_1_619' title='bbox 153 5298 521 5376; x_wconf 42' lang='grc' dir='ltr'>Ιοειάνιέρου,</span> <span class='ocrx_word' id='word_1_620' title='bbox 553 5298 974 5376; x_wconf 71' lang='lat' dir='ltr'><strong>significantius,</strong></span> <span class='ocrx_word' id='word_1_621' title='bbox 1011 5312 1070 5358; x_wconf 90' lang='lat' dir='ltr'><strong>ut</strong></span> <span class='ocrx_word' id='word_1_622' title='bbox 1093 5298 1310 5362; x_wconf 77' lang='lat' dir='ltr'><strong>videtur</strong></span> <span class='ocrx_word' id='word_1_623' title='bbox 1332 5315 1387 5376; x_wconf 82' lang='lat' dir='ltr'><strong>et</strong></span> <span class='ocrx_word' id='word_1_624' title='bbox 1410 5308 1650 5376; x_wconf 78' lang='lat' dir='ltr'><strong>gravius.</strong></span> 
     </span>
    </p>
   </div>
   <div class='ocr_carea' id='block_1_88' title="bbox 212 5369 1721 5445">
    <p class='ocr_par' dir='ltr' id='par_1_88' title="bbox 212 5369 1721 5445">
     <span class='ocr_line' id='line_1_88' title="bbox 212 5369 1721 5445; baseline 0.007 -21"><span class='ocrx_word' id='word_1_625' title='bbox 212 5369 322 5441; x_wconf 81' lang='lat'><strong>(67)</strong></span> <span class='ocrx_word' id='word_1_626' title='bbox 359 5369 478 5427; x_wconf 79' lang='grc' dir='ltr'><strong>Καὶ</strong></span> <span class='ocrx_word' id='word_1_627' title='bbox 523 5369 764 5445; x_wconf 67' lang='grc' dir='ltr'>πλάνης</span> <span class='ocrx_word' id='word_1_628' title='bbox 803 5373 1062 5444; x_wconf 77' lang='grc' dir='ltr'>ἀκράτου</span> <span class='ocrx_word' id='word_1_629' title='bbox 1089 5369 1462 5445; x_wconf 76' lang='grc' dir='ltr'>κυϐευτήριᾶ.</span> <span class='ocrx_word' id='word_1_630' title='bbox 1504 5376 1630 5433; x_wconf 72' lang='lat' dir='ltr'><strong>Haec</strong></span> <span class='ocrx_word' id='word_1_631' title='bbox 1667 5379 1721 5433; x_wconf 92' lang='lat' dir='ltr'><strong>in</strong></span> 
     </span>
    </p>
   </div>
   <div class='ocr_carea' id='block_1_89' title="bbox 152 5438 1725 5518">
    <p class='ocr_par' dir='ltr' id='par_1_89' title="bbox 152 5438 1725 5518">
     <span class='ocr_line' id='line_1_89' title="bbox 152 5438 1725 5518; baseline 0.007 -24"><span class='ocrx_word' id='word_1_632' title='bbox 152 5438 436 5518; x_wconf 70' lang='lat' dir='ltr'><strong>Clémente</strong></span> <span class='ocrx_word' id='word_1_633' title='bbox 460 5456 570 5518; x_wconf 74' lang='lat' dir='ltr'><strong>non</strong></span> <span class='ocrx_word' id='word_1_634' title='bbox 597 5438 853 5518; x_wconf 68' lang='lat' dir='ltr'><strong>legimus,</strong></span> <span class='ocrx_word' id='word_1_635' title='bbox 873 5438 980 5518; x_wconf 62' lang='lat' dir='ltr'><strong>nec</strong></span> <span class='ocrx_word' id='word_1_636' title='bbox 1004 5446 1058 5499; x_wconf 90' lang='lat' dir='ltr'><strong>in</strong></span> <span class='ocrx_word' id='word_1_637' title='bbox 1090 5438 1575 5515; x_wconf 39' lang='lat' dir='ltr'><strong>Montacfcodiee;</strong></span> <span class='ocrx_word' id='word_1_638' title='bbox 1601 5465 1725 5518; x_wconf 73' lang='lat' dir='ltr'><strong>quae</strong></span> 
     </span>
    </p>
   </div>
   <div class='ocr_carea' id='block_1_90' title="bbox 157 5511 1473 5587">
    <p class='ocr_par' dir='ltr' id='par_1_90' title="bbox 157 5511 1473 5587">
     <span class='ocr_line' id='line_1_90' title="bbox 157 5511 1473 5587; baseline 0.006 -21"><span class='ocrx_word' id='word_1_639' title='bbox 157 5521 348 5587; x_wconf 58' lang='lat' dir='ltr'><strong>tamen,</strong></span> <span class='ocrx_word' id='word_1_640' title='bbox 380 5514 439 5587; x_wconf 59' lang='grc' dir='ltr'>ιι]</span> <span class='ocrx_word' id='word_1_641' title='bbox 471 5511 675 5587; x_wconf 45' lang='lat' dir='ltr'><strong>fallor;</strong></span> <span class='ocrx_word' id='word_1_642' title='bbox 688 5513 852 5581; x_wconf 87' lang='lat' dir='ltr'><strong>plane</strong></span> <span class='ocrx_word' id='word_1_643' title='bbox 858 5513 1172 5587; x_wconf 81' lang='lat' dir='ltr'><strong>_Clemeutis</strong></span> <span class='ocrx_word' id='word_1_644' title='bbox 1199 5534 1265 5573; x_wconf 78' lang='lat' dir='ltr'><strong>ex</strong></span> <span class='ocrx_word' id='word_1_645' title='bbox 1292 5518 1473 5587; x_wconf 72' lang='lat' dir='ltr'><strong>genio.</strong></span> 
     </span>
    </p>
   </div>
   <div class='ocr_carea' id='block_1_91' title="bbox 216 5580 1718 5659">
    <p class='ocr_par' dir='ltr' id='par_1_91' title="bbox 216 5580 1718 5659">
     <span class='ocr_line' id='line_1_91' title="bbox 216 5580 1718 5659; baseline 0.003 -22"><span class='ocrx_word' id='word_1_646' title='bbox 216 5580 328 5659; x_wconf 65' lang='grc' dir='ltr'>(ϐε)</span> <span class='ocrx_word' id='word_1_647' title='bbox 359 5580 1057 5659; x_wconf 54' lang='lat' dir='ltr'><strong>_’Emuﬁd6u.__Facilis</strong></span> <span class='ocrx_word' id='word_1_648' title='bbox 1093 5596 1210 5642; x_wconf 89' lang='lat' dir='ltr'><strong>erat</strong></span> <span class='ocrx_word' id='word_1_649' title='bbox 1253 5580 1568 5656; x_wconf 75' lang='lat' dir='ltr'><strong>conjectura</strong></span> <span class='ocrx_word' id='word_1_650' title='bbox 1612 5589 1718 5659; x_wconf 78' lang='lat' dir='ltr'><strong>leg.</strong></span> 
     </span>
    </p>
   </div>
   <div class='ocr_carea' id='block_1_92' title="bbox 158 5650 1102 5717">
    <p class='ocr_par' dir='ltr' id='par_1_92' title="bbox 158 5650 1102 5717">
     <span class='ocr_line' id='line_1_92' title="bbox 158 5650 1102 5717; baseline 0.008 -16"><span class='ocrx_word' id='word_1_651' title='bbox 158 5650 488 5717; x_wconf 66' lang='grc' dir='ltr'>ἐγκυκλήσω,</span> <span class='ocrx_word' id='word_1_652' title='bbox 518 5663 580 5709; x_wconf 87' lang='lat' dir='ltr'><strong>ut</strong></span> <span class='ocrx_word' id='word_1_653' title='bbox 608 5667 694 5710; x_wconf 80' lang='lat' dir='ltr'><strong>est</strong></span> <span class='ocrx_word' id='word_1_654' title='bbox 728 5653 785 5711; x_wconf 89' lang='lat' dir='ltr'><strong>in</strong></span> <span class='ocrx_word' id='word_1_655' title='bbox 810 5652 1102 5711; x_wconf 85' lang='lat' dir='ltr'><strong>Clemente.</strong></span> 
     </span>
    </p>
   </div>
   <div class='ocr_carea' id='block_1_93' title="bbox 219 5721 1718 5806">
    <p class='ocr_par' dir='ltr' id='par_1_93' title="bbox 219 5721 1718 5806">
     <span class='ocr_line' id='line_1_93' title="bbox 219 5721 1718 5806; baseline 0 -29"><span class='ocrx_word' id='word_1_656' title='bbox 219 5721 323 5794; x_wconf 77' lang='grc'>(69)</span> <span class='ocrx_word' id='word_1_657' title='bbox 364 5721 492 5801; x_wconf 69' lang='grc' dir='ltr'><strong>Τῶν</strong></span> <span class='ocrx_word' id='word_1_658' title='bbox 514 5724 737 5806; x_wconf 55' lang='grc' dir='ltr'>φόρων.</span> <span class='ocrx_word' id='word_1_659' title='bbox 776 5725 970 5792; x_wconf 72' lang='lat' dir='ltr'><strong>Clem,</strong></span> <span class='ocrx_word' id='word_1_660' title='bbox 1004 5725 1110 5779; x_wconf 82' lang='grc' dir='ltr'><strong>τῶν</strong></span> <span class='ocrx_word' id='word_1_661' title='bbox 1134 5728 1329 5806; x_wconf 72' lang='grc' dir='ltr'>φόνων,</span> <span class='ocrx_word' id='word_1_662' title='bbox 1364 5737 1420 5784; x_wconf 83' lang='lat' dir='ltr'><strong>ut</strong></span> <span class='ocrx_word' id='word_1_663' title='bbox 1447 5737 1500 5785; x_wconf 89' lang='lat' dir='ltr'><strong>et</strong></span> <span class='ocrx_word' id='word_1_664' title='bbox 1526 5727 1718 5796; x_wconf 55' lang='lat' dir='ltr'><strong>Mone,</strong></span> 
     </span>
    </p>
   </div>
   <div class='ocr_carea' id='block_1_94' title="bbox 1840 3230 3422 3303">
    <p class='ocr_par' dir='ltr' id='par_1_94' title="bbox 1840 3230 3422 3303">
     <span class='ocr_line' id='line_1_94' title="bbox 1840 3230 3422 3303; baseline 0.001 -17"><span class='ocrx_word' id='word_1_665' title='bbox 1840 3232 1984 3287; x_wconf 90' lang='lat' dir='ltr'><strong>tibus</strong></span> <span class='ocrx_word' id='word_1_666' title='bbox 2011 3230 2395 3299; x_wconf 83' lang='lat' dir='ltr'><strong>inclamantes,</strong></span> <span class='ocrx_word' id='word_1_667' title='bbox 2439 3248 2537 3302; x_wconf 90' lang='lat' dir='ltr'><strong>per</strong></span> <span class='ocrx_word' id='word_1_668' title='bbox 2577 3248 2742 3303; x_wconf 89' lang='lat' dir='ltr'><strong>quam</strong></span> <span class='ocrx_word' id='word_1_669' title='bbox 2770 3232 2940 3302; x_wconf 85' lang='lat' dir='ltr'><strong>janua</strong></span> <span class='ocrx_word' id='word_1_670' title='bbox 2975 3240 3060 3287; x_wconf 90' lang='lat' dir='ltr'><strong>est</strong></span> <span class='ocrx_word' id='word_1_671' title='bbox 3092 3248 3200 3287; x_wconf 90' lang='lat' dir='ltr'><strong>non</strong></span> <span class='ocrx_word' id='word_1_672' title='bbox 3245 3231 3422 3288; x_wconf 86' lang='lat' dir='ltr'><strong>errori</strong></span> 
     </span>
    </p>
   </div>
   <div class='ocr_carea' id='block_1_95' title="bbox 1837 3323 3420 3396">
    <p class='ocr_par' dir='ltr' id='par_1_95' title="bbox 1837 3323 3420 3396">
     <span class='ocr_line' id='line_1_95' title="bbox 1837 3323 3420 3396; baseline 0.003 -18"><span class='ocrx_word' id='word_1_673' title='bbox 1837 3324 2020 3387; x_wconf 90' lang='lat' dir='ltr'><strong>modo,</strong></span> <span class='ocrx_word' id='word_1_674' title='bbox 2053 3324 2147 3379; x_wconf 89' lang='lat' dir='ltr'><strong>sed</strong></span> <span class='ocrx_word' id='word_1_675' title='bbox 2196 3323 2301 3394; x_wconf 91' lang='lat' dir='ltr'><strong>ipsi</strong></span> <span class='ocrx_word' id='word_1_676' title='bbox 2350 3339 2570 3394; x_wconf 91' lang='lat' dir='ltr'><strong>quoque</strong></span> <span class='ocrx_word' id='word_1_677' title='bbox 2617 3324 2781 3387; x_wconf 86' lang='lat' dir='ltr'><strong>morti</strong></span> <span class='ocrx_word' id='word_1_678' title='bbox 2827 3323 3116 3395; x_wconf 73' lang='lat' dir='ltr'><strong>patefacta.</strong></span> <span class='ocrx_word' id='word_1_679' title='bbox 3162 3323 3229 3383; x_wconf 86' lang='lat' dir='ltr'><strong>Et</strong></span> <span class='ocrx_word' id='word_1_680' title='bbox 3266 3340 3420 3396; x_wconf 84' lang='lat' dir='ltr'><strong>sane,</strong></span> 
     </span>
    </p>
   </div>
   <div class='ocr_carea' id='block_1_96' title="bbox 1836 3415 3420 3489">
    <p class='ocr_par' dir='ltr' id='par_1_96' title="bbox 1836 3415 3420 3489">
     <span class='ocr_line' id='line_1_96' title="bbox 1836 3415 3420 3489; baseline 0.001 -16"><span class='ocrx_word' id='word_1_681' title='bbox 1836 3432 1962 3473; x_wconf 89' lang='lat' dir='ltr'><strong>cum</strong></span> <span class='ocrx_word' id='word_1_682' title='bbox 1993 3417 2276 3488; x_wconf 76' lang='lat' dir='ltr'><strong>orgiorum</strong></span> <span class='ocrx_word' id='word_1_683' title='bbox 2308 3415 2704 3474; x_wconf 85' lang='lat' dir='ltr'><strong>Bacehicorum</strong></span> <span class='ocrx_word' id='word_1_684' title='bbox 2738 3418 2811 3473; x_wconf 89' lang='lat' dir='ltr'><strong>sit</strong></span> <span class='ocrx_word' id='word_1_685' title='bbox 2843 3418 3003 3489; x_wconf 86' lang='lat' dir='ltr'><strong>quasi</strong></span> <span class='ocrx_word' id='word_1_686' title='bbox 3025 3418 3301 3489; x_wconf 88' lang='lat' dir='ltr'><strong>quoddam</strong></span> <span class='ocrx_word' id='word_1_687' title='bbox 3330 3420 3420 3474; x_wconf 88' lang='lat' dir='ltr'><strong>in-</strong></span> 
     </span>
    </p>
   </div>
   <div class='ocr_carea' id='block_1_97' title="bbox 1836 3507 3426 3583">
    <p class='ocr_par' dir='ltr' id='par_1_97' title="bbox 1836 3507 3426 3583">
     <span class='ocr_line' id='line_1_97' title="bbox 1836 3507 3426 3583; baseline 0.004 -19"><span class='ocrx_word' id='word_1_688' title='bbox 1836 3510 1990 3581; x_wconf 79' lang='lat' dir='ltr'><strong>signe</strong></span> <span class='ocrx_word' id='word_1_689' title='bbox 2019 3525 2245 3579; x_wconf 82' lang='lat' dir='ltr'><strong>serpens</strong></span> <span class='ocrx_word' id='word_1_690' title='bbox 2286 3524 2491 3564; x_wconf 86' lang='lat' dir='ltr'><strong>arcano</strong></span> <span class='ocrx_word' id='word_1_691' title='bbox 2522 3510 2627 3564; x_wconf 87' lang='lat' dir='ltr'><strong>ritu</strong></span> <span class='ocrx_word' id='word_1_692' title='bbox 2657 3520 3035 3578; x_wconf 84' lang='lat' dir='ltr'><strong>consecratus,</strong></span> <span class='ocrx_word' id='word_1_693' title='bbox 3063 3519 3179 3583; x_wconf 80' lang='lat' dir='ltr'><strong>tum</strong></span> <span class='ocrx_word' id='word_1_694' title='bbox 3211 3526 3344 3568; x_wconf 91' lang='lat' dir='ltr'><strong>vero</strong></span> <span class='ocrx_word' id='word_1_695' title='bbox 3372 3507 3426 3571; x_wconf 74' lang='lat' dir='ltr'><strong>sl</strong></span> 
     </span>
    </p>
   </div>
   <div class='ocr_carea' id='block_1_98' title="bbox 1836 3601 3418 3673">
    <p class='ocr_par' dir='ltr' id='par_1_98' title="bbox 1836 3601 3418 3673">
     <span class='ocr_line' id='line_1_98' title="bbox 1836 3601 3418 3673; baseline 0.001 -14"><span class='ocrx_word' id='word_1_696' title='bbox 1836 3611 2090 3659; x_wconf 81' lang='lat' dir='ltr'><strong>accurate</strong></span> <span class='ocrx_word' id='word_1_697' title='bbox 2123 3618 2316 3658; x_wconf 87' lang='lat' dir='ltr'><strong>vocem</strong></span> <span class='ocrx_word' id='word_1_698' title='bbox 2350 3601 2675 3658; x_wconf 81' lang='lat' dir='ltr'><strong>Hebraicam</strong></span> <span class='ocrx_word' id='word_1_699' title='bbox 2715 3604 3061 3673; x_wconf 84' lang='lat' dir='ltr'><strong>interpretari</strong></span> <span class='ocrx_word' id='word_1_700' title='bbox 3089 3606 3242 3671; x_wconf 80' lang='lat' dir='ltr'><strong>velis,</strong></span> <span class='ocrx_word' id='word_1_701' title='bbox 3269 3604 3418 3660; x_wconf 87' lang='lat' dir='ltr'><strong>lleva</strong></span> 
     </span>
    </p>
   </div>
   <div class='ocr_carea' id='block_1_99' title="bbox 1837 3694 3421 3767">
    <p class='ocr_par' dir='ltr' id='par_1_99' title="bbox 1837 3694 3421 3767">
     <span class='ocr_line' id='line_1_99' title="bbox 1837 3694 3421 3767; baseline 0.002 -19"><span class='ocrx_word' id='word_1_702' title='bbox 1837 3708 1961 3748; x_wconf 90' lang='lat' dir='ltr'><strong>cum</strong></span> <span class='ocrx_word' id='word_1_703' title='bbox 1989 3694 2327 3764; x_wconf 89' lang='lat' dir='ltr'><strong>aspiratione</strong></span> <span class='ocrx_word' id='word_1_704' title='bbox 2353 3695 2595 3766; x_wconf 77' lang='lat' dir='ltr'><strong>graviori</strong></span> <span class='ocrx_word' id='word_1_705' title='bbox 2627 3703 2931 3764; x_wconf 77' lang='lat' dir='ltr'><strong>serpentem</strong></span> <span class='ocrx_word' id='word_1_706' title='bbox 2959 3694 3219 3750; x_wconf 78' lang='lat' dir='ltr'><strong>feminam</strong></span> <span class='ocrx_word' id='word_1_707' title='bbox 3248 3695 3421 3767; x_wconf 81' lang='lat' dir='ltr'><strong>signi-</strong></span> 
     </span>
    </p>
   </div>
   <div class='ocr_carea' id='block_1_100' title="bbox 1837 3783 3418 3859">
    <p class='ocr_par' dir='ltr' id='par_1_100' title="bbox 1837 3783 3418 3859">
     <span class='ocr_line' id='line_1_100' title="bbox 1837 3783 3418 3859; baseline 0.003 -20"><span class='ocrx_word' id='word_1_708' title='bbox 1837 3784 1983 3840; x_wconf 83' lang='lat' dir='ltr'><strong>ﬁcat.</strong></span> <span class='ocrx_word' id='word_1_709' title='bbox 2008 3783 2213 3841; x_wconf 89' lang='lat' dir='ltr'><strong>Deinde</strong></span> <span class='ocrx_word' id='word_1_710' title='bbox 2234 3785 2402 3842; x_wconf 88' lang='lat' dir='ltr'><strong>Ceres</strong></span> <span class='ocrx_word' id='word_1_711' title='bbox 2428 3796 2481 3841; x_wconf 90' lang='lat' dir='ltr'><strong>et</strong></span> <span class='ocrx_word' id='word_1_712' title='bbox 2501 3784 2827 3854; x_wconf 82' lang='lat' dir='ltr'><strong>Proserpina</strong></span> <span class='ocrx_word' id='word_1_713' title='bbox 2860 3785 2913 3840; x_wconf 91' lang='lat' dir='ltr'><strong>in</strong></span> <span class='ocrx_word' id='word_1_714' title='bbox 2937 3786 3226 3859; x_wconf 88' lang='lat' dir='ltr'><strong>mysticum</strong></span> <span class='ocrx_word' id='word_1_715' title='bbox 3251 3788 3418 3844; x_wconf 79' lang='lat' dir='ltr'><strong>etiam</strong></span> 
     </span>
    </p>
   </div>
   <div class='ocr_carea' id='block_1_101' title="bbox 1837 3874 3416 3953">
    <p class='ocr_par' dir='ltr' id='par_1_101' title="bbox 1837 3874 3416 3953">
     <span class='ocr_line' id='line_1_101' title="bbox 1837 3874 3416 3953; baseline 0.004 -23"><span class='ocrx_word' id='word_1_716' title='bbox 1837 3874 2036 3953; x_wconf 64' lang='lat' dir='ltr'><strong>fabulae</strong></span> <span class='ocrx_word' id='word_1_717' title='bbox 2068 3893 2242 3948; x_wconf 79' lang='lat' dir='ltr'><strong>genus</strong></span> <span class='ocrx_word' id='word_1_718' title='bbox 2276 3880 2564 3943; x_wconf 86' lang='lat' dir='ltr'><strong>transiere,</strong></span> <span class='ocrx_word' id='word_1_719' title='bbox 2600 3893 2834 3948; x_wconf 90' lang='lat' dir='ltr'><strong>quarum</strong></span> <span class='ocrx_word' id='word_1_720' title='bbox 2870 3892 3087 3936; x_wconf 89' lang='lat' dir='ltr'><strong>errores</strong></span> <span class='ocrx_word' id='word_1_721' title='bbox 3118 3889 3170 3935; x_wconf 85' lang='lat' dir='ltr'><strong>et</strong></span> <span class='ocrx_word' id='word_1_722' title='bbox 3200 3890 3416 3950; x_wconf 86' lang='lat' dir='ltr'><strong>raptum</strong></span> 
     </span>
    </p>
   </div>
   <div class='ocr_carea' id='block_1_102' title="bbox 1832 3968 3417 4029">
    <p class='ocr_par' dir='ltr' id='par_1_102' title="bbox 1832 3968 3417 4029">
     <span class='ocr_line' id='line_1_102' title="bbox 1832 3968 3417 4029; baseline 0.004 -6"><span class='ocrx_word' id='word_1_723' title='bbox 1832 3977 1887 4023; x_wconf 85' lang='lat' dir='ltr'><strong>et</strong></span> <span class='ocrx_word' id='word_1_724' title='bbox 1931 3968 2141 4023; x_wconf 90' lang='lat' dir='ltr'><strong>luctum</strong></span> <span class='ocrx_word' id='word_1_725' title='bbox 2186 3971 2471 4026; x_wconf 87' lang='lat' dir='ltr'><strong>nocturnis</strong></span> <span class='ocrx_word' id='word_1_726' title='bbox 2520 3969 2735 4024; x_wconf 81' lang='lat' dir='ltr'><strong>facibus</strong></span> <span class='ocrx_word' id='word_1_727' title='bbox 2780 3970 2994 4027; x_wconf 88' lang='lat' dir='ltr'><strong>Eleusis</strong></span> <span class='ocrx_word' id='word_1_728' title='bbox 3037 3972 3293 4028; x_wconf 88' lang='lat' dir='ltr'><strong>illustrat.</strong></span> <span class='ocrx_word' id='word_1_729' title='bbox 3339 3975 3417 4029; x_wconf 84' lang='lat' dir='ltr'><strong>Ac</strong></span> 
     </span>
    </p>
   </div>
   <div class='ocr_carea' id='block_1_103' title="bbox 1832 4061 3418 4137">
    <p class='ocr_par' dir='ltr' id='par_1_103' title="bbox 1832 4061 3418 4137">
     <span class='ocr_line' id='line_1_103' title="bbox 1832 4061 3418 4137; baseline 0.001 -22"><span class='ocrx_word' id='word_1_730' title='bbox 1832 4061 1968 4115; x_wconf 88' lang='lat' dir='ltr'><strong>mihi</strong></span> <span class='ocrx_word' id='word_1_731' title='bbox 2007 4062 2226 4132; x_wconf 84' lang='lat' dir='ltr'><strong>quidem</strong></span> <span class='ocrx_word' id='word_1_732' title='bbox 2272 4063 2406 4117; x_wconf 89' lang='lat' dir='ltr'><strong>tanti</strong></span> <span class='ocrx_word' id='word_1_733' title='bbox 2435 4070 2538 4129; x_wconf 89' lang='lat' dir='ltr'><strong>est,</strong></span> <span class='ocrx_word' id='word_1_734' title='bbox 2571 4066 2844 4135; x_wconf 86' lang='lat' dir='ltr'><strong>propriam</strong></span> <span class='ocrx_word' id='word_1_735' title='bbox 2880 4065 3159 4137; x_wconf 77' lang='lat' dir='ltr'><strong>Orgiorum</strong></span> <span class='ocrx_word' id='word_1_736' title='bbox 3201 4075 3255 4119; x_wconf 91' lang='lat' dir='ltr'><strong>et</strong></span> <span class='ocrx_word' id='word_1_737' title='bbox 3298 4079 3418 4136; x_wconf 82' lang='lat' dir='ltr'><strong>my-</strong></span> 
     </span>
    </p>
   </div>
   <div class='ocr_carea' id='block_1_104' title="bbox 1832 4153 3418 4228">
    <p class='ocr_par' dir='ltr' id='par_1_104' title="bbox 1832 4153 3418 4228">
     <span class='ocr_line' id='line_1_104' title="bbox 1832 4153 3418 4228; baseline 0.003 -21"><span class='ocrx_word' id='word_1_738' title='bbox 1832 4153 2125 4224; x_wconf 86' lang='lat' dir='ltr'><strong>steriorum</strong></span> <span class='ocrx_word' id='word_1_739' title='bbox 2178 4155 2512 4211; x_wconf 89' lang='lat' dir='ltr'><strong>notationem</strong></span> <span class='ocrx_word' id='word_1_740' title='bbox 2575 4166 2854 4213; x_wconf 78' lang='lat' dir='ltr'><strong>excutere.</strong></span> <span class='ocrx_word' id='word_1_741' title='bbox 2911 4155 3073 4228; x_wconf 79' lang='lat' dir='ltr'><strong>Orgia</strong></span> <span class='ocrx_word' id='word_1_742' title='bbox 3122 4171 3256 4212; x_wconf 88' lang='lat' dir='ltr'><strong>sane</strong></span> <span class='ocrx_word' id='word_1_743' title='bbox 3305 4154 3418 4211; x_wconf 76' lang='grc' dir='ltr'><strong>ἀπὸ</strong></span> 
     </span>
    </p>
   </div>
   <div class='ocr_carea' id='block_1_105' title="bbox 1830 4244 3412 4318">
    <p class='ocr_par' dir='ltr' id='par_1_105' title="bbox 1830 4244 3412 4318">
     <span class='ocr_line' id='line_1_105' title="bbox 1830 4244 3412 4318; baseline 0.004 -21"><span class='ocrx_word' id='word_1_744' title='bbox 1830 4244 1932 4314; x_wconf 82' lang='grc' dir='ltr'>τῆς</span> <span class='ocrx_word' id='word_1_745' title='bbox 1967 4246 2160 4318; x_wconf 80' lang='grc' dir='ltr'>ὀργῆς,</span> <span class='ocrx_word' id='word_1_746' title='bbox 2194 4246 2301 4302; x_wconf 91' lang='lat' dir='ltr'><strong>hoc</strong></span> <span class='ocrx_word' id='word_1_747' title='bbox 2341 4259 2425 4302; x_wconf 88' lang='lat' dir='ltr'><strong>est</strong></span> <span class='ocrx_word' id='word_1_748' title='bbox 2456 4248 2526 4303; x_wconf 88' lang='lat' dir='ltr'><strong>ab</strong></span> <span class='ocrx_word' id='word_1_749' title='bbox 2572 4249 2855 4305; x_wconf 88' lang='lat' dir='ltr'><strong>iracundia</strong></span> <span class='ocrx_word' id='word_1_750' title='bbox 2900 4264 3098 4303; x_wconf 91' lang='lat' dir='ltr'><strong>nomen</strong></span> <span class='ocrx_word' id='word_1_751' title='bbox 3132 4263 3412 4318; x_wconf 89' lang='lat' dir='ltr'><strong>accepere,</strong></span> 
     </span>
    </p>
   </div>
   <div class='ocr_carea' id='block_1_106' title="bbox 1831 4336 3413 4412">
    <p class='ocr_par' dir='ltr' id='par_1_106' title="bbox 1831 4336 3413 4412">
     <span class='ocr_line' id='line_1_106' title="bbox 1831 4336 3413 4412; baseline 0.004 -23"><span class='ocrx_word' id='word_1_752' title='bbox 1831 4351 1939 4405; x_wconf 89' lang='lat' dir='ltr'><strong>qua</strong></span> <span class='ocrx_word' id='word_1_753' title='bbox 1998 4336 2166 4393; x_wconf 90' lang='lat' dir='ltr'><strong>Ceres</strong></span> <span class='ocrx_word' id='word_1_754' title='bbox 2218 4338 2483 4396; x_wconf 81' lang='lat' dir='ltr'><strong>adversus</strong></span> <span class='ocrx_word' id='word_1_755' title='bbox 2539 4339 2727 4396; x_wconf 85' lang='lat' dir='ltr'><strong>Jovem</strong></span> <span class='ocrx_word' id='word_1_756' title='bbox 2774 4349 3091 4407; x_wconf 80' lang='lat' dir='ltr'><strong>exarserat;</strong></span> <span class='ocrx_word' id='word_1_757' title='bbox 3153 4340 3413 4412; x_wconf 85' lang='lat' dir='ltr'><strong>mysteria</strong></span> 
     </span>
    </p>
   </div>
   <div class='ocr_carea' id='block_1_107' title="bbox 1831 4426 3412 4501">
    <p class='ocr_par' dir='ltr' id='par_1_107' title="bbox 1831 4426 3412 4501">
     <span class='ocr_line' id='line_1_107' title="bbox 1831 4426 3412 4501; baseline 0.006 -22"><span class='ocrx_word' id='word_1_758' title='bbox 1831 4441 1962 4482; x_wconf 89' lang='lat' dir='ltr'><strong>vero</strong></span> <span class='ocrx_word' id='word_1_759' title='bbox 1991 4426 2101 4481; x_wconf 79' lang='grc' dir='ltr'><strong>ἀπὸ</strong></span> <span class='ocrx_word' id='word_1_760' title='bbox 2132 4426 2227 4481; x_wconf 80' lang='grc' dir='ltr'>τοῦ</span> <span class='ocrx_word' id='word_1_761' title='bbox 2261 4429 2486 4501; x_wconf 81' lang='grc' dir='ltr'>μύσους,</span> <span class='ocrx_word' id='word_1_762' title='bbox 2534 4430 2639 4486; x_wconf 87' lang='lat' dir='ltr'><strong>hoc</strong></span> <span class='ocrx_word' id='word_1_763' title='bbox 2673 4441 2757 4487; x_wconf 89' lang='lat' dir='ltr'><strong>est</strong></span> <span class='ocrx_word' id='word_1_764' title='bbox 2801 4432 2871 4486; x_wconf 92' lang='lat' dir='ltr'><strong>ab</strong></span> <span class='ocrx_word' id='word_1_765' title='bbox 2913 4431 3249 4487; x_wconf 81' lang='lat' dir='ltr'><strong>exsecrando</strong></span> <span class='ocrx_word' id='word_1_766' title='bbox 3290 4446 3412 4487; x_wconf 86' lang='lat' dir='ltr'><strong>see-</strong></span> 
     </span>
    </p>
   </div>
   <div class='ocr_carea' id='block_1_108' title="bbox 1830 4519 3412 4595">
    <p class='ocr_par' dir='ltr' id='par_1_108' title="bbox 1830 4519 3412 4595">
     <span class='ocr_line' id='line_1_108' title="bbox 1830 4519 3412 4595; baseline 0.003 -22"><span class='ocrx_word' id='word_1_767' title='bbox 1830 4519 1963 4586; x_wconf 91' lang='lat' dir='ltr'><strong>lere,</strong></span> <span class='ocrx_word' id='word_1_768' title='bbox 1997 4520 2144 4591; x_wconf 89' lang='lat' dir='ltr'><strong>quod</strong></span> <span class='ocrx_word' id='word_1_769' title='bbox 2174 4522 2322 4577; x_wconf 88' lang='lat' dir='ltr'><strong>circa</strong></span> <span class='ocrx_word' id='word_1_770' title='bbox 2352 4521 2630 4578; x_wconf 84' lang='lat' dir='ltr'><strong>Bacchum</strong></span> <span class='ocrx_word' id='word_1_771' title='bbox 2673 4524 2851 4592; x_wconf 90' lang='lat' dir='ltr'><strong>ipsum</strong></span> <span class='ocrx_word' id='word_1_772' title='bbox 2887 4524 3209 4595; x_wconf 76' lang='lat' dir='ltr'><strong>contigerat.</strong></span> <span class='ocrx_word' id='word_1_773' title='bbox 3251 4522 3412 4594; x_wconf 86' lang='lat' dir='ltr'><strong>Quod</strong></span> 
     </span>
    </p>
   </div>
   <div class='ocr_carea' id='block_1_109' title="bbox 1831 4614 3411 4687">
    <p class='ocr_par' dir='ltr' id='par_1_109' title="bbox 1831 4614 3411 4687">
     <span class='ocr_line' id='line_1_109' title="bbox 1831 4614 3411 4687; baseline 0.002 -18"><span class='ocrx_word' id='word_1_774' title='bbox 1831 4614 1877 4669; x_wconf 90' lang='lat' dir='ltr'><strong>si</strong></span> <span class='ocrx_word' id='word_1_775' title='bbox 1904 4629 2093 4668; x_wconf 86' lang='lat' dir='ltr'><strong>vocem</strong></span> <span class='ocrx_word' id='word_1_776' title='bbox 2126 4614 2287 4669; x_wconf 88' lang='lat' dir='ltr'><strong>istam</strong></span> <span class='ocrx_word' id='word_1_777' title='bbox 2320 4630 2350 4669; x_wconf 89' lang='lat' dir='ltr'><strong>a</strong></span> <span class='ocrx_word' id='word_1_778' title='bbox 2398 4615 2646 4686; x_wconf 83' lang='lat' dir='ltr'><strong>Mysunte</strong></span> <span class='ocrx_word' id='word_1_779' title='bbox 2673 4618 2913 4687; x_wconf 88' lang='lat' dir='ltr'><strong>quodam</strong></span> <span class='ocrx_word' id='word_1_780' title='bbox 2950 4617 3132 4672; x_wconf 77' lang='lat' dir='ltr'><strong>Attico</strong></span> <span class='ocrx_word' id='word_1_781' title='bbox 3162 4617 3411 4672; x_wconf 87' lang='lat' dir='ltr'><strong>derivare</strong></span> 
     </span>
    </p>
   </div>
   <div class='ocr_carea' id='block_1_110' title="bbox 1831 4708 3410 4780">
    <p class='ocr_par' dir='ltr' id='par_1_110' title="bbox 1831 4708 3410 4780">
     <span class='ocr_line' id='line_1_110' title="bbox 1831 4708 3410 4780; baseline 0.001 -17"><span class='ocrx_word' id='word_1_782' title='bbox 1831 4709 2025 4778; x_wconf 83' lang='lat' dir='ltr'><strong>placet,</strong></span> <span class='ocrx_word' id='word_1_783' title='bbox 2056 4723 2221 4778; x_wconf 90' lang='lat' dir='ltr'><strong>quem</strong></span> <span class='ocrx_word' id='word_1_784' title='bbox 2255 4708 2624 4780; x_wconf 76' lang='lat' dir='ltr'><strong>Apollodorus</strong></span> <span class='ocrx_word' id='word_1_785' title='bbox 2658 4710 2713 4765; x_wconf 89' lang='lat' dir='ltr'><strong>in</strong></span> <span class='ocrx_word' id='word_1_786' title='bbox 2744 4710 3036 4766; x_wconf 88' lang='lat' dir='ltr'><strong>venatione</strong></span> <span class='ocrx_word' id='word_1_787' title='bbox 3067 4710 3297 4780; x_wconf 83' lang='lat' dir='ltr'><strong>periisse</strong></span> <span class='ocrx_word' id='word_1_788' title='bbox 3330 4717 3410 4764; x_wconf 85' lang='lat' dir='ltr'><strong>te-</strong></span> 
     </span>
    </p>
   </div>
   <div class='ocr_carea' id='block_1_111' title="bbox 1829 4963 3406 5034">
    <p class='ocr_par' dir='ltr' id='par_1_111' title="bbox 1829 4963 3406 5034">
     <span class='ocr_line' id='line_1_111' title="bbox 1829 4963 3406 5034; baseline 0 -17"><span class='ocrx_word' id='word_1_789' title='bbox 1829 4978 1951 5018; x_wconf 89' lang='lat' dir='ltr'><strong>meo</strong></span> <span class='ocrx_word' id='word_1_790' title='bbox 1974 4964 2196 5033; x_wconf 90' lang='lat' dir='ltr'><strong>quidem</strong></span> <span class='ocrx_word' id='word_1_791' title='bbox 2224 4963 2452 5034; x_wconf 88' lang='lat' dir='ltr'><strong>judicio,</strong></span> <span class='ocrx_word' id='word_1_792' title='bbox 2483 4966 2705 5020; x_wconf 81' lang='lat' dir='ltr'><strong>rectius.</strong></span> <span class='ocrx_word' id='word_1_793' title='bbox 2734 4964 3011 5021; x_wconf 86' lang='lat' dir='ltr'><strong>Arnobius</strong></span> <span class='ocrx_word' id='word_1_794' title='bbox 3037 4973 3217 5019; x_wconf 89' lang='lat' dir='ltr'><strong>tamen</strong></span> <span class='ocrx_word' id='word_1_795' title='bbox 3244 4963 3338 5017; x_wconf 91' lang='lat' dir='ltr'><strong>lib.</strong></span> <span class='ocrx_word' id='word_1_796' title='bbox 3373 4978 3406 5018; x_wconf 73' lang='grc' dir='ltr'><strong>ν</strong></span> 
     </span>
    </p>
   </div>
   <div class='ocr_carea' id='block_1_112' title="bbox 1827 5034 3402 5108">
    <p class='ocr_par' dir='ltr' id='par_1_112' title="bbox 1827 5034 3402 5108">
     <span class='ocr_line' id='line_1_112' title="bbox 1827 5034 3402 5108; baseline 0.002 -21"><span class='ocrx_word' id='word_1_797' title='bbox 1827 5034 2023 5108; x_wconf 77' lang='lat' dir='ltr'><strong>legisse</strong></span> <span class='ocrx_word' id='word_1_798' title='bbox 2056 5035 2209 5108; x_wconf 81' lang='lat' dir='ltr'><strong>visus</strong></span> <span class='ocrx_word' id='word_1_799' title='bbox 2238 5035 2457 5108; x_wconf 46' lang='lat' dir='ltr'><strong>estnam</strong></span> <span class='ocrx_word' id='word_1_800' title='bbox 2486 5036 2711 5108; x_wconf 76' lang='grc' dir='ltr'>ἐρίφων,</span> <span class='ocrx_word' id='word_1_801' title='bbox 2737 5036 3087 5108; x_wconf 75' lang='lat' dir='ltr'><strong>Iiwdosenim</strong></span> <span class='ocrx_word' id='word_1_802' title='bbox 3126 5035 3402 5108; x_wconf 74' lang='lat' dir='ltr'><strong>reddidit:</strong></span> 
     </span>
    </p>
   </div>
   <div class='ocr_carea' id='block_1_113' title="bbox 1826 5105 3406 5175">
    <p class='ocr_par' dir='ltr' id='par_1_113' title="bbox 1826 5105 3406 5175">
     <span class='ocr_line' id='line_1_113' title="bbox 1826 5105 3406 5175; baseline -0.001 -16"><span class='ocrx_word' id='word_1_803' title='bbox 1826 5107 1971 5173; x_wconf 91' lang='lat' dir='ltr'><strong>quod</strong></span> <span class='ocrx_word' id='word_1_804' title='bbox 2002 5106 2167 5159; x_wconf 90' lang='lat' dir='ltr'><strong>etiam</strong></span> <span class='ocrx_word' id='word_1_805' title='bbox 2199 5106 2374 5175; x_wconf 85' lang='lat' dir='ltr'><strong>magis</strong></span> <span class='ocrx_word' id='word_1_806' title='bbox 2406 5105 2615 5174; x_wconf 86' lang='lat' dir='ltr'><strong>placet;</strong></span> <span class='ocrx_word' id='word_1_807' title='bbox 2648 5122 2773 5160; x_wconf 87' lang='lat' dir='ltr'><strong>nam</strong></span> <span class='ocrx_word' id='word_1_808' title='bbox 2800 5116 2854 5161; x_wconf 91' lang='lat' dir='ltr'><strong>et</strong></span> <span class='ocrx_word' id='word_1_809' title='bbox 2901 5107 3056 5171; x_wconf 90' lang='lat' dir='ltr'><strong>illud,</strong></span> <span class='ocrx_word' id='word_1_810' title='bbox 3090 5105 3406 5175; x_wconf 86' lang='grc' dir='ltr'>κρεωνομία</span> 
     </span>
    </p>
   </div>
   <div class='ocr_carea' id='block_1_114' title="bbox 1827 5175 3401 5247">
    <p class='ocr_par' dir='ltr' id='par_1_114' title="bbox 1827 5175 3401 5247">
     <span class='ocr_line' id='line_1_114' title="bbox 1827 5175 3401 5247; baseline 0.001 -18"><span class='ocrx_word' id='word_1_811' title='bbox 1827 5175 2023 5247; x_wconf 63' lang='grc' dir='ltr'>φόνων,</span> <span class='ocrx_word' id='word_1_812' title='bbox 2058 5175 2352 5247; x_wconf 80' lang='lat' dir='ltr'><strong>admodum</strong></span> <span class='ocrx_word' id='word_1_813' title='bbox 2404 5177 2673 5247; x_wconf 87' lang='lat' dir='ltr'><strong>insolens;</strong></span> <span class='ocrx_word' id='word_1_814' title='bbox 2709 5186 2763 5231; x_wconf 91' lang='lat' dir='ltr'><strong>et</strong></span> <span class='ocrx_word' id='word_1_815' title='bbox 2820 5176 2989 5231; x_wconf 68' lang='lat' dir='ltr'><strong>haedis</strong></span> <span class='ocrx_word' id='word_1_816' title='bbox 3036 5186 3240 5247; x_wconf 81' lang='lat' dir='ltr'><strong>optime</strong></span> <span class='ocrx_word' id='word_1_817' title='bbox 3275 5190 3401 5230; x_wconf 85' lang='lat' dir='ltr'><strong>cum</strong></span> 
     </span>
    </p>
   </div>
   <div class='ocr_carea' id='block_1_115' title="bbox 1826 5244 2666 5301">
    <p class='ocr_par' dir='ltr' id='par_1_115' title="bbox 1826 5244 2666 5301">
     <span class='ocr_line' id='line_1_115' title="bbox 1826 5244 2666 5301; baseline 0.001 -2"><span class='ocrx_word' id='word_1_818' title='bbox 1826 5246 1935 5299; x_wconf 91' lang='lat' dir='ltr'><strong>illis</strong></span> <span class='ocrx_word' id='word_1_819' title='bbox 1964 5244 2160 5300; x_wconf 88' lang='lat' dir='ltr'><strong>Bacchi</strong></span> <span class='ocrx_word' id='word_1_820' title='bbox 2196 5245 2368 5301; x_wconf 86' lang='lat' dir='ltr'><strong>sacris</strong></span> <span class='ocrx_word' id='word_1_821' title='bbox 2396 5246 2666 5300; x_wconf 88' lang='lat' dir='ltr'><strong>convenit.</strong></span> 
     </span>
    </p>
   </div>
   <div class='ocr_carea' id='block_1_116' title="bbox 1897 5312 3403 5386">
    <p class='ocr_par' dir='ltr' id='par_1_116' title="bbox 1897 5312 3403 5386">
     <span class='ocr_line' id='line_1_116' title="bbox 1897 5312 3403 5386; baseline 0.001 -17"><span class='ocrx_word' id='word_1_822' title='bbox 1897 5315 2007 5386; x_wconf 80' lang='lat'><strong>(70)</strong></span> <span class='ocrx_word' id='word_1_823' title='bbox 2047 5312 2336 5383; x_wconf 83' lang='grc' dir='ltr'>Μυθήρια.</span> <span class='ocrx_word' id='word_1_824' title='bbox 2374 5314 2525 5371; x_wconf 88' lang='lat' dir='ltr'><strong>Ficta</strong></span> <span class='ocrx_word' id='word_1_825' title='bbox 2566 5333 2666 5371; x_wconf 78' lang='lat' dir='ltr'><strong>vox</strong></span> <span class='ocrx_word' id='word_1_826' title='bbox 2705 5324 2806 5371; x_wconf 87' lang='lat' dir='ltr'><strong>est.</strong></span> <span class='ocrx_word' id='word_1_827' title='bbox 2826 5316 2956 5370; x_wconf 83' lang='grc' dir='ltr'><strong>Ἀπὸ</strong></span> <span class='ocrx_word' id='word_1_828' title='bbox 2986 5314 3079 5369; x_wconf 80' lang='grc' dir='ltr'><strong>τοῦ</strong></span> <span class='ocrx_word' id='word_1_829' title='bbox 3115 5318 3269 5386; x_wconf 84' lang='grc' dir='ltr'>μυεῖν</span> <span class='ocrx_word' id='word_1_830' title='bbox 3308 5316 3403 5371; x_wconf 75' lang='grc' dir='ltr'>καὶ</span> 
     </span>
    </p>
   </div>
   <div class='ocr_carea' id='block_1_117' title="bbox 1826 5385 3400 5458">
    <p class='ocr_par' dir='ltr' id='par_1_117' title="bbox 1826 5385 3400 5458">
     <span class='ocr_line' id='line_1_117' title="bbox 1826 5385 3400 5458; baseline 0.002 -19"><span class='ocrx_word' id='word_1_831' title='bbox 1826 5385 2099 5458; x_wconf 88' lang='grc' dir='ltr'>θηρεύειν,</span> <span class='ocrx_word' id='word_1_832' title='bbox 2122 5387 2279 5458; x_wconf 88' lang='lat' dir='ltr'><strong>quasi</strong></span> <span class='ocrx_word' id='word_1_833' title='bbox 2303 5387 2467 5439; x_wconf 87' lang='lat' dir='ltr'><strong>etiam</strong></span> <span class='ocrx_word' id='word_1_834' title='bbox 2500 5387 2765 5440; x_wconf 87' lang='lat' dir='ltr'><strong>initiamlo</strong></span> <span class='ocrx_word' id='word_1_835' title='bbox 2792 5398 3078 5441; x_wconf 86' lang='lat' dir='ltr'><strong>venentur.</strong></span> <span class='ocrx_word' id='word_1_836' title='bbox 3096 5385 3241 5458; x_wconf 82' lang='lat' dir='ltr'><strong>Nihil</strong></span> <span class='ocrx_word' id='word_1_837' title='bbox 3268 5401 3400 5458; x_wconf 75' lang='lat' dir='ltr'><strong>ergo</strong></span> 
     </span>
    </p>
   </div>
   <div class='ocr_carea' id='block_1_118' title="bbox 1824 5457 3399 5528">
    <p class='ocr_par' dir='ltr' id='par_1_118' title="bbox 1824 5457 3399 5528">
     <span class='ocr_line' id='line_1_118' title="bbox 1824 5457 3399 5528; baseline -0.004 -17"><span class='ocrx_word' id='word_1_838' title='bbox 1824 5457 1910 5511; x_wconf 83' lang='lat' dir='ltr'><strong>est</strong></span> <span class='ocrx_word' id='word_1_839' title='bbox 1934 5457 2288 5528; x_wconf 81' lang='lat' dir='ltr'><strong>quamobrem</strong></span> <span class='ocrx_word' id='word_1_840' title='bbox 2318 5457 2600 5528; x_wconf 59' lang='lat' dir='ltr'><strong>uacsﬁptat</strong></span> <span class='ocrx_word' id='word_1_841' title='bbox 2617 5470 2929 5528; x_wconf 85' lang='lat' dir='ltr'><strong>reponatur,</strong></span> <span class='ocrx_word' id='word_1_842' title='bbox 2951 5457 3249 5527; x_wconf 67' lang='lat' dir='ltr'><strong>praesertim</strong></span> <span class='ocrx_word' id='word_1_843' title='bbox 3274 5457 3399 5513; x_wconf 80' lang='lat' dir='ltr'><strong>cum</strong></span> 
     </span>
    </p>
   </div>
   <div class='ocr_carea' id='block_1_119' title="bbox 1826 5525 3400 5611">
    <p class='ocr_par' dir='ltr' id='par_1_119' title="bbox 1826 5525 3400 5611">
     <span class='ocr_line' id='line_1_119' title="bbox 1826 5525 3400 5611; baseline 0.001 -30"><span class='ocrx_word' id='word_1_844' title='bbox 1826 5527 2143 5611; x_wconf 69' lang='lat' dir='ltr'><strong>subjungat,</strong></span> <span class='ocrx_word' id='word_1_845' title='bbox 2193 5525 2693 5611; x_wconf 49' lang='lat' dir='ltr'><strong>onpsdouot;&#39;yd_p&quot;</strong></span> <span class='ocrx_word' id='word_1_846' title='bbox 2715 5525 3012 5611; x_wconf 46' lang='lat' dir='ltr'><strong>dicendum.</strong></span> <span class='ocrx_word' id='word_1_847' title='bbox 3035 5528 3181 5582; x_wconf 91' lang='lat' dir='ltr'><strong>enim</strong></span> <span class='ocrx_word' id='word_1_848' title='bbox 3218 5528 3400 5610; x_wconf 57' lang='lat' dir='ltr'><strong>potius</strong></span> 
     </span>
    </p>
   </div>
   <div class='ocr_carea' id='block_1_120' title="bbox 1826 5596 3402 5671">
    <p class='ocr_par' dir='ltr' id='par_1_120' title="bbox 1826 5596 3402 5671">
     <span class='ocr_line' id='line_1_120' title="bbox 1826 5596 3402 5671; baseline 0.002 -20"><span class='ocrx_word' id='word_1_849' title='bbox 1826 5596 2049 5671; x_wconf 65' lang='lat' dir='ltr'><strong>fuisset,</strong></span> <span class='ocrx_word' id='word_1_850' title='bbox 2074 5596 2402 5671; x_wconf 79' lang='grc' dir='ltr'>μυστεύουσι</span> <span class='ocrx_word' id='word_1_851' title='bbox 2434 5597 2564 5669; x_wconf 87' lang='grc' dir='ltr'>γάρ.</span> <span class='ocrx_word' id='word_1_852' title='bbox 2588 5596 2745 5671; x_wconf 84' lang='lat' dir='ltr'><strong>Nunc</strong></span> <span class='ocrx_word' id='word_1_853' title='bbox 2775 5596 2852 5668; x_wconf 84' lang='grc' dir='ltr'>τῷ</span> <span class='ocrx_word' id='word_1_854' title='bbox 2882 5597 3140 5671; x_wconf 84' lang='grc' dir='ltr'>μυθήρια,</span> <span class='ocrx_word' id='word_1_855' title='bbox 3172 5596 3295 5654; x_wconf 81' lang='lat' dir='ltr'><strong>cum</strong></span> <span class='ocrx_word' id='word_1_856' title='bbox 3320 5596 3402 5671; x_wconf 72' lang='grc' dir='ltr'><strong>τῷ</strong></span> 
     </span>
    </p>
   </div>
   <div class='ocr_carea' id='block_1_121' title="bbox 1825 5666 2683 5738">
    <p class='ocr_par' dir='ltr' id='par_1_121' title="bbox 1825 5666 2683 5738">
     <span class='ocr_line' id='line_1_121' title="bbox 1825 5666 2683 5738; baseline 0.009 -19"><span class='ocrx_word' id='word_1_857' title='bbox 1825 5666 2165 5738; x_wconf 83' lang='grc' dir='ltr'>θηρεύουσιν,</span> <span class='ocrx_word' id='word_1_858' title='bbox 2193 5668 2397 5737; x_wconf 88' lang='lat' dir='ltr'><strong>optime</strong></span> <span class='ocrx_word' id='word_1_859' title='bbox 2429 5666 2683 5727; x_wconf 70' lang='lat' dir='ltr'><strong>convenit</strong></span> 
     </span>
    </p>
   </div>
  </div>
