3832 6216
403 332 509 391 123
1040 328 1317 389 EUSEBII
1357 323 1840 383 CAiSARlENSlS
1872 323 2023 381 OPP.
2065 324 2249 381 PARS
2287 324 2349 382 ll.
2381 357 2450 368 —
2486 284 2986 384 APCLOGETICA.
3559 330 3661 387 124

397 461 601 518 statur,
631 451 884 521 equidem
937 449 1077 506 nihil
1117 451 1221 506 hoc
1251 448 1410 504 vobis
1443 446 1741 514 invideam,
1776 454 1840 502 ut
1866 461 1987 518 my-

2095 444 2174 511 ἀν,
2223 445 2291 500 τὰ
2336 446 2464 518 περὶ
2509 445 2608 519 τὴν
2684 447 3002 520 ’Λφροδίτην
3057 444 3347 518 μαχλῶντα
3396 446 3576 519 ὄργια,
3600 450 3662 500 ὲκ

401 544 567 599 steria
603 552 782 597 vestra
835 540 1125 612 sepulcrali
1174 554 1299 595 eum
1356 537 1602 602 nomine,
1650 546 1769 590 tum
1814 535 1981 590 etiam

2095 537 2282 599 νυκτὸς
2302 538 2485 609 ἡμέρᾳ
2528 538 2867 610 παραδοῦναι
2892 538 3187 608 τολμήσας,
3219 538 3664 609 φιλοτιμούμενος

403 633 616 688 honore
664 633 1011 688 decorentur.
1060 629 1323 697 Quinimo
1370 629 1531 684 liceat
1576 627 1678 682 tibi
1726 625 1984 697 mysteria

2095 626 2302 682 θειάσαι
2356 630 2560 701 ⁴ιυόρνην
2617 629 2875 683 πολίτιδα.
2906 628 3243 700 Μελάμποδα
3287 630 3344 683 δὲ
3375 630 3465 684 τὸν
3504 632 3665 702 Ἀμυο

402 726 563 795 quasi
614 724 879 797 μυθήρια,
916 724 1021 778 hoc
1064 731 1150 779 est
1204 721 1478 788 venatica,
1514 728 1704 774 mutua
1744 717 1983 772 duorum

2095 719 2303 784 θάωνος
2353 720 2503 775 ἄλλοι
2556 722 2719 790 φασὶν
2765 721 2823 789 ἐξ
2861 722 3138 790 Αἰγύπτου
3196 722 3555 793 μετακομίσαι
3599 725 3668 794 τῇ

403 819 800 874 elementorum
860 815 1305 886 permutatione,
1364 813 1611 883 accipere
1660 830 1674 865 :
1719 818 1987 865 venantur

404 910 551 965 enim
584 910 629 964 si
663 923 786 979 qua:
806 907 947 972 aliae,
978 906 1293 977 hujusmodi
1318 902 1536 969 fabulae,
1572 909 1841 972 quotquot
1871 901 1987 956 sive

409 1001 552 1073 apud
584 1000 825 1056 Thraces
851 999 1217 1065 immanitate,
1251 998 1367 1053 sive
1400 997 1542 1066 apud
1563 995 1809 1065 Phryges
1835 994 1987 1048 insa-

408 1094 520 1159 nia,
554 1093 669 1148 sive
702 1090 849 1162 apud
887 1090 1110 1147 Graecos
1141 1089 1532 1160 superstitione
1573 1089 1848 1159 principes
1873 1101 1990 1140 me-

403 1192 712 1240 morantur.
744 1183 852 1255 63
880 1187 951 1238 At
981 1182 1123 1238 male
1168 1189 1378 1254 pereat,
1411 1180 1665 1251 quisquis
1698 1187 1863 1234 tantae
1898 1193 1991 1233 ve-

405 1272 610 1328 cordia
632 1274 923 1328 hominum
954 1272 1141 1345 generi
1172 1280 1366 1327 auctor
1395 1270 1519 1333 fuit,
1552 1284 1645 1325 seu
1677 1268 1986 1335 Dardanus,

406 1365 503 1436 qui
533 1364 723 1421 Matris
749 1365 921 1421 Deum
956 1365 1217 1437 mysteria
1261 1362 1470 1426 docuit,
1515 1376 1613 1418 seu
1642 1361 1855 1425 Eetion,
1894 1362 1990 1431 qui

410 1456 836 1514 Samothracum
867 1458 1020 1528 orgia
1047 1473 1173 1514 cum
1203 1473 1395 1513 eorum
1424 1457 1596 1512 initiis
1616 1456 1863 1527 protulit,
1894 1470 1991 1511 seu

408 1548 592 1622 Phryx
637 1552 728 1605 ille
759 1550 952 1615 Midas,
986 1551 1082 1622 qui
1111 1566 1238 1606 cum
1282 1551 1352 1606 ab
1380 1549 1603 1623 Odrydo
1648 1548 1901 1605 callidam
1938 1556 1993 1602 et

410 1642 625 1698 artiﬁcii
660 1644 878 1714 plenam
932 1643 1182 1698 fraudem
1226 1643 1548 1713 accepisset,
1578 1657 1700 1697 eam
1741 1649 1993 1712 postmo-

412 1739 543 1793 dum
587 1738 640 1792 in
664 1736 916 1791 subditos
943 1750 1058 1791 suae
1085 1735 1283 1790 ditioni
1315 1734 1518 1805 sparsit
1550 1733 1857 1789 universos.
1886 1729 1995 1786 Nec

415 1830 560 1886 enim
605 1830 742 1884 mihi
774 1827 1007 1902 Cinyras
1053 1828 1144 1883 ille
1180 1826 1415 1899 Cyprius
1447 1825 1707 1881 insularis
1750 1839 1994 1895 unquam

416 1923 756 1993 imposuerit,
785 1922 879 1993 qui
910 1936 1034 1976 cum
1070 1920 1339 1979 famosam
1372 1920 1567 1977 insulae
1596 1934 1709 1975 sua:
1744 1917 1994 1973 meretri-

416 2030 533 2072 cem
588 2017 745 2071 deam
793 2014 1005 2071 edicere
1054 2014 1402 2069 vehementer
1443 2022 1679 2084 Optaret,
1728 2010 2007 2082 ﬂagitiosa

420 2106 646 2165 Veneris
677 2108 831 2180 orgia
855 2123 918 2162 ex
957 2107 1199 2162 tenebris
1221 2105 1274 2159 in
1310 2106 1488 2161 lucem
1519 2121 1688 2162 ausus
1713 2112 1799 2161 est
1817 2105 1995 2160 diem-

417 2214 522 2269 que
546 2198 868 2270 producere.
899 2196 1020 2252 1am
1059 2196 1153 2252 alii
1197 2195 1590 2265 Melampodem
1634 2194 1997 2266 Amythaonis

418 2293 611 2359 tilium,
658 2289 875 2345 Cereris
923 2288 1083 2355 festa,
1133 2289 1367 2354 luctum,
1400 2289 1647 2358 inquam,
1684 2286 1838 2341 illum
1876 2300 1998 2341 car-

419 2385 661 2441 minibus
692 2384 1020 2456 hymnisque
1052 2381 1332 2437 decantari
1368 2380 1613 2445 solitum,
1646 2380 1700 2434 in
1731 2378 1995 2433 Graeciam

417 2495 487 2534 ex
513 2475 747 2548 Egypto
770 2474 1080 2529 traduxisse
1104 2473 1316 2527 volunt.
1350 2471 1491 2527 istos
1516 2470 1771 2541 equidem
1802 2469 1997 2538 impia-

419 2582 542 2625 rum
576 2566 911 2633 fabularum,
949 2580 1015 2620 ac
1052 2564 1324 2635 pestiferae
1364 2562 1771 2633 superstitionis
1796 2576 1996 2631 paren-

420 2674 522 2727 tes,
593 2658 865 2713 malorum
932 2657 1229 2731 principes.
1268 2657 1514 2711 omnium
1568 2654 1740 2710 fuisse
1798 2653 1997 2709 merito

420 2753 676 2820 dixerim,
703 2766 827 2806 cum
865 2750 955 2804 illa
983 2750 1241 2822 mysteria
1274 2750 1541 2804 scelerum
1572 2763 1637 2803 ac
1674 2748 1871 2802 mortis
1910 2763 1999 2803 se-

421 2847 569 2902 mina
604 2845 658 2900 in
702 2844 984 2900 hominum
1035 2843 1201 2897 vitam
1233 2841 1558 2895 intulerunt.
1604 2839 1675 2894 At
1706 2840 1855 2895 enim
1881 2840 1996 2910 jam

416 2954 630 3010 tempus
662 2946 768 3003 est,
796 2946 856 2990 ut
883 2935 1036 3006 orgia
1057 2943 1238 2989 vestra
1270 2932 1482 2988 fraudis
1506 2947 1571 2987 ac
1598 2932 1995 3003 prmsligiarum

422 3031 580 3102 plena
625 3045 748 3085 esse
779 3030 1275 3083 demonstremus:
1313 3041 1431 3091 vos,
1487 3025 1533 3080 si
1585 3025 1749 3079 modo
1797 3023 1997 3078 initiati

2098 811 2310 866 Ἐλλάδι
2340 812 2437 879 τὰς
2468 813 2640 884 Δηοῦς
2674 813 2888 884 ἑορτὰς,
2923 814 3117 878 πένθος
3153 812 3506 885 ὑμνούμενον.
3543 814 3671 868 Τού-

2088 921 2213 967 τους
2270 903 2431 974 ἔγωγ’
2471 904 2538 958 ἂν
2597 906 2939 977 ἀρχεκάκους
2978 907 3217 977 φήσαιμι
3256 905 3440 977 μύθων
3470 905 3667 970 ἀθέων,

2090 995 2185 1049 καὶ
2217 995 2638 1067 δεισιδαιμονίας
2668 997 2909 1069 ὀλεθρίου
2938 999 3201 1070 πατέρας,
3234 999 3454 1069 σπέρμα
3474 997 3672 1060 κακίας

2091 1088 2187 1140 καλ⁵
2217 1087 2423 1161 φθορᾶς
2456 1090 3041 1158 ὲγκαταφυτεύσαντας
3067 1089 3146 1161 τῷ
3166 1089 3266 1162 βίῳ
3285 1088 3357 1144 τὰ
3376 1091 3670 1161 μυστήρια.

2095 1181 2233 1252 Ἤδη
2273 1181 2330 1235 δὲ
2374 1182 2487 1253 (καὶ
2516 1182 2625 1255 γὰρ
2656 1182 2866 1254 καιρὸς)
2915 1183 3056 1237 αὐτὰ
3104 1182 3260 1254 ὑμῶν
3288 1182 3357 1237 τὰ
3389 1182 3553 1254 ὄργια
3583 1183 3675 1250 ἑξ·-

2091 1271 2295 1342 ελέγξω
2320 1273 2536 1345 ἀπάτης
2558 1275 2653 1328 καὶ
2672 1274 2959 1346 τερατείας
2991 1274 3231 1347 ἔμπλεα,
3251 1275 3346 1329 καῖ
3373 1278 3423 1329 εί
3459 1275 3671 1349 μεμύη·

2094 1366 2210 1432 σθε,
2249 1366 2448 1439 μᾶλλον
2477 1367 2865 1436 ὲπιγελάσεσθε
2894 1370 3005 1432 τοῖς
3040 1367 3229 1440 μύθοις
3271 1368 3427 1439 ὑμῶν
3469 1369 3681 1427 τούτοις

2092 1461 2444 1531 τιμωμένοις.
2472 1461 2781 1533 Ἀγορεύσω
2806 1461 2862 1514 δὲ
2883 1461 3185 1531 ἀναφανδὸν
3206 1462 3273 1516 τὰ
3296 1462 3678 1534 κεκρυμμένα,

2094 1551 2196 1605 οὐκ
2227 1550 2545 1623 αἰδούμενος
2567 1552 2767 1621 λέγειν,
2800 1552 2834 1607 ἀ
2856 1557 3181 1625 προσκυνεῖν
3205 1554 3306 1607 οὐκ
3334 1553 3680 1626 αἰσχύνεσθε.

2108 1640 2173 1693 Ἠ
2209 1640 2307 1713 μὲν
2339 1637 2431 1695 οῦν
2469 1642 2794 1715 ἀφρογενὴς,
2829 1646 2923 1696 καὶ
2946 1645 3309 1716 κυπρογενὴς,
3349 1645 3444 1698 καὶ
3468 1643 3687 1717 Κινύρα

2098 1733 2248 1805 φίλη,
2283 1733 2382 1806 τὴν
2435 1735 2773 1807 Ἀφροδίτην,
2800 1737 2944 1806 λέγω
2978 1739 3077 1809 τὴν
3110 1737 3429 1810 φιλομηδέα,
3457 1740 3542 1792 ὅτι
3575 1757 3689 1811 μη-

2098 1828 2234 1882 δέων
2260 1827 2584 1901 ἐξεφαάνθη,
2616 1829 2831 1900 μηδέων
2873 1828 3095 1884 ἐκείνων
3145 1830 3255 1884 τῶν
3292 1831 3689 1903 ἀποκεκομμέ-

2099 1935 2204 1973 νων
2236 1918 2488 1992 ούρανοῦ,
2521 1920 2632 1974 τῶν
2678 1920 2912 1990 λάγνων,
2964 1921 3074 1975 τῶν
3125 1922 3262 1994 μετὰ
3294 1923 3393 1995 τὴν
3424 1922 3592 1994 τομὴν
3629 1922 3693 1975 τὸ

2098 2010 2251 2082 κῦμα
2284 2011 2682 2084 βεϐιασμένων,
2730 2015 2823 2069 καὶ
2862 2012 3107 2082 ἀσελγῶν
3143 2014 3270 2086 ὑμῖν
3303 2016 3504 2087 μορίων
3536 2013 3693 2079 ἄξιος

2112 2104 2398 2176 Ἀφροδίτη
2457 2105 2699 2174 γίνεται,
2736 2106 2949 2178 καρπὸς
2975 2107 3033 2161 ἐν
3065 2109 3184 2169 ταῖς
3208 2107 3449 2170 τελεταῖς
3482 2106 3694 2177 ταύτης

2097 2198 2197 2268 τῆς
2256 2198 2521 2268 πελαγίας
2567 2198 2782 2270 ἡδονῆς,
2836 2201 3136 2273 τεκμήριον
3173 2200 3270 2269 τῆς
3310 2200 3494 2270 γονῆς,
3541 2197 3695 2253 ἀλῶν

2100 2291 2339 2363 χόνδρος,
2378 2294 2472 2347 καὶ
2521 2293 2720 2361 φαλλὸς
2752 2296 2866 2358 τοῖς
2899 2294 3225 2365 μυουμένοις
3254 2293 3353 2365 τὴν
3372 2292 3566 2364 τέχνην
3587 2292 3698 2363 τὴν

2103 2386 2355 2459 μοιχικὴν
2387 2387 2702 2441 ἐπιδίδοται.
2754 2386 3019 2458 Νόμισμα
3046 2385 3105 2439 δὲ
3150 2385 3492 2458 εἰσφέρουσιν
3546 2385 3696 2455 αύτῇ

2098 2480 2148 2532 oi
2184 2477 2500 2550 μυούμενοι,
2532 2477 2608 2543 ὼς
2632 2478 2825 2550 ἑταίρᾳ
2849 2477 3076 2549 ἐρασταί
3098 2494 3112 2508 ⁸
3132 2476 3304 2550 Δηοῦς
3332 2476 3388 2530 δὲ
3417 2477 3701 2549 μυστήρια

2099 2570 2197 2624 καὶ
2238 2570 2361 2634 Διὸς
2384 2570 2522 2644 πρὸς
2545 2570 2759 2643 μητέρα
2791 2571 3088 2643 Δήμητραν
3117 2570 3419 2642 ἀφροδίσιοι
3448 2568 3699 2640 συμπλο-

2099 2659 2215 2723 καὶ,
2252 2660 2346 2713 καὶ
2390 2661 2573 2731 μῆνις,
2626 2660 2726 2713 οὐκ
2765 2654 2863 2713 οἷδ’
2912 2660 2941 2712 ὃ
2974 2676 3027 2713 τι
3059 2658 3145 2729 φῶ
3184 2659 3390 2723 λοιπὸν,
3429 2657 3701 2735 μητρί)ςῆ

2101 2752 2378 2818 γυναικὸς,
2422 2750 2525 2821 τῆς
2568 2748 2775 2821 Δηοῦς’
2821 2746 2890 2822 ἦς
3052 2751 3242 2822 χάριν,
3292 2748 3482 2820 Βριμὼ
3525 2765 3703 2817 προσο

2100 2843 2469 2917 αγορευθῆναι
2504 2845 2756 2913 λέγεται’
2818 2846 3088 2919 ἱκετηρίαι
3129 2846 3268 2910 Διὸς,
3299 2845 3392 2898 καὶ
3420 2844 3568 2914 πόμα
3604 2861 3696 2914 χο-

2102 2936 2222 3009 λῆς,
2258 2939 2351 2992 καὶ
2390 2938 2788 3009 καρδιουλκίαι,
2842 2938 2934 2991 καὶ
2976 2937 3397 3010 ἀρρητουργίαι.
3433 2935 3618 2989 Ταῦτα
3655 2937 3705 2988 οἱ

2102 3026 2315 3098 Φρύγες
2334 3026 2676 3081 τελίσκουσιν
2731 3027 2937 3081 Ἀττιδι
2971 3028 3066 3082 καὶ
3094 3026 3334 3099 Κυϐέλη,
3380 3026 3472 3081 καὶ
3514 3025 3706 3097 Κορύ-

422 3123 578 3190 estis,
620 3122 737 3177 risu
785 3136 850 3175 ac
884 3119 1062 3174 sibilis
1101 3126 1311 3172 vestras
1344 3117 1467 3172 illas
1510 3116 1747 3181 fabulas,
1798 3116 1998 3187 quibus

2106 3116 2254 3172 ϐασι.
2323 3118 2739 3191 Τεθρυλλήκασι
2786 3120 2844 3174 δὲ
2900 3121 2973 3185 ὡς
3009 3121 3117 3193 ἄρα
3157 3118 3481 3183 ἀποσπάσας
3515 3119 3709 3182 ὀΖεὺς

424 3222 635 3269 tantum
678 3211 1050 3268 venerationis
1094 3207 1385 3272 tribuitur,
1440 3221 1553 3276 prae
1599 3206 1813 3261 creteris
1856 3205 1999 3261 exci-

424 3305 606 3377 pietis.
634 3302 748 3375 Ego
780 3317 911 3357 vero
942 3301 1124 3355 abdita
1153 3299 1484 3370 penitusque
1507 3297 1791 3352 recondita
1817 3298 1999 3368 palam

425 3413 479 3453 in
507 3397 754 3452 omnium
777 3394 900 3450 luce
928 3391 1232 3459 collocabo,
1259 3404 1359 3445 nec
1387 3405 1475 3444 me
1495 3389 1671 3459 pudor
1690 3388 1759 3443 ab
1784 3388 1852 3443 iis
1875 3403 2001 3458 pro-

424 3487 664 3545 ferendis
692 3484 990 3550 revocabit,
1012 3498 1133 3553 quaa
1153 3495 1252 3536 vos
1270 3479 1473 3535 divinis
1500 3478 1804 3534 honoribus
1824 3478 2002 3533 colere

425 3597 537 3639 non
551 3582 770 3653 pudeat.
801 3577 994 3634 Vestra
1014 3576 1179 3648 igitur
1195 3570 1308 3639 illa,
1334 3587 1541 3644 spuma:
1557 3572 1781 3627 marina:
1798 3572 2001 3643 proles,

424 3674 699 3748 Cyprique
737 3670 902 3738 fetus,
946 3685 1012 3726 ac
1042 3668 1260 3742 Cinyrae
1292 3667 1570 3731 delicium,
1609 3664 1875 3720 Venerem
1920 3666 2005 3719 in-

425 3768 628 3839 telligo,
660 3780 823 3837 quam
857 3761 1178 3834 φιλομηδέα,
1216 3759 1321 3815 hoc
1352 3765 1435 3814 est
1467 3756 1666 3812 veretri
1706 3763 2001 3818 amantem,

428 3859 748 3924 nominatis,
781 3858 984 3929 quippe
1029 3852 1276 3910 membris
1323 3865 1388 3906 ea:
1436 3847 1756 3922 genitalibus
1798 3859 2004 3912 ortam;

426 3955 573 4011 fctus
610 3953 799 4022 utique
841 3947 1105 4005 abscissis
1133 3946 1243 4002 illis
1282 3943 1421 4001 Caeli
1452 3943 1800 4014 genitalibus,
1833 3955 2007 4011 usque

429 4049 567 4102 adeo
588 4043 884 4108 salacibus,
925 4049 987 4095 ut
1013 4047 1162 4097 secta
1192 4053 1413 4109 quoque
1437 4036 1641 4091 undam
1669 4035 1845 4105 ipsam
1875 4049 2008 4088 eon-

429 4136 749 4208 stuprarint,
800 4148 901 4188 nec
942 4146 1049 4187 non
1090 4129 1280 4186 effusis
1324 4129 1381 4185 in
1434 4126 1715 4183 libidinem
1763 4124 2009 4195 corporis

429 4230 597 4286 vestri
624 4227 875 4299 partibus
903 4226 1063 4296 longe
1095 4223 1479 4292 dignissimus,
1515 4218 1696 4275 Venus
1739 4220 1845 4274 ista
1877 4234 2006 4286 pro-

430 4329 668 4378 creatur.
702 4318 909 4388 Itaque,
938 4317 995 4371 in
1038 4315 1256 4372 arcanis
1292 4314 1591 4384 voluptatis
1638 4310 1806 4381 hujus
1840 4310 2010 4365 mari-

429 4430 517 4470 nae
548 4412 743 4476 sacris,
780 4422 1010 4483 grumus
1060 4408 1213 4475 salis,
1269 4406 1583 4476 eﬂigiesque
1621 4404 1844 4469 veretri,
1895 4412 2012 4457 tan—

2100 3210 2195 3263 τοῦ
2220 3209 2376 3281 κριοῦ
2404 3211 2530 3274 τοὺς
2551 3210 2826 3283 διδύμους,
2863 3192 3059 3283 φέρων
3079 3214 3137 3265 ὲν
3162 3212 3348 3282 μέσοις
3374 3211 3564 3281 ἔρριψε
3585 3192 3710 3274 τοῖς

2102 3302 2323 3366 κόλποις
2348 3302 2448 3375 τῆς
2494 3302 2688 3374 Δηοῦς,
2721 3305 2992 3376 τιμωρίαν
3017 3304 3185 3375 ψευδῆ
3220 3306 3320 3376 τῆς
3347 3303 3529 3375 βιαίας
3562 3320 3710 3373 συμ-

2104 3395 2310 3464 πλοκῆς
2362 3394 2675 3463 ὲκτιννύων,
2730 3398 2807 3460 ὼς
2841 3397 3035 3451 ἑαυτὸν
3088 3397 3249 3469 δῆθεν
3297 3396 3564 3469 ἐκτεμὼν.
3620 3396 3712 3449 Τὰ

2106 3485 2353 3557 σύμϐολα
2368 3486 2471 3556 τῆς
2500 3488 2757 3559 μυήσεως
2778 3486 2982 3560 ταύτης
3012 3489 3077 3541 ἐκ
3106 3487 3423 3560 περιουσίας
3456 3503 3708 3558 παρατε-

2105 3576 2287 3642 θέντα,
2322 3575 2419 3631 οἷδ’
2450 3578 2532 3631 ὅτι
2565 3579 2778 3650 κινήσει
2816 3578 3051 3649 γέλωτα,
3077 3578 3171 3632 καὶ
3214 3576 3290 3650 μὴ
3325 3577 3711 3647 γελασείουσιν

2106 3669 2233 3739 ύμῖν
2266 3668 2379 3740 (π)
2409 3669 2502 3723 διὰ
2527 3670 2654 3733 τοὺς
2709 3670 2985 3740 ἐλέγχους.
3025 3670 3119 3722 Ἐκ
3144 3668 3429 3740 τυμπάνου
3457 3666 3665 3737 ἔφαγον
3690 3683 3712 3701 ο

2105 3762 2199 3814 καὶ
2254 3760 2538 3832 κυμϐάλου
2565 3761 2737 3816 ἔπιον.
2787 3762 3227 3834 Ἐκερνοφόρησα
3264 3760 3411 3833 (72)°
3452 3760 3559 3813 ὑπὸ
3610 3760 3712 3815 τὸν

2107 3853 2314 3909 παστὸν
2366 3854 2589 3911 ύπέδυν.
2640 3854 2830 3910 Ταῦτα
2875 3856 2974 3925 οὐχ
3032 3853 3188 3927 ῦϐρις
3220 3855 3287 3909 τὰ
3325 3853 3608 3926 σύμϐολα;
3641 3855 3709 3907 οὐ

2108 3946 2276 4018 χλεύη
2290 3946 2361 4001 τὰ
2379 3948 2656 4020 μυστήρια
2674 3964 2689 4014 ;
2720 3948 2784 4000 Τί
2798 3948 2862 4019 δὴ
2882 3949 2976 4001 καὶ
2997 3948 3067 4002 τὰ
3091 3947 3348 4001 ἐπίλοιπα
3375 3947 3672 4020 προσθείην
3692 3966 3709 4013 ;

2109 4041 2230 4095 κύει
2259 4041 2411 4114 μὲνὴ
2442 4043 2735 4113 Δημήτηρ,
2765 4040 3129 4112 ἀνατρέφεται
3161 4038 3218 4093 δὲ
3255 4042 3288 4111 ἡ
3331 4040 3490 4113 κόρη,
3519 4039 3716 4110 μίγνυ·

2109 4152 2200 4188 ται
2218 4134 2263 4187 δ’
2284 4129 2442 4197 αὖθις
2491 4135 2520 4186 ό
2561 4134 2832 4205 γεννήσας
2864 4132 3064 4186 οὑτωσὶ
3092 4133 3228 4196 Ζεὺς
3264 4134 3329 4204 τῇ
3362 4132 3709 4206 Φερεφάττῃ,

2111 4228 2178 4298 τῇ
2209 4225 2315 4297 ίδίςι
2338 4225 2569 4298 θυγατρὶ
2598 4225 2739 4297 μετά
2768 4227 2869 4296 τήν
2907 4226 3118 4298 μητέρα
3148 4224 3293 4296 Δηῶ,
3343 4225 3721 4297 ἐκλαθόμενος

2110 4319 2204 4372 τοῦ
2239 4319 2507 4392 προτέρου
2549 4319 2772 4389 μύσους,
2806 4320 2900 4373 καὶ
2945 4319 3202 4391 μίγνυται
3229 4319 3445 4391 δράκων
3472 4320 3711 4391 γενόμε-

2113 4427 2224 4474 νος,
2251 4409 2311 4473 ὃς
2330 4405 2397 4480 ἦν
2424 4408 2721 4481 ὲλεγχθείς.
2752 4409 3035 4476 Σαϐαζίων
3057 4411 3188 4480 γοῦν
3221 4412 3535 4483 μυστηρίων
3558 4412 3713 4484 σύμ..

428 4518 597 4575 quam
643 4471 834 4558 fetura:
878 4471 1208 4572 symbolum
1238 4497 1307 4553 iis
1338 4471 1507 4552 tradi-
1529 4496 1685 4563 solet,
1719 4496 1814 4567 qui
1854 4493 1998 4566 ﬂagi-

2116 4471 2271 4556 ϐολον
2291 4471 2429 4566 -τοῖς
2473 4471 2818 4573 μυουμένοις,
2860 4504 2889 4555 ό
2914 4471 3011 4557 διὰ
3044 4471 3245 4557 iam}
3290 4471 3440 4568 056:;-
3494 4471 3714 4575 δράκων

430 4595 561 4653 tiosi
606 4593 932 4650 concubitus
975 4592 1187 4647 artibus
1227 4590 1552 4645 initiantur:
1582 4588 1636 4644 hi
1685 4604 1817 4644 vero
1849 4605 1998 4643 num-

2110 4594 2169 4650 δὲ
2201 4586 2356 4661 οὗτος
2393 4594 2773 4666 διολκούμενος
2816 4596 2927 4666 (75)
2962 4595 3058 4649 τοῦ
3092 4596 3294 4652 κόλπου
3316 4598 3425 4652 τῶν
3444 4600 3717 4672 τελουμέ-

431 4704 584 4746 mum
625 4688 727 4759 ipsi
759 4695 1018 4758 tanquam
1068 4687 1259 4742 amicae
1297 4693 1572 4738 amatores
1610 4682 1865 4737 oﬂ‘erunt.
1892 4682 1998 4737 Jan‘

2110 4705 2238 4751 νων,
2273 4687 2491 4758 ἐλεγχος
2530 4688 2803 4759 ἀκρασίας
2841 4690 2963 4753 Διός
2989 4706 3002 4720 ·
3037 4690 3157 4743 κύει
3190 4691 3285 4745 καὶ
3326 4694 3359 4762 ή
3388 4693 3716 4766 Φερεφάττα.

434 4781 695 4854 mysteria
728 4779 945 4835 Cereris
974 4779 1120 4834 aliud
1163 4776 1301 4832 nihil
1323 4785 1473 4843 sunt,
1505 4791 1671 4845 quam
1713 4775 1998 4832 incestuos:

2113 4778 2280 4832 παῖδα
2308 4779 2717 4852 ταυρόμορφον.
2767 4780 2983 4851 ’Δμέλει
3018 4782 3150 4852 φησί
3179 4799 3263 4846 τις
3291 4783 3519 4856 ποιητὴς
3546 4784 3714 4838 εἰδω-

432 4870 586 4928 Jovis
617 4887 742 4928 cum
794 4868 992 4926 Cerere
1037 4878 1210 4924 matre
1253 4882 1586 4939 congressus
1629 4866 1998 4938 ejusdemque,

2111 4870 2281 4935 λικός·
2319 4870 2543 4940 Ταῦρος

431 4967 696 5025 ωιῑῐίεηθ
731 4967 869 5023 ultra
908 4966 1110 5026 dicam.
1156 4980 1225 5019 all
1270 4963 1496 5020 "Miris?
1546 4963 1851 5033 iracundia,
1885 4983 2007 5036 quae
2045 4972 2211 5025 causa
2245 4965 2349 5022 fuit
2387 4982 2486 5022 cur
2524 4966 2710 5022 Brimo
2735 4968 2895 5038 quasi
2923 4966 3162 5024 fremens
3202 4977 3257 5023 et
3296 4968 3714 5041 indignabunda

431 5071 751 5127 vocaretur;
794 5060 1035 5129 itemque
1077 5055 1229 5112 Jovis
1278 5055 1703 5125 supplicationes
1728 5096 1745 5119 ,
1783 5056 1923 5113 fellis
1966 5059 2230 5126 haustus,
2282 5060 2464 5115 cordis
2495 5060 2919 5127 convulsiones,
2966 5075 3031 5116 ac
3066 5068 3275 5116 caeteras
3319 5060 3373 5116 id
3415 5077 3587 5133 genus
3625 5064 3716 5118 in-

433 5158 612 5214 fandae
653 5155 1000 5213 ceremoniae.
1047 5152 1127 5207 Ac
1176 5151 1420 5223 Phryges
1466 5151 1685 5222 quidem
1734 5152 2003 5222 ejusmodi
2044 5171 2199 5210 sacra
2241 5154 2296 5209 in
2338 5153 2561 5219 Attidis,
2596 5153 2847 5226 Cybeles,
2879 5162 2935 5210 et
2985 5154 3381 5226 Corybantium
3437 5157 3711 5211 honorem

434 5252 871 5320 memoriamque
910 5247 1119 5303 faciunt
1158 5265 1171 5300 :
1215 5246 1419 5315 passim
1462 5253 1644 5300 autem
1699 5244 1846 5301 fama
1903 5249 2180 5315 vulgatum
2237 5257 2351 5316 est,
2392 5247 2579 5305 Jovem
2625 5250 2851 5306 avulsos
2896 5249 3143 5321 geminos
3187 5247 3374 5303 arietis
3426 5247 3717 5304 testiculos

437 5348 496 5403 in
546 5346 787 5402 medium
832 5343 1050 5400 Cereris
1096 5342 1281 5398 sinum
1331 5340 1654 5410 conjecisse,
1697 5355 1824 5396 cum
1877 5356 1908 5397 a
1950 5357 2011 5398 se
2048 5343 2170 5414 ipso
2220 5352 2475 5400 exactum
2516 5344 2877 5401 abseissionis
2915 5342 3074 5413 quasi
3127 5341 3449 5398 voluntaria:
3485 5356 3715 5411 penam

509 5573 770 5650 (7l)_l_(ul
793 5570 879 5650 μὴ
903 5572 1329 5650 γελιιοτείοῃσιν
1344 5571 1461 5650 ύμ..
1486 5569 1634 5623 Clem
1646 5607 1662 5650 ._
1683 5566 1998 5650 legend._x&‘

2130 5586 2273 5650 ρησα
2301 5589 2316 5625 :
2348 5580 2515 5650 recte,
2541 5570 2949 5650 ’κέρνοὶιο-εηίιῃ,⁸
2970 5570 3230 5650 μυστικδν
3259 5568 3549 5650 ἀηεξονῶ
3573 5585 3717 5641 xpu-

441 5638 528 5719 μὴ’
573 5638 807 5715 γέλάσαί
852 5638 1061 5695 ἔπεισιν
1111 5644 1268 5713 ὑμῖν,
1321 5640 1563 5711 pleniore
1617 5648 1671 5693 et
1722 5638 1998 5692 illustriore

2126 5638 2691 5719 rﬁpgmnominabant.
2720 5638 3043 5719 Hesychius,
3075 5640 3290 5719 ιθριιυι,
3310 5638 3633 5719 Athenaeus.

439 5704 628 5775 ὲιοὶιειὶ.
1149 5704 1163 5713 “
1220 5783 1229 5784 ί
1256 5704 1263 5707 ⁷
1323 5704 1392 5784 '__
1734 5764 1765 5784 _,
1971 5779 1981 5784 _

2180 5704 2310 5784 R73)
2351 5712 2548 5779 Clem.,
2581 5710 2796 5783 δράκων
2818 5704 2875 5764 δέ
2909 5704 3055 5765 ἐστιν
3080 5704 3238 5775 οὗτος
3263 5710 3628 5782 διελκόμενος.

512 5787 624 5861 (72)
677 5784 1173 5855 Ὲκερνοερόρησα.
1215 5783 1295 5838 lta
1336 5780 1532 5850 Clem.,
1572 5796 1677 5837 non
1732 5779 2020 5853 ὲκιρνοφή-
