3832 6216
158 267 270 326 ηδ
1342 258 1664 317 ΡΒᾹΞΡΑΒ.
1705 259 1721 315 l

1828 258 1959 316 me.
1998 259 2128 319 me.
2162 257 2239 334 ;ιι.
3342 267 3446 325 iss

158 385 235 443 ὼ
279 373 545 455 stuprum
597 381 651 437 vi
708 379 993 447 oblatum,
1046 379 1148 436 bac
1202 377 1397 436 fraude
1444 379 1752 434 simularet.
1806 378 1921 452 α
1961 378 2136 451 Cujus
2186 379 2509 438 initiationis
2538 381 2754 454 egregia
2811 380 3061 456 symbols
3097 382 3276 440 soluto
3303 383 3447 438 Otio-

157 492 342 549 soque
388 474 578 531 animo
625 473 897 544 producta
953 473 1127 529 risum
1176 473 1335 529 vobis
1379 473 1570 542 utique
1636 480 1913 540 moveam,
1963 473 2181 530 tametsi
2245 474 2444 544 opinor
2504 475 2660 531 vobis
2716 476 2894 532 ridere
2938 491 3048 531 non
3108 476 3260 542 libet,
3296 476 3440 546 quod

155 575 241 629 sic
293 570 632 642 religionum
685 577 997 624 vestrarum
1054 568 1354 639 indignitas
1398 567 1643 623 omnium
1695 568 1751 621 in
1806 566 1983 622 oculis
2025 566 2318 638 deligatur,
2362 564 2448 621 Ea:
2486 576 2734 638 tympano
2802 568 3045 623 comedi:
3070 566 3179 622 bibi
3206 582 3270 622 ea:
3306 582 3444 636 cym-

158 665 283 720 bala
312 679 579 719 :cernum
599 663 800 733 gestavi
821 677 840 714 :
867 679 949 717 me
991 663 1049 716 in
1091 662 1389 717 thalamum
1430 662 1568 716 clam
1617 661 1904 716 insinuari.
1937 658 2059 715 Non
2117 661 2234 716 haec.
2281 661 2528 733 symbols
2590 662 2851 733 probrum
2912 670 2967 716 et
3023 659 3303 715 infamiam
3346 672 3439 712 sa-

153 756 498 825 piunt2nou
527 770 699 810 sanna
730 754 1079 825 ludibrioque
1112 755 1278 827 digna
1326 757 1585 827 mysteria
1614 754 1783 812 sunt?
1813 752 1954 820 Quid
1990 768 2156 824 porro
2191 754 2238 810 si
2288 762 2526 809 attesam
2590 753 2835 823 reliqua?
2875 751 3043 808 Ceres
3095 750 3318 822 quidem
3359 745 3439 803 fe-

160 861 277 905 um
327 848 580 914 enititur,
620 846 801 917 puella
844 862 975 903 vero
1032 847 1299 904 educatur
1338 864 1603 904 :rursum
1650 865 1777 908 ecce
1839 848 1938 907 tibi
1978 858 2168 905 castus
2218 846 2430 917 Jupiter
2475 862 2598 902 cum
2661 844 3054 916 Pberepliatta,
3108 857 3273 913 quam
3324 840 3441 910 ipse

156 953 465 1014 genuerat,
533 955 662 1014 post
715 943 972 999 Cererem
1031 951 1302 1010 matrem,
1366 945 1750 1017 congreditur,
1792 946 2117 1003 exsecrandi
2182 942 2373 1014 ﬂagitii
2416 941 2619 1012 prioris
2689 940 2929 1008 oblitus;
2983 947 3039 995 et
3085 938 3438 1008 congreditur

155 1039 428 1095 draconis
481 1037 660 1094 forma
698 1046 921 1094 tectus:
955 1054 1035 1094 sic
1088 1048 1275 1095 tamen
1317 1047 1381 1094 ut
1423 1040 1520 1110 qui
1570 1040 1674 1097 sub
1721 1056 1787 1096 ea
1826 1042 1979 1106 latet,
2024 1039 2321 1096 manifesto
2378 1036 2727 1109 postmodum
2792 1043 3061 1091 teneatur.
3122 1031 3437 1093 Enimvero.

154 1132 527 1188 Sabaziorum
562 1133 752 1203 utique
804 1134 1210 1205 mysteriorum,
1277 1134 1347 1191 iis
1399 1136 1494 1206 qui
1550 1137 1725 1193 sacris
1784 1136 2090 1203 initiantur,
2135 1134 2444 1208 symbolum
2497 1143 2601 1196 est,
2660 1131 2806 1188 Deus
2853 1131 3037 1187 sinum
3093 1129 3433 1200 pervadens:

153 1231 301 1284 Deus
369 1237 557 1282 autem
602 1228 710 1283 iste
753 1228 922 1284 draco
966 1238 1069 1293 est,
1118 1231 1211 1301 qui
1282 1247 1381 1302 per
1426 1232 1666 1288 medium
1716 1246 1929 1299 eorum,
1976 1248 2117 1303 quos
2155 1230 2385 1288 solemni
2459 1230 2563 1285 ritu
2614 1229 2852 1293 initiant,
2925 1227 3108 1283 sinum
3177 1224 3433 1288 trahitur,

152 1328 369 1373 certum
433 1320 595 1390 plane
655 1318 972 1388 impotentis
1040 1318 1192 1376 Iovis
1234 1321 1478 1378 libidinis
1528 1332 1931 1393 argumentum.
1988 1322 2141 1379 Parit
2187 1323 2351 1379 etiam
2409 1321 2796 1393 Plierepbatta,
2844 1321 2941 1377 sed
2980 1321 3152 1375 tilium
3214 1318 3434 1375 taurina

155 1404 372 1477 specie;
407 1410 695 1477 nimirum,
725 1419 787 1466 ut
815 1411 1085 1467 idolorum
1108 1415 1288 1471 cultor
1308 1424 1466 1487 poeta
1498 1416 1730 1473 cecinit:

1852 1547 2063 1619 Taurus
2087 1548 2373 1603 draconem
2402 1549 2601 1619 genuit,
2634 1556 2684 1604 et
2712 1558 2924 1603 taurum
2953 1549 3136 1615 draco,

152 1536 359 1613 actius
386 1543 739 1613 δράκοντος,
776 1547 874 1599 καὶ
905 1546 1100 1615 πατὴρ
1133 1549 1354 1616 ταύρου
1375 1548 1632 1618 δράκων,

155 1619 258 1670 Ἑν
283 1617 411 1684 ὄρει
440 1615 511 1668 τὸ
530 1616 790 1685 κρύφιον
813 1617 1121 1684 βουκόλος
1150 1619 1216 1672 τὸ
1262 1617 1532 1686 κέντρον.

1852 1547 2063 1604 Taurus
2087 1548 2373 1603 draconem
2402 1549 2601 1619 genuit,
2634 1556 2684 1604 et
2712 1558 2924 1603 taurum
2953 1549 3016 1603 dr

1849 1618 1913 1673 In
1952 1628 2125 1674 monte
2154 1620 2420 1674 occultum
2444 1619 2698 1674 bubulcus
2721 1619 3016 1686 stimulum,

155 1619 258 1670 Ἑν
283 1617 411 1684 ὄρει
440 1615 511 1668 τὸ
530 1616 790 1685 κρύφιον
813 1617 1121 1684 βουκόλος
1150 1619 1216 1672 τὸ

151 1749 497 1823 βουκολικὸν,
513 1743 692 1821 οἶμαι,
706 1749 930 1821 κέντρον
946 1749 1034 1804 τὸν
1048 1750 1296 1823 νάρθηκα
1314 1752 1592 1807 ἐπικαλῶν
1604 1755 1717 1826 (74)

1849 1749 2098 1815 bubulci,
2157 1749 2377 1822 opinor,
2438 1749 2724 1805 stimulum
2795 1750 3058 1806 scuticam
3109 1750 3424 1819 nominans,

150 1843 305 1913 ὃνδὴ
360 1841 547 1895 κάλων
596 1841 1025 1913 ἀναστρέφουσιν
1055 1842 1165 1914 (75)
1205 1845 1256 1897 oi
1297 1844 1518 1916 Βάκχοι.
1552 1845 1718 1899 Βούλε

1846 1856 2013 1911 quam
2060 1842 2224 1912 lignis
2271 1842 2599 1912 quibusdam
2642 1841 2893 1897 homines
2938 1841 3207 1897 Bacchico
3241 1842 3424 1897 lurore

145 1935 239 1986 ni.
268 1932 343 1986 τὰ
372 1933 727 2004 Φερεφάττης
768 1933 1056 2003 ἀνθολόγια
1108 1936 1455 2008 διηγήσωμαι
1497 1954 1600 2002 σοι,
1646 1938 1721 1993 κα

1846 1931 2085 2001 correpti
2118 1932 2519 2004 circumagunt.
2552 1930 2719 1990 Visne
2761 1941 2818 1986 tu
2862 1933 2954 1988 hic
2992 1932 3157 1988 etiam
3192 1932 3362 1988 lectos
3392 1948 3421 1986 s

142 2025 233 2080 τὸν
289 2023 558 2090 κάλαθον,
590 2026 687 2080 καὶ
713 2026 814 2097 τὴν
852 2026 959 2079 ὑπὸ
997 2027 1291 2092 Ἀϊδωνέως
1334 2028 1613 2101 ἁρπαγὴν,
1643 2030 1721 2083 κα

1841 2020 2169 2094 Proserpina
2221 2023 2383 2080 tiores
2426 2024 2523 2080 tibi
2569 2039 3020 2087 commemorem,
3066 2023 3423 2094 ejusdemque

140 2116 203 2167 τὺ
225 2116 426 2187 χάσμα
452 2116 556 2187 τῆς
569 2116 695 2186 τῆς,
713 2117 808 2170 καὶ
830 2117 928 2180 τὰς
938 2109 1001 2180 ὗς
1021 2117 1115 2171 τοῦ
1139 2118 1453 2183 Εὐϐουλέως
1476 2120 1576 2183 τὰς
1605 2136 1721 2189 συγ-

1841 2114 2141 2181 calathum,
2174 2123 2229 2170 et
2265 2123 2482 2187 raptum
2521 2130 2552 2171 a
2581 2113 2813 2172 Plutone
2852 2126 3149 2187 patratum,
3178 2125 3233 2172 et
3265 2125 3424 2172 terra

141 2209 557 2274 καταποθείσας
606 2212 727 2263 ταίν
789 2209 973 2275 θεαῖν;
1009 2211 1077 2265 δι’
1097 2211 1165 2284 ἢν
1196 2212 1377 2267 αἰτίαν
1412 2216 1471 2268 ὲν
1499 2215 1610 2283 τοῖς
1640 2220 1740 2273 Θε-

144 2300 474 2374 σμοφορίοις
510 2301 921 2373 Μεγαρίζοντες
982 2304 1197 2375 χοίρους
1222 2306 1562 2364 ἐκϐάλλουσι.
1591 2311 1737 2365 Ταύ-

138 2408 249 2461 την
274 2391 381 2464 τὴν
418 2392 750 2464 μυθολογίαν
774 2394 1034 2459 ποικίλως
1066 2397 1209 2451 κατὰ
1240 2398 1423 2464 πόλεις
1448 2402 1738 2473 ἑορτάζου-

138 2500 227 2537 σιν
252 2485 314 2536 αἱ
348 2486 610 2552 γυναῖκες
631 2523 646 2549 ,
685 2482 1051 2558 Θεσμοφόρια,
1104 2488 1492 2561 Σκιρῤοφόρια,
1546 2493 1737 2565 Ἀρῤτγ

134 2574 378 2644 τοφόρια
413 2573 552 2644 (76),
602 2573 960 2646 πολυτρόπως
1008 2576 1105 2648 τὴν
1142 2578 1493 2652 Φερεφάττης
1537 2584 1735 2656 ἐκτρα-

138 2664 416 2733 τῳδοῦσιν
446 2665 559 2737 (77)
593 2666 874 2738 ἁρπαγήν.
922 2666 1003 2720 Τὰ
1028 2667 1137 2740 γὰρ
1165 2664 1423 2723 Διονύσου
1460 2676 1734 2745 μυστήρια

134 2757 329 2810 τέλεον
363 2756 729 2828 ἀπάνθρωπα,
778 2758 838 2811 ὃν
890 2759 1054 2813 εἰσέτι
1114 2760 1277 2814 παῖδα
1319 2762 1469 2829 ὅντα,
1523 2766 1734 2837 ἐνόπλῳ

135 2847 362 2917 κινήσει
418 2847 885 2919 περιχορευόντων
930 2848 1226 2920 Κουρήτων
1246 2890 1262 2913 ,
1304 2850 1441 2921 δόλῳ
1499 2854 1730 2908 ὑποδύν-

138 2958 249 2993 των
281 2938 529 2993 Τιτάνων
557 2938 692 3009 (78).
719 2939 1098 3009 ἁπατήσαντες
1126 2943 1541 3015 παιδαριώδεσιν
1559 2946 1730 3022 ἀθύρ-

151 3046 347 3100 μασιν,
379 3025 529 3086 οὗτοι
565 3030 631 3101 δὴ
668 3032 718 3084 el
763 3030 989 3094 Τιτᾶνες
1022 3032 1320 3088 διέσπασαν
1352 3034 1432 3088 ἐτι
1465 3038 1729 3110 νηπίαχον

144 3122 298 3185 ὂντα,
340 3120 420 3185 ὡς
453 3122 485 3174 ό
517 3121 620 3193 τῆς
666 3120 888 3194 τελετῆς
930 3124 1156 3196 ποιητὴς
1207 3126 1437 3196 Ὀρφεύς
1483 3145 1646 3200 φησιν
1699 3134 1729 3186 ὀ

149 3208 389 3284 θρᾴκιος
406 3227 424 3243 ·

145 3478 368 3559 ξᾶῃςος,
397 3476 501 3533 καί
520 3480 764 3559 ῥόμϐος,
904 3483 1579 3559 παίπια-ζαμπεοζιτυια
1590 3485 1728 3559 (79),

142 3550 327 3618 Πῆλά
354 3566 421 3604 τε
442 3552 696 3619 χρύσεα,
744 3550 923 3617 καλὰ,
964 3550 1101 3623 παρ’
1158 3550 1518 3627 Ἐσπεριδῲν
1560 3550 1728 3627 ,ιίγύζ

1346 3624 1617 3700 [φώνων.

141 3734 250 3786 Καὶ
312 3732 484 3802 τῆσδε
544 3735 678 3805 ἡμῖν
755 3733 856 3805 τῆς
910 3734 1129 3807 τελετῆς
1206 3736 1277 3791 τὰ
1323 3738 1522 3811 ἀχρεῖα
1589 3739 1728 3813 σύμ-

139 3824 307 3889 ϐολα,
382 3827 489 3880 οὐκ
544 3828 767 3899 ἀχρεῖον
827 3829 907 3892 είς
961 3829 1306 3899 κατάγνωσιν
1359 3832 1723 3904 παραθέσθαι.

150 3918 552 3991 ’Δστράγαλος,
582 3920 797 3990 Σφαῖρα
816 3960 831 3984 ,
862 3920 1148 3991 Στρόδιλος
1167 3962 1181 3987 ,
1217 3922 1428 3998 Μῆλα,
1461 3924 1723 3996 Ῥόμόος,

1838 2203 2040 2272 labent,
2076 2212 2130 2260 et
2161 2204 2391 2260 Eubulei
2423 2220 2575 2274 sues,
2611 2221 2734 2276 qua:
2764 2221 2890 2261 cum
2921 2215 3154 2277 utraque
3195 2206 3294 2263 dea
3345 2206 3422 2263 si—

1837 2296 1952 2350 mul
1985 2297 2193 2353 haustae
2236 2297 2533 2354 dicuntur?
2564 2299 2709 2369 quod
2743 2298 2964 2367 quidem
3015 2298 3069 2352 in
3102 2314 3265 2354 causa
3311 2307 3417 2367 est,

1836 2404 1937 2445 cur
1970 2390 2023 2444 in
2059 2388 2515 2460 Thesmophoriis
2561 2388 2831 2460 Megarica
2866 2389 3051 2459 lingua
3092 2404 3290 2460 porcos
3317 2390 3421 2461 eji-

1836 2484 2002 2539 ciant.
2041 2482 2238 2539 Totam
2287 2483 2430 2539 hanc
2459 2481 2713 2538 fabellam
2748 2483 2897 2537 varie
2943 2484 3203 2539 mulieres
3228 2485 3417 2555 singu-

1836 2575 1906 2630 lis
1942 2577 1993 2630 in
2020 2576 2250 2631 urbibus
2276 2575 2507 2630 solemni
2537 2574 2678 2630 festo
2706 2574 3004 2637 celebrant,
3037 2574 3418 2645 Thesmopho—

1832 2666 1936 2732 ria,
1964 2664 2407 2734 Scirrliopboria,
2436 2665 2868 2734 Arrbetophoria
2897 2682 2910 2719 :
2942 2675 3107 2735 atque
3132 2666 3205 2719 ita
3234 2665 3414 2721 diver-

1832 2759 1911 2815 sis
1971 2759 2128 2827 plane
2176 2758 2510 2827 tragicisque
2571 2757 2753 2812 modis
2806 2767 3020 2827 raptum
3073 2755 3416 2828 Proserpinae

1832 2850 2102 2905 recolunt.
2132 2849 2253 2905 Jam
2292 2848 2495 2905 Bacchi
2530 2848 2788 2921 mysteria
2818 2849 2968 2903 omni
3007 2849 3225 2904 diritate
3251 2857 3414 2904 teter-

1830 2945 1971 2999 rima
2001 2946 2149 3010 sunt,
2183 2943 2385 3013 quippe
2416 2956 2601 3012 quem,
2642 2940 2773 2996 dum
2818 2941 3001 2995 adhuc
3033 2941 3299 3010 puerulus
3324 2957 3413 2998 es-

1829 3043 1931 3099 set,
1980 3049 2045 3090 ac
2078 3034 2288 3089 circum
2336 3032 2516 3103 ipsum
2571 3031 2802 3088 Curetes
2854 3043 3065 3088 armata
3121 3033 3413 3090 saltatione

1829 3132 2143 3195 agerentur,
2180 3123 2477 3179 subeuntes
2523 3122 2652 3177 dolo
2683 3121 2907 3179 Titanes
2942 3125 3247 3194 puerilibus
3292 3140 3413 3182 cre-

1827 3215 2046 3287 pundiis
2090 3216 2425 3285 ludicrisque
2472 3213 2758 3285 deceptum
2809 3217 3155 3273 membratim
3204 3218 3413 3275 discer-

1751 3324 1793 3382 C
1826 3320 2066 3379 pserant,
2112 3306 2575 3378 quemadmodum
2625 3306 2897 3364 Thracius
2946 3305 3201 3380 Orpbeus
3244 3311 3410 3383 hujus

1830 3400 1971 3455 sacri
1997 3407 2150 3455 vates
2180 3399 2399 3465 cecinit,

1832 3488 2029 3561 Turbo,
2066 3490 2298 3557 trochus,
2320 3498 2432 3543 tum
2459 3491 2606 3561 queis
2636 3490 2694 3561 in
2729 3491 2899 3560 flexus
2939 3495 3170 3548 membra
3203 3494 3409 3551 cientur

1827 3559 2087 3635 l_._udicra,_
2113 3570 2163 3614 et
2190 3561 2452 3615 auricomi
2472 3559 2802 3616 blandarum
2833 3578 2899 3616 ea:
2924 3563 3112 3621 arbore
3131 3566 3271 3635 [etus

1829 3629 2202 3700 Hesperidum.

1823 3759 2011 3833 Neque
2056 3775 2186 3817 vero
2231 3758 2423 3815 inutile
2471 3755 2674 3823 fuerit,
2709 3753 2898 3809 arcani
2947 3753 3095 3808 sacri
3126 3751 3403 3824 symbola,

1820 3855 2034 3911 inutilia
2097 3854 2258 3916 licet,
2319 3851 2424 3905 hoc
2478 3847 2602 3903 loco
2663 3845 2974 3915 subjicere,
3039 3853 3099 3898 ut
3159 3845 3404 3900 omnium

1817 3945 2024 4016 judicio
2074 3944 2435 4012 sensibusque
2492 3940 2841 3995 damnentur.
2895 3933 3007 4006 65
3061 3934 3202 3989 Sunt
3255 3935 3402 4002 haec,

141 4010 482 4080 Ἐσοπτρον,
512 4009 708 4074 Πόκος.
747 4010 947 4081 Ἀθηνᾶ
977 4012 1076 4083 μὲν
1110 4010 1203 4068 οὖν
1238 4014 1336 4086 τὴν
1363 4016 1588 4088 καρδίαν
1626 4017 1721 4072 τοῦ

1828 4009 2018 4105 Talus,
2054 4036 2200 4102 Pila,
2241 4009 2522 4096 Tro-chus,
2551 4030 2753 4098 Poma,
2805 4028 3026 4096 Turbo,
3069 4025 3362 4098 Speculum
3387 4066 3404 4091 ,

138 4101 396 4158 Διονύσου
429 4101 734 4176 ὑφελομένη
758 4143 773 4165 ,
838 4103 1053 4169 Παλλὰς
1098 4107 1164 4161 ἐκ
1210 4106 1306 4161 τοῦ
1351 4108 1573 4164 πάλλειν
1623 4110 1724 4182 τὴν

1821 4128 2027 4185 Vellus.
2080 4130 2159 4184 Ac
2214 4126 2461 4182 Minerva
2496 4123 2755 4196 quidem.
2793 4122 2938 4193 quod
2986 4122 3230 4192 ejusdem
3267 4120 3405 4177 Bac-

138 4196 370 4269 καρόίαν
394 4196 840 4268 προσηγορεύθη.
868 4199 933 4251 Οἱ
958 4198 1015 4252 δὲ
1036 4199 1283 4265 Τιτᾶνες,
1311 4201 1359 4253 oi
1383 4202 1476 4254 καὶ
1501 4201 1721 4257 διασπά-

1828 4223 1908 4277 chi
1947 4237 2041 4277 cor
2092 4219 2278 4275 furtim
2318 4219 2666 4285 sustulisset,
2720 4215 2901 4272 Pallas
2940 4217 3006 4269 ὲκ
3044 4214 3138 4269 τοῦ
3183 4215 3406 4269 πάλλειν

141 4305 333 4351 σαντες
359 4287 547 4351 αὑτὸν,
567 4288 773 4361 λέϐητα
803 4306 924 4343 τινα
948 4291 1160 4362 τρίποδι
1190 4291 1488 4358 ἐπιθέντες,
1512 4296 1607 4349 καὶ
1626 4295 1720 4349 τοῦ

1828 4314 1918 4385 τὴν
1972 4312 2233 4384 καρδίαν,
2286 4312 2388 4366 hoc
2444 4320 2527 4367 est
2593 4325 2623 4363 a
2675 4308 2856 4364 cordis
2911 4308 3247 4371 vibratione,
3306 4322 3403 4363 seu

140 4378 395 4432 Διονύσου
443 4377 773 4450 ἐμϐαλόντες
811 4380 879 4434 τὰ
915 4380 1076 4452 μέλη,
1125 4382 1389 4453 καθήψων
1422 4384 1717 4457 πρότερον·

1828 4377 2171 4475 palpitatione
2207 4412 2516 4473 nuncupata
2557 4401 2679 4456 fuit.
2720 4399 2942 4456 Titanes
2977 4415 3128 4461 vero,
3169 4415 3402 4470 quorum

139 4469 330 4523 ἔπειτα
351 4468 659 4530 ὀϐελίσκοις
678 4472 1120 4544 περιπείραντες,
1160 4474 1486 4544 ὑπείρεχον
1521 4476 1719 4546 Ἡφαί-

1828 4496 2077 4551 manibus
2128 4496 2384 4551 laniatus'
2416 4503 2571 4561 erat,
2619 4494 2793 4563 ipsius
2844 4493 3090 4548 membra
3142 4492 3199 4547 in
3252 4492 3405 4548 lebe-

139 4579 323 4618 στοιο.
360 4561 503 4626 Ζεὺς
538 4561 585 4616 δ’
611 4562 843 4636 ὕστερον
879 4566 1157 4635 ἐπιφανεὶς
1205 4568 1277 4637 (εί
1305 4565 1426 4632 θεὸς
1451 4563 1553 4640 ἦν,
1579 4569 1719 4641 τάχα

1828 4595 1928 4644 tem
1969 4589 2257 4660 supposito
2293 4587 2494 4658 tripodi
2534 4561 2855 4642 insidentem
2896 4586 3273 4656 ronjeeerunt,
3303 4600 3400 4641 ea-

367 4740 727 4813 Ὲπικαλιῦν.
767 4741 908 4798 Male
943 4742 1306 4813 apudClem.,
1338 4744 1621 4800 ἐπιτελῶν.

203 4740 295 4809 (τι

202 4811 320 4879 (75)
347 4813 472 4888 _'Or
503 4811 807 4888 (τὴ-κάλων
837 4811 1162 4888 ἁνᾳᾲτρέςρ.
1205 4813 1401 4881 Clem.,
1428 4814 1490 4868 ὃν
1521 4817 1584 4888 δὴ
1619 4816 1721 4871 κά-

136 4882 241 4954 λον,
279 4881 389 4947 vel,
452 4881 808 4954 uthliervet“
857 4881 1039 4949 καλόν,
1088 4881 1382 4954 utrumque
1435 4881 1715 4943 mendose.

140 4951 375 5028 liontac.
410 4951 636 5028 conjicit
674 4953 972 5028 ualebunt
1022 4951 1309 5028 conueniat
1336 4969 1458 5009 cum
1493 4957 1715 5028 Βάκχοι.

139 5023 296 5098 ἕξοι-ιε
324 5023 622 5098 legendum
667 5023 759 5077 διὰ
809 5024 1008 5098 κᾴλων,
1054 5025 1160 5080 nisi
1207 5039 1271 5079 ea
1322 5040 1427 5080 vox
1454 5042 1484 5080 a
1513 5023 1717 5098 praece-

140 5094 284 5150 denti
300 5162 303 5163 7
322 5092 609 5146 ἐπικαλῶν
636 5096 1002 5163 proseminata
1023 5104 1127 5150 est.

200 5162 317 5237 (76)
369 5162 814 5237 Ἁρῤητοςρόρια,
854 5163 1004 5237 Hanc
1028 5181 1214 5221 vocem
1252 5180 1361 5221 non
1408 5165 1570 5223 habet
1597 5168 1721 5223 Cle-

137 5235 307 5297 mens,
336 5250 467 5304 qua:
498 5244 679 5306 tamen
712 5235 1002 5305 rejicienda
1030 5251 1137 5289 non
1168 5247 1273 5303 est,
1295 5237 1421 5291 licet
1446 5253 1721 5306 gramma-

140 5305 224 5379 tici
254 5305 604 5379 ’Δρῥηφορία
632 5306 816 5379 potius
841 5322 1005 5379 quam
1033 5307 1434 5379 ’Δρῤητοφόρια
1456 5305 1555 5363 ίνθι
1589 5309 1719 5379 Ἀρ-

140 5322 224 5360 uc:
259 5322 604 5378 -ιιρρηφορια
632 5322 816 5374 ponus
881 5322 1005 5360 uam
1039 5322 1165 5379 Ἀρρ
1207 5322 1336 5375 τοφο
1379 5324 1434 5360 ια
1471 5322 1555 5363 vel
1595 5322 1719 5379 Ἀρ-

140 5375 456 5455 ῥητοφορια-
466 5376 811 5455 scripserint.
841 5322 914 5430 Et
955 5375 1152 5455 festum
1169 5324 1290 5432 Ἷιοο
1320 5324 1574 5455 δίἱηςνναι
1605 5372 1719 5446 alii,

140 5444 220 5499 alii
251 5444 384 5500 vero
414 5444 603 5499 Cereri
639 5455 697 5499 et
724 5445 1065 5515 Proserpina;
1102 5463 1315 5502 sacrum
1351 5448 1575 5502 faciunt.

192 5516 312 5641 e(3.7)
366 5514 906 5585 Ἐκτραγῳδοῦσιν.
944 5516 1214 5585 Clemens,
1249 5518 1709 5589 ὲκτραγῳδοῦσαι,

244 5603 349 5641 ius.

147 5600 349 5643 naeuus.

203 5656 308 5727 (78)
360 5655 749 5727 'l‘xodzirtwr
789 5655 1065 5720 Τιτάνων,
1092 5666 1198 5713 etc.
1242 5657 1467 5715 Brevnus
1508 5666 1564 5714 et
1610 5660 1716 5715 cla-

147 5741 242 5783 rius
268 5730 573 5797 legeretur,
599 5726 897 5789 ὑποδύντες
926 5728 1146 5793 Τιτᾶνες
1165 5769 1178 5793 ,
1214 5730 1306 5783 καὶ
1336 5730 1714 5795 ἀπατήσαντες

1820 4744 2236 4819 παιδαριώδεσιν
2267 4745 2562 4819 ἀθύρμασι,
2591 4746 2908 4813 διέσπασαν,
2941 4749 3017 4813 ὡς
3041 4750 3093 4815 ό,
3122 4758 3225 4804 etc.
3259 4748 3395 4805 Nam

1822 4816 2268 4891 εἰμργίιὶσῄεἰσὲτιΔ
2294 4816 2457 4891 παῖδα
2498 4818 2645 4883 ὄντα,
2683 4833 2946 4891 quorsum
2974 4820 3169 4875 deinde
3192 4819 3272 4891 ἔτι
3302 4838 3399 4891 νη-

1821 4885 2014 4956 πίαχον
2041 4886 2199 4949 ὅντα;
2232 4885 2373 4953 Quid
2412 4891 2555 4957 quod
2598 4885 2866 4943 sententia
2897 4899 3021 4957 ppst
3074 4885 3390 4945 ὑποδύντων

1823 4952 2088 5019 Τισᾶνων,
2123 4952 2347 5032 omnino
2387 4952 2618 5032 pendet?
2646 4957 2710 5012 Et
2887 4952 3032 5032 οὗτοι
3063 4960 3127 5032 δὴ
3155 4963 3202 5032 οἱ
3237 4961 3394 5013 Τιτᾶ-

1822 5044 1931 5090 νες,
1969 5027 2240 5107 superllua
2274 5038 2421 5107 sunt.
2469 5028 2577 5107 sed
2622 5030 2916 5085 eruditioni
2961 5027 3143 5100 potius
3178 5031 3269 5084 hic
3297 5046 3397 5084 au-

1824 5109 1942 5153 ctor
1972 5099 2140 5152 servit
2167 5113 2330 5166 quam
2364 5099 2546 5152 uitari.

1886 5167 1998 5239 (79)
2036 5168 2289 5236 Παίγνια
2350 5169 2773 5238 καμπεσίγυια.
2838 5167 2963 5224 Haec
3012 5170 3273 5239 Apuleius
3340 5170 3392 5223 in

1817 5237 2036 5308 Apolog.
2061 5252 2334 5290 sacrarunt
2363 5237 2657 5306 crepundia
2688 5240 2967 5305 nominat;
2994 5237 3152 5308 plane
3180 5241 3248 5293 τὰ
3274 5240 3396 5292 παί-

1817 5323 1963 5375 γνια.
1999 5307 2243 5375 Scaliger
2272 5309 2327 5360 in
2354 5308 2849 5364 Catull..Varronis
2884 5307 3006 5379 (lib.
3036 5325 3128 5363 vm
3156 5308 3231 5364 De
3259 5310 3394 5378 ling.

1820 5379 1968 5447 Lat.)
2010 5390 2345 5449 serperastra
2388 5394 2511 5433 esse
2531 5380 2655 5449 vult;
2674 5379 2744 5431 τὰ
2769 5380 3173 5449 καμπεσίγυια·
3206 5395 3394 5433 vereor

1822 5458 1881 5501 ut
1902 5446 2245 5517 persuadeat.
2285 5446 2385 5501 llic
2431 5451 2576 5502 enim
2626 5446 2873 5515 Orpheus
2918 5446 3214 5519 crepundia
3257 5467 3395 5503 elut-

1821 5528 2018 5581 merat,
2047 5518 2246 5586 quibus
2276 5519 2510 5572 infantes
2531 5519 2790 5573 obiectari
2818 5518 3028 5584 solent;
3060 5531 3393 5589 serperastra

1822 5603 2112 5668 puerorum
2169 5590 2434 5667 geniculis
2486 5590 2852 5672 iungebantur,
2917 5592 3391 5672 quibus‘crnrum

1823 5659 2142 5733 pravitatem
2175 5660 2534 5733 conﬁgerent.
2548 5658 2734 5733 Lusus
2760 5675 2890 5731 ergo
2919 5658 3070 5717 fuere
3093 5660 3160 5715 τὰ
3176 5678 3394 5733 καρπε-

1828 5729 2032 5794 σίγυια,
2061 5739 2391 5797 serpcrastra
2421 5731 2721 5786 medicinzc.
