3832 6216
472 282 574 342 {Si
1114 281 1389 340 EUSEBII
1426 278 1911 338 CESARIENSIS
1947 280 2097 338 OPP.
2157 279 2341 336 PARS
2380 279 2446 336 ll.
2483 310 2555 321 -—
2588 278 3095 335 APOLOGETICA.
3633 279 3743 334 15!

462 403 595 472 quid
619 401 808 458 arcani
836 401 1232 474 evulgandum.
1282 401 1477 459 Nonne
1504 403 1621 460 bac
1651 403 1837 460 omnia
1867 444 1882 467 ,
1938 403 1975 457 S

2227 404 2388 474 ρδίαι.
2424 403 2696 475 νάρθηκές
2724 420 2785 456 τε
2826 403 2921 457 καὶ
2950 401 3145 467 κιττοὶ,
3178 400 3316 475 πρὸς
3345 401 3402 456 δὲ
3431 402 3527 456 καὶ
3559 401 3740 472 9061;,

462 508 651 556 sama,
686 494 1021 565 pyramides,
1078 493 1268 565 glomi,
1318 495 1581 564 placenta
1620 494 1789 548 variis
1820 494 1973 563 signa

2233 495 2251 547 ἱ
2310 496 2598 568 μήκωνες;
2650 494 2815 549 Ταῦτ’
2869 493 3018 549 ἔστιν
3074 493 3255 548 αὐτῶν
3308 493 3377 547 τά
3426 493 3578 563 ἅγια.
3628 495 3746 549 Καὶ

463 584 761 651 umbilicis,
791 601 960 656 grana
992 586 1145 653 salis,
1184 596 1238 641 et
1266 586 1434 640 draco
1468 585 1711 656 Dionysii
1740 584 1927 640 Basari
1957 602 1976 640 ε

2230 584 2380 637 οσέτι
2412 584 2511 655 τῆς
2551 583 2781 655 Θέμιδος
2810 583 2879 638 τὰ
2907 583 3124 655 ἆῤῥητα
3148 582 3413 655 σύμϐολα,
3448 584 3743 657 ὠρίγανον,

461 686 805 731 cramentum
828 677 852 730 2
877 692 987 731 non
1015 677 1157 732 mala
1189 676 1429 746 punica?
1458 692 1569 731 non
1604 676 1856 731 medulla
1882 676 1974 731 arb

2232 695 2363 747 (νος,
2410 676 2598 747 ξίφος,
2636 677 2787 741 κτεὶς
2824 679 3153 742 γυναικεῖος.
3185 678 3244 741 ὃς
3288 677 3437 731 ἐστιν
3477 678 3745 749 εὐφήμως

461 768 629 823 rum?
663 784 773 823 non
805 767 993 823 ferula
1014 784 1139 824 cum
1174 768 1434 824 hederis?
1463 785 1573 824 non
1600 768 1801 838 pastilli
1825 783 1893 823 ex
1922 769 1974 823 si

2233 774 2247 824 ι
2295 771 2553 842 μυστικὸν
2602 772 2789 843 μόριον
2836 773 3168 840 γυναικεῖον.
3202 772 3266 823 Ὢ
3312 772 3413 843 τῆς
3462 770 3746 842 ἐμφανοῦς

462 861 590 931 gine
633 876 903 931 caseoque
956 860 1239 918 confecti?
1286 876 1398 917 non
1443 861 1680 932 denique
1733 876 1972 932 papaver

2231 859 2565 931 κισχυντίαςί
2609 860 2784 914 Πάλαι
2838 860 2937 931 μὲν
3001 860 3312 931 ἀνθρώποις
3370 859 3744 930 σωφρονοῦσιν

462 951 590 1007 Hac
644 961 806 1019 sunt,
856 968 981 1023 qua
1028 963 1220 1008 sancta
1269 962 1488 1010 vocant.
1525 952 1713 1019 Quid?
1760 951 1975 1008 Themic

2231 952 2513 1023 ικάλυμμα
2560 953 2776 1023 ἡδονῆς,
2822 952 2920 1019 νὺξ
2970 952 3331 1023 σιωπωμένη·
3372 952 3492 1007 νυνὶ
3521 952 3578 1006 δὲ
3623 956 3744 1016 τοῖς

458 1059 643 1099 nonne
670 1045 954 1100 recondita
991 1045 1242 1116 symbola
1274 1046 1378 1100 ista
1406 1045 1580 1101 sunt?
1608 1045 1897 1115 origanum
1917 1086 1933 1109 ,
1963 1045 1971 1099 l

2230 1046 2535 1116 ουμένοιςή
2565 1044 2685 1117 ἱερὰ
2712 1045 2813 1116 τῆς
2839 1045 3111 1115 ἀκρασίας
3135 1043 3232 1110 νύξ
3257 1046 3374 1097 ἐστι
3406 1042 3740 1115 λαλουμένη·

457 1138 658 1202 cbnus,
695 1138 930 1209 gladius,
965 1148 1158 1208 pecten
1223 1137 1509 1193 muliebris
1557 1137 1702 1208 quod
1749 1139 1970 1193 bonestt

2235 1156 2244 1190 '.
2275 1137 2335 1190 τὸ
2378 1135 2487 1207 πῦρ
2513 1136 2723 1209 ἐλέγχει
2746 1137 2815 1190 τὰ
2838 1136 2986 1206 πάθη
3012 1136 3434 1208 δᾳδουχούμενα.
3476 1134 3748 1189 ’Δπόσϐε-

456 1246 523 1286 ac
545 1230 835 1301 mysticum
865 1240 950 1285 est
984 1230 1268 1289 muliebris
1296 1229 1537 1300 pudendi
1576 1244 1800 1284 nomen.
1835 1227 1880 1282 Ο
1907 1246 1969 1300 gn

2230 1249 2264 1291 ι,
2299 1222 2344 1282 ὦ
2382 1228 2706 1300 ἱεροφάντα,
2752 1228 2815 1282 τὸ
2862 1227 3004 1300 πῦρ·
3055 1227 3346 1299 αἱδέσθητι,
3362 1226 3611 1299 δᾳδοῦχε,
3636 1227 3743 1289 τάς

455 1338 580 1377 vam
606 1321 1030 1392 perfrictamque
1077 1321 1471 1392 impudentiam
1502 1322 1514 1374 !
1575 1321 1857 1376 hominum
1893 1324 1968 1375 eni

2228 1320 2453 1391 μπάδας.
2492 1320 2735 1391 Ἐλέγχει
2762 1338 2856 1375 σου
2878 1321 2969 1376 τὸν
2999 1319 3218 1391 Ἴακχον
3246 1320 3308 1373 τὸ
3338 1318 3474 1389 φῶς⁶
3507 1319 3741 1392 ἐπίτρε..

454 1413 943 1483 temperantiorum
970 1413 1229 1485 voluptas
1264 1414 1441 1469 noctis
1470 1413 1691 1468 silentio
1721 1413 1967 1485 tegebatu

2235 1431 2247 1463 ν
2286 1411 2602 1484 ἀποκρῦψαι
2637 1415 2705 1484 τῇ
2741 1413 2898 1467 νυκτὶ
2926 1411 2996 1466 τὰ
3038 1413 3316 1483 μυστήρια
3352 1411 3553 1465 σκότει’
3590 1427 3748 1464 τετι-

456 1518 604 1558 nunc
632 1518 765 1558 vero
798 1518 907 1559 nox
936 1512 1063 1569 est,
1113 1520 1236 1574 qua
1274 1504 1557 1560 initiandis
1584 1520 1740 1559 sacra
1793 1504 1969 1559 libidit

2236 1503 2344 1557 σθω
2371 1502 2439 1557 τά
2470 1503 2653 1575 ὄργια.
2692 1502 2767 1556 Τὸ
2795 1503 2907 1575 πῦρ
2934 1504 3034 1574 οὐχ
3064 1504 3419 1575 ὑποκρίνεται
3440 1520 3455 1534 ο
3491 1503 3749 1573 ἐλέγχειν

455 1598 740 1662 enuntiat;
778 1596 1022 1666 adeoque
1056 1596 1201 1666 ignis
1246 1595 1450 1667 ﬂagitia
1497 1596 1780 1653 succensis
1827 1597 1968 1653 facih

2235 1634 2241 1648 .
2267 1595 2515 1661 κολάζειν
2540 1595 2842 1649 κελεύεται.
2873 1595 3061 1650 Ταῦτα
3085 1596 3193 1650 τῶν
3217 1596 3395 1650 ἀθέων
3417 1595 3486 1650 τά
3523 1596 3748 1667 μυστή-

456 1688 729 1743 illustrata
758 1687 967 1757 pandit.
998 1686 1301 1758 Exstingue
1332 1688 1410 1742 sis
1440 1688 1588 1743 hunc
1628 1688 1832 1758 ignem,
1861 1689 1969 1744 hiet

2235 1705 2260 1740 ι.
2300 1686 2517 1751 Ἀθέους
2543 1686 2601 1739 δὲ
2627 1686 2852 1750 εἰκότως
2883 1684 3145 1740 ἀποκαλῶ
3168 1684 3412 1749 τούτους,
3440 1685 3489 1738 οἳ
3514 1682 3608 1737 τὸν
3635 1683 3748 1754 μὲν

454 1780 695 1850 phanta;
726 1788 916 1849 tuque,
945 1794 979 1834 ο
1001 1779 1097 1849 qui
1125 1779 1309 1833 lumen
1328 1778 1575 1849 prafers,
1604 1788 1727 1834 tuas
1752 1779 1868 1850 ipse
1889 1779 1967 1835 fac

2236 1796 2310 1842 ως
2343 1778 2471 1832 ὄντα
2499 1778 2632 1832 Θεὸν
2663 1780 2989 1850 ἠγνοήκασι,
3020 1778 3232 1833 παιδίον
3265 1777 3322 1831 δὲ
3348 1775 3454 1830 ὑπὸ
3489 1776 3749 1831 Τιτάνων

455 1884 742 1924 reverere:
783 1868 970 1924 lumen
1026 1870 1173 1924 istud
1228 1869 1486 1925 Iacchum
1541 1871 1777 1926 traducit
1834 1880 1968 1926 tuon

2241 1870 2541 1939 σπώμενον,
2580 1871 2676 1924 καὶ
2727 1871 2952 1940 γύναιον
2997 1869 3251 1933 πενθοῦν,
3296 1869 3391 1924 καὶ
3439 1868 3603 1940 μόρια
3635 1868 3754 1940 ἄῤ-

454 1971 641 2031 patere
661 1969 874 2016 noctem
890 1960 1144 2032 mysteria
1163 1962 1404 2017 tenebris
1436 1961 1729 2024 occultare;
1755 1964 1967 2031 orgioru

2243 1979 2307 2023 τα,
2349 1963 2425 2027 ὡς
2473 1961 2711 2034 ἀληθῶς,
2750 1963 2857 2017 ὑπὸ
2896 1962 3182 2034 αἰσχύνης,
3223 1959 3597 2031 ἀναισχύντως
3647 1960 3756 2013 σέ-

455 2052 651 2107 honori
685 2052 1003 2108 consulatur
1030 2071 1044 2105 :
1078 2052 1224 2123 ignis
1256 2052 1519 2107 simulare
1548 2068 1659 2107 non
1687 2062 1865 2123 potest
1894 2071 1906 2106 :
1951 2068 1968 2106 ε

2243 2070 2317 2116 σι,
2351 2053 2501 2124 διττῇ
2533 2053 2879 2125 ὲνισχημένοι
2915 2056 2983 2125 τῇ
3014 2040 3578 2125 ἀθεότητι⁶’προτὲρᾳ
3612 2049 3752 2123 μὲν,

456 2159 642 2215 guere,
671 2143 978 2214 punireque
1001 2143 1177 2213 jubet.
1211 2142 1338 2197 Hac
1368 2144 1535 2215 igitur
1562 2144 1653 2198 illa
1696 2155 1826 2198 sunt
1861 2145 1969 2198 bon

2244 2145 2266 2190 δ’
2293 2144 2360 2214 ἢν
2396 2144 2652 2213 ἀγνοοῦσι
2683 2146 2774 2198 τὸν
2812 2144 2967 2209 Θεὸν,
3012 2144 3104 2198 τὸν
3128 2144 3299 2208 ὄντως
3326 2142 3455 2197 ὄντα
3483 2142 3557 2214 μὴ
3592 2159 3757 2211 γνω-

454 2249 586 2289 num
613 2234 900 2290 atbeorum
922 2234 1203 2306 mysteria.
1233 2232 1364 2290 Jure
1379 2236 1524 2290 enim
1557 2236 1752 2291 atheos
1778 2236 1967 2292 dixerit

2231 2239 2387 2300 ὀντες
2427 2236 2596 2292 Θεόν·
2647 2237 2810 2309 ἑτέρᾳ
2837 2237 2894 2291 δὲ
2936 2238 3032 2291 καὶ
3071 2236 3322 2309 δευτέρᾳ,
3366 2234 3539 2307 ταύτῃ
3559 2234 3628 2306 δὴ
3660 2237 3744 2305 τῇ

454 2328 603 2397 quia
633 2327 747 2382 veri
768 2325 1023 2383 Numinis
1040 2327 1350 2398 cognitione
1383 2342 1611 2397 prorsus
1638 2328 1824 2393 alieni,
1854 2327 1967 2397 pusl

2238 2326 2320 2399 ἱνῃ
2344 2328 2471 2391 τοὺς
2502 2329 2601 2382 οὐκ
2622 2329 2784 2394 ὄντας
2806 2330 2879 2394 ὼς
2905 2329 3063 2394 ὄντας
3086 2328 3420 2400 νομίζοντες,
3452 2328 3548 2382 καὶ¹
3574 2327 3751 2392 θεοὺς

456 2435 581 2474 nem
607 2434 637 2473 a
662 2417 949 2474 Titanibus
974 2419 1312 2489 discerptum
1331 2458 1346 2482 ,
1380 2419 1678 2489 ejulantem
1736 2419 1968 2474 mulierc

2240 2436 2364 2483 τους
2390 2420 2771 2491 ὀνομάζοντες,
2808 2421 2935 2486 τοὺς
2968 2422 3070 2475 οὐκ
3110 2421 3280 2486 ὅντως
3314 2421 3497 2485 ὄντας,
3530 2420 3753 2493 μᾶλλον

455 2513 588 2578 lam,
610 2522 900 2583 partesque
951 2513 1199 2582 corporis
1220 2554 1235 2579 ,
1258 2528 1397 2580 quas
1422 2513 1601 2583 pudor
1617 2511 1905 2567 nominare
1926 2529 1968 2566 nl

2231 2512 2353 2566 οὐδὲ
2378 2512 2561 2578 δντας,
2592 2514 2755 2584 μόνου
2779 2514 2837 2567 δὲ
2872 2513 2967 2567 τοῦ
2992 2513 3261 2585 ὀνόματος
3282 2513 3676 2585 τετυχηκότας.
3722 2533 3744 2566 ι

456 2606 608 2671 sinit,
644 2605 1114 2675 impudentissime
1157 2612 1489 2658 venerantur
1523 2620 1539 2669 ;
1580 2610 1643 2657 ut
1674 2602 1881 2673 duplici
1937 2618 1969 2657 n

1208 2612 1489 2658 rnerantur
1523 2620 1539 2669 ;
1580 2610 1643 2657 ut
1674 2602 1881 2673 duplici
1937 2617 2037 2657 no—
2145 2602 2396 2659 Τοσαῦτα
2426 2606 2523 2659 καὶ
2546 2599 2721 2671 οὗτος.

456 2700 603 2754 mine
630 2697 925 2769 impietatis
956 2712 1021 2752 ac
1053 2707 1261 2767 negata
1290 2696 1591 2752 divinitatis
1640 2697 1717 2751 rei
1767 2704 2076 2760 teneantur,
2120 2696 2313 2764 altero,
2352 2698 2500 2769 quod
2531 2696 2704 2753 Deum
2738 2698 3013 2769 ignorent,
3043 2697 3174 2754 dum
3215 2712 3562 2769 nequaquam
3603 2714 3748 2754 eum

453 2794 547 2862 qui
593 2807 721 2848 vere
766 2790 911 2847 Deus
952 2800 1037 2846 est
1076 2800 1412 2862 agnoscunt;
1465 2791 1659 2854 altero,
1714 2789 1863 2861 quod
1903 2804 2001 2845 eos
2044 2805 2360 2861 superesse,
2396 2792 2492 2862 qui
2535 2805 2643 2845 non
2688 2800 2857 2858 sunt,
2898 2792 3254 2858 arbitrentur,
3288 2791 3550 2861 ipsosque
3592 2790 3745 2846 deos

455 2894 790 2958 nuncupent,
815 2887 909 2957 qui
936 2895 1148 2942 tantum
1183 2902 1217 2941 a
1257 2901 1386 2941 vera
1434 2886 1719 2941 divinitate
1749 2885 1974 2952 absunt,
2021 2891 2081 2940 ut
2116 2900 2188 2942 ne
2217 2887 2495 2957 supersint
2531 2885 2778 2958 quidem,
2820 2901 3054 2958 eamque
3075 2894 3207 2942 sunt
3251 2884 3476 2941 nomine
3507 2884 3628 2940 solo
3655 2894 3750 2941 te—

455 2997 561 3038 nus
583 2978 882 3051 aliquando
919 2977 1222 3034 consecuti.
1259 2997 1280 3032 ›
1314 2976 1434 3034 Hoc
1474 2994 1650 3048 usque
1686 2976 1963 3033 Clemens.

1056 3071 1286 3128 CAPUT
1322 3071 1414 3128 IV.
2064 3077 2106 3135 C

2064 3077 2106 3135 C
2669 3067 3074 3125 ΚΕΦΑΛΑΙΟΝ
3118 3070 3193 3125 A'.

493 3164 697 3232 Quibus
728 3164 1024 3221 rationibus
1049 3183 1082 3219 a
1108 3164 1459 3234 suscipiendis
1497 3165 1762 3234 ejusmodi
1793 3166 1858 3219 de
1883 3166 1989 3220 diis

2237 3175 2270 3214 ἰ
2307 3160 2622 3231 λογισμοῖς
2656 3160 2765 3234 τοῦ
2795 3161 2882 3231 μὴ
2925 3162 2997 3215 τὰ
3025 3162 3200 3234 ὅμοια
3246 3162 3384 3233 περὶ
3407 3162 3561 3218 θεῶν
3579 3180 3750 3234 sapa-

836 3236 1171 3306 opinionibus
1208 3231 1424 3291 abducti
1456 3231 1643 3291 sintut.

2592 3231 2725 3286 νεῖν
2763 3231 3259 3303 ἀνεχωρήσαμεν.

525 3329 658 3385 Jure
691 3346 824 3386 sane
851 3347 917 3386 ac
939 3332 1137 3385 merito
1164 3344 1267 3384 nos
1291 3330 1360 3384 ab
1393 3330 1516 3385 istis
1549 3330 1809 3386 omnibus
1835 3330 2033 3385 libera-

2242 3323 2448 3388 ἰίκότως
2488 3324 2623 3396 δῆτα
2655 3325 2819 3395 ἡμεῖς
2858 3326 3065 3377 τούτων
3106 3323 3363 3379 ἁπάντων
3409 3324 3755 3400 ἐλευθέρους

455 3431 542 3476 tos
562 3436 683 3477 esse
708 3422 1058 3491 prolitemur,
1091 3420 1291 3490 quippe
1341 3419 1435 3491 qui
1467 3420 1581 3492 68
1628 3429 1736 3475 tam
1787 3421 1968 3476 diutur

2238 3418 2285 3480 ἰς
2321 3415 2574 3486 γενέσθαι
2613 3416 3002 3487 ὁμολογοῦμεν,
3033 3418 3132 3490 τῆς
3160 3420 3379 3491 μακρᾶς
3406 3418 3501 3472 καὶ
3542 3435 3751 3474 πεπα-

457 3526 680 3585 tarnque
714 3512 996 3569 inveterati
1030 3512 1234 3567 erroris
1261 3511 1342 3568 sic
1393 3520 1655 3582 tanquam
1690 3511 1970 3568 acerbissit

2238 3508 2445 3579 »μένης
2473 3508 2701 3580 πλάνης,
2735 3507 2927 3581 ὥσπερ
2960 3509 3107 3574 τινὸς
3133 3509 3315 3581 δεινῆς
3347 3510 3442 3564 καὶ
3478 3509 3751 3582 χαλεπω-

455 3606 874 3677 gravissimique
897 3605 1074 3661 morbi
1103 3604 1471 3660 calamitatem
1502 3604 1815 3675 depulimus
1848 3623 1863 3659 :
1920 3620 1968 3674 pl

2238 3618 2303 3671 ης
2344 3601 2501 3654 νόσου
2539 3600 2967 3673 λελυτρωμένοιο
3012 3602 3107 3657 καὶ
3147 3602 3340 3676 πρῶτα
3380 3603 3479 3674 μὲν
3517 3606 3584 3676 τῇ
3630 3606 3751 3660 τοῦ

456 3713 604 3752 mum
638 3696 857 3766 quidem
912 3695 1175 3766 singulari
1220 3695 1571 3765 prapotentis
1612 3692 1708 3749 Dei
1759 3693 1936 3766 gratia

2237 3694 2573 3765 ντοκράτορος
2615 3693 2752 3748 Θεοῦ
2779 3694 2963 3767 χάριτι
3005 3696 3101 3750 καὶ
3134 3696 3447 3769 εὐεργεσίᾳ,
3472 3696 3750 3770 δεύτερον

456 3788 739 3853 beneﬁcio,
771 3788 969 3843 deinde
996 3786 1305 3843 Servatoris
1345 3786 1518 3843 nostri
1550 3786 1877 3858 evangelica
1929 3785 1969 3839 dt

2238 3786 2534 3858 ἀπορρήτῳ
2560 3785 2786 3857 δυνάμει
2823 3786 2926 3857 τῆς
2957 3787 3052 3841 τοῦ
3086 3788 3340 3860 Σωτῆρος
3370 3787 3528 3861 ήμῶν
3556 3790 3751 3859 εὐαγ-

454 3880 643 3936 ctrina
673 3879 723 3933 vi
754 3880 989 3950 quadam
1016 3887 1071 3932 et
1101 3887 1389 3949 potestate,
1423 3894 1547 3948 qua
1568 3879 1748 3934 verbis
1770 3877 1967 3948 explica

2238 3877 2357 3948 ικῆς
2395 3877 2744 3943 διδασκαλίας
2766 3894 2781 3908 ·
2819 3878 2917 3932 καὶ
2948 3879 3154 3950 τρίτον,
3196 3879 3434 3953 σώφρονι
3477 3880 3751 3955 λογισμῷ

457 3982 750 4045 nequeant,
782 3987 921 4028 sano
944 3971 1181 4041 denique
1208 3981 1536 4041 maturoque
1559 3971 1792 4026 consilio
1828 3970 1884 4024 in
1908 3985 1970 4026 ea

2241 3985 2416 4031 ιαντες
2439 3968 2650 4040 ἀνόσιον
2675 3969 2819 4023 εἶναι
2847 3971 2942 4023 καὶ
2967 3970 3183 4037 ἀσεϐὲς,
3221 3974 3289 4044 τῇ
3329 3970 3423 4026 τοῦ
3465 3971 3604 4026 Θεοῦ
3642 3990 3754 4028 σε-

455 4066 672 4120 adducti
701 4064 1050 4128 sententiam,
1077 4071 1134 4118 ut
1170 4072 1462 4135 augustum
1512 4062 1771 4133 omnique
1800 4062 1967 4132 dignu

2236 4059 2343 4132 ’μίᾳ
2400 4060 2746 4133 προσηγορίᾳ
2786 4063 2954 4133 τιμᾷν
3000 4062 3131 4127 τοὺς
3183 4062 3351 4117 πάλαι
3400 4064 3459 4118 ὲν
3507 4069 3749 4137 νεκροῖς

453 4154 802 4210 veneratione
855 4152 951 4207 Dei
997 4168 1195 4207 nomen
1230 4151 1485 4207 obnoxiis
1515 4153 1678 4206 morti
1712 4151 1961 4206 hominib

2239 4150 2422 4215 ιένους
2464 4151 2691 4224 θνητοὺς
2732 4152 2957 4225 ἄνδρας,
2991 4154 3087 4208 καὶ
3126 4154 3248 4208 οὐδὲ
3298 4156 3592 4228 σωφρόνων
3640 4158 3752 4211 ἀν-

455 4245 743 4317 impertiri,
766 4242 922 4300 nefas
956 4252 1011 4297 et
1067 4243 1292 4313 impium
1342 4244 1727 4309 crederemus,
1778 4240 1873 4313 qui
1903 4257 1968 4296 cu

2233 4260 2274 4296 ιν
2320 4244 2541 4315 μνήμην
2577 4244 3038 4314 ἀπολελοιπότας,
3075 4248 3315 4319 ἐσχάτης
3352 4247 3409 4302 δὲ
3449 4249 3746 4322 ἀκρασίας

454 4337 660 4408 pridem
690 4338 834 4391 inter
858 4348 1105 4391 mortuos
1129 4337 1369 4406 jaceant,
1412 4343 1526 4389 tum
1562 4349 1693 4389 vero
1721 4343 1965 4404 tempera

2296 4334 2613 4400 ἀκολασίας,
2673 4336 2957 4407 ὠμότητός
3019 4355 3079 4390 τε
3141 4339 3238 4392 καὶ
3296 4338 3746 4411 φρενοϐλαϐείας

457 4431 543 4485 tia
570 4429 955 4485 documentum
980 4428 1300 4498 reliquerint
1328 4427 1562 4493 nullum,
1598 4427 1694 4482 sed
1726 4427 1905 4482 omnis
1929 4443 1970 4497 pl

2226 4440 2401 4495 γματα
2420 4427 2533 4491 τοῖς
2561 4430 2677 4497 μετ’
2704 4427 2903 4492 αὐτοὺς
2930 4429 3218 4499 φυλάττειν
3244 4430 3739 4502 παραδεδωκότας.

456 4523 565 4576 tius
590 4521 1050 4590 intemperantia,
1080 4520 1343 4586 libidinis,
1385 4518 1725 4575 crudelitatis
1783 4519 1852 4574 ad
1906 4535 1969 4573 an

2233 4532 2259 4579 ς
2288 4514 2397 4588 γὰρ
2424 4517 2486 4570 οὐ
2529 4517 2748 4572 πάντων
2778 4519 3154 4591 ἡλιθιώτατον,
3192 4523 3319 4588 τοὺς
3363 4524 3746 4600 σωφροσύνης

455 4628 669 4669 morum
696 4612 991 4683 perniciem
1019 4613 1355 4667 monimenta
1380 4612 1614 4682 posteris
1643 4626 1968 4667 conservant

2229 4610 2366 4673 μστάς
2397 4612 2511 4675 τοῖς
2539 4612 2783 4684 αἰσχροῖς
2810 4614 2906 4667 καὶ
2932 4614 3253 4681 ἀκολάστοις
3286 4615 3394 4670 τῶν
3432 4620 3742 4689 πρωτείων

453 4703 803 4760 crediderint.
828 4701 1143 4766 Enimvero,
1176 4703 1303 4773 quis
1350 4717 1460 4757 non
1488 4711 1747 4758 extrema
1777 4703 1966 4758 stultiti

2234 4704 2505 4773 >αχωρείν,
2542 4704 2634 4756 καὶ
2678 4705 2805 4769 τοὺς
2850 4706 3108 4770 συνετοὺς
3156 4707 3251 4761 καὶ
3294 4707 3570 4779 ἔμφρονας
3604 4712 3747 4776 τοῖς

456 4796 699 4851 futurum
741 4792 793 4848 id
821 4793 1024 4859 videat,
1047 4793 1093 4847 si
1130 4792 1382 4848 homines
1408 4792 1785 4848 sanctimonia
1813 4808 1879 4847 ac
1904 4808 1969 4847 ml

2258 4792 2461 4865 φρένας
2486 4793 2855 4848 ἀπολωλεκόσι
2881 4796 2981 4866 τὴν
3011 4796 3316 4869 σεϐασμίαν
3344 4796 3607 4869 παρέχειν
3647 4817 3749 4854 τι-

454 4903 575 4942 rum
609 4884 933 4957 integritatis
975 4893 1243 4951 amantes,
1294 4884 1503 4954 primas
1531 4882 1840 4940 libidinosis
1875 4884 1967 4956 ﬂag

2229 4902 2274 4937 θ’
2310 4886 2434 4948 τούς
2462 4904 2522 4939 τε
2565 4886 2909 4959 δικαιοσύνης
2948 4890 3045 4943 καὶ
3084 4888 3496 4961 φιλανθρωπίας
3540 4890 3742 4964 ἀσκη-

455 4981 723 5050 tiosisque
750 4976 1144 5033 concederent?
1179 4976 1227 5030 si
1272 4975 1473 5030 maturi
1504 4984 1671 5045 atque
1700 4974 1968 5044 sapientes

2229 4996 2265 5042 ν,
2292 4981 2406 5042 τοῖς
2431 4978 2500 5031 δι’
2528 4978 2836 5051 ὑπερϐολὴν
2859 4980 3145 5053 ὠμότητος
3174 4982 3270 5035 καὶ
3294 4981 3742 5054 ἀπανθρωπίας,

455 5075 679 5145 perdita
709 5071 1072 5144 proiectaque
1102 5068 1303 5123 mentis
1350 5068 1639 5133 homines;
1674 5067 1719 5123 si
1750 5067 1968 5137 aquitat

2227 5068 2507 5133 ,voxroviag
2536 5069 2631 5124 καὶ
2659 5070 3055 5143 πατροκτονίας
3090 5072 3391 5142 μιάσμασιν
3423 5072 3740 5144 ὲνισχημέ-

456 5164 921 5234 humanitatisque
975 5161 1232 5225 studiosi,
1278 5175 1374 5216 eos
1401 5160 1494 5229 qui
1544 5168 1754 5214 tantum
1802 5159 1964 5213 dirita

2231 5175 2276 5223 ;;
2326 5158 2483 5211 ποίαν
2523 5158 2581 5212 δὲ
2625 5159 2724 5229 οὐχ
2769 5158 3197 5231 ὑπερηκόντισεν
3248 5157 3558 5231 ὑπερϐολὴν
3590 5160 3744 5214 ἀπ-

455 5269 680 5315 cateros
727 5267 782 5314 et
818 5254 1155 5312 immanitate
1205 5259 1564 5324 superarunt,
1618 5260 1678 5306 ut
1734 5251 1968 5307 scelerat

2226 5267 2303 5317 ας,
2334 5249 2396 5304 τὸ
2441 5249 2799 5305 καταϐάλλειν
2833 5252 2914 5314 εἰς
2958 5250 3175 5323 ἄρρητα
3224 5250 3436 5325 ἀνδρῶν
3479 5251 3576 5305 καὶ
3619 5269 3739 5321 γυ-

456 5367 653 5408 manus
686 5349 1041 5408 exsecrandis
1095 5348 1392 5402 liberorum
1438 5354 1837 5415 parentumque
1870 5346 1969 5399 cat

2228 5342 2331 5396 κῶν
2365 5342 2549 5414 μόρια,
2582 5343 2676 5396 καὶ
2707 5344 2788 5407 εἰς
2820 5344 2921 5414 τὴν
2953 5342 3169 5412 ἄλογον,
3207 5344 3301 5397 καὶ
3335 5341 3573 5415 θηριώδη
3618 5344 3741 5414 φύ-

455 5447 559 5501 bos
588 5443 931 5501 cruentarint
959 5484 975 5511 ,
1011 5440 1406 5511 augustissimo
1442 5438 1591 5493 cultu
1640 5437 1968 5493 celebrarent

2222 5475 2237 5499 ,
2270 5434 2369 5505 τὴν
2395 5434 2599 5506 σεμνὴν
2621 5436 2716 5488 καὶ
2750 5435 3022 5502 παναγίαν
3063 5434 3159 5488 τοῦ
3189 5435 3326 5489 Θεοῦ
3368 5436 3686 5510 πρόρρησιν
3712 5455 3735 5501 ;

424 5537 623 5607 'Cujus
649 5550 779 5591 vero
806 5549 914 5591 non
938 5534 1320 5605 cogitationem
1337 5529 1615 5600 impietate
1641 5528 1937 5593 vicorunt,«

2229 5527 2354 5582 ιῦτά
2398 5545 2456 5581 τε
2509 5528 2711 5601 αἰσχρά
2771 5530 2865 5582 καὶ
2902 5528 3246 5600 ἀπάνθρωπα
3297 5528 3589 5598 θεολογεῖν,
3632 5524 3742 5585 οἷα

452 5626 538 5684 vel
589 5626 656 5682 ad
708 5626 975 5683 obscenas
999 5665 1016 5692 ,
1046 5636 1294 5695 quasque
1322 5636 1392 5677 ne
1420 5622 1647 5676 honeste
1676 5620 1895 5691 quidem
1930 5638 1964 5675 n

2266 5619 2375 5674 τῶν
2417 5623 2474 5674 ὲν
2521 5619 2829 5693 ἀνθρώποις
2877 5620 3220 5692 κακουργῶν,
3268 5623 3316 5674 εἰ
3350 5619 3734 5693 κατελεγχθῇ,

444 5718 662 5773 lzni'tart-
689 5716 867 5781 liceat,
903 5716 1144 5770 virorum
1174 5713 1574 5784 mulierumque
1609 5721 1810 5783 partes,
1835 5712 1918 5767 vel
1953 5730 1957 5764 :

2229 5729 2247 5776 ;
2294 5710 2401 5764 ἀπὸ
2448 5709 2557 5765 τῶν
2590 5711 2769 5782 νόμων
2819 5711 3214 5784 ἀπαραιτήτοις
3262 5711 3593 5765 ύποπέσοιιν
3652 5713 3742 5767 ἂν
