3832 6216
146 309 239 365 133

1322 301 1645 359 ΡΒΕΡΑΒ.
1688 298 1941 356 EVANG.
1983 298 2111 356 LIB.
2145 298 2210 355 ll.

3312 297 3415 362 131»

139 425 463 499 τιμωρίαιςς
507 425 617 479 Καὶ.
656 423 712 479 τί
760 425 867 496 χρὴ
913 424 1171 496 μηκύνειν
1214 424 1711 494 εὐαγγελιζομένουε

1837 432 2088 479 naturam
2120 421 2420 477 bestiarum
2481 421 2695 477 ratione
2728 419 3033 477 carentium
3070 417 3413 474 adorandum

138 520 365 582 ⁴πάντας,
404 517 681 589 βάρϐαρον
714 517 851 588 ὁμοῦ
890 518 989 572 καὶ
1027 515 1298 587 Ἕλληνα,
1334 517 1433 586 τὴν
1466 515 1575 568 ἀπὸ
1612 515 1723 568 τῶν

136 610 441 681 εἰρημένων
473 610 661 662 κακῶν
698 609 1035 680 ἐλευθερίαν,
1080 609 1180 680 τῆς
1216 626 1277 662 τε
1315 609 1423 662 ἀπὸ
1453 608 1560 662 τῶν
1589 608 1724 678 ψευ-

134 687 393 771 δωνῦμων
431 701 571 754 θεῶν
598 701 938 765 ἀποστασίας
973 701 1056 767 τὸ,
1079 700 1301 770 εὔλογον
1334 702 1415 763 εἰς
1443 699 1559 769 φῶς
1587 700 1723 768 ἀγα-

132 794 347 863 γόντας,
380 793 546 847 ὁπότε
580 795 676 847 καὶ
712 793 895 846 αὐτῶν
932 792 1032 864 ἤδη
1074 793 1184 846 τῶν
1222 793 1430 864 σφόδρα
1459 792 1720 846 δεισιδαι-

137 885 311 955 μόνων
350 885 404 937 οἰ
448 884 690 949 πλείους,
737 884 928 956 ὥσπερ
972 886 1038 938 ἐκ
1087 884 1281 956 βαθέος
1321 885 1494 957 κάρον
1533 885 1721 958 διανή-

131 978 350 1047 ψαντες,
385 979 482 1031 καὶ
514 980 614 1049 τῆς
643 978 884 1042 παλαιᾶς
906 978 1102 1049 ἀχλύος
1134 979 1197 1032 τὸ
1225 979 1325 1050 τῆς
1358 977 1537 1050 ψυχῆς
1565 980 1719 1051 ὄμμα

132 1068 515 1137 ὂιανοίξαντες,
542 1070 633 1122 τὸν
659 1069 826 1141 βαθὺν
854 1070 1019 1141 λῆρον
1037 1070 1274 1124 συνεῖδον
1296 1071 1394 1143 τῆς
1439 1073 1716 1142 πατρικῆς

131 1162 371 1234 πλάνης-
412 1164 508 1216 καὶ
546 1162 773 1224 στάντες
799 1162 893 1215 ἐπὶ
922 1160 1212 1233 λογισμοῦ,
1235 1162 1334 1232 τὴν
1367 1163 1559 1234 ἑτέραν
1597 1163 1717 1217 ὁδὸν

130 1254 352 1319 ὤοντο,
367 1254 471 1325 τῆς
492 1254 730 1317 παλαιᾶς
752 1253 1242 1324 ἀναχωρήσαντεςς
1265 1246 1340 1307 ὧν
1364 1254 1413 1307 οἰ
1434 1254 1531 1325 μὲν
1549 1254 1716 1323 ὁμόσε

129 1346 500 1417 χωρήσαντες,
547 1344 650 1413 τῆς
690 1344 819 1415 ὅλης
859 1343 1204 1397 κατέπτυσαν
1238 1344 1564 1415 μυθολογίας
1609 1345 1717 1398 τῶν

126 1437 408 1508 σφετέρων
456 1438 743 1507 προγόνων
794 1436 969 1491 πλατὺ
1016 1437 1489 1506 καταγελάσαντες
1508 1455 1521 1468 ’
1576 1439 1627 1491 οἰ
1668 1439 1713 1492 δ’

124 1528 420 1601 ἀθεὰτητος
450 1530 613 1595 δόξαν
639 1529 1011 1593 ἐκκλίναντες,
1037 1528 1159 1582 οὔτε
1186 1530 1281 1582 ἐπὶ
1306 1533 1418 1595 τοῖς
1446 1531 1714 1603 πρότερον

122 1623 386 1692 ἔστησαν,
415 1622 544 1676 οὔτε
586 1622 649 1687 ἐξ
683 1623 925 1685 ἅπαντος
959 1621 1135 1675 αὐτῶν
1180 1621 1567 1694 ἀνεχώρησαν,
1619 1641 1713 1677 κο-

120 1712 383 1769 λακεῦσαι
447 1713 506 1768 δὲ
568 1713 662 1768 καί
712 1713 1046 1785 θεραπεῦσαι
1094 1715 1193 1784 τὴν
1255 1715 1460 1769 οἰκείαν
1513 1715 1712 1787 προθέ-

1831 514 1964 569 illud
1998 524 2162 584 atque
2182 523 2602 569 sacrosanctum
2635 512 2730 568 Dei
2760 528 2959 568 nomen
2985 511 3278 581 abjecere?
3299 510 3419 580 qui-

1829 624 1937 678 que
1959 608 2232 677 ejusmodi
2279 605 2611 678 ﬂagitiorum
2661 605 3131 675 immanitatisque
3165 600 3413 658 monstra

1830 700 1887 754 in
1917 698 2207 766 theologia
2237 713 2352 754 suae
2386 697 2663 770 mysteriis
2693 697 2988 761 tradidere,
3024 693 3333 765 cuiusmodi
3365 695 3413 749 si

1827 806 1951 862 quae
1980 791 2063 846 vel
2082 791 2137 845 in
2165 789 2653 845 facinorosissimis
2692 788 3007 843 hominibus
3037 785 3415 857 deprehende-

1826 892 2037 948 rentur,
2083 897 2277 953 pmnas
2324 882 2587 937 continuo
2623 881 2838 952 legibus
2888 879 3224 935 constitutas
3272 877 3408 934 citra

1825 963 2042 1030 veniam
2067 989 2286 1030 omnem
2311 973 2694 1029 sustinerent?
2732 971 3085 1041 Quanquam,
3117 969 3248 1041 quid
3288 969 3413 1041 plu-

1824 1068 1981 1124 ribus
2005 1083 2145 1137 opus
2171 1076 2277 1133 est,
2316 1075 2378 1122 ut
2416 1066 2673 1120 universo
2706 1064 3017 1128 hominum,
3070 1072 3183 1118 tam
3221 1064 3413 1119 barba-

1794 1172 2013 1213 ‘rorum
2046 1174 2212 1229 quam
2245 1156 2585 1222 Graecorum,
2637 1156 2824 1227 generi
2882 1155 3095 1211 felicem
3129 1164 3210 1211 tot
3233 1164 3412 1211 tanto-

1822 1267 2057 1322 rumque
2078 1250 2349 1306 malorum
2383 1249 2759 1304 liberationem
2780 1247 3163 1317 praedicemus,
3190 1262 3412 1304 causas-

1822 1356 1932 1411 que
1962 1350 2162 1396 uostra:
2191 1357 2222 1395 a
2253 1341 2459 1396 ﬁetitiis
2500 1340 2822 1395 numinibus
2870 1336 3195 1393 defectionis
3224 1338 3411 1407 justis-

1823 1434 1994 1489 simas
2023 1434 2076 1488 in
2126 1433 2369 1489 medium
2402 1432 2734 1497 aderamus;
2796 1447 2921 1487 cum
2969 1446 3161 1487 eorum
3194 1431 3360 1486 etiam
3388 1472 3405 1498 ,

1820 1526 1914 1595 qui
1940 1526 2178 1581 arctiore
2226 1534 2387 1581 antea
2425 1525 2817 1596 superstitione
2869 1525 3241 1590 tenebantur,
3289 1525 3408 1596 plu-

1821 1620 1947 1674 rimi
1978 1620 2095 1689 jam
2143 1620 2303 1690 quasi
2335 1635 2403 1674 ex
2454 1620 2567 1673 alto
2614 1618 2891 1674 diuturnae
2919 1618 3158 1688 crapula:
3181 1628 3409 1675 veterno

1820 1705 1888 1759 ad
1920 1708 2089 1761 animi
2120 1709 2414 1764 sanitatem
2438 1709 2751 1773 redeuntes,
2779 1716 2835 1763 et
2868 1709 3131 1764 in'media
3165 1709 3409 1780 autiun

121 1823 269 1876 μενοι
299 1806 485 1871 δόξαν,
520 1807 622 1870 τὰς
655 1807 784 1878 περὶ
827 1805 937 1859 τῶν
972 1804 1416 1878 τεθρυλλημένων
1451 1808 1580 1879 παρ’
1612 1809 1711 1863 αῦ-

1815 1798 1990 1854 noctis
2014 1799 2248 1869 caligine
2266 1799 2467 1854 mentis
2495 1799 2684 1855 oculos
2715 1799 3043 1869 aperientes,
3074 1798 3404 1881 profundam

116 1902 227 1963 τοῖς
273 1898 419 1953 θεῶν
469 1899 712 1968 ἱστορίας
762 1897 1013 1968 ἀληθεῖς,
1065 1896 1268 1968 μύθους
1306 1895 1444 1953 εἶναι
1500 1900 1710 1954 πεπλα-

118 1989 348 2061 σμένους
369 1990 479 2043 ὑπὸ
500 1989 742 2059 ποιητῶν
767 1990 1135 2059 ἐπεφήμισαν,
1166 1988 1403 2056 φυσικὰς
1432 1990 1491 2042 ἐν
1522 1990 1709 2054 αὐτοῖς

116 2080 566 2152 ἀποκρύπτοντες
598 2079 855 2151 θεωρίας,
877 2072 951 2131 ὧν
980 2080 1027 2131 εἰ
1059 2079 1153 2132 καὶ
1176 2080 1259 2133 ὅτι
1282 2080 1515 2150 μάλιστα
1540 2080 1708 2151 μηδὲν

115 2170 374 2242 φέρουσιν
429 2170 691 2241 ἀληθείας
737 2170 973 2241 δεῖγμα,
1023 2170 1173 2241 ὅμως
1220 2171 1267 2224 δ’
1299 2166 1395 2225 οῦν
1435 2171 1709 2240 ἀναγκαία

109 2264 307 2330 γένοιτ’
342 2262 411 2316 ἂν
438 2264 573 2334 ἡμῖν
601 2264 635 2333 ἡ
666 2261 901 2327 ἕκθεσις,
935 2264 1015 2326 εἰς
1043 2262 1275 2334 θεωρίαν
1299 2261 1410 2316 τῶν
1445 2265 1538 2317 καὶ
1558 2263 1714 2336 παρὰ

107 2355 324 2419 τούτοις
379 2355 597 2426 σεμνῶν
619 2372 634 2385 ’
665 2355 741 2418 ὡς
790 2354 860 2407 ἂν
909 2355 1002 2408 καὶ
1036 2356 1133 2426 τῆς
1179 2354 1383 2408 τούτων
1426 2357 1713 2429 ἀναχωρή-

109 2464 272 2513 σεως,
308 2450 414 2502 οὐκ
448 2448 625 2511 ἄλλως
668 2449 804 2518 ἡμῖν
837 2446 1286 2519 προξενηθείσης,
1326 2447 1358 2518 ἢ
1407 2450 1455 2501 εί
1488 2448 1574 2502 διὰ
1608 2449 1710 2519 τῆς

1815 1891 2022 1947 erroris
2044 1890 2203 1961 patrii
2230 1890 2509 1946 vesaniam
2542 1891 2867 1961 agnoverint
2894 1890 2998 1961 ipsi
3019 1907 3261 1962 quoque,
3287 1893 3406 1946 sui-

1814 2000 1923 2054 que
1956 1985 2173 2039 tandem
2206 1999 2272 2038 ac
2304 1985 2531 2039 rationis
2555 1994 2855 2055 compotes,
2878 2000 3077 2040 novam
3104 1986 3403 2056 aliquando

1814 2076 1996 2146 prisca
2030 2076 2220 2131 relicta
2252 2075 2397 2131 viam
2455 2076 2723 2131 inierint?
2755 2075 2819 2131 Et
2854 2078 2947 2131 alii
2975 2078 3199 2149 quidem
3254 2078 3403 2134 velut

1816 2169 2067 2225 hostibus
2102 2169 2321 2224 obviam
2349 2178 2575 2225 strenue
2609 2170 2944 2240 prodeuntes
2972 2211 2988 2238 ,
3027 2180 3199 2227 totam
3234 2172 3398 2227 istaut

1813 2260 2127 2316 fabularum
2156 2261 2443 2316 colluviem
2472 2262 2762 2332 despuere,
2799 2261 3037 2332 majores
3058 2278 3191 2318 suos
3223 2261 3400 2318 eﬂuso

1812 2369 2033 2426 quoque
2060 2354 2177 2409 risu
2208 2354 2607 2424 cachinnisque
2641 2356 2920 2424 prosecuti
2957 2372 2970 2408 :
3005 2354 3095 2409 alii
3123 2369 3252 2410 vero
3292 2355 3398 2408 im-

1810 2445 2031 2516 pietatis
2056 2444 2247 2501 saltem
2288 2460 2354 2500 ac
2379 2455 2573 2515 spretae
2603 2445 2918 2501 Divinitatis
2966 2446 3277 2515 opinionem
3304 2447 3402 2503 de-

104 2539 206 2594 τοῦ
239 2541 500 2611 Σωτῆρος
522 2539 680 2611 ἡμῶν
704 2538 1063 2610 εὐαγγελικῆς
1088 2540 1437 2604 διδασκαλίας
1459 2541 1521 2593 τὸ
1560 2538 1710 2593 εὔλο-

1815 2539 2102 2605 clinantes,
2135 2552 2239 2594 nec
2274 2538 2463 2593 eodem
2496 2554 2724 2607 prorsus
2748 2538 2802 2592 in
2821 2539 3051 2609 vestigio
3083 2538 3396 2603 constitere,

106 2648 210 2699 τον
242 2633 585 2704 παρασταίη.
612 2631 750 2704 Φέρε
779 2626 874 2685 οῦν
907 2630 1230 2685 καὶτούτων
1258 2632 1350 2686 τὸν
1383 2632 1538 2700 λόγον
1571 2631 1710 2686 ἄνω-

1814 2647 1917 2688 nec
1948 2632 2018 2687 ab
2041 2647 2108 2687 eo
2140 2639 2323 2686 tamen
2351 2632 2578 2686 omnino
2605 2630 2927 2687 discessere.
2962 2632 3076 2704 69
3105 2631 3246 2703 Ergo
3269 2648 3397 2688 cum

99 2724 204 2777 θεν
226 2723 592 2787 ἀναλαδόντες
620 2722 1071 2795 ἐπισκεψώμεθα.

1814 2732 2018 2779 sectam
2054 2722 2146 2777 isti
2182 2738 2340 2778 suam
2371 2724 2544 2779 lenire
2566 2723 2976 2794 quodammodo
3011 2726 3278 2793 novisque
3302 2741 3396 2779 ar-

98 2818 258 2874 tibus
287 2831 594 2887 procurare
628 2815 988 2881 statuissent,
1043 2829 1203 2871 veras
1262 2813 1552 2869 numinum
1606 2831 1837 2872 suorum
1891 2816 2101 2871 tamdiu
2137 2816 2468 2886 iactaturum
2534 2816 2812 2881 historias,
2855 2819 3108 2886 ﬁgmenta
3147 2818 3396 2888 quaedam

98 2920 158 2965 et
189 2918 505 2964 commenta
532 2911 820 2979 poetarum
861 2907 1065 2963 ominis
1116 2922 1284 2963 causa
1324 2907 1579 2962 meliores
1616 2922 1742 2965 esse
1779 2909 2060 2972 dixerunt,
2091 2908 2294 2978 quibus
2329 2909 2569 2964 rationes
2609 2924 2900 2978 causaque
2934 2925 3118 2964 rerum
3172 2922 3398 2966 natura-

98 3000 244 3055 lium
301 2996 534 3053 inelusae
596 2996 892 3053 latitarent.
959 2996 1203 3063 Quarum
1261 2996 1390 3052 licet
1441 2996 1653 3051 nullum
1706 2999 1933 3053 omnino
1979 2998 2228 3054 veritatis
2268 2998 2530 3053 indicium
2594 2998 2843 3069 proferre
2894 3000 3130 3070 possint,
3169 3017 3272 3058 nos
3313 3011 3433 3058 ιιι-⁴

100 3111 240 3152 men
261 3096 503 3167 pretium
538 3109 721 3164 opera:
752 3091 998 3150 facturos
1046 3094 1400 3161 arbitramur,
1457 3094 1506 3150 si
1564 3109 1908 3166 quacunque
1964 3095 2108 3165 apud
2153 3110 2250 3152 eos
2290 3096 2659 3151 honestiorem
2700 3097 2996 3166 quamdam
3036 3111 3150 3167 prae
3200 3112 3261 3152 se
3310 3095 3393 3153 fe-

102 3197 239 3245 rant
258 3188 527 3261 speciem,
578 3187 634 3241 in
677 3197 926 3257 apertum
956 3188 1242 3258 lucemque
1271 3188 1643 3258 producamus
1666 3227 1683 3254 ,
1719 3197 1781 3244 ut
1814 3204 2088 3244 summam
2127 3189 2294 3259 hujus
2337 3199 2620 3260 praeterea,
2654 3205 2820 3260 quam
2878 3190 2948 3245 ab
2988 3191 3056 3246 iis
3103 3191 3252 3262 (non
3286 3192 3394 3248 alia

102 3297 242 3338 sane
294 3294 468 3351 quam
527 3279 840 3349 evangelica
890 3277 1198 3335 Servatoris
1237 3277 1413 3334 nostri
1445 3278 1700 3335 doctrina
1742 3279 2024 3336 informati
2077 3281 2433 3353 adductique)
2473 3280 2776 3337 faciendam
2833 3282 2999 3338 nobis
3053 3285 3393 3354 putavimus,

104 3374 473 3431 discessionis
504 3373 817 3444 aequitatem
841 3374 1016 3431 oculis
1040 3389 1235 3432 omnes
1271 3384 1459 3433 tenere
1488 3376 1725 3448 possint.
1767 3376 1882 3449 Age
1921 3377 2126 3449 itaque,
2174 3393 2290 3434 rem
2344 3387 2514 3435 totam
2560 3379 2727 3435 altius
2766 3389 3097 3450 repetentes,
3159 3382 3391 3451 propius

102 3470 573 3540 contemplemur.

640 3567 1038 3621 ΚΕΦΑΛΑΙΟΝ
1084 3569 1161 3622 Ε’.

221 3655 781 3724 Ἀνακεςραλαίωσις
806 3653 925 3709 τῶν
950 3659 1218 3725 πρόσθεν
1243 3659 1590 3729 εἰρημένων.

172 3746 291 3816 της
332 3747 441 3817 μὲν
481 3742 576 3800 οὗν
619 3746 937 3819 Ἑλληνικῆς
975 3747 1285 3819 θεολογίας,
1320 3750 1464 3820 λέγω
1495 3751 1561 3824 δὴ
1602 3753 1701 3824 τῆς

101 3838 389 3909 πανδήμου
433 3838 532 3892 καὶ
565 3837 964 3912 μυθικοηέρας,
1000 3841 1094 3895 καὶ
1129 3840 1265 3894 πολὺ
1295 3842 1568 3914 προτέρας
1602 3845 1702 3915 τῆς

101 3931 254 4003 παρὰ
301 3929 511 3996 Φοίνιξι
555 3931 650 3983 καὶ
688 3931 1046 4000 Αἰγυπτίοις,
1082 3936 1193 3997 τοῖς
1245 3950 1307 3986 τε
1349 3933 1564 3999 ἄλλοις,
1624 3928 1701 3991 ὧν

101 4023 197 4076 καὶ
217 4022 320 4094 τὴν
354 4024 579 4093 μνήμην
604 4024 776 4095 οἱπρὸ
802 4024 989 4078 τούτου
1018 4027 1306 4098 περιέσχον
1331 4027 1499 4097 λόγοι,
1526 4030 1700 4083 τοιόσ-

97 4116 156 4170 δε
188 4134 274 4180 τις
301 4119 334 4169 ὁ
357 4116 566 4187 τρόπος
595 4116 1005 4183 ἀποδέδεικται,
1038 4114 1150 4183 οἶος
1186 4120 1274 4175 διὰ
1299 4120 1409 4175 τῶν
1438 4139 1700 4192 προεκτε-

99 4207 293 4262 Getan
332 4206 554 4276 φωνῶν,
599 4207 779 4261 αὐτῶν
826 4209 889 4281 δὴ
939 4210 1045 4263 τῶν
1081 4211 1408 4284 Ἑλληνικῶν
1458 4232 1699 4287 συγγρα-

100 4301 265 4371 φέων,
310 4299 749 4372 προδεδήλωται·
781 4300 841 4353 ὃν
873 4302 967 4355 καί
1000 4302 1225 4367 εἰκότως
1268 4306 1326 4357 ἐν
1361 4307 1558 4376 ἀρχαῖς
1596 4307 1697 4378 τῆς

102 4396 478 4466 προκειμένης
525 4394 887 4465 εὐαγγελικῆς
931 4396 1400 4469 Προπαρασκευῆς
1445 4401 1525 4464 εἰς
1577 4401 1694 4455 διά-

100 4486 300 4553 γνωσίν
326 4503 387 4538 τε
422 4485 521 4539 καὶ
545 4485 824 4556 ἐπίκρισιν
852 4489 963 4551 τοῖς
988 4488 1389 4560 ἐντευξομένοις
1410 4491 1695 4563 προτεθεί-

100 4576 299 4647 καμεν,
332 4578 413 4642 ὡς
442 4576 508 4630 ἂν
532 4578 689 4630 αὐτοί
716 4577 1005 4648 μάθοιμεν,
1036 4581 1197 4650 ἡμεῖς
1226 4580 1284 4633 δὲ
1314 4582 1491 4646 αὐτοὶ,
1528 4583 1622 4636 καὶ
1646 4566 1695 4637 οἰ

100 4670 262 4724 τῶνδε
290 4670 467 4724 εἰσέτι
492 4669 590 4722 καὶ
608 4668 705 4722 νῦν
750 4669 990 4741 ἄπειροι,
1022 4671 1165 4736 τίνες
1189 4671 1342 4735 ὄντες
1368 4672 1534 4728 πάλαι
1561 4674 1696 4748 πρό-

97 4779 274 4835 προν,
330 4763 430 4816 καὶ
461 4761 593 4815 οἴων
636 4763 703 4814 ἐκ
759 4761 1011 4833 πατέρων
1055 4764 1284 4833 φύντες,
1339 4764 1586 4835 πηλίκοις
1632 4782 1693 4819 τε

97 4856 293 4926 metu
316 4856 517 4917 κακοῖς
550 4852 936 4923 πεπεδημένοι,
973 4853 1288 4919 δυσσεϐείας
1312 4872 1372 4908 τε
1399 4857 1572 4929 ὁπόση
1598 4860 1693 4913 καὶ

2430 3566 2663 3624 CAPUT
2698 3567 2761 3626 V.

1857 3661 2045 3717 Brevis
2074 3676 2256 3716 eorum
2280 3676 2401 3731 qua
2423 3662 2667 3730 superius
2691 3663 2838 3716 dicta
2870 3672 2992 3718 sunt
3017 3663 3338 3733 complexio.

1874 3754 2191 3810 Graecorum
2214 3754 2384 3823 igitur
2406 3754 2679 3825 vulgatam
2713 3755 2858 3809 illam
2883 3756 3239 3829 pluribusque
3261 3772 3388 3813 con-

1802 3854 2007 3903 textam
2059 3845 2260 3902 fabulis
2319 3846 2671 3917 theologiam,
2729 3863 2957 3918 quasque
2991 3860 3250 3918 praeterea
3296 3849 3385 3903 vel

1801 3935 2148 4000 Phoenicum,
2175 3936 2258 3991 vel
2288 3934 2694 4007 Egyptiorum,
2729 3953 2795 3992 ac
2828 3948 3151 3993 caaterorum
3174 3980 3190 4007 ,
3240 3953 3386 4011 quo-

1801 4045 1924 4084 rum
1961 4040 2089 4085 ante
2121 4030 2454 4085 mentionem
2492 4028 2750 4093 fecimus,
2782 4030 3003 4100 propria
3035 4029 3159 4096 fuit,
3191 4030 3382 4088 Graeca

1800 4120 1903 4177 ista
1924 4121 2085 4192 longe
2115 4121 2491 4188 vetustiorem,
2529 4122 2595 4176 ad
2638 4132 2765 4177 enm
2805 4138 2927 4177 sese
2999 4124 3223 4178 modum
3282 4123 3382 4179 ha-

1800 4213 1985 4269 buisse
2005 4221 2242 4278 constat,
2274 4229 2435 4284 quem
2464 4213 2750 4282 productis
2799 4213 3053 4283 superius
3087 4214 3381 4284 ipsissimis

1800 4297 2111 4355 Graecorum
2148 4310 2436 4356 auctorum
2472 4302 2653 4357 verbis
2689 4304 3222 4371 reprazsentavimus.
3277 4303 3379 4359 At-

1798 4405 1906 4460 que
1935 4390 1987 4444 id
2013 4391 2146 4445 mihi
2178 4391 2398 4461 quidem
2429 4391 2754 4462 evangelicae
2786 4390 3232 4462 Pracparatiouis,
3256 4411 3381 4466 qua:

1799 4483 1905 4537 hoc
1929 4498 2094 4552 opere
2123 4483 2446 4549 instituitur,
2480 4484 2639 4538 initio
2674 4485 2963 4540 commode
3000 4486 3251 4555 posuisse
3299 4488 3380 4541 vi-

1798 4575 1950 4641 deor,
1985 4576 2051 4631 iis
2082 4576 2177 4646 qui
2205 4574 2259 4630 in
2309 4576 2481 4646 ipsius
2513 4576 2746 4632 lectione
2790 4579 3182 4647 versabantur,
3211 4595 3379 4635 excu-

1797 4667 2039 4723 tiendum
2061 4668 2381 4739 iudicioque
2406 4684 2507 4724 suo
2524 4669 2962 4738 ponderandum,
2988 4679 3050 4725 ut
3077 4672 3256 4727 caeteri
3284 4687 3379 4727 no-

1798 4762 2009 4817 biscum
2046 4777 2270 4827 omnes,
2322 4776 2463 4831 quos
2495 4762 2674 4819 adhuc
2702 4778 2889 4817 rerum
2926 4764 3157 4822 istarum
3188 4767 3377 4834 cogni-

1796 4854 1875 4908 tio
1906 4853 2081 4919 latuit,
2125 4853 2447 4925 intelligant,
2471 4854 2663 4924 quales
2684 4856 2904 4911 tandem
2932 4870 2963 4910 a
3007 4856 3196 4911 multis
3227 4866 3374 4912 retro

96 4941 532 5010 ἀγνωσίας-Θεοῦ
568 4943 706 5015 μέθη
740 4943 841 5007 τὰς
861 4943 1041 5014 ψυχὰς
1066 4948 1565 5019 κατορωρυγμένοι,
1592 4950 1691 5021 τῆς

1810 4944 2031 5009 saeculis,
2061 4944 2373 5014 quibusque
2398 4945 2512 4999 nati
2540 4946 2882 5015 parentibus,
2915 4949 3139 5016 quantis
3193 4948 3376 5018 impli-

94 5036 297 5091 τούτων
354 5037 620 5091 ἁπάντων
655 5036 997 5101 ἀνανεύσεως
1026 5036 1121 5091 καί
1162 5037 1473 5110 ἐλευθερίας
1522 5039 1687 5110 ἠξιώ-

96 5128 289 5200 Θημεν,
325 5129 421 5183 διὰ
444 5130 578 5200 μιᾶς
609 5126 781 5200 μόνής
802 5128 905 5199 τῆς
947 5130 1304 5201 εὐαγγελικῆς
1341 5131 1688 5196 διδασκαλίας

94 5224 191 5275 οὐκ
207 5222 393 5287 illa);
424 5224 559 5294 ἡμῖν
586 5220 1072 5293 πρυτανευθείσης,
1102 5223 1134 5293 ἢ
1160 5222 1227 5275 δι’
1251 5224 1571 5291 ἐπιφανείας
1591 5210 1686 5277 τοῦ

96 5314 351 5387 Σωτῆρος
381 5313 544 5387 ήμῶν
595 5312 770 5385 Ἰησοῦ
808 5312 1045 5385 Χριστοῦ
1085 5312 1177 5366 τοῦ
1202 5313 1338 5366 Θεοῦ
1360 5332 1371 5344 ’
1410 5314 1469 5378 ὂς
1497 5317 1558 5368 οὐ
1590 5317 1687 5388 μέ-

100 5422 176 5472 ρει
199 5408 327 5476 τῆς,
361 5406 475 5459 οὐδ’
499 5408 559 5460 ὲν
594 5406 767 5479 γωνίᾳ
804 5406 989 5478 χώρας
1021 5403 1204 5469 ἔθνους
1234 5405 1371 5470 ἐνὸς,
1404 5405 1526 5459 καθ’
1558 5406 1687 5477 ὅλης

96 5499 147 5551 δέ
175 5500 273 5571 τῆς
319 5499 633 5572 ἀνθρώπων
662 5498 990 5570 οἰκουμένης
1010 5537 1024 5560 ,
1055 5496 1173 5550 καθ’
1206 5492 1274 5568 ἧς
1336 5496 1570 5567 μάλιστα
1616 5496 1687 5551 τὰ

96 5588 604 5661 τῆςδεισιδαίμονος
633 5590 844 5662 πλάνης
867 5587 1253 5660 ὑπερίσχυσεν,
1274 5581 1365 5641 οἷά
1384 5605 1467 5651 τις
1485 5587 1686 5660 νοερῶν

99 5682 185 5735 καί
225 5684 473 5752 λογικῶν
510 5683 701 5756 ψυχῶν
749 5682 932 5754 ἥλιος,
966 5681 1067 5745 τὰς
1109 5681 1204 5735 τοῦ
1254 5681 1457 5735 οἰκείου
1508 5681 1685 5750 φωτὸς

100 5774 422 5839 ἑφαπλὼσας
455 5776 700 5841 ἀκτῖνας,
723 5773 862 5847 ὁμοῦ
893 5774 1004 5828 πᾶν
1036 5773 1191 5843 γένος
1224 5771 1527 5847 ἀνθρώπων
1552 5772 1685 5849 βαρ.

1793 5037 1899 5091 cati
1923 5035 2105 5101 malis,
2135 5044 2340 5106 quanta
2373 5036 2593 5092 demum
2625 5038 2923 5109 impietatis
2955 5055 3022 5095 ac
3051 5038 3224 5094 divini
3256 5039 3374 5095 Nu-

1792 5128 1957 5183 minis
1990 5128 2331 5198 ignoratione
2353 5168 2368 5191 ,
2422 5137 2682 5200 tanquam
2721 5131 2829 5186 alta
2873 5131 3112 5205 quadam
3144 5132 3371 5202 crapula

1793 5218 1996 5284 obruti,
2030 5220 2221 5275 tollere
2248 5221 2439 5276 oculos
2489 5222 2784 5292 aliquando
2811 5263 2826 5289 ,
2882 5233 3104 5293 tamque
3155 5222 3370 5278 funesta

1792 5310 2054 5365 servitute
2084 5310 2303 5366 liberari
2337 5312 2501 5368 unius
2530 5313 2862 5384 evangelica:
2891 5312 3155 5368 doctrinae
3178 5313 3231 5367 vi
3267 5312 3364 5368 be-
3398 5362 3401 5363 ν

1792 5400 2096 5471 neﬁcioque
2123 5403 2486 5473 potuerimus,
2517 5419 2681 5476 quam
2709 5402 2955 5475 profecto
2989 5419 3097 5459 non
3126 5405 3235 5460 alia
3280 5419 3369 5458 ra-

1792 5493 1941 5549 tione
1971 5510 2184 5559 sumus,
2219 5512 2382 5566 quam
2423 5494 2553 5552 Jesu
2579 5495 2787 5552 Christi
2814 5493 3125 5552 Servatoris
3159 5495 3368 5567 Deique

1791 5586 1964 5640 nostri
1996 5586 2232 5643 adventu
2255 5589 2558 5644 consecuti.
2584 5588 2684 5643 Hic
2708 5589 2856 5643 enim
2892 5589 2980 5643 ille
3001 5598 3105 5655 est,
3125 5589 3218 5658 qui
3255 5604 3366 5646 non

1785 5684 1939 5748 parte
1963 5677 2143 5749 aliqua
2175 5689 2444 5735 terrarum
2471 5722 2485 5745 ,
2520 5689 2615 5735 aut
2640 5681 2821 5752 gentis
2850 5681 3015 5735 unius
3047 5682 3245 5751 angulo
3272 5697 3362 5736 re-

1785 5769 1965 5842 gionis
2012 5770 2332 5842 includens,
2378 5775 2472 5833 sed
2523 5783 2639 5832 toto
2685 5775 2891 5847 passim
2940 5776 3098 5844 orbe,
3144 5776 3235 5831 ubi
3269 5776 3361 5833 de-
