3832 6216
444 305 550 360 1³15

1081 299 1354 359 EUSEBII
1390 297 1874 356 CASSABJENSIS
1913 297 2064 353 OPP.
2107 297 2291 353 PARS
2325 297 2390 356 11.
2429 329 2500 340 -—-
2538 298 3044 356 APOLOGETICA.

3614 289 3720 343 136

442 429 631 494 gerent
684 421 930 475 homines
959 461 972 484 ,
1019 436 1237 490 quaque
1269 419 1617 489 potissimum
1668 416 2024 488 grassabatur

2164 419 2311 491 άρων
2342 435 2399 470 τε
2428 419 2522 470 καὶ
2549 418 2841 487 Ἑλλήνων,
2860 417 3050 488 ὥσπερ
3083 417 3143 483 ἐξ
3172 415 3370 487 ἀχλύος
3401 415 3604 488 δεινῆς,
3627 417 3730 472 καὶ

442 513 648 568 erroris
689 512 1051 579 superstitiosi
1110 510 1459 572 dominatus,
1489 510 1659 564 veluti
1682 507 1764 564 sol
1799 508 2024 578 quidam

440 603 860 672 intelligentium
921 618 985 655 ac
1015 602 1229 657 ratione
1286 602 1642 671 praeditorum
1673 601 1984 654 animorum
2005 641 2022 668 ,

440 695 668 749 luminis
708 695 794 748 sui
849 693 1030 748 radios
1063 693 1222 763 longe
1268 693 1486 762 lateque
1519 691 1866 756 diffundens,
1903 691 2027 744 uni-

439 803 660 842 versum
689 787 972 839 hominum
1002 785 1363 838 harbarornm
1394 783 1558 837 simul
1591 783 2024 850 Grazcorumque

441 879 549 951 ⁷ο
571 894 763 948 genus,
793 879 1040 946 adeoque
1073 894 1174 933 nos
1205 894 1398 934 omnes
1431 878 1760 932 densissima
1793 877 2027 946 caligine

440 988 505 1026 ac
537 972 835 1035 teterrima,
867 986 1200 1040 omnemque
1223 973 1398 1026 lucem
1443 971 1768 1026 excludente
1801 970 2028 1024 menda-

439 1065 518 1120 cis
547 1079 808 1132 vanaaqne
838 1065 1246 1133 superstitionis
1275 1073 1456 1130 nocte,
1508 1065 1561 1118 in
1592 1079 1736 1118 verae
1776 1077 1906 1134 erga
1941 1077 2029 1116 re-

436 1171 560 1210 rum
589 1155 832 1208 omnium
867 1155 1266 1209 moderatorem
1288 1155 1456 1210 Deum
1482 1156 1698 1226 pietatis
1729 1156 1872 1209 diem
1903 1155 2026 1208 vin-

436 1249 658 1302 dicavit.
693 1248 1004 1310 Enimvero,
1033 1257 1302 1319 quotquot
1336 1249 1539 1319 uhique
1569 1249 1698 1302 olim
1728 1249 1794 1302 ad
1829 1256 2025 1316 stupo-

448 1357 563 1396 rem
594 1358 767 1410 usque
787 1340 1032 1409 profanis
1048 1343 1113 1395 de
1136 1342 1361 1396 deorum
1383 1341 1731 1396 multitudine
1743 1340 2027 1395 erroribus

437 1441 545 1486 tam
579 1433 630 1484 in
663 1432 911 1492 urbibus,
949 1447 1112 1500 quam
1143 1433 1195 1486 in
1223 1433 1378 1503 pagis
1401 1432 1770 1497 adhaeserunt,
1802 1432 2024 1486 eosdem

436 1535 782 1578 mortuorum
805 1524 970 1590 idola,
987 1524 1379 1595 hominumque
1400 1526 1608 1595 pridem
1627 1525 2024 1581 exStinctorum

437 1617 732 1671 simulacra
775 1618 932 1671 statis
962 1632 1157 1672 omnes
1209 1619 1513 1672 honoribus
1541 1617 1798 1683 coluisse,
1829 1617 2024 1672 claris-

437 1708 593 1764 simis
629 1706 974 1762 laudatoru‘m
1029 1720 1158 1764 ante
1207 1711 1540 1779 scriptorum
1585 1710 1916 1766 testimoniis
1961 1726 2027 1766 ac

2131 511 2520 582 ζοφερωτάτης
2543 527 2604 563 τε
2637 510 2732 563 καὶ
2761 509 2973 572 ἀειδοῦς
2989 508 3182 571 νυκτὸς
3210 508 3312 577 τῆς
3333 508 3732 579 δεισιδαίμονος

2130 602 2362 673 πλάνης,
2399 603 2492 655 ἐπὶ
2526 601 2785 673 λαμπρὰν
2824 602 2920 654 καὶ
2957 601 3353 672 διαυγεστάτην
3377 599 3591 671 ἡμέραν
3624 600 3730 670 τῆς

2129 695 2365 765 ἀληθοῦς
2419 695 2701 757 εὐσεϐείας
2734 692 2829 748 τοῦ
2879 693 3272 764 παμϐασιλέως
3300 692 3437 745 Θεοῦ
3459 733 3473 756 ,
3516 691 3730 755 πάντας

2129 790 2278 860 ἡμᾶς
2315 795 2704 860 μετεστήσατο.
2745 787 3052 858 Διάρῤήδην
3083 785 3215 856 γοῦν
3259 788 3313 839 αἱ
3367 801 3729 858 προπαρατε-

2131 879 2308 934 θεῖσαι
2358 880 2568 949 φωναὶ,
2627 879 2838 950 νεκρῶν
2891 878 3123 942 εἴδωλα,
3151 878 3244 932 καὶ
3288 876 3500 949 ἀνδρῶν
3552 876 3732 930 πάλαι

2130 971 2538 1041 κατοιχομένων
2574 972 2824 1035 εἰκόνας,
2863 970 3073 1034 πάντας
3107 969 3378 1042 πανδημεὶ
3423 971 3550 1031 τοὺς
3577 970 3733 1040 ἀμφὶ

2128 1062 2228 1132 τὴν
2266 1061 2526 1113 πολύθεον
2577 1061 2784 1131 πλάνην
2810 1102 2824 1126 ,
2869 1062 3012 1114 κατά
3039 1077 3099 1113 τε
3155 1059 3342 1124 πόλεις
3389 1060 3484 1113 καὶ
3529 1059 3733 1131 κώμας

2131 1155 2526 1226 ἐπτοημένους,
2555 1154 2880 1226 θεραπεύειν
2912 1172 2972 1207 τε
3007 1154 3101 1208 καὶ
3135 1154 3420 1226 περιέπειν
3444 1153 3727 1219 ἐδίδαξαν·

2129 1246 2237 1300 ⁸τῶν
2269 1247 2434 1300 πάλαι
2466 1247 2676 1318 ἀνδρῶν
2722 1247 2790 1300 δι’
2837 1246 3284 1319 ὑπερϐάλλουσαν
3314 1245 3408 1298 τοῦ
3452 1247 3573 1298 τότε
3605 1245 3730 1316 βίου

2131 1340 2448 1413 θηριωδίαν,
2471 1341 2608 1395 Θεοῦ
2647 1342 2744 1413 μὲν
2777 1340 2870 1394 τοῦ
2898 1341 3116 1394 πάντων
3143 1339 3475 1411 δημιουργοῦ
3519 1339 3733 1410 μηδένα

2129 1433 2288 1504 λόγον
2322 1433 2686 1506 ποιουμένων,
2727 1434 2861 1506 μηδὲ
2881 1434 2982 1504 τῆς
3007 1433 3158 1497 θείας
3180 1434 3274 1486 καὶ
3297 1434 3388 1486 ἐπὶ
3414 1433 3512 1503 τῆς
3544 1434 3652 1504 πλη
3661 1452 3735 1504 μ-

2134 1526 2470 1600 μελουμένης
2500 1527 2742 1601 τιμωροῦ
2775 1527 2931 1598 δίκης
2962 1527 3385 1598 ὲμτὲαζομένων,
3424 1529 3506 1590 εἰς
3543 1527 3734 1589 πάσας

2129 1609 2186 1671 δὲ
2240 1618 2622 1690 ἀνοσιουργίας
2684 1617 3155 1672 καταϐαλλόντων.
3201 1617 3368 1670 Οΰπω
3400 1618 3509 1689 γὰρ
3555 1617 3732 1670 εἰσέτι

2131 1709 2310 1780 νόμων
2338 1712 2477 1775 τότε,
2514 1711 2635 1766 καθ’
2664 1710 2758 1775 οὓς
2782 1711 2888 1784 χρὴ
2915 1709 3083 1781 βιοῦν,
3118 1710 3488 1773 συνεστώτων,
3513 1711 3633 1764 οὐδέ
3660 1727 3732 1778 γε

435 1802 664 1856 vocibus
693 1803 1127 1871 comprobatur:
1168 1804 1240 1857 ita
1276 1805 1456 1874 plane,
1494 1813 1555 1858 ut
1597 1805 1843 1873 priscum
1893 1804 2027 1859 illud

2164 1802 2230 1872 ἧς
2253 1803 2459 1875 ἡμέρου
2482 1803 2756 1867 πολιτείας
2779 1806 2838 1856 ὲν
2863 1801 3170 1874 ἀνθρώποις
3204 1802 3691 1874 κατατεταγμένης
3708 1815 3731 1834 ⁸

435 1892 721 1947 hominum
752 1907 946 1963 genus,
983 1903 1202 1963 propter
1237 1894 1471 1948 ferinam
1500 1909 1665 1964 supra
1698 1896 1923 1950 modum
1959 1910 2026 1950 eo

435 1993 684 2054 tempore
701 1986 912 2037 vivendi
940 1986 1229 2047 rationem,
1251 1986 1318 2039 de
1335 2000 1553 2040 summo
1575 2001 1757 2040 rerum
1780 1989 2026 2040 omnium

434 2078 627 2148 Opifice
656 2077 764 2132 Deo
787 2078 924 2131 nihil
947 2078 1175 2132 omnino
1200 2079 1483 2148 cogitaret,
1509 2093 1612 2134 nec
1639 2079 1881 2134 divinam
1908 2079 2028 2149 ejus

435 2171 492 2227 in
523 2171 831 2241 repetendis
864 2172 1130 2226 scelerum
1186 2171 1366 2242 pennis
1419 2171 1693 2240 justitiam
1749 2173 2027 2227 ullatenus

433 2273 749 2329 vereretur,
780 2263 875 2318 sed
909 2263 963 2316 in
1015 2264 1199 2317 omnia
1253 2262 1580 2332 ﬂagitiorum
1631 2270 1686 2317 et
1733 2263 2029 2332 impietatis

437 2369 635 2426 genera
667 2355 931 2424 praecipiti
964 2356 1200 2425 qttodam
1225 2364 1357 2407 aestu
1383 2363 1687 2423 raperetur.
1713 2351 1874 2419 Nam,
1901 2369 2026 2408 cum

437 2447 571 2503 nulli
633 2447 812 2501 adhuc
841 2447 1125 2501 hominum
1151 2447 1261 2500 vita
1293 2446 1506 2517 legibus
1541 2447 1609 2500 ad
1657 2446 1913 2500 virtutem
1941 2447 2042 2501 in-.

435 2539 692 2602 formata,
724 2538 876 2592 nullo
901 2539 1117 2593 mitiore
1147 2554 1210 2594 ac
1239 2539 1493 2609 politiore
1517 2539 1669 2594 cultu
1699 2546 2025 2609 temperata,

435 2631 612 2688 solute
637 2646 702 2686 ac
734 2647 887 2700 vage,
915 2628 1224 2684 Nomadum
1253 2639 1348 2685 aut
1369 2631 1678 2686 belluarum
1704 2631 1887 2700 potius
1919 2630 2029 2685 ritu

435 2732 727 2793 ageretur:
752 2722 876 2776 aliis
907 2719 1128 2791 quidem
1164 2720 1432 2790 pecudum
1470 2721 1646 2776 instar
1675 2719 1891 2775 ratione
1933 2735 2030 2774 ca-

435 2815 672 2872 rentium
694 2857 708 2881 ,
750 2822 947 2884 prater
979 2813 1290 2867 abdominis
1321 2813 1665 2868 saturitatem
1701 2813 1856 2882 pensi
1892 2812 2027 2866 nihil

433 2917 574 2972 erat,
609 2922 846 2978 quorum
892 2907 948 2960 in
1001 2905 1220 2960 animos
1260 2906 1499 2974 primum
1527 2905 1824 2975 impietatis
1854 2920 2028 2975 genus

437 3003 605 3059 altius
633 3001 821 3057 subire
854 3002 994 3055 solet
1026 3018 1040 3054 :
1075 3000 1167 3054 alii
1198 3015 1347 3062 vero,
1407 2999 1596 3053 inditis
1631 3013 1661 3051 a
1693 3008 1889 3053 natura
1922 3015 2026 3054 no-

434 3094 680 3148 tionibus
731 3092 1005 3147 tantillum
1040 3092 1297 3158 excitati,
1346 3090 1516 3147 Deum
1565 3091 1789 3163 quidem
1834 3110 1898 3148 ac
1930 3093 2022 3149 Dei
2054 3133 2097 3190 ε

434 3194 761 3258 potestatem
799 3186 1060 3241 salutaris
1085 3200 1150 3240 ac
1173 3185 1303 3240 boni
1334 3184 1616 3255 quidpiam
1647 3201 1770 3241 esse
1813 3187 2025 3257 c0gita-

434 3277 598 3346 bant;
631 3280 726 3334 sed
747 3294 871 3334 cum
902 3278 970 3332 ad
1001 3280 1120 3347 ejus
1139 3277 1504 3347 cognitionem
1530 3277 1858 3347 aspirarent,
1893 3279 2030 3333 sub-

437 3370 563 3426 latis
615 3379 666 3425 et
700 3371 898 3426 erectis
947 3370 1002 3424 in
1039 3371 1239 3424 cmlum
1264 3369 1486 3435 animis,
1522 3369 1632 3422 vim
1656 3371 1710 3424 in
1742 3384 1810 3425 eo
1832 3371 2032 3427 mentis

437 3463 726 3532 aciemque
749 3461 1017 3524 deﬁxere,
1054 3470 1443 3530 astrorumque
1476 3469 1595 3516 toto
1625 3463 1766 3518 caelo
1821 3463 2033 3517 micans

439 3557 576 3611 tium
596 3570 906 3626 sensusque
928 3553 1238 3609 ferientium
1261 3553 1722 3624 pulchritudinem
1750 3555 2026 3623 admirati,

439 3649 668 3704 deorum
701 3649 768 3704 its
797 3662 994 3702 nomen
1025 3647 1402 3716 honoremque
1441 3647 1700 3702 tribuere.
1744 3647 1850 3701 Alii
1874 3648 2028 3703 deni-

439 3757 546 3811 que
574 3741 627 3794 in
655 3751 853 3795 terram
885 3755 1006 3795 sese
1039 3739 1364 3809 animosque
1419 3739 1770 3794 devolventes
1803 3779 1820 3804 ,
1884 3755 2024 3809 quos

437 3842 597 3888 aetate
623 3848 722 3888 sua
761 3831 1039 3888 communi
1073 3846 1348 3885 consensu
1380 3840 1477 3884 aut
1504 3831 1784 3901 sapientiae
1816 3831 2023 3900 primas

441 3925 632 3980 tulisse
662 3925 928 3988 viderent,
958 3933 1053 3978 aut
1079 3925 1331 3993 corporis
1361 3925 1594 3990 viribus,
1641 3939 1706 3978 ac
1736 3923 2023 3994 potestatis

441 4019 816 4090 magnitudine
840 4018 1090 4087 pluribus
1114 4032 1237 4071 esse
1259 4018 1588 4080 dominatos,
1608 4016 1856 4087 gigantas
1873 4025 2025 4086 puta,

440 4114 526 4169 vel
561 4123 847 4185 tyrannos,
875 4112 961 4167 vel
1009 4110 1299 4180 praestigiis
1342 4109 1507 4163 etiam
1545 4107 2030 4162 fascinationibus—

2129 1892 2418 1967 ἀνειμένου
2448 1897 2504 1950 δὲ
2551 1899 2644 1950 καὶ
2677 1896 2971 1968 νομαδικοῦ
3003 1896 3096 1950 τοῦ
3143 1895 3258 1966 βίου
3278 1937 3292 1960 ,
3333 1895 3634 1967 θηριώδους
3663 1910 3734 1947 τε

2130 1987 2474 2052 καθεστῶτος
2495 1997 2508 2018 δ
2545 1992 2657 2052 τοῖς
2686 1988 2785 2060 μὲν
2817 1988 3149 2061 θρεμμάτων
3181 1987 3394 2056 ἀλόγων
3428 1988 3584 2058 δίκην
3613 1987 3735 2042 τῶν

2128 2080 2228 2151 τῆς
2254 2080 2492 2149 γαστρὸς
2525 2081 2742 2152 ἀποπλη
2753 2080 2971 2153 ρώσεων
3005 2080 3166 2134 πλέον
3193 2081 3344 2134 οὐδὲν
3371 2080 3614 2152 ἔμελλεν,
3641 2075 3736 2145 οἷς

2130 2173 2222 2224 καὶ
2255 2171 2472 2243 πρῶτος
2513 2171 2806 2244 ἀθεότητος
2852 2173 3172 2244 ὑποικουρεῖ
3214 2173 3448 2244 τρόπος’
3487 2175 3536 2225 οἱ
3567 2171 3610 2225 δ’
3644 2174 3735 2238 εἰς

2133 2264 2302 2336 βραχύ
2331 2281 2383 2317 τι
2415 2267 2673 2335 φυσικαῖς
2719 2264 2947 2328 ἐννοίαις
2991 2263 3428 2334 ἀνακινούμενοι,
3479 2262 3596 2316 θεὸν
3627 2260 3736 2317 καὶ

2129 2358 2265 2410 Θεοῦ
2300 2357 2550 2428 δύναμιν,
2588 2358 2855 2430 σωτήριόν
2889 2375 2941 2410 τι
2984 2358 3082 2411 καὶ
3119 2356 3324 2425 ἀγαθὸν
3357 2352 3494 2409 εἶναι
3534 2355 3734 2428 χρῆμα

2129 2450 2501 2522 διενοήθησαν,
2531 2451 2713 2522 εὑρεῖν
2750 2449 2807 2502 δὲ
2845 2449 3036 2502 τοῦτον
3075 2449 3449 2520 ἐθελήσαντες,
3477 2448 3590 2502 ἀνω
3625 2447 3732 2518 μὲν

2130 2542 2228 2605 τάς
2255 2541 2432 2613 ψυχάς
2458 2543 2538 2605 είς
2567 2541 2794 2612 οὐρανὸν
2828 2540 3057 2605 έτειναν,
3089 2540 3275 2594 αὐτόθι
3307 2540 3364 2593 δὲ
3406 2542 3470 2611 τῇ
3515 2539 3732 2610 διανοίᾳ

2131 2633 2375 2696 στάντες,
2409 2635 2502 2688 καὶ
2528 2634 2636 2688 τῶν
2669 2634 2790 2688 κατ’
2813 2632 3040 2705 οὐρανὸν
3074 2633 3373 2702 φαινόντων
3398 2649 3458 2684 τε
3482 2632 3574 2684 καὶ
3600 2647 3731 2699 φαι-

2129 2727 2371 2798 νομένων
2413 2728 2718 2798 φωστήρων
2754 2724 3198 2796 καταπλαγέντες
3235 2723 3303 2779 τὰ
3335 2725 3504 2796 κάλλη
3525 2764 3540 2787 ,
3572 2722 3728 2776 ταῦτ’

2129 2815 2267 2872 εἶναι
2293 2818 2448 2881 θεοὺς
2477 2816 3048 2889 ἀπεφήναντο.Τρίτοι
3075 2816 3132 2871 δὲ
3154 2816 3322 2881 ἄλλοι,
3359 2817 3500 2885 σφᾶς
3525 2815 3728 2876 αὐτοὺς

2129 2911 2221 2965 ἐπὶ
2253 2912 2357 2982 γῆς
2390 2910 2664 2981 ῥίψαντες,
2696 2912 2822 2974 τοὺς
2857 2911 2952 2965 ἐπὶ
2987 2911 3202 2965 συνέσει
3232 2909 3342 2963 τῶν
3375 2910 3496 2964 κατ’
3527 2908 3727 2972 αὐτοὺς

2128 3003 2426 3074 προφέρειν
2455 3003 2899 3074 νενομισμένους,
2936 3003 2969 3075 ἢ
3005 3003 3100 3056 καὶ
3138 3002 3300 3076 ῥώμῃ
3338 3003 3590 3073 σώματος
3631 3001 3730 3054 καὶ

2128 3094 2446 3158 δυναστείας
2481 3095 2625 3164 ἰσχύῖ
2657 3094 2766 3147 τῶν
2801 3095 3063 3150 πλειόνων
3097 3096 3598 3168 ὲπικρατήσαντας,
3639 3093 3730 3162 γί-

2131 3184 2334 3253 γαντάς
2355 3201 2530 3248 τινας,
2558 3185 2591 3255 ἢ
2633 3185 2952 3258 τυράννους,
2983 3185 3016 3256 ἦ
3058 3185 3152 3238 καί
3185 3179 3409 3256 γόητας,
3446 3184 3541 3238 καὶ
3581 3200 3734 3255 (pap-

2135 3275 2346 3347 μακέας
2366 3276 2585 3347 ἄνδρας,
2611 3275 2673 3330 ἔκ
2698 3293 2841 3340 τινος
2865 3276 2974 3330 τῶν
3009 3276 3299 3350 Θειοτέρων
3333 3273 3733 3340 ἀποπτώσεως,

2132 3366 2231 3430 τὰς
2271 3367 2635 3438 κακοτέχνους
2663 3369 2920 3440 γοητείας
2954 3369 3522 3440 συνεσκευασμένουςο
3563 3368 3594 3439 ἦ
3633 3368 3738 3421 καὶ⁸

2133 3463 2260 3524 τοὺς
2303 3461 2496 3525 ἄλλους
2531 3463 2716 3534 κοινῆς
2747 3463 2808 3516 τέ
2853 3480 3000 3526 τινος
3049 3464 3142 3517 καὶ
3177 3462 3472 3535 βιωφελοῦς
3505 3463 3739 3535 εὐεργε-

2137 3554 2254 3617 σίας
2289 3554 2688 3625 προάρξαντας,
2720 3553 2929 3619 ζῶντάς
2959 3571 3020 3606 τε
3049 3554 3127 3608 ἐτι
3171 3556 3265 3609 καὶ
3295 3555 3431 3625 μετά
3468 3554 3736 3627 τελευτὴν

2149 3631 2303 3710 θεοὺς
2339 3647 2709 3716 ἐπεφήμισαν.
2759 3644 2951 3698 Ἔνθεν
2997 3646 3181 3709 αὐτοῖς
3213 3645 3308 3698 καὶ
3339 3645 3389 3698 οἱ
3431 3644 3539 3698 τῶν
3585 3643 3736 3698 θεῶν

2131 3732 2291 3801 οἶκοι,
2319 3736 2528 3808 νεκρῶν
2562 3732 2696 3789 εἶναι
2728 3736 2889 3806 τάφοι
2931 3735 3381 3807 μνημονεύονται,
3417 3735 3492 3798 ὡς
3513 3738 3541 3788 ὁ
3574 3735 3736 3806 KH;-

2135 3845 2242 3899 μης
2285 3829 2344 3880 ἐν
2371 3828 2450 3898 τῷ
2496 3826 2634 3899 πρὸς
2670 3826 2938 3898 Ἕλληνας
2981 3825 3434 3894 Προτρεπτικῷ,
3484 3827 3729 3898 ἱστορεῖ,

2129 3920 2225 3973 τοῦ
2278 3919 2440 3988 λόγου
2490 3921 2775 3992 μάρτυρας
2815 3919 3015 3982 αὐτοὺς
3045 3917 3312 3990 ’Έλληνας
3363 3918 3728 3989 ἐπαγόμενος.

2133 4013 2197 4064 Ei
2241 4011 2296 4064 δέ
2342 4029 2423 4064 σοι
2475 4010 2645 4080 φίλον,
2682 4005 2838 4073 αὖθις
2881 4011 2976 4064 καὶ
3014 4009 3204 4063 τούτου
3247 4009 3395 4064 τόνδε
3421 4010 3734 4082 γράφοντος

2135 4104 2300 4158 ἄκουε
2332 4105 2424 4158 τὸν
2455 4104 2680 4175 τρόπον.

441 4223 551 4278 que
603 4207 836 4271 nobiles,
887 4208 1140 4275 quicum
1200 4220 1230 4259 a
1273 4203 1437 4258 rebus
1465 4200 1844 4272 idivinioribus
1877 4199 2390 4269 quomodocumque
2423 4198 2638 4253 tandem
2701 4197 3055 4258 excidissent,
3112 4195 3388 4250 maleficas
3425 4193 3729 4251 veneﬁcio-

443 4319 567 4359 rum
608 4313 752 4359 artes
796 4302 1172 4356 conflaverant
1209 4317 1222 4354 :
1265 4299 1582 4370 quicunque
1619 4297 1843 4352 demum
1886 4295 2198 4351 communis
2229 4295 2462 4365 alicujus
2491 4293 2736 4350 beneficii
2778 4303 2943 4362 atque
2971 4292 3038 4347 ad
3073 4292 3196 4346 vita:
3225 4292 3482 4345 humana:
3526 4290 3732 4345 utilita-

443 4411 553 4456 tem
590 4398 912 4470 pertinentis
945 4407 1200 4452 auctores
1236 4395 1490 4462 fuissent,
1532 4394 1737 4464 partim
1783 4393 1939 4447 vivos
1966 4392 2146 4446 adhuc
2185 4401 2240 4446 et
2271 4392 2562 4462 spirantes,
2595 4389 2792 4460 partim
2839 4388 2949 4459 jam
2985 4396 3160 4442 morte
3215 4385 3432 4440 functos
3480 4398 3578 4456 pro
3616 4384 3731 4439 diis

443 4499 830 4569 praedicarunt.
890 4494 1078 4566 Itaque
1104 4496 1332 4550 deorum
1385 4494 1634 4563 ipsorum
1695 4491 1884 4554 aedes,
1945 4500 2290 4545 mortuorum
2353 4490 2604 4560 sepulcra
2645 4502 2766 4544 esse
2828 4485 3202 4556 perhibentur,
3259 4483 3733 4555 quemadmodum

443 4592 698 4649 Clemens
738 4593 793 4646 in
829 4608 914 4656 ea,
951 4607 1114 4661 quam
1177 4591 1244 4645 ad
1295 4589 1519 4646 Graecos
1577 4589 1805 4656 scribit,
1854 4588 2219 4643 cohortatione
2290 4593 2706 4653 commemorat,
2752 4583 3066 4640 Graecorum
3125 4581 3373 4652 ipsorum
3411 4580 3733 4636 testimonia

444 4685 748 4758 proferens,
790 4701 952 4758 quem
985 4695 1064 4752 tu,
1096 4687 1140 4740 si
1171 4685 1366 4753 placet,
1396 4686 1541 4739 hunc
1568 4684 1622 4738 in
1650 4684 1876 4738 modum
1908 4697 2102 4738 rursus
2123 4683 2435 4753 loquentem
2460 4681 2610 4736 audi.

1005 4779 1370 4852 714.1APUT
1407 4780 1500 4836 vr.

446 4874 704 4946 Sepulcra
731 4885 1056 4929 mortuorum
1077 4891 1208 4938 esse,
1239 4891 1358 4944 quae
1377 4872 1596 4927 deorum
1626 4870 1822 4941 templa
1857 4871 2031 4924 nomi-

1129 4960 1346 5000 uantur.

529 5055 551 5090 ι
577 5035 798 5104 Mirum,
817 5038 1016 5108 inquit,
1039 5037 1285 5108 profecto
1306 5036 1479 5091 videri
1511 5051 1618 5090 non
1655 5035 1835 5098 debet,
1858 5035 1904 5089 si
1939 5048 2035 5088 ue-

452 5132 629 5188 fandte
662 5133 1070 5202 superstitionis
1113 5147 1288 5196 error,
1319 5139 1674 5200 posteaquam
1699 5127 1921 5197 aliquod
1944 5141 2030 5182 se-

453 5227 561 5280 mel
589 5226 806 5280 initium
841 5224 1175 5296 accepisset,
1209 5223 1490 5291 flagitiosae
1528 5221 1766 5276 vesaniae
1792 5218 1917 5274 fons
1941 5233 2036 5274 ex-

453 5319 670 5372 stiterit.
722 5317 1014 5374 Enimvero
1067 5333 1190 5373 cum
1239 5313 1531 5371 intercisus
1585 5314 1675 5368 ille
1704 5321 1892 5382 postea
1922 5326 2030 5366 non

454 5407 669 5476 fuisset,
689 5415 780 5468 sed
804 5415 984 5482 potius
1016 5414 1172 5467 novis
1207 5413 1259 5466 in
1290 5412 1408 5467 dies
1439 5409 1788 5465 incrementis
1817 5416 2032 5469 auctus,

455 5515 653 5570 magna
696 5502 747 5554 vi
777 5503 992 5558 tandem
1029 5518 1092 5556 ac
1134 5500 1442 5556 vehementi
1489 5515 1652 5555 cursu
1687 5497 1816 5552 ferri
1846 5497 2032 5567 etrapit.

2673 4773 3066 4829 ΚΕΦΑΛΑΙΟΝ
3098 4773 3188 4839 q'.

2138 4873 2278 4942 Περὶ
2338 4871 2445 4926 τοῦ
2491 4866 2719 4936 νεκρῶν
2764 4864 2918 4922 εἶναι
2975 4863 3236 4942 τείρους-
3252 4862 3328 4916 τὰ
3383 4861 3734 4930 καλούμενα

2598 4942 2798 4999 αὐτῶν⁴
2829 4941 2956 5011 ἱερά
2984 4938 3105 4994 τῶν
3133 4937 3300 4994 θεῶν.

2222 5054 2239 5086 ι
2273 5031 2381 5105 (91)
2403 5032 2642 5096 Εἰκότως
2661 5031 2770 5103 ἄρα
2789 5031 2964 5101 ἀρχήν
2991 5027 3154 5082 ποθεν
3174 5028 3209 5098 ή
3230 5022 3617 5094 δεισιδαιμονία
3635 5021 3736 5076 λα-

2142 5128 2334 5190 ϐοῦσα,
2367 5127 2565 5189 κακίας
2593 5125 2821 5195 ἀνοήτου
2846 5121 3051 5190 ’γέγονε
3082 5120 3257 5191 πηγήο
3284 5116 3476 5172 ἔπειτα
3495 5118 3578 5186 μὴ
3597 5116 3736 5168 ἀνα-

2143 5224 2396 5288 κοπεῖσα,
2452 5219 2566 5272 ἀλλ’
2611 5219 2692 5282 εἰς
2733 5215 2972 5270 ἐπίδοσιν
3020 5212 3283 5275 ἐλθοῦσα,
3338 5208 3472 5263 πολὺ
3517 5207 3584 5280 δὴ
3615 5205 3730 5277 (92)

2142 5317 2352 5384 ῥυεῖσα,
2404 5309 2732 5383 δημιουργὸς
2786 5307 2996 5362 πολλῶν
3042 5304 3362 5360 καθίσταται
3419 5299 3731 5370 δαιμόνων,

2141 5404 2448 5474 ἑκατόμϐας
2500 5401 2759 5467 ποιοῦσα,
2823 5402 2918 5454 καὶ
2981 5395 3317 5467 πανηγύρεις
3371 5389 3732 5454 ὲπιτελοῦσα,

2142 5496 2438 5567 ἀγάλματα
2464 5493 2756 5555 ἀνιστῶσα,
2787 5492 2882 5546 καὶ
2903 5490 3036 5556 νεὼς
3055 5486 3502 5558 ἀνοικοδομοῦσα,
3523 5483 3619 5548 οὓς
3666 5483 3738 5554 δὴ

528 5695 641 5770 (9i)
683 5696 862 5770 Locus
883 5705 967 5770 est
988 5696 1567 5770 Clementadlesandr.
1587 5712 1651 5770 ex
1674 5694 2026 5766 Protreptico,
2068 5694 2246 5770 p522,
2282 5692 2706 5762 Graeco—Latini,
2737 5692 2954 5750 ﬂerveti
2979 5700 3159 5746 autem
3190 5687 3281 5744 Π,

526 5765 642 5842 (9'2)
673 5769 918 5847 μυθίδια.
947 5769 1156 5841 legend.
1188 5767 1358 5839 πολλὴ
1377 5767 1464 5838 δή,
1490 5769 1714 5824 rectius.
1739 5832 1749 5842 λ
