3832 6216
225 274 328 328 137

1402 262 1725 318 PR/EPAR.
1770 261 2024 318 EVANG.
2063 262 2193 319 UB.
2230 260 2296 318 11.

222 392 368 461 (οὐδὲ
392 386 677 465 γάρτοῦτο
700 387 1068 458 σιωπήσομαι,
1090 386 1227 458 πρδς
1240 387 1297 440 δὲ
1322 387 1418 441 καὶ
1444 386 1574 440 αὐτὸ
1594 384 1798 455 ἐλέγξω

1926 384 2050 441 Mox
2087 387 2269 458 itaque
2299 388 2681 459 multiplicium
2728 392 3037 450 daemonum
3073 400 3406 462 architectus
3430 408 3505 463 ef-

222 483 359 548 νεὼς
394 484 495 554 μὲν
540 482 803 550 εὐφήμως
840 477 1291 550 ὀνομαζομένους,
1325 478 1529 548 τάφους
1558 479 1614 533 δὲ
1658 497 1814 549 γενο-

221 577 445 647 μένους,
478 574 725 627 τουτέστι
757 572 884 636 τοὺς
928 572 1129 639 τάφους
1151 570 1290 635 νεὼς
1327 572 1810 643 ἑπικεκλημένους.

231 666 511 738 Ὑμεῖεδὲ
553 663 692 717 ἀλλὰ
733 663 839 716 κᾶν
891 662 985 716 νῦν
1024 662 1445 734 δεισιδαιμονίας
1498 662 1811 729 ἐκλάθεσθε,

217 759 349 822 τὼς
400 757 603 826 τάφους
635 756 803 825 τιμᾷν
850 753 1248 825 αἰσχυνόμενοι.
1295 755 1385 807 Ἐν
1434 752 1513 824 τῷ
1557 753 1670 826 ναῷ
1716 755 1815 827 τῆς

229 855 466 927 Ἀθηνᾶς
493 856 551 907 ὲν
582 850 853 922 Λαρίσσῃ,
899 851 957 902 ὲν
1000 851 1064 920 τῇ
1115 847 1432 920 ἀκροπόλει,
1468 849 1636 916 τάφος
1666 848 1813 902 ἐστὶν

228 946 539 1018 Ἀκρισίου’
575 943 833 1016 Ἀθήνῃσι
864 941 923 994 δὲ
961 943 1018 994 ὲν
1054 943 1119 1012 τῇ
1156 941 1472 1013 ἀκροπόλει,
1503 940 1810 1012 Κέκροπος,

215 1037 296 1101 ὥς
319 1053 486 1109 φησιν
525 1036 797 1105 Ἀντίοχος
820 1036 878 1088 ὲν
911 1032 988 1104 τῷ
1017 1032 1223 1104 ὲννάτῳ
1246 1033 1355 1087 τῶν
1398 1034 1722 1103 Ἰστοριῶν.
1747 1036 1811 1089 Τί

213 1131 273 1186 δὲ
318 1128 690 1201 Ἑριχθόνιος;
732 1127 854 1198 οὐχὶ
886 1129 943 1180 ἐν
969 1126 1044 1197 τῷ
1067 1125 1180 1196 ναῷ
1209 1127 1311 1197 τῆς
1344 1126 1602 1190 Πολιάδος
1642 1129 1811 1199 κεκή-

211 1223 431 1285 δευταις
458 1223 721 1291 Ἴσμαρος
737 1218 852 1289 (95)
881 1218 938 1272 δὲ
967 1219 1255 1289 Εὐμόλπου
1312 1220 1405 1273 καὶ
1442 1220 1693 1288 Δαείρας,
1722 1221 1813 1274 οὑ-

206 1314 269 1386 χὶ
304 1315 363 1366 ὲν
395 1311 473 1381 τῷ
504 1308 774 1381 περιϐόλῳ
824 1307 1150 1377 κεκήδευται
1182 1307 1283 1360 τοῦ
1323 1306 1672 1371 Ἐλευσινίου,
1715 1306 1810 1359 τοῦ

204 1404 321 1460 iisab
346 1408 415 1475 τῇ
442 1400 777 1474 ἁκροπόλει;
805 1401 860 1453 αἱ
889 1399 946 1453 δὲ
972 1398 1175 1452 Κελεοῦ
1211 1398 1514 1471 θυγατέρες
1544 1400 1601 1453 ἐν
1639 1398 1813 1451 Ἐλευ-

206 1496 318 1548 σῖνι
344 1494 679 1562 τετάφαταη
729 1491 797 1543 Τί
828 1507 911 1543 σοι
939 1489 1225 1558 καταλέγει)
1247 1490 1347 1553 τὰς
1386 1490 1447 1554 ἐξ
1477 1490 1809 1563 ὑπερϐορέου

203 1589 506 1655 γυναῖκας;
552 1583 827 1655 Ὑπερόχη
874 1583 969 1636 καὶ
1017 1582 1252 1653 Λαοδίκη
1281 1582 1600 1653 κεκλῆσθον,
1634 1584 1693 1637 ὲν
1731 1581 1811 1653 τῷ

214 1675 553 1747 Ἀρτεμισίῳ
577 1677 636 1728 ἐν
657 1673 813 1746 Δήλῳ
834 1673 1217 1744 κεκήδευσθονο
1243 1675 1305 1727 τὸ
1331 1673 1388 1727 δὲ
1417 1674 1476 1727 ὲν
1505 1673 1584 1745 τῷ
1620 1674 1810 1728 ’Λπόλ-

1919 481 2099 535 ticitur
2119 522 2133 546 ,
2167 481 2519 538 hecatombas
2549 482 2826 539 sacriﬁcat
2848 527 2863 548 .
2902 488 3179 551 solemnes
3206 508 3506 556 conventus

1918 569 2175 639 instituit,
2197 573 2357 641 erigit
2382 572 2701 641 simulacra,
2723 576 2922 646 templa
2957 579 3220 650 azdiiicat;
3240 586 3334 641 sed
3363 604 3505 659 qum,
3530 565 3538 573 ’

1919 665 2039 732 (nec
2071 665 2216 720 enim
2251 665 2303 720 id
2326 681 2545 736 quoque
2571 667 2957 735 dissimulabo,
2995 674 3088 728 sed
3120 677 3305 745 potius
3334 684 3504 738 mani-

1916 754 2054 809 feste
2097 754 2440 828 coarguant),
2490 756 2725 813 honesto
2772 761 2993 830 quidem
3044 768 3372 836 templorum
3408 791 3504 829 no-

1916 845 2062 900 mine
2091 846 2438 902 celebrantur
2459 890 2474 915 ,
2511 858 2768 904 caeterum
2798 851 2946 907 aliud
2973 854 3109 910 nihil
3144 857 3297 916 fuere
3340 878 3504 933 quam

1915 937 2186 1026 sepulcra,
2221 939 2423 1008 quibus
2475 939 2734 1010 deinceps
2785 941 2928 999 hanc
2961 948 3286 1017 templorum
3320 958 3504 1026 appel-

1913 1025 2173 1084 lationem
2207 1030 2470 1085 indidere.
2519 1031 2625 1088 Vos
2651 1050 2815 1105 ergo,
2863 1053 3010 1094 nunc
3058 1040 3248 1097 saltem
3280 1025 3503 1118 impiam

1915 1121 2361 1189 superstitionem
2390 1123 2672 1190 dediscite,
2705 1128 2789 1181 vel
2818 1129 2918 1184 hac
2961 1134 3299 1192 tumulorum
3323 1142 3504 1198 cultus

1914 1211 2239 1282 indignitate
2286 1216 2548 1270 revocati.
2592 1215 2864 1285 Larissae,
2907 1223 2961 1275 in
2988 1222 3246 1283 Minerva:
3276 1235 3500 1302 templo.

1912 1304 2058 1373 quod
2083 1319 2297 1360 summa
2326 1306 2379 1360 in
2410 1322 2537 1362 arce
2569 1308 2790 1378 visitur,
2822 1311 3018 1370 Acrisii
3050 1320 3362 1387 sepulcrum
3385 1336 3498 1389 est;

1911 1394 2141 1451 Athenis
2173 1405 2353 1452 autem
2388 1399 2442 1453 in
2473 1398 2592 1469 ipsa
2622 1404 2831 1470 pariter
2877 1404 3130 1478 Acropoli
3151 1452 3166 1477 ,
3214 1410 3500 1485 Cecropis,

1913 1498 1974 1541 ut
2004 1486 2309 1544 Antiochus
2344 1489 2710 1545 Historiarum
2759 1510 2906 1550 nono
2949 1499 3214 1569 scriptum
3254 1505 3495 1577 reliquit.

1912 1577 2053 1645 Quid
2085 1594 2248 1649 porro
2273 1578 2662 1639 Erichthonius
2682 1584 2704 1636 ?
2722 1582 2915 1642 Nonne
2946 1589 3001 1642 in
3030 1588 3272 1649 Poliadis
3299 1598 3500 1667 templo

1912 1672 2156 1741 sepultus
2178 1672 2297 1727 est?
2332 1671 2523 1728 Nonne
2548 1673 2789 1733 ismarus
2818 1678 3070 1753 Eumolpi
3117 1684 3405 1759 Dairazque
3436 1692 3498 1746 ti-

199 1731 506 1829 ).wbog.':05
523 1731 731 1835 ’Δηλίου
749 1731 901 1818 ἐστὶν
927 1731 1075 1835 ἱερῷ.
1107 1763 1382 1836 Λέανδρος
1410 1765 1468 1818 δὲ
1490 1731 1802 1836 Κλεόμαχον

1914 1762 2042 1826 lius,
2090 1762 2145 1817 in
2194 1762 2459 1819 Eleusinii
2490 1767 2681 1834 septis,
2716 1770 2863 1839 quod
2893 1773 2996 1827 sub
3015 1731 3210 1832 arcem
3243 1731 3498 1836 co‘bstru-

200 1859 264 1911 ὲν
284 1857 516 1928 Μιλήτῳ
537 1854 804 1925 τετάφθαι
834 1858 894 1909 ὲν
918 1855 996 1925 τῷ
1018 1855 1295 1926 Διδυμαίῳ
1323 1855 1507 1928 φησίν.
1547 1856 1811 1911 Ἐνταῦθα

198 1946 308 2017 τῆς
327 1944 721 2017 Λευκοφρύνης
748 1946 809 1999 τὺ
828 1945 1017 2016 μνῆμα
1041 1946 1138 1999 οὐκ
1168 1945 1318 2010 ἄξιον
1342 1946 1652 2016 παρελθεῖντ
1680 1950 1809 2001 ἐπο-

204 2036 345 2109 μένη
370 2036 483 2108 (94)
527 2038 736 2109 Ζήνωνι
766 2035 847 2107 τῷ
878 2036 1118 2107 Μυνδίῳ,
1166 2038 1225 2090 ὲν
1258 2035 1338 2106 τῷ
1379 2037 1511 2109 ἱερῷ
1541 2037 1640 2108 τῆς
1686 2039 1810 2110 ’Λρ-

200 2127 427 2198 τέμιδος
461 2130 519 2182 ὲν
542 2130 839 2200 Μαγνησίᾳ
861 2130 1205 2201 κεκήδευται·
1239 2130 1359 2184 οὐδὲ
1390 2131 1495 2203 μὴν
1520 2132 1612 2187 τὸν
1643 2134 1701 2186 ἐν
1732 2131 1809 2203 τῷ

203 2219 497 2291 Τελμισσῷ
550 2221 642 2273 τοῦ
684 2221 1017 2285 Ἀπόλλωνος
1050 2221 1252 2293 βωμὸν,
1302 2222 1494 2323 μνήμα
1541 2219 1680 2277 εἶναι
1714 2225 1807 2278 καὶ

120 2334 123 2335 ⁷
200 2314 395 2368 τοῦτον
447 2313 799 2385 Τελμισσέως
828 2312 924 2367 τοῦ
966 2313 1212 2384 μάντεως
1268 2312 1560 2387 ἱστοροῦσι.
1604 2315 1806 2369 Πτολε-

204 2409 366 2477 μαῖος
391 2406 454 2460 δὲ
490 2406 520 2457 ὁ
557 2405 653 2458 τοῦ
693 2406 1062 2477 Ἀγησάρχου,
1094 2406 1154 2458 ὲν
1191 2404 1269 2476 τῷ
1302 2403 1503 2477 πρώτῳ
1526 2405 1634 2459 τῶν
1663 2408 1804 2476 Περὶ

197 2500 311 2552 τόν
336 2496 743 2567 Φιλοπάτορα,
778 2500 838 2551 ὲν
870 2497 1046 2567 Πάφῳ
1074 2497 1244 2565 λέγει,
1280 2499 1338 2552 ἐν
1370 2496 1449 2568 τῷ
1476 2498 1574 2569 τῆς
1620 2499 1806 2570 Ἀφρο-

197 2591 354 2662 δίτης
378 2589 532 2661 ἱερῷ,
577 2589 820 2661 Κινύραν
853 2606 912 2642 τε
945 2589 1040 2643 καὶ
1078 2590 1206 2653 τοὺς
1237 2589 1477 2660 Κινύρου
1500 2590 1804 2659 ἀπογόνους

198 2681 585 2753 κεκηδεῦσθαι.
640 2680 801 2733 Ἀλλὰ
843 2679 954 2752 γὰρ
997 2681 1204 2734 ἐπιόντι
1240 2699 1330 2752 μοι
1381 2681 1509 2746 τοὺς
1560 2698 1802 2754 προσκυ-

196 2773 498 2844 νουμένους
531 2774 661 2843 ὑμῖν
688 2773 915 2840 τάφους,
951 2773 1074 2843 ἐμοὶ
1111 2774 1210 2843 μὲν
1251 2773 1374 2828 οὐδὲ
1398 2773 1427 2824 ὀ
1458 2774 1566 2838 πᾶς
1606 2772 1673 2828 ἂν
1704 2774 1803 2844 ἀρ-

196 2867 357 2920 κέσαι
382 2865 599 2937 χρόνος·
626 2866 770 2935 ὑμᾶς
792 2865 848 2918 δὲ
874 2866 924 2918 εί
948 2864 1022 2935 μή
1049 2865 1437 2936 ὑπεισέρχεταί
1460 2882 1544 2930 τις
1571 2866 1800 2936 αἰσχύνη

195 2964 306 3016 τῶν
344 2963 736 3035 τολμημάτων,
775 2963 962 3034 νεκροὶ
1009 2960 1118 3034 ἄρα
1146 2962 1348 3025 τελέως
1395 2964 1608 3032 νεκροῖς
1640 2978 1801 3013 πεπι-

198 3057 491 3118 στευκότες
538 3054 919 3126 περιέρχεσθε’
948 3052 994 3107 ὣ
1034 3054 1221 3118 δειλοὶ,
1250 3055 1304 3106 τί
1339 3053 1509 3108 κακὸν
1552 3052 1667 3105 τόδε
1701 3051 1801 3105 πά-

196 3166 397 3220 σχετε;
436 3169 456 3199 ι
482 3148 597 3202 Καὶ
647 3148 764 3218 μετ’
796 3147 952 3214 ὀλίγα
984 3146 1134 3217 φησί·
1171 3165 1191 3197 ι
1229 3146 1430 3200 Καινὸν
1463 3146 1519 3200 δὲ
1555 3144 1711 3199 ἄλλον
1740 3146 1800 3198 ὲν

194 3242 485 3311 Αἰγύπτῳ,
536 3240 715 3309 ὀλίγου
755 3241 865 3294 δεῖν
895 3239 993 3293 καὶ
1031 3241 1161 3310 παρ’
1197 3238 1448 3310 Ἕλλησι,
1486 3236 1799 3309 σεϐασμίως

192 3333 452 3386 τεθείακε
488 3332 610 3387 θεὸν
649 3334 679 3385 ὀ
731 3331 987 3402 βασιλεὺς
1036 3331 1344 3403 Ῥωμαίων,
1388 3331 1479 3383 τὸν
1521 3330 1799 3401 ἐρώμενον

192 3426 534 3497 ὡραιότατον
590 3424 795 3496 σφόδρα
839 3425 1131 3494 γενόμενον
1172 3423 1439 3476 Ἀντίνοον
1459 3439 1472 3453 ·
1502 3423 1798 3494 ἀνιέρωσεν

188 3513 369 3581 0570;,
399 3517 481 3580 ὡς
516 3516 835 3589 Γανυμήδην
865 3517 895 3569 ὁ
944 3516 1098 3581 Ζεύς.
1131 3516 1206 3568 Οὐ
1253 3514 1363 3586 γὰρ
1395 3514 1663 3569 κωλύεται
1700 3518 1798 3587 ρᾳ-

187 3608 321 3672 δίως
342 3607 508 3661 ἐπιθυ
517 3608 637 3679 μία,
664 3609 826 3679 φόϐον
847 3610 947 3662 οὐκ
963 3609 1177 3681 ἔχουσα,
1202 3609 1297 3663 καὶ
1308 3608 1509 3672 νύκτας
1532 3610 1576 3663 ἱε
1586 3609 1682 3680 ρὰς
1697 3609 1796 3673 τὰς

202 3702 481 3755 Ἀντινόου
520 3700 918 3772 προσκυνοῦσιν
963 3700 1241 3772 ἄνθρωποι
1285 3700 1402 3763 νῦν,
1452 3700 1521 3764 ἃς
1564 3702 1797 3772 αἰσχρὰς

186 3794 467 3864 ἠπίστατο
484 3794 514 3846 ὀ
541 3795 997 3865 συναγρυπνήσας
1016 3795 1271 3865 ἐραστής.
1310 3812 1328 3845 ι
1352 3793 1595 3862 Ἐπὰγειο
1621 3813 1638 3842 ‹
1656 3793 1793 3864 Ἤδη

187 3885 247 3939 δὲ
271 3889 302 3940 ό
326 3886 504 3955 τάφος
533 3885 629 3939 τοῦ
661 3886 961 3956 ἐρωμένου,
1004 3885 1140 3950 νεώς
1181 3889 1330 3940 ἐστιν
1376 3886 1669 3950 Ἀντινόου,
1700 3886 1795 3938 καὶ

192 3976 371 4039 πόλις.
404 3974 682 4047 Καθάπερ
712 3975 843 4047 γὰρ,
873 3970 1048 4045 οἶμαι,
1088 3977 1137 4029 oi
1163 3976 1303 4040 ναοὶ,
1332 3975 1473 4029 οὕτω
1505 3978 1600 4030 καὶ
1625 3976 1675 4029 οἱ
1699 3976 1794 4029 τά·

191 4085 282 4137 φοι
308 4066 713 4137 θαυμάζονται,
762 4066 1084 4137 πυραμίδες,
1117 4067 1214 4121 καί
1261 4066 1546 4136 μαυσῶλα,
1579 4067 1673 4120 καὶ
1707 4069 1796 4121 λα-

189 4157 464 4229 ϐύρινθοι,
497 4156 648 4211 ἄλλοι
666 4157 785 4209 ναοὶ
805 4156 915 4210 τῶν
940 4157 1166 4227 νεκρῶν,
1188 4158 1264 4220 ὡς
1287 4160 1483 4211 ἐκεῖνοι
1504 4162 1663 4227 τάφοι
1685 4156 1794 4210 τῶν

190 4250 354 4303 θεῶν.
404 4269 425 4302 ι
480 4250 595 4302 Καὶ
636 4248 797 4302 πάλιν
835 4250 952 4318 μετ’
985 4248 1143 4315 ὀλίγα
1191 4247 1328 4319 (95)*
1362 4267 1381 4300 ι
1427 4248 1529 4303 Ἴθι
1583 4248 1667 4320 δὴ,
1702 4250 1794 4302 καὶ

190 4344 316 4406 τοῦς
347 4340 573 4408 ἀγῶνας
604 4342 663 4394 ὲν
693 4340 884 4412 βραχεῖ
912 4339 1373 4411 περιοδεύσωμεν,
1406 4342 1501 4394 καὶ
1529 4340 1626 4405 τὰς
1673 4342 1795 4394 ἐπι-

220 4433 461 4505 υμϐίους
482 4432 716 4486 ταυτασὶ
759 4428 1095 4502 πανηγύρεις
1129 4431 1541 4501 καταλύσωμεν,
1574 4431 1794 4503 Ἴσθμιά

190 4541 248 4578 τε
297 4525 401 4579 καὶ
431 4524 648 4595 Νέμεα,
678 4525 774 4577 καὶ
802 4523 1002 4588 Πύθια,
1027 4523 1121 4578 καὶ
1140 4523 1208 4577 τὰ
1230 4523 1324 4577 ἐπὶ
1354 4523 1565 4587 τούτοις
1606 4523 1795 4594 Ὀλύμ-

195 4634 309 4671 εια.
344 4617 523 4671 Πυθοῖ
556 4617 657 4687 μὲν
684 4612 777 4671 οὖν
802 4620 832 4671 ὀ
867 4619 1082 4690 δράκων
1116 4619 1145 4670 ό
1182 4616 1379 4679 Πύθιος
1410 4616 1789 4690 θρησκεύεται,

191 4713 284 4764 καὶ
310 4710 412 4763 τοῦ
468 4709 715 4781 ὅφεωςή
758 4710 1065 4781 πανήγυρις
1114 4707 1541 4777 καταγγέλλεται
1590 4706 1785 4760 Πύθια.

199 4800 410 4873 Ἰσθμοῖ
422 4801 507 4862 δὲ,
525 4800 796 4854 σκύϐαλον
816 4799 1193 4873 προσέπτυσεν
1212 4798 1445 4851 ἐλεεινὸν
1469 4798 1502 4866 ἡ
1526 4796 1788 4860 θάλασσα,

187 4897 285 4949 καὶ
330 4892 691 4965 Μελικέρτην
743 4891 997 4963 ὀδύρεται
1048 4891 1117 4944 τὰ
1162 4889 1401 4962 Ἴσθμιαο
1439 4889 1688 4960 Νεμέασι
1733 4889 1791 4943 δὲ

186 4990 317 5045 ἄλλο
364 4986 588 5042 παιδίον
628 4985 960 5058 Ἀρχέμορος
1001 4984 1343 5056 κεκήδευται,
1378 4981 1473 5036 καὶ
1516 4981 1610 5035 τοῦ
1660 5000 1789 5035 παι-

187 5083 346 5136 δίουό
369 5079 664 5147 ἐπιτάφιος
684 5075 1147 5149 προσαγορεύεται
1162 5076 1368 5147 Νέμεα.
1381 5075 1559 5128 Πίσσα
1582 5073 1625 5127 δ’
1642 5075 1790 5127 ἐστὶν

187 5175 246 5227 ιν
269 5175 408 5243 ὑμῖν
458 5170 654 5238 τάφος,
687 5163 734 5223 ὦ
776 5167 1130 5239 Πανέλληνες,
1165 5168 1379 5238 ἡνιόχου
1417 5165 1646 5236 Φρυγὸς,
1695 5167 1790 5219 καὶ

186 5263 283 5319 τοῦ
317 5264 574 5326 Πέλοπος
615 5260 714 5325 τὰς
744 5261 896 5333 χοὰς,
935 5260 1003 5315 τὰ
1042 5260 1312 5331 Ὀλύμπια
1354 5256 1729 5329 σφετερίζεται
1760 5259 1788 5310 ό

257 5462 381 5533 (93)
424 5463 731 5533 Ἴσμαρος.
771 5458 942 5533 Clem.
976 5459 1135 5533 habet
1166 5460 1455 5533 Ἶμμαροςτ

259 5527 381 5603 (94)
434 5527 759 5601 Ἐἐεομένψ
803 5530 1035 5603 ΑΕΙθῐηῚ
1069 5527 1387 5603 ἑπομένους.
1447 5527 1632 5603 Longe
1659 5543 1790 5603 Ine-

192 5597 316 5660 lius.
358 5597 553 5672 Itaque
585 5597 919 5672 avertendum
966 5602 1087 5672 erit,
1121 5597 1460 5672 si'Zenornem
1505 5597 1786 5672 Myndium

192 5667 474 5730 mtoreni
496 5687 801 5742 srquamur.
828 5671 956 5748 Fuit
983 5671 1037 5748 is.
1058 5671 1450 5748 grammaticus
1474 5683 1538 5721 ex
1564 5667 1782 5748 My_n_dn,

193 5753 321 5802 Urbe
338 5746 519 5801 Caria'
538 5738 874 5814 pervetusta.
894 5738 1153 5809 Stephani
1174 5738 1405 5795 Mutilat.
1421 5739 1476 5793 in
1499 5753 1630 5793 voce
1641 5738 1786 5793 Μύν-

469 5841 750 5903 Ρλτιιοι.
795 5839 917 5901 Gn.
965 5832 1139 5897 XXL

1911 1865 2059 1908 ctum
2107 1856 2224 1910 est?
2276 1871 2457 1912 nonne
2496 1856 2642 1914 Celei
2690 1861 2852 1930 tiliae,
2899 1861 3158 1923 Eleusine
3204 1872 3500 1941 sepultura:

1912 1947 2179 2002 mandata:
2208 1948 2379 2002 sunt?
2413 1946 2551 2004 Nam
2581 1951 2712 2021 quid
2765 1951 3147 2025 Hyperboreas
3173 1960 3270 2018 tibi
3303 1966 3500 2021 mulie-

1910 2052 2001 2092 res
2045 2052 2472 2094 commemorem
2497 2041 2521 2095 ?
2552 2041 2684 2098 Duae
2708 2058 2871 2113 sane,
2919 2062 3154 2118 quarum
3189 2052 3357 2110 altera
3387 2056 3496 2128 Hy-

1908 2128 2144 2196 peroche
2169 2170 2185 2196 ,
2220 2128 2457 2187 Laodice
2489 2133 2659 2188 altera
2689 2136 2993 2193 vocabatur
3017 2181 3032 2206 ,
3085 2142 3142 2197 in
3174 2142 3361 2202 Diana:
3405 2166 3495 2203 sa—

1906 2219 2083 2311 cello,
2139 2221 2285 2292 quod
2330 2223 2382 2277 in
2433 2224 2612 2281 insula
2643 2225 2775 2283 Delo
2803 2231 3070 2300 Apollinis
3112 2233 3247 2292 Delii
3294 2243 3495 2311 templo

1906 2310 2239 2379 continetur,
2273 2315 2500 2384 sepulta:
2547 2327 2696 2373 sunt.
2739 2317 2987 2378 Leander
3017 2334 3200 2381 autem
3244 2310 3498 2386 Cleoma-

1905 2404 2067 2457 chum
2098 2403 2302 2473 Mileti,
2344 2406 2397 2460 in
2428 2408 2696 2477 Apollinis
2747 2408 3011 2482 Didymaei
3061 2416 3262 2486 templo
3305 2421 3499 2474 condi.

1907 2504 2019 2549 tum
2047 2511 2169 2551 esse
2201 2506 2451 2553 testatur.
2498 2498 2688 2571 Neque
2734 2518 2866 2558 vero
2912 2520 3131 2575 aequum
3175 2507 3341 2566 fuerit
3388 2513 3496 2568 hoc

1904 2584 2344 2656 10c0prazterire,
2390 2600 2487 2644 aut
2533 2588 2955 2665 Leucophrynes
2987 2596 3134 2654 illius
3181 2603 3494 2659 monimen-

1904 2686 2016 2731 tum
2039 2719 2054 2743 ,
2103 2694 2254 2748 quae,
2303 2680 2350 2735 si
2393 2679 2667 2737 Zenonem
2698 2682 2977 2755 Myndium
3012 2703 3340 2760 sequamur,
3375 2695 3493 2751 Ma-

1901 2770 2103 2839 gnesim
2128 2769 2181 2824 in
2226 2769 2411 2827 Dianae
2451 2773 2654 2843 templo
2694 2777 2903 2845 sepulta
2946 2789 3060 2847 est;
3109 2795 3204 2838 aut
3236 2782 3492 2844 Telmissi

1901 2870 2136 2946 erectam
2179 2862 2451 2933 Apollinis
2481 2880 2655 2933 aram,
2681 2869 2828 2936 quod
2887 2868 3171 2931 Telmissis
3202 2877 3490 2946 cujusdam

1900 2934 2041 3011 vatis
2062 2966 2480 3011 monumentum
2515 2973 2639 3014 esse
2664 2959 2906 3018 historia:
2934 2934 3308 3034 prodiderunt.
3344 2968 3490 3036 Quin

1825 3086 1869 3144 ο
1904 3048 2071 3103 etiam
2100 3047 2432 3104 Ptolemaeus
2452 3092 2467 3117 ,
2503 3050 2798 3121 Agesarchi
2833 3054 2999 3121 ﬁlius,
3029 3059 3305 3115 volumine
3331 3078 3402 3117 οι·
3420 3063 3491 3120 iis

1902 3142 2117 3210 primo,
2152 3156 2274 3211 qua:
2305 3140 2369 3195 de
2401 3140 2716 3212 Plzilopatre
2754 3144 3008 3215 scripsit,
3048 3159 3238 3205 auctor
3280 3161 3397 3218 est,
3433 3154 3488 3208 in

1902 3231 2082 3287 insula
2113 3230 2299 3301 Papho
2322 3231 2580 3303 Cinyram
2612 3250 2677 3289 ac
2719 3234 2935 3307 Cinyra:
2983 3249 3232 3309 posteros
3254 3281 3269 3305 ,
3298 3243 3352 3296 in
3384 3241 3490 3298 Ve-

1901 3324 2048 3379 neris
2069 3326 2269 3395 templo
2289 3325 2539 3381 conditos
2560 3326 2750 3384 fuisse.
2772 3330 2877 3399 72
2900 3331 2969 3385 At
2989 3332 3133 3386 enim
3159 3341 3372 3404 tempus
3398 3352 3489 3392 me

1900 3416 2136 3483 deﬁciat,
2170 3417 2216 3472 si
2245 3420 2485 3475 tumulos
2512 3435 2727 3484 omnes,
2762 3423 2963 3489 qu1bus
2996 3422 3213 3478 divinos
3247 3425 3488 3482 honoris

1901 3508 2162 3574 tribuitis,
2182 3524 2472 3566 recensere
2500 3512 2661 3566 velim
2702 3530 2715 3565 :
2753 3527 2852 3568 vos
2888 3522 3096 3581 autem,
3124 3517 3178 3570 ni
3216 3518 3486 3575 scelerum

1900 3600 2130 3656 istorum
2158 3603 2336 3673 pudor
2361 3619 2461 3659 vos
2489 3604 2691 3674 aliquis
2724 3606 2960 3675 ceperit,
2992 3605 3065 3661 ite
3097 3623 3263 3678 porro
3283 3648 3301 3676 ,
3328 3627 3486 3669 vere-

1898 3708 2005 3763 que
2028 3693 2268 3761 mortui,
2301 3709 2427 3750 cum
2452 3703 2687 3750 vestram
2720 3695 2776 3750 in
2816 3696 3129 3754 hominibus
3153 3701 3387 3758 mortuis
3421 3705 3487 3759 ii-

1897 3785 2114 3841 duciam
2156 3787 2472 3856 collocetis,
2505 3790 2712 3859 passim
2761 3788 2871 3845 huc
2905 3789 3142 3861 illucque
3182 3794 3479 3863 vagatnini.

1895 3874 1941 3931 Ο
1973 3877 2191 3932 miseri!
2228 3878 2359 3943 quid
2387 3887 2601 3935 tantum
2641 3880 2769 3935 mali
2799 3883 3274 3954 sustinerejuvat!
3310 3904 3330 3937 ι
3358 3885 3484 3943 Haec

1896 3971 1986 4026 ille
2018 3989 2031 4026 :
2061 3973 2357 4043 paucisque
2390 3972 2753 4043 iuterjectiszc
2776 3971 2989 4029 Novum
3016 3974 3145 4030 item
3177 3976 3368 4045 alium,
3400 3980 3485 4032 in-

1896 4064 2035 4132 quit,
2062 4062 2344 4121 Romanus
2373 4063 2675 4135 Imperator
2700 4063 2753 4118 in
2781 4063 3037 4137 Egypto,
3071 4076 3234 4137 atque
3260 4069 3397 4124 adeo
3427 4070 3482 4125 in

1897 4156 2013 4226 ipsa
2041 4172 2179 4227 pene
2200 4156 2431 4223 Graecia,
2460 4157 2530 4212 ad
2555 4155 2852 4212 Numinum
2879 4159 3094 4233 turbam
3126 4176 3250 4216 cum
3281 4163 3482 4218 eximia

1896 4249 2159 4317 religione
2188 4249 2359 4305 Deum
2391 4253 2706 4322 aggregavit
2730 4252 3054 4316 Antinoum,
3090 4254 3184 4324 qui
3226 4255 3483 4323 pulcher-

1896 4337 2066 4393 rimos
2110 4339 2253 4395 inter
2293 4342 2671 4398 numerandus
2711 4352 2852 4409 erat,
2881 4342 3106 4398 delicias
3149 4358 3479 4413 amoresque

1825 4458 1871 4516 ι)
1897 4445 2050 4499 suos,
2083 4446 2247 4502 quem
2278 4432 2415 4503 ipse,
2450 4433 2728 4504 quomodo
2780 4432 3151 4505 Ganymedem
3183 4445 3342 4490 antea
3373 4435 3475 4490 Ju-

1897 4519 2075 4590 piter,
2130 4523 2496 4577 consecravit.
2539 4521 2650 4578 Nec
2692 4522 2837 4578 enim
2881 4522 3148 4593 cupiditas
3169 4539 3233 4580 ea
3257 4526 3476 4580 modum

1892 4611 2052 4668 facile
2100 4620 2285 4668 tenere
2333 4622 2543 4684 potest,
2598 4630 2720 4685 qua:
2768 4614 2922 4671 nullo
2975 4627 3121 4672 metu
3169 4617 3475 4675 cohibetur.

1891 4704 2081 4773 itaque
2122 4720 2291 4761 sacrae
2337 4705 2561 4761 Antinoi
2612 4714 2803 4763 noctes
2848 4707 2920 4763 ab
2969 4708 3286 4764 hominibus
3315 4709 3479 4764 hodie

1891 4795 2043 4850 cultu
2062 4794 2249 4850 divino
2280 4796 2626 4851 celebrantur
2646 4837 2662 4863 ,
2714 4813 2948 4868 quarum
2984 4799 3339 4869 turpitudinis
3372 4799 3476 4853 sibi

1892 4898 2109 4946 amator
2137 4892 2256 4961 ipse
2281 4892 2540 4947 conscius
2561 4900 2699 4959 erat,
2731 4892 2826 4962 qui
2865 4907 2958 4948 eas
2985 4908 3109 4947 cum
3139 4908 3311 4963 puero
3340 4892 3477 4960 vigi-

1891 4983 2052 5037 larat.
2087 5002 2106 5036 ι
2134 4982 2272 5038 Tum
2298 4984 2482 5040 subdit
2508 5003 2521 5039 :
2553 5004 2571 5036 ι
2601 4982 2759 5041 Nunc
2784 5000 2913 5040 vero
2938 4986 3180 5040 catamiti
3208 4984 3371 5055 hujus
3397 5001 3478 5040 sc-

1891 5077 2140 5147 pulcrum
2168 5118 2183 5142 ,
2218 5075 2439 5131 Antinoi
2486 5077 2747 5147 templum
2793 5085 2848 5133 et
2883 5073 3140 5149 oppidum
3166 5085 3272 5132 est.
3314 5074 3472 5131 Enim

1890 5183 2053 5235 vero,
2091 5167 2293 5231 simili,
2328 5166 2558 5237 opinor,
2613 5168 2810 5238 templa
2842 5168 3204 5238 sepulcraque
3236 5167 3475 5221 admira-

1893 5260 2039 5315 tione
2066 5269 2472 5329 prosequuntur
2513 5276 2526 5313 :
2563 5260 2872 5332 pyramides
2896 5260 3097 5331 quippe
3123 5300 3139 5325 ,
3172 5258 3471 5321 mausolca,

1893 5460 2004 5583 δοῗ,
2040 5460 2135 5525 ait,
2154 5457 2530 5522 Ἀπολλώνιος,
2560 5458 2654 5512 καὶ
2682 5458 2864 5529 Ζήνων
2897 5453 3121 5509 Μύνδιοι
3153 5469 3475 5526 γραμματι-

1893 5549 1954 5583 κο
1983 5571 1996 5583 .

1889 5549 1996 5584 κοι.

1962 5622 2071 5693 (95)
2111 5621 2249 5693 Met?
2277 5621 2469 5689 ὀλίγα.
2514 5618 2626 5672 lino
2650 5633 2781 5693 sane
2810 5617 2917 5693 πρὸ
2942 5617 3171 5693 πολλῶν,
3203 5629 3473 5693 namane

1888 5687 2196 5765 sequuntur
2231 5687 2517 5757 habentur,
2552 5704 2605 5759 p.
2640 5688 2708 5742 16
2732 5688 2794 5755 C,
2822 5687 2995 5744 Clem.
3021 5687 3433 5744 Greco-Latini.

3039 5828 3076 5888 5

3410 288 3506 343 1.38
3618 352 3621 353 ν
