3832 6216
351 228 456 285 159
536 236 541 241 ⁷

989 226 1262 284 EUSEBll
1296 226 1780 286 CESARIENSIS
1818 227 1970 287 OPB.
2007 227 2192 286 PARS
2229 228 2296 285 ll.
2329 259 2397 269 —
2421 225 2926 284 APOLOGETICA.

3521 227 3610 281 MO

351 341 645 416 labyrinthi
683 384 698 409 ,
743 343 847 399 alia
873 344 1122 414 quaedam
1157 353 1287 400 sunt
1329 343 1527 415 templa
1567 354 1910 401 mortuorum

2036 346 2243 400 Φειδίου
2288 346 2444 409 Ζεὺς.
2482 362 2503 397 ι
2554 342 2741 397 Ταῦτα
2805 343 2904 414 μὲν
2962 334 3134 406 οὗτος.
3184 342 3259 396 Σὺ
3299 341 3358 394 δὲ
3409 340 3499 396 τὸν
3530 343 3613 398 λόο

351 437 813 509 quemadmodum
860 437 970 504 illa,
1005 436 1233 493 deorum
1286 437 1561 506 sepulcra.
1615 456 1635 489 ι
1679 438 1935 508 Idemque

350 529 516 600 paulo
541 538 687 600 post.
712 548 731 581 ι
756 532 866 600 Age
891 544 1040 593 vero,
1064 529 1258 599 inquit,
1278 529 1576 583 certamina
1601 545 1819 601 quoque
1843 546 1934 586 ve-

350 630 466 676 stra
516 621 707 690 paucis
746 622 1029 687 obeamus,
1064 636 1129 674 ac
1157 620 1489 690 sepulcrales
1517 619 1652 675 istos
1696 637 1935 677 conven-

348 722 459 778 tus,
485 714 764 779 lsthmica,
791 712 1021 779 Nemea,
1039 712 1255 781 Pythia,
1279 713 1527 786 Olympia
1542 715 1795 784 denique,
1827 715 1934 770 dis-

348 802 610 871 sipemus.
653 801 900 875 Pythone
932 804 1152 872 quidem
1175 842 1190 868 ,
1223 803 1478 875 Pythium
1519 802 1808 859 draconem
1842 821 1932 860 ve-

348 900 639 957 nerantur,
689 895 1068 965 serpentisque
1094 904 1424 951 conventum
1454 898 1674 953 nomine
1709 897 1932 970 Pythio-

347 1001 467 1039 rum
484 987 752 1042 indicunt.
772 988 928 1058 Apud
952 989 1216 1045 Isthmum
1234 999 1437 1058 autem,
1454 1007 1605 1063 mare
1630 993 1929 1063 ejectitium

345 1090 411 1130 ac
435 1077 747 1133 miserabile
796 1079 1029 1134 cadaver
1063 1078 1304 1149 exspuit,
1330 1060 1561 1149 jamque
1602 1060 1925 1135 Melicertem

345 1168 573 1223 Isthmia
603 1168 994 1226 lamentantur.
1048 1169 1265 1225 Nemea:
1290 1170 1564 1234 similiter,
1599 1187 1722 1225 cum
1759 1172 1926 1226 alium

346 1259 630 1329 pusionem
670 1261 1064 1315 Archemorum
1092 1259 1506 1326 condidissent,
1540 1260 1705 1331 hujus
1746 1262 1901 1332 sepul

343 1355 492 1411 crale
523 1364 800 1410 certamen
847 1353 1050 1410 Nemea
1083 1362 1496 1425 nuncuparunt.
1551 1353 1679 1409 Pisa
1709 1369 1929 1425 quoque

343 1445 486 1513 apud
516 1459 634 1510 vos,
680 1458 713 1499 o
740 1443 1055 1498 Graecorum
1086 1458 1266 1514 genus
1318 1444 1670 1510 universum,
1722 1444 1928 1515 auriga)

346 1531 564 1603 Phrygii
610 1532 855 1587 tumulus
881 1541 1008 1587 est:
1044 1541 1210 1602 atque
1253 1531 1535 1602 Olympia,
1574 1532 1677 1587 hoc
1708 1542 1792 1588 est
1825 1531 1925 1589 Pe~

343 1624 482 1693 lopis
514 1621 763 1690 inferias,
787 1620 1082 1678 Phidiacus
1112 1623 1215 1677 sibi
1246 1621 1463 1694 Jupiter
1486 1620 1929 1677 "indicatallat'-

340 1722 499 1772 tenus
574 1713 848 1770 Clemens.
911 1713 992 1769 Tu
1025 1730 1158 1770 vero
1200 1716 1537 1786 superiorem
1587 1724 1830 1770 nostram
1862 1717 1930 1772 de
1959 1701 2001 1755 Β

340 1804 724 1873 superstitioso
767 1819 954 1860 errore
1003 1804 1428 1875 disputationem
1461 1806 1533 1860 ab
1566 1807 1725 1861 initio
1769 1823 1927 1877 repe-

340 1903 481 1957 tens,
501 1902 669 1949 totam
701 1895 845 1950 hanc
867 1895 1194 1950 miserorum
1221 1896 1626 1966 prolapsionem
1647 1914 1759 1952 uno
1779 1913 1930 1969 aspe-

339 1993 431 2040 ctu
460 1986 689 2041 intuere.
727 1985 804 2041 Ac
828 1987 1064 2056 primum
1089 1988 1307 2058 quidem
1331 1989 1593 2044 eximium
1633 1991 1767 2046 illud
1801 2007 1928 2049 esse

339 2092 404 2132 ac
427 2078 667 2134 salutare
700 2078 757 2133 in
784 2079 976 2149 primis
998 2118 1015 2145 ,
1064 2081 1210 2151 quod
1235 2080 1333 2136 Dei
1365 2097 1562 2137 nomen
1599 2084 1929 2139 essentiam-

339 2184 449 2241 que
478 2170 774 2243 signiﬁcat,
824 2172 999 2243 ipsius
1048 2181 1259 2229 naturae
1289 2175 1495 2240 ductu,
1530 2176 1927 2249 impressisque

338 2262 527 2317 animo
546 2278 653 2333 per
709 2278 830 2319 sese
858 2264 1198 2331 notionibus,
1232 2265 1318 2320 vel
1348 2265 1608 2321 divinitus
1637 2269 1818 2338 potius
1844 2271 1928 2324 iu-

340 2356 561 2426 spiratis
586 2396 601 2421 ,
636 2371 800 2411 nemo
829 2372 937 2412 non
966 2356 1220 2428 intelligit
1246 2376 1258 2411 :
1299 2357 1406 2414 hoc
1435 2360 1582 2414 enim
1611 2377 1804 2418 omnes
1828 2378 1927 2434 po-

337 2450 451 2520 puli
499 2449 780 2505 communi
827 2450 1064 2520 quodam
1111 2451 1347 2506 rationis
1395 2467 1560 2509 sensu
1595 2470 1921 2526 praecepere,

337 2557 463 2597 cum
497 2541 549 2597 id
573 2542 732 2597 omni
755 2542 942 2597 animo
968 2543 1181 2598 ratione
1204 2552 1259 2598 et
1290 2544 1646 2616 intelligentia
1673 2549 1920 2618 praedito,

337 2635 478 2690 idem
509 2634 674 2706 hujus
697 2635 1070 2691 universitatis
1099 2635 1305 2691 Artifex
1328 2640 1671 2697 naturalibus
1691 2642 1921 2711 quihus-

336 2727 463 2781 dam
494 2726 923 2797 cogitationibus
956 2727 1239 2786 inseverit.
1296 2729 1363 2785 At
1390 2746 1543 2795 vero,
1574 2748 1920 2803 nequaquam

336 2820 405 2874 ad
438 2818 706 2889 ejusmodi
742 2820 1022 2892 religionis
1068 2822 1381 2877 institutum
1426 2825 1738 2892 adhazsere,
1773 2828 1921 2897 quod

334 2913 565 2969 rationis
597 2913 779 2969 lumen
808 2913 1146 2969 ostendebat.
1174 2915 1280 2986 73
1316 2914 1453 2971 Nam
1487 2933 1630 2973 unus
1662 2917 1921 2975 fortassis

334 3004 539 3061 alterve
569 3006 854 3072 duntaxat,
906 3014 1003 3060 aut
1044 3005 1090 3060 si
1135 3008 1228 3077 qui
1252 3008 1373 3074 alii,
1417 3024 1549 3064 sane
1579 3010 1918 3079 paucissimi,
1947 3044 1990 3102 α

338 3114 474 3170 quos
498 3097 866 3153 Hebraeorum
909 3098 1103 3153 littera:
1130 3099 1510 3165 celebrarunt,
1541 3118 1664 3156 cunt
1695 3104 1761 3156 ad
1789 3103 1915 3157 nul-

333 3189 444 3245 lam
472 3204 657 3244 rerum
682 3203 895 3251 earum,
927 3204 1053 3259 quae
1076 3189 1251 3245 oculis
1278 3202 1632 3261 usurpantur,
1662 3194 1915 3249 haustam

333 3279 536 3336 animis
568 3282 636 3335 de
667 3280 854 3335 divino
883 3277 1121 3335 Numine
1143 3281 1420 3336 notionem
1446 3282 1763 3352 aﬂixissent,
1820 3287 1915 3341 sed

332 3388 459 3433 eam
487 3372 555 3427 ad
579 3387 837 3443 magnum
872 3372 1024 3427 illum
1052 3389 1115 3428 ac
1142 3383 1528 3444 praepotentem
1571 3377 1720 3432 orbis
1751 3378 1915 3448 hujus

334 3463 579 3519 universi
606 3464 915 3519 molitorem
942 3503 958 3529 ,
993 3465 1063 3520 ab
1100 3480 1293 3521 eorum
1339 3482 1462 3537 quae
1504 3468 1607 3522 sub
1636 3478 1911 3539 aspectqu

334 3556 542 3612 cadunt
573 3556 820 3611 omnium
849 3558 1043 3626 turba,
1092 3561 1369 3616 constanti
1408 3576 1474 3615 ac
1517 3569 1661 3615 certa
1715 3562 1915 3617 mentis

334 3650 651 3706 inductione
676 3652 1049 3720 sustulissent,
1081 3654 1330 3708 eumdem
1357 3669 1526 3708 unum
1560 3669 1685 3708 esse
1719 3652 1911 3721 Deum,

331 3741 607 3811 simulque
650 3742 896 3797 omnium
942 3753 1307 3809 servatorem,
1342 3761 1407 3801 ac
1438 3746 1616 3801 solum
1642 3749 1910 3801 bonorum

333 3841 609 3887 auctorem
662 3834 975 3904 purioribus
1002 3835 1396 3906 intelligentia
1437 3836 1614 3891 oculis
1659 3836 1909 3906 pervide-

332 3932 483 3977 runt.
518 3924 717 3980 Cteteri
753 3936 935 3981 autem
981 3919 1268 3996 multiplici
1305 3929 1569 3997 variaque
1600 3928 1911 3983 animorum

333 4015 388 4068 in
443 4016 677 4088 caligine
719 4017 982 4085 volutati,
1030 4019 1088 4072 in
1120 4018 1416 4087 impietatis
1461 4021 1783 4075 barathrum
1834 4019 1910 4073 ita

331 4117 679 4174 corruerunt,
711 4117 769 4163 ut
795 4108 1079 4163 brutorum
1114 4111 1474 4165 animantium
1509 4111 1639 4177 ritu,
1671 4110 1908 4177 honesti,

330 4200 483 4258 utilis
515 4199 755 4269 bonique
788 4199 1055 4256 rationem
1110 4216 1219 4255 una
1247 4202 1532 4257 oculorum
1581 4211 1637 4257 et
1665 4203 1910 4272 corporis

330 4290 608 4360 voluptate
636 4289 981 4345 metirentur.
1022 4289 1243 4361 Itaque,
1270 4292 1315 4346 si
1353 4291 1449 4362 qui
1479 4292 1560 4345 vel
1590 4306 1780 4347 eorum
1812 4294 1911 4346 ali-

2043 455 2140 508 γον
2202 438 2263 505 ἐξ
2325 437 2501 511 ἀρχῆς
2569 435 2855 492 ἀναλαόὼν
2904 435 3004 507 τῆς
3054 434 3446 507 δεισιδαίμονος
3488 435 3617 492 πλά-

2036 550 2167 604 νης,
2247 531 2542 601 ἐπίσκεψαι
2592 528 2691 602 τὴν
2748 529 3066 583 διάπτωσιν.
3134 527 3300 582 Φύσει
3364 529 3462 599 μὲν
3528 525 3613 583 οὖν

2036 626 2132 680 καὶ
2195 624 2597 687 αὑτοδιδάκτοις
2662 621 2915 686 ἐννοίαις,
2980 620 3178 692 μᾶλλον
3232 620 3290 674 δὲ
3356 619 3617 674 θεοδιδάκ-

2035 733 2168 781 τοις,
2200 714 2363 769 καλόν
2392 732 2446 768 τι
2488 714 2584 768 καὶ
2614 712 2890 783 ὠφέλιμον
2918 711 3230 783 τυγχάνειν,
3261 710 3323 764 τὸ
3360 713 3613 783 σημαῖνον

2032 808 2130 876 τὴν
2160 807 2251 862 τοῦ
2268 803 2405 860 Θεοῦ
2435 806 2804 879 προσηγορίαν
2834 822 2893 858 τε
2926 806 3021 858 καὶ
3042 804 3251 858 οὐσίαν.
3287 804 3495 868 Πάντες
3512 802 3613 876 γὰρ

2033 893 2310 967 ἄνθρωποι
2352 897 2551 957 κοινοῖς
2601 893 2880 964 λογισμοῖς
2915 892 3338 965 προειλήφεσαν,
3367 892 3463 946 τοῦ
3511 892 3612 946 τῶν

2032 985 2168 1062 ὅλων
2229 984 2572 1059 Δημιουργοῦ
2674 985 2834 1039 τοῦτο
2880 986 3029 1057 πάσῃ
3081 986 3272 1057 λογικῇ
3320 986 3415 1039 καὶ
3459 987 3616 1057 νοερᾷ

2030 1081 2176 1154 ψυχῇ
2277 1084 2534 1153 φυσικαῖς
2590 1082 2823 1144 ἐννοίαις
2879 1078 3309 1150 ὑποσπείραντος
3345 1094 3359 1107 ο
3401 1078 3460 1131 οὐ
3512 1077 3612 1148 μὴν

2030 1173 2127 1226 καὶ
2181 1176 2248 1245 τῇ
2294 1174 2613 1247 προαιρέσει
2659 1177 2725 1245 τῇ
2769 1172 2910 1226 κατά
2957 1170 3116 1238 λόγον
3160 1169 3472 1241 ἐκέχρηντο.
3523 1163 3612 1232 Εἷς

2033 1263 2132 1335 μὲν
2181 1266 2290 1338 γάρ
2339 1282 2464 1331 που,
2512 1265 2655 1335 τάχα
2698 1282 2783 1329 τις
2816 1266 2908 1319 καὶ
2954 1264 3234 1337 δεύτερος,
3270 1263 3302 1334 ἢ
3344 1262 3435 1316 καί
3476 1278 3613 1324 τινες

2028 1356 2177 1411 ἄλλοι
2205 1356 2401 1428 κομιδῆ
2452 1356 2693 1428 βραχεῖς,
2725 1350 2799 1410 ὧν
2849 1355 2945 1426 τὴν
2995 1356 3214 1427 μνήμην
3242 1354 3312 1408 τά
3352 1341 3613 1426 Ἐὅραίων

2031 1453 2279 1524 περιέχει
2327 1449 2506 1519 λόγια,
2552 1452 2631 1514 εἰς
2674 1449 2825 1503 οὐδὲν
2872 1448 2979 1501 τῶν
3032 1446 3325 1519 ὁρωμένων
3371 1445 3610 1518 ἐφαρμό-

2029 1561 2223 1609 σαντες
2262 1542 2363 1615 τὴν
2402 1542 2530 1614 περὶ
2561 1540 2696 1595 Θεοῦ
2727 1541 2963 1594 ἔννοιαν·
2999 1540 3380 1611 ἀδιαστρόφοις
3409 1539 3465 1592 δὲ
3504 1542 3611 1604 τοῖς

2027 1636 2309 1708 λογισμοῖς
2336 1635 2429 1689 ἐπὶ
2448 1634 2539 1689 τὸν
2567 1633 2661 1687 τοῦ
2693 1633 3007 1704 σύμπαντος
3038 1632 3245 1703 κόσμου
3262 1630 3609 1703 δημιουργὸν,

2029 1728 2124 1781 καὶ
2160 1727 2251 1781 τὸν
2297 1726 2468 1798 μέγαν
2493 1725 2602 1778 τῶν
2635 1725 2771 1779 ὅλων
2810 1724 3062 1795 ποιητὴν,
3094 1724 3158 1775 ὲκ
3185 1722 3296 1778 τῶν
3329 1722 3608 1794 ὁρωμένων

2029 1819 2418 1889 ἀναγαγόντες,
2455 1817 2691 1882 διανοίας
2737 1817 2949 1889 ὄμμασι
2991 1814 3423 1886 κεκαθαρμένοις
3455 1814 3612 1885 μόνον

2027 1909 2190 1962 αὐτὸν
2229 1905 2365 1962 εἶναι
2403 1908 2572 1973 Θεὸν,
2619 1908 2710 1962 τὸν
2749 1907 2965 1961 πάντων
3006 1908 3234 1979 Σωτῆρα
3255 1944 3270 1969 ,
3313 1904 3408 1957 καὶ
3453 1902 3610 1974 μόνον

2027 1998 2249 2066 ἀγαθῶν
2297 1999 2499 2072 δοτῆρα
2542 1997 2909 2068 συνενόησανο
2950 1998 2999 2050 οἱ
3042 1995 3100 2049 δὲ
3145 1996 3342 2059 λοιποὶ,
3387 1992 3609 2062 παντοία

2025 2090 2203 2164 ψυχῆς
2246 2091 2564 2163 ἀμαυρώσει
2611 2089 3063 2162 περιτραπέντες,
3094 2087 3236 2143 κατά
3280 2085 3441 2156 βυθὸν
3485 2085 3610 2138 ἀσε-

2027 2182 2177 2247 ϐείας
2201 2183 2526 2255 ἠνέχθησαν,
2561 2181 2702 2236 ὥστε
2727 2180 2907 2254 θηρῶν
2935 2180 3142 2252 ἀγρίων
3167 2178 3387 2253 τρόπον,
3421 2175 3481 2229 τὸ
3513 2192 3609 2228 κα-

2025 2274 2116 2329 λὸν
2147 2275 2243 2329 καὶ
2291 2275 2569 2347 συμφέρον
2613 2274 2706 2328 καὶ
2745 2273 2947 2342 ἀγαθὸν
2986 2272 3180 2343 μέχρις
3204 2270 3484 2342 .όμμάτων
3515 2267 3609 2323 καὶ

2028 2368 2231 2437 σαρκὸς
2273 2367 2468 2439 ἡδονῆς
2509 2366 2724 2437 στῆσαι.
2762 2364 2946 2437 Ταύτῃ
2994 2364 3051 2418 δὲ
3077 2362 3221 2418 κατὰ
3247 2363 3315 2416 τά
3348 2379 3608 2435 προειρη-

2029 2461 2189 2533 μένα,
2215 2459 2341 2521 τοὺς
2363 2457 2471 2511 τῶν
2493 2456 2893 2529 νενομισμένων
2919 2454 3013 2508 τοῦ
3037 2454 3288 2527 σώματος
3311 2454 3490 2509 καλῶν
3513 2455 3607 2507 καὶ

2025 2552 2309 2625 χρησίμων
2343 2549 2594 2622 εὑρετὰς,
2630 2548 2662 2619 ἢ
2699 2548 2791 2602 καὶ
2817 2548 3085 2611 δυνάστας
3111 2548 3263 2610 τινάς
3295 2547 3391 2601 καὶ
3419 2547 3609 2617 τυράν-

2024 2659 2168 2705 νους,
2195 2641 2227 2712 ἣ
2254 2642 2349 2694 καί¹
2371 2640 2575 2711 γόητας
2601 2640 2696 2692 καὶ
2729 2639 3058 2710 φαρμακέας
3080 2637 3297 2710 ἄνδρας,
3323 2638 3424 2709 τὴν
3449 2636 3609 2705 φύσιν

2025 2733 2251 2805 θνητοὺς
2302 2734 2397 2787 καὶ
2443 2731 2812 2804 ἀνθρωπίναις
2857 2732 3230 2803 κεχρημένους
3280 2730 3604 2800 συμφοραῖς,

2021 2824 2097 2889 ὡς
2153 2823 2376 2894 ἀγαθῶν
2420 2825 2725 2896 χορηγοὺς,
2768 2824 3021 2895 σωτῆρας
3067 2823 3163 2876 καὶ
3209 2821 3364 2885 θεοὺς
3407 2824 3609 2890 ἀναγο-

2027 2917 2235 2990 ρεύειν,
2270 2915 2371 2987 τὴν
2413 2914 2708 2986 σεϐάσμιον
2748 2913 2956 2969 ἔννοιαν
2997 2912 3240 2984 φυσικῶς
3289 2916 3472 2978 αὐτοῖς
3519 2917 3609 2968 ὲν·-

2025 3008 2393 3082 υπάρχουσαν,
2425 3009 2510 3076 ἐφ’
2551 3005 2645 3070 οὒς
2685 3006 2933 3078 ἐνόμιζον
2967 3006 3262 3078 εὐεργέτας
3294 3007 3611 3077 μετατεθει-

2025 3098 2200 3163 κότες.
2234 3098 2483 3170 Τοσαύτη
2519 3099 2563 3150 δ’
2589 3098 2698 3170 ἀρα
2728 3100 2968 3169 συνεῖχεν
3001 3098 3198 3161 αὐτοὺς
3223 3098 3436 3169 φρενῶν
3469 3099 3610 3152 ἀπο-

2025 3192 2246 3264 πληξία,
2275 3193 2351 3256 ὡς
2387 3191 2550 3263 μηδὲν
2585 3190 2693 3245 τῶν
2727 3189 2834 3262 πλη
2844 3189 3235 3261 μμελουμένων
3274 3192 3387 3254 τοῖς
3430 3189 3612 3243 θεολο-

2024 3285 2309 3355 γουμένοις
2356 3282 2791 3351 ὑπολογίζεσθαι,
2854 3282 2976 3354 μηδ’
3034 3281 3295 3354 ὲρυθριᾷν
3350 3282 3444 3334 ἐπί⁵
3495 3284 3610 3346 τοῖς

2024 3374 2264 3446 αἰσχρῶς
2296 3374 2423 3445 περὶ
2449 3372 2627 3427 αὐτῶν
2661 3371 3072 3444 φημιζομένοις·
3102 3371 3173 3425 τὰ
3200 3372 3377 3425 πάντα
3403 3370 3459 3424 δὲ
3482 3372 3610 3435 τοὺς

2024 3468 2223 3540 ἀνδρας
2270 3467 2358 3521 διὰ
2389 3466 2488 3530 τὰς
2532 3466 2663 3538 παρ’
2691 3464 2872 3519 αὐτῶν
2905 3465 3287 3535 παρεχομένας
3317 3462 3604 3533 ὡφελείας,

2022 3560 2056 3631 ἢ
2084 3560 2178 3613 καὶ
2205 3558 2292 3612 διά
2317 3557 2417 3621 τάς
2449 3558 2572 3611 τότε
2612 3557 2828 3630 πρῶτον
2860 3556 3260 3627 συνισταμένας
3288 3552 3608 3615 δυναστείας

2020 3668 2082 3705 τε
2103 3651 2199 3705 καὶ
2220 3649 2541 3724 τυραννίδας
2564 3648 2915 3719 ἀποθαυμάξε
2925 3665 2993 3701 ιν.
3011 3647 3211 3718 Νόμιον
3240 3644 3391 3715 γοῦν,
3414 3644 3608 3714 ὥσπερ

2022 3744 2158 3816 ἔφην
2207 3744 2309 3815 ἤδη
2337 3742 2621 3816 πρότερον,
2637 3740 2860 3813 μηδέπω
2881 3740 3003 3792 τότε
3034 3739 3090 3792 ἐν
3117 3736 3422 3810 ἀνθρώποις
3452 3733 3611 3789 πολι-

2021 3836 2348 3909 τευομένων,
2389 3836 2509 3907 μηδ’
2539 3835 2632 3888 ἐπὶ
2671 3836 2784 3898 τοῖς
2812 3832 3282 3905 ἁμαρτανομένοις
3326 3829 3607 3902 ἁμαρτίας

2021 3927 2433 4001 ἀπῃωρημένης
2478 3924 2619 3998 (96),
2655 3927 2899 3997 μοιχείας
2941 3926 3036 3979 καὶ
3076 3924 3321 3995 ἀρρένων
3374 3921 3606 3992 φθορὰς,

2019 4017 2320 4089 ὲκθέσμους
2355 4034 2416 4071 τε
2457 4018 2552 4071 καὶ
2603 4017 2954 4090 παρανόμους
2997 4017 3239 4086 γάμους,
3289 4013 3610 4085 μιαιφονίας

2019 4128 2078 4164 τε
2100 4112 2195 4164 καὶ
2226 4109 2639 4183 πατροκτονίας,
2660 4110 2866 4163 τέκνων
2893 4127 2952 4162 τε
2977 4109 3071 4161 καὶ
3091 4106 3334 4176 ἀδελφῶν
3362 4105 3606 4175 σφαγάς,

2019 4203 2113 4256 καὶ
2148 4201 2252 4274 μὴν
2283 4204 2378 4255 καὶ
2418 4201 2690 4273 πολέμους
2718 4202 2812 4255 καὶ
2841 4202 3059 4265 στάσεις
3090 4199 3485 4271 πεπραγμένας
3515 4196 3610 4250 δν-

2017 4310 2124 4357 τως
2180 4296 2293 4358 τοῖς
2346 4294 2568 4356 οἰκείοις
2617 4293 2971 4365 προστάταις,
3021 4292 3115 4356 οὒς
3162 4290 3316 4354 θεοὺς
3371 4288 3610 4361 ήγοῦντό

332 4383 466 4454 quid
498 4381 838 4446 invenirent,
872 4397 996 4452 qua;
1016 4380 1263 4437 fovendo
1292 4383 1646 4453 curandoque
1692 4383 1909 4452 corpori

2027 4401 2073 4437 ιε
2120 4385 2213 4437 καὶ
2266 4384 2596 4445 ἀπεκάλουν,
2630 4383 2820 4455 ῶσπερ
2865 4384 2922 4436 έν
2971 4383 3124 4454 μέρει
3158 4381 3610 4453 κατορθωμάτων

331 4475 487 4529 utilia
520 4481 864 4544 putarentur,
897 4473 979 4528 vel
1009 4474 1298 4544 imperium
1322 4484 1426 4530 aut
1449 4474 1790 4546 tyrannidem
1820 4489 1915 4529 oc-

331 4575 596 4638 cuparent
622 4609 637 4634 ,
682 4567 768 4622 vel
802 4567 1092 4637 praestigiis
1130 4568 1519 4636 veneliciisque
1552 4575 1909 4636 praestarent;

331 4675 448 4728 eos,
467 4670 525 4715 ut
541 4661 794 4729 superius
810 4661 1258 4724 commemoravi,
1277 4661 1402 4715 licet
1420 4660 1627 4729 alioqui
1651 4659 1814 4714 morti
1845 4675 1910 4714 ac

330 4752 557 4823 reliquis
582 4751 835 4807 humana:
854 4761 1064 4807 natura}
1092 4751 1311 4806 casibus
1341 4749 1628 4814 obnoxios,
1646 4757 1907 4820 tanquam

329 4840 459 4912 eos,’
484 4860 517 4900 ι
543 4843 744 4914 quibus
776 4859 901 4899 cum
944 4843 1153 4913 reliqua
1197 4842 1362 4906 bona,
1410 4850 1530 4896 tum
1564 4841 1738 4911 ipsam
1772 4856 1911 4911 quo-

330 4954 438 5009 que
470 4938 702 4993 salutem
749 4936 1041 5000 baberent,
1079 4936 1325 5004 adeoque
1363 4943 1624 5004 tanquam
1658 4934 1789 4989 deos
1816 4946 1909 4988 ce-

331 5032 615 5085 lebrarunt
639 5071 655 5095 ,
688 5044 755 5084 ac
782 5028 1147 5091 venerandam
1181 5027 1330 5081 illam
1378 5035 1776 5097 augustamque
1809 5040 1910 5080 no-

333 5123 535 5175 tionem
556 5163 572 5187 ,
613 5135 779 5190 quam
807 5135 838 5174 a
868 5128 1062 5174 natura
1089 5119 1388 5173 hauserant
1435 5125 1599 5185 atque
1624 5130 1907 5184 expresse-

332 5219 477 5276 rant,
511 5210 566 5264 in
595 5225 721 5278 eos,
774 5225 911 5280 quos
940 5208 1210 5279 ejusmodi
1241 5208 1627 5263 beneﬁciorum
1658 5215 1910 5261 auctores

333 5314 452 5353 esse
498 5303 823 5370 censebant,
874 5301 1246 5357 contulerunt.
1286 5298 1396 5355 Eos
1426 5308 1686 5369 praeterea
1723 5305 1909 5352 tantus

331 5393 642 5451 animorum
670 5404 861 5467 stupor
889 5396 1111 5459 invasit,
1156 5403 1216 5449 ut
1242 5393 1428 5449 omnia
1457 5400 1908 5448 consecratoruni

408 5529 524 5599 (96)
573 5530 878 5600 Ἀμαρτιας
922 5529 1375 5601 ἀπῃωρτυιένης.
1420 5525 1562 5582 Verti
1590 5524 1814 5597 perinde
1842 5539 1908 5580 ac

333 5601 382 5659 si
412 5602 720 5682 haberetur,
752 5601 1265 5682 rgunpiaidnnmp.

402 5671 516 5744 (97)
560 5665 947 5740 Θεραπεῦσάι.
993 5670 1103 5727 lloe
1134 5665 1241 5737 ’ést',
1274 5668 1487 5741 opinor,
1520 5665 1669 5741 quod
1699 5665 1910 5723 Plutar-
1934 5754 1965 5759 ὓ

2013 4476 2108 4529 καὶ
2135 4475 2500 4547 ἀνδραγαθίας
2525 4475 2992 4547 ἀπεμνημόνευον,
3016 4475 3115 4545 τὴν
3143 4473 3345 4527 τούτων
3378 4474 3609 4545 μνήμην

2011 4567 2088 4630 ὼς
2113 4567 2325 4638 σεμνῶν
2358 4568 2454 4622 καὶ
2482 4566 2744 4639 ἀνδρείων
2771 4568 2884 4630 τοῖς
2909 4564 3183 4635 ὀψιγόνοις
3215 4564 3607 4629 ἀπολιπόντες.

2012 4656 2251 4710 Τοιαῦτα
2290 4653 2359 4729 ἦν
2404 4656 2475 4710 τά
2512 4657 2612 4728 τῆς
2652 4655 2887 4719 παλαιᾶς
2933 4655 3231 4724 θεολογίας,
3258 4656 3326 4726 ἣν
3363 4654 3612 4726 μεταϐα-

2011 4749 2194 4813 λόντες
2224 4749 2336 4802 νέοι
2371 4749 2535 4814 τινες,
2570 4749 2698 4820 χθὲς
2724 4749 2820 4801 καὶ
2860 4747 3050 4820 πρώην
3089 4748 3409 4817 ὲπιφυέντες
3451 4746 3613 4816 λογι-

2011 4840 2249 4912 κώτερόν
2279 4858 2341 4895 τε
2375 4841 2681 4911 φιλοσοφεῖν
2722 4839 3034 4911 αὐχοῦντες,
3067 4839 3168 4911 τὴν
3192 4839 3257 4910 δὴ
3292 4839 3613 4909 φυσικωτέ-

2015 4948 2114 5004 ραν
2137 4932 2239 5002 τῆς
2272 4934 2401 5006 περὶ
2445 4932 2583 4985 θεῶν
2626 4931 2868 5005 ἱστορίας
2894 4929 3053 4995 δόξαν
3085 4933 3469 5002 εἰσηγήσαντο,
3507 4944 3615 4985 σε·

2015 5024 2280 5097 μνοτέρας
2310 5024 2714 5096 εὑρεσιολογίας
2758 5027 2870 5089 τοῖς
2920 5022 3109 5094 μύθοις
3136 5025 3616 5094 προσεπινοήσαν-

2010 5130 2122 5180 τες,
2148 5117 2243 5169 καὶ
2287 5117 2425 5188 μήτε
2453 5116 2631 5186 πάντη
2672 5116 2782 5170 τῶν
2808 5114 3165 5187 προπατόρων
3189 5114 3250 5167 τὸ
3276 5112 3615 5184 πλημμελὲς

2008 5205 2108 5276 τῆς
2144 5204 2463 5268 δυσσεϐείας
2492 5206 2841 5276 ἐκφυγόντες,
2879 5206 3004 5276 μήτ’
3028 5200 3096 5259 αὖ
3124 5204 3287 5258 πάλιν
3312 5202 3411 5274 τὴν
3437 5203 3615 5257 αὐτό⁶

2010 5298 2103 5352 θεν
2152 5297 2593 5370 προφαινομένην
2643 5297 2751 5351 τῶν
2810 5297 3247 5368 θεολογουμένων
3295 5293 3619 5367 μοχθηρίαν

2010 5391 2423 5462 ὑπομείναντες.
2459 5390 2807 5462 Θεραπεῦσαι
2851 5391 2961 5464 (9'7)
2990 5391 3034 5443 δ’
3065 5385 3161 5443 οὖν
3203 5391 3352 5461 ὅμως
3394 5387 3508 5442 οἵδε
3543 5386 3619 5442 τὸ

2009 5526 2168 5599 chus,
2205 5525 2499 5599 ᾼιεφιιηᾴη
2534 5528 2808 5599 eleganter
2852 5527 3005 5599 dixit,
3039 5526 3344 5599 τὺνᾘμῦθον
3376 5524 3618 5599 ἀνασώ-

2011 5598 2123 5660 ζειν
2148 5597 2284 5668 πρὸς
2318 5597 2596 5668 ἀλήθειαν,
2623 5595 2722 5653 ἶώἱ
2776 5597 3019 5666 naphtha
3061 5595 3357 5668 delibutum
3394 5595 3622 5651 Medea:

2011 5667 2273 5725 coronam
2337 5667 2528 5736 fuisse,
2580 5668 2874 5725 nonnullos
2918 5668 3131 5738 opinari
3181 5667 3365 5734 tradit,
3411 5680 3623 5733 eoque
