3840 6216
254 274 356 329 l-ll

1424 284 1750 341 PRAEPAR.
1794 287 2048 345 EVANG.
2091 288 2218 344 ΗΒ.
2260 289 2325 345 ll.

3438 306 3536 360 142

246 395 527 468 πατρικὸν
584 394 887 468 ἁμάρτημα
953 398 1416 470 προθυμηθέντες,
1469 404 1561 456 ἐπὶ
1617 402 1816 472 φυσικὰ

1955 405 2054 460 abs
2079 421 2198 462 sese
2227 407 2517 464 numinum
2548 409 2753 465 scelera
2788 410 2946 468 facile
2974 422 3310 484 paterentur;
3339 432 3439 474 nec
3466 421 3534 474 ad

248 487 540 558 διηγήσεις
574 490 671 542 καὶ
710 488 943 561 θεωρίας
967 491 1094 554 τοὺς
1121 492 1328 563 μύθους
1357 495 1847 565 μετεσκευάσαντο,

250 578 325 632 τὰ
348 578 623 651 θρεπτικά
651 581 746 634 καὶ
776 578 1048 650 αὐξητικά
1081 582 1179 652 τῆς
1202 582 1310 636 τῶν
1345 585 1615 655 σωμάτων
1637 585 1850 654 φύσεως

249 669 408 723 ταῦτ’
436 666 579 725 εἶναι
609 673 677 726 τὰ
705 671 795 725 διὰ
821 671 931 724 τῶν
965 671 1151 743 μύθων
1179 674 1503 746 δηλούμενα,
1537 678 1614 741 ὡς
1654 677 1716 748 δὴ
1750 662 1851 748 μί’-

254 765 589 836 στικὼτερον
633 767 1037 837 κομπάσαντες.
1095 769 1288 822 Ἔνθεν
1329 770 1572 833 ἀνιόντες
1606 771 1702 825 καὶ
1741 771 1850 824 οἵδε

251 857 323 910 τα
362 863 604 929 στοιχεῖα
630 859 724 912 τοῦ
751 862 959 932 κόσμου
987 863 1141 926 θεοὺς
1168 863 1545 933 ἐπεφήμισαν·
1563 863 1663 916 οὒκ
1678 863 1850 916 αὐτὸν

253 952 417 1022 μόνον
445 951 620 1023 ἥλιον,
654 954 750 1006 καὶ
774 953 1030 1025 σελήνην,
1068 955 1163 1007 καὶ
1194 954 1391 1025 ἄστρα,
1414 954 1644 1026 ’προσέτι
1667 955 1725 1009 δὲ
1747 954 1851 1024 γῆν

251 1043 351 1096 καὶ
391 1041 560 1114 ὕδωρ,
591 1043 731 1115 ἀέρα
779 1062 839 1097 τε
879 1044 974 1097 καὶ
1025 1044 1157 1116 πῦρ,
1187 1046 1257 1099 τά
1293 1062 1352 1097 τε
1387 1047 1453 1099 ἐκ
1477 1044 1681 1099 τούτων
1721 1063 1852 1113 συγ-

254 1134 507 1205 κρίματά
560 1152 622 1187 τε
664 1135 759 1189 καὶ
801 1137 1252 1210 ἀποτελέσματα·
1296 1138 1384 1191 ναὶ
1438 1136 1544 1208 μὴν
1586 1138 1680 1190 καὶ
1725 1139 1850 1200 τοὺς

249 1225 492 1297 ὡραίους
532 1227 642 1280 ἀπὸ
682 1230 787 1297 γῆς
829 1231 1094 1301 καρποὺς,
1136 1231 1231 1283 καὶ
1270 1230 1339 1283 τὰ
1367 1229 1530 1283 λοιπὰ
1553 1231 1652 1302 τῆς
1678 1228 1851 1300 ξηρᾶς

246 1319 346 1371 καὶ
366 1317 544 1389 ὑγρᾶς
561 1319 766 1390 τροφῆς
787 1318 1143 1391 βλαστήματα
1161 1339 1174 1352 ·
1201 1320 1236 1375 ἀ
1258 1322 1350 1375 καὶ
1377 1320 1537 1388 αὐτὰ,
1563 1321 1639 1385 ὡς
1662 1320 1728 1375 ἂν
1752 1321 1851 1391 τῆς

242 1407 359 1461 τῶν
390 1409 664 1478 σωμάτων
691 1406 838 1480 ζωῆς
870 1413 1038 1476 αἴτια,
1068 1412 1384 1483 Δήμητραν,
1401 1413 1497 1465 καὶ
1520 1411 1728 1481 Κόρην,
1758 1411 1851 1463 καὶ

244 1500 527 1563 Διόνυσον,
559 1502 654 1555 καὶ
679 1501 781 1555 ὅσα
812 1501 945 1556 ἄλλα
978 1502 1186 1567 τούτοις
1198 1504 1414 1576 ἐμφερῆ
1438 1502 1846 1576 προσειπόντες,

240 1591 591 1656 τεθειάκασι,
636 1592 1016 1665 βεϐιασμένον,
1047 1595 1141 1649 καὶ
1173 1595 1274 1648 οὐκ
1302 1594 1480 1667 ἀληθῆ
1509 1594 1618 1649 τῶν
1666 1593 1849 1666 μύθων

240 1681 340 1734 τὸν
362 1682 753 1755 καλλωπισμὸν
775 1686 1218 1757 εἰσηγησάμενοι.
1272 1687 1411 1740 Ἀλλ’
1444 1681 1589 1742 οὗτοι
1625 1687 1723 1758 μὲν
1747 1683 1845 1753 ὀψέ

1957 500 2255 569 quidquam
2282 516 2492 566 eorum,
2520 519 2642 572 qum
2668 504 2735 559 de
2764 506 2898 574 ipsis
2928 504 3229 563 foedissime.
3248 510 3537 578 jactaban-

1958 600 2069 657 tur,
2093 592 2514 660 erubescerent;
2554 595 2646 651 sed
2691 598 2875 667 potius
2903 599 3169 670 quidquid
3196 601 3266 656 ad
3289 616 3389 657 eos
3416 618 3538 672 per-

1958 682 2194 748 tineret,
2238 684 2352 740 sive
2404 696 2626 757 propter
2672 688 2916 757 ipsorum
2962 690 3018 745 in
3056 691 3339 747 hominum
3368 710 3537 764 genus

1958 778 2154 832 merita
2176 819 2190 844 ,
2223 778 2338 833 sive
2367 787 2591 849 propter
2615 781 2843 851 imperia
2876 782 2956 836 vel
2980 784 3297 853 tyrannides
3323 800 3390 839 eo
3424 787 3537 855 pri-

1957 884 2107 924 mum
2138 878 2381 940 tempore
2424 873 2750 928 constitutas
2770 914 2785 938 ,
2818 873 3080 943 singulari
3109 892 3233 931 cum
3262 878 3534 947 approba-

1958 961 2105 1014 tione
2151 962 2507 1031 suspicerent.
2568 963 2704 1019 Cum
2750 963 2915 1035 igitur
2971 967 3238 1043 necdum,
3287 978 3347 1022 ut
3399 980 3526 1025 ante

1957 1049 2092 1116 dixi,
2142 1052 2352 1122 legibus
2397 1053 2524 1109 ullis
2552 1053 2838 1109 hominum
2885 1056 2994 1112 vita
3018 1066 3314 1127 regeretur,
3346 1074 3534 1129 poma—

1956 1155 2064 1210 que
2087 1141 2306 1213 ﬂagitiis
2335 1144 2483 1197 nulla
2512 1143 2854 1214 immineret;
2880 1146 3167 1214 adulteria,
3192 1150 3533 1220 mariumque

1956 1238 2312 1304 concubitus,
2363 1236 2628 1293 nefandas
2668 1238 2797 1292 item
2848 1241 3250 1312 ﬂagitiosasque
3291 1247 3527 1314 nuptias.

1961 1329 2157 1392 caades,
2181 1330 2494 1399 parricidia,
2526 1330 2842 1399 liberorum,
2871 1331 3210 1404 fratrumque
3230 1334 3530 1405 jugulatio—

1956 1435 2074 1485 nes,
2109 1422 2245 1476 bella
2275 1423 2507 1492 denique
2548 1432 2603 1477 et
2645 1425 2953 1479 animorum
2989 1425 3244 1481 intestina
3280 1427 3528 1492 dissidia,

1956 1513 2156 1581 quibus
2181 1530 2372 1568 eorum
2410 1517 2703 1586 principes,
2738 1532 2877 1585 quos
2913 1517 2989 1570 illi
3010 1517 3140 1572 deos
3162 1520 3531 1588 opinabantur

1955 1612 2009 1659 et
2034 1606 2336 1673 vocabant,
2371 1623 2432 1661 se
2464 1608 2611 1676 ipsos
2644 1624 2769 1664 vere
2800 1609 3237 1675 obstrinxerant,
3287 1611 3368 1667 sic
3406 1622 3528 1667 tan-

1956 1712 2120 1765 quam
2151 1712 2331 1752 rerum
2362 1698 2431 1752 ab
2453 1699 2524 1754 iis
2553 1700 2811 1768 praeclare
2837 1710 3111 1771 gestarum
3136 1740 3151 1765 ,
3206 1702 3528 1774 eximiaeque

243 1790 407 1838 me,
427 1774 581 1828 ὡσάν
610 1777 1060 1848 ὲπαισχυνόμενοι
1100 1779 1201 1844 τὰς
1232 1780 1342 1833 τῶν
1368 1779 1648 1853 προγόνων
1678 1777 1816 1833 θεολι

1953 1788 2169 1845 virtutis
2201 1791 2531 1845 monimenta
2561 1793 2943 1860 celebrabant,
2990 1809 3324 1864 eorumque,
3369 1771 3525 1868 quasi

241 1866 398 1934 γίας,
442 1865 659 1920 οἴκοθεν
708 1867 776 1932 ἃς
818 1868 1048 1934 ἕκαστος
1092 1871 1293 1944 ἐφεῦρε
1339 1872 1692 1944 σεμνολογίας
1734 1876 1848 1937 τοῖς

242 1959 382 2030 περὶ
409 1958 551 2014 θεῶν
584 1962 774 2033 μύθοις
808 1965 1274 2035 προσεπενόησαν,
1304 1967 1475 2018 κινεῖν
1518 1964 1589 2018 τά
1640 1965 1846 2036 πάτρια

241 2051 563 2122 τολμῶντος
608 2054 844 2119 οὐδενὸς,
879 2057 1010 2126 περὶ
1052 2055 1246 2109 πολλοῦ
1288 2056 1345 2109 δὲ
1380 2056 1478 2128 τὴν
1513 2058 1848 2130 ἀρχαιότητα

242 2142 415 2209 εἶναι,
447 2147 545 2200 καὶ
567 2147 669 2219 τὴν
700 2150 904 2221 συνήθη
937 2149 1031 2204 καὶ
1056 2149 1353 2221 σύντροφον
1376 2153 1441 2203 ὲκ
1469 2149 1672 2203 παίδων
1701 2151 1847 2218 ἀγω-

241 2239 355 2311 γὴν
397 2240 721 2312 τιμώμενοι.
753 2244 824 2297 Οἵ
862 2260 928 2315 γε
982 2245 1088 2316 μὴν
1126 2243 1332 2297 τούτων
1375 2244 1738 2317 πρεσϐύτεροι
1787 2246 1846 2297 ἐν

246 2330 354 2402 [σῳ
372 2335 443 2403 τῇ
467 2332 576 2387 τῶν
593 2333 803 2404 ἀνδρῶν
825 2334 1070 2408 θεοποιίᾳ
1088 2337 1189 2390 καί¹
1206 2336 1306 2400 τὰς
1325 2335 1439 2389 τῶν
1457 2337 1668 2406 ἀλόγων
1692 2337 1845 2403 ξιιζων

240 2420 547 2486 ὲκθεὼσεις
571 2423 906 2488 διετάξαντο,
934 2425 1025 2478 διά
1056 2425 1118 2479 τὸ
1149 2426 1245 2480 καὶ
1277 2426 1335 2493 ἐξ
1363 2426 1542 2480 αὐτῶν
1572 2429 1843 2499 χρήσιμον

242 2513 395 2567 κατά
428 2514 530 2578 τὰς
564 2515 799 2586 πρόσθεν
838 2514 1193 2580 ἀποδοθείσας
1221 2518 1399 2582 αἰτίας
1422 2535 1435 2549 ⁸
1464 2520 1557 2572 καὶ
1584 2522 1698 2584 τοῖς
1724 2519 1846 2573 ἀλό-

240 2622 369 2673 γοις
404 2605 620 2677 θηρίοις
660 2607 760 2685 τᾲς
800 2609 920 2675 ῖσας
965 2610 1278 2682 ἀφιέρωσαν
1326 2610 1645 2683 θρησκείας,
1683 2627 1846 2664 σπον-

238 2696 393 2762 δαῖς,
427 2697 526 2749 καὶ
557 2695 792 2762 θυσίαις,
826 2700 921 2753 καὶ
947 2704 1234 2770 μυστικαῖς
1259 2702 1521 2767 τελεταῖς,
1556 2700 1746 2772 ὕμνοις
1782 2719 1843 2755 τε

240 2789 346 2842 καὶ
394 2788 581 2860 ᾠδαῖς,
610 2792 811 2862 ὁμοίως
837 2795 952 2856 τοῖς
980 2793 1450 2865 τεθεοποιημένοις
1473 2794 1721 2867 ἀνδράσι,
1749 2795 1843 2848 καὶ

240 2878 349 2942 τὰς
384 2877 598 2932 τούτων
641 2881 811 2950 τιμὰς
856 2882 1187 2953 ἐπάραντες·
1231 2886 1311 2948 εἰς
1347 2884 1602 2937 τοσοῦτον
1644 2884 1699 2937 δὲ
1732 2884 1841 2957 ἄρα

241 2970 440 3024 κακῶν
466 2971 725 3042 ήλαυνον,
755 2972 831 3037 ὡς
862 2974 930 3027 δι’
965 2975 1271 3047 ὑπερϐολὴν
1303 2976 1633 3047 ἡδυπαθείας
1668 2978 1843 3050 ἀκρα-

1949 1880 2292 1951 egregiorum
2317 1885 2676 1948 quorumdam
2700 1884 3002 1942 facinorum
3025 1903 3090 1943 ac
3107 1890 3378 1959 praecipua
3398 1906 3523 1946 cum

1951 1969 2288 2027 fortitudinis
2316 1973 2476 2028 laude
2500 1975 2942 2044 conjunctorum,
2973 1980 3293 2034 memoriam
3326 1982 3392 2035 ad
3426 1997 3524 2051 po-

1949 2073 2125 2119 steros
2151 2064 2253 2135 ipsi
2281 2081 2412 2123 suos
2444 2069 2836 2140 propagabant.
2877 2070 3054 2140 Atque
3079 2071 3392 2141 hujusmodi
3421 2072 3525 2128 fuit

1947 2155 2254 2224 priscorum
2298 2158 2580 2214 hominum
2629 2160 2935 2231 theologia,
2983 2178 3146 2230 quam
3180 2164 3372 2233 nuperi
3399 2167 3523 2233 qui-

1946 2247 2069 2300 dam
2099 2261 2164 2301 ac
2193 2248 2590 2306 nudiustertius
2623 2251 2829 2307 exclusi
2876 2251 2957 2309 sic
2991 2253 3389 2319 immutarunt,
3437 2264 3517 2318 ut,

1945 2338 2280 2395 subtiliorem
2306 2343 2489 2398 nescio
2510 2358 2674 2414 quam
2701 2343 3119 2414 philosophandi
3146 2346 3408 2402 rationem
3435 2348 3521 2417 ja-

1943 2440 2172 2497 ctantes,
2198 2432 2306 2505 74
2321 2449 2503 2489 rerum
2522 2435 2728 2491 scilicet
2742 2444 2950 2492 natura;
2968 2438 3276 2508 propiorem
3301 2440 3367 2495 de
3383 2440 3515 2497 deo-

1946 2537 2068 2576 rum
2103 2523 2330 2579 historia
2357 2527 2671 2596 opinionem
2700 2527 3041 2595 inveherent,
3065 2538 3119 2584 et
3147 2530 3518 2587 honestiorem

1943 2618 2185 2688 aliquam
2240 2636 2507 2675 novorum
2560 2631 2997 2677 commentorum
3041 2623 3276 2693 speciem
3320 2622 3518 2680 fabulis

1944 2722 2246 2770 attexerent
2292 2733 2306 2769 :
2360 2717 2463 2771 hoc
2502 2717 2767 2771 nimirum
2800 2717 2993 2783 secuti,
3030 2727 3213 2774 utnec
3239 2723 3461 2775 omnino
3486 2739 3517 2776 a

1941 2805 2206 2859 scelerata
2251 2805 2521 2875 majorum
2572 2823 2794 2862 suorum
2840 2808 3114 2878 impietate
3155 2809 3516 2876 discederent,

1946 2910 2048 2950 nec
2071 2896 2296 2951 omnino
2326 2905 2507 2951 tamen
2539 2913 2604 2951 ex
2630 2898 2844 2952 illorum
2877 2899 3230 2969 religionibus
3251 2903 3518 2956 exsisten—

1944 2998 2052 3043 tem
2104 2997 2546 3043 consecratorum
2595 2991 2883 3045 numinum
2932 2991 3333 3060 improbitatem
3365 3001 3518 3063 pate-

237 3060 395 3124 τοῦς,
419 3060 493 3114 τὰ
505 3060 643 3115 ἀλκά
663 3063 799 3134 πρὸς
814 3065 1204 3136 αἰσχρουργίαν
1225 3066 1365 3138 μέρη
1378 3065 1473 3119 τοῦ
1492 3066 1816 3138 σώματος,τέ

1946 3084 2153 3133 rentur.
2196 3076 2263 3131 Hi
2292 3093 2423 3146 ergo
2444 3119 2458 3144 ,
2495 3094 2618 3133 cum
2651 3080 2817 3134 semel
2848 3082 3082 3150 patrium
3107 3097 3345 3137 errorem
3375 3098 3516 3154 quos

237 3169 304 3206 τε
321 3152 602 3206 ἀκόλαστα
614 3154 672 3207 ἐν
685 3152 996 3226 ἀνθρώποις
1006 3155 1302 3228 πάθη,ταῖς
1319 3158 1546 3222 ἰσοθέοις
1556 3158 1838 3213 ὲκθειάσαι

234 3247 457 3316 τιμαῖς,
482 3245 652 3318 μηδὲν
679 3246 738 3299 τὸ
764 3247 1026 3319 παράπαν
1048 3249 1107 3302 ὲν
1142 3248 1351 3313 τούτοις
1374 3251 1568 3322 χρῆναι
1594 3250 1839 3321 σεμνολο-

236 3343 360 3408 γεῖν
376 3338 489 3393 τῶν
511 3339 579 3412 δὴ
607 3339 873 3409 θεολόγων
888 3339 1069 3394 αὐτῶν
1087 3342 1544 3413 ἀποφηναμένων.
1560 3345 1837 3416 Τηρητὲον

234 3432 394 3501 γοῦν,
414 3433 492 3497 ὼς
516 3434 599 3486 ὅτι
627 3431 863 3502 μάλιστα
886 3436 935 3487 οἱ
962 3434 1285 3489 παλαίτατοι
1309 3435 1460 3489 οὐδέν
1482 3453 1535 3488 τι
1556 3436 1715 3490 πλέον
1737 3438 1834 3509 τῆς

238 3525 492 3597 ἱστορίας
520 3524 745 3589 εἰδότες,
770 3524 950 3595 μόνοις
979 3526 1040 3581 δὲ
1060 3529 1169 3590 τοῖς
1193 3525 1386 3597 μύθοις
1408 3527 1834 3599 προσανέχοντες

233 3616 732 3690 ἐμαρτυρήθησαν.
751 3617 890 3670 Ἀλλ’
926 3618 1156 3689 ἐπείπερ
1187 3617 1336 3682 ἅπαξ
1360 3619 1721 3691 ὡρμήθημεν,
1740 3619 1835 3672 καὶ

228 3713 303 3765 τὰ
333 3712 518 3782 σεμνά
546 3712 643 3763 καὶ
668 3712 958 3783 ἀπόρρητα
986 3710 1095 3765 τῶν
1123 3711 1387 3780 γενναίων
1417 3711 1722 3781 φιλοσόφων
1744 3729 1836 3766 κα-

230 3803 614 3873 τασκοπῆσαι,
647 3803 780 3874 φέρε
829 3803 925 3856 καὶ
956 3801 1127 3855 ταῦτα
1156 3801 1639 3875 ἐπιθεωρήσωμεν,
1668 3803 1744 3866 ὡς
1766 3803 1833 3856 ἂν

232 3896 313 3965 μὴ
348 3895 613 3964 δοκοίμεν
639 3896 855 3962 ἀγνοεῖν
886 3895 981 3948 καὶ
1009 3895 1111 3959 τὰς
1142 3894 1461 3965 θαυμαστάς
1486 3895 1665 3950 αὐτῶν
1692 3896 1835 3966 φιλο-

232 3985 453 4052 σοφίας.
516 3984 656 4055 Πρὶν
702 3985 761 4038 δὲ
813 3985 912 4056 τὴν
958 3985 1164 4039 τούτων
1216 3984 1432 4039 ἔκθεσιν
1484 3986 1829 4058 ποιήσασθαι,

226 4078 356 4148 ἐμοὶ
388 4077 545 4129 δοκεῖ
587 4076 1188 4148 προσεπισημαίνεσθαι
1234 4076 1330 4129 καὶ
1376 4077 1477 4149 τὴν
1521 4076 1691 4148 αὐτὴν
1722 4077 1831 4129 τῶν

225 4169 575 4240 θαυμαστῶν
619 4170 961 4239 φιλοσόφων,
998 4171 1101 4224 κάν
1147 4169 1361 4233 τούτοις
1412 4168 1551 4241 πρὸς
1601 4170 1831 4233 ἑαυτοὺς

227 4266 659 4335 ὲναντιολογίαν.
693 4267 757 4320 Oi
786 4267 884 4337 μὲν
920 4266 1029 4338 γὰρ
1056 4267 1333 4337 τηνάλλως
1360 4265 1696 4338 διηγοῦνται,
1737 4268 1831 4321 καὶ

230 4360 377 4413 κατά
402 4360 468 4412 τὸ
500 4360 794 4431 παραστάν
818 4360 1049 4423 ἕκαστος
1081 4360 1224 4424 ἰδίως
1251 4361 1675 4429 ἀποφαίνονται·
1709 4360 1829 4414 οὐδὲ

1943 3185 2054 3241 quo
2080 3171 2242 3225 modo
2264 3186 2561 3240 procurare
2590 3172 2926 3240 statuissent,
2951 3173 3019 3227 ad
3040 3173 3369 3229 naturalium
3390 3190 3517 3231 cau-

1940 3280 2126 3321 sarum
2175 3273 2339 3333 atque
2382 3264 2658 3319 rationum
2711 3264 3129 3335 explicationem
3170 3264 3380 3321 fabulas
3405 3276 3515 3322 tra-

1938 3357 2163 3411 duxere.
2205 3356 2283 3411 Ac
2315 3355 2566 3425 primam,
2604 3356 2805 3426 quibus
2836 3356 3015 3411 alendi
3046 3359 3290 3428 corporis
3317 3375 3515 3430 augen-

1938 3450 2103 3519 dique
2150 3448 2233 3503 vis
2283 3449 2521 3513 inesset,
2570 3464 2631 3502 ea
2680 3448 2880 3504 fabulis
2932 3450 3224 3517 signiﬁcari
3269 3466 3410 3505 novo
3456 3460 3513 3505 et

1940 3539 2194 3595 insolenti
2222 3537 2367 3593 fastu
2407 3539 2723 3609 jactabant,
2778 3539 3002 3608 perinde
3025 3554 3089 3594 ac
3118 3539 3165 3594 si
3198 3540 3327 3608 quid
3357 3555 3511 3595 arca-

1937 3645 2068 3684 num
2100 3629 2274 3699 magis
2306 3632 2585 3699 magisque
2621 3629 2958 3684 reconditum
2999 3629 3308 3684 attulissent
3341 3648 3355 3684 :
3385 3646 3511 3684 mox

1937 3736 2066 3776 vero
2092 3721 2366 3792 progressi
2398 3722 2648 3786 ulterius,
2685 3720 2871 3774 mundi
2900 3720 3065 3775 etiam
3088 3721 3353 3776 elementa
3379 3722 3512 3776 deo-

1935 3828 2057 3867 rum
2103 3813 2157 3866 in
2191 3828 2421 3868 numero
2453 3813 2528 3866 ita
2569 3812 2948 3876 collocarunt,
2982 3819 3043 3866 ut
3070 3827 3139 3865 ne
3169 3812 3223 3865 in
3251 3814 3366 3867 sole
3388 3814 3512 3882 qui-

1933 3906 2054 3957 dem
2082 3920 2145 3959 ac
2176 3904 2303 3958 luna
2326 3914 2630 3974 caeteraque
2668 3912 2945 3959 astrorum
2975 3903 3324 3959 multitudine
3354 3905 3513 3959 siste.-

1932 4005 2086 4060 rent,
2123 3997 2214 4050 sed
2246 3997 2418 4065 ipsam
2447 4010 2667 4065 quoque
2701 4004 2901 4050 terram
2924 4010 3099 4059 ,cum
3140 4009 3279 4063 aqua
3303 4034 3321 4061 ,
3363 4009 3508 4057 aere,

1932 4089 2075 4158 igne,
2108 4089 2355 4157 adeoque
2379 4104 2502 4142 cum
2539 4088 2627 4151 iis,
2653 4102 2775 4157 qua:
2803 4088 2998 4141 horum
3025 4102 3091 4141 ex
3116 4086 3510 4155 temperatione

1930 4192 1995 4231 ac
2020 4179 2373 4248 permistione
2397 4178 2722 4240 conﬂantur,
2759 4178 3134 4248 adjungerent.
3172 4177 3313 4244 Quin
3340 4177 3504 4233 etiam

1934 4271 2282 4340 tempestivos
2330 4281 2487 4327 terra:
2534 4270 2786 4336 fructus,
2820 4272 3035 4341 aliaque
3080 4279 3195 4324 tum
3237 4270 3505 4331 siccioris,

1932 4368 2047 4414 tum
2082 4360 2408 4417 humidioris
2430 4362 2673 4417 alimenti
2710 4363 2956 4433 germina
2983 4382 2997 4418 :
3024 4378 3175 4432 quae,
3207 4362 3351 4432 quod
3386 4362 3505 4431 ipsa

226 4452 341 4523 γὰρ
394 4450 652 4521 ἀλλήλοις
683 4450 951 4522 σύμφωνα
990 4449 1429 4519 φυσιολογοῦσιν·
1461 4451 1512 4503 oi
1537 4450 1593 4503 δὲ
1623 4450 1816 4518 εύγνω-

1941 4468 2150 4522 quoque
2203 4463 2519 4510 nostrorum
2570 4469 2862 4524 corporum
2893 4454 3060 4509 vitam
3096 4463 3504 4514 conservarent,

232 4543 561 4614 μονέστεροι
609 4542 672 4595 τὸ
730 4541 952 4613 σύμπαν
993 4540 1329 4612 ἀναιροῦσιν,
1360 4540 1455 4594 καὶ
1489 4541 1589 4612 τῆς
1620 4541 1825 4604 οίκείας

229 4633 515 4694 πολιτείας
546 4634 606 4686 ού
646 4633 806 4702 μόνον
836 4633 934 4696 τὰς
981 4635 1247 4704 ἀπρεπεῖς
1279 4635 1409 4705 περί
1449 4632 1587 4686 θεῶν
1635 4632 1826 4704 διηγή-

230 4740 370 4789 σεις,
409 4723 553 4778 ἀλλά
583 4728 678 4778 καί
704 4725 805 4788 τὰς
836 4724 1042 4778 τούτων
1068 4725 1366 4798 ἑρμηνείας
1393 4725 1787 4780 ἀπελαύνουσιν
1806 4743 1819 4755 ·

228 4818 347 4870 ἔστι
375 4818 425 4870 ὃ*
452 4818 544 4870 ὅτε
576 4817 727 4888 φόϐῳ
752 4818 851 4889 τῆς
891 4817 1000 4871 ἀπὸ
1038 4818 1147 4871 τῶν
1187 4818 1368 4889 νόμων
1397 4819 1666 4889 τιμωρίας
1698 4820 1824 4881 τοὺς

229 4909 442 4981 μύθους
474 4908 1122 4981 ύποκορίζονται.’Δκουε
1151 4909 1196 4963 δ’
1223 4905 1315 4963 οῦν
1345 4909 1524 4964 αὐτῶν
1558 4909 1824 4981 Ἑλλήνων

223 5002 296 5057 δι’
347 5001 471 5066 ἑνὸς
513 5001 610 5054 τοῦ
657 5001 876 5055 πάντων
904 5001 1147 5073 ἀρίστου,
1177 5003 1299 5055 τοτὲ
1332 5003 1430 5073 μὲν
1467 5000 1818 5066 ἐξωθοῦντος,

224 5093 355 5148 τοτὲ
405 5093 451 5145 δ’
482 5088 580 5146 οὖν
630 5093 793 5147 πάλιν
845 5095 1256 5166 εἰσποιούμενου
1291 5095 1418 5158 τοὺς
1453 5092 1674 5165 μύθους.
1692 5095 1749 5147 Ὀ
1775 5093 1820 5145 δ’

223 5181 321 5240 οὖν
351 5183 663 5255 θαυμάσιος
706 5183 889 5239 αὐτῶν
920 5185 1165 5250 Πλάτων,
1196 5186 1285 5239 ὅτε
1323 5184 1422 5256 μὲν
1467 5184 1568 5256 τὴν
1613 5183 1821 5238 οἰκείαν

221 5277 543 5346 ἀπογυμνοί
571 5277 912 5347 προαίρεσιν,
938 5276 1335 5348 τολμηρότερον
1363 5275 1696 5347 ἀπαγορεύει
1732 5292 1822 5331 κα-

223 5368 386 5423 θῶου
423 5369 554 5436 περὶ
594 5367 733 5423 θεῶν
767 5369 993 5423 τοιαῦτα
1035 5372 1253 5441 φρονεῖν
1282 5386 1341 5422 τε
1375 5368 1702 5437 καὶνλέγειν,
1731 5365 1818 5422 οἷα

222 5464 339 5525 τοῖς
378 5461 637 5524 παλαιοῖς
673 5462 910 5533 εἴρηται,
950 5464 1060 5515 εῐτε
1094 5461 1400 5534 περιέῇῳιέν
1428 5479 1481 5515 τι
1507 5462 1728 5533 λεληθὸς
1761 5464 1818 5515 ἐν

223 5603 336 5649 tam
393 5596 581 5649 subito
633 5595 912 5651 ﬂammam
960 5596 1295 5660 concepisse.
1327 5596 1566 5660 Εἰκότως
1587 5590 1700 5659 οὖν,
1731 5597 1816 5649 in-

226 5613 336 5649 tam
393 5613 581 5649 subito
633 5613 912 5651 uammam
960 5613 1126 5651 conce
1168 5613 1295 5653 Isse.
1328 5613 1566 5660 ιικοτως
1587 5614 1700 5659 ουν,
1731 5613 1816 5649 In-

226 5670 367 5738 qnit,
406 5666 542 5738 ἔνιοι
576 5665 683 5738 τὸν
721 5666 889 5738 μῦθον
937 5613 1310 5731 ἀνασώἓοντες
1359 5666 1493 5738 πρὸς
1538 5668 1636 5735 τὴν
1687 5666 1818 5738 ἀλή-

226 5734 397 5803 θειαν,
424 5736 586 5789 τοῦτό
614 5734 774 5806 φασιν
807 5734 945 5793 ε’ναι
986 5740 1048 5791 τὸ
1089 5738 1189 5809 τῆς
1233 5734 1474 5810 Μηδείας
1503 5734 1811 5808 φάρμακον.

1929 4543 2149 4600 Cereris
2174 4584 2190 4609 ,
2223 4544 2596 4615 Proserpinaa,
2629 4546 2828 4601 Bacchi
2853 4585 2868 4611 ,
2901 4560 2965 4600 ac
2996 4545 3205 4601 caeteris
3233 4545 3503 4615 ejusmodi

1931 4635 2248 4691 nominibus
2271 4646 2683 4701 consecrarunt,
2720 4643 2972 4690 coactum
2999 4635 3188 4703 nescio
3213 4650 3373 4704 quem
3400 4635 3510 4689 mi-

1929 4728 2187 4798 nimeque
2212 4744 2399 4782 verum
2424 4728 2621 4783 fabulis
2644 4728 2854 4782 vultum
2892 4734 2948 4782 et
2974 4726 3209 4781 colorem
3241 4726 3503 4803 afﬁngen-

1928 4831 2031 4876 tes.
2056 4818 2282 4887 Verum,
2299 4821 2425 4876 licet
2447 4820 2537 4875 isti
2563 4820 2762 4888 serius,
2786 4819 2932 4889 quod
2954 4834 3050 4872 eos
3078 4818 3346 4889 majorum
3374 4833 3503 4872 suo-

1926 4926 2047 4965 rum
2073 4912 2357 4982 theologiaa
2399 4912 2750 4982 suppuderet,
2787 4910 3157 4965 honestiorem
3183 4909 3499 4979 quemdam.

1928 5012 2093 5071 prout
2136 5018 2297 5058 suum
2348 5002 2546 5072 cuique
2575 5003 2858 5057 cerebrum
2889 5002 3147 5066 cuderel,
3198 5016 3264 5054 ac
3293 5009 3500 5055 veteres

1927 5094 2048 5148 illas
2073 5094 2298 5148 deorum
2334 5092 2548 5149 fabulas
2579 5094 2905 5162 explicatum
2937 5092 3315 5162 adjungerent,
3338 5104 3502 5144 nemo

1925 5194 2108 5238 tamen
2153 5184 2290 5239 ritus
2331 5185 2537 5253 patrios
2576 5192 2789 5239 mutare
2835 5198 3002 5238 ausus
3030 5190 3144 5249 est,
3184 5179 3280 5235 sed
3308 5194 3499 5234 omnes

1924 5277 2107 5347 potius
2138 5292 2262 5332 cum
2288 5277 2593 5347 priscorum
2626 5276 2898 5342 instituta,
2921 5285 3035 5331 tum
3069 5275 3321 5329 usitatam
3348 5272 3495 5325 illam

1922 5382 2152 5437 ίιυεεουθ
2194 5383 2380 5423 secum
2427 5383 2459 5423 a
2506 5369 2689 5437 pueris
2724 5368 3033 5423 adoleverat
3063 5380 3344 5422 sacrorum
3371 5363 3498 5418 reli—

1923 5459 2209 5529 gionisque
2236 5460 2801 5530 rationem,pra:cipuo
2832 5458 3011 5515 studio
3028 5456 3364 5513 retinendam
3389 5454 3494 5513 sibi

1922 5596 2112 5666 Itaque
2137 5596 2380 5651 nonnulli
2416 5595 2684 5652 commode
2718 5573 2956 5666 fabulam
3002 5593 3070 5646 ad
3111 5592 3379 5666 veritatem
3410 5604 3493 5666 ξο-

1920 5659 2187 5729 νοσάηίεδ,
2219 5677 2314 5721 aut
2344 5683 2471 5721 vero
2515 5670 2633 5738 ipso
2674 5659 3041 5727 defendentes,
3072 5672 3296 5728 δᾳυυαηι
3328 5661 3380 5715 ια
3409 5659 3497 5729 fa-

1922 5738 2000 5794 ble
2031 5754 2129 5809 par
2160 5738 2215 5791 la
2244 5738 2423 5792 t'ét’ifé.
