3832 6216
331 257 435 314 HI":

963 256 1239 313 unseen
1277 255 1758 312 cmsanmssxs
1794 254 1944 310 ore.
1988 208 2167 308 eius
2208 252 2273 307 ιι.
2318 285 2387 293 -
2420 252 2925 310 APOLOGETICA.

3482 251 3584 309 H4

328 371 719 442 colendumque
745 379 1092 441 putaverunt.
1117 375 1185 426 At
1213 371 1306 441 qui
1338 372 1557 427 eosdem
1581 378 1739 425 aetate
1767 384 1888 439 pra:-

2007 367 2281 431 ὑπονοίαις
2301 364 2648 438 δηλούμενον,
2678 366 2787 421 εἴτε
2821 367 2976 429 ἐκτὸς
3008 367 3189 438 πάσης
3214 365 3465 429 ὑπονοίας
3495 364 3584 416 λέ·

327 473 642 528 cesserant,
699 464 983 519 brutorum
1052 462 1369 517 animalium
1433 461 1900 517 consecrationem

326 557 523 626 aequali
550 556 713 627 plane
741 571 866 611 eum
899 556 1181 609 hominum
1223 555 1464 624 ipsorum
1505 554 1789 623 apotheosi
1819 554 1900 607 di-

329 645 550 716 gnitatis
586 646 709 716 jure
736 660 858 700 esse
888 644 1213 711 voluerunt,
1264 645 1457 713 partim
1497 659 1561 698 ea
1588 687 1603 711 ,
1638 658 1802 714 quam
1835 657 1901 696 cx

328 737 459 807 ipsis
484 737 786 807 capiebant,
823 736 1072 801 utilitate,
1125 735 1319 806 partim
1352 745 1671 790 caeterarum
1703 750 1902 789 causa-

326 845 469 893 rum,
502 844 639 898 quas
669 837 795 883 ante
822 828 1172 897 protulimus,
1220 828 1611 898 conjunctione
1643 826 1896 897 permoti.

324 920 508 991 Itaque
527 960 542 986 ,
566 937 727 991 pares
753 921 976 976 omnino
1007 920 1306 989 pecudibus
1347 922 1559 975 ratione
1586 918 1898 974 carentibus

324 1010 715 1079 superstitiosa;
759 1009 1124 1066 venerationis
1181 1009 1418 1064 honores
1464 1009 1637 1063 sacris
1689 1008 1898 1080 legibus

324 1102 397 1155 ita
431 1110 691 1165 statuere,
744 1109 807 1156 ut
832 1101 1209 1165 Iibationibus,
1264 1100 1569 1167 sacriﬁciis,
1605 1108 1660 1154 et
1684 1099 1899 1154 arcanis

324 1190 573 1245 initiandi
624 1191 858 1258 ritibus,
911 1190 1129 1262 hymnis
1171 1191 1405 1261 denique
1448 1200 1502 1245 et
1543 1190 1899 1254 carminibus,

323 1284 547 1354 perinde
569 1293 731 1354 atque
753 1284 1036 1338 hominum
1059 1284 1324 1353 ipsorum,
1346 1283 1547 1354 quibus
1563 1283 1899 1338 divinitatem

2005 477 2179 532 γοιτο·
2227 462 2314 515 ὅτε
2365 461 2421 514 δὲ
2465 463 2591 525 τοὺς
2640 462 2837 531 νόμους
2883 459 3286 531 ὑποκορίζεται,
3338 458 3432 512 καὶ
3475 457 3585 510 δεῖν

2008 572 2139 626 φησι
2184 556 2295 617 τοῖς
2345 553 2475 623 περὶ
2526 552 2663 607 θεῶν
2719 552 2908 623 μύθοις
2961 550 3256 613 πιστεύειν,
3288 550 3363 613 ὡς
3422 547 3584 619 μηδὲν

2009 646 2220 717 ἔχουσιν
2267 646 2324 696 ἐν
2369 644 2645 707 ὑπονοίαις
2683 643 2741 710 ἐξ
2770 642 2948 696 αὐτῶν
2992 640 3489 713 δηλούμενον.Ἥδη
3526 638 3585 691 δέ

2007 755 2136 790 ποτε
2168 736 2277 790 τῶν
2311 735 2558 789 παλαιῶν
2587 733 2770 807 μύθων
2791 735 2890 805 τὴν
2918 734 3123 787 οἰκείαν
3153 731 3430 799 θεολογίαν
3455 733 3585 800 ἀφο-

2006 830 2182 901 ρίσας,
2206 829 2332 901 περί
2361 845 2421 881 τε
2449 826 2702 898 οὐρανοῦ,
2743 828 2836 881 καὶ
2870 822 3041 891 ἡλίου,
3072 826 3164 877 καὶ
3201 823 3450 896 σελήνης,
3488 823 3583 876 καὶ

2004 918 2239 990 ἄστρων,
2273 918 2369 972 καὶ
2391 918 2471 971 ἔτι
2493 916 2623 989 περὶ
2646 915 2741 969 τοῦ
2764 915 3078 986 σύμπαντος
3102 913 3333 983 κόσμου,
3361 912 3455 965 καὶ⁵
3474 911 3584 964 τῶν

2003 1008 2191 1061 τούτου
2222 1026 2286 1078 με
2297 1008 2403 1080 ρῶν
2424 1005 2843 1078 κεχωρισμένως
2870 1003 3289 1074 φυσιολογήσας,
3317 1001 3459 1064 ἰδίως
3487 1000 3586 1053 πά-

2002 1099 2089 1152 λιν
2118 1100 2212 1153 καὶ
2241 1099 2636 1171 ἀφωρισμένως
2666 1097 2795 1169 περὶ
2825 1096 2932 1150 τῶν
2972 1096 3138 1151 πάλαι
3162 1092 3581 1164 γενεαλογηθέν-

2004 1207 2113 1244 των
2145 1189 2304 1255 θεῶν,
2333 1185 2435 1245 ὧδέ
2476 1209 2592 1255 πως
2636 1191 2821 1254 αὐτοῖς
2867 1192 3104 1262 ῥήμασιν
3153 1189 3211 1241 ἐν
3262 1185 3340 1257 τῷ
3373 1186 3584 1255 Τιμαίῳ

2006 1282 2274 1349 διέξεισιν.

320 1377 605 1443 dederunt,
633 1392 822 1431 earum
846 1376 1015 1431 cultui
1041 1377 1378 1447 majestatem
1399 1376 1775 1431 conciliarent.
1790 1375 2031 1431 Tandem
2068 1392 2136 1432 eo
2170 1375 2503 1448 flagitiorum
2526 1378 2813 1442 devenere,
2847 1385 2905 1431 ut
2952 1373 3236 1446 impotenti
3270 1372 3584 1429 fcedissimze

321 1471 563 1526 libidinis
593 1479 728 1527 aestu
756 1471 1034 1538 concitati,
1083 1480 1266 1541 partes
1300 1472 1464 1526 etiam
1504 1471 1750 1539 corporis
1788 1471 2181 1541 turpitudinem
2210 1487 2275 1528 ac
2313 1488 2563 1527 venerem
2602 1473 2830 1537 cientes,
2880 1472 3138 1540 dirasque
3188 1485 3251 1525 ac
3295 1478 3583 1539 protervas

321 1562 603 1616 hominum
641 1562 963 1632 cupiditates
1006 1562 1206 1617 divinis
1249 1562 1410 1632 plane
1454 1561 1757 1617 honoribus
1786 1543 2268 1633 prosequerentur,
2322 1578 2445 1618 cum
2491 1564 2543 1617 in
2595 1563 2866 1634 ejusmodi
2893 1562 3059 1618 rebus
3098 1563 3309 1616 nullum
3349 1560 3583 1630 quaesito

320 1655 680 1726 alfectatoque
722 1657 1017 1712 verborum
1065 1657 1262 1728 pudori
1306 1672 1427 1712 esse
1478 1657 1661 1713 locum
1703 1666 1957 1727 oportere
1996 1658 2241 1729 praeclari
2281 1659 2518 1731 theologi
2561 1659 2946 1715 decrevissent.
2989 1658 3203 1713 Maneat
3234 1658 3399 1727 igitur
3432 1664 3584 1711 vete-

318 1768 444 1819 res,
474 1761 536 1807 ut
582 1740 718 1807 nihil
756 1754 950 1822 praeter
981 1748 1183 1807 nudam
1229 1769 1411 1809 rerum
1457 1753 1739 1808 historiam
1780 1763 2061 1819 noverant,
2086 1755 2166 1810 sic
2195 1755 2262 1809 ad
2308 1756 2453 1824 ipsas
2493 1763 2705 1810 tantum
2745 1754 2961 1811 fabulas
3003 1769 3219 1825 semper
3261 1753 3578 1827 adhaesisse,

319 1845 506 1901 multis
574 1845 839 1901 hactenus
905 1846 1233 1902 testimoniis
1281 1860 1402 1901 esse
1455 1847 1886 1917 comprobatum.
1950 1846 2057 1917 75
2126 1843 2231 1902 Sed
2278 1849 2538 1917 quoniam
2591 1848 2839 1918 speciosa
2899 1862 3119 1917 quoque
3181 1862 3245 1903 ac
3300 1848 3582 1903 recondita

318 1939 658 2010 egregiorum
702 1940 1151 2011 philosophorum
1183 1941 1435 2011 dogmata
1474 1941 1587 2011 jam
1641 1942 1808 1997 semel
1857 1942 2142 2012 explorare
2168 1944 2465 2013 coapimus,
2519 1959 2640 2013 age,
2689 1943 2912 2014 propius
2962 1944 3127 1998 etiam
3176 1944 3265 1998 illa
3328 1953 3581 1998 contem-

318 2036 553 2106 plemur,
598 2053 669 2092 ne
715 2037 905 2092 saltem
951 2036 1179 2092 eximias
1233 2052 1421 2093 eorum
1473 2037 1895 2109 philosophandi
1947 2038 2187 2094 rationes
2237 2039 2491 2108 ignorare
2523 2040 2825 2094 videamur.
2868 2038 3028 2095 Prius
3064 2049 3244 2094 tamen
3286 2056 3451 2111 quam
3482 2056 3584 2096 eas

320 2135 378 2188 in
424 2128 665 2184 medium
709 2128 1024 2196 aﬁcramus,
1072 2130 1292 2200 juverit,
1339 2131 1565 2201 opinor,
1610 2118 1776 2201 quam
1823 2131 2060 2201 graviter
2104 2134 2287 2203 magni
2331 2132 2421 2188 isti
2461 2133 2769 2203 philosophi
2805 2148 2914 2187 non
2956 2132 3119 2188 modo
3158 2149 3281 2188 cum
3313 2135 3435 2189 aliis
3474 2135 3582 2190 hoc

318 2220 376 2274 in
419 2235 641 2291 genere,
688 2221 781 2277 sed
827 2221 989 2276 etiam
1038 2237 1223 2277 secum
1272 2223 1376 2290 ipsi
1420 2232 1681 2294 pugnent,
1723 2222 2031 2277 observare.
2080 2221 2215 2278 Nam
2264 2240 2389 2279 cum
2452 2226 2556 2281 hac
2619 2224 2673 2278 in
2736 2224 3073 2295 physiologia
3124 2225 3273 2278 nulla
3326 2225 3397 2279 sit
3436 2225 3584 2280 inter

317 2330 417 2371 eos
466 2316 859 2372 sententiarum
908 2318 1336 2395 opinionumque
1389 2318 1733 2388 conjunctio,
1793 2318 1885 2372 alii
1945 2328 2144 2374 temere
2195 2334 2260 2375 ac
2321 2328 2482 2390 prout
2553 2334 2654 2375 sua
2724 2320 2923 2390 cuique
2985 2333 3140 2374 mens
3209 2318 3580 2388 suggesserit,

316 2425 433 2466 rem
487 2419 654 2467 totam
699 2412 997 2480 deﬁniunt;
1059 2413 1151 2468 alii
1199 2414 1442 2469 melioris
1511 2415 1697 2485 utique
1745 2412 1891 2479 ﬁdei,
1959 2413 2122 2469 simul
2154 2415 2408 2471 universa
2450 2416 2668 2480 tollunt,
2703 2431 2803 2471 nec
2864 2430 2928 2470 ea
2978 2415 3155 2469 solum
3194 2415 3411 2477 omnia,
3455 2429 3584 2483 qua:

317 2505 386 2562 de
417 2507 524 2563 diis
556 2516 703 2564 tanta
739 2510 874 2577 cum:
912 2509 1231 2581 indignitate
1264 2511 1560 2579 jactentur,
1608 2510 1702 2564 sed
1758 2524 1949 2564 eorum
2002 2525 2219 2581 quoque
2273 2511 2661 2580 explicationes
2707 2509 3019 2579 reipublicae
3067 2523 3182 2563 suae
3223 2507 3424 2561 ﬁnibus
3479 2506 3585 2575 eji-

315 2601 500 2669 ciunt;
564 2603 779 2658 tametsi
847 2619 1130 2673 pennarum
1198 2605 1408 2677 legibus
1468 2605 1888 2660 constitutarum
1941 2616 2089 2661 metu
2156 2604 2353 2661 fabulis
2409 2606 2682 2661 interdum
2742 2606 2875 2676 ipsis
2927 2601 3586 2660 lenocinentur.Grzeeos

314 2710 445 2766 ergo
497 2697 853 2768 philosophos
897 2698 1048 2767 audi,
1099 2700 1261 2755 unius
1307 2711 1491 2756 tamen
1541 2716 1637 2756 ore
1683 2701 1928 2755 omnium
1989 2702 2460 2771 praestantissimi,
2513 2701 2843 2770 easdemque
2900 2697 3115 2753 fabulas
3168 2698 3332 2751 modo
3382 2695 3585 2765 procul

316 2789 685 2854 amandantis,
719 2789 881 2844 modo
912 2798 1101 2845 contra
1132 2791 1374 2847 studiose
1415 2792 1719 2849 retinentis.
1773 2791 1929 2847 Plato
1990 2793 2080 2847 ille
2107 2801 2212 2861 est,
2254 2808 2416 2863 quem
2459 2800 2743 2860 tantopere
2785 2786 3114 2858 suspiciunt,
3148 2787 3241 2858 qui
3275 2787 3320 2842 si
3354 2787 3582 2856 quando

316 2897 471 2936 suam
524 2881 640 2952 ipse
684 2893 919 2938 mentem
966 2899 1031 2940 ac
1068 2900 1290 2941 sensum
1334 2887 1581 2956 aperiat,
1616 2894 1733 2940 tum
1776 2901 1907 2941 vero
1955 2887 2149 2957 majori
2200 2902 2324 2942 cum
2376 2886 2624 2941 libertate
2661 2898 2890 2955 prorsus
2918 2881 3223 2947 interdicit,
3254 2894 3364 2950 quo
3393 2879 3586 2933 minus

315 2990 378 3030 ea
406 2991 528 3046 quae
569 2992 599 3030 a
635 2978 906 3031 veteribus
945 2978 1229 3032 decantata
1260 2978 1389 3032 olim
1429 2977 1665 3042 fuerant,
1722 2978 1790 3033 de
1838 2978 1944 3034 diis
1985 2980 2039 3033 in
2083 2987 2357 3048 posterum
2405 2980 2744 3042 sentiantur;
2794 2976 2909 3030 sive
2949 2973 3330 3028 reconditioris
3368 2971 3583 3040 aliquid

316 3069 384 3125 iis
427 3071 699 3125 inclusum
753 3070 936 3134 lateat,
977 3071 1120 3140 quod
1166 3071 1454 3125 verborum
1518 3087 1584 3126 ac
1632 3072 2025 3126 sententiarum
2082 3071 2354 3142 allegoriis
2392 3071 2680 3135 indicetur,
2727 3070 2842 3124 sive
2900 3068 3088 3122 eadem
3140 3076 3295 3119 extra
3355 3076 3580 3117 omnem

316 3164 630 3235 allegoriam
688 3163 1027 3234 ﬁguramque
1083 3164 1356 3219 dicantur.
1409 3162 1514 3218 Ubi
1562 3175 1743 3219 autem
1795 3165 1864 3220 ad
1918 3166 2064 3236 leges
2107 3181 2228 3221 sese
2257 3166 2667 3234 orationemque
2707 3177 2862 3217 suam
2898 3162 3061 3215 homo
3091 3157 3443 3213 meticulosus
3478 3170 3579 3209 ae-

315 3256 653 3316 commodat,
681 3253 841 3308 simul
864 3255 1084 3324 jactatis
1112 3256 1179 3311 de
1211 3266 1406 3310 natura
1449 3257 1677 3311 deorum
1718 3255 1915 3313 fabulis
1970 3257 2273 3312 habendam
2315 3272 2437 3313 esse
2479 3256 2638 3311 ﬁdem
2671 3253 3017 3325 pronuntiat,
3053 3251 3253 3322 quippe
3277 3267 3399 3320 quae
3437 3250 3578 3306 nihil

316 3366 410 3419 per
438 3364 560 3404 sese
589 3351 735 3406 aliud
762 3349 1058 3419 ﬁgurarum
1095 3350 1483 3422 integumentis
1516 3349 1880 3420 signiﬁcatum
1923 3356 2329 3420 repraesentem.
2377 3347 2522 3403 Idem
2577 3357 2836 3418 praetcrea
2882 3357 3233 3417 posteaquam
3265 3361 3421 3401 suam
3458 3346 3583 3414 ipse

314 3443 643 3514 theologiam
724 3444 793 3499 ab
863 3445 1211 3515 antiquarum
1283 3443 1591 3500 fabularum
1662 3446 1924 3500 societate
1980 3444 2418 3513 commercioque
2457 3443 2715 3513 sejunxit,
2774 3442 2950 3511 deque
3004 3442 3164 3505 coelo,
3233 3441 3368 3508 sole,
3416 3441 3575 3510 luna,

314 3535 606 3600 sideribus,
650 3535 762 3591 imo
808 3534 874 3591 de
911 3545 1023 3591 tota
1057 3537 1159 3592 hac
1210 3537 1582 3603 universitate,
1618 3552 1682 3591 ac
1719 3538 1948 3610 singulis
1981 3539 2102 3607 ejus
2156 3538 2399 3607 partibus
2442 3535 2671 3591 seorsim
2714 3532 3017 3604 physiologi
3061 3547 3212 3586 more
3253 3532 3578 3600 disputavit,

317 3642 472 3682 suam
519 3627 716 3683 iterum
747 3628 814 3683 de
845 3628 971 3693 diis,
1008 3643 1239 3697 quorum
1283 3628 1652 3700 genealogiam
1686 3639 1891 3685 veteres
1931 3630 2010 3684 illi
2054 3637 2359 3695 texuerant,
2397 3627 2709 3696 Opinionem
2744 3626 2830 3681 his
2873 3623 3053 3679 verbis
3083 3623 3244 3693 plane
3278 3623 3575 3692 explicate—

320 3735 424 3791 que
463 3729 778 3790 conceptam
807 3721 860 3774 in
890 3718 1087 3775 Timazo
1113 3722 1475 3790 prosequitur.

912 3809 1142 3866 CAPUT
1186 3811 1294 3866 VII.

486 3903 627 3970 Quid
664 3903 728 3957 de
758 3912 984 3958 veterum
1015 3902 1273 3973 theologia
1305 3902 1459 3956 Plato
1490 3904 1727 3956 senserit.

384 4060 497 4131 (98)
536 4079 555 4112 ι
583 4058 700 4115 Jam
737 4076 867 4116 vero
907 4061 974 4116 de
1009 4062 1251 4128 caeteris,
1294 4062 1492 4132 inquit,
1540 4062 1879 4118 daemonibus

312 4149 599 4216 disserere,
626 4158 721 4204 aut
754 4166 944 4206 eorum
977 4165 1140 4206 nosse
1167 4152 1624 4221 procreationem,
1658 4167 1767 4207 non
1798 4162 1882 4207 est

2518 3808 2916 3863 ΚΕΦΛΛΑΙΟΝ
2956 3810 3032 3864 Z'.

1994 3904 2184 3969 ..οπως
2207 3907 2238 3957 ό
2259 3901 2511 3956 Πλάτων
2537 3897 2942 4029 περέδίγῑςᾷἔὲᾖν
2965 3898 3236 3953 παλαιῶν
3259 3896 3573 3966 θεολογίας

2739 4001 2769 4029 ς
2917 4009 2930 4022 .

2739 4001 2897 4033 Susa!
2917 4009 2930 4022 ο

2060 4080 2078 4112 ι
2110 4062 2245 4132 Περὶ
2282 4061 2339 4114 δὲ
2366 4060 2474 4113 τῶν
2505 4059 2677 4113 ἄλλων
2720 4060 2991 4130 δαιμόνων
3020 4060 3212 4123 εἰπεῖν,
3243 4058 3336 4111 καὶ
3363 4055 3572 4126 γνῶναι

1986 4151 2084 4224 τὴν
2114 4152 2350 4220 γένεσιν,
2383 4149 2565 4222 μεῖζον
2599 4151 2631 4222 ἥ
2667 4149 2790 4204 καθ’
2812 4152 2960 4222 ἡμᾶς
2981 4171 2994 4182 -
3025 4150 3339 4203 πιστευτέον
3366 4148 3422 4201 δὲ
3452 4149 3571 4211 τοῖς

312 4241 587 4298 facultatis
626 4242 937 4313 viriumque
979 4253 1309 4299 nostrarum.
1361 4243 1548 4313 Itaque
1584 4244 1875 4321 ﬁdemiis,

1994 4244 2256 4314 εἰρηκόσιν
2305 4242 2632 4314 ἔμπροσθεν,
2673 4242 2926 4311 ἐκγόνοις
2962 4243 3059 4313 μὲν
3104 4240 3243 4294 θεῶν
3270 4237 3445 4306 οὖσιν,
3486 4238 3573 4302 ὡς

310 4334 405 4404 qui
437 4342 687 4388 naturam
723 4333 939 4388 illorum
978 4334 1091 4404 jam
1121 4335 1249 4389 olim
1280 4334 1651 4404 explicarunt,
1684 4334 1882 4390 habere

311 4442 416 4481 nos
447 4435 682 4496 oportet,
721 4427 830 4498 76
861 4427 1059 4496 quippe
1095 4427 1189 4496 qui
1221 4428 1451 4481 deorum
1496 4433 1719 4495 nepotes
1756 4441 1882 4481 cum

311 4517 539 4583 fuerint,
568 4524 627 4572 ut
661 4518 762 4588 ipsi
808 4517 1153 4581 conﬁrmant,
1201 4532 1332 4571 suos
1373 4531 1593 4587 quoque
1649 4516 1883 4586 majores

312 4609 516 4679 optime
553 4608 827 4664 noverint.
868 4606 935 4662 Et
977 4623 1109 4663 sane
1142 4607 1259 4663 fieri
1301 4608 1452 4661 nullo
1485 4607 1649 4662 modo
1685 4615 1882 4677 potest,

311 4710 373 4756 ut
398 4699 626 4756 deorum
661 4699 848 4755 liberis
876 4700 1024 4755 'ﬁdes
1066 4684 1314 4771 negetur,
1348 4700 1401 4753 in
1446 4699 1514 4754 iis
1542 4699 1729 4764 etiam,
1763 4714 1884 4768 quae

310 4793 429 4848 sine
458 4791 567 4846 ulla
597 4790 976 4846 verisimilium
1019 4798 1114 4844 aut
1142 4789 1573 4853 necessariarum
1600 4791 1883 4859 probatio-

310 4898 441 4938 num
463 4882 517 4937 vi
549 4891 715 4953 atque
739 4881 1065 4937 auctoritate
1093 4881 1312 4949 dicunt;
1341 4882 1436 4936 sed
1464 4881 1532 4936 iis
1559 4881 1745 4950 potius
1773 4889 1884 4934 tan-

309 4991 473 5047 quam
515 4975 810 5031 domestica
862 4972 1242 5038 referentibus,
1284 4973 1743 5044 quemadmodum
1798 4973 1883 5028 lex

310 5069 429 5138 ipsa
460 5069 634 5140 jubet,
665 5067 890 5123 omnino
934 5066 1261 5122 credendum
1291 5075 1394 5122 est.
1439 5064 1655 5121 Maneat
1698 5066 1881 5136 igitur,

307 5176 483 5231 eoque
512 5161 674 5231 plane
701 5161 864 5215 modo
907 5166 1366 5215 commemoretur
1405 5175 1435 5213 a
1469 5159 1628 5214 nobis
1655 5158 1882 5213 deorum

309 5251 537 5304 istorum
579 5249 893 5320 generatio,
940 5264 1049 5320 quo
1105 5248 1251 5303 illam
1298 5248 1368 5303 ab
1426 5249 1618 5304 iisdem
1665 5248 1881 5318 accepi-

309 5348 452 5396 mds.
484 5339 562 5395 Ex
586 5340 755 5397 Terra
787 5343 1007 5413 quidem
1036 5357 1099 5396 ac
1123 5342 1275 5396 leo
1299 5339 1552 5396 Oceanus
1573 5339 1882 5410 Tethysque

308 5433 423 5488 nati
466 5441 622 5501 sunt;
675 5449 744 5489 ex
773 5434 859 5488 his
895 5449 1023 5488 vero
1054 5432 1332 5504 Phorcys,
1369 5430 1675 5496 Saturnus,
1706 5430 1877 5498 Rhea,

307 5537 375 5581 ac
394 5525 607 5590 caeteri,
648 5525 740 5596 qui
773 5525 841 5581 ad
876 5534 985 5582 tres
1029 5526 1151 5581 illos
1188 5525 1470 5597 aggregari
1515 5525 1714 5579 solent.
1754 5522 1876 5578 Jam

1984 4333 2211 4402 ἔφασαν,
2244 4337 2431 4403 σαφῶς
2481 4333 2537 4386 δὲ
2580 4335 2707 4396 τοὺς
2758 4334 2965 4385 ἑαυτῶν
3008 4332 3304 4404 προγόνους
3346 4329 3567 4385 εἰδόσιν.

1996 4427 2278 4480 Ἀδύνατον
2306 4423 2399 4480 οὖν
2452 4425 2590 4479 θεῶν
2644 4425 2828 4479 παισὶν
2883 4426 3149 4489 ἀπιστεῖν,
3185 4424 3388 4493 καίπερ
3433 4422 3568 4476 ἄνευ

1983 4520 2207 4571 εἰκότων
2232 4517 2326 4570 καὶ
2354 4517 2667 4585 ἀναγκαίων
2699 4515 3026 4581 ἀποδείξεων
3050 4515 3319 4584 λέγουσιν,
3353 4512 3468 4568 ἀλλ’
3487 4514 3571 4579 ὡς

1981 4609 2153 4661 οίκεία
2201 4607 2511 4676 φασκόντων
2555 4605 2937 4674 ἀπαγγέλλειν,
2969 4604 3264 4675 ἑπομένους
3295 4603 3372 4675 τῷ
3412 4603 3571 4675 νόμῳ

1984 4696 2321 4751 πιστευτέον.
2354 4695 2540 4759 Οὕτως
2566 4691 2659 4749 οὖν
2692 4697 2813 4749 κατ’
2842 4695 3089 4758 ἐκείνους
3122 4696 3252 4765 ἡμῖν
3285 4696 3318 4765 ἡ
3348 4694 3568 4763 γένεσις

1983 4789 2111 4860 περὶ
2136 4786 2350 4857 τούτων
2362 4786 2471 4840 τῶν
2499 4786 2634 4839 θεῶν
2661 4786 2831 4857 ἐχέτω
2853 4788 2946 4841 καὶ
2966 4785 3227 4856 λεγέσθω,
3251 4786 3358 4856 Γῆς
3379 4802 3440 4838 τε
3463 4786 3567 4839 καὶ

1982 4876 2225 4951 Οὐρανοῦ
2256 4877 2443 4941 παῖδες
2466 4879 2712 4942 Ὠκεανὸς
2732 4879 2823 4931 καὶ
2854 4878 3035 4950 Τηθὺς
3075 4877 3391 4949 ὲγενέσθηψ
3437 4877 3568 4930 τού-

1981 4988 2089 5024 των
2130 4971 2186 5024 se
2217 4968 2445 5040 Φόρκυς,
2479 4970 2686 5041 Κρόνος
2733 4986 2793 5022 τε
2838 4969 2933 5023 καὶ
2969 4969 3113 5034 Ῥέα,
3137 4969 3232 5023 καὶ
3270 4969 3383 5021 ὅσοι
3418 4968 3569 5038 μετὰ

1981 5061 2217 5114 τούτων·
2253 5062 2319 5113 ἐκ
2349 5060 2407 5113 δὲ
2435 5060 2642 5131 Κρόνου
2671 5078 2732 5114 τε
2767 5061 2861 5115 καὶ
2901 5060 3057 5125 Ῥέας
3097 5060 3428 5129 Ζεὺς,⁶Ἡρα,
3463 5059 3570 5113 καί⁵

1983 5154 2182 5215 πάντες
2218 5153 2374 5215 ὅσους
2405 5152 2561 5222 ἴσμεν
2594 5152 2801 5216 πάντας
2824 5151 3084 5223 ἀδελφοὺς
3111 5151 3437 5222 λεγομένους
3459 5151 3567 5206 αὑ-

1981 5244 2111 5308 τῶν,
2146 5244 2227 5297 ἔτι
2257 5261 2315 5297 τε
2345 5243 2548 5297 τούτων
2577 5244 2833 5314 ἐκγόνους
2876 5243 3087 5307 ἄλλους.
3118 5263 3137 5294 ι
3173 5242 3359 5298 Ταῦτά
3389 5259 3562 5316 φησιν

1980 5339 2010 5390 ὁ
2038 5337 2261 5391 Πλάτων
2304 5335 2589 5406 ἑπομένοις
2639 5335 2719 5406 τῷ
2751 5336 2900 5407 νόμῳ
2929 5336 3219 5389 πιστευτέα
3246 5331 3406 5400 εἷναι,
3434 5335 3563 5388 καί·

1983 5448 2089 5502 περ
2111 5431 2238 5484 ἄνευ
2278 5428 2503 5482 εἰκότων
2557 5430 2652 5483 καὶ
2683 5428 2995 5497 ἀναγκαίων
3036 5426 3362 5494 ἀποδείξεων
3401 5429 3562 5499 εἰρῆ-

1984 5520 2106 5575 σθαι
2162 5518 2301 5573 αὑτά
2349 5519 2709 5592 ὁμολογήσας.
2764 5521 3099 5593 Προσεκτέον
3146 5520 3221 5585 δὲ,
3269 5520 3343 5583 ὡς
3400 5519 3560 5573 οὐδὲν

376 5636 490 5710 (98)
532 5635 631 5695 Hic
661 5639 801 5696 idem
835 5640 989 5697 locus
1018 5640 1155 5696 infra
1182 5642 1460 5707 citabitur,
1498 5641 1595 5697 ubi
1624 5638 1871 5697 Platonis
1911 5653 2127 5697 errores
2161 5638 2410 5709 pluribus
2441 5647 2825 5713 exponentur._
