3832 6216
209 311 312 367 HS

1373 302 1699 358 PRJSPAR.
1743 298 1999 355 EVANG.
2037 299 2168 354 LIB.
2214 297 2278 353 11.

3376 304 3479 359 Hii

206 427 348 498 ἔχειν
376 427 689 499 ἀπόρρητον
715 425 816 489 τὰς
838 424 945 478 τῶν
974 424 1106 478 θεῶν
1130 423 1193 494 δὴ
1215 420 1588 494 προσηγορίας
1608 439 1668 474 τε
1698 421 1789 474 καί

1899 418 2169 475 Saturnus
2215 434 2280 473 ex
2333 415 2482 471 Rhea
2532 415 2718 472 Jovem
2765 414 3147 488 Iunonemque
3213 423 3476 491 suscepit,

204 519 553 588 γενεαλογίας
608 521 668 571 ἐν
714 518 1081 588 φυσιολογίαις
1139 515 1465 587 δηλούμενον
1512 515 1787 586 ἐμφαίνει.

202 608 368 675 Αὖθις
398 611 445 664 δ’
477 613 537 665 ὲν
565 610 775 682 ἑτέροις
804 611 834 663 ὁ
861 609 1043 682 αὐτὸς,
1077 608 1176 679 τὴν
1208 609 1422 666 οἰκείαν
1462 607 1791 680 ἀπογυμνῶν

201 705 560 775 προαίρεσιν,
610 675 774 756 πάλιν
827 675 1038 765 τούτοις
1080 675 1346 772 κέχρηται
1394 703 1508 763 τοῖς
1558 675 1787 771 ῥήμασι·

207 814 225 845 ι
256 795 369 866 (99)
396 795 623 866 Πρῶτον
654 794 776 865 μὲν,
810 789 879 864 ἦν
910 793 955 846 δ’
981 791 1112 860 ἐγὼ,
1140 792 1203 845 τὸ
1238 792 1494 863 μέγιστον
1528 793 1620 845 καὶ
1666 792 1793 862 περ).

199 886 308 939 τῶν
335 885 613 955 μεγίστων
634 883 831 952 ψεῦδος
852 886 881 936 ὁ
900 881 1067 936 εἰπὼν
1099 883 1160 935 οὐ
1187 882 1367 946 καλῶς
1393 881 1689 952 ἐψεύσατο·
1717 882 1794 946 ὼς

201 973 448 1046 οὐρανός
498 991 560 1027 τε
612 975 928 1044 εἰργάσατο,
963 973 1001 1028 ὅ,
1033 990 1165 1045 φησι
1195 974 1392 1041 δρᾶσαι
1417 974 1579 1028 αὐτὸν
1614 974 1794 1027 Ἠσίο-

200 1065 308 1128 δος,
350 1066 382 1118 ὅ
424 1082 488 1117 τε
518 1061 586 1118 αὖ
619 1066 849 1136 Κρόνος,
884 1065 959 1129 ὡς
990 1067 1369 1136 ἐτιμωρήσατο
1401 1066 1581 1121 αὐτόν.
1616 1067 1680 1119 Τί
1709 1067 1795 1121 δαὶ

199 1157 262 1226 δὴ
296 1157 373 1227 (Ι)
402 1156 475 1209 τὰ
503 1154 598 1209 τοῦ
630 1156 844 1227 Κρόνου
869 1156 1008 1227 ἔργα
1035 1157 1127 1209 καὶ
1159 1157 1303 1227 πάθη
1331 1157 1436 1211 ὑπὸ
1472 1156 1568 1210 τοῦ
1597 1158 1747 1222 υίέος
1774 1176 1790 1225 ;

198 1248 392 1300 oea'av
416 1250 467 1300 εἰ
497 1243 566 1318 ἦν
595 1247 790 1319 ἀληθῆ,
825 1246 981 1319 ᾤμην
1008 1247 1117 1300 δεῖν
1148 1248 1347 1318 ῥᾳδίως
1374 1248 1630 1318 λέγεσθαι
1655 1250 1797 1305 οὕτω

201 1336 339 1408 πρὸς
376 1338 622 1409 ἄφρονάς
647 1354 707 1390 τε
740 1337 837 1390 καὶ
870 1338 1021 1402 νέους
1042 1355 1056 1368 ·
1086 1339 1222 1393 ἀλλὰ
1253 1340 1488 1411 μάλιστα
1518 1342 1615 1411 μὲν
1644 1343 1798 1411 σιγᾶ-

200 1428 363 1480 σθαι’
417 1432 468 1483 εί
520 1429 564 1482 δ’
594 1430 809 1500 ἀνάγκη
862 1446 947 1493 τις
996 1424 1064 1501 ἦν
1112 1430 1312 1499 λέγειν,
1368 1430 1437 1483 δι’
1470 1432 1797 1503 ἀπορρήτων

200 1522 423 1576 ἀκούειν
450 1522 531 1585 ὡς
557 1521 886 1591 ὀλιγίστους,
911 1521 1252 1592 θυσαμένους
1274 1523 1335 1575 ού
1364 1526 1561 1595 χοῖρον,
1590 1525 1725 1580 ἀλλά
1744 1543 1797 1579 τι

201 1616 345 1686 μέγα
369 1615 463 1669 καὶ
484 1614 797 1687 ἀπόρρητον
819 1614 921 1685 (1⁸)
952 1613 1118 1685 θῦμα,
1136 1616 1283 1679 ὅπως
1306 1617 1371 1670 ἂν
1403 1617 1703 1688 ἐλαχίστοις
1721 1619 1795 1690 (2)

202 1705 401 1776 συνέϐη
448 1703 702 1758 ἀκοῦσαι.
736 1704 849 1756 Καὶ
877 1704 1006 1775 γὰρ,
1039 1699 1119 1775 ἧδ’
1152 1705 1212 1769 ὃς
1243 1706 1342 1774 (5),
1391 1701 1538 1761 οὗτοι
1568 1709 1617 1761 oi
1648 1708 1793 1777 λόγοι

1894 525 2019 564 cum
2046 508 2273 579 reliquis
2299 507 2576 574 omnibus,
2605 523 2747 580 quos
2774 510 3059 565 amborum
3090 509 3288 568 fratres
3318 515 3483 583 vulgo

1896 602 2171 658 recenseri
2214 602 2505 666 novimus;
2551 601 2735 671 itaque
2762 600 3018 672 deinceps
3055 602 3252 674 reliqui
3284 618 3477 660 eorum

1894 693 2101 764 posteri
2135 702 2514 749 numerantur.
2546 712 2565 745 ι
2618 691 2747 747 Haec
2790 701 2939 757 sunt,
2983 694 3183 764 quibus
3209 694 3364 750 Plato
3413 713 3477 751 ex

1897 786 2113 856 placitis
2179 786 2526 857 decretisque
2592 785 2772 857 legum
2827 784 2985 841 ﬁdem
3049 787 3250 844 habere
3297 790 3472 859 jubet,

1898 878 2115 933 tametsi
2156 893 2219 932 ea
2258 877 2427 935 nullis
2466 886 2561 934 aut
2603 878 3037 932 necessariorum
3083 889 3177 935 aut
3215 882 3474 952 probabi-

1897 970 2030 1025 lium
2061 980 2506 1039 argumentorum
2534 971 2825 1026 momentis
2851 971 2952 1025 niti
2992 969 3243 1026 fateatur.
3282 972 3337 1026 In
3366 987 3477 1043 quo

1899 1062 2199 1117 notandum
2247 1060 2381 1115 illud
2416 1062 2472 1116 in
2511 1063 2727 1132 primis,
2769 1063 2914 1134 quod
2957 1063 3089 1117 nihil
3135 1063 3362 1117 omnino
3392 1081 3478 1120 re-

1897 1152 2102 1208 conditi
2150 1153 2203 1206 in
2249 1152 2351 1207 ista
2393 1152 2738 1223 egregiorum
2777 1153 3068 1207 numinum
3107 1154 3194 1209 vel
3236 1154 3477 1223 appella-

1897 1244 2064 1309 tione,
2098 1242 2184 1297 vel
2224 1243 2440 1313 generis
2479 1244 2619 1299 serie
2658 1244 2948 1312 contineri,
3002 1245 3148 1314 quod
3192 1245 3474 1317 physiolo-

1897 1335 1998 1407 giae
2030 1336 2331 1390 rationibus
2361 1335 2684 1404 explicetur,
2716 1337 2919 1392 diserte
2948 1338 3289 1406 pronuntiat.
3326 1336 3473 1392 idem

1896 1442 2027 1482 vero
2066 1427 2193 1481 alibi
2233 1442 2388 1482 suam
2424 1428 2539 1497 ipse
2579 1436 2817 1483 mentem
2858 1428 3094 1498 ingenue
3136 1427 3476 1499 candideque

1898 1518 2168 1588 aperiens,
2204 1517 2278 1573 ita
2325 1519 2566 1589 loquitur
2610 1537 2672 1573 ε(
2703 1518 2842 1573 Tum
2870 1533 2993 1591 ego,
3038 1521 3091 1573 in
3134 1520 3348 1590 primis,
3393 1520 3477 1574 in-

1899 1626 2086 1679 quam,
2132 1611 2429 1666 maximum
2480 1611 2611 1667 illud
2656 1626 2721 1666 ac
2758 1611 2825 1666 de
2855 1611 3111 1666 maximis
3137 1612 3301 1667 rebus
3329 1626 3478 1666 men-

1899 1704 2116 1759 dacium
2153 1705 2245 1774 qui
2277 1704 2507 1774 prowlit
2544 1703 2835 1771 Hesiodus,
2868 1719 2976 1759 non
3017 1704 3152 1761 satis
3183 1706 3477 1774 prudenter

199 1800 262 1870 δὴ
291 1798 542 1870 χαλεποί.
582 1798 693 1850 Καὶ
720 1799 783 1851 οὑ
819 1798 1027 1852 λεκτέοι
1060 1799 1136 1870 (ιι)
1166 1816 1252 1869 γε,
1286 1794 1332 1854 ὧ
1366 1802 1700 1874 Ἀδείμαντε,
1733 1806 1789 1857 ὲν

1899 1795 2160 1851 mentitus
2186 1805 2289 1860 est,
2326 1796 2441 1851 sive
2461 1797 2590 1852 dum
2622 1812 2709 1860 ea,
2742 1811 2864 1866 qua:
2893 1796 3352 1864 comminiscitur,
3388 1797 3475 1852 fa-

200 1895 265 1962 τῇ
309 1890 560 1961 ἡμετέρᾳ
605 1889 757 1944 πόλει
777 1908 790 1921 ·
823 1891 945 1944 οὐδὲ
973 1891 1149 1945 δοτέον
1178 1891 1255 1962 (5)
1287 1892 1392 1964 νέῳ
1419 1894 1688 1959 ἀκούοντι,
1717 1895 1792 1959 ὡς

202 1982 402 2034 ἀδικῶν
419 1983 491 2034 τά
508 1981 713 2051 ἕσχατά
726 1998 814 2051 γε,
830 1981 938 2035 οὐδ’
960 1982 1057 2052 (5‘)
1089 1982 1155 2036 ἂν
1185 1981 1495 2053 θαυμαστὸν
1526 1989 1670 2039 ποιοῖ
1693 1984 1791 2057 (6),

202 2072 310 2124 οὐδ’
347 2068 416 2125 αὖ
468 2072 756 2127 ἀδικοῦντα
805 2073 1018 2144 πατέρα
1064 2075 1307 2140 κολάζων
1361 2076 1525 2131 παντὶ
1569 2077 1757 2149 τρόπῳ
1774 2094 1788 2108 °

202 2161 336 2213 ἀλλὰ
376 2161 525 2232 δρῴη
575 2161 662 2224 ἂν,
694 2163 831 2231 ὅπερ
876 2160 1012 2213 θεῶν
1061 2163 1107 2213 οί
1158 2161 1367 2233 πρῶτοί
1394 2179 1454 2215 τε
1491 2163 1586 2216 καί
1629 2163 1791 2233 μέγι-

208 2267 320 2302 στοι
352 2249 594 2320 (7).Οὑδὲ
618 2249 767 2320 αὐτῷ
796 2267 887 2320 μοι
912 2249 1062 2303 δοκεῖ
1103 2252 1380 2324 ἐπιτήδεια
1414 2249 1552 2305 εἶναι
1590 2252 1789 2321 λέγειν.

204 2338 337 2392 θεεδὲ
360 2354 446 2407 γε,
476 2334 544 2409 ἦν
579 2339 624 2392 δ’
657 2336 789 2407 ἐγὼ,
824 2337 886 2391 τὸ
922 2341 1202 2413 παράπαν,
1232 2341 1307 2405 ὡς
1330 2341 1442 2394 θεοὶ
1467 2342 1607 2406 θεοῖς
1634 2343 1793 2396 πολε-

208 2428 389 2498 μοῦσι,
417 2431 514 2481 καί
542 2428 987 2494 ἐπιϐουλεύουσι,
1040 2432 1133 2485 καὶ
1166 2432 1464 2503 μάχονται·
1513 2432 1637 2485 οὔτε
1683 2432 1793 2506 γὰρ

204 2523 402 2593 ἀληθῆ,
426 2524 480 2575 εί
499 2539 563 2592 γε
590 2523 674 2576 δεῖ
699 2525 830 2593 ἡμῖν
857 2525 987 2588 τοὺς
1011 2524 1302 2594 μέλλοντας
1326 2526 1426 2597 τὴν
1447 2524 1600 2579 πόλιν
1626 2525 1795 2596 φυλά-

205 2614 336 2680 ξειν,
369 2614 649 2684 αἴσχιστον
673 2616 917 2685 νομίζειν
945 2616 1006 2669 τὸ
1037 2616 1234 2687 ῥᾳδίως
1272 2617 1524 2689 ἀλλήλοις
1553 2617 1795 2689 ἀπεχθά-

202 2704 419 2758 νεσθαι·
451 2705 649 2758 πολλοῦ
680 2706 761 2759 δεῖ
800 2706 1229 2778 γιγαντομαχίας
1281 2707 1671 2780 μυθολογητέον
1698 2711 1795 2762 αὐ-

202 2801 338 2861 τοῖς,
382 2799 481 2852 καὶ
520 2799 772 2862 ποικίλας
811 2799 1013 2872 ἔχθρας
1045 2802 1138 2854 καὶ
1167 2800 1518 2865 παντοδαπὰς
1547 2801 1684 2856 θεῶν
1732 2819 1792 2854 τε

205 2893 301 2943 καὶ
331 2889 532 2961 ἡρώων
583 2892 721 2961 πρὸς
777 2895 1057 2961 συγγενεῖς
1087 2909 1147 2945 τε
1191 2892 1286 2946 καὶ
1327 2893 1559 2956 οἰκείους
1593 2892 1789 2946 αὐτῶν.

220 2982 362 3035 Ἀλλ’
397 2980 452 3035 εῖ
480 2999 599 3046 πως
626 2983 917 3054 μέλλοιμεν
947 2984 1183 3047 πείσειν,
1224 2983 1302 3047 ὡς
1346 2985 1525 3047 οὐδεὶς
1574 2982 1793 3037 πώποτε

206 3075 438 3147 πολίτης
466 3074 656 3146 ἕτερος
685 3076 858 3146 ἑτέρῳ
874 3075 1170 3147 ἀπήχθετο,
1194 3076 1304 3128 οὐδ’
1336 3075 1416 3128 ἔτι
1445 3076 1601 3130 τοῦτο
1624 3077 1790 3144 ὅσιον,

203 3164 436 3217 τοιαῦτα
487 3164 687 3236 μᾶλλον
723 3166 919 3219 λεκτέα
970 3166 1105 3240 πρὸς
1129 3166 1200 3220 τὰ
1240 3167 1426 3221 παιδία
1470 3169 1651 3233 εὐθὺς,
1700 3170 1796 3224 καὶ
1822 3140 1864 3196 C

204 3259 433 3329 γέρουσι
454 3257 552 3310 καὶ
577 3259 780 3331 γραυσί
810 3259 907 3312 καὶ
937 3259 1327 3331 πρεσϐυτέροις
1353 3261 1684 3331 γενομένοις,
1701 3262 1797 3315 καὶ

198 3350 333 3411 τοὺς
359 3348 595 3420 ποιητὰς
619 3350 786 3419 ἐγγὺς
816 3350 1020 3403 τούτων
1057 3351 1430 3418 ἀναγκαστέον
1469 3350 1791 3420 λογοποιεῖν.

205 3438 389 3506 Ἥρας
412 3438 472 3491 δὲ
497 3440 732 3510 δεσμοὺς
759 3440 866 3494 ὑπὸ
884 3443 1005 3506 Διὸς
1024 3443 1122 3513 (8),
1157 3444 1251 3496 καὶ
1287 3443 1581 3512 Ἡφαίστου
1619 3443 1796 3516 ῥίψεις

203 3529 313 3582 ύπὺ
339 3531 552 3602 πατῴς
586 3531 876 3601 μέλλοντος
906 3538 972 3604 τῇ
1016 3535 1181 3606 μητρὶ
1204 3535 1515 3607 τυπτομένῃ
1544 3534 1793 3606 ἀμύνειν,

201 3624 299 3677 καὶ
322 3624 646 3696 θεομαχίας,
672 3627 802 3690 ὅσας
841 3627 1082 3699 Ὄμηρος
1115 3628 1432 3700 πεποίηκεν,
1475 3629 1535 3682 οὐ
1562 3630 1798 3703 παραδε-

200 3716 362 3770 κτέον
385 3718 470 3778 είς
495 3717 597 3785 τὴν
626 3717 798 3784 πόλιν,
828 3717 938 3771 οὔτ’
988 3722 1045 3771 ἐν
1079 3721 1356 3783 ὑπονοίαις
1398 3722 1792 3793 πεποιημένας,

200 3809 317 3861 οὔτ’
364 3808 499 3862 ἄνευ
535 3808 804 3862 ὑπονοιῶν
833 3807 931 3878 (9).
971 3829 989 3861 ι
1055 3810 1251 3879 Σαφῶς
1292 3811 1354 3882 δὴ
1401 3811 1488 3866 διὰ
1517 3812 1719 3866 τούτων
1766 3814 1795 3866 ὁ

202 3900 500 3969 φιλόσοφος
542 3901 638 3953 καὶ
678 3901 806 3964 τοὺς
844 3900 953 3954 τῶν
994 3902 1237 3955 παλαιῶν
1271 3902 1468 3973 μύθους
1498 3904 1622 3968 τοὺς
1667 3903 1796 3976 περὶ

202 3989 369 4053 ῦεῶν,
401 3992 496 4043 καὶ
529 3991 630 4058 τὰς
656 3993 764 4046 τῶν
794 3991 979 4064 μύθων
1010 3995 1067 4045 ὲν
1106 3993 1382 4057 ὑπονοίαις
1413 3994 1666 4065 εἰρῆσθαι
1707 3982 1815 4048 νο·-¹

204 4080 513 4149 μιζομένας
534 4082 882 4151 φυσιολογίας
920 4082 1291 4153 παραιτητέας
1332 4079 1471 4136 εἶναι
1514 4083 1788 4138 διδάσκει·

202 4173 281 4235 ὡς
306 4172 504 4242 μηκέτ’
537 4173 747 4241 ἀλόγως
775 4175 907 4244 ἡμῖν
940 4174 1033 4226 καί
1054 4173 1153 4245 τὴν
1187 4175 1251 4226 ὲκ
1283 4172 1486 4226 τούτων
1509 4173 1793 4245 ἀναχώρη-

206 4280 290 4316 σιν
314 4265 419 4336 τὴν
452 4264 550 4318 τοῦ
581 4267 833 4337 Σωτῆρος
863 4266 1019 4338 ἡμῶν
1048 4265 1497 4336 εὐαγγελίζεσθαι
1538 4266 1793 4320 διδασκα-

202 4355 347 4421 λίαν,
370 4357 539 4410 ὁπότε
568 4360 661 4411 καί
688 4358 823 4429 πρὸς
842 4357 949 4413 τῶν
972 4359 1184 4413 οἰκείων
1219 4358 1606 4432 ἀποϐέϐληται.
1630 4360 1792 4415 Ὅθεν

1898 1886 2086 1941 cinora
2107 1886 2259 1946 Cario
2279 1886 2487 1952 tribuit,
2519 1887 2633 1943 sive
2654 1888 2783 1943 dum
2818 1904 2956 1959 quas
2980 1886 3251 1943 Saturnus
3279 1889 3348 1945 de
3375 1889 3468 1943 illo

1900 1989 2091 2044 poenas
2126 1979 2467 2049 expetiverit,
2511 1989 2924 2038 commemorat.
2960 1979 3095 2037 Nam
3141 1996 3264 2051 qua:
3291 1979 3477 2036 Satur-

1900 2084 2004 2124 nus
2024 2069 2182 2135 ,idem
2228 2072 2314 2126 vel
2353 2080 2696 2143 perpetrasse
2742 2073 2964 2139 dicitur,
3002 2074 3088 2128 vel
3132 2089 3161 2129 a
3200 2073 3313 2129 lilio
3358 2089 3477 2143 per-

1900 2162 2114 2229 tulisse,
2157 2177 2222 2218 ea
2262 2177 2333 2218 ne
2366 2164 2410 2219 si
2436 2179 2564 2218 vera
2609 2164 2828 2233 quidem
2878 2173 3085 2232 essent,
3120 2174 3298 2221 tamen
3332 2165 3475 2236 apud

1900 2253 2150 2309 homines
2199 2254 2404 2310 nullius
2454 2255 2668 2310 consilii
2713 2271 2917 2326 eosque
2972 2256 3362 2316 adolescentes.
3418 2262 3477 2310 ut

1900 2345 2059 2401 facile
2098 2346 2234 2402 adeo
2266 2355 2579 2415 temereque
2617 2345 2975 2416 jactarentur,
3013 2361 3124 2402 non
3164 2348 3474 2417 probarem,

1901 2436 1994 2492 sed
2019 2437 2217 2508 potius,
2238 2446 2333 2492 aut
2355 2445 2415 2492 ut
2431 2436 2656 2491 omnino
2683 2436 2970 2492 silerentur
2996 2441 3231 2494 maxime
3252 2440 3473 2506 vellem;

1901 2535 1996 2580 aut
2038 2526 2085 2580 si
2130 2526 2351 2596 quando
2401 2524 2493 2579 illa
2536 2523 2773 2595 proferri
2821 2539 3043 2580 necesse
3089 2532 3257 2591 esset,
3286 2524 3474 2579 saltem

1901 2626 1960 2672 ut
1997 2627 2208 2673 secreto
2238 2626 2404 2687 atque
2442 2631 2473 2670 a
2503 2615 2695 2687 paucis
2734 2615 3074 2680 audirentur,
3103 2616 3194 2685 qui
3233 2631 3340 2670 non
3360 2617 3476 2685 jam

1898 2723 2148 2779 porcum,
2182 2707 2274 2762 sed
2305 2706 2562 2759 eximiam
2594 2705 2832 2775 aliquam
2877 2719 3167 2774 raramque
3197 2704 3474 2759 victimam

1901 2799 2293 2865 sacrificarent,
2339 2806 2398 2852 ut
2449 2798 2552 2852 hoc
2594 2805 2754 2866 pacto
2797 2811 2906 2849 non
2961 2795 3069 2850 nisi
3113 2794 3477 2865 paucissimos

1900 2890 2171 2962 ejusmodi
2211 2890 2557 2951 sermonibus
2599 2890 2865 2946 interesse
2906 2887 3263 2960 contingeret.
3311 2888 3473 2953 Sane,

1899 2979 2078 3051 inquit
2123 2972 2230 3045 ille,
2268 2994 2461 3051 graves
2500 2979 2646 3034 enim
2693 2995 2755 3034 ac
2786 2978 3104 3049 perniciosae
3131 2979 3327 3034 fabula:
3359 2980 3477 3035 ista:

1900 3081 2049 3129 sunt.
2103 3070 2236 3135 lmo,
2293 3087 2396 3127 nec
2455 3070 2725 3126 ullatenus
2777 3071 3047 3141 (inquam,
3090 3085 3125 3126 o
3170 3072 3475 3145 Adimante)

1897 3172 2085 3218 nostra
2116 3163 2171 3217 in
2199 3162 2477 3233 republica
2513 3162 2813 3217 audiendae.
2854 3161 2964 3216 Nec
2990 3163 3135 3217 enim
3169 3162 3475 3231 ferendum,

1899 3263 1960 3309 ut
1996 3254 2196 3324 juvene
2227 3254 2413 3324 aliquo
2446 3262 2712 3323 praesente
2744 3254 2977 3317 dicatur,
3006 3254 3088 3309 vel
3121 3255 3215 3324 qui
3260 3255 3476 3310 teterri-

1896 3344 2002 3399 mis
2035 3344 2346 3415 quibusque
2379 3342 2679 3399 sceleribus
2716 3344 2956 3414 seipsum
2996 3343 3341 3414 obstringat,
3389 3344 3474 3399 vel

1896 3441 1991 3510 qui
2048 3449 2296 3510 acceptas
2360 3455 2390 3494 a
2446 3449 2600 3510 patre
2672 3439 2901 3508 injurias
2970 3438 3147 3494 modis
3215 3439 3474 3494 omnibus

1898 3533 2215 3600 ulciscatur,
2244 3548 2369 3588 eum
2412 3533 2548 3588 nihil
2583 3532 2875 3587 admodum
2911 3531 3198 3587 insolentis
3244 3547 3307 3586 ac
3343 3533 3473 3587 novi

1896 3635 2206 3695 perpetrare
2250 3668 2265 3694 ,
2310 3640 2434 3682 cum
2476 3643 2539 3683 ea
2571 3635 2781 3681 tantum
2838 3624 3035 3691 faciat,
3088 3640 3209 3695 quae
3256 3640 3286 3679 a
3328 3625 3474 3693 prin-

1896 3715 2110 3785 cipibus
2162 3719 2528 3789 maximisque
2592 3719 2823 3774 deorum
2884 3714 3029 3770 facta
3074 3730 3194 3770 esse
3238 3724 3467 3771 constet.

1896 3805 2033 3862 Tum
2083 3807 2212 3866 ille:
2251 3808 2517 3879 Equidem
2571 3809 2674 3864 ista
2716 3798 2932 3878 quoque
2978 3821 3203 3877 prorsus
3254 3805 3471 3875 indigna

1896 3914 2112 3965 censeo,
2141 3916 2263 3970 quae
2290 3901 2574 3956 hominum
2601 3901 2825 3956 auribus
2851 3900 3190 3955 occinantur.
3229 3897 3334 3968 77
3359 3895 3475 3968 Ego

1894 4011 2045 4062 vero,
2073 3997 2181 4051 Nec
2214 3995 2377 4061 illud,
2412 3996 2661 4067 inquam,
2689 3996 2799 4051 ullo
2842 3995 3006 4050 modo
3048 3992 3189 4049 ferre
3226 4006 3470 4062 possum,

1895 4097 1954 4141 ut
2000 4098 2189 4142 mutua
2229 4088 2458 4143 deorum
2500 4087 2675 4152 bella,
2721 4087 2964 4151 insidiae,
3000 4084 3295 4158 praeliaque
3345 4100 3472 4138 nar-

1894 4187 2102 4245 rentur,
2130 4195 2253 4235 cum
2283 4180 2337 4235 id
2360 4197 2549 4237 verum
2574 4197 2696 4237 esse
2727 4188 2979 4251 nequeat,
2998 4179 3044 4235 si
3071 4180 3234 4234 modo
3249 4179 3470 4249 quiser-

1892 4270 2127 4332 vandam
2178 4272 2701 4343 custodiendamque
2737 4270 3126 4340 rempublicam
3161 4270 3469 4340 suscepturi

1896 4374 2043 4429 sunt,
2088 4378 2183 4418 eos
2224 4372 2446 4419 mutuas
2497 4363 2793 4433 facilesque
2828 4362 3056 4416 nimium
3100 4361 3471 4417 dissensiones

204 4448 383 4500 {meai
420 4465 516 4519 μοι
546 4449 641 4502 καὶ
670 4450 799 4513 τοὺς
832 4450 1089 4515 παλαιοὺς
1121 4450 1231 4504 τῶν
1265 4450 1550 4521 Ῥωμαίων
1583 4450 1789 4523 θαυμά-

1899 4465 2155 4528 tanquam
2225 4455 2553 4512 fmdissimas
2606 4456 2810 4510 habere
2878 4452 3179 4523 oportebit.
3235 4450 3471 4507 Tantum

274 4586 395 4724 (99)
441 4584 623 4640 Locus
649 4595 733 4640 est
758 4600 823 4637 ex
852 4600 891 4637 ιι
918 4583 995 4638 De
1016 4584 1241 4652 republ.,
1274 4600 1331 4655 p.
1358 4585 1485 4640 429.

305 4657 355 4724 l)
404 4656 468 4709 Τί
497 4655 594 4709 δαὶ
628 4655 725 4719 δή.
768 4655 944 4718 Plato,
981 4656 1060 4708 Τὰ
1085 4656 1141 4709 δὲ
1178 4655 1264 4724 δή,
1299 4656 1485 4711 melius

305 4657 355 4724 ι)
404 4656 468 4709 Τί
497 4655 594 4709 δαί
628 4655 725 4719 δή.
768 4655 944 4725 Plato,
981 4656 1060 4708 Τὰ
1085 4656 1141 4709 δὲ
1178 4655 1264 4725 δή,
1299 4656 1513 4711 melius.

274 4727 380 4795 (ι’)
432 4726 822 4793 Ἀπόρῤητον.
864 4724 945 4779 ΡΙ.
979 4736 1033 4780 et
1064 4741 1190 4787 ms.,
1234 4724 1467 4796 ἄπορον,
1521 4734 1685 4790 recte,
1733 4728 1789 4781 ni

204 4798 388 4859 fallor,
438 4797 494 4849 id
541 4808 647 4861 est,
678 4812 862 4849 raram
903 4796 1168 4849 victimam
1204 4807 1501 4865 paratuque
1542 4797 1791 4866 di/ﬁcilli-

202 4884 348 4921 mam
368 4884 387 4931 ;
408 4882 479 4920 ex
507 4881 619 4935 quo
649 4868 815 4920 etiam
846 4869 1051 4936 optime
1082 4867 1350 4935 sequitur,
1370 4882 1576 4936 paucos
1599 4869 1790 4923 admo-

198 4942 336 4993 dum
368 4938 478 4990 boc
511 4937 786 4991 sermonis
816 4952 988 4993 genus
1024 4936 1326 4991 audituros.

238 4954 336 4992 um
368 4947 478 4990 hoc
511 4951 786 4991 sermonis
816 4952 988 5006 genus
1024 4947 1326 4991 audituros.

274 5008 359 5073 (Ξ)
402 5008 598 5077 Ὅπως
620 5004 699 5059 ἂν
728 5007 899 5073 sm.
942 5006 1151 5070 Melius,
1198 5022 1361 5077 quam
1405 5015 1466 5061 ut
1508 5005 1613 5070 PL,
1669 5007 1697 5060 ὃ
1736 5025 1789 5061 τι

196 5082 353 5160 ὅπως
386 5077 471 5160 ἐελ.
513 5075 681 5130 Forte
723 5081 1039 5147 scripserat,
1074 5075 1231 5141 amni
1259 5077 1326 5130 ἂν
1360 5077 1442 5130 ὅτι
1488 5077 1790 5147 ἐλαχίστοις

200 5148 478 5219 συμϐαίη.
968 5198 977 5216 ι

269 5220 351 5287 (ὅ)
391 5214 529 5290 ΊΓ11δῖ
575 5217 665 5283 ὅς.
730 5218 809 5290 ita
860 5216 1206 5290 reposuimus
1254 5234 1323 5273 ex
1369 5216 1506 5272 Plat.
1560 5234 1657 5286 pro
1702 5214 1787 5290 ἧδ’

196 5291 351 5350 ὅσον,
383 5288 532 5354 quod
561 5288 851 5358 perspicue
884 5288 1203 5342 mendosum
1239 5298 1375 5343 erat.

256 5360 337 5429 (4)
372 5358 489 5412 Καὶ
502 5362 717 5413 οῠλεκ.
732 5359 809 5412 lta
824 5369 971 5413 recte
989 5358 1631 5429 distinguitPi.Loquitur
1643 5360 1786 5413 enim

201 5428 630 5527 gagates;
670 5431 835 5496 etiam
881 5429 1026 5499 apud
1074 5428 1212 5484 Plat.
1255 5431 1618 5498 interponitur
1650 5429 1786 5501 ἔφην

202 5511 329 5554 ante
354 5499 404 5552 ὦ
443 5499 654 5569 Ἀδείμ.
1744 5499 1750 5501 “

230 5644 243 5653 .
269 5569 637 5694 ﬂﬁméor.
680 5568 784 5635 PL,
806 5569 1046 5651 λεκτέον,
1068 5569 1207 5637 quod
1240 5567 1452 5648 facilius
1472 5578 1574 5635 est,
1602 5577 1790 5623 tamet-

202 5656 244 5694 ιι
372 5656 459 5694 εον
485 5652 693 5694 onttmo
722 5657 886 5694 sensu
923 5643 1028 5692 dict
1056 5648 1308 5694 notuertt.

200 5644 244 5695 si
269 5643 459 5694 δοτέον
485 5643 693 5709 optimo
722 5657 886 5698 sensu
923 5643 1028 5692 diei
1056 5643 1308 5709 potuerit.

269 5658 459 5694 ωτεον
485 5658 518 5695 o
560 5658 693 5699 umo
722 5658 886 5698 sensu
923 5658 1028 5692 arei
1056 5658 1122 5709 po

269 5712 331 5773 t3
360 5712 376 5778 ᾗ
423 5658 588 5764 013g“.
626 5709 789 5765 Forte
817 5713 942 5766 οὐκ,
968 5709 1123 5763 Eutr.

274 5785 353 5852 (ti,
394 5780 524 5836 Bac
568 5782 712 5852 apud
752 5782 890 5837 Plat.
936 5781 1018 5837 sic
1065 5782 1334 5853 leguntur,
1362 5781 1435 5847 ὡς
1468 5779 1666 5835 ἀδικῶν
1716 5779 1785 5834 τὰ

1893 4593 2114 4666 ἔσχατα,
2142 4593 2296 4649 οὐδὲν
2321 4590 2388 4647 ἂν
2412 4591 2725 4665 θαυμαστὸν
2751 4591 2914 4656 ποιοῖ,
2942 4604 3064 4661 quae
3096 4589 3254 4647 lectio
3282 4590 3475 4660 purior

1892 4666 2124 4720 videtur.

1966 4735 2212 4807 (7)_Post
2247 4736 2491 4807 μέγιστοι
2513 4732 2677 4807 _Plato
2731 4732 2804 4786 ita
2859 4729 3092 4787 scribit:
3127 4731 3207 4784 ΟιξιΔ
3251 4729 3328 4799 μὰ
3381 4730 3473 4782 τὸν

1893 4802 2123 4877 Δία,’ἦδ’
2155 4802 2373 4877 ὃς,ὀύδ“
2399 4803 2547 4877 αύτῷ
2579 4821 2688 4877 μοι,
2724 4813 2831 4877 etc.

1963 4868 2037 4945 (8)
2066 4868 2399 4940 ’ὙπῦΆιόᾳ
2440 4868 2547 4939 Ρι.’,
2579 4868 2700 4945 ’ὑπὸ
2741 4872 2906 4935 υἱέος.
2970 4868 3184 4942 Jupiter
3219 4870 3472 4939 quidem,

1894 4944 2059 5004 Iliad.
2090 4947 2155 5011 0,
2181 4947 2266 5001 sui
2297 4954 2504 4998 tantum
2538 4944 2816 4997 meminit:

1929 5055 1945 5068 .
1968 5054 1981 5068 .
2005 5055 2018 5069 .
2060 5008 2200 5085 Περὶ
2218 5014 2636 5085 χερσὶνδεσμὸν
2654 5012 2796 5085 τηέα
2812 5013 3093 5085 χρύσνεᾳξζΔ
3108 5008 3426 5078 ἇρῤηκτον.

1894 5085 2055 5141 Forte
2081 5080 2153 5141 an
2184 5080 2406 5139 V'ul'cani
2460 5080 2679 5155 quoque
2704 5080 2961 5137 ’Jun'onis
3002 5080 3096 5134 ﬁlii
3139 5094 3303 5148 opera
3333 5094 3465 5133 usus

1891 5155 2076 5211 fuerit.

1962 5226 2038 5299 (9)
2082 5229 2263 5281 "Areu
2287 5226 2605 5279 ὑπονοιῶν.
2647 5226 2934 5277 Rationem
2978 5226 3464 5288 subjungitPlato,

1891 5298 2092 5353 summi
2133 5295 2464 5366 philosophi_
2478 5294 2812 5366 cogitatione
2838 5290 3210 5366 dignissimam
3239 5288 3329 5342 :‘0
3357 5286 3466 5366 γὰρ

1890 5368 2030 5430 νέος,
2059 5358 2257 5434 inquit,
2285 5358 2383 5435 οὐχ
2409 5358 2520 5435 οἷός
2564 5358 2625 5435 τε
2656 5363 2860 5435 κρίνειν
2883 5358 2989 5435 ὅςτί
3016 5376 3076 5435 τε
3106 5358 3350 5435 ὑπονοίᾳ,
3372 5359 3466 5411 καὶ

1888 5439 1916 5513 δ
2093 5429 2208 5513 ἀλλς
2236 5436 2272 5489 ἃ.
2294 5429 2708 5513 ἄν’τηλιξιοῦτος
2736 5431 2810 5485 ὢν
2844 5431 2983 5513 λάϐῃ
3008 5433 3071 5513 έν
3098 5432 3225 5513 ταῖς
3248 5429 3463 5513 Λδόξὲιὲν

1889 5493 2217 5561 δυσέὲςνιπτά
2264 5523 2322 5558 τε
2370 5493 2461 5558 καί
2506 5493 2856 5573 ἀμετάστατα
2890 5493 3029 5569 φιλεῖ
3054 5493 3464 5573 γίγνεσθαιξΩν

1888 5577 1951 5648 δὴ
1984 5577 2077 5629 καὶ
2114 5576 2244 5640 ἴσως
2287 5576 2469 5648 ἕνεκα,
2507 5567 2635 5644 περὶ
2667 5572 2865 5648 παντὸς
2904 5567 3174 5648 ποιητέον,
3208 5567 3464 5648 άπρίῦτα

1888 5639 2193 5772 ὰῂούὲυσιν,
2220 5639 2300 5700 ὅτι
2337 5639 2599 5699 κάλλιστα
2629 5639 3115 5715 μεμυθολογημένα
3171 5639 3306 5714 πρὸς
3322 5639 3471 5710 ἀρε-ι

1888 5735 1984 5772 την
2054 5734 2248 5771 κουειν.

1886 5735 1984 5790 την
2016 5734 2248 5772 ακουειν.

2082 5229 2263 5281 "Areu
2287 5223 2605 5279 ὑπονοιῶν.
2647 5221 2934 5277 Rationem
2978 5217 3464 5288 subjungitPlato,
