3832 6216
2518 164 2549 211 ι

337 322 441 378 M7
974 324 1245 381 EUSEBII
1285 324 1767 385 CAESARIENSIS
1805 326 1955 384 OPP.
2000 328 2183 384 PARS
2222 329 2285 385 ll.
2327 358 2398 369 —
2431 328 2942 386 APOLOGETICA.
3510 336 3609 391 HS

335 440 510 500 abest,
540 447 601 493 ut
631 437 703 493 iis
735 446 829 494 aut
877 438 1158 510 gigantum
1196 456 1407 512 pugnas
1437 443 1725 513 multiplici
1766 444 1903 499 fabul

2021 444 2154 510 ζειν,
2176 444 2297 498 τίνα
2328 444 2528 517 τρόπον
2552 445 2772 510 ἁπάσας
2799 445 2898 509 τάς
2961 444 3275 516 Ἑλληνικὰς
3316 446 3443 521 περὶ
3471 448 3611 505 θεῶν

336 534 512 588 larum
544 534 809 589 varietate
835 549 1174 604 perspersas,
1202 543 1299 590 aut
1330 537 1466 591 alias
1491 538 1673 593 omnis
1702 539 1903 609 generi:

2025 538 2372 609 φυσιολογίας
2390 538 2625 603 ἀτόπους
2641 538 2809 603 οὔσας
2838 540 2932 593 καὶ
2962 538 3283 608 ἀνωφελεῖς,
3324 539 3524 611 μᾶλλον
3550 540 3609 593 δὲ

336 613 674 691 inimicitias,
710 626 779 681 ab
805 626 938 696 ipsis
964 627 1071 682 diis
1107 636 1271 697 atque
1298 629 1560 684 heroibus
1583 646 1709 684 cum
1743 630 1903 685 aﬂini-

2028 632 2390 704 βεϐιασμένας
2420 632 2516 685 καὶ
2548 632 2887 704 ἀσυστάτους
2921 634 3354 704 κατανοήσαντες
3378 672 3393 696 ,
3424 634 3609 697 αὐτοῖς

338 668 674 691 ....,......,,
710 668 778 681 ..ν
805 668 938 696 Ὗς...
965 668 1071 682 ω...
1107 668 1270 697 ...νυ
1301 668 1560 684 ...ηυηιυσ
1584 668 1709 684 νυ...
1743 668 1903 685 πω...-

334 717 439 772 bus
489 719 922 788 necessariisque
966 728 1148 789 gestas
1191 720 1468 777 inculcare
1514 722 1722 777 deceat.
1771 721 1903 789 Quin

2028 668 2388 704 νςυιωυμςνμς
2423 668 2516 685 δυ..
2548 668 2850 685 “unum.
2923 668 3351 704 ,εαυυυυηυυιηες
3378 672 3393 696 ,
3424 668 3606 697 mm,

2028 726 2218 797 μύθοις
2241 724 2339 794 τῆς
2369 723 2573 788 οἰκείας
2601 668 2979 796 πριέγραξῖίαν
3010 724 3303 794 θεολογίας.
3323 727 3432 778 Καὶ
3451 725 3608 778 τοῦτο

335 810 470 874 imo,
512 808 556 863 si
589 818 827 864 mentem
890 809 1031 864 hanc
1081 812 1290 866 nostris
1325 811 1641 868 hominibus
1691 814 1903 883 injicere

2022 820 2080 873 δέ
2121 836 2204 872 σοι
2231 818 2433 887 γνῶναι
2465 818 2729 890 πάρεστιν
2766 816 2873 870 ἀπὸ
2897 818 2994 887 τῆς
3017 818 3292 870 Διονυσίου
3327 816 3421 869 τοῦ
3461 815 3608 870 Ἀλι-

334 901 641 969 cupiamus,
678 916 838 956 nemo
876 912 936 955 ut
969 918 1210 973 unquam
1237 903 1373 958 civis
1404 904 1722 973 popularem
1752 922 1903 961 suum

2024 908 2339 981 καρνασέως
2386 907 2702 979 Ῥωμαῖκῆς
2734 907 3133 978 ἀρχαιολογίας.
3182 900 3351 971 Οὗτος
3387 907 3497 978 γὰρ
3547 908 3608 961 ὲν

332 993 461 1048 odio
498 1002 884 1064 prosequatur,
935 995 1151 1065 hocque
1176 994 1330 1051 nefas
1372 997 1474 1050 sibi
1527 1006 1586 1051 ut
1626 1013 1749 1052 esse
1791 1013 1903 1068 per—

2021 1001 2100 1071 τῷ
2123 1000 2379 1071 δευτέρῳ,
2406 999 2474 1053 τὰ
2502 998 2644 1081 κατά
2685 1000 2962 1071 Ῥωμύλον
2995 1000 3085 1053 τὸν
3116 999 3331 1081 πρῶτον
3380 1000 3607 1071 κτίστην

332 1087 599 1141 suadeant
625 1105 638 1141 :
664 1087 838 1142 danda
876 1102 1041 1157 opera
1077 1086 1260 1155 fuerit,
1289 1096 1347 1141 ut
1377 1103 1499 1158 quae
1533 1088 1675 1144 hanc
1706 1089 1761 1143 in
1796 1104 1903 1144 rem

2020 1089 2119 1159 τῆς
2134 1086 2349 1159 Ῥώμης
2372 1086 2621 1159 ἱστορῶν,
2644 1088 2714 1141 τά
2744 1106 2803 1141 τε
2833 1088 2966 1142 ἄλλα
2994 1087 3243 1152 διέξεισιν
3279 1088 3445 1142 αὐτοῦ
3469 1106 3603 1142 κατ-

330 1188 636 1249 opportuna
669 1180 1018 1247 videbuntur,
1053 1197 1116 1236 ea
1167 1198 1276 1236 non
1323 1182 1490 1237 modo
1537 1198 1699 1239 senes
1751 1192 1903 1253 atque

2018 1179 2333 1252 ορθώματα,
2372 1180 2409 1234 ἆ
2439 1197 2500 1234 τε
2542 1180 2636 1234 καὶ
2664 1179 2733 1233 τὰ
2769 1181 2897 1252 περὶ
2928 1180 3094 1234 τῶνδε
3134 1180 3322 1235 νωῦτον
3373 1182 3604 1252 γράφων

331 1286 505 1335 anus,
555 1274 765 1343 quique
815 1274 952 1329 adeo
991 1273 1104 1343 jam
1145 1283 1302 1329 :etate
1348 1274 1676 1329 maturiores
1726 1283 1903 1338 erunt,

2019 1270 2110 1325 τὸν
2141 1270 2362 1342 τρόπον.
3490 1288 3495 1293 ·

330 1364 515 1435 pueris
579 1366 774 1421 crebro
830 1378 1297 1436 commemorent;
1370 1383 1558 1424 verum
1637 1370 1801 1423 etiam
1868 1375 1933 1422 ut
1994 1373 2167 1436 poeta:
2221 1365 2431 1421 similes
2480 1380 2697 1435 quoque
2755 1363 2971 1421 fabulas
3029 1366 3270 1422 scribere
3313 1375 3599 1441 cogantur.

326 1453 466 1510 Nam
522 1456 718 1526 injecta
763 1457 986 1528 quidem
1028 1456 1231 1512 Iunoni
1281 1474 1311 1513 a
1362 1459 1476 1513 [ilio
1522 1459 1773 1525 vincula,
1819 1466 1915 1513 aut
1962 1455 2271 1511 Vulcanum
2310 1456 2645 1526 pracipitem
2694 1471 2724 1510 a
2762 1464 2919 1528 patre
2972 1464 3186 1523 actum,
3248 1461 3395 1529 quod
3452 1460 3601 1515 infli-

327 1558 446 1605 ctas
484 1550 646 1604 matri
699 1550 888 1620 plagas
920 1550 1247 1620 propulsare
1302 1559 1617 1616 conaretur,
1657 1559 1755 1603 aut
1797 1547 2071 1619 ejusmodi
2114 1548 2403 1602 numinum
2465 1561 2707 1617 pugnas,
2748 1548 2939 1617 quales
2997 1550 3158 1605 nobis
3202 1548 3471 1606 Homerus
3516 1550 3600 1605 fa-

328 1640 569 1707 bulatur,
627 1656 722 1695 seu
769 1641 1001 1695 latentes
1061 1639 1327 1710 quosdam
1382 1639 1655 1710 allegoria:
1718 1654 1916 1694 sensus
1977 1638 2329 1704 contineant,
2367 1652 2462 1693 seu
2494 1638 2703 1698 nullos,
2728 1638 2934 1694 aditum
2988 1652 3233 1697 nostram
3283 1644 3350 1698 ad
3380 1658 3600 1712 rempu-

326 1737 525 1792 blicam
554 1736 755 1790 habere
797 1748 1071 1804 nusquam
1112 1732 1310 1787 debere
1361 1733 1678 1802 pronuntio.
1708 1751 1727 1784 ι
1798 1730 1959 1787 Vides
2018 1731 2207 1801 utique
2246 1731 2449 1786 diserte
2493 1730 2851 1800 philosophus
2882 1747 3158 1803 quamque
3196 1734 3462 1804 explicate
3493 1735 3598 1790 do-

327 1842 469 1897 ceat,
502 1846 627 1885 cum
657 1830 907 1900 vulgatas
935 1827 1058 1883 illas
1090 1842 1120 1882 a
1163 1826 1440 1882 veteribus
1480 1827 1549 1882 de
1592 1827 1699 1882 diis
1741 1826 1983 1892 fabulas,
2018 1834 2131 1879 tum
2176 1824 2341 1880 etiam
2391 1838 2586 1878 omnes
2627 1823 2877 1893 cujusvis
2912 1826 3185 1898 aliegoria:
3209 1843 3425 1891 sensus,
3456 1844 3601 1899 quos

327 1929 394 1984 ad
450 1924 851 2001 physiologiam
919 1920 1365 1977 accommodatos
1413 1934 1537 1976 esse
1594 1928 1826 1989 putant,
1875 1917 2092 1975 excludi
2158 1917 2374 1988 penitus
2430 1926 2593 1986 atque
2646 1917 2824 1972 arceri
2885 1927 3158 1988 oportere.
3224 1921 3599 1986 Quamobrem

328 2022 465 2076 nihil
499 2021 744 2093 profecto
775 2029 955 2073 causae
974 2022 1259 2086 est,quam
1284 2029 1382 2067 cur
1400 2028 1681 2085 perperam
1713 2023 1807 2069 aut
1830 2017 2104 2072 immerito
2140 2015 2300 2073 nobis
2334 2015 2564 2070 istorum
2599 2010 2845 2065 omnium
2867 2010 3065 2081 'fugam
3103 2012 3413 2083 evangelica
3468 2010 3595 2067 Ser-

323 2116 532 2171 vatoris
575 2113 756 2169 nostri
797 2113 1049 2168 doctrina
1098 2113 1425 2184 praecepisse
1464 2112 1741 2178 videatur;
1784 2124 1910 2165 cum
1944 2109 2132 2165 eadem
2179 2122 2211 2162 a
2248 2108 2366 2163 suis
2408 2121 2631 2177 quoque
2672 2106 2873 2176 rejecta
2919 2106 3145 2163 fuerint.
3188 2108 3267 2163 Ac
3302 2109 3439 2163 mihi
3469 2107 3588 2179 qui-

324 2211 450 2265 dem
480 2209 783 2279 priscorum
810 2205 1190 2261 Romanorum
1236 2206 1340 2261 hoc
1391 2208 1447 2260 in
1489 2220 1688 2277 genere
1723 2203 2040 2267 consilium,
2092 2201 2208 2255 fieri
2257 2215 2369 2255 non
2428 2207 2631 2269 potest,
2661 2199 2795 2270 quin
2857 2213 2924 2253 eo
2975 2198 3203 2253 nomine
3244 2199 3603 2254 vehementer

326 2310 619 2379 probetur;
677 2306 772 2378 qui
823 2321 948 2361 cum
1002 2303 1135 2360 satis
1181 2304 1547 2376 intelligerent
1597 2303 1907 2359 universam
1958 2301 2108 2355 illam
2157 2299 2213 2354 in
2253 2297 2452 2353 fabulis
2490 2298 2716 2353 deorum
2743 2296 3080 2367 explicandis
3117 2296 3432 2352 Graecorum
3465 2297 3596 2370 phy.

325 2402 611 2473 siologiam
647 2417 771 2456 cum
811 2399 1104 2455 absurdam
1147 2410 1311 2469 atque
1351 2399 1622 2467 inutilem,
1661 2409 1775 2453 tum
1821 2413 1950 2453 vero
1997 2403 2243 2451 coactam
2282 2395 2618 2464 minimeque
2671 2392 2902 2448 solidam
2941 2401 2996 2447 et
3031 2394 3398 2447 cohaerentem
3447 2408 3599 2458 esse,

323 2514 445 2554 eam
493 2496 658 2553 simul
704 2510 829 2552 cum
875 2493 1009 2565 ipsis
1045 2493 1210 2549 etiam
1254 2492 1457 2547 fabulis
1506 2492 1794 2563 theologia;
1835 2506 1947 2547 sua:
1993 2489 2194 2543 finibus
2236 2487 2529 2543 arcendam
2567 2501 2689 2542 esse
2738 2495 3064 2542 statuerunt.
3119 2484 3172 2540 ld
3203 2486 3350 2556 quod
3396 2486 3480 2540 vel
3525 2503 3601 2542 ex

327 2591 491 2645 unius
527 2588 773 2661 Dionysii
804 2586 1308 2643 Halicarnassensis
1357 2581 1434 2639 De
1477 2590 1697 2658 antiqua
1745 2597 1923 2638 rerum
1968 2586 2326 2643 Romanarum
2371 2585 2597 2643 historia
2664 2580 2821 2636 libris
2853 2578 3071 2635 auferre
3111 2591 3288 2650 potes.
3326 2581 3417 2635 Ille
3444 2582 3593 2636 enim

326 2684 604 2741 volumine
637 2682 820 2755 operis
851 2682 1111 2747 secundo,
1148 2682 1241 2737 ubi
1280 2699 1405 2756 qua:
1451 2701 1481 2741 a
1511 2686 1747 2743 Romqu
1787 2683 2032 2757 principe
2072 2677 2237 2735 Urbis
2276 2678 2561 2734 conditore
2625 2682 2778 2747 gesta
2824 2673 2955 2737 sint,
3011 2682 3424 2737 commemorat,
3465 2688 3601 2728 cum

319 2780 429 2838 alia
477 2779 737 2850 pleraque
780 2777 970 2833 laudat
1000 2776 1070 2832 ab
1096 2791 1163 2831 eo
1215 2778 1492 2848 sapienter
1528 2780 1799 2848 instituta,
1830 2789 1941 2835 tum
1999 2791 2121 2847 quae
2166 2774 2232 2830 ad
2278 2780 2589 2844 susceptam
2638 2770 2746 2826 hoc
2788 2769 2906 2824 loco
2967 2768 3391 2839 disputationem
3433 2767 3601 2839 perti-

323 2879 474 2936 nent,
508 2871 581 2925 ita
617 2870 989 2940 prosequitur.

839 2963 949 3034 7s
984 2963 1212 3021 CAPUT
1255 2965 1390 3021 vui.

710 3054 787 3109 De
819 3055 1183 3112 Romanorum
1225 3059 1509 3131 theologia.

404 3167 423 3197 ι
447 3146 717 3202 Romulus
761 3147 947 3218 igitur,
985 3164 1110 3203 cum
1143 3150 1311 3220 probe
1355 3150 1699 3220 intelligeret,
1729 3151 1902 3207 hone-
1930 3161 1974 3220 ο

322 3239 424 3296 stis
460 3239 701 3310 legibus,
746 3247 1133 3311 rectorumque
1189 3242 1496 3298 studiorum
1534 3243 1900 3311 aemulatione,

322 3330 492 3400 piam,
544 3338 927 3399 temperatam,
974 3339 1247 3387 amantem
1296 3331 1605 3402 aequitatis,
1655 3331 1904 3404 belloque

324 3430 607 3477 strenuam
646 3422 921 3478 civitatem
961 3423 1129 3491 efﬁci;
1170 3424 1503 3496 praecipuam
1533 3424 1620 3479 his
1652 3424 1706 3478 in
1737 3425 1903 3479 rebus

324 3527 548 3583 operam
575 3527 875 3584 curamque
902 3514 1111 3584 posuit,
1143 3531 1172 3569 a
1203 3512 1467 3585 religione
1494 3515 1753 3584 cultuque
1773 3515 1903 3569 deo-

324 3620 452 3662 rum
492 3620 561 3660 ac
594 3603 907 3661 damonum
958 3606 1297 3677 auspicatus.
1345 3606 1424 3662 Ac
1449 3607 1652 3677 templa
1681 3606 1902 3675 quidem

322 3705 379 3750 et
402 3696 649 3761 delubra,
680 3712 805 3753 aras
835 3697 986 3765 item,
1017 3708 1072 3753 et
1098 3698 1515 3754 simulacrorum
1556 3698 1673 3753 suis
1717 3698 1771 3752 in
1814 3712 1900 3752 se-

325 3789 486 3844 dibus
509 3789 900 3845 collocationes
917 3832 933 3859 ,
965 3790 1391 3859 eorumdemque
1413 3789 1902 3859 conﬁgurationes,

321 3891 380 3935 et
414 3881 672 3951 insignia,
714 3882 988 3952 simulque
1032 3883 1140 3937 vim
1179 3895 1492 3950 numenque
1531 3880 1896 3950 singulorum,

322 3982 490 4045 atque
527 3972 666 4028 adeo
687 3973 986 4042 beneﬁcia,
1017 3976 1219 4048 quibus
1248 3973 1533 4027 hominum
1569 3988 1740 4042 genus
1769 3970 1899 4026 aﬂ‘e-

322 4078 470 4131 cere,
505 4064 622 4121 dies
646 4080 867 4135 quoque
896 4064 1084 4132 festos,
1115 4067 1305 4136 quales
1337 4065 1563 4120 deorum
1604 4079 1668 4118 ac
1697 4063 1899 4117 daemo-

323 4170 458 4212 num
488 4155 711 4211 cuilibet
742 4156 1095 4223 conveniunt,
1124 4167 1241 4217 tum
1279 4154 1572 4220 sacrificia,
1599 4154 1801 4228 quibus
1830 4153 1899 4207 ab

324 4240 640 4301 heminibus
661 4246 764 4301 coli
784 4261 906 4302 sese
927 4248 1136 4314 volunt,
1158 4246 1321 4301 ferias
1343 4245 1578 4316 denique
1601 4245 1901 4300 solemnes-

324 4354 432 4408 quc
462 4346 783 4404 conventus,
818 4347 872 4394 et
900 4348 1073 4393 statas
1100 4354 1132 4393 a
1160 4338 1441 4393 laboribus
1466 4337 1806 4404 vacationes,
1834 4352 1900 4392 ac

2541 2957 2938 3013 ΚΕΦΑΛΔῙΟΝ
2971 2956 3055 3010 H'.

2207 3053 2348 3124 Περὶ
2370 3052 2481 3123 τῆς
2512 3053 2664 3106 κατὰ
2703 3052 3023 3122 Ῥωμαίους
3052 3049 3379 3119 θεολογίας.

2082 3147 2192 3221 (10)
2216 3166 2235 3200 ι
2291 3146 2429 3199 Ἀλλ’
2457 3144 2618 3213 ἔγνω,
2649 3144 2730 3197 ὅτι
2750 3144 2904 3214 νόμοι
2936 3142 3235 3207 σπουδαῖοι,
3281 3142 3374 3195 καὶ
3403 3140 3603 3196 καλῶνη

2006 3241 2165 3313 ζῆλος
2188 3237 2655 3310 ἐπιτηδευμάτων,
2688 3234 2886 3307 εὐσεϐῆ
2927 3235 3023 3288 καὶ
3053 3233 3306 3304 σώφρονα
3332 3272 3347 3296 ,
3375 3233 3471 3286 καὶ
3521 3233 3605 3286 τά

2006 3333 2191 3387 δίκαια
2218 3330 2514 3394 ἀσκοῦσαν,
2543 3328 2638 3382 καὶ
2656 3327 2726 3381 τὰ
2749 3326 2985 3398 πολέμια
3029 3325 3240 3397 ἀγαθὴν
3273 3324 3589 3396 ἐξεργάζον-

2003 3442 2090 3478 ται
2119 3425 2274 3477 πόλιν
2298 3440 2309 3453 ο
2338 3415 2412 3476 ὧν
2439 3421 2638 3491 πολλὴν
2662 3420 2789 3491 ἔσχε
2819 3419 3097 3491 πρόνοιαν,
3125 3418 3221 3488 τὴν
3241 3417 3414 3489 ἀρχὴν
3438 3432 3605 3486 ποιη-

2008 3518 2241 3587 σάμενος
2274 3515 2381 3569 ἀπὸ
2418 3513 2526 3567 τῶν
2560 3514 2688 3584 περὶ
2726 3512 2795 3565 τὰ
2826 3512 2947 3565 θεῖα
2998 3511 3093 3564 καὶ
3143 3510 3398 3581 δαιμόνια
3427 3509 3605 3563 σεϐασ-

2005 3610 2175 3681 σμῶν.
2224 3608 2366 3680 Ἱερὰ
2398 3606 2497 3679 μὲν
2530 3604 2645 3671 οὖν,
2676 3606 2767 3659 καὶ
2795 3605 3030 3675 τεμένη,
3067 3604 3159 3656 καὶ
3191 3603 3406 3673 βωμοὺς
3430 3643 3444 3666 ,
3494 3602 3601 3655 καὶ

2004 3703 2207 3769 ξοάνων
2230 3702 2487 3775 ἱδρύσεις,
2520 3699 2735 3773 μορφάς
2758 3716 2818 3751 τε
2845 3696 3045 3760 αὐτῶν,
3076 3697 3169 3750 κα)⁵
3197 3696 3461 3767 σύμϐολα,
3494 3696 3605 3748 καὶ

2000 3795 2279 3866 δυνάμεις,
2314 3793 2408 3848 καὶ
2435 3791 2664 3863 δωρεάς,
2699 3786 2788 3854 αἷς
2818 3790 2878 3843 τὸ
2914 3790 3074 3858 γένος
3107 3789 3262 3861 ἡμῶν
3289 3788 3603 3859 εὐηργέτη-

2004 3905 2123 3950 σαν,
2153 3887 2350 3961 ὲορτάς
2374 3902 2457 3950 τε,
2485 3883 2675 3947 ὁποίας
2715 3881 2868 3945 τινὰς
2918 3881 3131 3951 ἑκάστῳ
3166 3879 3303 3933 θεῶν
3335 3879 3368 3950 ἢ
3400 3877 3593 3950 δαιμόο

2000 3997 2105 4034 νων
2130 3978 2357 4048 ἄγεσθαι
2390 3979 2678 4048 προσήκει,
2714 3975 2808 4029 καὶ
2840 3974 3052 4039 θυσίας,
3077 3970 3165 4037 αἷς
3203 3973 3449 4044 χαίρουσι
3494 3988 3592 4041 γε·

2003 4072 2315 4143 ραιρόμενοι
2335 4069 2472 4141 πρὸς
2496 4067 2818 4140 ἀνθρώπων·
2843 4067 3149 4138 ἐκεχειρίας
3170 4084 3229 4120 τε
3255 4062 3321 4120 αὖ
3360 4064 3456 4118 καὶ
3482 4082 3588 4117 πα-

2000 4162 2277 4235 νηγύρεις,
2292 4161 2391 4219 καὶ,
2412 4162 2589 4217 πόνων
2610 4158 2947 4222 ἀναπαύλας,
2966 4158 3061 4211 καὶ
3083 4160 3259 4213 πάντα
3278 4156 3346 4211 τὰ
3362 4155 3585 4211 τοιαῦτα

1998 4252 2201 4327 ὁμοίως
2239 4252 2644 4320 κατεστήσαντο
2672 4247 2782 4319 (Η)
2807 4247 2916 4301 τῶν
2946 4248 3253 4319 κρατίστων
3283 4248 3433 4320 παρά
3473 4249 3586 4310 τοῖς

2003 4340 2229 4412 Ἕλλησι
2263 4337 2543 4409 νομίμων·
2576 4336 2703 4405 τοὺς
2727 4335 2783 4389 δὲ
2812 4336 3279 4408 παραδεδομένους
3313 4335 3441 4405 περὶ
3482 4335 3581 4387 a6-

325 4439 518 4489 (ποιοῖο
564 4429 617 4490 id
658 4444 830 4501 genus
869 4445 937 4485 ex
976 4430 1200 4501 optimis
1241 4430 1550 4501 quibusque
1585 4427 1896 4485 Graecorum

2014 4432 2110 4486 τῶν
2140 4433 2251 4504 (12)
2281 4432 2505 4503 μύθους,
2529 4434 2588 4485 ὲν
2633 4426 2714 4496 οἷς
2753 4429 3096 4501 βλασφημίαι
3120 4428 3264 4492 τινές
3305 4429 3411 4480 εἱσι
3457 4427 3587 4498 περὶ

328 4516 608 4575 hominum
632 4519 826 4574 ritibus
855 4520 1106 4577 instituit.
1133 4525 1202 4577 At
1228 4538 1358 4577 vero
1381 4537 1601 4591 sparsas
1623 4521 1690 4575 de
1709 4521 1898 4576 iisdem

2014 4502 2185 4575 αὐτῶν
2287 4519 2646 4593 κατηγορίαι,
2690 4518 2961 4589 πονηροὺς
3014 4518 3108 4571 καὶ
3147 4516 3460 4585 ἀνωφελεῖς,
3489 4516 3584 4569 καὶ

325 4606 683 4677 vulgatasque
703 4606 1150 4681 fabulas,quibus
1180 4613 1360 4681 aliqua
1393 4612 1636 4681 ipsorum
1666 4614 1749 4667 vel
1772 4627 1901 4682 pro-

329 4698 555 4764 ora,vel
592 4699 818 4754 crimina
842 4703 1211 4765 continentur,
1237 4704 1533 4773 improbas,
1586 4703 1804 4759 inutiles
1840 4719 1905 4758 ac

332 4790 504 4845 foedas
521 4804 644 4845 esse
665 4802 836 4859 ratus,
862 4809 963 4849 nec
980 4795 1085 4850 diis
1103 4795 1283 4861 modo,
1307 4793 1401 4847 sed
1414 4795 1575 4848 etiam
1594 4794 1723 4848 viris
1747 4793 1908 4848 bonis

326 4899 557 4954 prorsus
598 4883 887 4954 indignas,
933 4885 1151 4955 rejectis
1202 4887 1483 4955 omnibus,
1539 4889 1788 4944 homines
1833 4889 1902 4943 ad

324 4977 530 5045 optime
557 4977 623 5031 de
644 4976 750 5032 diis
787 4977 1120 5048 loquendum
1160 4994 1226 5034 ac
1262 4980 1605 5035 sentiendum
1639 4981 1902 5035 informa-

324 5072 429 5133 vit,
452 5070 660 5130 nullum
691 5071 760 5126 iis
792 5071 1029 5127 studium
1064 5074 1219 5130 beata
1250 5083 1442 5129 natura
1471 5075 1653 5131 minus
1676 5076 1899 5146 dignum

326 5160 607 5232 afﬁngens.
635 5160 748 5219 Nec
774 5163 921 5217 enim
955 5180 985 5218 a
1016 5162 1280 5221 Romanis
1309 5176 1401 5220 aut
1424 5176 1677 5221 exscctus
1702 5166 1902 5221 lihero-

325 5269 446 5308 rum
488 5271 714 5310 suorum
760 5271 927 5310 manu
978 5255 1162 5311 Caelus
1212 5256 1412 5321 fuisse,
1465 5267 1559 5311 aut
1607 5255 1897 5320 Saturnus,

324 5344 473 5415 quod
511 5345 613 5400 sibi
658 5345 727 5400 ab
769 5360 959 5401 eorum
1010 5346 1213 5414 impetu
1256 5345 1399 5399 male
1440 5353 1725 5409 metueret,
1770 5360 1900 5399 suos

325 5478 529 5604 Lall
546 5478 728 5535 Locus
749 5481 839 5537 hic
865 5489 1046 5536 exstat
1072 5480 1166 5535 lib.
1205 5496 1266 5544 ιι,
1300 5495 1426 5552 pag.
1453 5479 1487 5535 9
1517 5480 1651 5536 edit.
1678 5478 1897 5536 Graeco-

395 5562 550 5601 lllllﬂ‘.

395 5618 731 5691 (lljDionq
758 5622 1150 5691 κατεστήσατο,
1184 5635 1346 5689 quam
1376 5620 1663 5691 lectionem
1694 5629 1899 5688 praelu-

325 5689 383 5743 li.
425 5686 499 5740 Inl'
522 5690 690 5751 legit.,
716 5694 829 5755 τοῖς
850 5686 1169 5763 ’κρατίστοις
1198 5686 1307 5742 τῶν
1338 5692 1467 5762 παρ’
1495 5686 1716 5763 Ἕλλησι
1746 5692 1898 5763 νομί-

327 5775 471 5829 μων
516 5769 735 5827 iliaque
764 5761 920 5815 lectio
945 5761 1161 5831 probari
1195 5772 1390 5830 potest.

2002 4614 2321 4684 ἀσχήμονας
2357 4611 2643 4666 ὑπολαϐὼν
2690 4606 2828 4664 εἶναι
2852 4651 2867 4675 ,
2896 4611 2990 4663 καὶ
3016 4610 3114 4679 οὐχ
3153 4607 3368 4661 ὅτιτῶν
3402 4605 3538 4659 θεῶν
3564 4644 3582 4671 ,

2003 4704 2116 4760 ἀλλ’
2138 4705 2245 4759 οὐδ’
2270 4704 2366 4758 ἀνθ
2376 4704 2571 4776 ρώπων
2591 4704 2811 4773 ἀγαθῶν
2839 4703 3049 4769 ἀξίους,
3064 4703 3311 4765 ἃπαντας
3340 4698 3582 4766 ἐξέϐαλε,

2003 4797 2097 4850 καὶ
2130 4796 2511 4868 παρεσκεύασε
2541 4799 2669 4861 τοὺς
2697 4796 3020 4868 ἀνθρώπους
3048 4795 3115 4848 τά
3162 4794 3424 4849 κάλλιστα
3471 4794 3587 4866 (15)

2003 4885 2131 4958 περὶ
2162 4886 2298 4940 θεῶν
2322 4886 2504 4955 λέγειν.
2528 4906 2589 4941 τε
2620 4889 2714 4942 καὶ
2746 4890 2984 4960 φρονεῖν,
3020 4886 3182 4957 μηδὲν
3215 4886 3397 4949 αὐτοῖς
3416 4902 3589 4956 προσ-

2002 4976 2214 5046 ανάψας
2270 4977 2381 5048 (14)
2408 4979 2625 5044 ἀνάξιον
2664 4980 3001 5049 ἐπιτήδευμα
3039 4978 3140 5049 τῆς
3167 4981 3443 5051 μακαρίας
3480 4977 3587 5045 φύ-

2005 5084 2141 5131 σεως
2164 5085 2177 5098 ·
2208 5068 2333 5123 οὔτε
2364 5068 2473 5141 γὰρ
2502 5070 2744 5141 Οὐρανὸς
2770 5070 3164 5141 ἐκτεμνόμενος
3187 5067 3293 5122 ὑπὸ
3318 5066 3426 5122 τῶν
3453 5069 3585 5120 ἐαυ-

2002 5161 2096 5215 τοῦ
2127 5163 2334 5217 παίδων
2362 5164 2513 5236 παρὰ
2553 5164 2845 5236 Ῥωμαίοις
2867 5163 3109 5237 λέγεται.
3141 5160 3267 5215 οὔτε
3312 5161 3342 5213 ὁ
3374 5161 3590 5233 Κρόνος

2001 5254 2280 5319 ἀφανίζων
2310 5254 2409 5319 τάς
2433 5256 2625 5309 ἑαυτοῦ
2653 5255 2817 5324 γονὰς
2852 5254 3001 5326 φόϐῳ
3026 5254 3127 5324 τῆς
3152 5251 3213 5319 ἐξ
3247 5251 3427 5306 αὐτῶν
3466 5252 3589 5304 επι-

2002 5343 2222 5413 θέσεως,
2248 5345 2371 5402 οὔτε
2399 5348 2535 5412 Ζεὺς
2560 5348 2845 5403 καταλύων
2878 5347 2976 5421 τὴν
3005 5347 3216 5419 Κρόνου
3241 5344 3587 5411 minutam,

2072 5479 2184 5555 (η)
2224 5481 2363 5555 Περὶ
2414 5482 2631 5538 αὐτῶν.
2675 5481 2987 5555 Dionysius,
3037 5481 3160 5536 κατ’
3184 5476 3387 5547 αὐτῶν,
3432 5475 3589 5548 quod

2001 5552 2181 5619 aptius
2211 5551 2445 5606 videtur.

2074 5620 2187 5693 (15)
2234 5622 2309 5674 Τὰ
2333 5621 2653 5693 κάλλιστα.
2698 5621 3013 5693 Dionysius,
3038 5620 3328 5693 κράτιστα.

2072 5691 2180 5763 (id)
2223 5692 2650 5762 Προσανάψας.
2698 5691 2876 5758 Diom,
2909 5692 3344 5763 προσάπτοντας,
3377 5697 3592 5747 ιλιι-ιιωιι

2000 5778 2107 5831 que
2137 5770 2363 5817 rectum.
