3832 6216
234 308 341 362 H9

1407 314 1731 371 PRASPAR.
1774 314 2027 371 EVANG.
2070 315 2198 375 LIB.
2241 315 2329 371 ll.‘

3382 322 3487 377 150

228 421 325 474 καὶ
360 424 699 477 κατακλείων
728 425 787 477 ἐν
806 426 894 498 ’τῷ
917 427 1272 500 δεσμωτηρίῳ
1299 429 1393 482 τοῦ
1417 432 1690 504 ταρτάρου
1722 432 1802 485 τὸν

1915 432 2254 499 confecisse;
2295 441 2391 487 aut
2428 430 2641 501 Jupiter
2674 432 2966 502 spoliatum
3013 433 3241 504 imperio
3278 445 3495 506 patrem

231 514 433 567 ἑαυτοῦ
474 515 717 586 πατέρα’
740 516 860 568 ούδέ
877 533 940 584 γε
973 517 1220 587 πόλεμοι,
1256 520 1348 572 καὶ
1368 520 1681 592 τραύματα,
1718 523 1813 575 κα)⁵

224 604 426 675 δεσμὰ,
449 606 545 657 καὶ
563 605 779 675 θητεῖαι
794 606 907 676 (15)
927 606 1062 660 θεῶν
1086 608 1237 681 παρὰ
1258 610 1585 683 ἀνθρώποις.
1623 613 1812 685 Ἐορτὴ

221 694 281 750 δὲ
304 697 536 766 οὐδεμία
564 700 695 768 παρ’
732 700 916 761 αὐτοῖς
942 699 1331 773 μελανείμωνῆ
1357 700 1616 773 πένθιμος
1644 702 1814 755 τελεῖ·-

220 804 340 852 ται,
370 792 635 853 κοπετοὺς
658 790 856 861 ἔχουσα
888 793 978 844 καὶ
1002 792 1232 864 θρήνους
1252 793 1525 862 γυναικῶν
1544 795 1637 847 ἐπὶ
1671 795 1812 859 Θεοῖς

222 881 680 953 ἀφανιζομένοις·
709 884 856 954 ειπερ
882 885 1137 955 Ἕλλησιν
1170 886 1544 941 ἐπιτελοῦνται
1584 887 1710 959 περί
1750 905 1811 940 τε

221 978 578 1048 Περσεφόνης
606 979 889 1051 ἁρπαγὴν,
922 982 1015 1035 καὶ
1043 983 1171 1054 περ).
1198 982 1454 1037 Διονύσου
1492 984 1661 1056 πάθη,
1718 987 1813 1039 καὶ

217 1068 322 1122 ὅσα
361 1069 501 1122 ἄλλα
529 1071 776 1127 τοιαῦτα.
814 1073 938 1125 Οὐδ’
968 1072 1034 1127 ἂν
1057 1074 1153 1139 ἴδοι
1177 1094 1261 1142 τις
1290 1077 1419 1149 παρ’
1454 1078 1657 1142 αὐτοῖς,
1691 1077 1812 1131 καί-

220 1178 303 1213 τοι
327 1161 745 1233 διεφθαρμένων
777 1164 886 1218 τῶν
913 1165 1048 1219 ἐθῶν
1069 1164 1179 1237 (16)
1204 1167 1327 1238 ήδη,
1354 1168 1415 1221 ού
1439 1168 1807 1240 θεοφορήσεις,

215 1254 281 1306 οὐ
311 1254 823 1324 κορυϐαντιασμοὺς
840 1254 972 1326 (17),
995 1258 1056 1310 ού
1081 1258 1321 1329 Βακχίας
1341 1258 1452 1328 (18)
1470 1260 1562 1312 καὶ
1588 1258 1812 1324 τελετὰς

219 1349 592 1418 ἀπορρήτους,
613 1349 674 1400 ού
699 1348 1237 1421 διαπαννυχιασμοὺς
1269 1352 1328 1404 ἐν
1351 1352 1517 1423 ἱεροῖς
1540 1351 1699 1417 θεῶν,
1718 1352 1811 1405 ἁν-

214 1438 361 1510 δρῶν
381 1440 483 1491 σὺν
499 1440 764 1506 γυναιξὶν,
788 1442 889 1494 οὐκ
906 1441 1032 1494 ἄλλο
1054 1443 1162 1494 τῶν
1184 1442 1582 1514 παραπλησίων
1601 1442 1812 1506 τούτοις

214 1533 644 1605 τερατευμάτων
676 1532 848 1585 οὐδέν’
880 1532 991 1586 ἀλλ’
1025 1532 1270 1597 εὐλαϐῶς
1310 1532 1526 1587 ἅπαντα
1575 1535 1812 1604 πραττό-

222 1641 365 1694 μενα
381 1624 479 1679 καὶ
500 1623 771 1694 λεγόμενα
797 1622 868 1676 τὰ
888 1624 1016 1696 περὶ
1036 1624 1299 1688 θεοὺς,ὼς
1322 1623 1446 1678 οὔτε
1466 1625 1595 1698 παρ’
1623 1624 1812 1696 ’Έλλη-

218 1732 303 1766 σιν
351 1714 479 1768 οὒτε
525 1716 677 1787 παρὰ
722 1714 1039 1787 βαρϐάροις.
1079 1717 1190 1769 Καὶ
1236 1716 1266 1769 ὃ
1316 1716 1533 1771 πάντων
1567 1719 1822 1788 μάλιστα.

216 1806 393 1874 ἔγωγε
430 1784 772 1878 τεθαύμακα,
796 1784 1013 1876 *καίπερ
1051 1807 1260 1879 μυρίων
1293 1807 1435 1861 ὅσων
1467 1810 1548 1871 είς
1568 1784 1676 1878 ⁷τὴν
1708 1809 1806 1861 πό-
1838 1784 1880 1838 Β

214 1897 304 1948 λιν
374 1896 786 1968 ἐπεληλυθότων
824 1897 1014 1962 ἐθνῶν,
1056 1890 1136 1961 οἷς
1170 1897 1337 1970 πολλὴ
1367 1897 1580 1970 ἀνάγκη
1626 1898 1804 1952 σέϐειν

218 1989 345 2051 τοὺς
379 1987 840 2063 πατρίουςθθεοὺς
883 1989 995 2052 τοῖς
1039 1986 1250 2042 οἴκοθεν
1291 1987 1565 2058 νομίμοις,
1593 1986 1803 2052 οὐδενὸς

218 2081 297 2141 εἰς
325 2077 490 2149 ζῆλον
522 2077 746 2150 ἐλήλυθε
776 2077 885 2131 τῶν
911 2077 1137 2144 ξενικῶν
1160 2078 1610 2149 ἐπιτηδευμάτων
1641 2080 1673 2149 ή
1708 2078 1805 2131 πό-

218 2187 299 2232 λις
323 2168 585 2239 δημοσία,
614 2168 642 2220 ὃ
679 2167 896 2232 πολλοῖς
929 2169 1030 2240 ήδη
1063 2168 1259 2240 συνέϐη
1292 2169 1517 2223 παθεῖν’
1549 2169 1685 2223 ἀλλὰ
1712 2170 1804 2223 καλ⁵

217 2260 271 2313 εἴ
308 2277 434 2314 τινα
480 2258 624 2312 κατὰ
660 2262 943 2330 χρησμοὺς
985 2260 1308 2331 ἔπεια-ἦκται
1357 2259 1468 2331 (19)
1515 2259 1657 2333 ιερὰ,
1691 2264 1804 2326 τοῖς

216 2350 408 2404 αὐτόθι
455 2350 597 2404 αὐτὰ
647 2351 895 2422 νομίμως
949 2350 1316 2423 μεθήρμοσεν,
1370 2350 1587 2407 ἅπασαν
1640 2350 1804 2405 ἐκϐα-

217 2444 386 2497 λοῦσα
436 2442 729 2515 τερθρείαν
783 2441 1045 2514 μυθικήν
1112 2442 1302 2513 ὥσπερ
1352 2442 1421 2497 τά
1473 2444 1573 2514 τῆς
1631 2445 1802 2515 Ἱερᾶς

216 2537 346 2598 mi;
391 2533 506 2605 (20)
553 2534 692 2606 ἱερά.
728 2533 931 2598 Θυσίας
984 2534 1081 2605 μὲν
1133 2533 1243 2606 γὰρ
1282 2535 1422 2606 αὐτῇ
1465 2535 1560 2589 καὶ
1585 2535 1802 2604 ἀγῶνας

217 2627 443 2692 ἄγουσιν
472 2622 578 2677 ἀνὰ
612 2624 719 2676 πᾶν
752 2623 871 2686 ἔτος
915 2624 966 2675 οἱ
1008 2624 1303 2694 στρατηγοὶ
1333 2623 1474 2678 κατὰ
1511 2627 1636 2690 τοὺς
1678 2628 1803 2680 Ῥω-

221 2718 397 2785 μαίων
426 2716 625 2786 νόμους
642 2733 656 2746 ·
688 2717 901 2788 ἱερᾶται
938 2715 983 2768 δ’
1004 2716 1177 2786 αὐτῆς
1204 2716 1342 2790 ἀνὴρ
1369 2716 1516 2788 Φρὺξ
1541 2718 1635 2773 καὶ
1663 2718 1802 2790 γυνὴ

216 2809 451 2880 ΙΙ²ρυγία,
474 2810 569 2863 καὶ
599 2808 953 2880 περιάγουσιν
986 2807 1094 2861 ἀνὰ
1132 2809 1232 2879 τὴν
1266 2808 1419 2862 πόλιν
1460 2804 1606 2864 οὗτοι
1660 2829 1797 2883 μην-

220 2900 586 2971 αγυρτοῦντες
611 2900 773 2970 (20‘),
789 2899 938 2952 ῶσπε
945 2916 977 2971 ρ
1001 2900 1181 2963 αὐτοῖς
1206 2899 1347 2964 ἔθος,
1363 2900 1563 2966 τύπους
1577 2919 1635 2955 τε
1648 2920 1802 2974 περι-

138 3012 155 3027 ·
218 2991 462 3060 κείμενοι
491 2993 603 3052 τοῖς
637 2990 857 3055 στήθεσι
892 2989 1025 3060 (21),
1065 2989 1160 3042 καὶ
1197 2989 1620 3061 καταυλούμενοι
1664 2991 1799 3062 πρὸς

216 3081 325 3133 τῶν
370 3082 654 3151 ἑπομένων
688 3082 756 3135 τὰ
776 3077 1028 3149 Μητρῷα
1044 3081 1223 3151 μέλη,
1247 3082 1343 3136 κα)⁸
1383 3081 1642 3152 τύμπανα
1671 3099 1801 3153 κρο-

225 3172 457 3236 τοῦντες.
506 3172 791 3243 Ῥωμαίων
823 3172 881 3225 δὲ
905 3172 1013 3225 τῶν
1034 3173 1354 3243 αὐθιγενῶν,
1376 3174 1499 3227 οὔτε
1531 3192 1801 3246 μηναγυρ-

216 3262 326 3314 τῶν
345 3279 452 3325 τις,
499 3260 624 3315 οὔτε
652 3262 1084 3333 καταυλούμενος
1116 3264 1406 3336 πορεύεται
1434 3265 1523 3319 διὰ
1565 3266 1666 3336 τῆς
1699 3267 1799 3320 πό·-

216 3370 374 3417 ιξως,
422 3352 671 3423 ποικίλην
717 3353 1061 3424 ἐνδεδυμένος
1095 3354 1309 3427 στολὴν,
1356 3354 1482 3409 οὔτε
1530 3354 1801 3428 ὀργιάζων

219 3447 314 3516 τὴν
345 3445 492 3510 θεὸν,
518 3446 637 3503 οὐδὲ
664 3450 775 3511 τοῖς
802 3449 1057 3519 Φρυγίοις
1096 3448 1441 3520 ὀργιασμοῖς,
1468 3452 1609 3505 κατὰ
1638 3450 1800 3521 νόμον

218 3538 247 3605 ἦ
275 3537 538 3609 ψήφισμα
571 3536 784 3608 βουλῆς.
812 3537 996 3600 Οὕτως
1024 3537 1320 3609 εύλαϐῶςή
1350 3538 1504 3602 πόλις
1526 3538 1637 3609 ἔχει
1666 3539 1802 3611 πρὸς

218 3635 286 3682 τὰ
317 3630 425 3683 οὐκ
454 3627 729 3700 ἐπιχώρια
760 3628 865 3698 ἔθη
888 3628 1015 3699 περὶ
1048 3628 1205 3694 θεῶν,
1247 3631 1340 3683 καὶ
1381 3630 1560 3684 πάντα
1586 3630 1800 3684 ὀττεύε-

214 3738 307 3773 ται
334 3719 528 3791 μῦθον,
632 3719 796 3791 μηδέν
821 3722 967 3773 ἐστιν
994 3721 1287 3792 εὐπρεπές.
1313 3722 1422 3774 Καὶ
1447 3721 1633 3791 μηδεὶς
1667 3722 1802 3775 ὑπο-

214 3811 374 3865 ὶάὸοι
411 3828 480 3881 με
507 3811 744 3879 ἀγνοεῖν,
768 3812 850 3864 ὅτι
877 3810 986 3865 τῶν
1022 3810 1350 3883 Ἑλληνικῶν
1382 3811 1565 3882 μύθων
1594 3813 1698 3865 είσί
1721 3829 1804 3865 τι-

216 3922 309 3967 νες
342 3906 608 3976 χρήσιμοι
652 3903 995 3973 ἀνθρὼποις’
1030 3906 1078 3957 οἱ
1110 3904 1230 3976 μὲν,
1277 3903 1708 3976 ἐπιδεικνύμενοι
1734 3906 1803 3959 τὰ

217 3997 317 4065 τῆς
344 3995 564 4065 φύσεως
585 3995 722 4066 ἔργα
750 3994 839 4048 διὰ
875 3995 1050 4066 λύπην
1080 3996 1193 4066 (22)
1212 4013 1225 4027 ο
1258 3996 1309 4048 οί
1340 3995 1418 4059 δὲ,
1452 3996 1802 4070 παραμυθίας

218 4090 384 4141 ἕνεκα
411 4088 760 4158 συγκείμενοι
785 4085 894 4140 τῶν
913 4087 1265 4159 ἀνθρωπίνων
1290 4089 1583 4160 συμφορῶν
1608 4104 1623 4120 ·
1652 4091 1700 4142 οἱ
1721 4090 1798 4155 δὲ,

219 4179 470 4250 ’.αραχὰς
503 4178 880 4249 ἐξαιρούμενοι
917 4179 1092 4251 ψυχῆς
1124 4178 1219 4233 καὶ
1250 4180 1520 4251 δείγματα
1546 4180 1679 4253 (25),
1709 4183 1803 4235 καὶ

219 4273 381 4337 δόξας
434 4271 822 4343 καθαιροῦντες
853 4274 950 4343 οὐχ
996 4273 1200 4341 ὑγιεῖςο
1247 4272 1298 4324 οἱ
1338 4271 1414 4336 δὲ,
1454 4271 1619 4342 ἄλλης
1661 4273 1805 4337 τινὸς

221 4367 387 4418 ἓνεκα
434 4363 880 4435 συμπλασθέντες
910 4363 1191 4432 ὡφελείας.
1258 4362 1418 4417 Ἀλλὰ
1444 4364 1645 4435 καίπερ
1682 4364 1803 4418 ἐπι-

223 4457 494 4527 στάμενος
513 4456 685 4510 ταῦτα
711 4455 923 4520 οὐδενὸς
942 4458 1140 4527 χεῖρον,
1162 4456 1311 4526 ὅμως
1332 4455 1573 4520 εὐλαϐῶς
1596 4456 1800 4511 διάκει-
1829 4480 1878 4539 D

289 4611 411 4683 (15)
456 4612 708 4683 Θητεᾶιι,
750 4612 878 4683 Alii,
912 4612 1177 4666 τελεῖται·
1219 4613 1529 4683 Dionysius,
1586 4613 1797 4682 ἄγεται.

264 4681 408 4807 ηυξ)
427 4683 580 4764 ’,Τῶν
602 4682 774 4737 ἐθῶν.
815 4682 895 4737 lta
920 4683 1291 4753 reponendum
1318 4681 1387 4738 ei
1413 4681 1673 4754 Dionysio
1702 4701 1800 4756 pro

264 4772 333 4806 ων
388 4771 517 4806 εων.

221 4770 333 4806 των
354 4770 517 4806 nec».

294 4824 408 4896 (17)
453 4820 583 4896 Post
608 4822 1127 4896 κορυϐαντιασμούς·
1167 4821 1320 4876 Dion.
1354 4822 1608 4896 addLodx
1638 4824 1801 4896 άγερ-

227 4892 399 4963 μοὺς,
418 4894 605 4961 stipem
631 4892 735 4947 diis
768 4894 887 4947 hinc
915 4892 1036 4947 inde
1063 4902 1414 4962 corrogatam.
1465 4892 1626 4948 Forte
1659 4892 1801 4950 hanc

223 4979 417 5019 socem
466 4963 655 5018 omisit
685 4963 894 5033 βπερὶ).
937 4964 1081 5033 quod
1125 4964 1291 5033 paulo
1343 4971 1468 5032 post
1517 4974 1797 5033 sequatur,

225 5034 445 5097 Romae,
470 5048 579 5086 non
614 5049 644 5086 a
679 5031 1218 5103 Romanis'quidém,
1253 5031 1352 5088 sed
1396 5031 1796 5089 tamen—Deum

224 5105 387 5158 Matri
416 5105 520 5156 hoc
548 5104 795 5173 obsequii
828 5118 998 5173 genus
1024 5103 1346 5173 exhibitum.

299 5173 415 5243 (18)
455 5172 735 5241 Βακχίας.
777 5172 1088 5244 DiOuysius,
1124 5172 1404 5244 βακχείας,
1447 5173 1595 5243 quod
1627 5173 1800 5229 usita-

226 5247 340 5300 tius
365 5251 472 5298 est.

298 5313 415 5385 (19)
470 5311 851 5385 Ἐπεισῆκτᾳι
879 5350 895 5375 ,
943 5322 1045 5385 etc.
1098 5311 1391 5385 Dionysius
1433 5313 1539 5369 hoc
1591 5314 1798 5385 modo:

235 5383 670 5455 Ἔπεισηγάγετο
694 5383 836 5453 ἱερὰ,
860 5383 1200 5455 τοῖς-ἑαυτῆς
1241 5383 1379 5455 αὐτὰ
1424 5386 1558 5454 τιμᾷ
1598 5384 1802 5455 νόμοις,

228 5452 463 5510 ἃπασαν
498 5452 835 5524 ἐκϐάλλουσα
877 5452 1165 5523 τερθρείαν
1187 5452 1442 5524 μυθικήν.
1478 5452 1619 5507 sane
1660 5452 1802 5523 apud

231 5525 528 5581 llasebium
570 5540 667 5591 pro
707 5523 976 5594 νομίμως,
1014 5527 1296 5593 legendum
1327 5523 1491 5578 fuerit
1530 5525 1801 5594 νομίμοις,

227 5608 281 5649 ει
304 5594 599 5664 τερθρείαν
626 5609 726 5663 pro
754 5592 1065 5664 τερθρείας.

304 5612 364 5648 τε
442 5609 593 5664 ρειαν
626 5609 726 5663 pro
755 5609 888 5663 τερυ

297 5609 438 5746 (εἰς.
465 5662 644 5732 Ἱερᾶς
673 5660 832 5746 θεᾶς.
879 5609 927 5714 lg

228 5743 445 5803 propria
481 5751 584 5789 vos
612 5743 719 5789 est.

1826 3136 1868 3194 C

1915 523 1970 577 in
2003 522 2321 578 Tartareum
2364 537 2640 576 carcerem
2695 521 2982 579 inclusisse
3020 523 3345 581 dictitatur:
3384 544 3493 585 nec

1913 615 2024 669 ulla
2057 616 2344 669 numinum
2382 614 2542 678 bella,
2574 614 2817 683 vulnera,
2844 617 3082 683 vincula,
3120 632 3221 673 nec
3253 618 3491 675 locatam

1913 706 2230 761 hominibus
2282 720 2503 775 operam
2553 720 2621 760 ex
2676 706 2784 761 illis
2838 708 3050 763 audias.
3100 707 3234 774 lmo,
3275 710 3483 766 nullum

1914 813 2133 868 quoque
2166 795 2311 866 apud
2344 811 2440 851 eos
2469 806 2703 853 atratum
2750 814 2815 854 ac
2856 799 3082 870 lugubre
3133 799 3330 856 festum
3371 803 3491 873 agi-

1913 900 2021 955 tur,
2056 892 2109 946 in
2140 906 2249 960 quo
2282 890 2525 946 sublatos
2553 905 2584 945 e
2614 890 2794 946 medio
2822 891 2955 948 deos
2980 892 3288 961 planctibus
3323 904 3378 950 et
3407 896 3489 950 la-

1913 981 2112 1036 mentis
2142 980 2477 1035 muliercula:
2503 990 2924 1050 prosequantur,
2955 983 3261 1051 cujusmodi
3292 1000 3323 1039 a
3346 984 3489 1042 Grat-

1911 1073 1994 1129 cis
2038 1073 2124 1128 vel
2169 1073 2240 1127 oh
2272 1071 2615 1143 Proserpina:
2660 1081 2900 1142 raptum,
2952 1075 3038 1129 vel
3093 1075 3165 1131 oh
3211 1077 3485 1134 exitialem

1913 1167 2112 1222 Bacchi
2153 1174 2382 1230 sortem.
2425 1165 2742 1234 similesque
2778 1180 2963 1229 casus,
2992 1165 3223 1220 solemni
3254 1168 3363 1222 ritu
3396 1185 3487 1225 ce-

1910 1260 2112 1316 lebrari
2143 1260 2340 1316 solent.
2370 1257 2491 1313 Non
2524 1258 2776 1328 denique,
2811 1258 2896 1312 vel
2928 1260 3183 1328 collapsis
3215 1261 3318 1317 hoc
3349 1271 3487 1318 tem-

1912 1365 2044 1420 pore
2090 1349 2336 1404 moribus
2383 1350 2594 1419 patriis,
2638 1350 2890 1404 homines
2935 1350 3119 1406 videas
3176 1366 3208 1406 a
3261 1353 3488 1407 numine.

1911 1441 2166 1511 agitatas,
2195 1455 2307 1495 non
2337 1440 2560 1496 insanas
2587 1441 2956 1512 Corybantum
2993 1441 3342 1513 jactationes,
3373 1460 3483 1499 non

1918 1532 2272 1591 Bacchanalia
2290 1577 2307 1603 ,
2336 1545 2390 1589 et
2414 1550 2615 1591 arcana
2651 1536 3035 1607 mysteriorum
3068 1537 3241 1604 initia,
3270 1552 3378 1592 non
3410 1540 3487 1593 vi-

1910 1641 2109 1683 rorum.
2129 1641 2255 1681 cum
2291 1626 2614 1681 mulieribus
2654 1625 2710 1680 in
2737 1627 2963 1682 deorum
3001 1629 3218 1698 templis
3263 1637 3486 1684 noctur-

1911 1734 2014 1774 nas
2059 1719 2519 1790 pervigilationes,
2560 1733 2662 1774 nec
2706 1717 3023 1788 huiusmodi
3073 1720 3282 1791 reliqua
3324 1736 3483 1776 mon-

1913 1818 2149 1863 strorum
2185 1808 2424 1863 similia:
2463 1807 2558 1863 sed
2587 1806 2853 1879 quidquid
2883 1810 2950 1864 ad
2983 1810 3273 1882 religiones
3302 1821 3357 1867 et
3393 1827 3484 1868 sa-

1911 1912 2002 1952 cra
2042 1896 2268 1951 deorum
2312 1895 2566 1967 pertinet,
2600 1897 2889 1952 sanctitate
2916 1912 2978 1953 ac
3015 1899 3278 1954 modestia
3323 1900 3485 1970 longe

1911 1988 2167 2044 omnibus
2220 1996 2329 2042 tam
2390 1986 2699 2042 Grrecorum
2754 1986 2865 2058 79
2912 2004 3076 2059 quam
3122 1989 3480 2046 barbarorum

1912 2078 2252 2137 caeremoniis
2299 2078 2588 2133 antecellit.
2632 2076 2897 2149 Quodque
2951 2080 3196 2135 omnium
3248 2083 3485 2139 maxime

1911 2171 2064 2227 soleo
2092 2170 2304 2235 mirari,
2334 2171 2464 2224 licet
2495 2169 2721 2224 inﬁnitae
2765 2172 3018 2226 nationes
3045 2171 3097 2226 in
3128 2172 3319 2229 urbem
3350 2189 3483 2229 con—

1909 2261 2187 2325 ﬂuxerint,
2240 2276 2363 2330 qua:
2417 2260 2480 2316 ad
2513 2259 2743 2315 colenda
2795 2259 2903 2315 ritu
2954 2260 3257 2317 domestico
3305 2263 3482 2333 patria

1909 2352 2136 2406 numina
2186 2351 2239 2405 vi
2287 2351 2522 2421 quadam
2583 2357 2639 2406 et
2687 2350 3014 2405 necessitate
3059 2352 3480 2421 compellantur.

1909 2457 2188 2511 nunquam
2217 2442 2306 2496 illa
2331 2450 2516 2496 tamen
2545 2441 2614 2495 ad
2636 2440 3046 2512 suscipiendum
3068 2442 3283 2512 publice
3308 2444 3478 2498 ullum

1907 2533 2207 2602 peregrinae
2252 2531 2533 2602 religionis
2568 2546 2740 2602 genus
2783 2531 2981 2588 adduci
3021 2534 3213 2604 potuit,
3255 2534 3310 2588 id
3334 2534 3480 2604 quod

1903 2623 2014 2694 jam
2045 2624 2166 2678 aliis
2194 2623 2468 2694 plerisque
2490 2623 2784 2693 contigisse
2806 2624 3078 2681 novimus.
3107 2624 3264 2692 Quod
3300 2627 3347 2682 si
3380 2628 3483 2683 ali-

1908 2730 2015 2784 qua
2042 2713 2181 2769 forte
2208 2714 2516 2770 istiusmodi
2546 2729 2702 2770 sacra
2729 2729 2797 2769 ex
2823 2715 3169 2770 oraculorum
3200 2717 3480 2786 responsis

1907 2807 2049 2876 apud
2085 2821 2143 2860 se
2177 2806 2357 2860 invehi
2393 2821 2556 2876 passa
2585 2814 2690 2868 est.
2730 2819 2790 2862 ea
2820 2816 3003 2861 tamen
3046 2807 3113 2863 ad
3141 2807 3317 2878 legum
3352 2824 3481 2864 sua-

1908 2913 2030 2952 rum
2070 2897 2319 2952 instituta
2363 2897 2820 2964 accommodavit,
2850 2896 3069 2967 rejectis
3091 2899 3359 2954 omnibus
3390 2898 3477 2954 fa-

1907 2987 2161 3041 bularum
2195 2986 2502 3057 praestigiis,
2535 2986 2994 3057 quemadmodum
3029 2986 3084 3040 in
3112 2986 3301 3044 Matris
3326 2987 3479 3046 Idaeas

1909 3078 2082 3134 sacris
2108 3078 2378 3133 videmus.
2421 3076 2714 3133 Enimvero
2743 3076 3011 3133 sacriﬁcia
3035 3079 3253 3149 quidem
3290 3081 3477 3137 ludos-

1902 3184 2010 3240 que
2060 3169 2281 3240 puhlico
2319 3167 2568 3223 Romano
2618 3166 2729 3221 ritu
2777 3176 3038 3236 praetores
3085 3172 3379 3239 quotannis
3420 3174 3475 3227 in

1900 3263 2018 3333 ejus
2064 3263 2331 3316 honorem
2384 3258 2719 3325 instituunt;
2764 3259 2884 3329 ejus
2932 3269 3117 3315 tamen
3170 3263 3479 3318 sacerdotio

1900 3355 1985 3408 vir
2022 3369 2088 3409 ac
2115 3355 2311 3407 mulier
2333 3351 2574 3423 Phryges
2613 3351 2774 3405 ambo
2816 3350 3139 3423 funguntur,
3174 3356 3267 3425 qui
3308 3364 3475 3411 totam

1902 3445 2176 3500 civitatem
2239 3444 2603 3508 circumeunt,
2652 3442 2883 3514 singulis
2945 3445 3230 3501 mensibus
3282 3448 3478 3517 stipem

1902 3552 2056 3593 more
2100 3552 2202 3593 suo
2232 3538 2361 3591 hinc
2411 3536 2537 3591 inde
2571 3544 2942 3605 corrogantes,
2978 3536 3355 3608 imagunculas
3380 3554 3478 3609 pe-

1906 3629 2047 3685 ctori
2102 3629 2353 3699 alligatas
2406 3634 2718 3696 gestantes,
2766 3636 3130 3697 tympanaque
3172 3629 3473 3697 pulsantes,

1901 3736 2041 3794 quos
2070 3735 2306 3791 sequens
2331 3719 2623 3775 multitudo
2646 3719 2887 3773 Materna
2922 3721 3163 3773 carmina
3193 3721 3260 3774 ad
3287 3720 3479 3775 tibiam

1903 3814 2177 3878 modulata
2250 3813 2641 3869 circumsonat.
2694 3810 2766 3865 At
2816 3826 2848 3867 e
2886 3809 3149 3866 Romanis
3205 3811 3476 3883 indigenis

1905 3922 2069 3962 nemo
2099 3906 2182 3960 vel
2205 3904 2364 3959 Matri
2423 3905 2620 3975 stipem
2653 3902 3027 3967 emendicans,
3050 3902 3137 3956 vel
3168 3902 3483 3958 incentione

1906 4000 2165 4054 tibiarum
2189 3997 2399 4052 amatus
2421 4011 2485 4052 ac
2505 3994 2830 4051 versicolore
2852 3993 2991 4049 stola
3017 3994 3239 4049 indutus
3261 3994 3480 4049 oberrat

1906 4090 2121 4155 urbem,
2154 4089 2412 4157 nullaque
2441 4087 2625 4157 populi
2650 4087 2788 4157 lege,
2818 4087 2969 4142 nullo
3002 4086 3480 4143 senatusconsulto

1905 4179 2229 4235 celebranda
2255 4177 2491 4249 Phrygio
2521 4179 2630 4232 ritu
2649 4176 2843 4232 Matris
2867 4177 3020 4248 orgia
3048 4175 3297 4247 suscipit.
3328 4174 3477 4231 Tan-

1904 4280 2014 4326 tam
2066 4271 2197 4326 urhs
2247 4272 2302 4325 in
2348 4272 2633 4341 peregrino
2686 4272 2914 4327 deorum
2964 4269 3113 4325 cultu
3169 4267 3483 4324 cautionem

1905 4362 2145 4429 adhibet,
2178 4361 2421 4432 adeoque
2454 4362 2692 4417 fabulam
2735 4377 2953 4417 omnem
2992 4360 3260 4429 dignitate
3290 4368 3346 4415 et
3380 4360 3480 4413 ho-

1906 4462 2115 4509 nestate
2138 4468 2367 4509 vacuam
2405 4453 2535 4508 mali
2563 4453 2764 4509 ominis
2805 4454 2979 4508 instar
3016 4460 3319 4507 aversatur.
3372 4448 3479 4505 Ne-

1974 4607 2107 4679 (20‘)
2146 4607 2698 4677 Μηναγυρτοῦντες.
2761 4606 3091 4679 Dionysius,
3160 4623 3479 4678 μητραγυρ-

1900 4664 2139 4749 τούντεξς,
2168 4664 2240 4732 σι’
2268 4664 2593 4749 pa'ulopost
2634 4664 3032 4749 μητραγυρτῶν
3059 4664 3173 4749 pro'
3197 4664 3479 4747 μηναγυρ-

1900 4695 2139 4741 τουντες,
2168 4694 2221 4732 et
2268 4694 2430 4746 paulo
2469 4694 2593 4746 pOSI.
2634 4694 3032 4802 ﬁqspayugujv
3059 4694 3158 4747 pro
3197 4694 3476 4747 μηναγυρ-

1899 4747 2028 4827 τῶν.
2059 4747 2300 4827 Diraque
2337 4748 2501 4827 lectio
2534 4763 2639 4827 pro
2674 4764 2702 4807 a
2726 4757 2855 4827 .est.
2915 4748 2928 4762 ‘
3046 4748 3108 4800 τὸ
3148 4762 3476 4827 (μητραγυρ-

1900 4820 2033 4882 τεῖν,
2068 4816 2225 4898 deam
2255 4817 2529 4888 exprimit,
2556 4819 2642 4871 cui
2673 4818 2865 4898 stipem
2905 4825 3214 4898 cogerent;__
3242 4816 3305 4869 τὸ
3336 4816 3476 4898 μην-

1903 4891 2161 4969 αγυρτεῖν
2187 4886 2339 4967 vero,
2364 4896 2607 4956 tempus:
2632 4886 2814 4967 credo.
2844 4886 2989 4956 quod
3018 4886 3249 4970 singulis
3274 4886 3476 4940 mensi-

1901 4958 2006 5013 bus
2057 4959 2110 5012 Id
2158 4956 2484 5027 factitarent.
2522 4955 2860 5027 Hesychius:
2892 4958 3280 5027 Μηναγύρτης,
3314 4956 3476 5027 ὀᾲάπὸ

1906 5027 2075 5097 μηνὸς
2125 5026 2373 5094 συνάγων
2414 5025 2890 5105 πανηγύρειςῼυο
2918 5025 3282 5105 locumallem
3314 5025 3473 5105 abes-

1902 5093 1985 5152 set
2033 5093 2306 5166 postrema
2340 5110 2481 5162 vox;
2529 5093 2691 5165 quam
2731 5099 2893 5151 etiam
2944 5095 3083 5150 tollit
3129 5093 3347 5166 Suidas,
3374 5097 3474 5166 ad-

1901 5164 2078 5222 dens:
2109 5165 2496 5286 Μηναγύρττὸς,
2522 5164 2676 5236 ὁτῆς
2702 5167 2855 5230 Ῥέας
2882 5167 3079 5238 ἱερεὺς,
3102 5166 3131 5217 δ
3156 5164 3297 5218 κατὰ
3329 5164 3476 5235 μῆνα

1903 5238 2137 5286 ἀγείρων
2176 5238 2270 5286 καὶ
2292 5253 2423 5286 συνα
2463 5234 2674 5286 οοίζων.

1903 5238 2137 5309 ἀγείρων
2168 5234 2270 5309 καὶ
2292 5234 2674 5309 συναθροίζων.

1975 5303 2082 5378 (il)
2106 5308 2335 5378 Τύπους
2345 5321 2421 5378 τίεΔ
2433 5303 2819 5378 περικείμενοι
2833 5303 2956 5369 τοῖς
2970 5303 3279 5378 σςήθεσιν.
3300 5303 3473 5358 luter-

1902 5371 2028 5448 prés
2042 5371 2280 5448 Dionysii
2292 5371 2445 5429 vertit
2456 5371 2685 5448 ,pectorh
2696 5371 3293 5448 plangentes.l\'u_squam
3304 5383 3472 5448 certe,

1902 5394 2028 5448 pres
2042 5393 2280 5498 υιοιιξδιι
2292 5393 2445 5429 verm
2456 5393 2685 5446 ,pectora
2696 5393 3293 5443 plangentes.mlsquam
3304 5393 3472 5439 certe,

1901 5448 1965 5500 τύ
1973 5449 2179 5527 πρνὶστή
2220 5463 2300 5527 εσι
2317 5446 2774 5527 περικεῖσθαι,τὴν
2790 5463 2877 5527 ire
2888 5445 3170 5517 ρνοτυπίαν
3186 5445 3473 5515 signiﬁcat.

1996 5517 2087 5589 ἐξ)
2128 5516 2188 5570 Β.
2217 5518 2291 5589 δι’
2320 5516 2665 5589 ἀλληγορίας.
2696 5516 2761 5589 ut
2791 5516 3008 5586 Dionys.

1997 5583 2088 5658 ‘23)
2129 5583 2453 5658 Δείγματαζ
2472 5583 2603 5656 Legi
2627 5587 2874 5655 δείματα,
2894 5583 2949 5639 ιιί
2968 5585 3109 5655 apud
3129 5583 3468 5658 Dionysium.

926 5662 1162 5735 ionysius
1184 5672 1393 5719 tantum
1438 5663 1649 5728 Ἰδαίας,
1686 5679 1802 5734 qua:

1911 5656 2045 5726 Quid
2073 5656 2120 5713 'si
2155 5658 2406 5735 δήγματα
2431 5657 2693 5725 legamus,
2720 5670 3079 5735 quaeritemus
3108 5656 3229 5713 ilios
3257 5656 3473 5719 calami,

1911 5725 2077 5785 talum
2108 5725 2682 5799 perturbationumque
2713 5725 3051 5797 signiﬁcent?
