3832 6216
349 328 448 383 Ιῦῐ

986 317 1264 379 EUSEBII
1302 316 1790 374 CESABIENSIS
1827 317 1976 372 ΟΡΡ.
2021 315 2202 371 PARS
2241 314 2305 370 ll.
2345 347 2415 358 —
2453 314 2957 373 APOLOGETICA.

3508 313 3608 370 1εὲ

338 459 446 513 que
474 456 605 497 vero
632 455 718 495 me
745 436 956 493 nescire
978 436 1267 507 quisquam
1299 434 1594 495 existimet,
1627 430 1906 485 nonnullas

2026 447 2122 500 μαι
2158 429 2296 501 πρὸς
2327 429 2546 493 αὐτοὺς,
2583 430 2676 491 καὶ
2708 430 2810 502 τὴν
2855 427 3142 500 Ῥωμαίων
3181 427 3379 497 μᾶλλον
3416 428 3611 482 dumos!-

337 536 651 591 Graecorum
691 529 906 585 fabulas
943 528 1148 598 aliquid
1192 526 1509 582 hominibus
1549 523 1801 579 utilitatis
1836 522 1913 577 af-

337 627 501 692 ferre,
546 623 663 680 sive
709 630 919 676 natura:
960 633 1122 690 opera
1170 618 1370 672 latente
1412 616 1701 670 verborum
1751 629 1916 671 sensu

338 722 747 786 repraesentem,
783 714 898 768 sive
942 710 1009 765 ad
1051 708 1380 779 mitigandas
1413 708 1783 762 humanorum
1826 721 1919 761 ca-

338 822 501 861 suum
538 805 821 861 molestias
861 802 1108 858 conﬁcta:
1150 799 1373 863 fuerint,
1413 799 1529 854 sive
1557 799 1624 853 ad
1650 798 1915 854 tollendas

335 899 642 953 animorum
679 894 1145 967 perturbationes,
1179 903 1467 962 metusque
1510 890 1915 947 levandos.sive

334 991 403 1045 ad
441 990 625 1045 minus
650 1003 813 1044 sanas
842 985 1130 1056 opiniones
1159 985 1519 1050 revellendas,
1548 984 1663 1039 sive
1686 983 1914 1037 alterius

340 1081 720 1151 (ujuscunquc
755 1075 1164 1133 commoditatis
1199 1074 1371 1144 gratia
1410 1073 1749 1143 compositae.
1810 1070 1916 1127 Ve—

332 1187 488 1235 rum,
528 1170 655 1225 licet
691 1170 795 1225 ista
832 1182 987 1236 aeque
1063 1165 1281 1232 norim,
1321 1180 1387 1220 ac
1426 1165 1607 1235 quivis
1642 1163 1814 1228 alius,
1855 1163 1913 1228 in

336 1262 603 1331 ejusmodi
655 1271 836 1316 tamen
888 1258 1088 1315 fabulis
1142 1273 1339 1329 magna
1389 1272 1606 1328 semper
1660 1256 1914 1312 cautione

332 1370 472 1421 opus
517 1367 641 1408 esse
690 1350 949 1416 arbitror,
1005 1364 1181 1419 eoque
1234 1349 1494 1403 libentius
1535 1347 1910 1402 Romanorum

332 1442 659 1512 theologiam
689 1440 952 1511 approbo,
996 1455 1211 1496 meeum
1253 1439 1370 1510 ipse
1399 1448 1680 1510 reputans,
1712 1439 1910 1510 exigua

331 1535 626 1590 admodum
669 1535 758 1589 illa
793 1549 914 1590 esse
941 1533 1083 1588 bona
1108 1549 1230 1602 quae
1253 1531 1458 1587 Graecis
1490 1530 1691 1588 fabulis
1729 1532 1909 1587 conti-

329 1632 549 1692 nentur,
583 1640 813 1695 quaeque
854 1638 962 1678 non
1004 1624 1073 1679 ad
1103 1624 1308 1694 plures,
1336 1623 1428 1678 sed
1471 1631 1680 1678 tantum
1723 1623 1790 1677 ad
1814 1637 1909 1677 eos

329 1717 607 1785 pertinere
638 1716 874 1787 possint,
905 1715 1000 1786 qui
1034 1730 1197 1785 quem
1242 1715 1295 1769 in
1326 1730 1552 1785 scopum
1592 1716 1727 1785 ipsa:
1755 1716 1908 1770 colli-

2021 539 2185 593 χομαι
2217 522 2494 590 θεολογίαν
2518 539 2533 555 ·
2567 523 2985 595 ἐνθυμούμενος,
3026 523 3110 576 ὅτι
3159 521 3228 576 τὰ
3259 522 3357 593 μὲν
3390 523 3454 577 ὲκ
3498 521 3608 577 τῶν

2030 615 2354 685 Ἑλληνικῶν
2390 614 2574 686 μύθων
2599 615 2801 685 ἀγαθὰ,
2842 615 3014 688 μικρά
3042 615 3100 668 τέ
3128 616 3243 669 ἐστι
3270 617 3365 670 καὶ
3395 616 3454 669 οὐ
3485 617 3607 670 πολ-

2016 706 2143 771 λοὺς
2173 706 2447 778 δυνάμενα
2485 705 2738 777 ὠφελεῖν,
2776 707 2912 761 ἀλλὰ
2957 707 3117 777 μόνον
3164 709 3290 771 τοὺς
3340 708 3603 780 ἐξητακό-

2015 813 2133 861 τας,
2168 791 2242 851 ὧν
2274 798 2435 851 ἕνεκα
2484 798 2692 867 γίνεται
2712 816 2726 829 ’
2772 799 2989 853 σπάνιοι
3015 798 3061 851 δ’
3090 799 3226 853 εἰσὶν
3254 802 3303 853 οἱ
3355 800 3605 873 μετειλη-

2016 889 2176 958 φότες
2204 889 2409 959 ταύτης
2437 890 2538 960 τῆς
2562 890 2913 961 φιλοσοφίας·
2954 893 2982 944 ὁ
3012 890 3068 943 δὲ
3097 889 3266 954 πολὺς
3298 891 3390 944 καὶ
3415 891 3605 962 ἀφιλο-

2016 982 2249 1052 σόφητος
2297 982 2453 1053 ὄχλος
2488 981 2584 1036 ἐπὶ
2631 981 2701 1036 τὰ
2748 982 2916 1055 χείρω
2958 982 3257 1053 λαμϐάνειν
3287 984 3432 1051 φιλεῖ
3473 986 3604 1049 τοὺς

2014 1074 2144 1145 περὶ
2171 1074 2357 1128 αὐτῶν
2379 1075 2571 1144 λόγους
2595 1092 2608 1105 ⁸
2638 1077 2732 1130 καὶ
2778 1075 2976 1147 πάσχει
3008 1076 3233 1148 θάτερον
3266 1076 3396 1147 (24),
3431 1076 3464 1148 ἧ
3499 1094 3601 1131 κα·

2013 1169 2301 1238 ταφρονεῖν
2325 1166 2434 1220 τῶν
2469 1166 2625 1234 θεῶν,
2665 1166 2740 1230 ὡς
2784 1168 2842 1219 ὲν
2871 1167 3037 1239 πολλῇ
3073 1167 3462 1239 κακοδαιμονίᾳ
3503 1184 3602 1220 κυ-

2012 1257 2390 1329 λινδουμένων,
2425 1258 2459 1328 ἢ
2488 1257 2597 1311 τῶν
2627 1259 2922 1329 αἰσχίστων
2965 1276 3025 1312 τε
3065 1259 3160 1312 καὶ
3203 1259 3601 1332 παρανομωτά-

2011 1364 2117 1400 των
2147 1347 2359 1411 οὐδενὺς
2389 1348 2671 1419 ἀπέχεται,
2704 1348 2848 1412 θεοῖς
2866 1348 3010 1421 ὀρῶν
3036 1348 3176 1403 αὐτὰ
3206 1350 3595 1421 προσκείμενα.

2023 1438 2181 1493 Ἀλλὰ
2222 1440 2348 1511 περί⁹
2389 1440 2488 1510 μὲν
2513 1440 2744 1506 τούτων,
2765 1443 2876 1504 τοῖς
2899 1442 3031 1495 αὐτὸ
3065 1442 3224 1513 μόνον
3251 1441 3312 1494 τὸ
3342 1440 3601 1513 θεωρητι-

2011 1529 2104 1584 κὸν
2131 1533 2230 1602 τῆς
2275 1530 2593 1601 φιλοσοφίας
2642 1531 2808 1601 μέρος
2857 1530 3117 1584 ἀσκοῦσιν
3169 1531 3302 1601 (25),
3354 1531 3598 1599 ἀφείσθω

2010 1624 2265 1677 σκοπεῖν·
2302 1624 2402 1695 τῆς
2443 1623 2501 1676 δὲ
2541 1623 2647 1676 ὑπὸ
2690 1623 2965 1695 Ῥωμύλου
3012 1624 3446 1693 κατασταθείσης
3497 1638 3599 1677 πο·-

2009 1715 2213 1779 λιτείας
2240 1716 2336 1769 καὶ
2363 1715 2488 1769 τάδε
2517 1715 2809 1787 ἡγησάμην
2833 1716 3075 1787 ἱστορίας
3103 1715 3245 1782 ἄξια.
3286 1734 3306 1768 ι

328 1820 511 1879 neent,
544 1812 829 1883 diligenter
866 1820 1226 1881 accurateque
1262 1810 1656 1880 perspexerint.
1706 1810 2027 1879 Enimvero,
2094 1828 2220 1868 cum
2291 1810 2450 1882 pauci
2516 1812 2812 1866 admodum
2862 1811 2937 1864 illi
2990 1819 3137 1876 sunt,
3190 1810 3395 1879 quibus
3452 1809 3596 1863 haue

327 1904 396 1958 ad
448 1904 849 1974 philosophiam
892 1904 1072 1959 aditus
1108 1912 1318 1973 pateat,
1365 1911 1478 1958 tum
1522 1919 1655 1959 sane
1701 1903 1855 1959 rudis
1896 1914 1949 1960 et
1988 1904 2242 1974 imperita
2298 1903 2597 1958 multitudo
2629 1903 2883 1972 vulgares
2922 1903 3056 1957 istos
3083 1902 3150 1956 de
3177 1903 3281 1956 diis
3312 1916 3588 1956 sermones

325 1991 653 2052 deteriorem
702 1998 757 2053 in
799 2008 1008 2068 partem
1056 1997 1405 2066 interpretari
1463 1998 1631 2063 solet,
1672 2009 1836 2070 atque
1876 2001 1929 2054 in
1972 2001 2204 2055 alterum
2258 2014 2289 2054 e
2352 1999 2568 2053 duobus
2608 1998 2829 2063 incidit,
2877 2008 2938 2053 ut
2985 1998 3067 2052 vel
3102 1998 3231 2052 deos
3271 2005 3596 2066 aspernetur

328 2097 407 2143 tot
458 2102 523 2142 ac
571 2087 737 2144 tantis
788 2088 1135 2144 miseriarum
1185 2088 1441 2143 ﬂuctibus
1495 2088 1761 2157 jactatos,
1808 2090 1893 2144 vel
1960 2090 2172 2144 nullum
2227 2087 2418 2158 ﬂagitii
2455 2087 2783 2157 scelerisque
2820 2103 2992 2159 genus
3035 2089 3335 2142 cavendum
3394 2085 3493 2140 sibi
3526 2102 3593 2141 ac

325 2180 709 2236 declinandum
754 2190 936 2250 putet,
975 2181 1089 2252 80
1128 2197 1252 2236 cum
1293 2195 1358 2236 ex
1403 2180 1510 2237 diis
1545 2182 1678 2251 ipsis
1722 2196 1898 2252 usque
1934 2182 2070 2238 adeo
2104 2179 2392 2236 familiaria
2419 2179 2586 2236 fuisse
2630 2179 2828 2234 videat.
2873 2178 3073 2235 1Verum
3121 2181 3222 2234 ista
3278 2178 3595 2234 hominibus

326 2277 425 2340 iis,
482 2276 576 2346 qui
616 2277 685 2330 ad
733 2276 907 2331 solam
947 2277 1305 2347 philosophiae
1354 2286 1585 2348 partem,
1627 2291 1748 2345 quae
1789 2284 1874 2331 est
1912 2275 1964 2330 in
2029 2273 2487 2344 contemplatione
2541 2273 2755 2343 posita,
2797 2273 3103 2336 adhaesere,
3145 2272 3459 2343 diligentius
3496 2287 3594 2325 ex-

325 2368 605 2439 pendenda
648 2369 1049 2436 relinquimus:
1080 2386 1179 2441 ego
1206 2385 1357 2437 vero,
1389 2371 1507 2426 haec
1549 2369 1740 2433 etiam,
1787 2383 1909 2438 quae
1949 2368 2260 2438 reipublicae
2290 2383 2328 2421 ae
2348 2365 2585 2422 Romulo
2615 2367 2881 2421 instituta:
2928 2366 3147 2436 propria
3206 2375 3353 2429 sunt,
3403 2364 3589 2434 digna,

325 2475 449 2529 quae
474 2461 752 2514 memoriae
779 2460 1157 2530 proderentur,
1184 2461 1392 2530 putavi.
1419 2480 1439 2513 ι
1480 2458 1753 2514 Hactenus
1777 2458 2093 2531 Dionysius.

394 2553 680 2620 Ejusmodi
709 2568 819 2609 non
858 2555 1022 2610 modo
1056 2570 1399 2610 summorum
1431 2555 1904 2625 philosophorum,

2078 2555 2157 2609 Τὰ
2187 2556 2285 2627 μὲν
2311 2555 2375 2628 δὴ
2405 2555 2759 2628 παραστάντα
2807 2558 2921 2620 τοῖς
2951 2555 3261 2627 κρατίστοις
3297 2554 3406 2607 τῶν
3441 2554 3596 2624 φιλο-

325 2644 418 2698 sed
463 2644 706 2714 ipsorum
755 2660 977 2715 quoque
1009 2644 1241 2700 Romani
1289 2646 1503 2715 imperii
1551 2646 1904 2701 l‘uudatorum

2014 2649 2207 2717 σόφων,
2241 2649 2335 2702 καὶ
2358 2652 2471 2713 τοῖς
2501 2648 2748 2712 παλαιοῖς
2779 2650 2871 2701 καὶ
2898 2650 3131 2719 πρώτοις
3159 2648 3257 2717 τῆς
3301 2646 3592 2717 Ῥωμαίων

325 2751 390 2789 ac
431 2734 772 2805 principum,
818 2735 885 2790 de
948 2734 1261 2791 Graecorum
1305 2736 1587 2792 hominum
1635 2735 1903 2805 theologia

2014 2740 2304 2810 ἡγεμονίας
2353 2740 2611 2812 περὶτῆς
2663 2739 2979 2810 Ἑλληνικῆς
3028 2739 3326 2807 θεολογίας,
3365 2737 3600 2792 τοιαῦτα

324 2826 588 2898 judicium
627 2826 777 2882 fuit:
819 2843 887 2883 ex
925 2843 1037 2898 quo
1085 2828 1455 2901 intelligimus,
1499 2845 1772 2900 nusquam
1810 2844 1906 2885 eos

2014 2828 2093 2903 ἦν,
2122 2832 2372 2902 οὐδαμῶς
2416 2832 2767 2904 φυσιολογίας
2795 2833 2852 2884 ἐν
2897 2834 3009 2895 τοῖς
3045 2834 3175 2901 περ)⁵
3217 2830 3354 2884 θεῶν
3402 2830 3591 2901 μύθοις

326 2929 522 2968 novam
569 2913 731 2969 istam
785 2915 841 2969 in
910 2912 1107 2972 fabulis
1148 2917 1376 2973 deorum
1418 2919 1733 2974 evolvendis
1768 2920 1906 2990 phy-

2014 2922 2444 2994 παραδεχόμενα,
2471 2923 2592 2976 οὐδέ
2621 2940 2686 2992 γε
2710 2923 2808 2987 τὰς
2847 2925 3201 2995 σεμνοφανεῖς
3226 2924 3319 2976 καὶ
3349 2939 3597 2990 σοφιστι-

325 3003 607 3074 siologiam
652 3004 884 3074 probare
921 3007 1161 3062 voluisse
1186 3025 1226 3073 _:
1263 3017 1474 3062 tantum
1505 3010 1690 3074 abest,
1719 3020 1778 3063 ut
1815 3023 1904 3063 so-

324 3092 575 3162 phisticis
620 3096 950 3166 quibusdam
1006 3100 1331 3169 praestigiis,
1390 3110 1443 3154 et
1491 3100 1778 3171 dignitatis
1832 3102 1899 3155 ad

327 3184 561 3253 speciem
592 3188 906 3257 compositis
934 3187 1158 3257 januam
1191 3189 1485 3259 aperirent.
1509 3190 1616 3246 Sed
1641 3192 1899 3260 quoniam

326 3276 492 3331 semel
528 3277 760 3332 istorum
791 3294 1008 3349 quoque
1030 3280 1326 3335 vanitatem
1356 3290 1550 3351 sponte
1578 3282 1905 3351 redarguen-

325 3366 450 3420 dam
484 3368 848 3438 suscepimus,
884 3385 982 3441 age
1015 3370 1147 3439 quid
1186 3370 1434 3441 praeclari
1473 3372 1690 3427 tandem
1722 3373 1901 3426 numi-

326 3458 598 3530 nibusque
626 3460 774 3531 digni
811 3477 999 3517 eorum
1030 3462 1505 3533 interpretationes
1540 3474 1595 3520 et
1621 3480 1903 3520 commen-

329 3551 564 3607 tationes
602 3552 852 3619 aﬂ'erant,
877 3556 1161 3611 videamus
1191 3574 1203 3609 :
1236 3555 1316 3610 sic
1341 3565 1522 3627 tamen
1556 3558 1690 3612 nihil
1721 3568 1781 3612 ut
1807 3574 1903 3613 ore

2009 3014 2111 3078 κὰς
2142 3015 2450 3087 τερθρείας.
2493 3017 2682 3088 Ἡμεῖς
2713 3034 2777 3086 γε
2819 3017 2926 3088 μὴν
2970 3017 3199 3087 ἐπείπερ
3226 3014 3373 3079 ἅπαξ
3398 3014 3596 3086 ὠρμή-·

2010 3103 2183 3175 θημεν
2209 3105 2302 3158 ἐπὶ
2340 3106 2553 3160 καὶτὸν
2592 3105 2799 3159 τούτων
2839 3105 3078 3176 ἔλεγχον,
3116 3105 3247 3177 φέρε
3278 3105 3377 3168 τὰς
3417 3107 3591 3176 ἑρμη-

2008 3197 2155 3261 νείας
2183 3196 2359 3252 αὐτῶν
2406 3198 2502 3251 καὶ
2548 3197 2799 3270 θεωρίας,
2833 3197 2886 3250 τί
2937 3214 3065 3250 ποτε
3106 3197 3211 3269 ἄρα
3251 3197 3443 3267 σεμνὸν
3495 3196 3595 3249 οιαὶ-

2008 3288 2307 3362 θεοπρεπὲς
2339 3291 2769 3363 ὲπικομίζονται,
2815 3290 3120 3361 κατίδωμεν
3142 3306 3159 3321 '
3195 3291 3361 3362 μηδὲν
3398 3290 3494 3360 μὲν
3527 3288 3596 3353 ἐξ

2008 3381 2185 3451 ἡμῶν,
2215 3383 2395 3437 πάντα
2438 3383 2496 3437 δὲ
2538 3386 2658 3447 ταῖς
2701 3382 2880 3437 αὐτῶν
2931 3385 3136 3451 φωναῖς
3184 3381 3596 3453 συγχρώμενα,⁴

2008 3471 2083 3535 ὥς
2129 3471 2196 3526 ἂν
2231 3474 2362 3545 παρ’
2390 3474 2568 3528 αὐτῶν
2605 3470 2761 3539 αὖθις
2801 3473 2870 3527 τὰ
2902 3473 3080 3527 αὐτῶν
3124 3475 3298 3527 οἰκεῖα
3340 3471 3593 3543 καταμά-

2010 3559 2211 3632 θωμεν.

324 3644 618 3716 laquamur
668 3654 879 3714 nostro,
923 3648 1017 3704 sed
1054 3647 1236 3702 omnia
1305 3647 1599 3718 ipsissimis
1671 3665 1860 3704 eorum
1913 3651 2096 3706 verbis
2147 3668 2406 3728 concepta
2454 3659 2852 3728 producamus,
2909 3672 3118 3728 suaque
3169 3671 3362 3711 rursus
3411 3656 3479 3709 ah
3516 3654 3585 3708 iis

329 3739 585 3810 mysteria
629 3739 943 3795 doceamur.

330 3961 571 3976 Ἡ

725 4120 2066 4274 ΠΡΟΠΑΡΑΣΚΕΥΗΣ
2167 4114 3245 4233 ΕΥΑΓΓΕΛΙΚΗΣ,

1479 4343 1922 4431 ΒΙΒΛΙΟΝ
1993 4346 2422 4430 ΤΡΙΤΟΝ.

479 4689 1497 4786 PRZEPARATIONIS
1570 4696 2371 4789 EVANGELIC/E’
2436 4696 2799 4785 LIBER
2877 4697 3450 4787 TERTIUS.

2110 5040 2296 5095 TAAE
2324 5041 2676 5096 HEPIEXEI
2723 5043 2800 5094 ῚῸ
2846 5041 3112 5094 TPITON
3137 5038 3470 5093 BIBAION.

2002 5138 2073 5201 α’.
2106 5132 2248 5201 Περὶ
2281 5131 2392 5201 τῆς
2433 5129 2748 5198 Ἐλλήνων
2772 5129 3038 5201 φυσικῆς
3064 5131 3397 5200 θεολογίας.

2004 5200 2071 5271 βξ.
2100 5200 2406 5271 Γαμή.ῖιος
2433 5201 2576 5269 ᾠδή.
2681 5270 2687 5271 7
2777 5200 2784 5201 ί
3388 5254 3394 5261 ,

2000 5269 2069 5340 γ’.
2105 5269 2247 5355 {Tagi
2288 5271 2398 5341 τῆς
2436 5270 2773 5341 Αἰγυπτίων
2806 5270 3338 5341 ἀλληγορουμένης
3369 5273 3579 5327 θεολο⁴⁸

2110 5360 2127 5393 ι
2211 5381 2224 5394 ο

1998 5359 2229 5491 δηγνὲἓι
2258 5411 2391 5491 περὶ
2416 5410 2536 5465 τῶν
2554 5411 2770 5491 αὑτῷν,
2802 5410 3019 5491 καὶ-ὅτι
3038 5409 3167 5491 τὴν
3184 5409 3404 5491 ,πᾶσαν
3431 5409 3577 5491 ἀτα-

2070 5482 2262 5551 φορὰν
2293 5481 2403 5551 τῆς
2450 5481 2738 5551 τροπικῆς
2786 5481 2986 5535 αὐτῶν
3025 5481 3269 5549 θεωρίας
3291 5481 3389 5535 ἐπὶ
3416 5481 3577 5550 μόνα

636 5037 742 5108 81
777 5035 1031 5092 TERTII
1055 5036 1264 5093 LIBRI
1285 5038 1577 5097 CAPITA.
1924 5048 1967 5107 C

323 5128 374 5204 1.
411 5124 488 5204 ρο
511 5130 750 5183 naturali
783 5128 1088 5204 Graecorum
1118 5132 1400 5204 theologia.

319 5198 375 5268 2.
409 5197 633 5268 Carmen
659 5201 913 5268 nuptiale.

320 5267 373 5320 ἒ).
402 5266 481 5320 De
507 5266 794 5340 allegorica
817 5270 1198 5342 .‘Eggptiorum
1222 5273 1506 5344 theologia.

323 5395 372 5448 ι.
399 5395 477 5449 De
500 5401 680 5453 eadem
703 5400 1080 5476 ﬁgyptiorum
1112 5405 1443 5476 physiologia
1463 5424 1481 5461 :
1514 5406 1752 5476 quodque
1774 5408 1893 5461 uni-

388 5482 588 5522 uersam
622 5460 860 5526 moralis.
884 5460 1327 5545 interpretationis
1355 5460 1893 5532 acconlmodhtionem

1984 5646 1987 5649 ’
2066 5658 2176 5728 (‘25)
2244 5647 2576 5714 Ασκοῦσῐν.
2602 5658 2784 5727 Dion.,
2818 5661 3336 5734 ἀποτετηρημένοις,
3362 5670 3579 5717 utrum-

1992 5743 2098 5792 que
2128 5739 2356 5784 rectum.

320 5644 769 5789 οάςτξέὲνίῖάσχει
797 5652 1065 5724 θάτερον.
1108 5656 1422 5729 Dionysius,
1471 5657 1699 5729 πάσχειν
1741 5657 1884 5714 δυοῖν
