3832 6216
416 308 524 365 155

1076 310 1345 365 EUSEBII
1386 310 1871 368 CzESARlENSlS
1908 314 2057 370 OPP.
2102 315 2283 370 PARS
2322 314 2385 371 11.
2429 349 2499 360 --
2534 303 3049 378 ΑΡΟΕΟΟΕΤΙΟΑί

3575 322 3694 377 156

412 426 527 495 jam
558 423 835 479 hominem
868 423 1021 478 illum
1052 423 1162 493 83
1196 424 1358 477 morti
1384 424 1705 491 obnoxium,
1734 435 1788 480 et
1820 425 1875 480 in
1904 427 1991 480 hi—

2115 432 2192 499 τὴν
2221 432 2389 502 αὐτὴν
2418 435 2481 502 τῇ
2528 434 2694 503 Λητοῖ
2722 452 2885 505 φησιν
2918 431 3056 489 εἶναι
3088 434 3187 506 τὴν
3223 435 3418 506 Ἦραν.
3448 431 3560 489 Εἶτ’
3586 438 3693 490 ἐπὶ

417 516 586 570 storia
638 516 1005 580 decantatum,
1038 515 1196 584 cujus
1229 515 1509 584 superiore
1548 515 1687 570 libro
1736 517 1993 570 memini-

416 623 542 662 mus
567 625 581 660 :
624 604 896 660 lunonem
920 616 1123 670 autem,
1148 614 1393 659 mutuam
1415 605 1517 658 \iri
1542 604 1840 676 uxorisque
1861 621 1994 661 con-

418 699 763 754 suetudinem
811 697 1145 751 matrimonii
1191 697 1407 751 vinculo
1440 698 1723 753 sociatam.
1767 697 1990 763 Deinde,

415 790 573 859 quasi
616 803 729 843 sua:
788 789 952 857 hujus
985 788 1509 843 accommodationis
1563 789 1787 853 oblitus,
1828 790 1989 843 aliam

416 880 679 934 continuo
715 879 1009 934 subtexens
1036 879 1346 945 historiam,
1379 877 1649 934 Juuonem
1691 880 1851 934 istam
1881 895 1990 934 non

412 970 524 1038 jam
560 971 637 1024 uti
670 970 842 1039 prius,
876 969 969 1024 sed
1001 968 1225 1023 Terram
1253 970 1535 1036 nominat;
1568 969 1831 1025 Latonam
1861 985 1992 1026 vero

2096 518 2306 584 τούτοις
2340 523 2617 590 εἰσάγεται
2656 525 2804 596 αὐτῷ
2841 528 2870 579 ό
2898 528 3032 589 Ζεὺς
3061 524 3158 597 τὴν
3186 524 3425 597 αἰθέριον
3450 525 3691 598 δύναμιν

2098 610 2562 683 ἀλληγορούμενος
2601 615 2730 686 (2'7).
2769 617 2879 670 Kal.
2907 617 2959 669 τί
2987 634 3054 688 με
3093 616 3175 669 δεῖ
3212 616 3387 670 ταῦτα
3428 616 3691 689 προλαμ-

2098 702 2300 767 ϐάνειν,
2346 704 2522 757 αὑτοῦι
2559 707 2732 777 παρὸν
2787 708 3017 761 ἀκούσαι
3060 707 3153 761 τοῦ
3198 708 3389 780 ἀνδρὸς
3425 701 3529 761 ὧδέ
3563 725 3693 767 πως

2099 790 2158 842 ἐν
2189 785 2269 855 οἷς
2300 794 2581 865 ἐπέγραψε
2628 796 2757 868 περὶ
2801 796 2909 849 τῶν
2956 800 3014 851 ὲν
3045 798 3343 859 Πλαταιαῖς
3381 798 3687 862 Δαιδάλων,

2099 881 2168 936 τὰ
2219 883 2549 940 λανθάνοντα
2594 890 2723 953 τοὺς
2780 889 3008 954 πολλοὺς
3048 890 3149 961 τῆς
3193 891 3507 963 ἀπορρήτου
3549 889 3695 959 περὶ

2100 972 2235 1028 θεῶν
2262 977 2608 1046 φυσιολογίας
2636 980 3018 1048 ἐκφαίνοντος;

415 1062 753 1117 Oblivionem
788 1070 843 1116 et
868 1059 1122 1127 Noctem;
1170 1077 1408 1131 moxque
1437 1061 1706 1117 Junouem
1754 1063 1998 1117 eamdem
2038 1077 2163 1118 cum
2199 1066 2313 1135 ipsa
2346 1067 2549 1125 Latona
2576 1070 2727 1127 facit.
2765 1072 2844 1126 Ad
2869 1074 2981 1127 haec
3012 1072 3198 1128 Jovem
3252 1074 3413 1129 nobis
3449 1074 3693 1128 inducitv

416 1170 577 1222 quem
615 1155 831 1210 aetheris
880 1156 989 1209 vim
1043 1156 1328 1225 allegorice
1372 1156 1777 1227 interpretatur.
1844 1157 2048 1211 Verum
2089 1160 2218 1229 quid
2264 1178 2402 1232 Opus
2457 1165 2570 1221 haec
2622 1168 2937 1221 summatim
2983 1169 3324 1239 strictimque
3368 1170 3693 1239 prmlibare,

414 1263 539 1302 cum
575 1247 868 1318 ipsummet
902 1249 1090 1304 audire
1116 1250 1274 1305 liceat
1310 1251 1363 1305 in
1395 1252 1461 1305 iis
1513 1266 1634 1320 qua:
1684 1251 1749 1305 de
1809 1248 2198 1310 Plataeensibus
2240 1255 2470 1313 Daedalis
2519 1261 2796 1315 memoriae
2818 1261 3075 1330 prodidit,
3112 1262 3178 1317 de
3221 1263 3399 1318 abdita
3432 1264 3522 1317 illa
3559 1263 3697 1317 vul-

416 1360 595 1415 goque
617 1344 899 1399 hominum
927 1345 1111 1415 ignota
1139 1346 1362 1399 deorum
1400 1345 1737 1417 physiolojgia
1770 1345 1992 1402 disertis
2031 1348 2211 1405 verbis
2240 1350 2313 1405 ita
2344 1352 2719 1408 disserentem.

1052 1435 1284 1490 CAPUT
1320 1439 1360 1490 Ι.

711 1530 789 1582 De
815 1528 1052 1582 naturali
1080 1528 1384 1583 Crwcorum
1418 1528 1701 1599 theologia.

493 1641 512 1673 ε
553 1621 869 1690 Antiquam,
921 1620 1116 1689 inquit,
1171 1636 1278 1673 non
1321 1619 1634 1675 Grzecorum
1669 1620 1869 1685 modo,
1904 1618 2000 1675 sed

2630 1449 3027 1501 ΚΕΦΑΛΑῘΟΝ
3066 1450 3141 1502 A'.

2240 1536 2379 1604 Περὶ
2422 1534 2532 1605 τῆς
2572 1534 2878 1603 Ἑλλήνων
2903 1540 3170 1610 φυσικῆς
3202 1544 3530 1613 θεολογίας.

2174 1626 2287 1696 (28)
2326 1646 2345 1679 ‹
2379 1630 2496 1682 Ὀτι
2528 1629 2625 1700 μὲν
2653 1626 2805 1702 οὖνὴ
2840 1631 3045 1685 παλαιὰ
3081 1633 3398 1703 φυσιολογία
3427 1637 3519 1690 καὶ
3547 1642 3702 1711 παρ’

424 1718 588 1771 etiam
618 1716 979 1771 barbarorum
1024 1714 1419 1785 physiologiam
1459 1714 1605 1769 aliud
1641 1714 1775 1767 nihil
1805 1713 1993 1780 fuisse,

2115 1717 2332 1788 Ἕλλησι
2365 1720 2460 1772 καὶ
2494 1718 2789 1792 βαρϐάροις
2815 1722 2969 1792 λόγος
3000 1720 3067 1793 ἦν
3092 1725 3318 1794 φυσικὸς
3342 1728 3706 1801 ἐγκεκαλυμ-

417 1825 582 1877 quam
621 1810 889 1863 rationem
936 1811 1228 1876 quamdam
1277 1808 1579 1861 naturalem
1610 1807 1809 1862 fabulis
1840 1808 1992 1862 invo-

419 1902 610 1963 lutam,
644 1900 890 1968 adeoque
932 1899 1184 1952 latentem
1223 1907 1276 1952 et
1319 1887 1606 1952 obscuram
1638 1898 1994 1968 theologiam,

418 1991 578 2061 cujus
620 1991 923 2061 aenigmatis
951 1999 1004 2045 et
1038 1990 1309 2060 allegoriis
1343 2004 1538 2044 arcana
1586 1990 1697 2044 fere
1739 1991 1995 2061 mysteria

419 2084 494 2138 ita
525 2083 859 2153 tegebantur,
911 2090 970 2135 ut
996 2097 1117 2136 cum
1159 2096 1219 2134 ea
1271 2097 1393 2151 qure
1429 2081 1748 2136 dicebautur
1781 2081 1997 2135 facilius

418 2192 583 2248 quam
612 2190 733 2245 quae
771 2175 1092 2235 silebantur,
1139 2175 1388 2243 imperita
1432 2174 1721 2228 multitudo
1759 2184 1995 2242 caperet,

419 2278 533 2322 tum
565 2282 693 2322 vero
722 2267 787 2320 de
812 2267 880 2321 iis
913 2280 1034 2335 qua:
1065 2265 1364 2319 silebantur
1398 2265 1576 2335 majus
1599 2265 1803 2334 aliquid
1833 2281 1995 2333 quam

418 2378 541 2432 qua:
571 2361 910 2426 dicebantur,
965 2358 1278 2427 suspicione
1328 2357 1643 2427 conjiceret,
1674 2357 1853 2425 quivis
1886 2364 1997 2409 tam

419 2473 486 2510 ex
543 2454 747 2525 Orphei
807 2453 1164 2517 carminibus,
1219 2466 1381 2521 quam
1420 2466 1484 2504 ex
1527 2449 1905 2519 Egyptiorum
1945 2458 1999 2503 et

419 2548 693 2618 Phrygum
735 2545 1086 2600 monimentis
1132 2543 1350 2598 auferre
1376 2552 1574 2612 potest.
1599 2542 1831 2597 Maxime
1872 2557 1999 2596 vero

420 2656 544 2695 cum
572 2640 843 2695 solemnes
890 2636 1138 2690 initiaudi
1169 2635 1327 2699 ritus,
1356 2644 1471 2689 tum
1508 2651 1627 2704 qua:
1667 2636 1795 2689 dum
1827 2635 1997 2690 sacris

420 2731 786 2801 operabantur
824 2726 1069 2782 adhiberi
1121 2727 1368 2798 symbola
1407 2733 1821 2790 consueverant,
1877 2740 2000 2794 qua:

421 2840 576 2879 mens
611 2832 851 2877 veterum
877 2822 1081 2891 quique
1106 2835 1301 2873 sensus
1334 2817 1515 2883 fuerit,
1545 2818 1858 2872 ostendunt.
1894 2816 2001 2872 Cu-

417 2914 681 2985 jusmodi,
713 2930 780 2968 ne
805 2912 1022 2982 longius
1049 2912 1118 2965 ab
1157 2911 1404 2965 instituta
1446 2912 1815 2981 disputatione
1836 2913 2001 2966 abea-

422 3022 568 3070 mus,
602 3006 733 3059 illud
779 3013 883 3068 est,
938 3006 1085 3073 quod
1119 3004 1322 3057 nullam
1359 3019 1586 3073 prorsus
1635 3002 1834 3059 Juuoni
1871 3019 1995 3058 cum

2103 1810 2259 1881 μένος
2274 1809 2406 1882 (28‘)
2416 1811 2623 1883 μύθοις,
2634 1813 2699 1867 τά
2718 1813 2886 1869 πολλὰ
2896 1816 2997 1869 διά
3006 1818 3108 1885 ίνιγ
3115 1818 3298 1888 μάτων
3310 1820 3404 1873 καὶ
3416 1822 3697 1877 ὑπονοιῶν

2100 1903 2403 1974 ὲπίκρυφος
2441 1906 2533 1959 καὶ
2580 1908 2962 1980 μυστηριώδης
2997 1908 3263 1978 θεολογία,
3298 1913 3366 1966 τά
3390 1931 3449 1966 τε
3486 1913 3696 1969 λαλού-

2103 2013 2240 2067 μενα
2272 1996 2377 2050 τῶν
2405 1999 2724 2068 σιγωμένων
2751 2000 3060 2072 σαφέστερα
3083 2005 3193 2066 τοῖς
3230 2004 3441 2068 πολλοῖς
3462 2005 3699 2076 ἔχοντα,

2098 2089 2193 2141 καὶ
2217 2088 2285 2141 τὰ
2315 2088 2591 2160 σιγώμενα
2621 2090 2729 2165 τῷν
2758 2091 3098 2163 λαλουμένων
3128 2096 3495 2169 ὑποπτότερα,
3521 2098 3695 2168 δῆλόν

2098 2179 2213 2232 ἐστι
2245 2182 2302 2233 ἐν
2334 2184 2446 2245 τοῖς
2485 2182 2760 2254 Ὀρφικοῖς
2800 2184 2977 2249 ἔπεσι,
3020 2186 3114 2238 καὶ
3142 2189 3253 2249 τοῖς
3288 2188 3703 2255 Αἰγυπτιακοῖς

2099 2270 2192 2323 καὶ¹
2219 2272 2471 2342 Φρυγίοις
2502 2273 2700 2341 λόγοις
2737 2274 2970 2345 μάλιστα
3007 2277 3063 2329 δὲ
3091 2279 3137 2330 οί
3178 2279 3307 2349 περὶ
3334 2279 3431 2341 τὰς
3457 2279 3694 2343 τελετὰς

2099 2361 2388 2433 ὀργιασμοὶ
2421 2366 2514 2418 καὶ
2549 2364 2619 2417 τὰ
2666 2365 2920 2437 δρώμενα
2964 2368 3307 2439 συμϐολικῶς
3338 2372 3397 2423 ὲν
3433 2374 3551 2434 ταῖς
3606 2373 3704 2425 ἰε-

2102 2456 2382 2525 ρουργίαις
2425 2456 2522 2529 τὴν
2552 2459 2661 2510 τῶν
2693 2459 2938 2512 παλαιῶν
2975 2461 3223 2531 ἐμφαίνει
3251 2460 3504 2517 διάνοιαν.
3530 2458 3687 2528 Οἷον,

2104 2546 2177 2616 μὴ
2208 2545 2319 2616 (29)
2354 2548 2574 2620 μακρὰν
2602 2549 2713 2602 τῶν
2742 2550 3109 2622 ἐνεστηκότων
3149 2550 3322 2620 λόγων
3350 2552 3688 2623 βαδίζωμεν,

2099 2637 2160 2689 ού
2206 2639 2534 2709 νομίζουσιν,
2588 2639 2709 2693 οὐδὲ
2760 2639 2971 2705 ἀξιοῦσι
3016 2641 3298 2695 κοινωνίαν
3349 2637 3488 2696 εἶναι
3539 2644 3694 2715 πρὸς

2099 2728 2349 2783 Διόνυσον
2374 2731 2541 2802 ’Ἢρῳ
2572 2732 2932 2801 φυλάσσονται
2970 2731 3025 2785 δὲ
3044 2732 3409 2804 συμμιγνύναι
3435 2734 3503 2789 τὰ
3534 2735 3689 2807 ἱερὰ,

2101 2819 2194 2871 καὶ
2220 2818 2319 2881 τὰς
2356 2819 2644 2892 Ἀθήνῃσιν
2691 2820 2893 2891 ἱερείας
2918 2822 3264 2889 ἀπαντώσας,
3296 2824 3479 2893 φασὶν,
3510 2824 3690 2896 ms-

2099 2910 2219 2974 λαις
2260 2909 2371 2981 (50)
2419 2912 2845 2983 προαγορεύειν,
2890 2913 3025 2984 μηδὲ
3087 2914 3223 2977 ὅλως
3262 2915 3443 2968 κιττὸν
3491 2917 3574 2977 είς
3622 2916 3689 2969 τὺ

2099 3002 2198 3073 τῆς
2228 3004 2404 3073 ’Ἥρας
2450 3004 2768 3073 κομίζεσθαι
2808 3005 3053 3075 τέμενος,
3085 3006 3147 3058 οὐ
3183 3004 3271 3059 διὰ
3314 3006 3411 3069 τὰς
3445 3006 3701 3076 μυθικὰς

422 3097 639 3152 Baccho
682 3094 998 3150 societatem
1048 3101 1101 3146 et
1138 3094 1579 3148 communionem
1607 3109 1728 3149 esse
1756 3109 1993 3164 pronun-

2115 3092 2194 3145 καὶ
2224 3092 2559 3164 φλυαρώδεις
2600 3094 2950 3164 ζηλοτυπίας,
2990 3094 3105 3149 ἀλλ’
3134 3096 3217 3148 ὅτι
3256 3095 3523 3167 γαμήλιος
3577 3097 3707 3167 μὲνι

422 3196 590 3257 cient,
615 3204 789 3260 eoque
819 3196 1052 3245 caveant
1087 3187 1395 3256 diligenter,
1431 3204 1500 3243 ne
1526 3193 1811 3243 amborum
1842 3206 1996 3245 sacra

425 3287 761 3342 misceantur
812 3301 825 3337 :
864 3285 1101 3354 ipsreque
1151 3283 1288 3338 adeo
1336 3283 1667 3347 sacerdotes,
1726 3293 1785 3339 ut
1822 3285 1995 3350 aiunt,

423 3377 651 3433 Athenis
701 3376 822 3431 alia:
873 3375 994 3430 aliis
1044 3383 1394 3429 occurrentes
1421 3374 1759 3438 denuntient,
1789 3375 1865 3429 uti
1902 3391 1999 3430 ne-

422 3467 722 3537 quidquam
756 3464 967 3519 hederze
1003 3461 1234 3518 Junonis
1279 3463 1333 3517 in
1373 3462 1657 3517 delubrum
1687 3463 1993 3519 inferatur:

427 3574 532 3612 non
553 3559 665 3628 jam
695 3557 764 3611 ob
788 3555 1091 3611 fabulosam
1136 3555 1288 3609 illam
1337 3570 1402 3611 ac
1432 3556 1798 3624 nugatoriam,
1831 3571 1996 3625 quam

424 3651 526 3721 ipsi
555 3650 805 3719 affigunt,
837 3649 1191 3719 zelotypiam;
1221 3647 1314 3701 sed
1348 3647 1493 3716 quod
1530 3662 1653 3701 cum
1685 3648 1996 3717 nuptiarum

424 3758 623 3812 prmses
648 3757 713 3797 ac
744 3742 987 3811 pronuba
1018 3741 1116 3794 dea
1151 3740 1239 3793 illa
1278 3739 1368 3803 sit,
1394 3749 1509 3792 tum
1552 3754 1682 3794 vero
1721 3740 1998 3795 ebrietatis

422 3833 614 3887 vitium
649 3839 704 3887 et
731 3831 947 3900 sponsis
993 3829 1273 3899 indignum
1330 3838 1384 3883 et
1434 3844 1464 3883 a
1520 3829 1724 3900 nuptiis
1780 3831 1998 3900 penitus

423 3924 660 3978 alienum
704 3923 981 3985 videatur,
1036 3930 1096 3976 ut
1149 3921 1313 3975 tradit
1373 3920 1548 3975 Plato.
1604 3921 1998 3979 lmmoderatus

422 4015 592 4080 eiiim,
626 4015 822 4083 inquit,
857 4014 990 4067 meri
1042 4022 1200 4081 potus
1231 4013 1667 4081 perturbationes
1706 4014 1758 4067 in
1801 4015 1997 4070 animis

423 4105 626 4175 pariter
669 4113 723 4160 et
753 4105 1078 4174 corporibus
1120 4106 1339 4171 excitat,
1372 4105 1574 4174 quibus
1624 4104 1879 4171 efficitur,
1936 4116 1997 4161 ut

422 4195 535 4268 84
559 4197 909 4266 proseminati
944 4198 1301 4266 conceptique
1325 4196 1466 4251 fetus
1495 4213 1619 4251 cum
1655 4198 1725 4252 ob
1752 4209 1998 4254 errantes

423 4287 838 4357 disjunctasque
882 4297 1085 4356 partes,
1126 4290 1309 4343 minus
1359 4288 1487 4357 tingi
1555 4289 1997 4360 conformarique

423 4377 654 4447 possint,
691 4377 780 4432 vix
825 4378 989 4432 ullam
1028 4393 1245 4448 quoque
1273 4378 1471 4432 virium
1507 4378 1814 4434 firmitatem
1852 4397 1999 4437 assev

2103 3188 2135 3256 ἡ
2180 3183 2320 3249 θεὸς,
2369 3185 2465 3239 καὶ
2514 3186 2900 3255 νυμφαγωγός·
2951 3187 3196 3259 ἀπρεπὲς
3238 3188 3294 3240 δὲ
3338 3189 3591 3258 νυμφίοις
3621 3190 3697 3243 τὸ

2108 3275 2344 3346 μεθύειν,
2400 3278 2495 3330 καὶ
2542 3279 2737 3348 γάμοις
2789 3278 3285 3349 ἀναρμοστότατον,
3330 3279 3406 3342 ὣς
3453 3295 3622 3349 φησιν
3654 3282 3703 3334 ὁ

2104 3368 2349 3424 Πλάτων.
2397 3370 2791 3440 Ἀκρατοποσία
2821 3370 2958 3442 γὰρ,
3004 3372 3156 3442 φησι,
3191 3371 3431 3443 ταραχὴν
3462 3373 3702 3440 ἐμποιεῖ

2105 3461 2199 3515 καί¹
2228 3461 2427 3533 ψυχαῖς
2472 3464 2567 3516 καὶ
2615 3456 2880 3533 σώμασιν,
2921 3464 3010 3532 ὑφ’
3052 3459 3121 3536 ἦς
3172 3462 3420 3517 ἄπλαστοι
3454 3462 3547 3516 καὶ
3582 3479 3698 3515 πε-

2106 3552 2418 3623 πλανημένα
2455 3553 2696 3625 ῥιζοῦται
2727 3556 2909 3617 κακῶς
2957 3555 3027 3609 τὰ
3061 3556 3393 3627 σπειρόμενα
3435 3555 3529 3608 καὶ
3561 3560 3698 3609 κυῖ-

2107 3642 2366 3713 σκόμενα.
2416 3643 2584 3697 Πάλιν
2620 3646 2668 3697 οἱ
2700 3644 2915 3708 θύοντες
2948 3646 3094 3718 Ἤρᾳ
3128 3647 3249 3718 (51).
3274 3646 3372 3722 τὴν
3411 3645 3568 3717 χολὴν
3617 3647 3717 3699 οὐκ

2105 3733 2548 3802 καθαγιάζουσιν,
2582 3735 2716 3789 ἀλλὰ
2750 3736 3137 3809 κατορύττουσι
3168 3738 3317 3810 παρὰ
3352 3738 3443 3791 τὸν
3473 3738 3690 3809 βωμὸν,

2105 3826 2180 3888 ὡς
2208 3827 2322 3879 δέον
2370 3827 2576 3898 ἄθυμον
2611 3828 2706 3881 καὶ
2735 3828 2925 3899 ἄχολον
2948 3833 3041 3884 καὶ
3078 3830 3485 3901 καθαρεύουσαν
3510 3830 3697 3901 ὀργῆς

2104 3920 2197 3972 καὶ
2250 3922 2473 3992 πικρίας
2519 3924 2739 3994 ἁπάσης
2781 3925 2879 3995 τὴν
2909 3924 3167 3992 γυναικὸς
3191 3924 3285 3976 καὶ
3322 3923 3511 3995 ἀνδρὸς
3539 3919 3695 3978 εἶναι

2105 4012 2423 4081 συμϐίωσιν.
2455 4014 2624 4068 Τοῦτο
2651 4016 2713 4088 δὴ
2750 4016 2810 4070 τὸ
2840 4015 3163 4087 συμϐολικὸν
3192 4010 3328 4078 εἶδος
3357 4018 3413 4068 ὲν
3447 4017 3560 4076 τοῖς
3592 4014 3705 4067 λό-

2103 4116 2220 4168 γοις
2247 4103 2340 4154 καὶ
2364 4105 2473 4165 τοῖς
2498 4102 2686 4173 μύθοις
2710 4105 2906 4175 μᾶλλόν
2927 4108 3094 4159 ἐστιν.
3115 4099 3259 4168 υἷον,
3282 4103 3547 4173 ἱστοροῦσι
3563 4102 3695 4169 (5‘2)

2102 4194 2202 4261 τὴν
2235 4191 2412 4262 ’Ἦραν
2443 4196 2500 4246 ὲν
2546 4197 2610 4265 τῇ
2662 4194 2863 4266 Εὐϐοίᾳ
2902 4195 3241 4267 τρεφομένην
3288 4194 3367 4247 ἔτι
3410 4193 3697 4265 παρθένον

2105 4283 2209 4335 ὑπὸ
2238 4282 2331 4335 τοῦ
2363 4283 2487 4348 Διὸς
2520 4285 2811 4357 κλατσῆναι,
2847 4287 2940 4340 καὶ
2972 4285 3411 4357 διακομισθεῖσαν
3443 4284 3693 4340 ἐνταῦθα

2104 4376 2459 4447 κρύπτεσθαι,
2495 4378 2833 4451 Κιθαιρῶνος
2863 4379 3045 4443 αὐτοῖς
3074 4378 3318 4432 ἐπίσκιόν
3342 4394 3465 4431 τινα
3507 4380 3697 4450 μυχὸν

422 4475 680 4539 quantur.
717 4467 980 4522 Praeterea
1014 4468 1106 4537 qui
1134 4467 1336 4523 Junoni
1366 4470 1695 4535 sacrificant,
1726 4471 1775 4525 ei
1805 4471 1876 4526 fel
1901 4489 1993 4528 ne-

2115 4464 2195 4516 ιιαὶ
2239 4463 2478 4535 θάλαμον
2537 4467 2779 4539 αὐτοφυῆ
2837 4468 3230 4539 παρασχόντος.
3283 4466 3570 4539 Ἐλθούσης
3623 4469 3699 4522 δὲ.

421 4574 694 4631 qttaquam
724 4558 983 4623 offerunt,
1018 4561 1117 4616 sed
1148 4561 1277 4615 illud
1302 4561 1459 4627 juxta
1500 4563 1671 4618 altare
1694 4564 1993 4635 defodiunt,

419 4652 566 4723 quod
596 4653 666 4706 ab
697 4652 849 4707 omni
878 4653 984 4709 bile
1013 4664 1068 4708 et
1109 4655 1405 4710 iracundia:
1439 4656 1735 4711 acerbitate
1765 4673 1993 4713 vacuam

420 4755 543 4800 esse
581 4752 826 4796 mutuam
855 4742 1149 4813 eonjugum
1196 4745 1319 4800 vita:
1355 4747 1805 4802 consuetudinem
1832 4763 1994 4818 opor—

424 4843 551 4888 teat.
590 4832 767 4903 Atque
800 4833 904 4889 hoc
949 4836 1180 4906 symboli
1210 4852 1382 4906 genus
1409 4838 1582 4908 magis
1624 4840 1785 4893 etiam
1820 4840 1874 4894 in
1902 4841 1992 4905 iis,

420 4940 544 4994 quae
567 4924 780 4979 narrari
822 4939 887 4979 ac
909 4924 1248 4981 circumferri
1275 4928 1433 4999 vulgo
1460 4930 1653 4995 solent,
1684 4930 1882 4987 fabulis
1914 4931 1996 4987 lo-

496 5103 980 5183 (27)“Crediderim
1027 5106 1338 5178 legendum,
1383 5112 1411 5163 ό
1448 5110 1583 5173 Ζεὺς
1613 5112 1694 5174 είς
1736 5112 1835 5183 τὴν
1880 5110 1991 5167 αἰθ.

419 5173 532 5247 δύν.
560 5175 1053 5247 ,ἀλληγορού-μενος.

492 5194 532 5228 ν.
567 5194 1053 5299 αΛΛΒγορουμενος.

646 5248 668 5264 "
696 5265 765 5324 ,ῃ
798 5245 933 5315 μέν.
968 5246 1090 5324 ⁸Ηοιι
1117 5246 1405 5324 Plutarchi
1422 5265 1562 5324 opus
1591 5265 1708 5324 non
1731 5259 1931 5324 exstat.

494 5317 675 5440 ἑὲὲἾΕ
696 5318 1268 5387 Ἑτκεκαλυμμένυς.
1324 5319 1430 5373 Alii
1462 5317 1473 5319 ⁷
1492 5320 1991 5393 ὲκκεκαλυμμένος,

520 5403 551 5440 v
588 5426 602 5439 .
680 5404 794 5440 m'r.

418 5401 602 5456 prave.
635 5401 794 5456 eam.

498 5457 607 5532 (g9)
646 5454 813 5532 ρῖον,
835 5458 941 5530 μή.
987 5459 1178 5532 Mont,
1206 5454 1336 5519 οἷον.
1375 5460 1460 5513 ἵνα
1490 5461 1583 5532 μή.

493 5526 604 5602 (50)
646 5526 812 5584 Μοηι.
836 5526 983 5602 ’ροει
1034 5530 1289 5601 ἀλλήλαις
1324 5526 1514 5584 inserit
1545 5526 1640 5602 μή,
1674 5532 1815 5587 unde
1854 5549 1996 5589 com-

423 5600 619 5670 motus
651 5614 845 5670 sensus
869 5601 988 5653 elici
1021 5600 1211 5669 possit,
1240 5604 1380 5670 quod
1408 5602 1508 5654 sibi
1548 5600 1865 5657 sacerdotes
1891 5606 1994 5659 illae

420 5681 452 5720 v
489 5668 702 5742 lipsurn
735 5663 932 5724 nllttua‘
957 5663 1410 5726 consalutationis
1433 5673 1667 5726 uilicium
1712 5684 1989 5742 negarent.

494 5737 605 5809 (5|)
646 5736 806 5794 Juvat
858 5742 1167 5798 exscribere
1220 5744 1452 5798 similem
1502 5744 1677 5816 ejusd.
1717 5736 1991 5800 Plutarchi

2101 4556 2197 4626 τῆς
2227 4557 2502 4628 Μακρίδος
2539 4559 2680 4612 κατὰ
2720 4559 2944 4632 ζήτησιν
2969 4558 3068 4631 (ἧν
3110 4561 3169 4614 δὲ
3199 4562 3375 4632 Ἥρας
3435 4560 3689 4633 τιθήνη),

2102 4648 2196 4700 καὶ
2229 4648 2555 4719 βουλομένης
2589 4651 2834 4721 ἐρευνᾷν,
2863 4653 2963 4706 οὐκ
2995 4654 3089 4723 ὲᾷν
3118 4653 3208 4706 τὸν
3243 4652 3554 4723 Κιθαιρῶνα
3581 4671 3701 4707 πο-

2100 4738 2522 4811 λυπραγμονεῖν,
2540 4742 2659 4796 οὐδὲ
2680 4743 2758 4814 τῷ
2780 4745 2963 4815 χωρίῳ
2988 4744 3305 4815 προσάγειν,
3336 4746 3410 4809 ὡς
3437 4744 3528 4798 τοῦ
3556 4745 3697 4809 Διὸς

2102 4836 2218 4887 ἐκεῖ
2243 4839 2310 4907 τῇ
2338 4836 2506 4906 Λητοῖ
2532 4837 3040 4907 συναναπαυομένου
3069 4837 3161 4891 καὶ
3195 4835 3691 4908 συνδιατρίϐοντος.

2114 4925 2479 4997 Ἀπελθούσης
2505 4927 2563 4981 δὲ
2592 4929 2690 4998 τῆς
2720 4928 3017 5000 Μακρίδος,
3051 4928 3195 4983 οὕτω
3223 4928 3345 4982 τότε
3380 4928 3480 4998 μὲν
3503 4926 3700 4981 διαλα-

2101 5108 2302 5170 locum,
2334 5123 2396 5161 ex
2435 5107 2606 5177 ipsius
2635 5109 2884 5177 Opuscul.
2920 5107 2994 5161 De
3038 5107 3605 5177 conjugal.prwcept.,
3626 5123 3689 5174 p.

2102 5180 2209 5250 Ml
2239 5179 2300 5231 C.
2340 5179 2432 5232 Sic
2464 5180 2623 5250 habet
2659 5180 2856 5250 τρίτῇ
2886 5179 3131 5250 γαμηλίᾳ
3156 5177 3374 5239 θύοντες
3393 5177 3692 5250 Ἦραυτὴν

2101 5249 2261 5321 χολὴν
2295 5250 2355 5302 οὐ
2388 5246 2855 5318 συγκαθαρίζουσῐ
2880 5246 2991 5312 τοῖς
3019 5246 3198 5312 ἄλλοις
3235 5250 3419 5318 ἱεροῖς,
3465 5246 3577 5300 ἀλλ’
3600 5246 3695 5313 ἐξ·

2101 5321 2313 5383 ελόντες
2360 5318 2587 5390 ἔρριψαν
2617 5320 2744 5390 περὶ
2788 5319 2880 5372 τὸν
2929 5318 3132 5390 βωμὸν,
3165 5317 3537 5390 αἰνιττομένου
3567 5320 3691 5390 ’τοῦ

2100 5336 2313 5383 ελοντες
2360 5336 2587 5390 ερριψαν
2617 5336 2744 5389 περι
2788 5336 2880 5372 τον
2929 5336 3132 5389 ρωμον,
3165 5336 3537 5387 αινιττομενου
3580 5336 3691 5372 του

2101 5391 2410 5461 νομοθέτου,
2451 5388 2513 5441 τὸ
2543 5389 2807 5461 μηδέποτε
2834 5389 2943 5461 δεῖν
2968 5389 3128 5461 χολὴν
3160 5388 3295 5461 μηδὲ
3324 5388 3492 5461 ὀργὴν
3513 5387 3692 5458 γάμῳ

2101 5454 2371 5532 παρεῖναιῇ
2391 5460 2472 5512 δεῖ
2503 5454 2616 5532 γάρ’
2643 5454 2781 5532 εἶναι
2806 5460 2904 5529 τῆς
2936 5454 3366 5532 οίκλοδεσποῖν-ηςξ
3393 5454 3693 5532 ὥσπερςοῖ-

2100 5527 2192 5584 νου
2225 5530 2284 5582 τὸ
2313 5527 2600 5600 αὐστηρόν,
2628 5527 2923 5598 ὠφέλιμον,
2948 5530 3042 5582 καὶ
3076 5530 3194 5600 ἡδὺ,
3222 5530 3296 5600 μὴ
3332 5527 3690 5600 πικρὸν,ήῶσ-

2100 5619 2204 5673 περ
2234 5600 2421 5673 ᾁλόηςν
2459 5599 2592 5673 μηδὲ
2628 5600 3011 5673 φαριξςκκῶδες·

2174 5668 2284 5739 (52)
2339 5670 2686 5737 Ἱστοροῑνσι.
2711 5668 2894 5741 Ἀίῖειν
2926 5671 3091 5725 alium
3126 5669 3366 5740 reperias
3391 5668 3483 5740 qui
3518 5668 3688 5725 fabu-

2099 5742 2165 5799 lae
2199 5741 2358 5812 hujus
2388 5741 2715 5795 meminerit.
