3858 6224
436 309 540 364 159

1093 305 1361 362 ΕΙῘΞΕΒΙΙ
1402 305 1882 361 ΟιΕΒΜὶΙΕΝὸΙὸ
1919 305 2018 361 ΟΡ]

2134 305 2293 362 ’ARS
2327 305 2392 362 ll.
2433 337 2505 348 -—
2541 304 3041 362 APOLOGETICA.

3575 303 3673 358 160

434 439 540 489 est,
574 429 628 482 in
661 427 872 482 acerbis
918 443 983 482 ac
1028 427 1337 495 praeliorum
1388 427 1553 481 sociis
1583 427 1802 482 casibus
1847 443 2004 498 opem
2047 427 2247 496 ferens,
2305 430 2619 484 nominatus
2639 437 2757 496 est;
2818 428 3012 499 Apollo
3053 437 3235 484 autem
3256 421 3408 498 quasi
3426 419 3681 475 ἀπαλλάτ-

440 542 548 578 των
601 527 655 573 et
682 518 952 581 ἀπολύων,
1014 518 1195 584 idest,
1251 518 1457 572 morbis
1499 517 1607 574 illis
1661 519 1936 574 hominem
1989 521 2248 589 liberans,
2291 522 2493 592 quibus
2548 537 2748 592 corpus
2787 521 3039 577 laborare
3071 522 3227 578 solet.
3276 521 3464 593 Itaque
3509 536 3574 576 ex
3598 536 3678 576 ar-

437 613 775 668 dentissimis
816 613 980 667 astris
1027 621 1081 667 et
1121 621 1446 668 coruscante
1490 611 1710 668 ﬂamma
1751 615 2026 670 succensis
2075 616 2244 670 solem
2289 616 2618 687 Apollinem,
2667 617 2898 671 alterum
2936 631 3088 679 vero,
3134 615 3292 686 cujus
3324 616 3482 685 ignea
3533 614 3681 684 plane

439 706 648 774 species
695 715 798 765 est.
855 706 1079 760 Martem
1132 715 1538 776 nuncuparunt.
1568 705 1755 776 Neque
1785 722 1919 761 sane
1976 709 2214 763 alienum
2241 712 2497 780 cuiquam
2523 710 2690 765 videri
2735 711 2914 774 debet,
2950 725 3114 764 unam
3153 710 3510 780 eamdemque
3531 713 3678 764 dcam

437 805 494 852 et
522 796 830 866 nuptiarum
861 795 1146 864 praesidem
1183 797 1389 863 vocari,
1418 805 1473 851 et
1528 795 1750 852 Lucina:
1788 797 2042 866 Solisque
2097 808 2326 854 matrem
2361 800 2570 854 haberi.
2619 797 2942 870 Nuptiarum
2995 799 3194 868 quippe
3245 797 3368 853 linis
3416 800 3685 868 generatio

437 901 543 954 est,
589 891 867 962 generatio
907 899 1088 944 autem
1131 905 1196 944 ex
1245 889 1488 944 tenebris
1523 889 1592 943 ad
1644 891 1816 946 solem
1875 897 2041 959 atque
2099 890 2274 946 lucem
2332 893 2580 962 quaedam
2629 893 2787 964 quasi
2837 893 3170 963 progressio.
3219 891 3485 948 Praeclare
3530 895 3687 965 igitur

437 993 594 1056 poeta
621 981 836 1046 cecinit,

510 1076 798 1146 [A’osrtquam
821 1075 990 1146 ipsum
1015 1073 1068 1126 in
1087 1072 1252 1146 lucem
1282 1081 1468 1146 partus
1493 1071 1693 1126 Lucina
1717 1072 1924 1125 levandi

509 1142 755 1199 SolllCita
778 1144 1064 1208 extulerat,
1089 1142 1319 1212 solisque
1341 1142 1615 1212 aspexerat
1639 1159 1848 1196 auram.

441 1259 805 1328 Reeleutique
821 1267 976 1328 poeta
995 1258 1107 1326 ipsa
1126 1257 1340 1327 quidem
1363 1256 1743 1326 praepositione
1759 1255 2017 1325 conjunc-

441 1353 641 1405 tionem
675 1351 840 1415 elisit,
870 1359 928 1404 ut
965 1359 1149 1418 partus
1181 1349 1551 1402 difficultatem
1576 1347 1750 1401 oculis
1778 1347 2014 1415 subjice-

440 1454 558 1510 ret;
593 1443 751 1496 linem
783 1457 913 1496 vero
944 1443 1312 1511 generationis
1345 1442 1555 1507 statuit,
1587 1441 1755 1495 solem
1788 1439 2012 1493 intueri.

2185 1072 2380 1141 Αὐτὰρ
2399 1064 2756 1141 (57)ἐπειδὴί
2779 1071 2886 1141 τόν
2917 1087 2983 1140 γε
3004 1071 3378 1140 μογοστόκος
3407 1069 3694 1135 Είλήθυια

2193 1140 2656 1211 Ἐξάῃαγείπρὸς
2684 1140 2888 1209 φῶσδε
2916 1141 3016 1194 καὶ
3049 1142 3224 1208 ἡλίου
3259 1141 3390 1194 ἴδεν
3415 1143 3622 1214 αὐγάς.

2122 1251 2197 1310 Εὖ
2225 1257 2254 1308 ὁ
2282 1255 2513 1326 ποιητὴς
2545 1257 2610 1326 τῇ
2645 1255 2742 1325 μὲν
2765 1254 3020 1326 προθέσει
3051 1255 3151 1326 τὴν
3177 1255 3427 1310 σύνθεσιν
3459 1257 3691 1328 ἔθλιψεν,

2123 1347 2402 1420 ἐμφαίνων
2433 1347 2495 1400 τὸ
2536 1346 2891 1416 βεϐιασμένον
2935 1347 3036 1416 τῆς
3071 1347 3280 1410 ὠδῖνος,
3323 1346 3479 1410 τέλος
3505 1347 3562 1401 δὲ
3599 1348 3696 1418 τῆς

2121 1442 2384 1509 γενέσεως
2413 1439 2666 1510 ἐποίησεν
2710 1438 2862 1509 ἥλιον
2899 1439 3050 1492 ίδεῖν.
3086 1438 3296 1492 Οὐκοῦν
3335 1440 3368 1509 ἡ
3416 1440 3552 1509 αὐτὴ
3581 1439 3699 1504 Θεὸς

441 1536 630 1603 Itaque
649 1549 752 1587 una
767 1534 1065 1601 eademque
1084 1533 1180 1585 dea
1202 1532 1423 1586 ineundi
1447 1547 1665 1602 quoque
1683 1532 2015 1586 matrimonii

2134 1533 2343 1602 ἐποίησε
2401 1531 2494 1585 καὶ
2559 1531 2734 1602 γάμον
2785 1529 3079 1595 συνελθεῖν,
3128 1531 3216 1584 ἴνα
3261 1531 3474 1599 γένεσιν
3523 1548 3700 1604 παρα-

439 1633 631 1680 auctor
657 1621 778 1689 fuit,
815 1632 874 1677 ut
899 1624 1233 1692 generationi
1268 1624 1410 1677 viam
1453 1623 1702 1692 aperiret.
1731 1622 1834 1676 Sed
1867 1623 2014 1676 enim

439 1730 618 1786 operae
651 1715 903 1784 pretium,
933 1717 1147 1784 opinor,
1181 1715 1364 1781 fuerit,
1401 1715 1789 1785 simpliciorem
1822 1729 2019 1784 quam-

441 1807 565 1860 dam
601 1805 838 1860 fabulam
869 1807 973 1860 hoc
999 1808 1161 1860 etiam
1192 1807 1312 1862 loco
1337 1823 1584 1863 narrare.
1607 1805 1792 1861 Jovem
1817 1806 2019 1876 quippe

441 1899 644 1964 ferunt,
696 1899 838 1968 quod
875 1900 1058 1952 minus
1107 1897 1311 1953 Junoni
1345 1915 1471 1953 cum
1509 1900 1626 1969 ipso
1678 1903 2015 1964 conveniret,

439 2007 613 2061 eaque
649 2006 979 2060 congressus
1011 1991 1317 2045 declinandi
1357 2007 1522 2045 causa
1572 1992 1806 2046 latebras
1835 2000 2021 2060 capta-

442 2098 544 2150 ret,
589 2085 757 2138 animi
813 2084 1063 2147 dubium,
1113 2084 1322 2152 hacque
1358 2084 1592 2152 illacque
1634 2093 1916 2153 vagantem
1962 2083 2018 2136 in

442 2173 849 2229 Alalcomenem
895 2175 1208 2243 indigenam
1265 2175 1560 2246 aliquando
1611 2176 1898 2240 incidisse,
1951 2191 2019 2230 ex

441 2281 552 2334 quo
581 2267 652 2319 ita
677 2267 894 2320 demum
919 2281 978 2319 se
992 2264 1262 2321 Junonem
1293 2268 1346 2320 in
1384 2266 1630 2320 fraudem
1657 2267 2016 2337 impulsurum

441 2372 564 2411 esse
597 2357 884 2424 didicerit,
936 2359 984 2412 si
1039 2373 1208 2414 novas
1262 2359 1484 2428 nuptias
1524 2361 1827 2415 simularet.
1877 2358 2020 2428 Ergo

440 2448 789 2502 Alalcomene
826 2463 983 2504 suam
1010 2446 1130 2502 Jovi
1177 2464 1398 2519 operam
1439 2457 1842 2517 commodante,
1875 2451 2012 2505 clam

440 2539 599 2602 abiis
623 2539 864 2602 excisam
892 2540 1165 2618 ingentem
1190 2553 1242 2602 et
1261 2543 1516 2603 eximiam
1538 2559 1798 2620 quercum
1827 2542 2014 2614 fuisse,

2123 1625 2387 1695 σκευάσῃ·
2420 1624 2501 1677 δεῖ
2529 1625 2586 1677 δὲ
2615 1625 2745 1686 ἴσως
2771 1623 2975 1677 καὶτὸν
3005 1623 3362 1696 εὐηθέστερον
3406 1623 3574 1694 μῦθον
3622 1626 3700 1678 ei-

2122 1719 2266 1771 πεῖν.
2308 1715 2538 1784 Λέγεται
2565 1715 2673 1788 γὰρ
2701 1719 2730 1769 ὀ
2751 1717 2907 1780 Ζεὺς,
2939 1716 3037 1787 τῆς
3070 1717 3248 1788 ’Ἥρας
3273 1717 3420 1786 αὐτῷ
3455 1717 3706 1789 διαφερο-

2126 1806 2292 1878 μένης
2328 1805 2525 1876 μηκέτι
2559 1807 2750 1877 φοιτᾷν
2778 1807 2858 1871 είς
2898 1806 2960 1860 τὺ
3001 1807 3134 1860 αὐτὸ
3177 1807 3525 1878 βουλομένης,
3567 1807 3705 1862 ἀλλὰ

2123 1899 2472 1972 κρυπτοὺσης
2544 1901 2764 1969 ἑαυτὴν,
2841 1899 3137 1972 ἀμηχανῶν
3205 1902 3299 1954 καὶ
3352 1899 3705 1971 πλανώμενος

2136 1991 2516 2063 ’Ἀλαλκομένει
2543 1993 2622 2064 τῷ
2654 1995 2938 2066 αὐτόχθονι
2985 1998 3287 2066 συντυχεῖν,
3319 1997 3416 2050 καὶ
3447 1996 3706 2067 διδαχθῆ-

2119 2103 2208 2139 ναι
2237 2087 2341 2140 ὑπὸ
2366 2088 2580 2148 τούτου,
2615 2087 2688 2150 ὡς
2729 2087 3100 2158 ἐξαπατητέον
3133 2089 3231 2160 τὴν
3267 2090 3465 2162 Ἥραν,
3501 2091 3708 2160 σκεψά-

2125 2194 2282 2247 μενον
2319 2180 2516 2248 γαμεῖν
2557 2177 2772 2252 έτέραν.
2819 2179 3217 2252 Συνεργοῦντος
3259 2181 3316 2234 δὲ
3365 2181 3458 2234 τοῦ
3515 2183 3709 2236 Ἀλαλ-

2121 2269 2404 2338 κομένους,
2455 2269 2640 2343 κρύφα
2685 2271 2948 2341 τεμόντας
2999 2271 3196 2335 αὐτοὺς
3262 2272 3551 2326 εὐκτέανον
3616 2275 3710 2328 καὶ

2122 2362 2408 2434 παγκάλην
2437 2362 2588 2434 δρῦν,
2625 2362 2914 2435 μορφῶσαί
2946 2381 3005 2417 τε
3033 2365 3203 2437 αὐτὴν
3233 2365 3328 2420 καὶ
3351 2367 3708 2421 καταστεῖλαι

2119 2453 2424 2527 νυμφνκῶς,
2463 2455 2727 2528 Δαιδεὶλην
2756 2455 3332 2530 προσαγορεῦσαντας.
3361 2455 3494 2512 Εἶτα
3530 2457 3709 2520 οὕτως

2122 2550 2525 2620 ἀναμέλπεσθαι
2559 2551 2654 2621 μὲν
2683 2551 2774 2604 τὸν
2813 2551 3118 2622 Ὑμέναιον.
3145 2566 3164 2600 ι
3281 2545 3289 2552 ’

439 2657 604 2714 quam
637 2653 754 2696 arte
786 2642 1184 2712 conﬁguratam
1223 2656 1290 2696 ac
1322 2657 1537 2712 sponsae
1582 2643 1734 2696 cultu
1765 2649 2016 2710 ornatam
2056 2640 2492 2712 instructamque
2528 2641 2799 2696 Daedalam
2861 2642 3214 2698 nominarint.
3249 2642 3449 2698 Deinde
3509 2643 3714 2715 Hyme-

441 2756 620 2799 naeum
652 2740 872 2812 quidem
903 2740 1050 2795 hunc
1087 2741 1143 2794 in
1179 2739 1402 2794 modum
1430 2738 1715 2794 cecinisse.
1745 2754 1762 2786 ι

991 2832 1105 2902 se
1134 2827 1363 2885 CAPUT
1403 2827 1469 2882 ll.

969 2922 1198 2978 Carmen
1227 2920 1482 2990 nuptiale.

518 3035 536 3066 ι
580 3013 891 3070 Tritonidas
922 3029 1052 3068 vero
1075 3013 1341 3084 nymphas
1364 3012 1546 3082 pelves
1569 3011 1836 3072 attulisse,
1861 3008 2022 3063 Boeo-

2684 2820 3084 2874 ΚΕΦΑΛΛΙΟΝ
3102 2819 3174 2874 B'.

2653 2909 2963 2980 Γαμήλιος
3027 2906 3170 2974 ᾠδή.

2206 3002 2520 3076 (Λουτρὰδὲ
2547 3000 2793 3072 κομίζειν
2831 2999 2928 3063 τὰς
2961 2999 3292 3070 Τριτωνίδας
3324 2999 3562 3070 νύμφας,
3614 2999 3715 3050 αὖ·

439 3106 553 3160 tios
600 3103 836 3173 denique
881 3101 1044 3156 tibias
1097 3078 1381 3170 lautaque
1416 3116 1482 3156 ac
1521 3099 1724 3154 lasciva
1773 3095 2018 3152 convivia

2134 3094 2248 3157 λοῦς
2273 3093 2332 3146 δὲ
2362 3092 2459 3146 καὶ
2485 3091 2705 3163 κώμους
2735 3091 2832 3163 τὴν
2861 3090 3124 3144 Βοιωτίαν
3149 3093 3472 3162 παρασχεῖν.
3504 3091 3715 3160 Περαι-

444 3195 762 3266 praabuisse.
803 3193 906 3247 Ista
937 3193 1067 3246 dum
1102 3201 1516 3261 peragerentur,
1547 3189 1841 3253 Junonem,
1874 3187 2021 3258 quod

440 3304 556 3342 rem
587 3287 794 3340 diutius
830 3284 972 3338 ferre
1003 3299 1111 3337 non
1153 3294 1355 3353 posset,
1389 3297 1458 3338 ex
1482 3283 1792 3336 Cithaerone
1837 3287 2024 3334 monte

440 3379 810 3444 descendisse,
833 3391 1140 3446 magnaque
1161 3373 1543 3430 Plalmensium
1578 3372 2020 3427 muliercularum

441 3473 603 3527 turba
649 3471 930 3540 stipatam,
973 3469 1042 3523 ad
1075 3465 1266 3522 Jovem
1306 3466 1606 3521 iracundiae
1636 3481 1700 3520 ac
1747 3463 2025 3535 zelotypize

441 3561 685 3620 stimulis
712 3561 972 3632 agitatam
1004 3559 1342 3623 accurrisse,
1383 3556 1752 3625 continuoque
1792 3554 2022 3610 simula-

442 3656 592 3710 tione
616 3653 882 3725 patelacta
910 3665 964 3707 et
986 3649 1334 3706 reconciliata
1364 3663 1488 3703 cum
1516 3645 1651 3701 Jove
1675 3647 1870 3716 gratia,
1895 3661 2020 3700 cum

442 3747 629 3803 laetitia
674 3754 729 3800 et
769 3745 1044 3800 hilaritate
1088 3757 1246 3797 novae
1291 3750 1478 3811 nupta:
1529 3739 1822 3810 quamdam
1861 3737 2019 3808 quasi

441 3822 869 3896 conciliatricem
915 3837 1120 3903 fuisse,
1162 3835 1405 3905 illudque
1445 3833 1672 3889 honoris
1723 3832 2020 3888 simulacro

444 3929 725 3996 tribuisse,
774 3937 834 3982 ut
879 3926 1152 3997 ejusmodi
1199 3925 1398 3980 festum
1444 3923 1656 3978 Daedala
1688 3922 2016 3988 nominaret,

442 4019 658 4074 tametsi
693 4025 920 4087 urgente
957 4014 1221 4086 zelotypia
1258 4015 1437 4084 ipsum
1478 4023 1664 4082 postea
1695 4013 1818 4066 licet
1844 4011 2020 4065 inani-

445 4125 532 4164 me
578 4108 962 4164 concremarit.
1007 4107 1087 4160 Ae
1127 4107 1308 4160 fabula
1343 4106 1561 4174 quidem
1603 4105 1678 4158 ita
1716 4119 1775 4158 se
1822 4103 2012 4170 habet;

442 4201 686 4272 ejusdem
709 4215 839 4254 vero
865 4214 1056 4254 sensus
1070 4200 1124 4251 el
1143 4199 1282 4252 ratio
1307 4199 1428 4251 talis
1455 4205 1556 4250 est.
1584 4194 1816 4250 Junonis
1842 4192 2018 4248 Jovis—

442 4309 554 4365 que
601 4292 888 4347 dissidium
919 4291 1064 4346 aliud
1100 4289 1237 4344 nihil
1278 4305 1440 4358 quam
1491 4289 1882 4342 elementorum
1927 4287 2015 4340 in-

443 4385 755 4455 temperiem
794 4383 1374 4453 perturbationemque
1395 4379 1680 4450 signiﬁeat,
1722 4379 1850 4434 dum
1881 4393 2016 4433 con-

2123 3185 2362 3256 νομένων
2405 3184 2462 3237 δὲ
2499 3184 2724 3245 τούτων,
2785 3183 2968 3236 οὐκέτι
3005 3183 3104 3252 τὴν
3168 3185 3345 3254 Ἵῐραν
3387 3183 3710 3254 καρτερεῖν,

2123 3280 2258 3336 ἀλλὰ
2285 3279 2599 3334 καταϐᾶσαν
2624 3280 2688 3331 ἐκ
2711 3277 2805 3330 τοῦ
2839 3276 3200 3348 Κιθαιρῶνος,
3229 3276 3337 3329 τῶν
3367 3275 3717 3328 Πλαταιίδων

2125 3371 2262 3441 αὐτῇ
2283 3367 2558 3438 γυναικῶν
2586 3366 2890 3436 ἑπομένων,
2922 3367 3014 3418 ὑπ’
3042 3366 3213 3437 ὀργῆς
3240 3366 3334 3418 καὶ
3373 3365 3717 3435 ζηλοτυπίας

2125 3460 2354 3514 θέουσαν
2400 3458 2574 3511 ἐλθεῖν
2623 3457 2759 3528 πρὸς
2797 3457 2890 3510 τὸν
2937 3457 3056 3521 Δία,
3104 3457 3198 3510 καὶ
3244 3456 3337 3510 τοῦ
3385 3457 3720 3528 πλάσματος

2125 3549 2355 3622 φανεροῦ
2403 3547 2718 3618 γενομένου,
2771 3546 3150 3615 διαλλαγεῖσαν
3208 3546 3346 3616 μετὰ
3385 3547 3562 3618 χαρᾶς
3615 3546 3720 3599 καὶ

2122 3642 2354 3712 γέλωτος
2399 3641 2569 3712 αὐτὴν
2618 3642 3026 3712 νυμφαγωγεῖνο
3082 3639 3248 3710 τιμὴν
3303 3638 3361 3692 δὲ
3410 3638 3490 3710 τῷ
3531 3637 3720 3708 ξοάνῳ

2123 3735 2455 3808 προσθεῖναι,
2487 3735 2579 3787 καὶ
2614 3733 2848 3786 Δαίδαλα
2889 3733 2988 3804 τὴν
3024 3732 3217 3803 ἑορτὴν
3244 3731 3715 3804 προσαγορεῦσαιο

2121 3825 2464 3880 κατακαῦσαι
2509 3826 2566 3878 δὲ
2609 3826 2760 3896 ὅμως
2807 3825 2959 3890 αὐτὸ,
2992 3823 3197 3896 καίπερ
3239 3823 3444 3895 ἄψυχον
3472 3823 3554 3890 ὂν,
3600 3823 3719 3878 ὑπὸ

2120 3918 2466 3989 ζηλοτυπίας.
2511 3919 2570 3970 '0
2606 3918 2703 3988 μὲν
2735 3914 2827 3971 οὖν
2885 3917 3054 3988 μῦθος
3092 3917 3360 3982 τοιοῦτος·
3397 3920 3425 3971 ὁ
3453 3917 3510 3970 δὲ
3544 3918 3722 3987 λόγος

2119 4008 2284 4063 αὐτοῦ
2323 4008 2549 4063 τοιόσδε.
2593 4011 2773 4082 ’Ἥρας
2813 4011 2906 4064 καὶ
2945 4009 3068 4072 Διὸς
3101 4009 3335 4080 διαφορὰ
3379 4009 3474 4062 καὶ
3513 4010 3721 4074 στάσις

2117 4103 2268 4156 οὐδὲν
2300 4103 2429 4156 ἄλλο
2479 4101 2615 4173 πλὴν
2658 4101 2936 4172 στοιχείων
2977 4102 3282 4174 δυσκρασία
3323 4103 3420 4156 καὶ
3459 4104 3719 4174 τάραχός

2119 4196 2286 4260 ἐστιν,
2319 4197 2447 4248 ὅταν
2473 4194 2722 4264 ἀλλήλοις
2751 4195 2949 4266 μηκέτι
2974 4197 3110 4267 (57⁸)
3143 4195 3524 4268 συμμετρῆται
3557 4195 3721 4250 κατὰ

2118 4287 2342 4358 κόσμον,
2370 4286 2506 4340 ἀλλὰ
2531 4287 2626 4340 καὶ
2657 4287 2971 4358 ἀνωμαλίας
2999 4289 3090 4341 καὶ
3112 4288 3450 4360 τραχύτητος
3473 4291 3684 4357 ἐγγενο
3702 4319 3722 4330 -

2125 4379 2311 4450 μένης,
2335 4379 2760 4451 δυσμαχήσαντα
2793 4379 2930 4452 λύσῃ
2954 4379 3050 4450 τὴν
3083 4380 3368 4433 κοινωνίαν
3383 4381 3476 4433 καὶ
3492 4378 3720 4451 φθορὰν

447 4446 682 4532 venienti
717 4446 996 4530 ac-mutua
1028 4446 1350 4544 qualitatum
1382 4446 1734 4541 proportione
1779 4471 2014 4533 sublata,

2134 4470 2229 4524 τῶν
2251 4471 2385 4524 ὅλων
2405 4471 2805 4542 ἀπεργάσηται.
2832 4471 2928 4524 Ἂν
2962 4471 3058 4542 μὲν
3083 4466 3178 4524 οὖν
3197 4473 3224 4524 ὁ
3247 4472 3401 4534 Ζεὺς,
3423 4470 3723 4524 τουτέστιν

443 4578 609 4638 atque
651 4567 816 4638 hujus
854 4568 908 4622 in
959 4567 1138 4620 locum
1181 4565 1608 4633 inaequabilitate
1637 4581 1703 4620 ac
1741 4564 2018 4620 discordia

447 4659 791 4724 succedente,
818 4657 1104 4728 pristinam
1133 4657 1576 4726 conjunctioncm
1603 4657 1884 4712 acerbiore
1926 4674 2024 4728 pu-

446 4766 550 4818 gna
577 4749 902 4815 dissolvunt,
927 4763 990 4802 ac
1017 4758 1336 4817 praesentem
1375 4748 1502 4802 huic
1533 4749 1790 4802 universo
1812 4757 2018 4816 pestem

444 4842 698 4899 all'erunt.
726 4839 1016 4895 Enimvero
1049 4841 1095 4895 si
1123 4838 1356 4911 Jupiter,
1386 4840 1436 4894 id
1464 4850 1548 4894 est
1583 4840 1756 4901 calor,
1784 4847 1839 4894 et
1863 4839 2021 4912 ignea

515 5025 628 5097 ('57)
667 5024 864 5097 Αὐτὰρ
887 5021 1113 5097 ἐπειδὴ.
1154 5020 1488 5097 "iunctm;
1537 5021 1606 5083 Π,
1656 5037 1708 5097 _v.
1744 5019 1864 5076 187.
1912 5018 2016 5097 δικ]

444 5096 500 5150 in
525 5089 694 5148 'wrsu
738 5094 774 5148 2
812 5089 1021 5164 legend.
1053 5091 1390 5164 προφᾴωσδε.
1420 5089 1710 5164 Quomodo
1742 5099 1923 5164 autem
1953 5092 2019 5164 τῇ

440 5165 698 5236 προθέσει
735 5165 836 5234 τὴν
865 5159 1114 5236 σύνθεσιν
1143 5159 1359 5236 ἕθλιψε;
1407 5159 1604 5236 Ct‘edo,
1657 5161 1800 5236 quod
1847 5159 2020 5236 parti?-

444 5230 564 5288 cula
597 5236 674 5298 δέ,
711 5230 832 5304 quae
859 5233 941 5287 vel
973 5235 1110 5294 sola,
1147 5234 1227 5285 vel
1262 5230 1386 5285 eum
1415 5231 1586 5304 altera
1618 5231 1745 5304 πρό,
1777 5230 2021 5304 vulgaris

445 5301 840 5374 propositionis
870 5306 986 5357 vice
1031 5304 1294 5371 fungiltlt‘,
1323 5318 1388 5356 eo
1415 5302 1539 5355 loco
1574 5303 1771 5369 posita,
1803 5301 2022 5374 suavio~

446 5372 564 5428 rem
611 5377 878 5428 orationis
925 5374 1340 5427 collocationem
1387 5383 1440 5425 et
1491 5387 1689 5424 nexum
1739 5372 2018 5440 impediat.

445 5442 714 5497 Czclerum
750 5446 816 5499 de
839 5445 990 5498 vocis
1021 5445 1184 5510 hujus
1213 5441 1624 5511 compositione,
1665 5442 1746 5511 ita
1771 5443 2018 5494 Eustath.

459 5515 556 5568 ’IJ.
592 5515 658 5566 Π·
679 5514 766 5566 Ἐν
799 5514 875 5583 τῷ
901 5509 1492 5583 προφύωσδεῄιὶηῃίῑ,
1529 5511 1594 5583 οἱ)Δ
1623 5509 1765 5583 κατὰ
1793 5511 1854 5565 τὸ
1880 5527 2022 5583 πσρ-
2069 5548 2072 5552 .

447 5583 658 5664 έὶκονῂ
696 5580 1182 5664 πρόοέσεέηκέῖτριι,
1217 5581 1350 5664 ἀλ.λᾲ
1381 5581 1478 5652 τὴν
1503 5580 1597 5634 τοῦ
1627 5580 1855 5664 βρέφουὲ
1885 5580 2022 5664 πριετ

445 5652 669 5723 οδονείς
697 5652 810 5720 φῶς
835 5653 1012 5723 δηλοῖο
1038 5653 1167 5706 ἔνθα
1197 5654 1287 5706 καὶ
1315 5653 1880 5723 ἐφερευνευτικὸν-τῆς
1907 5653 2021 5720 πρὸ

445 5721 777 5794 προθέσεως,
798 5723 856 5778 τὸ
882 5720 1216 5796 meamea.
1248 5723 1314 5778 At
1349 5720 1443 5778 ’1.1.
1471 5724 1535 5787 Τ,
1558 5723 1648 5778 ubi
1675 5725 1740 5779 de
1763 5720 1977 5779 lunone
2006 5763 2020 5790 ,

2120 4565 2154 4635 ἡ
2179 4564 2356 4636 θερμὴ
2397 4565 2490 4618 καὶ
2527 4563 2783 4636 πυρώδης
2813 4563 3062 4634 δύναμις,
3098 4564 3278 4617 αἰτίαν
3313 4564 3572 4637 παράσχῃ
3603 4564 3723 4634 τῆς

2119 4654 2437 4726 διαφθορᾶς,
2486 4655 2698 4726 αὐχμὸς
2742 4656 2840 4726 τὴν
2884 4656 2988 4726 γῆν
3026 4655 3468 4726 καταλαμϐάνειο
3511 4655 3616 4708 ἐὰν
3656 4655 3726 4709 δε

2121 4748 2250 4820 περὶ
2291 4747 2389 4820 τὴν
2430 4749 2630 4819 Ἥραν,
2666 4748 2915 4801 τουτέστι
2941 4747 3038 4819 τὴν
3076 4747 3249 4819 ὑγρὰν
3278 4749 3373 4801 καὶ
3403 4764 3727 4818 πνευματι-

2121 4841 2224 4912 κὴν
2260 4841 2441 4910 φύσιν,
2479 4841 2636 4913 ὕϐρις
2671 4858 2757 4905 τις
2788 4841 2822 4912 ἢ
2860 4841 3201 4911 πλεονασμὸς
3231 4841 3475 4912 γένηται,
3520 4839 3726 4912 ῥεῦμα

2121 5037 2243 5090 quze
2278 5019 2510 5090 septimo
2536 5035 2722 5092 mense
2756 5019 3117 5092 Eurystheum
3144 5024 3200 5074 in
3229 5036 3404 5076 nucem
3437 5037 3730 5080 excusse:

2123 5103 2228 5151 rat,
2261 5107 2384 5146 cum
2417 5092 2647 5145 dixisset
2676 5090 2946 5146 Homerus
2973 5109 2986 5144 :

2171 5163 2264 5214 Ἐκ
2287 5161 2337 5214 δ’
2355 5160 2538 5230 ἄγαγε
2559 5161 2930 5230 προφόωσδε,
2949 5161 3045 5215 καὶ
3069 5164 3438 5230 ἠλιτόμηνον
3462 5161 3684 5216 ἐόντα·

2123 5231 2370 5287 Eusthat.
2400 5232 2518 5286 :‘Ev
2542 5232 2620 5303 τῷ
2659 5232 3030 5303 ξτροερόωσδε,
3059 5231 3254 5303 inquit,
3285 5234 3317 5297 ἡ
3349 5230 3463 5298 πρὸ
3507 5233 3732 5303 πρῷθε-

2125 5319 2228 5374 σις,
2254 5303 2340 5374 τὸῗ
2362 5303 2468 5374 πρρ
2498 5301 2688 5373 καιροῦ
2739 5302 2831 5354 τὸν
2861 5301 3142 5373 Εὐρυσθέα
3172 5301 3727 5374 γεννηθῆναιξδηλοῖ.

2127 5372 2380 5442 διιηθᾉάθ
2415 5372 2644 5426 llcrcule
2691 5389 2792 5428 suo
2839 5372 3084 5442 tempore
3130 5372 3432 5438 nescituro,
3488 5372 3732 5430 dixerat

2125 5455 2251 5496 ante
2278 5440 2488 5510 Jupiter
2518 5460 2530 5495 :

2159 5511 2430 5579 Σήμερον
2459 5510 2648 5583 ἄνδρα
2673 5512 2927 5579 φόωσδε,
2946 5515 3320 5583 μογοστόκος
3341 5512 3687 5568 Εἰλείθυια.

2198 5583 2332 5654 (57ζ)
2373 5581 2612 5654 Μηκέτι.
2657 5583 2965 5647 Μοιιι.,καὶ
2995 5581 3213 5654 μηκέτι,
3249 5583 3732 5654 rccte.C:eterum

2127 5650 2238 5725 tota
2288 5650 2409 5725 haec
2459 5650 2640 5725 fabula
2693 5650 3006 5725 pertexitur'
3037 5650 3200 5710 etiam
3248 5670 3280 5708 ιι
3331 5652 3617 5710 Pausania
3664 5657 3735 5714 in

2128 5723 2371 5792 Bmolir.,
2405 5738 2457 5794 p.
2492 5723 2618 5779 284.
