3858 6224
493 256 597 310 1ίῦ

1154 252 1424 307 EUSEBll
1463 251 1946 317 CAESARIENSIS
1988 252 2138 307 OPP.
2183 252 2364 306 PARS
2403 253 2466 308 ll.
2506 284 2573 291 —
2612 253 3113 311 APOLOGETICA.

3652 256 3742 311 164

487 393 633 443 esse,
657 376 854 433 Isidem
897 392 1030 431 vero
1075 376 1304 441 lunam;
1343 373 1532 431 Jovem
1580 376 1832 445 spiritum
1865 385 2063 430 cuncta

2177 375 2360 439 πτίοις,
2396 376 2488 428 ml.
2512 377 2600 429 τὸν
2626 379 2754 447 παρ’
2784 377 2966 439 αὐτοῖς
2983 373 3222 445 ποταμὸν
3253 374 3460 437 Νεῖλον,
3484 364 3527 441 ᾧ
3554 381 3642 427 ml
3658 378 3742 438 τὰς

492 472 901 542 pervadentem,
935 469 1234 525 Vulcanum
1293 471 1495 537 ignem,
1528 478 1729 523 terram
1758 468 2011 524 Cererem
2048 488 2060 522 :

494 562 774 619 Oceanum
830 562 1136 627 humorem,
1172 576 1235 615 ac
1274 560 1454 614 Nilum
1479 576 1668 615 eorum
1703 559 1950 625 ﬂuvium,
1977 561 2066 614 cui

491 656 643 723 ipsas
691 668 909 725 quoque
974 654 1199 706 deorum
1248 651 1653 721 procreationes
1701 652 2009 706 attribuunt
2050 669 2064 705 :

490 760 673 801 aerem
738 744 972 814 denique
1013 743 1310 797 Minervam
1350 744 1419 797 ab
1455 743 1649 798 iisdem
1683 743 1951 797 nominari
1984 744 2069 797 fe-

492 848 643 891 runt.
692 835 869 905 Atque
915 836 1018 890 hos
1068 835 1312 905 quinque
1366 835 1519 900 deos,
1549 835 1740 889 Aerem
1793 834 2065 900 videlicet,

499 929 735 998 Aquam,
777 927 982 998 Ignem,
1013 924 1264 991 Terram,
1298 941 1363 980 ac
1395 925 1684 995 Spiritum,
1726 926 1914 979 orbem
1943 925 2064 979 uni-

486 1036 714 1077 versum
772 1035 1113 1090 percurrere,
1157 1021 1340 1073 varias
1387 1018 1619 1072 subinde
1674 1017 1958 1071 hominum
2013 1025 2067 1070 ct

485 1112 674 1167 omnis
730 1111 944 1181 generis
989 1110 1349 1165 animantium
1411 1107 1615 1175 ﬁguras
1661 1122 1726 1161 ac
1762 1106 1946 1161 vultus
1978 1105 2061 1159 in-

487 1203 745 1264 duentes,
787 1216 1022 1270 quorum
1072 1200 1292 1253 nomina
1341 1213 1465 1252 cum
1502 1198 1709 1266 aliquot
1748 1196 2062 1249 hominibus

492 1293 656 1348 morti
701 1293 976 1357 obnoxiis,
1003 1301 1056 1346 et
1104 1292 1157 1345 in
1205 1291 1441 1361 Egypto
1468 1291 1610 1343 natis
1661 1287 2063 1343 communicata

489 1385 712 1449 fuerint,
742 1386 856 1455 88
880 1399 1019 1453 quos
1048 1384 1233 1452 utique
1265 1383 1469 1448 Solem,
1488 1381 1808 1446 Saturnum,
1830 1377 2062 1440 Rheam,

491 1477 704 1542 Jovem,
728 1476 1021 1541 lunonem,
1058 1477 1383 1541 Vulcanum,
1418 1474 1755 1544 Vestamque
1783 1472 2066 1543 cognomi-

2170 468 2277 521 τῶν
2293 468 2429 521 θεῶν
2454 468 2730 523 ἀναθεῖναι
2754 469 3016 538 γενέσεις·
3049 468 3138 522 τὸν
3154 469 3209 521 δὲ
3233 468 3369 539 ἀέρα
3386 469 3547 537 φασὶν
3563 468 3742 531 αὐτοὺς

2172 562 2597 634 προσαγορεύειν
2620 562 2871 631 Ἀθηνᾶν.
2899 562 3135 626 Τούτους
3150 563 3205 616 δὲ
3230 563 3356 626 τοὺς
3388 562 3547 616 πέντε
3574 562 3742 625 θεοὺς,

2170 652 2262 706 τὸν
2310 654 2470 723 Ἀέρα
2509 653 2672 721 λέγω,
2709 655 2803 707 καὶ
2847 654 2906 706 τὸ
2942 653 3143 723 ”Υδωρ,
3193 654 3253 706 τό
3284 670 3343 706 τε
3365 651 3484 725 Πῦρ
3523 652 3616 706 ml.
3654 654 3743 724 τὴν

2171 741 2302 811 Γῆν,
2340 742 2525 795 καὶτὸ
2558 741 2803 812 Πνεῦμα,
2848 744 3027 796 πᾶσαν
3068 742 3164 814 τὴν
3208 742 3531 813 οἰκουμένην
3563 743 3743 794 ἐπιπο-

2173 834 2448 906 ρεύεσθαι,
2477 834 2663 888 ἄλλοτε
2693 834 2870 898 ἄλλως
2900 837 2981 899 είς
3004 835 3218 906 μορφάς
3236 835 3330 888 ml.
3363 835 3507 897 ἰδέας
3543 834 3741 904 ἀνθρὼ-

2170 942 2286 979 πων
2301 944 2359 979 τε
2386 927 2477 979 ml.
2500 927 2767 980 παντοίων
2791 925 2943 990 ζώων
2972 928 3490 997 σχηματιζομένουςθ
3515 927 3608 980 ml.
3633 927 3744 978 τού-

2168 1033 2276 1068 των
2292 1016 2616 1087 ὁμωνύμους
2646 1017 2774 1088 παρ’
2792 1018 2974 1080 αὐτοῖς
2990 1018 3309 1085 Αἰγυπτίοις
3330 1017 3610 1093 γεγονέναι
3627 1016 3745 1085 θνη-

2166 1106 2291 1169 τοὺς
2320 1106 2657 1178 ἀνθρώπους,
2677 1109 2883 1175 ’Ἢλιον,
2913 1110 3007 1162 καὶ
3027 1109 3254 1178 Κρόνον,
3271 1110 3363 1162 καὶ
3390 1109 3566 1171 Ῥέαν,
3590 1108 3666 1160 ἔτι
3694 1108 3745 1161 δὲ

2169 1200 2262 1252 καὶ
2294 1198 2408 1263 Δία,
2436 1200 2527 1251 ml.
2550 1200 2746 1271 ’Ἢραν,
2766 1201 2860 1254 καὶ
2875 1200 3193 1268 Ἥφαιστον,
3227 1201 3320 1254 καὶ
3335 1200 3546 1253 Ἑστίαν
3567 1202 3745 1253 ἐπονο-

2174 1289 2495 1359 μασθέντας.
2524 1291 2730 1361 Γράφει
2754 1291 2810 1343 δὲ
2845 1293 2936 1345 ml.
2952 1291 3019 1344 τὰ
3044 1309 3108 1344 πε
3117 1292 3170 1363 pl
3192 1293 3397 1345 τούτων
3423 1290 3745 1361 πλατύτερον

2175 1380 2271 1451 μὲν
2283 1381 2311 1432 ὁ
2328 1381 2604 1443 Μάνεθως·
2623 1384 2884 1453 ὲπιτετμη
2895 1381 3069 1452 μένως
3079 1382 3134 1435 δὲ
3149 1384 3177 1434 ὁ
3199 1383 3459 1454 Διόδωρος
3470 1384 3601 1452 ὲντῇ
3620 1399 3744 1451 προ-

2171 1469 2420 1543 λεχθείσῃ
2442 1471 2607 1524 αὑτοῦ
2649 1476 2853 1544 γραφςη,
2881 1465 2983 1524 ὧδέ
3016 1488 3133 1535 πως
3157 1470 3383 1543 ἱστορῶν
3408 1470 3548 1524 κατά
3591 1469 3743 1533 λέξιν.

493 1578 719 1628 narunt.
751 1572 883 1636 Quae
926 1570 1215 1627 Manethus
1272 1572 1493 1641 quidem
1548 1571 1732 1625 omnia
1797 1567 1972 1623 fusius
2032 1567 2362 1635 uberiusque
2410 1568 2775 1636 persequitur,
2835 1567 3149 1621 summatim
3204 1581 3334 1620 vero
3382 1564 3650 1622 Diodorus
3699 1567 3748 1620 in

495 1676 584 1730 eo,
621 1663 768 1734 quod
796 1678 960 1732 supra
1012 1663 1377 1728 laudavimus,
1414 1662 1774 1715 Historiarum
1808 1675 1971 1730 opere
2004 1659 2070 1712 ad
2112 1659 2335 1712 verbum
2363 1657 2440 1712 ita
2467 1658 2898 1727 comprehendit.

1094 1757 1323 1812 CAPUT
1379 1756 1467 1812 l'll.

707 1848 785 1902 De
811 1848 1094 1918 allegorica
1131 1848 1508 1919 Ai'gyptiorum
1539 1848 1819 1918 theologia.

576 1955 594 1987 ι
618 1938 920 2010 Utrumque
945 1940 1127 2005 deum,
1155 1940 1358 2007 Solem,
1377 1940 1578 2010 inquit,
1596 1957 1660 1996 ac
1681 1940 2060 2012 Lunam,quos

494 2028 735 2101 Egyptii
762 2032 994 2088 Osiridis
1025 2032 1293 2103 lsidisque
1325 2034 1548 2088 nomine
1598 2033 1927 2104 signiﬁcant,
1965 2049 2060 2087 or-

494 2122 616 2178 bem
650 2123 968 2178 universum
1001 2139 1189 2194 regere
1213 2141 1278 2179 ac
1304 2125 1597 2191 moderari,
1626 2141 1823 2194 resque
1870 2141 2061 2181 omnes

498 2214 676 2269 tribus
706 2215 980 2271 distinctis
1004 2218 1130 2270 anni
1160 2217 1572 2286 tempestatibus
1594 2217 1737 2271 alere
1769 2225 1931 2286 atque
1964 2233 2063 2270 au-

494 2322 620 2375 gere
678 2315 948 2374 statuunt,
1003 2323 1159 2373 vere,
1204 2316 1413 2373 aestate,
1460 2321 1513 2363 et
1560 2308 1758 2375 hieme,
1786 2324 1908 2378 qua:
1935 2324 2064 2365 suas

492 2399 722 2468 singulae
747 2400 1132 2454 conversiones
1165 2409 1445 2470 aspectum
1484 2399 1724 2470 fugiente
1758 2409 1907 2455 motu
1934 2416 2065 2455 con-

491 2488 695 2556 ﬁeiant,
721 2505 784 2545 ac
813 2491 1107 2560 plurimum
1134 2493 1274 2546 inter
1295 2506 1415 2547 sese
1445 2501 1640 2546 natura
1694 2492 2019 2548 dissidentes
2045 2534 2062 2560 ,

489 2598 708 2635 summa
742 2589 924 2636 tamen
960 2590 1014 2637 et
1058 2584 1530 2652 opportunissima
1581 2585 1944 2640 consensione
1981 2585 2065 2638 in-

491 2682 703 2743 tegrum
752 2688 955 2727 annum
992 2674 1295 2729 absolvant.
1358 2679 1535 2745 Atque
1600 2675 1796 2730 horum
1838 2677 2062 2731 deorum

491 2761 765 2828 ejusmodi
799 2778 920 2817 esse
950 2772 1227 2828 naturam,
1260 2779 1383 2834 quae
1434 2766 1668 2819 multum
1723 2766 1788 2820 ad
1820 2747 2081 2821 tribuen-l

492 2854 618 2907 dam
654 2854 816 2909 rebus
837 2855 1092 2909 omnibus
1117 2855 1226 2908 vim
1258 2858 1547 2924 generandi
1573 2857 1940 2914 fecundiorem
1972 2876 2067 2929 per

493 2959 619 3001 sese
644 2945 932 3014 conferat;
964 2946 1108 3003 Solis
1138 2949 1382 3018 quidem,
1413 2949 1573 3020 igneo
1602 2952 1796 3019 calori,
1825 2968 1890 3007 ac
1912 2953 2069 3023 spiri-

492 3036 572 3089 tui
598 3053 614 3102 ;
638 3033 809 3090 Luna:
838 3051 990 3102 vero,
1014 3037 1233 3091 humori
1254 3046 1308 3091 et
1332 3039 1597 3105 siccitati;
1638 3041 1927 3110 utriusque
1969 3041 2066 3095 de-

2696 1753 2877 1806 ΚΕΦΑ
2886 1753 3096 1807 ΛΑΙΟΝ
3129 1754 3202 1807 Γ’.

2165 1844 2308 1913 Περὶ
2350 1844 2458 1913 τῆς
2489 1846 2827 1914 Αἰγυπτίων
2864 1845 3395 1915 ἀλληγορουμένης
3425 1845 3746 1915 θεολογίας.

2243 1959 2261 1990 ι
2289 1938 2519 2001 Τούτους
2549 1937 2656 2008 (Ill)
2689 1937 2745 1990 δὲ
2771 1938 2896 2000 τοὺς
2923 1937 3097 2000 θεοὺς,
3123 1936 3213 1990 τὸν
3244 1936 3449 2001 ”Ηλιον,
3482 1936 3635 2006 φησὶ,
3665 1937 3753 1990 ml

2167 2030 2263 2102 τὴν
2281 2029 2536 2101 Σελήνην,
2566 2031 2779 2099 Ὄσιριν
2807 2028 2965 2092 ὄντας
2988 2029 3106 2081 κατ’
3127 2028 3452 2097 Αἰγυπτίους
3481 2029 3577 2082 καὶ
3594 2024 3748 2087 Ἶσιν,

2167 2122 2259 2175 τὸν
2311 2122 2601 2191 σύμπαντα
2647 2120 2849 2190 κόσμον
2900 2119 3155 2185 διοικεῖν,
3202 2119 3501 2190 τρέφοντάς
3550 2136 3613 2172 τε
3666 2119 3752 2173 καὶ

2169 2214 2428 2282 αὔξοντας
2470 2214 2644 2267 πάντα
2686 2214 3004 2284 τριμερέσιν
3045 2212 3236 2283 ὥραις,
3285 2208 3499 2283 ἀοράτῳ
3542 2213 3750 2281 κινήσει

2168 2307 2266 2378 τὴν
2294 2305 2539 2376 περίοδον
2569 2303 3015 2375 ἀπαρτιζούσαις,
3054 2306 3118 2374 τῇ
3154 2321 3215 2355 τε
3252 2305 3460 2373 ἐαρινῇ,
3490 2303 3586 2355 καὶ
3615 2302 3752 2373 θερι-

2170 2403 2256 2471 νῇ,
2301 2400 2395 2453 καὶ
2424 2401 2722 2470 χειμερινῇ’
2755 2397 2955 2461 ταύτας
2992 2396 3048 2450 δὲ
3080 2396 3476 2472 ἐναντιωτάτην
3500 2394 3750 2467 ἀλλήλαις

2169 2492 2267 2563 τὴν
2309 2491 2468 2561 φύσιν
2512 2490 2741 2562 ἐχούσας
2778 2490 3100 2563 ἀπαρτίζειν
3144 2490 3237 2543 τὸν
3272 2490 3517 2543 ἐνιαυτὸν
3555 2490 3747 2560 ἀρίστῃ

2172 2586 2475 2656 συμφωνίᾳ·
2512 2584 2672 2654 φύσιν
2694 2584 2750 2637 δὲ
2784 2582 3189 2653 συμϐάλλεσθαι
3229 2582 3488 2653 πλείστην
3522 2582 3637 2653 (42)
3676 2583 3746 2643 εἰς

2171 2674 2267 2745 τὴν
2296 2673 2401 2727 τῶν
2431 2674 2685 2727 ἁπάντων
2727 2672 3021 2742 ζωογονίαν
3065 2672 3173 2724 τῶν
3221 2671 3360 2725 θεῶν
3405 2670 3631 2725 τούτων·
3663 2671 3743 2723 τὸν

2177 2764 2294 2835 μὲν,
2333 2763 2631 2836 πυρώδους,
2694 2764 2788 2817 καὶ
2832 2762 3169 2833 πνεύματος’
3217 2762 3318 2834 τὴν
3342 2761 3418 2823 δὲ,
3462 2762 3633 2832 ὑγροῦ
3662 2761 3745 2814 ml

2173 2854 2359 2927 ξηροῦ’
2392 2858 2543 2926 κοινῇ
2590 2854 2634 2907 δ’
2675 2854 3039 2925 ἀμφοτέρους,
3089 2854 3290 2925 Ἀέροςο
3324 2854 3416 2906 καὶ
3440 2852 3527 2906 διὰ
3552 2851 3745 2906 τούτων

2173 2949 2352 3003 πάντα
2398 2946 2693 3017 γεννᾶσθαι
2746 2947 2841 3000 ml.
2891 2945 3207 3018 τρέφεσθαι.
3258 2945 3349 2997 Διὸ
3402 2946 3496 2998 καὶ
3553 2944 3619 2997 τὸ
3661 2944 3744 3016 μὲν

2174 3041 2322 3096 ἅπαν
2375 3041 2536 3112 σῶμα
2592 3042 2691 3112 τῆς
2752 3040 2861 3094 τῶν
2898 3041 3037 3094 ὅλων
3083 3040 3299 3108 φύσεως
3329 3036 3392 3103 ἐξ
3429 3039 3615 3093 Ἡλίου
3665 3038 3746 3092 καὶ

492 3140 644 3179 mum
679 3125 957 3180 communi
982 3125 1203 3190 virtute,
1243 3126 1393 3182 Aeri.
1425 3125 1632 3180 Horum
1675 3136 1936 3196 przeterea
1982 3127 2067 3182 be-

2177 3135 2406 3206 Σελήνης
2441 3131 2859 3204 ἀπαρτίζεσθαι,
2892 3132 2959 3186 τὰ
2981 3132 3037 3185 δὲ
3060 3132 3264 3187 τούτων
3302 3132 3461 3204 μέρη,
3494 3132 3659 3185 πέντε
3689 3129 3750 3183 τὰ

493 3216 689 3272 neﬁcio
709 3219 986 3287 procreari
1013 3233 1077 3272 ac
1098 3219 1334 3287 vegetari
1363 3232 1557 3274 cuncta
1589 3238 1605 3274 :
1635 3220 1867 3290 ideoque
1893 3229 2066 3275 totum

494 3307 665 3377 hujus
694 3308 936 3363 universi
972 3320 1181 3363 naturae
1211 3324 1410 3378 corpus
1441 3307 1586 3364 Solis
1616 3325 1681 3365 ac
1726 3309 1891 3364 Luna:
1936 3325 2067 3365 con-

493 3401 780 3468 iunctione
801 3401 1121 3469 consistere,
1138 3403 1295 3472 cujus
1322 3411 1506 3472 partes
1536 3403 1778 3473 quinque
1808 3403 1912 3458 illa:
1937 3403 2065 3470 sint,

498 3506 637 3560 quas
682 3501 807 3546 ante
855 3493 1277 3561 nominavimus,
1323 3494 1581 3563 spiritus,
1633 3495 1794 3565 ignis,
1838 3497 2066 3559 siccum,

488 3583 807 3648 humidum,
838 3591 1223 3654 postremoque
1251 3585 1456 3640 aerium
1482 3604 1495 3640 :
1519 3594 1579 3640 ut
1606 3588 2066 3657 quemadmodum

497 3675 555 3728 in
587 3675 827 3741 homine,
854 3685 1036 3744 caput,
1066 3691 1282 3742 manus,
1305 3677 1468 3746 pedes
1498 3692 1567 3733 act
1600 3687 1793 3732 caetera
1824 3680 2067 3732 membra

497 3781 876 3831 numeramus,
914 3767 990 3821 ita
1017 3767 1179 3837 plane
1212 3768 1480 3839 integrum
1511 3769 1675 3838 hujus
1706 3770 1895 3823 mundi
1941 3786 2065 3824 cor-

495 3870 599 3926 pus
651 3873 717 3912 ex
748 3858 857 3913 illis
885 3859 1130 3928 partibus
1173 3866 1601 3929 coagmentetur.
1632 3857 1753 3912 Jam
1796 3874 1945 3921 vero,
1973 3859 2067 3929 qui

498 3949 749 4004 homines
803 3949 857 4004 in
908 3949 1144 4021 Λεωτριο
1186 3949 1351 4019 plano
1400 3961 1455 4003 et
1501 3949 1794 4004 articulato
1817 3966 2069 4005 sermone

498 4036 772 4107 principes
801 4038 887 4094 usi
916 4038 1142 4104 fuerint,
1178 4054 1274 4094 eos
1300 4040 1537 4108 partium
1574 4040 1791 4093 illarum
1839 4041 2069 4109 quamli-

497 4127 590 4181 bet
620 4129 780 4182 deum
810 4130 1104 4185 arbitratos
1129 4146 1270 4196 esse,
1294 4132 1622 4201 propriaque
1639 4148 1703 4185 ac
1723 4133 2061 4203 singularum

497 4228 707 4274 natura
734 4223 1076 4276 convenienti
1098 4224 1464 4292 appellatione
1492 4225 1760 4290 donasse;
1790 4240 1855 4279 ac
1899 4225 2065 4294 spiri-

496 4312 612 4357 tum
642 4307 882 4375 quidem,
909 4298 1022 4379 ipsa
1045 4311 1195 4365 vocis
1227 4310 1867 4381 interpretationeJovem
1892 4314 2066 4368 nomi-

501 4412 683 4463 nasse,
720 4400 812 4468 qui
834 4403 978 4469 quod
1004 4402 1260 4458 animalis
1289 4403 1585 4469 facultatis,
1624 4420 1746 4473 quae
1770 4405 2068 4462 animantis

2172 3226 2563 3298 προειρημένα,
2616 3224 2679 3277 τὸ
2717 3224 2953 3295 πνεῦμα,
3005 3224 3099 3279 ml.
3150 3223 3210 3277 τὸ
3273 3222 3406 3295 πῦρ,
3464 3222 3526 3276 τδ
3569 3222 3750 3294 ξηρὸν,

2172 3316 2252 3370 ἔτι
2313 3317 2371 3370 δὲ
2421 3316 2483 3369 τὸ
2549 3317 2734 3387 ὑγρὸν,
2783 3316 2878 3369 ml.
2924 3314 2986 3368 τὸ
3032 3315 3338 3369 τελευταῖον
3387 3315 3446 3369 τὸ
3494 3315 3750 3387 ἀερῶδες·

2172 3406 2361 3477 ὥσπερ
2398 3406 2484 3459 ἐπ’
2531 3405 2817 3479 ἀνθρώπου
2855 3405 3098 3477 κεφαλὴν
3146 3406 3242 3458 καὶ
3289 3407 3479 3476 χεῖρας
3513 3405 3608 3457 καὶ
3656 3402 3754 3455 πό·-

2173 3498 2290 3561 δας,
2346 3499 2442 3551 ml.
2486 3497 2553 3551 τὰ
2585 3497 2719 3551 ἄλλα
2753 3497 2893 3568 μέρη
2928 3496 3432 3570 καταριθμούμενα,
3461 3495 3552 3549 τὸν
3596 3495 3757 3550 αὐτὸν

2178 3591 2382 3661 τρόπον
2413 3589 2475 3641 τὸ
2505 3588 2665 3660 σῶμα
2688 3589 2782 3642 τοῦ
2825 3590 3029 3660 κόσμου
3063 3586 3379 3656 συγκεῖσθαι
3411 3588 3517 3640 πᾶν
3550 3588 3619 3639 ὲκ
3651 3585 3755 3638 τῶν

2175 3698 2400 3752 προειρη
2413 3680 2606 3751 μένων.
2647 3681 2863 3733 Τούτων
2895 3680 2940 3733 δ’
2971 3679 3204 3733 ἕκαστον
3238 3678 3361 3731 θεὸν
3399 3677 3643 3747 νομίσαι,
3662 3676 3754 3729 ml

2176 3770 2543 3841 προσηγορίαν
2585 3770 2720 3823 ἰδίαν
2773 3770 2987 3841 ἑκάστῳ
3031 3769 3200 3823 θεῖναι
3254 3768 3395 3823 κατὰ
3440 3768 3502 3820 τὸ
3539 3769 3753 3827 οἰκεῖον,

2169 3862 2297 3925 τοὺς
2339 3862 2587 3931 πρώτους
2635 3861 2900 3931 διαλέκτῳ
2953 3860 3333 3934 χρησαμένους
3375 3857 3757 3930 διηρθρωμένῃ

2171 3951 2276 4005 τῶν
2308 3955 2426 4006 κατ’
2466 3953 2740 4022 Αἴγυπτον
2788 3952 3111 4024 ἀνθρώπων.
3142 3952 3215 4005 Τὸ
3276 3951 3373 4022 μὲν
3418 3945 3510 4003 οὖν
3541 3946 3757 4017 πνεῦμα

2171 4043 2269 4096 Δία
2326 4044 2784 4115 προσαγορεῦσαι,
2814 4042 3361 4114 μεθερμηνευομένης
3397 4039 3496 4110 τῆς
3535 4037 3756 4101 λέξεωςο

2174 4134 2254 4198 ὃν,
2307 4135 2476 4188 αἴτιον
2518 4134 2647 4188 ὅντα
2691 4136 2784 4189 τοῦ
2834 4134 3067 4206 ψυχικοῦ
3111 4136 3222 4197 τοῖς
3267 4131 3444 4197 ζώοις,
3501 4130 3759 4199 ἐνόμισαν

2175 4226 2437 4298 ὑπάρχειν
2469 4229 2685 4282 πάντων
2722 4229 2883 4281 οἱονεί
2913 4246 3036 4281 τινα
3071 4226 3303 4298 πατέρα.
3352 4224 3669 4294 Συμφωνεῖν
3704 4219 3759 4272 δὲ

2172 4316 2380 4381 τούτοις
2427 4318 2556 4386 φασὶ
2598 4318 2693 4371 καὶ
2735 4318 2826 4371 τὸν
2879 4317 3304 4387 ἐπιφανέστατον
3353 4313 3482 4383 παρ’
3533 4311 3760 4380 Ἕλλησι

2177 4409 2416 4480 ποιητῶν
2441 4410 2534 4462 ἐπὶ
2558 4409 2651 4462 τοῦ
2681 4408 2803 4462 θεοῦ
2834 4409 2992 4463 τοῦτο
3014 4408 3260 4476 λέγοντα·

499 4491 661 4555 inest,
703 4501 896 4547 auctor
927 4502 1091 4557 esset,
1122 4494 1377 4550 eumdem
1420 4494 1622 4549 idcirco
1648 4511 1829 4549 rerum
1848 4496 2396 4567 omniumquemdam
2414 4500 2572 4568 quasi
2596 4507 2873 4568 parentem
2892 4514 3011 4553 esse
3026 4505 3387 4567 putaverunt;
3424 4493 3511 4548 cui
3542 4501 3736 4548 senten

499 4582 944 4653 tiaeﬁrmcorum
989 4588 1150 4641 etiam
1199 4595 1481 4655 poetarum
1522 4587 1682 4656 longe
1717 4587 2084 4643 clarissimum
2132 4591 2420 4661 sutfragari
2454 4592 2628 4655 aiunt,
2676 4606 2801 4645 cum
2857 4590 2922 4645 de
2971 4589 3075 4644 hoc
3115 4588 3340 4643 numine
3369 4587 3443 4641 ita
3471 4587 3760 4656 loquitur:

842 4676 1043 4733 Parens
1067 4679 1431 4747 hominumque
1452 4679 1724 4748 deumque.

503 4763 687 4834 Ignem
714 4773 895 4820 autem
921 4767 1086 4820 simili
1113 4767 1353 4821 nominis
1381 4767 1737 4836 explicatione
1770 4768 2072 4824 Vulcanum

501 4857 826 4926 appellasse,
859 4859 1004 4928 quod
1031 4858 1144 4929 89
1172 4860 1350 4929 ipsum
1379 4874 1635 4929 magnum
1686 4860 1921 4928 aliquem
1957 4877 2078 4917 esse

506 4948 693 5015 deum,
724 4965 1021 5021 rerumque
1049 4951 1297 5005 onmium
1329 4952 1731 5020 generationem
1779 4968 1843 5005 ac
1864 4952 2077 5020 justum

501 5040 911 5111 perfectumque
945 5044 1340 5098 incrementum
1387 5045 1681 5114 plurimum
1710 5046 1906 5116 juvare
1928 5046 2076 5101 exis-

505 5131 782 5187 timarent.
814 5130 1079 5187 Praeterea
1147 5145 1370 5202 terram,
1396 5137 1543 5207 quod
1576 5151 1692 5190 eam
1736 5150 1919 5190 rerum
1950 5152 2079 5191 nas-

506 5224 746 5279 centium
778 5225 1056 5295 quoddam
1093 5228 1252 5295 quasi
1284 5244 1379 5284 vas
1404 5238 1457 5283 et
1482 5229 1932 5298 conceptaculum
1956 5245 2079 5286 esse

504 5322 819 5379 censerent,
841 5314 1072 5369 Matrem
1101 5332 1345 5380 vocasse,
1371 5335 1533 5389 quam
1570 5320 1671 5388 ipsi
1696 5334 1916 5389 quoque
1942 5319 2083 5375 Grie-

508 5397 560 5452 ci
589 5400 856 5474 Δήμητρα
891 5404 1017 5474 (hoc
1049 5416 1134 5459 est
1172 5404 1451 5477 Cererem)
1498 5424 1810 5479 nuneupare
1849 5410 2079 5475 soleant,

512 5491 676 5559 idque
711 5493 815 5548 levi
847 5504 1056 5551 tantum
1083 5498 1267 5568 aliqua
1305 5501 1506 5569 prioris
1535 5501 1913 5571 appellationis
1966 5517 2083 5556 mu-

578 5600 693 5671 (4!)
739 5606 1009 5685 ῖςούτους.
1056 5608 1342 5685 Diodorus_
1372 5609 1589 5669 Siculus
1635 5612 1727 5668 lib.
1764 5628 1800 5680 t,
1832 5626 1954 5684 ρας.
1992 5612 2078 5679 Η,

511 5686 663 5727 nova:
698 5677 851 5745 (λιιι,
888 5681 1123 5750 antiqqu
1160 5696 1284 5745 vero
1312 5681 1362 5735 7.

2389 4682 2593 4751 Πατὴρ
2619 4680 2855 4749 ἀνδρῶν
2886 4698 2950 4734 τε
2977 4679 3127 4734 θεῶν
3157 4696 3243 4735 τε.

2183 4773 2258 4828 Τὸ
2323 4774 2381 4828 δὲ
2435 4773 2546 4846 πῦρ
2623 4774 3194 4846 μεθερμηνευόμενον,
3268 4773 3570 4841 ’Ἥφαιστον
3642 4770 3769 4822 ὀνο»

2187 4867 2377 4937 μάσαι,
2403 4867 2730 4938 νομίσαντας
2765 4866 2937 4936 μέγαν
2969 4859 3107 4918 εἶναι
3140 4863 3261 4916 θεὸν
3296 4864 3390 4917 καὶ
3421 4857 3594 4915 πολλὰ
3627 4876 3766 4928 συμ-

2184 4956 2471 5011 ϐάλλεσθαι
2514 4959 2681 5011 πᾶσιν
2729 4959 2808 5020 είς
2853 4957 3067 5025 γένεσιν
3117 4955 3210 5009 ml.
3253 4953 3464 5008 τελείαν
3512 4951 3764 5023 αὔξησιν.

2185 5050 2295 5120 Τὴν
2326 5049 2383 5102 δὲ
2424 5049 2549 5120 γῆν,
2588 5049 2777 5121 ὥσπερ
2807 5049 3025 5117 ἀγγεῖόν
3063 5065 3117 5100 τι
3155 5047 3262 5101 τῶν
3306 5045 3590 5116 φυομένων
3633 5046 3766 5097 ὑπο-

2187 5139 2824 5213 λαμϐάνοντας,Μητέρα
2860 5139 3320 5212 προσαγορεῦσαι·
3348 5138 3444 5192 καὶ
3475 5138 3602 5201 τοὺς
3634 5135 3767 5189 Ἕλ-

2186 5233 2353 5303 ληνας
2395 5233 2452 5286 δὲ
2505 5232 2707 5303 ταύτην
2759 5233 3155 5304 παραπλησίως
3210 5233 3503 5303 Δήμητραν
3553 5229 3763 5293 καλεῖν,

2187 5324 2359 5395 βραχὺ
2408 5324 2797 5396 μετατεθείσης
2826 5324 2913 5379 διὰ
2953 5325 3044 5379 τὸν
3077 5325 3267 5397 χρόνον
3315 5325 3413 5395 τῆς
3453 5323 3671 5389 λέξεως
3704 5322 3764 5374 τὺ

2182 5417 2292 5489 γὰρ
2325 5417 2551 5471 παλαιὸν
2582 5417 2943 5489 ὀνομάζεσθαι
2977 5418 3077 5488 τὴν
3110 5419 3212 5488 γῆν
3247 5418 3479 5488 μητέρα,
3513 5415 3764 5484 καθάπερ

2183 5508 2276 5559 ml.
2302 5506 2391 5559 τὸν
2433 5508 2635 5579 Ὀρφέα
2658 5511 3097 5579 προσμαρτυρεῖν
3126 5506 3371 5576 λέγοντασ

2264 5616 2372 5688 (42)
2416 5618 2739 5688 Πλείστηγ.
2781 5621 2931 5675 Alter
2979 5637 3043 5676 ex
3089 5634 3221 5675 mss.
3277 5616 3525 5680 πλεῖστα,
3578 5622 3767 5679 recte.

2190 5700 2314 5744 meo
2332 5686 2560 5758 judicio.
