3838 6228
151 382 270 439 1601
594 418 597 419 ν
1115 380 1180 437 D.
1227 379 1551 437 SEGUIERI
1593 382 1636 435 A
1682 379 1741 435 S.
1783 380 2126 439 BRISSONE
2165 384 2399 442 NOTAE.

148 521 256 575 cap.
283 505 328 567 9,
361 520 481 577 pag.
536 506 600 561 51
640 503 1067 577 Prwparationis
1114 501 1451 577 euangelica;
1506 500 1713 577 ubile-

147 570 276 643 gitur
299 570 378 630 vel
412 570 539 632 a'nte
563 570 801 645 Trojani,
829 574 919 645 vel
939 570 1487 645 teniporihusil'l‘roja:
1510 570 1711 645 vixisse

144 641 565 702 Semiramidem:
613 641 685 700 Ἢ
714 647 822 717 πρὸ
852 644 964 698 τῶν
1004 641 1249 717 Ἰλιακῶν
1285 641 1318 713 ἢ
1351 644 1469 695 κατ’
1510 641 1711 707 αὐτούς

144 735 204 787 γε
232 719 342 781 τοὺς
366 719 594 788 χρόνους
626 715 880 787 γενέὰθαι
905 715 1351 788 ἀναγέγρᾳπεαι.

209 788 330 844 Cum
358 784 524 843 tinem
558 784 709 843 citati
739 788 844 843 loci
891 784 1199 856 suppressit
1232 784 1523 856 Eusebius,
1555 795 1709 856 certe

141 858 236 914 sibi
256 876 495 931 arrogare
521 868 846 931 potestatem
879 855 1051 913 voluit
1098 855 1461 931 concludendi
1489 855 1561 931 ad_
1599 856 1712 931 libi-

141 941 263 984 tum.
297 926 673 985 Falsum—esse
721 943 1090 997 consequens,
1147 926 1292 996 quod
1322 926 1390 980 ab
1414 942 1492 997 eo
1531 927 1709 981 dedu-

138 1009 276 1056 ctum
319 1000 436 1065 fuit,
495 1017 621 1056 mox
680 1016 869 1055 sumus
894 996 1189 1053 ostensuri.
1238 996 1452 1051 Erravit
1503 1007 1707 1063 autem,

136 1073 257 1140 quia
296 1072 423 1128 duas
448 1072 666 1126 miscuit
699 1069 1082 1140 chronologias
1112 1084 1234 1138 qua:
1261 1084 1326 1140 ex
1371 1069 1519 1121 omni
1552 1078 1707 1137 parte

135 1138 272 1213 inter
305 1159 357 1198 se
388 1153 652 1213 pugnant.
688 1142 877 1205 Porro,
913 1138 1033 1195 sine
1080 1141 1230 1213 lo_co_
1253 1138 1419 1213 citato
1466 1141 1525 1213 in
1563 1141 1657 1213 lib.
1690 1158 1706 1195 ι

132 1210 538 1283 Piwparaiieiiis
576 1213 911 1284 evangelicw,
942 1210 1265 1284 posterioris
1295 1210 1400 1265 loci
1431 1210 1580 1284 citati
1616 1229 1708 1266 er-

134 1281 302 1340 rorem
327 1286 577 1354 detegere
606 1281 766 1339 nobis
808 1299 919 1354 non
950 1281 1267 1354 contigisset
1291 1299 1305 1345 ;
1353 1290 1409 1336 et
1436 1281 1513 1336 sic
1540 1298 1708 1353 agen-

132 1356 220 1420 do,
264 1371 323 1411 eo
367 1352 503 1412 mihi
557 1356 845 1410 nocentior
894 1353 1063 1407 fuisse
1112 1352 1335 1407 videtur
1395 1352 1702 1417 Eusebius,

130 1442 237 1496 quo
277 1427 405 1482 nihil
447 1426 660 1482 ﬁrmius
709 1424 1015 1496 asseverari
1087 1431 1273 1492 queat,
1332 1440 1495 1496 quam
1558 1428 1706 1495 quod

129 1495 331 1567 Moyses
380 1515 572 1553 omnes
620 1496 842 1551 Grzeeia:
890 1495 1168 1565 sapientes
1227 1502 1284 1548 et
1345 1495 1706 1567 philosophos

129 1566 410 1624 antecessit
436 1578 615 1625 aetate.
653 1567 761 1623 Sed
792 1582 944 1621 nunc
978 1576 1299 1636 argumenta
1338 1566 1704 1636 praebeamus.

128 1638 257 1694 Duae
274 1640 490 1710 penitus
517 1646 886 1710 repugnantes
929 1644 1079 1710 inter
1104 1652 1163 1710 se
1189 1637 1558 1710 chronologi.e
1604 1653 1703 1694 ex-

129 1706 292 1781 stant
316 1711 381 1766 de
426 1706 765 1781 temporibus
794 1707 1204 1781 Semiramidis,
1230 1706 1582 1781 Assyriorum
1614 1727 1703 1765 rc-

166 1780 447 1853 ina3;una,
480 1778 603 1853 quae
623 1779 822 1836 Ctesiae
853 1778 1395 1853 tribuendavidetur,
1427 1796 1705 1853 quantque

177 1852 385 1907 usebius
436 1850 657 1908 secutus
703 1861 806 1913 est,
839 1850 990 1904 velut
1031 1865 1120 1903 res
1164 1860 1496 1905 constat'ex
1546 1851 1703 1907 initio

124 1922 286 1994 hujus
310 1924 529 1994 capitis,
580 1923 886 1990 meliusque
930 1920 1205 1976 constabit
1257 1936 1323 1974 ex
1382 1920 1704 1994 fragmentis

124 1993 268 2048 illius
290 1992 561 2050 Carionum
603 1993 969 2047 chronicorum
1019 2007 1142 2061 qua:
1200 2007 1393 2046 sumus
1441 1992 1655 2046 allaturi
1684 2035 1697 2057 ,

122 2062 526 2121 Semiramidem
578 2063 890 2119 Abrahamo
940 2072 1271 2118 coaetaneam
1320 2062 1476 2125 facit;
1532 2064 1699 2119 altera

123 2151 271 2198 vero,
303 2138 370 2191 ad
390 2153 551 2207 quam
582 2136 892 2190 Herodotus
921 2133 1151 2207 accedit,
1203 2133 1449 2207 quinque
1492 2136 1703 2207 solum-

121 2207 284 2279 modo
334 2202 716 2279 generationes
769 2213 1035 2279 numerat
1083 2202 1500 2279 Semiramidcm
1556 2206 1702 2261 inter

119 2274 454 2349 etNitoc'rim
494 2279 618 2349 (lib.
656 2293 872 2349 1.,cap.
912 2276 1070 2344 181).
1104 2274 1261 2349 Quod
1284 2277 1532 2346 apprime
1564 2292 1699 2331 con-

119 2348 263 2418 gruit
283 2366 404 2404 cum
431 2346 583 2404 brevi
608 2348 783 2419 spatio
803 2346 1231 2419 annorum_520,
1267 2362 1363 2415 per
1391 2364 1529 2417 quos
1552 2349 1700 2403 idem

118 2417 410 2488 historicus
430 2417 654 2488 scripsii
690 2417 1059 2488 Assyriorum?
1085 2417 1376 2486 imperium
1408 2420 1694 2475 mansisse.

118 2487 258 2561 Huic
294 2487 580 2561 posteriori
603 2487 968 2561 chronologia:
999 2487 1230 2542 adhaesit
1263 2489 1428 2561 Philo
1479 2489 1700 2560 Byblius

116 2560 212 2632 qui
238 2559 417 2617 Graeca
444 2561 627 2632 lingua
656 2559 1153 2632 Sianehoniatonem
1183 2559 1434 2632 reddidit,
1462 2559 1565 2615 nec
1586 2577 1698 2616 non

116 2630 447 2704 Porphyrius
499 2629 635 2704 ipse.
668 2631 828 2697 Quod
850 2631 1170 2704 probatum
1204 2629 1363 2704 leges.
1398 2632 1542 2699 apud
1572 2633 1696 2686 Ste-

159 2698 354 2758 hahnin
389 2698 783 2775 Byza—titinnmt
798 2702 867 2756 ad
884 2698 1100 2775 vocent
1119 2698 1694 2775 BqCQutrbr-[etapud

159 2721 354 2758 nanum
389 2721 766 2775 uyzanunum,
798 2721 867 2756 au
893 2721 1084 2755 vocem
1119 2721 1239 2753 mlo
1252 2721 1431 2766 mw)",
1466 2721 1523 2757 et
1551 2721 1694 2772 apud

111 2721 478 2837 Eustathium,
512 2775 567 2828 in
597 2774 715 2843 ejus
741 2772 1132 2828 Commentario
1161 2773 1224 2825 de
1241 2772 1492 2843 Dionysia
1509 2773 1696 2828 Perie-

102 2845 503 2922 ‘gete_.v.10_05;
539 2864 551 2899 :
605 2842 764 2898 ambo
810 2847 990 2897 locum
1039 2842 1694 2922 assignaneSemiramidi

110 2912 329 2971 circiter
372 2918 440 2971 ad
479 2912 695 2986 t'empus
727 2921 1037 2986 quoicapta
1089 2922 1174 2968 est
1224 2912 1406 2980 Troja,
1457 2915 1690 2978 duobus,

106 3002 177 3040 ex
214 2988 459 3047 Philone,
478 2984 748 3041 annorum
778 2984 1172 3058 millibuspost
1203 2986 1488 3058 conditam
1515 2986 1693 3058 Baby-

102 3058 313 3112 lonem.
346 3058 539 3113 Utrum
572 3055 921 3127 homonymia
966 3055 1077 3109 litis
1117 3056 1283 3127 hujus
1333 3072 1495 3111 causa
1528 3055 1694 3113 fuerit

100 3145 304 3193 necne,
340 3146 451 3184 non
483 3126 791 3199 aggrediar:
800 3126 1045 3199 judicare
1071 3143 1097 3199 ;
1117 3126 1328 3199 fatebor
1359 3129 1549 3199 saltem
1579 3130 1691 3182 Eu-

101 3200 321 3254 sebium
346 3197 592 3269 improba
613 3197 946 3254 conscientia
981 3198 1306 3269 testimoniis
1331 3214 1488 3252 usum
1520 3198 1691 3255 fuisse

100 3268 559 3341 repugnantibus,
620 3270 679 3341 in
729 3270 906 3340 capite
956 3268 1276 3341 quodnuuc
1304 3285 1468 3341 manu
1503 3278 1685 3325 teneo.

92 3338 214 3395 Su’a
246 3338 379 3397 facit
397 3340 688 3412 Porphyrii
719 3338 883 3396 verba
917 3338 1207 3401 Eusebius,
1241 3339 1440 3412 quibus
1476 3351 1690 3397 constat

92 3412 345 3483 Moysem
385 3411 858 3476 Sanehoniatcnis,
914 3411 1361 3483 quanto_nescio
1417 3420 1684 3481 tempore,

90 3480 513 3539 antecessorem
557 3483 746 3546 fuisse,
780 3482 1093 3550 sensimque
1122 3480 1343 3535 devenit
1381 3491 1442 3536 ut
1477 3480 1573 3536 eus
1602 3484 1687 3537 ef-

93 3554 249 3607 ficiat
274 3564 605 3609 coaetaneas.
633 3553 858 3618 Deinde,
907 3568 974 3607 ex
1021 3567 1088 3607 eo
1116 3552 1262 3621 quod
1297 3552 1439 3606 idem
1487 3554 1686 3609 dixerit

86 3623 438 3696 Porphyrius
496 3624 841 3696 Semiramidi
897 3631 1234 3696 coartaneum
1284 3622 1684 3696 Sanclioniato-

81 3694 223 3749 nem
255 3694 447 3761 fuisse,
492 3697 622 3751 item
642 3695 797 3766 illius
824 3695 1027 3766 reginae
1076 3694 1417 3766 temporibus
1445 3694 1683 3766 Moysen}

81 3766 301 3822 vixisse
327 3767 598 3822 Eusebius
637 3765 836 3838 infert;
882 3765 1448 3838 demumksubitaneo
1479 3765 1685 3838 regres-

75 3854 154 3891 su
187 3840 259 3892 ad
313 3838 643 3908 peculiarem
674 3835 1081 3908 chronologiam
1129 3833 1564 3908 Semiramidenf
1593 3853 1682 3891 re-

76 3906 343 3977 portans,
375 3918 717 3978 quatuorque
737 3976 743 3978 _
766 3906 983 3976 tempus
1025 3907 1081 3959 in
1111 3922 1282 3978 unum
1309 3906 1558 3978 adunans
1587 3924 1683 3963 ca-

74 3976 224 4049 pita,
251 3976 691 4043 Semiramidein,
719 3976 1417 4049 AbrahamumLMoysem
1438 3988 1494 4033 et
1539 3977 1681 4034 San-

68 4047 484 4121 choniatonem
513 4048 1068 4121 coaetaneosrasserit,
1094 4047 1355 4121 illamque
1392 4048 1681 4121 Porphyrii

66 4120 622 4197 fuissesententiam
661 4120 796 4197 \_ult.
831 4120 1013 4197 Ergo,_
1052 4118 1137 4172 his
1194 4118 1409 4197 positis,
1444 4122 1536 4189 qui
1579 4118 1679 4197 pa-

66 4192 458 4246 triarcharum
492 4190 773 4245 historiam
825 4189 1061 4260 scripsit,
1111 4189 1548 4260 captivitatisque
1578 4192 1679 4247 Ju-

63 4263 335 4317 dzeorum
371 4263 427 4317 in
455 4262 709 4333 Aﬂgypto,
743 4262 947 4330 quique
983 4275 1081 4330 per
1099 4260 1379 4314 desertum
1410 4262 1559 4316 hunc
1587 4280 1678 4332 po-

63 4334 273 4402 pulum
308 4333 487 4395 duxit,
523 4332 715 4388 cedem
748 4332 987 4404 ivixisset
1045 4340 1290 4399 tempore
1337 4347 1447 4404 quo
1500 4334 1678 4404 gentis

63 4405 227 4459 illius
259 4404 489 4460 auctori
526 4404 683 4469 Quod
713 4402 1031 4463 absurdum,
1082 4416 1260 4470 neque
1314 4402 1559 4470 profecto
1588 4405 1680 4459 de-

63 4476 273 4555 lictum
325 4475 656 4555 Porphyrii.‘
685 4473 822 4555 lﬁ'ain
880 4472 1216 4555 Porphyrius
1248 4472 1387 4526 nihil
1432 4490 1675 4555 unquam

63 4547 182 4600 tale
225 4543 593 4616 excogitavit;
624 4544 850 4616 deinde,
887 4544 1100 4616 sincera
1128 4543 1253 4616 fidei
1284 4559 1446 4614 agere
1474 4543 1673 4616 nequi-

63 4617 144 4671 rit
181 4613 487 4683 Eusebius,
531 4616 671 4670 hanc
690 4613 1348 4686 Porphyrioseuteutiam
1372 4613 1670 4672 ascribens.

63 4687 233 4753 Quod
265 4687 316 4743 si
356 4687 698 4749 credidisset,
732 4684 943 4739 tantum
985 4684 1264 4739 debuisset
1298 4700 1539 4740 errorem
1584 4703 1674 4742 re-

64 4758 288 4823 'ellere,
319 4757 782 4829 quemadmodum
808 4754 938 4810 fecit
966 4754 1021 4808 in
1045 4755 1164 4829 suis
1192 4754 1491 4829 Curionibus
1530 4758 1677 4813 chro-

64 4830 222 4892 ticis,
262 4826 477 4884 nedum
508 4843 576 4882 eo
621 4836 869 4898 uteretur
905 4826 1058 4894 quasi
1091 4836 1415 4896 argumento
1445 4827 1673 4898 insupe-

63 4900 250 4953 'abili.
284 4898 710 4954 Semiramidem
758 4897 1070 4951 Abrahamo
1125 4904 1459 4951 coaetaneam
1502 4897 1672 4956 fuisse

64 4987 367 5040 umquam
409 4969 640 5025 credidit
670 4968 1044 5040 Porphyrius,
1106 4982 1231 5040 cu_m
1294 4968 1424 5040 huic
1466 4970 1669 5039 regina:

65 5056 170 5095 em
180 5037 646 5110 poribus'l‘roicis
667 5037 845 5092 locem
863 5037 1128 5107 ‘assignet.
1158 5037 1345 5110 Porro,
1372 5037 1670 5095 Abrahami

63 5108 370 5181 l‘rojaeque
403 5120 649 5181 tempora
678 5109 919 5181 singulis,
958 5118 1014 5162 et
1064 5108 1321 5165 omnibus
1350 5110 1514 5164 nimis
1541 5122 1671 5167 sunt

63 5191 211 5247 tota,
272 5180 563 5253 magisque
606 5181 752 5253 inter
779 5180 1096 5253 sedistaut.
1149 5194 1311 5253 quam
1347 5189 1408 5234 ut
1451 5183 1668 5253 misceri

63 5261 296 5321 ineant.
340 5250 504 5307 Istius
528 5251 672 5306 modi
702 5250 973 5305 Eusebius
1024 5250 1345 5320 Porphyrio,
1376 5260 1435 5305 ut
1464 5252 1663 5307 iterum

63 5320 266 5385 licam,
294 5324 509 5393 absque
531 5322 642 5377 risu
667 5322 910 5375 tribuere
941 5320 1187 5393 nequivit
1207 5336 1450 5393 errorem
1472 5340 1483 5375 :
1504 5339 1667 5377 nem-

63 5410 135 5458 ιθ,
194 5394 249 5449 si
283 5410 382 5449 res
412 5391 570 5448 aliter
600 5392 916 5456 haberetur,
948 5391 1003 5456 1ῗ
1030 5407 1253 5460 operam
1282 5392 1523 5447 dedisset
1551 5394 1667 5449 Eu-

63 5464 271 5529 ebius,
304 5480 383 5520 ne
412 5465 691 5519 omitteret
720 5472 902 5517 textus
931 5461 1076 5516 allati
1108 5460 1294 5526 tinem,
1326 5463 1420 5516 ubi
1456 5463 1665 5519 doctrié

68 5553 108 5590 a
163 5535 481 5607 Porphyrii
532 5533 844 5607 continetur
912 5532 1298 5607 apertissime;
1343 5534 1400 5607 2ο
1448 5543 1664 5607 tantum

63 5603 419 5663 onfutasset
445 5620 707 5667 errorem,
730 5604 799 5658 ad
833 5603 1054 5657 modum
1076 5618 1184 5670 quo
1217 5603 1331 5657 suis
1355 5603 1411 5656 in
1439 5604 1666 5661 Canoni-

63 5694 134 5730 us
161 5677 336 5731 fecit.
377 5678 466 5741 Et,
505 5676 704 5731 nedum
738 5674 1020 5744 I’orphyrii
1062 5671 1284 5744 nomine
1322 5682 1571 5730 uteretur
1593 5679 1662 5732 ad

63 5763 206 5802 nam
241 5748 515 5803 tuendam
540 5743 878 5816 opinionem,
927 5743 1003 5798 illi
1030 5759 1161 5816 sane
1197 5743 1550 5802 incumbebat
1574 5750 1659 5801 of-

63 5821 239 5890 cium
270 5817 553 5889 probandi
577 5814 750 5890 iquod
797 5825 989 5871 contra
1028 5814 1180 5890 ill_u_m
1223 5816 1460 5890 asseruit
1491 5820 1653 5890 (pag.

63 5888 179 5961 84)
222 5930 240 5956 ,
270 5883 515 5960 ἰιειηρθ
578 5883 950 5943 Abrahamum
998 5900 1029 5942 a
1081 5883 1261 5957 Moyse
1313 5886 1419 5943 505
1492 5883 1652 5946 annis

3321 186 3374 263 χῖ
3441 166 3525 231 \/
3604 144 3659 197 ί

3493 328 3545 396 ι)
3602 272 3735 383 it"

3588 476 3609 537 ἓ
3700 460 3705 467 .

3263 389 3411 448 1602

1815 501 2019 579 distare
2072 505 2273 579 εμἌφπὸ
2313 503 2599 579 ludiﬁcem;
2650 503 2812 579 trahe)
2857 504 3022 579 ἀνιῲν
3053 506 3144 561 ἐπὶ
3166 506 3229 579 τὸ
3267 509 3417 579 πρῶ-

1814 588 1905 653 :coy
1935 573 2053 653 ire;
2106 574 2253 645 ζωῆς
2311 576 2595 653 ’ᾼβρᾳᾲμ,
2659 577 2916 648 εὑρήσεις
2953 576 3048 650 ἔτη
3110 578 3198 648 φέ.
3254 573 3412 645 Quod

1814 644 1954 715 infra
1977 646 2055 700 sic
2087 644 2301 715 tempus
2330 644 2652 701 dividimus:

1882 714 2057 772 Annis
2099 719 2166 772 75
2202 714 2367 771 natus
2416 727 2534 770 erat
2578 716 2946 781 Abrahamus,
2996 734 3120 771 cum

1813 786 2092 855 profectus
2131 798 2213 842 est
2238 806 2268 841 a
2293 788 2600 851 Charrhan,
2640 789 2800 842 annis
2840 805 2970 843 vero
3018 790 3120 845 100

1807 857 1920 981 {iugi
1942 867 2058 913 erat
2084 871 2334 921 onustus,
2375 876 2498 913 eum
2525 868 2686 913 natus
2714 868 2798 913 est
2828 858 3117 915 Isaacus...

1850 944 1863 980 ι
1911 945 1990 981 er.

1850 944 1990 982 tuer.

1883 998 2140 1071 Legimus
2189 1001 2247 1055 in
2294 1000 2494 1071 Genesi
2547 1016 2722 1055 annos
2757 1001 2825 1055 60
2866 1000 3121 1056 habuisse

1812 1068 2080 1195 Isiaéicum,
2141 1087 2267 1127 cum
2319 1070 2557 1127 Iacobus
2608 1083 2769 1127 natus
2819 1081 2923 1138 est,
2975 1073 3121 1128 unde
3228 1144 3299 1199 60

1812 1155 1840 1193 a
1923 1181 1936 1194 .

1810 1155 1936 1194 add.

1879 1210 2116 1283 Iacobus
2147 1215 2214 1269 77
2246 1211 2406 1268 annis
2433 1213 2655 1268 domum
2709 1225 2994 1283 paternam
3043 1212 3121 1267 in-

1809 1282 1996 1356 coluit,
2045 1284 2097 1338 id
2130 1293 2215 1338 est
2242 1284 2549 1356 usquedum
2590 1285 2647 1338 in
2668 1282 3118 1356 hlesopotamiam

3230 932 3303 987 25
3340 931 3407 987 A.

1808 1354 2272 1424 proficisceretur,
2306 1355 2453 1409 unde
2477 1356 2602 1410 add.
2818 1354 2833 1356 ⁷
3228 1358 3297 1412 77

1880 1424 1961 1477 Ex
2000 1426 2107 1480 hoc
2130 1434 2376 1496 tempore
2398 1426 2467 1480 ad
2505 1426 2636 1480 illud
2677 1434 2899 1496 tempus
2929 1442 3037 1497 quo
3065 1426 3121 1481 in

1808 1494 2101 1617 .Egyptum
2129 1494 2411 1567 profectus
2441 1504 2543 1561 est,
2570 1494 2830 1551 ellluxere
2858 1494 2987 1551 anni
3230 1498 3300 1552 55

1880 1567 2052 1617 t'atus
2081 1577 2199 1617 erat.
2227 1567 2388 1617 annis
2419 1568 2540 1617 150-
2574 1584 2700 1617 cum
2729 1569 3009 1617 ingressus
3034 1577 3120 1617 est

1880 1567 2052 1621 Natus
2081 1577 2199 1622 erat
2227 1567 2388 1623 annis
2419 1568 2540 1633 I50,
2574 1584 2700 1622 cum
2728 1569 3009 1638 ingressus
3034 1577 3120 1624 est

1807 1635 1864 1690 in
1878 1638 2199 1717 :{Egyptunn
2241 1640 2388 1717 unde
2427 1654 2639 1693 summa
2676 1635 2945 1717 conflatur
3174 1640 3297 1717 2L5

1878 1707 2002 1763 Non
2028 1710 2289 1764 convenit
2319 1710 2464 1781 inter
2493 1719 2747 1763 auctores
2793 1713 2861 1781 de
2900 1719 3147 1781 tempore
3172 1707 3398 1780 quodin

1805 1776 2040 1852 ngypto
2062 1780 2382 1852 commorati
2411 1788 2541 1835 sunt
2563 1780 2800 1836 Hebraei.
2832 1780 2887 1835 S.
2927 1776 3132 1836 Paulus
3175 1776 3401 1852 aposto-

1806 1849 1896 1904 lus
1919 1850 1986 1906 ad
2002 1849 2218 1923 Galatas
2248 1852 2495 1923 scribens
2534 1853 2552 1923 (
2572 1868 2651 1923 in,
2707 1852 2805 1919 17)
2839 1852 2945 1923 450
2996 1868 3173 1907 annos
3201 1849 3401 1907 nume-

1806 1930 1891 1974 rat
1920 1937 1952 1974 a
1978 1922 2261 1994 vocatione
2282 1922 2578 1977 Abrahami
2607 1937 2781 1992 usque
2816 1922 2883 1977 ad
2916 1922 3091 1994 legem
3127 1924 3308 1977 datam
3340 1924 3396 1977 in

1805 2000 1992 2063 monte
2041 1991 2210 2046 Sinai.
2266 1994 2488 2048 Exodus
2544 1991 2835 2063 (Χιιξιίο)
2880 1991 2994 2048 soli
3025 1994 3299 2048 mansioni
3343 1993 3400 2047 in

1804 2061 2038 2133 AZgypto
2067 2080 2338 2118 annormu
2366 2065 2471 2119 450
2496 2064 2732 2135 spatium
2765 2061 3022 2135 aSsignat.

1875 2135 2108 2200 Quidam
2135 2135 2299 2203 hujus
2332 2134 2656 2189 differentiae
2702 2134 2970 2189 rationem
3001 2134 3197 2189 aﬂ'erre
3218 2135 3400 2189 conati

1804 2215 1951 2265 sunt,
1978 2205 2301 2260 ascribendo
2329 2205 2724 2275 computationi
2750 2222 2870 2275 quae
2896 2205 3093 2275 legitur
3123 2207 3177 2259 in
3206 2207 3399 2259 Exodo

1802 2276 1979 2330 varias
2005 2277 2298 2347 Abrahami
2332 2276 2888 2347 peregrinationesin
2942 2277 3195 2347 {Egypttn
3224 2276 3398 2343 Quid-

1801 2347 1931 2415 quid
1968 2347 2020 2400 id
2060 2346 2149 2412 sit,
2194 2346 2487 2426 Eusebius,
2530 2347 2731 2426 ill_suis
2785 2346 3108 2426 anonibiis,
3152 2347 3399 2426 Apostoli

1802 2426 2026 2471 secutus
2055 2427 2140 2472 est
2174 2418 2490 2487 opinionem
2526 2436 2538 2471 :
2576 2417 2800 2488 Πρῶτον
2836 2418 2957 2481 ἔτος
2993 2417 3094 2486 τῆς
3126 2417 3221 2470 τοῦ
3260 2417 3397 2488 Ε)εοῦ

1802 2488 1939 2560 πρὸς
1968 2488 2059 2540 τὸν
2096 2488 2350 2560 Ἀϐραὰμ
2394 2487 2725 2557 ἐπαγγελίας
2768 2488 2877 2542 ἀπὸ
2920 2495 3006 2555 ος¹
3034 2490 3189 2560 ἕτρυς
3229 2487 3398 2542 αὑτοῦ

1799 2557 1894 2630 me
1924 2558 2179 2630 Ἀϐραὰμ
2201 2557 2593 2630 ἐπϊΜωῇσέα,
2629 2560 2723 2612 καὶ
2756 2561 2856 2630 τὴν
2896 2560 2955 2625 ἐξ
2988 2557 3267 2630 Αἰγύπτῳ
3306 2577 3398 2612 πο-

1804 2629 1958 2702 ρείαν
1978 2624 2085 2703 «id;
2119 2624 2399 2703 Ἐϐροιίῳν⁸
2424 2629 2625 2703 ξθνουςί
2645 2629 2737 2701 ἔτη
2780 2624 3043 2703 genetiva:
3072 2624 3163 2703 ὐλί
3190 2624 3272 2703 -ὦν
3308 2630 3400 2703 μγέ-

1802 2699 2004 2771 pLV-qaut
2039 2699 2251 2764 Παῦλοξ
2306 2699 2577 2763 Γαλάταις
2613 2699 2961 2754 ἐπιστέλλων.
2982 2700 3272 2771 (Eusebius
3292 2699 3318 2766 ,“
3338 2702 3396 2756 in

1799 2770 1995 2843 Chron.
2024 2772 2285 2841 paschal.,
2327 2787 2449 2843 pag.
2481 2772 2543 2826 51
2571 2779 2627 2826 et
2656 2772 2769 2843 52.)

1869 2841 1986 2908 Qua
2016 2843 2133 2897 basi
2175 2841 2549 2906 immorantes,
2589 2842 2696 2897 215
2726 2858 2900 2897 annos
2937 2842 3169 2897 habebi-

1797 2928 1941 2984 mus,
2001 2929 2124 2984 cum
2152 2912 2205 2967 in
2245 2914 2537 2984 IEgyptum
2570 2922 2792 2967 ventum
2836 2923 2938 2977 est,
2996 2913 3142 2968 unde
3285 2912 3395 2968 215

1867 2983 2077 3039 Mansio
2107 2984 2164 3038 in
2195 2984 2428 3057 [Egypto
2449 2984 2581 3039 item
2627 3000 2718 3039 an.
2749 2984 2877 3051 215,
2921 2984 3067 3040 unde
3282 2984 3395 3039 215

2503 3125 2573 3181 Ει
2608 3142 2820 3181 summa
2854 3125 3165 3180 conﬂatur:
3280 3127 3388 3181 450

1864 3195 1963 3251 Cui
2003 3197 2253 3252 addendo
2282 3212 2445 3266 quam
2481 3197 2717 3252 habebat
2744 3207 2961 3251 aetatem
2996 3198 3173 3250 Abra-

1793 3266 2010 3337 hamus,
2063 3268 2499 3323 cumCharrhan
2549 3267 2790 3338 reliquit,
2844 3284 3043 3338 nempe
3074 3283 3175 3321 an-

1791 3354 1894 3393 nos
3321 3340 3391 3395 73

1864 3409 2013 3464 Inter
2044 3409 2381 3464 nativitatem
2411 3409 2705 3465 Abrahami
2737 3418 2796 3464 et
2825 3408 3169 3464 vocationem

1790 3478 1989 3549 Moysis
2018 3498 2193 3535 annos
2224 3482 2450 3536 habebis
3279 3480 3387 3535 505

1860 3550 1980 3607 Jam
2035 3552 2142 3607 dixi
2200 3568 2444 3606 errorem
2494 3551 2804 3622 temporis,
2861 3566 3024 3622 quem
3087 3549 3387 3607 admiserat

1789 3621 2142 3695 Porphyrius,
2176 3624 2247 3677 ab
2276 3622 2514 3677 Eusebio
2540 3623 2593 3676 in
2614 3621 2747 3678 suis
2776 3621 3076 3695 Curionibus
3125 3622 3385 3676 chronicis

1787 3692 2376 3750 fuissc‘confutatmn:
2430 3703 2639 3747 tantum
2691 3695 2910 3763 quidem
2953 3693 3107 3745 abest
3145 3700 3205 3763 ut
3257 3709 3383 3747 eum

1785 3763 2083 3818 Abrahami
2139 3765 2476 3833 temporibus
2507 3762 2723 3835 Moysis’
2749 3775 2995 3832 tempora
3030 3762 3333 3835 confundat
3363 3804 3380 3823 .

1786 3837 1931 3904 quod
1959 3844 2150 3889 contra
2196 3836 2512 3904 opinionem
2562 3836 2782 3889 deserat
2812 3834 3382 3905 ichronographorum

1785 3903 2276 3971 antecedentium,
2320 3906 2469 3960 verbi
2519 3906 2730 3976 gratia,
2793 3903 3093 3959 Clementis
3141 3904 3381 3976 Alexan-

1786 3977 1951 4041 drini,
1984 3976 2250 4038 Africani,
2285 3975 2543 4041 Tatiani,’
2570 3976 2664 4045 qui
2718 3991 2911 4030 omnes
2953 3987 3135 4028 ortmn
3182 3975 3386 4046 Moysis

1785 4047 2127 4118 temporibus
2157 4047 2342 4101 Inachi
2388 4056 2621 4117 ponunt,
2654 4046 2815 4116 primi
2850 4045 2994 4115 regis
3027 4045 3285 4118 Argolici,
3322 4058 3382 4100 ut

1784 4116 1992 4172 dictum
2023 4118 2248 4173 reducat
2276 4116 2460 4172 ortum
2510 4118 2579 4172 ad
2626 4127 2874 4186 tempora
2905 4116 3184 4186 Cecropis,
3215 4116 3269 4171 id
3297 4127 3383 4172 est

1781 4189 1888 4243 250
1909 4204 2083 4243 annos
2118 4197 2242 4258 post
2291 4189 2577 4242 Inachmu.
2614 4188 3004 4259 Fragmentum
3048 4188 3185 4252 hoc,
3232 4189 3380 4257 quod

1784 4260 1964 4331 magni
1997 4260 2293 4331 aestimare
2317 4259 2600 4331 debemus.
2632 4274 2662 4312 e
2692 4258 2944 4331 Syncello
2982 4259 3379 4331 Adesumptum,

1781 4329 1903 4401 pag.
1936 4331 2005 4386 63
2025 4340 2080 4385 et
2118 4333 2186 4385 66
2214 4330 2469 4385 editionis
2494 4330 2848 4400 Luparensis,
2877 4329 3069 4385 Latine
3098 4330 3379 4384 reddimus

1780 4403 1938 4455 infra.

1852 4472 2146 4538 Eusebius,
2199 4472 2255 4525 in
2311 4471 2627 4543 przefatione
2663 4471 2746 4526 sui
2779 4470 3030 4535 Cononis,
3065 4471 3172 4525 hoc
3203 4485 3375 4543 prope

1782 4543 1944 4614 modo
1975 4558 2130 4597 suam
2176 4542 2508 4598 sententiam
2534 4544 2759 4613 exponit
2787 4561 2800 4596 :
2837 4564 2854 4594 ε
2886 4543 3117 4614 Moyses,
3150 4542 3376 4614 natione

1780 4612 2062 4684 Hebraeus,
2105 4614 2196 4683 qui
2250 4615 2492 4684 primus,
2538 4612 2621 4668 exi
2658 4614 2943 4684 prophetis
2977 4612 3268 4684 ‘Hebraeis,
3317 4613 3375 4666 in

1780 4682 2064 4755 Scriptura
2095 4681 2491 4740 sacra—oracula
2519 4681 2692 4740 edidit
2726 4681 2796 4739 de
2847 4686 3151 4748 Salvatore,
3186 4681 3243 4737 id
3291 4690 3377 4755 est

1778 4753 2017 4821 Christo,
2071 4767 2127 4810 et
2167 4755 2480 4827 cognitione
2522 4755 2817 4827 Deiquam
2844 4763 3254 4827 omnes‘gentes
3282 4753 3376 4808 do-

1778 4827 2118 4895 cerejussus
2156 4822 2354 4889 fuerat,
2403 4822 2739 4895 temporibus
2796 4825 2982 4880 Inachi
3038 4822 3242 4887 ﬂoruit,
3280 4839 3373 4895 se-

1776 4894 2017 4950 cundum
2051 4897 2424 4952 testimonium
2477 4894 2718 4950 virorum
2769 4896 2982 4951 eximiae
3011 4894 3366 4960 eruditionis,

1776 4982 1828 5019 v.
1847 4968 2233 5037 g.Clementis,
2250 4965 2489 5021 Africani
2518 4976 2573 5021 et
2598 4966 2810 5020 Tatiani
2836 4967 2980 5021 inter
2998 4976 3245 5031 nostros;
3273 4964 3370 5037 Jo-

1774 5036 1929 5107 sephi
1963 5047 2018 5093 et
2043 5037 2204 5102 Iusti,
2234 5038 2376 5092 inter
2433 5037 2723 5101 llebrzcos;
2772 5054 3005 5107 quorum
3068 5036 3368 5105 unusquis-

1773 5123 1880 5176 que
1913 5109 2152 5164 rationes
2177 5109 2357 5172 ali'ert,
2386 5107 2623 5178 qualiter
2678 5124 2744 5161 ex
2787 5109 3066 5163 veteribus
3118 5107 3366 5178 historiis

1712 5194 1718 5201 ‘
1772 5180 2101 5249 desumpsit:
2129 5195 2196 5233 eo
2218 5195 2383 5234 sensu
2408 5177 2764 5233 contendunt
2786 5180 3047 5234 Inachum
3074 5178 3176 5232 700
3206 5177 3366 5249 annis

1771 5258 1899 5304 ante
1929 5248 2129 5304 ltellum
2166 5249 2462 5320 Trojanum
2494 5250 2786 5304 exstitisse.
2840 5250 2994 5306 Unus
3039 5248 3189 5320 inter
3236 5248 3364 5319 phi-

1771 5321 2031 5390 losophus
2055 5319 2292 5383 Grmcos,
2326 5330 2381 5375 ct
2420 5320 2511 5373 ille
2544 5321 2878 5391 specialiter
2900 5321 2994 5391 qui
3024 5319 3227 5373 frustra
3257 5333 3361 5391 nos

1770 5390 1828 5445 in
1853 5402 2049 5460 quarto
2088 5392 2234 5446 libro
2267 5392 2350 5445 sui
2385 5390 2588 5444 laboris
2618 5400 2765 5445 tanta
2797 5390 2931 5447 cura
2979 5391 3116 5445 arati
3159 5390 3361 5444 acriter

1768 5477 2055 5533 aggressus
2093 5472 2196 5528 est,
2230 5462 2361 5517 dicit
2390 5462 2919 5533 Moysemexstitisse
2948 5470 3074 5533 ante
3113 5470 3363 5529 tempora

1768 5531 2178 5604 Semiramidis;
2230 5547 2428 5604 porro,
2482 5531 2810 5604 Semiramis
2860 5532 3122 5604 regnabat
3192 5545 3361 5601 super

1766 5603 2003 5674 Assyriis
2034 5605 2135 5660 150
2169 5602 2345 5659 annos
2386 5613 2512 5657 ante
2546 5602 2832 5670 Inachum,
2890 5602 3039 5657 unde
3094 5602 3176 5656 fas
3213 5610 3363 5656 esset

1767 5674 2095 5729 concludere
2117 5675 2352 5746 Moysen)
2396 5674 2499 5729 850
2528 5685 2859 5746 annosante
2897 5674 3356 5746 Trojaetempora

1765 5747 2061 5799 exstitisse.
2119 5744 2585 5818 Egoveropqui
2645 5745 2781 5798 nihil
2822 5746 2955 5801 tanti
3004 5744 3142 5799 facio
3193 5757 3359 5813 quam

1763 5818 1910 5884 quod
1940 5832 2128 5870 verum
2174 5816 2478 5871 existimavi
2509 5816 2691 5870 dicere
2738 5833 2965 5886 queam,
3024 5828 3358 5886 magnopere

1764 5883 1946 5941 studui
1979 5892 2037 5941 ut
2065 5887 2119 5942 in
2150 5888 2476 5960 supradictis
2500 5883 2849 5958 Opinionibus
2898 5902 3087 5944 verum
3124 5883 3165 5939 'a
3203 5883 3358 5940 falsis
