3858 6224
484 228 594 300 167‘

1145 241 1419 298 EUSEBII
1457 239 1942 296 CAESARIENSIS
1979 239 2130 294 OPP.
2174 238 2356 293 PARS
2390 236 2450 292 ll.
2491 266 2558 277 --
2596 236 3098 293 APOLOGETICA.
3657 238 3750 293 {63

476 364 655 429 illum,
678 362 768 419 cui
797 361 1047 416 nonnulli
1080 360 1363 415 Ammonis
1388 368 1811 429 cognomentum
1849 358 2055 421 fecere;

2173 356 2402 429 Ἑρμῆν.
2430 359 2538 411 Καὶ
2570 358 2786 429 πρῶτον
2817 358 2915 429 μὲν
2944 356 3133 409 ’Ἥλιον
3164 356 3484 427 βασιλεῦσαι
3511 357 3615 409 τῶν
3636 360 3750 410 κατ’

474 451 750 509 Junonem
805 460 1087 521 przeterca,
1118 448 1444 511 Vulcanum,
1480 447 1721 514 Vestam,
1751 457 2062 516 postremo-

475 563 587 619 que
636 545 991 607 Mercurium,
1028 558 1094 595 ex
1128 542 1304 611 iisque
1336 539 1517 595 Solem
1567 538 1787 610 AEgypti
1834 555 2060 611 regnum

478 641 783 712 principem
830 638 1094 701 tenuisse,
1132 645 1284 690 astro
1329 635 1542 690 caelesti
1596 636 2000 703 cognominem.
2038 653 2055 685 ι

481 734 759 790 llactenus
794 746 824 784 a
854 729 1016 785 nobis
1070 729 1324 782 laudatus
1393 736 1602 781 auctor.
1631 725 1750 781 Jam
1778 743 1907 782 vero
1936 727 2062 780 Plu-

479 825 705 882 tarchus
755 822 812 877 in
870 838 960 881 eo.
997 821 1145 890 quod
1195 820 1258 874 de
1306 817 1453 873 Iside
1496 820 1737 889 scripsit,
1773 820 2061 889 opusculo,

479 935 601 989 quae
634 925 937 987 sequuntur
982 915 1051 969 ad
1101 916 1330 969 verbum
1364 914 1527 968 habet
1557 933 1570 967 :
1604 933 1622 965 ι
1656 912 1789 967 Rem
1811 953 1826 978 ,
1863 913 2059 984 inquit,

480 1027 624 1067 novo
649 1027 683 1065 a
720 1010 895 1079 capite
940 1016 1111 1064 totam
1153 1020 1520 1072 arcessentes,
1551 1024 1618 1061 ex
1647 1008 1925 1074 omnibus,
1969 1007 2061 1076 qui

480 1103 739 1157 subtilius
793 1102 1000 1171 aliquid
1047 1110 1101 1154 et
1128 1100 1442 1154 accuratius
1469 1099 1841 1168 disputarunt,
1869 1115 2060 1154 eorum

485 1198 541 1252 in
568 1196 785 1266 primis,
821 1195 1024 1264 quibus
1054 1192 1379 1262 simplicitas
1404 1193 1579 1261 magis
1605 1201 1789 1247 tamen
1836 1192 2061 1261 placuit,

477 1287 813 1344 sententiam
873 1286 1178 1340 videamus.
1234 1283 1395 1338 Tales
1440 1300 1571 1338 vero
1623 1284 1698 1337 illi
1765 1292 1927 1349 sunt,
1968 1284 2061 1350 qui

477 1378 755 1452 quomodo
783 1376 978 1442 Grtcci,
1005 1375 1304 1430 Saturnum
1365 1385 1601 1445 tempus,
1649 1374 1921 1429 Junonem
1968 1389 2060 1428 ae-

478 1467 863 1536 rem,Vulcani
896 1467 1307 1538 generationem
1342 1466 1488 1520 aeris
1520 1466 1576 1518 in
1612 1464 1787 1533 ignem
1815 1466 2067 1519 mutatio-

484 1577 608 1616 nem
663 1562 957 1630 allegorice
999 1559 1452 1629 interpretantur,
1490 1558 1571 1612 sic
1598 1559 1741 1628 apud
1772 1556 2063 1629 Egyptios

481 1653 662 1709 Nilum
712 1652 897 1707 Osirin
949 1666 1073 1706 esse
1124 1652 1342 1715 dicunt,
1372 1651 1464 1720 qui
1494 1667 1620 1705 cum
1647 1650 1810 1715 Iside,
1848 1651 1953 1705 hoc
1981 1661 2064 1705 est

2170 448 2466 517 Αἴγυπτον,
2499 449 2788 521 ὁμώνυμον
2820 450 2950 503 ὄντα
2987 447 3065 518 τῷ
3102 449 3222 501 κατ’
3249 447 3479 520 οὐρανὸν
3502 449 3699 519 ἄστρῳ.
3731 467 3747 499 ι

2171 541 2359 595 Ταῦτα
2393 543 2491 613 μὲν
2524 540 2617 596 οὖν
2641 545 2670 596 ὁ
2700 542 2962 615 δηλωθεὶς
2996 540 3367 614 συγγραφεύς.
3403 542 3514 593 Καὶ
3541 544 3568 593 ὁ
3594 540 3754 594 Πλού-

2169 653 2371 708 ταρχος
2412 636 2469 689 δὲ
2505 638 2563 688 ἐν
2592 636 2670 709 τῷ
2708 637 2836 708 περὶ
2877 635 2986 688 τῶν
3031 635 3195 689 Κατὰ
3241 634 3356 702 τὴν
3403 629 3558 687 Ἶσιν
3597 634 3752 688 αὑτοῦ

2173 733 2568 806 συγγράμματι
2612 734 2740 787 τάδε
2783 732 2983 803 γράφει
3017 732 3157 785 κατὰ
3189 730 3354 795 λέξιν·
3398 750 3416 780 ι
3456 730 3573 783 Ἀπ’
3598 730 3755 801 ἄλλης

2173 825 2284 897 (47)
2318 826 2374 879 δὲ
2427 826 2603 899 ἀρχῆς
2640 826 2749 879 τῶν
2801 824 3233 895 φιλοσοφώτερόν
3256 841 3309 875 τι
3342 821 3522 891 λέγειν
3550 820 3754 876 δοκούν-

2169 937 2278 973 των
2322 920 2435 992 (48)
2487 922 2617 983 τοὺς
2671 919 3078 981 ἁπλουστάτους
3132 915 3464 987 σκεψώμεθα
3523 916 3752 984 πρῶτον.

2216 1006 2332 1065 ὗτοι
2372 1011 2416 1064 δ’
2448 1012 2586 1064 εἰσιν
2623 1012 2673 1064 οἱ
2719 1010 2992 1079 λέγοντες,
3031 1009 3223 1080 ὥσπερ
3264 1008 3524 1077 ’Έλληνες
3556 1006 3755 1078 Κρόνον

2169 1102 2533 1173 ἀλληγοροῦσι
2564 1102 2655 1156 τὸν
2688 1102 2901 1174 χρόνον,
2942 1102 3123 1171 Ἥραν
3151 1100 3208 1153 δὲ
3239 1100 3331 1153 τὸν
3362 1100 3518 1169 ἀέρα,
3549 1100 3756 1167 γένεσιν

2169 1195 2227 1249 δὲ
2265 1193 2564 1264 Ἡφαίστου
2593 1194 2693 1265 τὴν
2720 1196 2801 1257 εἰς
2833 1194 2896 1246 τὸ
2926 1192 3037 1265 πῦρ
3072 1193 3232 1264 ἀέρος
3264 1192 3587 1263 μεταϐολὴν,
3623 1192 3759 1247 οὕτω

2172 1290 2299 1359 παρ’
2347 1286 2664 1356 Αἰγυπτίοις
2718 1285 2911 1338 Νεῖλον
2974 1281 3113 1338 εἶναι
3170 1285 3263 1338 τὸν
3315 1286 3551 1356 Ὄσιριν,
3606 1286 3757 1339 Ἴσιδι

2173 1384 2400 1431 συνόντα
2432 1381 2498 1449 τῇ
2535 1381 2627 1449 γῇ,
2664 1377 2899 1447 Τυφῶνα
2937 1376 2995 1430 δὲ
3036 1376 3134 1447 τὴν
3174 1376 3473 1440 θάλασσαν,
3515 1379 3597 1441 εἰς
3633 1378 3699 1447 ἣν
3730 1379 3757 1429 ὁ

2170 1470 2361 1534 Νεῖλος
2384 1470 2675 1541 ἐμπίπτων
2698 1468 3043 1538 ἀφανίζεται.
3079 1488 3097 1519 ι
3127 1467 3310 1521 Ταῦτα
3331 1469 3425 1522 καὶ
3444 1467 3513 1521 τὰ
3534 1468 3758 1522 τοιαῦτα

2170 1562 2360 1627 εἰπὼν,
2407 1563 2572 1616 πάλιν
2620 1564 2700 1626 είς
2741 1561 3001 1632 δαίμονας
3043 1558 3303 1629 ἀναφέρει
3337 1561 3465 1623 τοὺς
3498 1558 3757 1629 περὶτῶν

2169 1652 2513 1723 δηλουμένων
2562 1652 2699 1706 θεῶν
2751 1653 2973 1723 μύθους.
3017 1652 3127 1705 Καὶ
3171 1651 3331 1704 πάλιν
3370 1649 3546 1713 ἄλλως
3579 1649 3761 1703 ἀποδί-

475 1756 618 1801 terra
679 1743 1100 1813 congrediatur;
1128 1741 1447 1813 Typhonem
1477 1757 1606 1795 vero
1628 1755 1800 1805 mare,
1837 1741 1890 1794 in
1916 1742 2062 1810 quod

2172 1745 2322 1809 δωσι,
2360 1744 2453 1798 καὶ
2485 1740 2641 1807 αὖθις
2678 1743 2885 1815 ἑτέρως
2917 1741 3254 1815 ἀλληγορῶν.
3301 1738 3409 1795 τΗν
3447 1742 3492 1795 δ’
3528 1741 3594 1795 ἂν
3624 1741 3763 1796 κατὰ

481 1837 637 1892 Nilus
678 1836 932 1891 incidens
965 1844 1278 1889 evanescat.
1316 1854 1336 1887 ι
1373 1834 1584 1900 Quibus
1631 1835 1719 1889 ille
1764 1836 2064 1891 similibus-

481 1944 591 1998 que
619 1927 1086 1988 commemoratis,
1127 1940 1348 1979 rursum
1393 1924 1463 1978 ad
1512 1925 1791 1980 daemones
1845 1925 2063 1980 tictitias

480 2020 708 2075 deorum
737 2019 966 2073 istorum
992 2017 1217 2071 fabellas
1245 2024 1487 2080 revocat,
1515 2031 1792 2087 novasque
1808 2016 2063 2086 deinceps

482 2125 752 2165 novarum
777 2108 1164 2179 allegoriarum
1198 2105 1736 2162 accommodationes
1760 2108 2060 2176 excogitat.

483 2200 598 2270 Ego
645 2216 774 2255 vero
812 2199 1128 2270 quaesierim
1161 2215 1225 2252 ex
1275 2198 1364 2262 iis,
1402 2206 1456 2252 et
1490 2197 1710 2267 quidem
1745 2197 1890 2267 jure,
1922 2215 2063 2268 quo-

483 2306 606 2345 rum
654 2289 873 2344 tandem
928 2303 1048 2343 sese
1121 2287 1410 2341 numinum
1466 2302 1753 2356 expressas
1798 2288 2065 2359 imagines

485 2394 815 2435 conservare
846 2378 1062 2444 dicant;
1106 2374 1417 2432 daemonum
1447 2378 1552 2434 ne?
1578 2396 1647 2433 an
1679 2379 1844 2450 ignis,
1897 2382 2062 2449 aeris,

474 2483 652 2535 teme,
745 2486 918 2540 aqua),
976 2487 1042 2524 an
1082 2471 1349 2537 virorum,
1388 2471 1793 2542 mulierumque
1836 2472 2066 2528 simula-

481 2563 614 2619 cra?
635 2578 703 2618 an
731 2562 967 2632 denique
999 2563 1281 2617 brutorum
1318 2563 1704 2629 animantium,
1732 2580 1797 2618 ac
1822 2563 2062 2619 ferarum

481 2656 723 2725 ipsarum
746 2655 985 2723 ﬁguras?
1011 2654 1142 2707 Nam
1176 2670 1301 2709 cum
1343 2654 1586 2725 ipsimet,
1619 2656 1871 2713 homines
1899 2673 2065 2726 quos-

481 2747 605 2802 dam
638 2749 897 2802 mortales
932 2746 1145 2812 eodem,
1181 2763 1290 2816 quo
1321 2748 1489 2801 solem
1526 2763 1591 2801 ac
1634 2757 1828 2803 caetera
1872 2750 2063 2804 mundi

481 2842 775 2909 elementa,
800 2841 1023 2896 nomine
1056 2850 1396 2909 procreatos,
1421 2841 1753 2910 eosdemque
1784 2840 1913 2896 deos
1942 2859 2067 2912 pns-

482 2944 568 2987 tea
595 2943 947 2989 Consecratos
980 2932 1152 2988 fuisse
1180 2934 1485 2988 concedant
1514 2951 1527 2999 ;
1552 2932 1656 3002 91
1696 2935 2063 3002 quorum,ob-

480 3040 660 3092 secro,
688 3042 906 3095 aequum
941 3023 1412 3095 lueritimagines
1448 3026 1569 3078 illas
1610 3027 1924 3094 ﬁgurasque
1963 3040 2064 3078 no-

480 3118 711 3185 minare,
739 3134 876 3188 quas
906 3118 961 3171 in
990 3118 1305 3173 simulacris
1341 3118 1622 3170 inanimes
1662 3116 1881 3171 caelatas
1913 3118 2064 3170 vide-
2092 3093 2133 3149 ο

480 3208 644 3263 mus?
670 3224 738 3262 an
771 3208 1168 3263 elementorum
1200 3207 1365 3275 hujus
1386 3206 1668 3260 universi?
1692 3222 1784 3271 an,
1804 3208 1947 3276 quod
1974 3223 2065 3259 ar-

478 3300 719 3355 tillciosa
767 3300 887 3370 ipsa
937 3300 1121 3353 vultus
1172 3298 1539 3353 conformatio
1590 3299 1769 3368 palam
1801 3299 2060 3365 ostendit,

480 3391 798 3448 mortalium
849 3391 991 3445 inter
1045 3399 1295 3445 mortuos
1334 3389 1676 3457 iacentium?
1707 3390 1866 3444 Enim
1909 3407 2060 3453 vero,

480 3492 695 3538 taceant
729 3482 819 3538 isti
850 3482 1011 3549 licet;
1045 3483 1247 3537 veritas
1283 3498 1379 3553 per
1410 3498 1469 3536 se
1519 3482 1639 3552 ipsa
1686 3483 1949 3552 loquitur,
2000 3499 2064 3537 ac

478 3588 647 3644 prope
677 3588 873 3643 magna
909 3587 1042 3627 voce
1069 3571 1334 3634 clamans,
1366 3587 1483 3636 eos,
1506 3570 1571 3624 de
1599 3571 1799 3639 quibus
1823 3570 2061 3641 agimus,

480 3669 628 3723 viros
656 3667 927 3737 quosdam
965 3666 1225 3720 mortales
1257 3664 1425 3719 fuisse
1461 3672 1713 3719 testatur.
1750 3662 2061 3730 Quinetiam

477 3756 809 3813 Plutarchus
839 3758 895 3813 in
927 3774 1091 3827 opere
1141 3757 1231 3809 illo
1257 3755 1403 3825 quod
1440 3754 1518 3808 De
1572 3753 1717 3807 Iside
1762 3753 2063 3824 zEgyptiis-

477 3867 576 3921 que
608 3853 913 3904 numinibus
948 3850 1212 3920 scriptum
1243 3846 1486 3917 reliquit,
1515 3847 1659 3901 ultro
1677 3845 1915 3916 dataque
1941 3861 2063 3915 0pc-

478 3957 541 3996 ra
569 3944 907 4014 singulorum
959 3942 1235 4012 propriam
1259 3940 1506 4009 corporis
1538 3939 1763 4009 liguram
1795 3938 2063 3993 colorem-

479 4051 587 4103 quc
614 4035 872 4097 declarat.
915 4035 999 4088 his
1033 4033 1215 4087 verbis
1248 4049 1261 4085 :
1299 4050 1316 4081 ι
1348 4029 1605 4095 Narrant,
1655 4030 1852 4100 inquit,
1892 4030 2062 4102 JEgy-

481 4127 579 4197 ptii
625 4126 956 4181 Mercurium
991 4126 1218 4180 brachio
1250 4123 1576 4190 breviorem,
1609 4122 1927 4195 Typhonem
1968 4140 2062 4178 ru-

482 4217 618 4284 l'nm,
647 4215 873 4271 Martem
900 4215 1295 4280 candidiorem,
1341 4211 1524 4268 Osirin
1560 4213 1799 4282 denique
1852 4213 2061 4285 nigrio-

480 4324 597 4365 rem
651 4309 822 4364 l'uisse
857 4327 871 4362 :
903 4309 1103 4378 quippe
1152 4307 1248 4377 qui
1294 4316 1491 4360 natura
1534 4305 1785 4359 homines
1817 4306 2060 4361 exstitis-

478 4411 622 4458 sent.
658 4421 676 4454 ι
723 4399 853 4457 Haac
877 4400 1227 4455 Plutarchus.
1258 4397 1601 4453 Mortuorum
1633 4414 1763 4468 ergo
1796 4397 1899 4452 fuit
1946 4407 2059 4453 tota

480 4496 573 4551 illa
599 4495 887 4550 numinum
911 4494 1056 4563 apud
1098 4494 1237 4548 istos
1266 4488 1641 4557 consecratio;
1676 4491 1941 4561 quidquid
1968 4506 2064 4545 au-

468 4597 588 4643 tem
638 4586 995 4658 physiologia:
1031 4594 1136 4652 est,
1160 4586 1266 4641 hoc
1302 4584 1467 4642 iidem
1500 4594 1689 4657 postea
1726 4585 2061 4638 conﬁnxere.

479 4679 616 4735 Nam
652 4680 782 4750 quid
814 4679 1079 4733 attinebat
1116 4680 1170 4734 in
1200 4680 1451 4734 virorum
1504 4693 1571 4734 ac
1614 4677 1908 4733 mulierum
1950 4676 2065 4731 elli-

867 4922 1085 4990 ἆλλης.
1126 4919 1458 4977 Plutarchus
1497 4920 1569 4975 Dc
1588 4920 1731 4975 Iside
1757 4932 1805 4974 el
1833 4919 2062 4988 Osiride,

654 5012 679 5046 ο
767 5036 780 5046 .
809 5002 828 5023 °
850 5033 863 5046 .

521 5036 534 5050 .
580 4994 679 5048 ’565
717 4995 780 5052 D.
809 4994 863 5046 ‘2.

480 5012 534 5068 Ρ.
553 5070 569 5135 ζ
705 5012 1463 5135 dgnior-turumntarchus,
1478 5134 1483 5135 γ
1496 5062 1830 5135 δυναμένων.

554 5132 667 5206 (49⁷)
710 5137 890 5189 Αὐτοί
908 5151 1028 5206 μοι.
1074 5132 1296 5188 Vertere
1317 5149 1429 5206 non
1456 5132 1721 5196 dubitavi,
1743 5134 1897 5201 quasi
1927 5132 2066 5187 scri-

472 5203 633 5275 ptum
663 5214 831 5271 esset,
868 5203 1020 5259 αὐτοὶ
1054 5212 1149 5275 μη,
1186 5204 1331 5275 quod
1366 5219 1564 5259 sensus
1611 5206 1836 5258 omnino
1879 5214 2065 5274 postu-

504 5286 575 5333 at.

554 5347 665 5418 (ἕο)
706 5347 815 5401 Aut
844 5348 946 5402 hoc
978 5345 1269 5417 σωμάτων,
1305 5351 1400 5399 aut
1427 5343 1575 5415 quod
1609 5345 1856 5414 sequitur
1886 5344 2067 5414 σώμα-

478 5433 592 5481 τος,
624 5418 913 5472 delendum
941 5419 1175 5471 videtur.

551 5488 664 5559 (51)
715 5489 1097 5556 Ἰστοροῦσιν.
1144 5487 1241 5541 llic
1270 5485 1922 5559 mihiPlutarclii‘lncus
1955 5503 2065 5543 non

480 5557 743 5619 oceurrit.
779 5565 875 5614 sed
908 5560 996 5613 alii
1025 5560 1135 5612 duo
1170 5573 1279 5612 non
1315 5558 1617 5615 absimiles.
1650 5557 1841 5612 eodem
1875 5558 1928 5611 in
1964 5559 2059 5611 lib.

481 5630 557 5681 De
589 5628 735 5681 Iside
778 5640 826 5682 et
865 5629 1097 5683 Osiride.
1131 5628 1402 5683 Caeterum
1434 5626 1789 5696 γαλιάγκωνα
1819 5632 2060 5699 reposui,

481 5715 578 5757 mo
628 5700 1025 5770 γαληάγκωνα;
1071 5701 1148 5756 sic
1172 5700 1319 5755 enim
1353 5700 1553 5772 ubique
1586 5699 1864 5765 scribitur,
1899 5708 1950 5754 et
1980 5703 2064 5755 vel

2168 1836 2326 1906 λόγον
2366 1835 2628 1891 πυθέσθαι
2657 1836 2931 1907 ὁποτέρων
2954 1834 3092 1889 θεῶν
3120 1835 3187 1888 τὰ
3218 1833 3381 1900 ξόανα
3417 1832 3516 1897 τὰς
3543 1835 3758 1888 ἐντετυ-

2172 1930 2428 2001 πωμένας
2452 1928 2665 2001 μορφὰς
2693 1927 2885 1993 σώζειν
2905 1929 3183 1999 φήσουσιν
3220 1926 3427 1998 πότερα
3454 1926 3760 1996 δαιμόνων;

2170 2023 2307 2077 ἀλλά
2321 2022 2513 2094 πυρὸς,
2537 2023 2631 2076 καὶ
2658 2021 2839 2093 ἀέρος,
2864 2022 2957 2075 καὶ
2983 2020 3102 2091 γῆς,
3131 2021 3225 2074 καὶ
3253 2019 3461 2085 ὓδατος,
3492 2020 3525 2091 ἦ
3552 2020 3761 2093 ἀνδρῶν

2172 2116 2265 2170 καὶ
2297 2113 2570 2183 γυναικῶν
2597 2114 2833 2177 εἰκόνας,
2861 2114 2956 2165 καὶ
2988 2110 3143 2176 ζώων
3170 2111 3406 2181 ἀλόγων,
3431 2113 3525 2166 καὶ¹
3555 2111 3761 2184 θηρίων

2173 2209 2455 2278 σχήματα;
2497 2206 2648 2260 Ἐπεὶ
2681 2205 2790 2277 γὰρ
2818 2206 2913 2259 καὶ
2953 2205 3089 2274 πρὸς
3120 2204 3301 2258 αὐτῶν
3346 2203 3763 2276 συγκεχώρηται

2173 2298 2477 2370 ὁμωνύμως
2488 2298 2623 2370 ἡλίῳ
2638 2299 2733 2351 καὶ
2750 2301 2863 2361 τοῖς
2885 2297 3115 2351 καθόλου
3139 2297 3423 2369 στοιχείοις
3438 2297 3669 2369 θνητούς
3687 2317 3764 2352 τι-

2172 2408 2267 2454 νας
2288 2390 2381 2443 ἀνδ
2390 2408 2487 2462 ρας
2502 2390 2804 2460 γεγονέναι,
2824 2392 2919 2445 καὶ
2932 2390 3154 2454 τούτους
3170 2391 3324 2455 θεοὺς
3340 2391 3761 2464 ἀνηγορεῦσθαι,

2170 2484 2331 2537 τίνων
2364 2484 2512 2547 εἰκὸς
2545 2483 2610 2538 ἂν
2653 2484 2737 2556 εἴη
2771 2483 2985 2555 μορφὰς
3032 2479 3171 2538 εἶναι
3212 2484 3309 2537 κα)⁵
3341 2484 3555 2547 εἰκόνας
3580 2485 3764 2554 λέγειν

2172 2577 2271 2640 τὰς
2308 2578 2364 2629 ὲν
2414 2580 2526 2640 τοῖς
2573 2577 2801 2648 ἀψύχοις
2836 2577 3046 2642 ξοάνοις
3093 2577 3338 2646 γλυφάς
3380 2576 3613 2651 πότερον
3658 2576 3762 2630 τῶν

2173 2670 2404 2725 καθόλου
2436 2671 2734 2742 στοιχείων,
2762 2673 2817 2743 ἢ,
2847 2673 2985 2743 ὅπερ
3009 2672 3104 2725 καὶ
3129 2671 3188 2724 τὸ
3210 2670 3437 2742 ἐναργὲς
3461 2670 3559 2741 τῆς
3589 2671 3762 2741 ὅψεως

2175 2764 2533 2828 ἐπιδείκνυσι,
2568 2764 2674 2817 τῶν
2707 2767 2764 2817 ἐν
2798 2768 3010 2835 νεκροῖς
3032 2764 3300 2835 κειμένων
3323 2762 3569 2834 θνητῶν;

2173 2860 2221 2910 εί
2261 2858 2353 2912 καὶ
2389 2856 2541 2910 αὐτοί
2572 2875 2660 2928 μοι
2696 2857 2806 2929 (49)
2848 2856 3077 2926 λέγοιεν,
3113 2858 3142 2910 ὃ
3180 2858 3245 2926 γέ
3277 2875 3332 2910 τι
3366 2857 3574 2928 ἀληθὴς
3609 2857 3759 2924 λόγος

2175 2949 2273 3020 βοᾷ
2322 2950 2414 3003 καὶ
2453 2950 2691 3021 κέκραγε
2735 2950 3014 3020 μονονουχὶ
3056 2948 3237 3020 φωνὴν
3280 2950 3480 3018 ἀφιεὶς,
3533 2948 3759 3020 θνητοὺς

2173 3042 2373 3114 ἄνδρας
2404 3042 2696 3114 μαρτυρῶν
2717 3042 2996 3112 γεγονέναι
3029 3043 3156 3105 τοὺς
3190 3042 3572 3113 δηλουμένους.
3628 3044 3686 3096 Ὀ
3705 3042 3757 3094 δὲ

2172 3134 2515 3205 Πλούταρχος
2560 3134 2654 3187 καὶ
2685 3134 2792 3189 τῶν
2831 3134 3097 3205 σωμάτων
3129 3133 3239 3203 (50)
3273 3132 3454 3187 αὐτῶν
3499 3136 3565 3187 ὲκ
3611 3152 3761 3206 περι-

2171 3225 2357 3288 ουσίας
2387 3226 2476 3278 τὸν
2504 3226 2655 3280 ποιὸν
2685 3228 2992 3299 ὑπογράφει
3017 3224 3111 3279 τοῦ
3144 3225 3398 3296 σώματος
3431 3226 3764 3296 χαρακτῆρα

2171 3321 2229 3371 ὲν
2257 3322 2367 3383 τοῖς
2396 3320 2536 3387 Περὶ
2569 3319 2681 3388 τῆς
2710 3320 2925 3386 Ἴσιδος
2951 3321 3047 3374 καὶ
3076 3318 3193 3373 τῶν
3223 3322 3561 3390 Αἰγυπτίων
3586 3319 3764 3381 θεῶν,

2171 3405 2273 3465 ὧδέ
2301 3430 2419 3476 πως
2455 3413 2647 3481 λέγων·
2688 3432 2707 3464 ι
2761 3412 3053 3485 Ἰστοροῦσι
3084 3412 3193 3483 (51)
3223 3412 3331 3484 γάρ
3361 3412 3655 3481 Αἰγύπτιοι
3676 3412 3766 3464 τὸν

2173 3505 2271 3565 μὲν
2311 3504 2517 3577 Ἑρμῆν
2546 3504 2624 3575 τῷ
2660 3503 2872 3576 σώματι
2900 3505 3156 3573 γενέσθαι
3189 3505 3564 3573 γαλιάγκωνα,
3592 3505 3690 3558 τὸν
3713 3504 3768 3557 δὲ

2171 3596 2407 3665 Τυφῶνα
2441 3600 2506 3669 τῇ
2549 3599 2708 3669 χροιᾷ
2751 3599 2981 3668 πυρρὸν,
3014 3597 3205 3651 λευκόν
3240 3614 3297 3649 τε
3324 3597 3413 3650 τὸν
3440 3598 3642 3667 Ἄρην,
3673 3596 3770 3649 καὶ

2175 3691 2515 3763 μελάγχρουν
2538 3693 2629 3745 τὸν
2664 3694 2898 3763 Ὄσιριν,
2932 3692 3007 3754 ὡς
3048 3694 3115 3763 τῇ
3148 3691 3307 3760 φύσει
3339 3690 3641 3759 γεγονότας
3672 3690 3771 3743 ἀν-

2172 3782 2440 3854 θρώπους.
2470 3804 2488 3836 ι
2510 3785 2695 3838 Ταῦτα
2712 3785 3120 3856 ὀΠλούταρχος.
3153 3784 3382 3858 Νεκρῶν
3412 3786 3523 3856 ἄρα
3546 3786 3580 3854 ἡ
3614 3786 3769 3837 πᾶσα

2169 3876 2347 3930 αὐτῶν
2385 3876 2627 3929 θεοποιία
2670 3878 2977 3950 καθέστηκε
3003 3894 3017 3907 ⁸
3062 3878 3368 3932 πέπλασται
3396 3878 3441 3931 δ’
3470 3878 3663 3941 αὐτοῖς
3702 3878 3769 3932 τὰ

2169 3970 2269 4039 τῆς
2297 3970 2661 4039 φυσιολογίας.
2694 3970 2758 4022 Τί
2784 3969 2892 4043 γὰρ
2919 3972 3087 4042 ἐχρῆν
3125 3970 3331 4042 ἀνδρῶν
3367 3972 3460 4024 καὶ
3486 3972 3771 4041 γυναικῶν

2172 4065 2424 4136 σχήματα
2454 4063 2843 4128 ζωοπλαστεῖν,
2878 4065 3052 4137 παρὸν
3081 4066 3175 4118 καὶ
3199 4065 3320 4136 δίχα
3339 4065 3543 4119 τούτων
3568 4065 3770 4119 ’Ἥλιον

2172 4156 2348 4207 σέϐειν
2379 4155 2472 4208 καὶ
2502 4155 2758 4227 Σελήνην,
2795 4156 2887 4210 καὶ
2931 4156 2998 4210 τά
3045 4156 3206 4211 λοιπά
3242 4156 3335 4209 τοῦ
3370 4156 3577 4227 κόσμου
3613 4174 3769 4210 στοι-

2170 4250 2322 4319 χεῖας
2348 4248 2602 4320 Ποτέροις
2624 4249 2682 4302 δὲ
2703 4249 2929 4314 τούτων,
2953 4250 3048 4302 καὶ
3072 4251 3136 4302 ἐκ
3162 4250 3321 4303 τίνων
3343 4248 3646 4319 ἀρξάμενοι
3667 4249 3770 4313 τὰς

2167 4340 2383 4395 τοιάσδε
2428 4341 2799 4415 προσηγορίας
2845 4342 3226 4414 ὲπεφήμισαν;
3280 4335 3425 4405 οἷον,
3476 4341 3627 4408 λέγω
3674 4344 3769 4396 τὸν

2094 4451 2139 4506 ι)
2172 4434 2472 4503 ’Ἥφαιστον
2497 4434 2591 4488 καὶ
2615 4434 2712 4506 τὴν
2741 4433 2991 4505 Ἀθηνᾶν,
3009 4434 3108 4488 Δία
3134 4451 3194 4486 τε
3219 4433 3313 4486 καὶ⁸
3332 4432 3647 4486 Ποσειδῶνα
3672 4434 3772 4488 καὶ

2170 4527 2369 4598 Ἥραν.
2397 4522 2543 4599 Ἀρα
2575 4526 2684 4599 γὰρ
2714 4526 2889 4581 ταῦτα
2912 4525 3022 4580 τῶν
3054 4523 3283 4579 καθόλου
3312 4525 3593 4596 στοιχείων
3628 4527 3773 4600 πρό-

2165 4637 2321 4690 τερον
2348 4620 2476 4673 ὄντα
2496 4621 2753 4691 ὀνόματα,
2779 4620 3030 4693 δεύτερον
3062 4619 3204 4673 αύτά
3222 4623 3334 4684 τοῖς
3367 4619 3583 4690 θνητοῖς
3616 4623 3778 4692 ὀμω-

2166 4711 2351 4782 νύμως
2367 4715 2482 4776 τοῖς
2511 4712 2782 4785 οὐρανίοις
2814 4712 3217 4766 ὲπιτεθείκασιν
3236 4728 3249 4741 °
3281 4710 3314 4782 ἦ
3350 4710 3665 4782 τοῦμπαλιν
3706 4716 3774 4768 ἐκ

2167 4929 2393 4982 brachio
2420 4936 2655 4989 tantum,
2689 4930 2773 4981 vel
2819 4928 2983 4981 ctiam
3015 4935 3129 4980 toto
3164 4940 3396 4991 corpore
3444 4927 3770 4982 breviorem

2167 5000 2457 5067 signiﬁcat.
2488 4999 2591 5065 Qui
2628 5012 2804 5052 tamen
2832 4999 2973 5051 hanc
2996 5014 3181 5051 vocem
3210 4997 3321 5051 ἀπὸ
3346 5000 3442 5068 τῆς
3462 4998 3646 5067 γάλης
3676 5015 3773 5051 ar-

2168 5079 2411 5131 Cessunt,
2445 5070 2512 5123 iis
2547 5072 2719 5138 magis
2746 5070 2808 5122 τὸ
2839 5087 2877 5138 η
2912 5069 3142 5139 placeat,
3175 5085 3339 5138 quam
3380 5087 3418 5122 ι.
3453 5069 3574 5122 Non
3606 5069 3772 5123 absi-

2169 5141 2345 5210 rniles,
2381 5141 2472 5210 qui
2506 5139 2713 5196 Latinis
2741 5141 2872 5193 olim
2904 5140 3039 5194 Anci
3088 5140 3430 5193 dicebantur.
3469 5140 3562 5193 Sic
3605 5142 3771 5193 enim

2169 5209 2362 5264 Festus
2389 5209 2413 5271 :7
2441 5229 2460 5261 ι
2491 5210 2689 5269 Ancus.
2723 5212 2816 5280 qui
2841 5210 3116 5265 aduncum
3150 5210 3433 5263 brachium
3470 5210 3662 5275 habet,
3715 5223 3776 5264 ut

2166 5281 2440 5350 exporrigi
2470 5295 2578 5333 non
2620 5285 2810 5349 possit.
2847 5301 2864 5332 ›
2903 5284 2967 5334 lit
3002 5280 3287 5336 Glossario
3318 5281 3514 5342 veteri,
3546 5282 3773 5343 Ancus,

2166 5367 2394 5423 inattcus
2425 5362 2529 5415 est,
2555 5351 2805 5423 κυλλὸς,
2825 5351 3030 5423 λορδός.
3065 5350 3228 5423 Recte
3261 5350 3469 5423 κυλλός.
3493 5351 3775 5423 Ιξίρηίιη,

2167 5422 2339 5490 χωλός
2369 5432 2422 5474 et
2453 5422 2740 5491 καμπύλος
2777 5420 3044 5491 llesychio
3070 5422 3307 5486 dicitur;
3340 5433 3393 5473 at
3418 5420 3607 5492 λορδός
3643 5439 3778 5475 cea-

2168 5507 2339 5545 nnum
2369 5493 2550 5561 potius
2587 5494 2878 5562 significat,
2906 5492 3178 5561 ejusmodi
3215 5493 3327 5545 fere
3359 5508 3516 5559 quem
3549 5492 3777 5547 Gailzce

2168 5578 2426 5617 vocamus
2470 5563 2755 5617 lourduud.
2786 5563 2961 5619 Varro
3007 5571 3190 5618 tamen
3234 5566 3434 5616 Ancum
3485 5562 3768 5618 Sabinam

2166 5648 2288 5689 esse
2317 5649 2502 5689 Vecem
2534 5635 2760 5705 putavit.
