3858 6224
430 305 527 360 ΠΙ

1085 300 1357 356 EUSEBII
1396 294 1878 354 CESARIENSIS
1912 292 2065 350 OPP.
2108 290 2289 345 PARS
2327 290 2388 345 ll.
2429 323 2495 332 —
2533 290 3037 348 APOLOGETICA.

3579 297 3675 350 172

427 398 747 468 sphaerium,
774 396 860 451 vel
885 397 939 451 in
963 394 1147 451 Nilum
1177 396 1360 465 ipsum
1386 393 1635 457 ﬂuvium,
1661 399 1860 446 cuncta
1900 389 1996 445 de-

2108 385 2441 456 εἰμαρμένην
2471 383 2713 453 λέγουσι,
2740 385 2918 438 πάντα
2943 384 3373 455 καταδήσαντες,
3397 387 3490 439 xui.
3518 391 3686 440 πάντα

429 493 593 561 nique
616 492 672 546 in
702 506 789 546 res
822 491 1134 553 naturales,
1173 487 1311 542 nihil
1351 487 1407 541 in
1438 500 1702 555 corporea
1735 483 1878 538 mole
1909 497 2002 537 ca-

429 593 613 639 rentes
638 582 995 652 viventesque
1023 579 1530 647 naturas,ipsarum
1550 575 2003 645 interpretatione

403 676 686 746 _conl'erri.
714 675 891 743 Atque
941 674 1174 728 istorum
1217 672 1383 725 etiam
1421 670 1702 740 plerique,
1757 668 1905 736 quod
1946 667 2002 720 in

428 773 620 821 nostra
643 766 924 821 voluntate
958 773 1042 819 est
1072 779 1136 818 ac
1164 771 1433 833 potestate
1459 761 1732 839 situm,ex
1758 759 2002 814 siderum

430 872 581 914 motu
606 872 931 933 suspensum
959 871 1081 911 esse
1097 855 1410 915 voluerunt,
1431 860 1628 907 cuncta
1653 852 2000 917 necessitate,

432 950 578 1019 quod
615 949 719 1019 ipsi
753 948 923 1002 l‘atum
962 946 1257 1015 appellant,
1288 945 1372 998 sic
1414 956 1671 1011 tauquam
1704 942 2004 1011 inexplica-

435 1040 635 1094 hilibns
663 1038 989 1107 quihusdam
1023 1036 1279 1103 vinculis,
1304 1038 1490 1091 nescio
1523 1051 1635 1105 quo
1672 1044 1852 1105 pacto,
1879 1049 2007 1089 con-

422 1128 1096 1201 stringenles,eademque
1140 1141 1337 1181 rursus
1386 1127 1453 1180 ad
1508 1126 1736 1180 deorum
1770 1126 2003 1181 istorum

433 1218 541 1271 vim
569 1233 633 1271 ac
659 1233 862 1272 numen
894 1218 1199 1286 alligantes.
1239 1217 1428 1286 Itaque
1459 1232 1569 1271 non
1593 1217 1732 1271 alios
1774 1217 1891 1271 sive
1947 1217 2005 1271 in

427 1308 669 1377 templis,
702 1308 816 1363 sive
837 1309 891 1361 in
914 1307 1249 1374 simulacris,
1293 1308 1406 1362 sive
1439 1308 1494 1361 in
1541 1308 1664 1362 aliis
1694 1307 1989 1377 ejusmodi,

431 1411 599 1466 quam
650 1397 745 1466 qui
788 1395 882 1450 fati
917 1396 1062 1464 leges
1097 1396 1334 1460 solvunt,
1372 1405 1720 1451 venerantur.
1756 1415 1781 1449 θ
1825 1397 2003 1467 Atque

430 1490 549 1544 haec
583 1506 615 1543 a
650 1489 809 1545 nobis
842 1505 909 1543 ex
944 1490 1158 1544 laudata
1190 1488 1481 1560 Porphyrii
1525 1490 1756 1559 epistola
1798 1491 2003 1559 produ-

426 1589 516 1635 cta
537 1590 722 1648 sunto,
743 1596 864 1650 quae
897 1580 1140 1649 profecto
1166 1581 1454 1635 manifeste
1488 1580 1786 1647 declarant,
1830 1597 1898 1635 ne
1917 1596 2008 1636 ar-

430 1686 625 1728 canam
649 1672 869 1738 quidem
900 1671 1072 1740 ipsam
1100 1670 1478 1742 lEgyptiorum
1503 1672 1832 1743 theologiam
1867 1687 2006 1742 prae-

2102 476 2314 539 τούτοις
2348 474 2654 542 ἀνάψαντες
2694 477 2806 536 τοῖς
2842 472 3003 537 θεοῖς.
3046 474 3200 528 Οὕτω
3231 474 3467 545 λυτῆρας
3503 477 3599 546 τῆς
3619 479 3690 529 εἰ-

2107 566 2396 636 μαρμένης
2422 568 2617 636 μόνους
2665 563 2723 618 ἕν
2767 582 2828 616 τε
2873 566 3036 635 ἱεροῖς
3066 566 3163 618 xui.
3205 564 3434 631 ξοάνοις,
3465 568 3558 620 xui.
3588 570 3690 631 τοῖς

2103 657 2283 719 ἄλλοις
2309 656 2693 729 θεραπεύουσι.
2733 675 2753 707 ι
2793 655 2977 709 Ταῦτα
3006 656 3103 726 μὲν
3152 652 3245 710 οὖν
3299 658 3408 710 ἀπὸ
3455 658 3555 726 τῆς
3599 658 3688 730 δη-

2103 745 2367 817 λωθείσης
2416 746 2703 817 ἐπιστολῆς
2755 745 2993 808 κείσθω,
3052 747 3241 816 σαφῶς
3283 747 3688 818 διαγορεύοντα,

2102 837 2186 891 ὄτι
2231 838 2328 891 καὶ
2375 839 2409 909 ή
2458 838 2565 891 τῶν
2612 838 2926 907 Αἰγυπτίων
2976 838 3289 910 ἀπόρρητος
3344 838 3457 911 (55)
3518 839 3689 894 θεολο-

2103 930 2200 998 γία
2226 969 2241 994 ,
2289 929 2410 983 οὐδὲ
2458 930 2652 993 ἄλλους
2707 930 2848 1001 πλὴν
2903 930 3012 984 τῶν
3070 932 3193 983 κατ’
3244 930 3473 1003 οὐρανὸν
3534 934 3690 987 ἀστέ-

2104 1038 2238 1092 ρων,
2283 1021 2393 1076 τῶν
2436 1038 2495 1075 τε
2533 1021 2788 1076 ἀπλανῶν
2834 1021 3203 1093 καλουμένων,
3240 1023 3336 1076 καὶ
3367 1022 3476 1076 τῶν
3504 1024 3693 1094 ὀνομα-

2105 1112 2348 1183 ζομένων
2398 1112 2686 1182 πλανητῶν
2733 1111 3001 1182 ὲθεολόγει
3027 1155 3040 1180 ,
3087 1113 3421 1185 δημιουργόν
3478 1132 3538 1168 τε
3589 1116 3691 1169 τῶν

2105 1204 2241 1257 ὅλων
2271 1203 2515 1274 εἰσῆγεν,
2550 1204 2835 1258 οὑτιναοῦν
2869 1203 3192 1276 ἀσώματον,
3236 1207 3359 1259 οὐδὲ
3398 1206 3555 1275 λόγον
3597 1208 3691 1277 δη-

2110 1296 2457 1370 μιουργικὸν,
2493 1296 2612 1350 οὐδὲ
2662 1295 2768 1367 μὴν
2813 1296 2955 1363 θεὸν,
2991 1297 3113 1351 οὐδὲ
3159 1297 3345 1362 θεοὺς,
3393 1300 3514 1353 οὐδέ
3545 1318 3693 1363 τινας

2107 1388 2302 1460 νοεράς
2325 1388 2418 1442 καὶ
2452 1389 2678 1456 ἀφανεῖς
2698 1387 2984 1459 δυνάμεις·
3020 1388 3179 1459 μόνον
3209 1389 3267 1442 δὲ
3298 1389 3390 1442 τὸν
3418 1389 3693 1462 ὁρώμενον

2106 1480 2284 1550 ἥλιον·
2311 1478 2393 1533 διὸ
2425 1479 2519 1533 xui.
2554 1478 2735 1549 μόνοις
2755 1482 2871 1543 τοῖς
2901 1480 3119 1551 ἄστροις
3147 1480 3247 1551 τὴν
3275 1479 3385 1534 τῶν
3414 1481 3549 1535 ὅλων
3570 1484 3693 1536 ἀνε-

2106 1571 2325 1625 τίθεσαν
2372 1570 2590 1634 αἰτίαν,
2624 1568 2693 1623 τά
2727 1570 2904 1624 πάντα
2951 1570 3291 1641 εἱμαρμένης
3332 1569 3692 1638 ἐξάπτοντες,

2108 1664 2203 1716 xui.
2234 1662 2336 1734 τῆς
2366 1662 2475 1716 τῶν
2507 1661 2723 1731 ἄστρων
2754 1660 3021 1734 κινήσεώς
3047 1679 3105 1715 τε
3138 1663 3231 1716 καὶ
3258 1664 3430 1734 φορᾶς
3452 1679 3466 1693 ·
3505 1661 3693 1734 ὥσπερ

426 1770 513 1816 ter
541 1760 664 1815 caeli
706 1760 913 1826 stellas,
944 1769 1059 1815 tum
1096 1776 1218 1831 quae
1259 1771 1574 1818 constantes
1605 1778 1672 1818 ac
1708 1763 1849 1829 lixa),
1887 1774 2002 1817 tum

2108 1751 2297 1824 ἀμέλει
2324 1751 2492 1804 εἰσέτι
2519 1749 2616 1804 καὶ
2644 1749 2739 1804 νῦν
2768 1750 2860 1821 ἥδε
2897 1754 3029 1824 παρ’
3063 1752 3246 1815 αὐτοῖς
3277 1753 3625 1825 κεκράτηκεν
3656 1756 3689 1825 ἡ

429 1868 553 1922 qua:
575 1861 825 1908 errantes
841 1854 1002 1925 vulgo
1034 1854 1408 1919 nominantur,
1445 1856 1582 1911 alios
1610 1856 1753 1910 ullos
1776 1856 2004 1911 deorum

426 1942 536 2013 93
570 1943 622 1997 in
653 1958 882 1999 numero
918 1944 1236 2010 collocasse,
1264 1944 1372 1999 imo
1408 1959 1506 2001 nec
1533 1946 1780 2015 corporis
1811 1962 2006 2016 exper-

428 2045 536 2088 tem
588 2034 825 2103 aliquem
876 2033 1041 2103 hujus
1092 2035 1461 2091 universitatis
1506 2036 1861 2091 architectum
1896 2046 2008 2092 sta-

428 2123 619 2186 tuisse,
648 2139 749 2178 nec
782 2124 981 2178 rationi
1034 2124 1313 2189 ell‘ectrici,
1362 2140 1465 2181 nec
1490 2125 1593 2181 deo
1628 2125 1802 2182 diisve
1848 2128 2004 2196 ullis,

428 2214 964 2285 autintelligentibus
990 2216 1315 2285 quibusdam
1350 2232 1415 2272 ac
1440 2217 1543 2273 sub
1567 2218 1755 2274 oculos
1783 2220 2008 2275 minime

426 2305 749 2361 cadentibus
771 2306 1003 2373 naturis,
1034 2307 1129 2362 sed
1151 2308 1244 2361 uni
1274 2308 1536 2365 duntaxat
1559 2311 1876 2380 aspectabili
1903 2311 2005 2367 soli

425 2393 551 2464 ejus
584 2395 922 2451 molitionem
944 2397 1221 2454 tribuisse.
1249 2397 1435 2469 Itaque
1463 2401 1597 2455 solis
1631 2402 1794 2457 astris
1825 2419 2006 2458 rerum

427 2492 809 2545 universarum
843 2505 1065 2547 causam
1098 2493 1450 2564 assignarunt
1475 2536 1490 2561 ,
1536 2512 1602 2550 ex
1631 2495 1725 2550 fati
1776 2497 2012 2553 necessi-

425 2592 558 2648 tate,
587 2582 939 2653 siderumque
970 2592 1117 2638 motu
1148 2591 1201 2637 ct
1233 2584 1526 2653 agitatione
1556 2594 1752 2640 cuncta
1787 2600 2009 2654 snspen-

425 2673 649 2740 dentes;
676 2688 798 2743 quae
826 2672 1047 2743 quidem
1069 2673 1253 2742 Opinio
1284 2675 1428 2744 apud
1457 2674 1578 2730 illos
1606 2676 1874 2744 hodieque
1898 2675 2007 2729 vim

425 2763 620 2819 retinet
645 2778 821 2818 suam.
849 2760 1005 2818 Nunc
1037 2778 1187 2833 ergo,
1219 2779 1342 2819 cum
1376 2774 1431 2820 et
1462 2774 1575 2820 tota
1630 2764 2008 2838 Egyptiorum

425 2854 799 2925 interpretatio
833 2869 944 2909 non
976 2854 1088 2925 jam
1127 2856 1180 2908 in
1219 2871 1445 2925 corpore
1489 2856 1692 2911 liberas
1737 2857 2009 2912 viventes-

427 2962 533 3017 que
555 2953 802 3011 naturas,
837 2946 933 3002 sed
984 2946 1041 3001 in
1087 2962 1149 3001 ea
1195 2955 1438 3015 tantum,
1475 2963 1598 3016 quae
1624 2948 1871 3019 quotidie
1897 2965 2010 3005 cer-

2104 1844 2250 1910 δόξα.
2296 1845 2361 1898 Εἰ
2406 1844 2587 1897 τοίνυν
2629 1843 2709 1907 εἰς
2745 1844 2905 1916 μόνον
2937 1844 3006 1898 τά
3057 1843 3311 1916 ὁρώμενα
3343 1844 3436 1898 τοῦ
3491 1846 3693 1917 κόσμου

2108 1937 2368 2005 στοιχεῖα,
2400 1936 2496 1988 xui.
2525 1933 2675 1988 οὐδὲν
2705 1935 2786 2000 εἰς
2820 1934 3145 2006 ἀσωμάτους
3181 1936 3274 1989 καὶ
3301 1934 3480 1999 ζώσας
3509 1936 3695 2000 οὐσίας

2105 2032 2443 2104 ἡρμήνευται
2488 2034 2603 2096 τοῖς
2662 2031 3012 2102 Αἰγυπτίοις·
3067 2030 3136 2084 τά
3193 2030 3250 2084 δὲ
3306 2034 3542 2101 στοιχεῖα
3600 2030 3695 2084 xui.

2105 2124 2283 2179 πάντα
2324 2122 2395 2177 τὰ
2427 2124 2601 2196 ὀρατά
2645 2123 2893 2195 σώματα,
2936 2122 3015 2194 τῷ
3044 2123 3164 2195 ἰδίῳ
3196 2123 3341 2194 λόγῳ
3376 2122 3561 2193 ἄψυχα
3601 2121 3694 2176 καὶ

2106 2215 2296 2284 ἄλογα,
2322 2216 2525 2287 ρευστά
2558 2232 2619 2269 τε
2655 2215 2754 2287 τὴν
2784 2215 2946 2285 φύσιν
2973 2216 3066 2268 xui.
3103 2215 3318 2287 φθαρτά
3348 2215 3690 2286 καθέστηκε·

2108 2307 2206 2362 θέα
2235 2309 2315 2371 εἰς
2345 2302 2434 2361 οἷα
2464 2306 2627 2361 πάλιν
2669 2307 2849 2361 αὐτῶν
2889 2307 3323 2361 καταπέπτωκεν
3364 2308 3397 2378 ἡ
3423 2306 3691 2376 θεολογία,

2104 2398 2203 2471 τὴν
2228 2398 2434 2469 ἄψυχον
2467 2398 2675 2464 οὐσίαν,
2700 2399 2798 2453 καὶ
2829 2398 2897 2452 τά
2934 2399 3104 2471 νεκρά
3128 2401 3222 2453 καὶ
3252 2398 3435 2469 ἄψυχα
3468 2397 3695 2469 σώματα

2109 2489 2424 2557 θειάζουσα,
2463 2492 2700 2562 μάλιστα
2731 2492 2820 2544 ὅτε
2866 2493 2947 2553 εἰς
2992 2492 3316 2561 ἀσωμάτους
3364 2490 3459 2543 καὶ
3501 2490 3694 2562 νοερᾶς

2107 2585 2293 2649 οὐσίας
2325 2585 2477 2639 οὐδὲν
2521 2585 2705 2649 αὐτοῖς
2752 2585 3084 2657 ἀνεφέρετο,
3130 2584 3252 2637 οὐδὲ
3301 2584 3394 2637 ἐπὶ
3432 2582 3556 2637 νοῦν
3602 2583 3696 2637 xui.

2107 2674 2265 2743 λόγον
2296 2673 2842 2746 δημιουργικὸν⁰τῶν
2880 2674 3035 2728 ὅλων.
3088 2674 3239 2726 Ἐπεὶ
3279 2672 3335 2726 δὲ
3375 2672 3695 2744 προωμολο-

2108 2767 2250 2839 γήθη
2285 2767 2372 2821 διὰ
2408 2766 2518 2821 τῶν
2551 2766 2788 2839 πρόσθεν
2814 2768 2895 2830 εἰς
2929 2766 3194 2836 Ἕλληνας
3221 2766 3351 2836 παρ’
3380 2765 3695 2833 Αἰγυπτίων

2106 2859 2176 2913 τὰ
2205 2859 2306 2929 τῆς
2338 2858 2616 2927 θεολογίας
2652 2857 3133 2929 μετακεκομίσθαι,
3169 2857 3288 2927 ὥρα
3314 2856 3522 2919 τούτοις
3551 2873 3695 2909 στοι-

2109 2954 2222 3020 χεῖν
2252 2951 2348 3003 xui.
2376 2951 2663 3021 Ἕλληνας,
2699 2950 2793 3003 xui.
2820 2949 2889 3002 τὰ
2924 2949 3062 3003 αύτά
3091 2949 3408 3017 Αἰγυπτίοις
3447 2947 3696 3017 φυσιολο-

427 3048 653 3105 nuntur,
682 3038 869 3093 mundi
917 3037 1081 3108 hujus
1122 3039 1386 3094 elementa
1428 3039 1775 3105 conferatur,
1821 3050 1874 3097 et
1902 3041 2005 3096 ele-

2111 3042 2247 3109 γεῖν,
2270 3040 2668 3111 ἀπελέγχεσθαί
2692 3058 2751 3093 τε
2775 3040 2971 3103 αὐτοὺς
2996 3040 3146 3093 οὐδὲν
3174 3040 3333 3094 πλέον
3360 3040 3457 3111 τῆς
3483 3039 3695 3111 ἀψύχου

429 3136 613 3184 menta
643 3130 745 3185 ista
770 3130 889 3185 sine
916 3130 1126 3195 animo,
1170 3130 1286 3185 sine
1320 3132 1529 3186 ratione
1552 3173 1567 3199 ,
1596 3147 1661 3187 ac
1694 3131 1854 3188 ﬂuxae
1885 3149 2005 3203 per-

2112 3102 2247 3202 ύλης
2293 3102 2689 3198 θεοποίόύντας.
2721 3134 2905 3187 Ταῦτα
2939 3135 3046 3204 γὰρ
3076 3129 3145 3204 ἧν
3192 3132 3262 3185 τά
3315 3102 3489 3202 σεμπνά
3527 3102 3697 3198 λξὲυ.

426 3224 717 3293 euntisque
750 3232 979 3290 naturai,
1007 3223 1269 3294 peculiari
1299 3224 1535 3294 quadam
1586 3234 1844 3296 certaque
1888 3226 2004 3282 fue-

427 3314 539 3369 rint
567 3314 778 3370 ratione
795 3324 1088 3385 procreata
1116 3332 1129 3369 :
1166 3315 1285 3369 vide
1316 3330 1499 3385 porro,
1523 3331 1760 3386 quonam
1790 3317 2009 3386 delapsa

428 3405 503 3459 sit
528 3405 811 3460 hominum
848 3406 1078 3461 istorum
1109 3406 1401 3478 theologia,
1426 3422 1549 3477 quae
1577 3416 1828 3462 naturam
1856 3424 2009 3463 men-

428 3497 501 3552 tis
523 3505 822 3566 expertem,
854 3506 1180 3568 mortuaque
1231 3506 1287 3553 et
1338 3498 1407 3553 ab
1440 3498 1592 3553 omni
1620 3514 1787 3555 sensu
1836 3515 2007 3555 vacua

427 3602 656 3658 corpora
708 3587 992 3643 numinum
1048 3588 1222 3643 instar
1270 3589 1648 3653 consecrarit,
1703 3591 2004 3660 praesertim

426 3694 551 3733 cum
588 3679 723 3733 nihil
756 3694 983 3750 prorsus
1026 3680 1100 3735 ab
1134 3679 1327 3735 iisdem
1363 3680 1447 3735 vel
1480 3681 1548 3736 ad
1584 3680 1895 3751 spirituales
1924 3683 2008 3736 in-

426 3770 839 3841 telligentesque
879 3779 1126 3837 naturas,
1157 3770 1243 3826 vel
1281 3771 1349 3826 ad
1379 3780 1613 3826 mentem
1644 3773 1817 3841 ipsam
1844 3784 2007 3843 atque

424 3862 690 3918 rationem
726 3876 908 3918 rerum
938 3863 1362 3931 procreatricem
1411 3863 1655 3917 omnium
1688 3863 2001 3919 referretur.

426 3950 562 4005 Cum
613 3959 792 4006 autem
847 3966 915 4006 ex
964 3951 1030 4007 iis
1074 3967 1197 4022 quae
1230 3961 1355 4007 ante
1389 3967 1422 4006 a
1455 3952 1614 4007 nobis
1642 3952 1806 4007 allata
1840 3962 2003 4015 sunt,

428 4051 687 4111 tanquam
717 4050 923 4097 certum
950 4050 1003 4096 et
1028 4041 1339 4098 confessum
1387 4042 1709 4107 habeamus,
1727 4044 1811 4098 .ab
1839 4040 2007 4113 Egy-

426 4133 557 4203 ptiis
582 4133 649 4187 ad
680 4132 897 4188 Graecos
930 4134 1179 4189 traducta
1210 4132 1381 4189 fuisse
1403 4135 1694 4204 theologia:
1723 4135 2003 4205 mysteria,

428 4236 643 4293 tempus
668 4225 854 4294 utique
883 4234 989 4291 est,
1037 4234 1094 4280 ut
1140 4240 1331 4281 eorum
1381 4226 1448 4281 ad
1507 4228 1736 4282 classem
1790 4225 2006 4282 Graecos

428 4317 590 4370 etiam
623 4316 771 4386 ipsos
796 4332 1148 4388 aggregemus
1170 4358 1185 4379 ,
1222 4317 1451 4387 illosque
1489 4333 1589 4373 nec
1618 4317 1891 4373 diversam
1937 4319 2006 4373 ab

2110 3222 2281 3276 πτῐων
2313 3223 2455 3277 κατά
2482 3223 2580 3295 τὴν
2614 3223 2705 3277 τοῦ
2746 3225 3117 3296 δεδηλωμένου
3159 3222 3517 3295 συγγραφέως
3559 3240 3701 3294 γρα-

2112 3316 2247 3386 φήν·
2273 3316 2420 3379 ὅστις
2471 3315 2632 3370 πάλιν
2679 3317 2738 3370 ὲν
2783 3312 2865 3380 οἷς
2912 3316 3192 3387 ἐπέγραψε
3225 3314 3366 3382 Περὶ
3420 3314 3533 3383 τῆς
3577 3312 3699 3367 τῶν

2107 3405 2396 3475 ἐμψύχων
2423 3405 2683 3476 ἀποχῆς,
2721 3406 2943 3459 τοιαῦτα
2983 3405 3112 3477 περί
3143 3404 3249 3458 τῶν
3286 3404 3463 3458 αὐτῶν
3499 3404 3697 3471 διέξει-

2112 3512 2217 3549 σιν·
2251 3516 2270 3548 (
2308 3497 2441 3550 Ἀπὸ
2468 3497 2525 3550 δὲ
2550 3497 2754 3567 ταύτης
2789 3497 3099 3569 ὁρμώμενοι
3125 3497 3226 3567 τῆς
3259 3498 3566 3576 ἀσκήσεως,
3600 3495 3698 3549 καὶ

2107 3588 2207 3658 τῆς
2238 3588 2374 3660 πρὸς
2393 3588 2453 3641 τὸ
2473 3588 2625 3642 Θεῖον
2660 3588 3005 3652 οἰκειώσεως,
3036 3588 3278 3657 ἔγνωσαν
3308 3587 3383 3651 ώς
3413 3588 3472 3640 οὺ
3502 3587 3572 3640 δι’
3602 3587 3671 3640 ἀν

2109 3680 2330 3751 θρώπου
2366 3681 2525 3753 μόνου
2558 3682 2617 3736 τὸ
2657 3682 2809 3735 Θεῖον
2841 3680 3051 3752 διῆλθεν
3071 3697 3083 3710 ·
3108 3678 3233 3733 οὔτε
3262 3678 3407 3750 ψυχὴ
3452 3680 3512 3731 ὲν
3545 3678 3697 3748 μόνῳ

2113 3771 2386 3844 ἀνθρώπῳ
2439 3775 2533 3827 ἐπὶ
2591 3772 2696 3843 γῆς
2745 3774 3194 3843 κατεσκήνωσεν,
3248 3770 3383 3823 ἀλλά
3426 3769 3611 3840 σχεδὸν
3658 3771 3693 3841 ἠ

2108 3861 2245 3932 αὐτὴ
2275 3862 2361 3915 διὰ
2403 3862 2620 3917 πάντων
2653 3858 2783 3932 ἦλθε
2831 3861 2940 3914 τῶν
2984 3859 3161 3925 ζώων.
3192 3859 3282 3912 Διὸ
3329 3861 3409 3923 εἰς
3440 3857 3538 3930 τὴν
3574 3858 3697 3911 θεοσ-

2109 3953 2289 4005 ποιῒαν
2322 3951 2626 4024 παρέλαϐον
2662 3953 2768 4005 πᾶν
2807 3949 2963 4016 ζώον,
2992 3951 3084 4003 xui
3128 3950 3331 4018 ὁμοίως
3364 3966 3466 4002 που
3499 3948 3697 4018 ἀνέμι-

2108 4041 2205 4108 ξαν
2238 4041 2400 4115 θηρία
2429 4042 2523 4095 καὶ
2552 4040 2888 4112 ἀνθρώπους,
2920 4042 3011 4094 καὶ
3043 4041 3204 4094 πάλιν
3223 4039 3424 4111 ὀρνέων
3458 4039 3696 4109 σώματα

2110 4134 2201 4186 καὶ
2230 4131 2550 4204 ἀνθρώπων.
2584 4133 2846 4185 Είκασται
2884 4133 2992 4203 γάρ
3026 4150 3107 4196 τις
3141 4133 3268 4204 παρ’
3306 4133 3488 4194 αὐτοῖς
3525 4131 3693 4202 μέχρι

2106 4225 2376 4296 τραχήλου
2415 4224 2852 4296 ἀνθρωποειδὴς,
2880 4224 2940 4277 τὸ
2980 4223 3037 4276 δὲ
3080 4224 3368 4295 πῴσωπον
3399 4223 3586 4295 ὀρνέου
3607 4262 3624 4287 ,
3656 4221 3692 4294 ἢ

2106 4315 2336 4379 λέοντος,
2367 4316 2400 4387 ἢ
2434 4315 2591 4369 ἄλλου
2623 4315 2768 4378 τινὸς
2800 4313 2939 4379 ζώου
2984 4314 3351 4385 κεκτημένος·
3396 4312 3491 4366 καὶ
3526 4313 3694 4366 πάλιν

429 4406 699 4477 IF-gyptiis
753 4406 1170 4476 philosophandi
1221 4408 1485 4463 rationem
1548 4408 1840 4472 habuisse,
1905 4423 2005 4463 nec

2109 4401 2174 4460 αὖ
2206 4406 2416 4477 κεφαλὴ
2439 4405 2796 4477 ἀνθρώπειος,
2834 4407 2929 4459 xui.
2956 4405 3130 4459 ἄλλων
3155 4405 3315 4457 τινῶν
3342 4403 3495 4470 ζώων
3518 4406 3692 4475 μέρη,

427 4511 622 4567 praeter
646 4496 940 4550 inaniinani
956 4497 1246 4565 quamdam
1276 4499 1557 4553 materiam
1576 4499 1669 4552 ulli
1685 4499 1910 4554 omnino
1932 4500 2010 4554 rei

427 4586 768 4642 divinitatem
794 4586 1008 4642 dedisse
1029 4589 1440 4643 convincamus.
1477 4590 1586 4643 lsta
1606 4589 1806 4659 quippe
1837 4605 2009 4659 augu-

429 4686 513 4732 sta
550 4673 927 4747 Egyptiorum
959 4686 1112 4731 erant
1147 4677 1393 4742 numina,
1440 4678 1894 4747 quemadmodum
1923 4679 2011 4734 ille

430 4771 567 4839 ipse,
602 4782 764 4838 quem
802 4768 964 4837 paulo
1021 4777 1146 4823 ante
1197 4770 1380 4832 citavi,
1440 4769 1771 4840 Porphyrius
1822 4781 2009 4824 auctor

432 4869 517 4914 cst
538 4858 671 4931 (56),
689 4858 817 4913 dum
836 4858 889 4912 in
915 4859 1002 4925 iis,
1019 4875 1157 4928 quos
1177 4858 1250 4913 De
1266 4861 1512 4930 fugiendo
1537 4878 1711 4914 rerum
1735 4862 2009 4916 animata-

435 4966 554 5005 rum
571 4967 660 5005 esu
676 4950 1020 5019 conscripsit,
1044 4951 1108 5005 de.
1127 4951 1318 5005 iisdem
1344 4952 1485 5005 hunc
1513 4953 1565 5005 in
1588 4953 1807 5007 modum
1829 4952 2006 5021 loqui-

434 5052 526 5097 tur
565 5059 579 5095 :
624 5059 643 5093 ι
680 5041 762 5095 llli
794 5050 976 5096 autem
1009 5041 1079 5095 ab
1105 5040 1208 5096 hoc
1231 5040 1635 5097 exercitationis
1679 5057 1913 5113 genere,
1955 5050 2011 5097 et

431 5132 566 5190 inita
605 5150 731 5191 cum
773 5134 959 5189 divino
999 5134 1222 5193 numine
1271 5130 1639 5187 familiaritate
1691 5133 2004 5204 progressi,

505 5294 618 5365 (55)
670 5295 1039 5365 Ἆπόρῤητος.
1081 5291 1160 5345 lta
1208 5306 1339 5346 mss.
1387 5290 1570 5355 ambo,
1615 5304 1724 5345 non
1778 5290 2006 5363 ἐπίρρη-

432 5364 546 5428 τος,
578 5375 638 5420 ιιι
668 5372 794 5419 ante
824 5364 1123 5433 legebatur.

505 5436 617 5505 (56)
661 5432 835 5488 Locus
879 5430 975 5505 est
1003 5431 1286 5505 Porphyrii
1329 5430 1425 5485 lib.
1475 5445 1526 5483 IV
1561 5430 1739 5497 :Ilspl
1790 5430 1999 5505 d301,,

434 5502 648 5560 duobus
675 5505 767 5558 fol.
796 5510 918 5572 post
964 5502 1212 5569 initium;
1255 5506 1456 5572 recent.
1511 5509 1691 5554 autem
1729 5502 2001 5572 editionis

438 5590 559 5644 pag.
591 5574 713 5627 572.
742 5569 929 5642 magna
955 5571 1274 5642 quidemibi
1304 5571 1592 5644 lectionum
1625 5569 1862 5644 varietas
1895 5580 1999 5644 est,

436 5639 609 5713 eaijue
652 5658 793 5713 saepe
825 5639 932 5695 non
963 5639 1336 5713 improbanda,
1365 5642 1562 5712 sapius
1598 5639 1875 5697 mendosa.
1912 5639 1994 5695 ln-

440 5722 750 5785 tCrpretem,
780 5713 826 5768 si
852 5713 1018 5778 lubet,
1052 5713 1300 5768 consule.

2115 4498 2190 4569 πῆ
2224 4497 2323 4568 μὲν
2355 4498 2709 4568 ὑποκείμενα,
2747 4498 2821 4568 πῆ
2844 4496 2899 4549 δὲ
2928 4496 3267 4567 ἐπικείμενα.
3296 4495 3374 4548 Δι’
3401 4489 3474 4550 ὧν
3499 4496 3699 4565 δηλού-

2115 4608 2218 4655 σιν,
2247 4592 2327 4643 ὄτι
2359 4593 2499 4644 κατὰ
2531 4589 2754 4661 γνώμην
2780 4589 2917 4644 θεῶν
2949 4592 3043 4643 καὶ
3076 4589 3249 4642 ταῦτα
3296 4587 3542 4659 ἀλλήλοις
3574 4604 3697 4641 κοι-

2111 4684 2287 4746 νωνεῖ,
2322 4682 2417 4735 xui
2441 4681 2715 4753 σύντροφα
2740 4684 2871 4753 ἡμῖν
2905 4683 2996 4735 xui.
3028 4677 3262 4735 τῶασσά
3303 4682 3416 4733 ἐστι
3445 4679 3555 4733 τῶν
3584 4680 3692 4750 θη-

2114 4771 2245 4843 ρίων
2293 4771 2360 4824 τὰ
2403 4769 2607 4847 ἄγρια,
2644 4772 2743 4824 οὐκ
2786 4772 2913 4826 ἄνευ
2958 4773 3102 4836 τινὸς
3153 4771 3303 4835 θείας
3352 4769 3690 4840 βουλήσεως.

2116 4862 2273 4916 Ὅθεν
2297 4864 2389 4916 xui.
2421 4865 2449 4915 ὁ
2478 4863 2613 4917 λέων
2643 4863 2717 4927 ὼς
2752 4862 2871 4927 θεὸς
2896 4863 3277 4936 θρησκεύεται,
3306 4863 3399 4915 καὶ
3434 4860 3601 4931 μέσος
3634 4878 3695 4912 τι

2109 4954 2207 5025 τῆς
2236 4953 2530 5022 Αἰγύπτου,
2560 4953 2589 5006 ὃ
2613 4954 2834 5008 καλοῦσι
2864 4953 3045 5025 νομὸν,
3072 4953 3355 5024 ἐπώνυμον
3384 4952 3496 5021 ἔχει
3518 4952 3695 5003 Λεον-

2107 5043 2414 5116 τοπολίτην,
2446 5044 2572 5098 ἀλλο
2599 5044 2658 5098 δὲ
2702 5045 3021 5115 Βουσιρίτην
3042 5085 3057 5109 ,
3097 5046 3191 5098 xui.
3230 5044 3356 5098 ἀλλο
3389 5042 3695 5095 Κυνοπολί-

2108 5155 2207 5209 την
2236 5137 2369 5208 (57).
2408 5137 2518 5208 Τὴν
2546 5137 2656 5208 γὰρ
2682 5138 2773 5189 ἐπὶ
2805 5137 2982 5189 πάντα
3024 5136 3252 5205 δύναμιν
3291 5134 3379 5187 διὰ
3412 5133 3520 5188 τῶν
3557 5150 3693 5187 συν-

2180 5289 2292 5360 (57)
2332 5289 2775 5360 eroxodjtnr.
2820 5288 3071 5360 Excusus
3116 5287 3278 5360 alter-
3309 5285 3471 5340 habet
3503 5284 3692 5357 Λυκο-

2108 5355 2350 5429 πολίτην.
2386 5360 2569 5429 Elige.
2607 5359 2849 5426 Utroque
2886 5359 3110 5412 nomine
3142 5355 3691 5429 pyrael‘ecturasghg'y-

2107 5438 2232 5498 ptus
2263 5422 2501 5494 habuitf
2534 5430 2602 5483 de
2646 5422 2846 5498 quibus
2899 5443 2965 5481 ac
3005 5422 3218 5498 caeteris
3247 5426 3473 5498 consule
3498 5422 3694 5498 Ptole-

2105 5495 2323 5564 inicum,
2368 5495 2690 5553 Strabonem
2732 5498 2828 5552 lib.
2861 5514 2968 5552 xvn
2992 5496 3279 5565 ;,Plinium
3317 5496 3412 5550 lib.
3446 5509 3588 5565 v.70.
3624 5495 3690 5549 9.

2104 5568 2227 5623 Non
2260 5570 2430 5630 deest,
2462 5568 2516 5621 in
2545 5581 2655 5638 quo
2678 5568 2757 5622 illi
2778 5564 3115 5638 discrepent.
3139 5567 3404 5623 Busirites
3431 5564 3686 5634 quidem,

2105 5637 2392 5708 Ptolemaeo
2418 5637 2759 5708 Βουσιρίτης,
2793 5647 2853 5692 ut
2904 5636 3027 5703 hic;
3058 5636 3358 5708 iStrajboni,
3388 5645 3442 5690 et
3473 5650 3690 5708 excuso
3786 5662 3791 5673 ·

2105 5707 2426 5780 Porphyrio,
2478 5704 2830 5780 Βουσειρίτης
2884 5722 2981 5778 per
3039 5706 3454 5778 diphthongum.
3514 5704 3691 5759 Nutat
