3858 6224
312 376 321 387 Χ
403 291 508 348 175
1054 290 1323 346 EUSEBII
1357 290 1837 348 CAESARIENSIS
1875 289 2027 349 OPP.
2069 289 2248 351 PARS
2283 289 2348 346 ιι.
2388 321 2459 332 -
2495 291 2999 349 APOLOGETICA.
3541 293 3643 348 1'76

401 410 641 477 homine,
703 410 783 465 sic
834 424 863 464 a
909 410 1134 480 reliquis
1182 412 1403 479 insuper
1468 411 1838 465 animantibus
1885 409 2268 465 abstinendum
2322 420 2425 465 est.
2487 408 2784 476 Praeterea,
2829 427 2955 467 eum
2993 412 3255 484 singulari
3315 410 3549 482 quadam
3591 417 3645 465 et

400 506 602 563 eximia
661 506 939 576 sapientia:
991 506 1080 571 vi,
1130 515 1244 560 tum
1291 505 1547 560 diuturna
1612 522 1736 560 cum
1787 505 1973 561 divino
2025 506 2247 560 numine
2276 507 2699 569 consuetudine,
2749 507 2853 562 hoe
2897 506 3060 562 etiam
3109 506 3454 572 intellexere,
3487 518 3650 576 quos-

402 598 528 652 dam
561 612 682 654 esse
708 599 860 661 deos,
886 598 979 668 qui
1008 597 1172 653 certis
1228 597 1597 653 animantibus
1648 598 1841 667 magis,
1869 613 2035 668 quam
2070 598 2384 653 hominibus
2437 598 2592 667 ipsis,
2642 599 2995 665 delectentur,
3026 608 3087 654 ut
3132 600 3302 655 solem
3355 598 3646 670 accipitre,

402 692 519 761 qui,
554 705 678 746 cum
709 698 958 744 naturam
1016 689 1215 744 habeat
1267 698 1432 744 totam
1469 706 1537 746 ex
1582 692 1850 761 sanguine
1909 693 2211 763 spirituque
2260 700 2621 759 constantem,
2650 700 2765 747 tum
2793 707 2858 748 ea
2887 701 2971 748 est
3009 707 3136 764 erga
3185 693 3461 747 hominem
3494 706 3650 747 eom-

405 782 773 848 miseratione,
803 789 862 834 ut
890 780 1090 851 jacenti
1142 780 1261 850 ejus
1309 779 1560 836 cadaveri
1611 780 1972 851 ingemiscat,
2025 782 2307 851 oculisque
2353 790 2553 836 terram
2603 780 2829 851 ingerat.
2872 798 2891 832 ι
2924 778 2991 834 Et
3028 780 3275 849 pauculis
3331 779 3655 849 interjectis:

412 875 572 931 clam
591 889 719 930 vero
743 873 1099 933 scarabaeum.
1123 872 1319 942 inquit,
1342 873 1540 928 stultus
1577 871 1717 927 forte
1761 873 2032 943 quispiam
2068 873 2385 937 detestetur,
2422 880 2607 942 utpote
2628 871 2826 927 divinis
2868 872 2926 927 in
2954 872 3117 927 rebus
3146 872 3343 942 hospes
3381 886 3445 926 ae
3496 885 3654 942 pere.

405 967 637 1036 grinus:
689 972 743 1017 at
779 963 924 1017 hunc
961 962 1202 1034 Egyptii
1250 963 1408 1033 quasi
1458 965 1638 1018 vivam
1685 979 1750 1019 ac
1802 964 2099 1035 spirantem
2147 964 2279 1019 solis
2325 964 2618 1034 imaginem
2676 963 2923 1018 venerari
2974 962 3167 1018 solent.
3212 961 3347 1016 Nam
3383 971 3438 1017 et
3469 976 3658 1018 scara-

403 1063 555 1119 baeus
586 1060 766 1115 omnis
800 1075 919 1115 mas
953 1069 1054 1127 est,
1096 1068 1150 1114 et
1185 1074 1368 1114 semen
1430 1059 1483 1113 in
1529 1059 1781 1131 paludem
1831 1060 2176 1125 immissum,
2227 1075 2291 1114 ac
2339 1059 2657 1129 sphaericam
2727 1058 2782 1114 in
2832 1056 3061 1127 ﬁguram
3123 1057 3519 1113 conformatum
3551 1071 3655 1126 po-

406 1154 622 1211 stremis
652 1154 879 1225 pedibus
913 1153 966 1206 in
998 1168 1240 1208 aversam
1277 1161 1481 1222 partem
1512 1152 1802 1217 convolvit,
1848 1154 1979 1209 solis
2040 1154 2095 1207 in
2158 1153 2297 1208 coelo
2342 1160 2548 1206 motum
2596 1152 2904 1217 aemulatus,
2941 1152 3316 1222 integramque
3346 1149 3488 1203 luna:
3541 1147 3659 1202 die.

404 1262 527 1301 rum
554 1243 966 1299 conversionem
993 1250 1289 1310 exspectat.
1347 1241 1546 1313 Sicque
1598 1242 1875 1314 singulare
1926 1244 2129 1314 aliquid
2185 1243 2253 1297 de
2294 1244 2481 1309 ariete,
2543 1242 2691 1297 aliud
2749 1242 2877 1298 item
2908 1241 2976 1297 de
3006 1242 3300 1307 crocodilo,
3319 1255 3384 1296 ac
3405 1238 3658 1295 similiter

405 1337 472 1393 de
496 1337 734 1403 vulture,
762 1333 857 1398 ibi,
888 1348 999 1387 uno
1026 1334 1209 1399 verbo,
1268 1333 1335 1388 de
1394 1333 1634 1402 quolibet
1668 1333 2026 1388 animantium
2077 1348 2274 1405 genere
2324 1334 2808 1403 philosophantur,
2856 1341 2917 1389 ut
2943 1347 3172 1389 summa:
3195 1331 3478 1403 cujusdam
3526 1348 3660 1404 pru-

406 1432 621 1497 dentiae,
680 1438 774 1484 aut
816 1429 996 1499 potius
1032 1429 1229 1484 divinae
1283 1429 1563 1501 sapientiae
1618 1430 1850 1485 consilio
1907 1431 1975 1485 ad
2001 1432 2207 1486 cultum
2257 1431 2391 1502 ipsis
2445 1432 2605 1486 etiam
2663 1431 2990 1488 animalibus
3041 1431 3388 1487 tribuendum
3436 1431 3658 1488 adducti

406 1540 529 1581 esse
551 1524 859 1580 videantur.
899 1543 917 1576 ι

946 1636 1053 1708 95
1092 1635 1318 1692 CAPUT
1360 1635 1424 1690 v.

2625 1658 3020 1713 ΚΕΦΑΛΑῙΟΝ
3052 1658 3129 1713 E'.

410 1751 527 1808 Ista
564 1752 742 1805 omnia
788 1750 992 1805 nullam
1025 1749 1317 1821 damnandi
1359 1750 1443 1804 sui
1486 1766 1702 1805 causam
1748 1768 1841 1821 per
1867 1766 1979 1807 sese

2093 1753 2212 1807 Ὀτι
2244 1750 2342 1806 καὶ
2370 1750 2556 1806 ταῦτα
2599 1750 2804 1819 πάσης
2841 1749 3075 1820 ὑπῆρχε
3107 1748 3305 1820 μεστὰ
3349 1746 3659 1820 καταγνώ-

972 1838 1074 1873 ηυη
1112 1820 1417 1888 prazbnisse.

479 1913 604 1971 Haec
633 1914 799 1994 igitur
827 1912 1079 1967 laudatus
1104 1928 1133 1965 a
1155 1912 1312 1966 nobis
1332 1912 1563 1980 scriptor
1586 1906 1653 1962 de
1664 1909 1874 1980 egregia
1893 1923 1983 1979 po-

408 2008 630 2064 litorum
654 2015 710 2062 et
728 2005 1052 2076 elegantium
1080 2002 1454 2074 Egyptiorum
1476 2003 1809 2074 physiologia
1835 2018 1982 2057 com-

410 2110 699 2165 memorat,
754 2098 954 2168 quibus
1009 2111 1199 2151 eorum
1246 2096 1405 2150 nobis
1446 2109 1646 2149 arcana
1686 2093 1979 2164 patefecit;

410 2195 693 2259 nimirum,
729 2207 927 2263 aquam
971 2192 1122 2261 ipsos
1155 2190 1444 2261 ignemque
1495 2189 1763 2254 venerari,
1795 2203 1985 2242 unam-

409 2303 519 2359 que
567 2286 793 2341 omnino
826 2298 951 2340 esse
986 2292 1095 2337 tam
1147 2281 1357 2337 ratione
1389 2281 1740 2351 praeditorum
1769 2320 1785 2345 ,
1815 2293 1982 2349 quam

408 2379 599 2435 eadem
648 2375 974 2438 carentium,
1005 2388 1106 2428 nec
1140 2386 1432 2441 corporum
1468 2371 1650 2437 modo,
1687 2371 1781 2426 sed
1813 2370 1980 2425 etiam

412 2469 583 2525 animi
608 2467 972 2524 substantiam
1010 2474 1374 2534 naturamque
1425 2471 1699 2531 statuere;
1751 2471 1812 2516 ut
1859 2475 1981 2517 eam

411 2564 483 2619 ob
519 2577 744 2618 causam
774 2558 920 2615 feras
947 2559 1112 2613 etiam
1139 2558 1263 2627 jure
1290 2556 1359 2611 ab
1391 2555 1497 2611 illis
1526 2570 1591 2611 ac
1624 2556 1820 2610 merito
1857 2555 1985 2610 deo-

411 2668 533 2708 rum
568 2652 620 2706 in
652 2663 882 2705 numero
913 2649 1095 2718 palam
1133 2647 1349 2701 habitas
1376 2660 1441 2700 ac
1472 2646 1773 2701 recensitas
1812 2643 1984 2701 fuisse

410 2745 727 2801 arbitretur.
781 2740 839 2797 Id
886 2747 1071 2796 autem
1125 2740 1249 2808 quis
1290 2754 1400 2795 non
1452 2739 1521 2793 ab
1570 2738 1721 2792 omni
1771 2738 1985 2793 ratione

411 2837 809 2894 alienissimum
859 2849 982 2891 esse
1034 2834 1232 2899 videat,
1284 2832 1513 2888 rationis
1566 2840 1839 2902 expertem
1868 2832 1984 2886 bel-

411 2933 726 3001 luinamque
755 2937 1031 2994 naturam,
1070 2936 1130 2981 ut
1159 2941 1361 2981 numen
1410 2925 1466 2980 in
1494 2940 1559 2980 ea
1595 2932 1981 2991 consecretur,

411 3024 678 3088 adhiberi,
713 3021 860 3092 quod
884 3019 1151 3089 ejusdem,
1199 3025 1258 3072 ut
1288 3016 1467 3083 aiunt,
1497 3008 1623 3072 eum
1667 3016 1985 3073 hominibus

2784 1835 2963 1888 σεως.

2152 1916 2389 1973 Τοιαῦτα
2423 1916 2517 1970 καί
2548 1914 2617 1970 τὰ
2642 1916 2771 1988 περὶ
2808 1914 2909 1986 τῆς
2958 1913 3212 1983 γενναίας
3238 1910 3345 1965 τῶν
3372 1909 3551 1981 σοφῶν
3570 1911 3661 1963 Al-

2083 2005 2329 2074 γυπτίων
2378 2003 2726 2073 φυσιολογίας
2756 2003 2993 2056 τέθειται
3016 2004 3044 2055 ό
3080 2000 3468 2072 δεδηλωμένος,
3498 2000 3663 2067 Δίγυ-

2085 2096 2253 2150 πτίων
2308 2096 2650 2166 διασαφήσας
2675 2096 2805 2166 ἡμῖν
2844 2094 2912 2148 τὰ
2964 2093 3272 2165 ἀπόρρηταο
3312 2093 3395 2145 ὅτι
3419 2108 3476 2145 τε
3515 2090 3660 2161 ὕδωρ

2085 2188 2178 2244 καὶ
2216 2187 2327 2259 πῦρ
2377 2188 2612 2253 σέϐουσι,
2658 2187 2753 2241 καὶ⁵
2793 2187 2892 2259 μία
2930 2185 3163 2255 λογικῶν
3205 2186 3301 2242 καὶ
3333 2184 3561 2254 ἀλόγων,
3596 2185 3660 2237 ού

2086 2281 2244 2353 μόνον
2294 2280 2596 2351 σωμάτων,
2648 2278 2784 2333 ἀλλά
2828 2279 2923 2333 καὶ
2975 2278 3153 2350 ψυχῆς
3202 2275 3361 2331 οὐσία
3407 2276 3665 2351 κέκριται

2083 2370 2220 2428 εἶναι
2257 2375 2388 2446 παρ’
2440 2373 2645 2437 αὐτοῖς,
2701 2371 2776 2437 ὡς
2819 2370 3055 2440 εὐλόγως
3100 2369 3251 2442 αύτῷ
3289 2369 3467 2424 δοκεῖν
3504 2369 3667 2432 θεοὺς

2084 2464 2478 2536 ἀνηγορεῦσθαι
2494 2462 2560 2516 τὰ
2584 2461 2974 2535 θηρία.Καίτοι
2996 2460 3112 2525 πῶς
3131 2460 3193 2514 οὐ
3210 2458 3665 2532 παραλογώτατον

2083 2555 2165 2618 εἰς
2195 2552 2468 2608 θεοποιῒαν
2485 2551 2931 2625 παραλαμϐάνειν
2955 2552 3053 2624 τὴν
3084 2551 3275 2619 ἄλογον
3306 2549 3399 2603 καὶ
3419 2547 3663 2621 θηριώδη

2086 2645 2266 2715 φύσιν,
2307 2645 2395 2699 διὰ
2443 2644 2507 2698 τὸ
2550 2645 2653 2715 τῆς
2681 2645 2823 2715 ίσης,
2879 2642 2955 2708 ῶς
2986 2659 3167 2712 φασιν,
3195 2640 3503 2713 ἀνθρώποις
3541 2657 3666 2711 μετ-

2084 2736 2229 2808 έχειν
2249 2737 2456 2808 ψυχῆςς
2486 2737 2591 2810 χρὴ
2634 2736 2763 2809 γάρ,
2807 2735 2966 2807 εἴπερ
3009 2735 3148 2806 ἄρα,
3205 2733 3523 2806 ἀνθρώπους
3565 2733 3667 2787 καὶ

2085 2828 2225 2883 αύτά
2258 2828 2529 2900 ἡγεῖσθαι,
2557 2827 2778 2898 καὶτῆς
2816 2825 3160 2898 ἀνθρωπείας
3179 2825 3360 2889 αὐτοῖς
3403 2824 3560 2896 δόξης
3601 2841 3668 2877 τε

2088 2922 2184 2976 καὶ
2214 2921 2381 2993 τιμῆς
2414 2920 2771 2992 μεταδιδόναι.
2812 2920 2874 2974 Ol
2898 2918 2955 2972 δὲ
2982 2918 3139 2971 τοῦτο
3166 2916 3241 2989 μὴ
3273 2915 3573 2989 πράξαντες
3591 2913 3667 2969 τὰ

2089 3014 2226 3088 πρὸς
2257 3014 2430 3084 αὐτῆς
2462 3014 2563 3084 τῆς
2590 3012 2806 3083 φύσεως
2849 3011 3018 3080 ἄλογα
3037 3009 3202 3085 θηρία
3242 3009 3525 3079 γενόμενα,
3564 3007 3669 3061 καὶ

413 3117 585 3171 animi
632 3113 1023 3171 communione
1070 3109 1367 3181 jungatur?
1419 3108 1657 3180 quippe,
1712 3116 1987 3179 oporteret

2093 3108 2295 3179 ταύτην
2342 3105 2596 3178 εἰληχότα
2646 3105 2745 3178 τὴν
2795 3104 3133 3176 ἐπωνυμίαν,
3161 3103 3255 3156 καὶ
3283 3101 3404 3155 οὐδὲ
3439 3101 3539 3172 τῆς
3563 3102 3667 3154 ἀν-

414 3206 582 3269 enim,
612 3204 660 3259 si
703 3203 778 3258 ita
805 3211 909 3265 est,
939 3200 1156 3256 easdem
1198 3198 1343 3255 feras
1376 3198 1627 3254 homines
1671 3198 1946 3269 appellare
1969 3240 1987 3267 ,

416 3298 823 3365 humanamque
853 3308 979 3348 cum
1008 3291 1076 3346 iis
1098 3290 1416 3361 dignitatem
1440 3289 1816 3361 honoremque
1835 3305 1990 3345 com~

416 3390 723 3444 municare.
748 3385 903 3452 Quod
934 3384 1012 3439 illi
1048 3398 1174 3439 cum
1217 3382 1441 3439 minime
1481 3381 1728 3450 fecerint,
1758 3399 1882 3454 quae
1907 3392 1991 3439 ta-

418 3495 540 3535 men
564 3479 634 3534 ab
672 3479 788 3548 ipsa
811 3486 1009 3531 natura
1035 3475 1210 3530 bruta:
1235 3490 1301 3531 ac
1325 3475 1553 3530 rationis
1585 3482 1836 3545 expertes
1860 3473 1990 3531 ferte

417 3578 791 3642 procreantur,
825 3583 947 3638 quae
976 3566 1080 3622 hoc
1127 3567 1472 3638 cognomenti
1522 3581 1696 3637 genus
1727 3567 1831 3622 sibi
1864 3581 1991 3637 pro-

416 3665 597 3736 prium
627 3661 837 3718 sortita:
881 3668 1031 3724 sunt,
1062 3672 1185 3728 qua:
1210 3673 1279 3714 ne
1304 3658 1424 3728 ipsa
1453 3656 1675 3730 quidem
1705 3657 1988 3713 hominum

415 3756 778 3829 appellatione
801 3755 979 3826 digna:
1011 3752 1362 3824 judicantur;
1399 3766 1494 3806 eas
1521 3765 1630 3806 non
1656 3751 1770 3821 jam
1800 3751 1989 3807 eodem

416 3850 561 3920 apud
600 3863 679 3916 se,
719 3862 831 3919 quo
862 3846 1136 3914 homines,
1180 3845 1305 3916 jure
1360 3858 1483 3900 esse
1528 3843 1854 3909 voluerunt,
1895 3842 1990 3898 sed

416 3941 743 3997 altissimum
771 3939 902 3994 illud
931 3939 1084 3993 orbis
1108 3938 1345 3992 universi
1374 3936 1536 4007 regis,
1561 3950 1626 3991 ac
1653 3950 1835 3990 rerum
1865 3951 1988 3990 om-

416 4036 570 4090 nium
605 4032 876 4087 molitoris
906 4029 1001 4084 Dei
1060 4045 1256 4085 nomen
1295 4030 1349 4083 in
1392 4027 1697 4083 belluarum
1737 4038 1991 4084 naturam

417 4127 567 4181 ultro
595 4123 928 4192 dejecerunt,
963 4135 1167 4190 easque
1209 4121 1341 4176 deos
1382 4120 1822 4190 pronuntiarunt,
1851 4138 1991 4193 quas

417 4216 563 4274 Deus
606 4232 673 4271 ne
720 4215 1001 4270 hominum
1057 4213 1275 4284 quidem
1324 4213 1680 4283 appellatione
1736 4214 1990 4285 dignatus

417 4318 523 4366 est.
549 4307 784 4363 Audiisti
833 4314 1093 4377 praeterea
1126 4304 1324 4360 divina:
1362 4305 1641 4374 sapientia:
1689 4306 1946 4376 mysteria
1972 4347 1987 4373 ,

418 4417 544 4475 quae
594 4396 898 4456 mirabilem
933 4396 1313 4470 Egyptiorum
1362 4398 1636 4453 nationem
1691 4398 1762 4453 ad
1807 4399 1985 4468 lupos,

417 4510 584 4554 canes
634 4494 928 4562 leonesque
969 4491 1304 4546 venerandos
1348 4492 1617 4547 excitarit.
1669 4490 1986 4562 Cognovisti

2088 3200 2321 3276 θρώπων
2372 3201 2727 3273 προρρήσεως
2763 3197 2873 3267 (69)
2923 3195 3236 3267 ἠξιωμένα,
3286 3192 3394 3247 οὐδ’
3460 3192 3668 3263 ὁμοίως

2086 3292 2392 3365 ἀνθρώποις
2426 3291 2664 3361 ἠξίωσαν
2706 3287 3100 3353 ἀποδέξασθαιδ
3136 3286 3234 3358 τὴν
3283 3285 3541 3340 ἀνωτάτω
3601 3283 3668 3338 δὲ

2085 3389 2179 3443 τοῦ
2208 3386 2596 3459 Μμόασιλέως
2622 3382 3011 3456 προσηγορίαν,
3030 3381 3124 3435 καί
3146 3379 3240 3433 τοῦ
3269 3378 3377 3433 τῶν
3406 3378 3669 3433 ἁπάντων

2086 3476 2417 3552 δημιουργοῦ
2453 3474 2589 3529 Θεοῦ
2624 3474 2881 3545 φέροντες
2920 3475 3001 3536 εἰς
3035 3472 3134 3543 τὴν
3176 3470 3284 3525 τῶν
3324 3469 3529 3543 θηρίων
3560 3468 3670 3539 φύ-

2090 3583 2194 3631 σιν,
2228 3564 2686 3636 καταϐεὸλήκασι,
2734 3564 2829 3617 καὶ⁸
2868 3562 3025 3624 θεοὺς
3055 3562 3423 3632 ἐπεφήμισαν,
3454 3559 3491 3614 ἃ
3524 3560 3671 3631 μηδὲ

2086 3658 2184 3729 τῆς
2209 3657 2304 3712 ἀνθ
2313 3655 2506 3729 ρώπων
2534 3656 2667 3728 πρὸς
2687 3654 2852 3710 αὑτοῦ
2872 3653 2966 3708 τοῦ
2994 3653 3128 3707 Θεοῦ
3149 3652 3477 3723 κατηξίωται
3493 3670 3670 3723 προσ-

2085 3755 2337 3828 ηγορίας.
2398 3752 2522 3806 Ἐπὶ
2560 3752 2769 3815 τούτοις
2806 3751 3047 3822 ἀκήκοας
3080 3750 3174 3804 καὶ
3231 3750 3333 3823 τῆς
3376 3749 3671 3819 θεοσοφίας

2079 3848 2188 3918 ντῆς
2227 3845 2514 3918 μυστικῆς,
2557 3843 2624 3896 δι’
2653 3842 2720 3915 ἣν
2765 3842 2816 3895 oi
2868 3841 3159 3913 θαυμάσιοι
3200 3841 3310 3896 τῶν
3349 3841 3671 3910 Αἰγυπτίων

2088 3939 2284 4002 λύκους
2311 3939 2404 3992 καὶ
2438 3936 2604 4001 κύνας
2636 3935 2729 3989 καὶ
2774 3934 2991 3999 λέοντας
3034 3934 3420 4005 ἐσεϐάσθησαν.
3448 3933 3671 4002 Ἔγνως

2089 4034 2183 4087 καὶ
2209 4030 2301 4085 τοῦ
2325 4030 2597 4101 κανθάρου
2626 4027 2689 4081 τὸ
2712 4027 2916 4099 θαῦμα,
2947 4027 3042 4081 καὶ
3076 4026 3292 4097 ἱέρακος
3321 4025 3421 4098 τὴν
3435 4024 3667 4096 ἀρετήν.

2088 4122 2180 4193 Μὴ
2196 4122 2252 4176 δὲ
2279 4121 2411 4191 γέλα
2435 4119 2530 4174 τοῦ
2552 4117 2741 4173 λοιποῦ
2774 4121 2900 4182 τοὺς
2930 4117 3086 4190 θεούς
3105 4134 3119 4148 ⁸
3157 4117 3295 4171 ἐλέει
3321 4116 3378 4171 δὲ
3407 4117 3501 4171 καὶ
3530 4116 3670 4169 πολ-

2089 4214 2189 4284 λῆς
2209 4214 2460 4284 εὐηθείας
2503 4213 2599 4267 καὶ
2628 4211 2891 4282 ἀϐλεψίας
2921 4210 2983 4264 τὸ
3018 4210 3328 4283 τρισάθλιον
3359 4207 3671 4280 ἀνθρώπων

2091 4306 2263 4374 γένος.
2292 4306 2401 4358 Καὶ
2431 4304 2495 4375 δὴ
2528 4304 2719 4357 σκόπει
2744 4304 2813 4357 τὰ
2840 4302 3017 4357 πάντα
3040 4299 3371 4374 περιαθρῶν,
3390 4300 3515 4354 οἵων
3530 4300 3671 4371 ἡμῖν

2091 4396 2311 4467 ἀγαθῶν
2344 4398 2572 4468 πάρεστι
2614 4396 2780 4467 δοτὴρ
2810 4397 2839 4449 ὁ
2871 4395 3105 4466 Χριστὸς
3131 4396 3159 4449 ό
3189 4392 3341 4457 Θεὸς,
3391 4390 3673 4464 τοσαύτης

2091 4491 2267 4553 νόσου,
2323 4491 2537 4561 μακρᾶς
2581 4505 2640 4543 τε
2685 4490 2779 4542 καὶ
2822 4487 3173 4559 πολυχρονίου
3207 4485 3529 4559 πηρώσεως,
3569 4486 3671 4540 καὶ

412 4585 583 4645 ctiam
614 4582 876 4639 scarabaei
901 4580 1249 4644 miraculum,
1271 4582 1525 4637 virtutem
1554 4581 1849 4652 accipitris.
1883 4582 1987 4637 De-

2093 4580 2188 4646 τάς
2218 4582 2531 4651 Αἰγυπτίων
2554 4580 2751 4652 ψυχὰς,
2773 4580 2862 4633 διὰ
2882 4580 2983 4650 τῆς
3002 4579 3364 4649 εύαγγελικῆς
3389 4576 3554 4630 αὑτοῦ
3586 4576 3675 4630 δι-

418 4675 538 4732 sine
568 4683 783 4741 tamen,
829 4672 975 4744 quod
1010 4680 1296 4742 superest,-
1338 4673 1471 4730 deos
1501 4673 1765 4729 irridere:
1797 4676 1987 4730 subeat

2093 4670 2384 4734 δασκαλίας
2419 4668 2840 4740 λελυτρωμένος,
2874 4668 2949 4733 ὡς
2992 4669 3122 4733 τοὺς
3174 4666 3392 4733 πλείους
3427 4666 3527 4736 ἤδη
3554 4665 3673 4721 τῶν

418 4776 473 4823 te
494 4768 673 4837 potius
700 4773 862 4820 tantae
895 4765 1252 4820 infelicissimi
1274 4765 1553 4820 hominum
1584 4764 1798 4835 generis
1831 4765 1987 4819 caeci-

2093 4765 2210 4817 κατ’
2242 4763 2509 4832 Αἴγυπτον
2531 4762 2626 4815 καὶ
2654 4760 2855 4833 ταύτης
2884 4760 3228 4833 ἀπηλλάχθαι
3252 4761 3355 4833 τῆς
3379 4762 3557 4815 νόσου.

419 4860 552 4915 tatis
581 4869 635 4913 et
695 4858 946 4913 amentiae
985 4856 1389 4913 commiseratio
1417 4870 1435 4907 ι
1465 4854 1737 4925 simulque
1762 4857 2020 4913 omnibus
2060 4857 2343 4923 diligenter
2371 4853 2664 4922 exploratis
2695 4861 2873 4908 tecum
2916 4854 3032 4923 ipse
3059 4864 3272 4924 reputa,
3306 4853 3502 4923 quibus
3566 4868 3674 4911 nos

417 4951 746 5023 quantisque
805 4949 965 5004 bonis
1013 4949 1263 5004 Christus
1295 4949 1384 5004 ille
1425 4948 1568 5003 Deus
1595 4949 1906 5017 cutnularit,
1966 4950 2058 5020 qui
2096 4958 2314 5003 nostros
2369 4957 2424 5001 et
2468 4946 2845 5017 Egyptiorum
2890 4947 3131 5016 ipsorum
3168 4947 3400 5011 animos,
3431 4960 3675 5015 evange-

420 5039 539 5097 lica:
592 5040 853 5097 doctrina:
881 5054 993 5095 suae
1039 5039 1093 5093 vi
1135 5049 1244 5094 tam
1277 5039 1573 5093 inveterata
1624 5047 1846 5109 tamque
1895 5039 2153 5095 diuturna
2196 5036 2436 5093 caecitate
2463 5037 2748 5092 vindicarit
2790 5056 2804 5093 :
2847 5054 2974 5093 nam
3022 5048 3077 5094 et
3127 5037 3412 5111 Egyptios
3444 5055 3674 5113 quoque

421 5135 713 5190 maximam
753 5147 885 5188 sane
917 5140 1124 5201 partem
1172 5132 1421 5185 videmus
1474 5131 1544 5186 ab
1601 5130 1761 5187 istius
1809 5132 1985 5189 morbi
2023 5131 2344 5201 contagione
2370 5129 2647 5185 liberatos.

946 5225 1059 5296 9e
1093 5222 1319 5280 CAPUT
1358 5221 1445 5276 vn.

422 5316 554 5372 lure
582 5333 684 5373 noa
703 5318 768 5370 ab
798 5333 861 5370 ea
884 5332 1086 5388 quoque
1120 5314 1183 5368 de
1211 5315 1312 5388 diis
1338 5314 1563 5368 istorum
1593 5315 1995 5388 philosophandi

496 5390 716 5450 ratione,
753 5403 870 5457 qua:
896 5384 1117 5455 propius
1151 5384 1220 5438 ad
1263 5398 1507 5457 naturam
1536 5384 1997 5457 accedere’videa—

496 5468 600 5538 tur,
627 5453 939 5538 recessisse,
973 5453 1239 5525 eidemque
1284 5453 1451 5508 solam
1484 5471 1758 5526 veramque
1806 5456 1997 5511 theolo-

492 5527 633 5595 giam
667 5527 1041 5594 anteposuiase.

494 5614 772 5684 Ejusmodi
805 5615 1023 5670 fuerunt
1051 5613 1430 5684 Egyptiorum
1478 5623 1785 5669 commenta
1809 5655 1824 5680 ,
1872 5628 1996 5684 quae

2621 5225 3019 5279 ΚΕΦΑΛΑΙΟΝ
3053 5217 3144 5283 εἷ’-

2094 5318 2213 5371 ’Ότι
2244 5318 2340 5372 καί
2372 5316 2480 5384 τῆς
2516 5319 2923 5386 φυσικωτέριις
2961 5316 3159 5372 αὐτῶν
3188 5317 3319 5385 περί
3350 5315 3499 5370 θεῶν
3525 5316 3676 5368 θεω-

2152 5389 2292 5455 ρίας
2319 5390 2583 5459 εὐλόγως
2606 5387 3139 5459 ἀναχωρήσαντες,
3181 5387 3298 5455 τὴν
3329 5388 3526 5456 μόνην
3560 5386 3670 5440 καὶ

2160 5458 2354 5527 ἀληθῆ
2379 5458 2693 5527 θεολογίαν
2738 5458 3236 5529 προετιμήσαμεν.

2176 5615 2334 5669 Ἀλλά
2366 5617 2472 5687 γὰρ
2501 5616 2725 5675 τοιαῦτα
2749 5617 2843 5675 καὶ
2881 5617 2949 5673 τά
2976 5620 3106 5692 παρ’
3140 5617 3476 5688 Αἰγυπτίοις,
3501 5613 3539 5672 ἃ
3569 5612 3677 5672 καὶ

492 5727 604 5804 (69)
646 5728 1049 5799 Προρῤήσεως.
1092 5730 1239 5786 Alter
1283 5747 1314 5787 e
1354 5746 1512 5797 mss.,
1547 5746 1670 5788 cum
1722 5730 1980 5796 Montac.,

2093 5732 2398 5803 >οσρήσεως,
2426 5734 2644 5791 melius.
