3858 6224
213 307 321 363 177

1396 307 1720 367 ΡΒΑΞΡΑΒ.
1757 308 2008 371 EVANG.
2046 314 2175 371 LIB.
2217 314 2302 370 lll.

3348 321 3452 379 178

209 422 523 494 παλαίτερα
552 423 664 478 τῶν
711 424 1045 497 Ἑλληνικῶν
1084 426 1340 482 ἁπάντων
1375 429 1782 501 μνημονεύεται.

1895 432 2054 502 longe
2116 433 2374 490 omnibus
2440 432 2751 496 Graecorum
2818 428 3088 500 ﬁgmentis
3152 428 3456 499 antiquiora

214 515 406 585 Ἔχεις
428 517 718 588 τοιγαροῦν
748 518 887 591 πρὸς
928 519 1023 591 τὴν
1057 520 1294 593 μυθικὴν
1322 533 1349 563 ι
1384 522 1475 576 καὶ
1498 522 1596 594 τὴν
1629 538 1791 591 φυσι-

211 609 463 681 κωτέραν
486 608 770 679 θεολογίας
805 614 835 653 δ
880 613 1147 685 Ἑλλήνων
1169 614 1307 686 ὁμοῦ
1334 617 1430 671 καὶ
1456 616 1789 684 Αἰγυπτίων,

208 700 321 753 τῶν
349 702 522 756 πάλαι
553 702 653 772 τὴν
693 702 954 758 πολύθεον
992 704 1410 778 δεισιδαιμονίαν
1456 708 1795 779 συστησαμέ-

207 810 346 846 νωνο
378 795 512 866 παρ’
550 791 632 858 οἷς
667 796 750 849 ὅτι
777 797 944 869 μηδέν
974 814 1028 851 τι
1047 799 1158 851 τῶν
1189 798 1404 871 άληθῶς
1433 799 1614 864 θείων,
1647 801 1792 854 ἀσω-

212 884 403 954 μάτων
440 903 503 939 τε
539 888 638 941 καί
670 889 874 960 νοερῶν
914 891 1110 945 οὐσιῶν
1147 891 1490 964 ὲγνωρίζετο,
1543 891 1790 966 μεμάθη-

208 993 332 1041 κας.
366 977 515 1050 Πλὴν
542 979 679 1034 ἀλλὰ
702 980 935 1035 δεδόσθω
963 982 1057 1037 καὶ
1089 984 1532 1056 συγκεχωρήσθω
1552 984 1790 1040 τουτοισὶ

205 1072 320 1133 τοῖς
343 1071 811 1143 μετεωρολέσχαις
842 1073 1019 1143 λέγειν
1041 1074 1238 1148 ἀληθῆ,
1269 1078 1364 1130 καὶ
1406 1077 1789 1147 ἐπιτυγχάνειν

208 1160 355 1232 ﬁve-ﬁ
384 1163 498 1217 τῶν
537 1164 1018 1237 ἀλληγορουμένων
1061 1167 1406 1239 φυσιολογίᾳ·
1459 1167 1700 1237 γενέσθω
1728 1185 1789 1223 τε

206 1255 393 1320 αὐτοῖς
418 1259 448 1310 δ
467 1256 618 1328 ἥλιος
642 1261 773 1313 ποτὲ
821 1261 919 1330 μὲν
956 1261 1253 1328 Ἀπόλλων,
1286 1262 1380 1316 καὶ
1406 1263 1568 1317 πάλιν
1600 1260 1785 1333 Ὦρος,

205 1349 300 1400 καὶ
349 1349 565 1418 Ὄσιρις
595 1351 758 1405 πάλιν
782 1354 812 1406 ὁ
841 1352 1025 1423 αὐτὸς,
1066 1354 1160 1407 καὶ
1189 1353 1359 1424 μυρία
1383 1354 1538 1413 ἀλλα,
1569 1355 1671 1407 ὅσα
1697 1337 1789 1407 καὶ

204 1438 434 1494 θέλοιενο
461 1441 653 1514 ὥσπερ
670 1437 765 1497 οὖν
789 1444 882 1498 καὶ
902 1446 936 1515 ή
962 1445 1178 1516 σελήνη,
1203 1445 1237 1517 ἢ
1262 1441 1421 1507 Ἶσις,
1449 1446 1484 1516 ἢ
1500 1446 1784 1516 Ἄρτεμις.

209 1532 498 1587 ηὶόσαᾶν
516 1551 600 1597 τις
620 1534 936 1607 ἐξαριθμεῖν
958 1535 1215 1606 βούλοιτο.
1240 1536 1333 1606 Μὴ
1343 1536 1453 1608 γὰρ
1463 1535 1787 1591 ἐστωταῦτα

206 1621 423 1693 θνητῶν
440 1624 673 1694 ἀνδρῶν,
687 1626 803 1680 ἀλλ’
814 1627 994 1682 αὐτῶν
1004 1627 1111 1681 τῶν
1127 1629 1467 1701 ἐπουρανίων
1480 1630 1666 1701 φωστή
1676 1646 1785 1702 ρων

203 1715 543 1782 σημαντικαὶ
565 1716 947 1789 προσηγορίαι.
967 1717 1068 1771 Τὸν
1083 1717 1232 1788 ἥλιον
1253 1718 1381 1788 ἄρα,
1394 1718 1490 1772 καὶ⁸
1510 1718 1610 1791 τὴν
1632 1718 1785 1792 σελή-

1896 522 2066 580 fuisse.
2104 535 2493 581 memorantur.
2541 523 2716 580 Habes
2748 531 2803 576 tu
2835 529 3025 593 praeter
3058 519 3358 576 fabulosam
3393 520 3459 575 il-

1892 615 2001 672 lam
2032 617 2379 687 theologiam,
2414 617 2578 671 aliam
2618 628 2835 686 quoque
2872 628 2996 668 cum
3034 613 3197 667 rebus
3234 619 3458 666 natura-

1891 708 2035 765 libus
2065 709 2527 779 conjunctiorem,
2578 722 2807 778 eamque
2853 722 2976 762 cum
3007 704 3210 762 Graecis
3250 706 3455 776 pariter

1892 799 2271 873 Egyptiisque
2293 816 2659 867 communem,
2689 799 2783 871 qui
2810 800 2923 870 jam
2958 799 3085 854 olim
3120 797 3459 868 superstitio-

1890 903 2011 945 sum
2054 889 2222 944 istum
2264 898 2342 945 tot
2373 890 2658 945 numinum
2708 891 2913 945 cultum
2946 887 3285 950 conllavere,
3317 901 3457 957 quos

1890 980 2077 1051 utique
2124 980 2261 1035 nihil
2307 981 2532 1036 omnino
2560 981 2626 1036 de
2652 979 2757 1036 ulla
2793 994 2916 1035 vere
2945 979 3159 1046 divina,
3211 979 3456 1049 corporis

1888 1084 2128 1144 experte,
2158 1082 2321 1144 atque
2354 1074 2682 1141 intelligente
2716 1083 2909 1130 natura
2932 1072 3275 1145 cognovisse,
3299 1071 3457 1127 facile

1888 1164 2297 1221 animadvertis.
2335 1164 2440 1221 Sed
2468 1167 2613 1221 enim
2644 1165 2837 1221 demus
2882 1165 2987 1221 hoc
3026 1173 3238 1233 tamen,
3293 1171 3458 1233 atque

1888 1258 2013 1315 istis
2066 1258 2320 1314 altiorum
2371 1258 2785 1330 coslestiumque
2821 1274 3088 1329 nugarum
3145 1258 3457 1315 architectis

1886 1350 2270 1417 concedamus,
2294 1366 2482 1405 verum
2508 1366 2604 1407 eos
2633 1351 2813 1406 dicere
2831 1392 2848 1417 ,
2901 1360 2955 1406 et
2980 1351 3035 1405 in
3067 1351 3169 1405 hac
3198 1365 3297 1405 sua
3323 1349 3456 1405 alle-

1886 1445 2084 1516 goricae
2127 1444 2586 1513 interpretatioziis
2639 1443 2976 1516 physiologia
3005 1457 3228 1512 scopum
3271 1441 3451 1511 ipsum

1885 1536 2150 1606 attigisse.
2188 1536 2271 1591 Sit
2308 1539 2451 1607 apud
2477 1538 2599 1592 illos
2631 1538 2714 1592 sol
2759 1551 2906 1591 nunc
2949 1534 3167 1606 quidem
3222 1534 3453 1605 Apollo,

1884 1642 2032 1683 nunc
2057 1625 2220 1695 Orus,
2250 1644 2395 1684 nunc
2428 1629 2613 1697 etiam,
2645 1628 2693 1684 si
2720 1629 2888 1693 lubet,
2923 1627 3096 1684 Osiris
3118 1669 3133 1695 ,
3190 1627 3303 1682 imo
3338 1635 3455 1683 esto

1884 1734 2051 1784 sane,
2103 1719 2366 1791 quidquid
2399 1720 2499 1791 ipsi
2545 1721 2814 1777 voluerint
2859 1738 2873 1775 :
2912 1720 3148 1791 itemque
3172 1719 3299 1774 luna
3320 1759 3337 1784 ,
3370 1718 3457 1774 vel

202 1823 327 1876 νην.
344 1807 441 1860 καί
451 1809 580 1872 τοὺς
595 1809 831 1882 ἀστέρας
845 1810 940 1863 καὶ
953 1811 1020 1865 τὰ
1028 1810 1190 1865 λοιπά
1207 1812 1300 1865 τοῦ
1314 1813 1517 1884 κόσμου
1538 1812 1698 1884 μέρη,
1710 1811 1782 1875 ὼς

1887 1811 2007 1879 Isis,
2038 1813 2124 1869 vel
2162 1814 2420 1880 Artemis,
2451 1814 2538 1869 vel
2560 1829 2898 1885 quaecunque
2928 1828 3208 1869 recensere
3233 1813 3454 1882 placue-

204 1897 362 1964 θεοὺς
390 1901 815 1972 προσκυνητέον.
850 1902 963 1958 Καὶ
990 1902 1162 1978 ταύτῃ
1182 1902 1469 1977 τοιγαροῦν
1497 1905 1531 1976 ἡ
1558 1904 1782 1972 γενναία

200 1992 313 2047 τῶν
375 1993 648 2066 Ἑλλήνιον
693 1994 980 2065 φιλοσοφία
1015 1995 1092 2060 ῶς
1134 1995 1223 2049 διὰ
1247 1995 1495 2067 μηχανῆς
1519 1995 1780 2065 πέφηνεν,

203 2087 283 2147 είς
314 2084 454 2155 ὕψος
511 2087 612 2158 μὲν
636 2087 915 2153 άνάγουσα
963 2087 1062 2159 τὴν
1108 2088 1441 2157 ἐπαγγελίαν
1470 2086 1566 2142 τοῦ
1597 2087 1780 2156 λόγου,

203 2178 354 2232 κάτω
380 2178 440 2232 δὲ
473 2180 912 2252 περιστρέφουσα
936 2178 1078 2250 ἀμφὶ
1105 2180 1206 2250 τὴν
1238 2178 1503 2252 αἰσθητὴν
1524 2180 1614 2233 καὶ
1654 2197 1782 2249 φαι-

201 2269 439 2342 νομένην
467 2270 567 2323 τοῦ
616 2268 751 2325 Θεοῦ
781 2270 1143 2342 δημιουργίαν
1181 2271 1282 2342 τὴν
1304 2270 1414 2323 τῶν
1453 2270 1632 2339 σοφῶν
1670 2270 1783 2326 διά-

200 2379 375 2425 νοιαν,
422 2362 519 2417 καὶ
548 2362 711 2416 πλέον
749 2363 923 2427 οὐδὲν,
953 2361 1069 2415 ἀλλ’
1105 2362 1141 2434 ἢ
1175 2362 1287 2435 πῦρ
1315 2364 1410 2416 καὶ
1439 2361 1538 2433 τὴν
1574 2361 1782 2434 θερμὴν

196 2452 410 2517 οὐσίαν,
463 2453 538 2507 τά
566 2470 627 2507 τε
684 2454 827 2525 μέρη
867 2453 963 2507 τοῦ
996 2453 1225 2524 κόσμου,
1255 2452 1344 2506 διὰ
1376 2451 1489 2506 τῶν
1517 2452 1783 2525 οὐρανίων

198 2547 533 2617 φωστήρων.
599 2546 781 2600 Ἔστω
814 2546 870 2599 δὲ
922 2544 1017 2599 καὶ
1059 2546 1159 2619 τὴν
1207 2544 1381 2617 ὑγρὰν
1423 2545 1518 2600 καὶ
1550 2544 1650 2616 τὴν
1684 2545 1781 2616 ξης-

200 2638 325 2708 ράν,
352 2639 451 2692 καὶ
494 2640 594 2710 τὴν
635 2638 938 2711 σύγκρασιν
980 2638 1089 2692 τῶν
1128 2639 1397 2710 σωμάτων
1451 2637 1778 2703 θειάξουσα·

197 2729 321 2793 πῶς
352 2726 452 2785 οῦν
501 2730 562 2783 οῦ
626 2730 768 2801 μέγα
815 2731 909 2784 καὶ
943 2729 1243 2800 θαυμάσιον
1284 2730 1345 2784 τὸ
1382 2730 1478 2786 τοῦ
1529 2730 1783 2803 Σωτῆρος

196 2820 359 2891 ἡμῶν
413 2819 589 2891 Ἰησοῦ
637 2820 875 2892 Χριστοῦ
927 2822 1022 2874 καὶ
1064 2820 1199 2875 Θεοῦ
1255 2819 1583 2889 Εὐαγγέλιον
1602 2860 1619 2886 ,
1671 2822 1783 2876 πᾶν

195 2913 357 2982 γένος
414 2910 719 2985 ἀνθρώπων
782 2911 1062 2978 παιδεῦον,
1120 2912 1214 2966 τὸν
1268 2911 1420 2982 ἡλίου
1473 2913 1568 2967 καὶ
1625 2913 1783 2986 σελή-

195 3021 299 3075 vus
336 3004 473 3058 Θεὸν
513 3005 610 3058 καὶ
645 3004 932 3075 δεσπότην,
993 3007 1086 3058 καὶ
1132 3004 1463 3076 δημιουργὸν
1504 3004 1600 3060 τοῦ
1643 3004 1783 3078 σύμ..

195 3112 399 3160 eam:
453 3096 663 3167 κόσμου
681 3136 697 3161 ,
747 3095 908 3150 αὑτὸν
956 3096 1046 3149 τὸν
1086 3095 1347 3150 ἀνωτάτω
1386 3097 1480 3150 καὶ
1521 3096 1781 3151 ἐπέκεινα

193 3188 305 3242 τῶν
333 3188 475 3242 ὅλων
498 3191 623 3252 ταῖς
650 3186 1054 3259 προσηκούσαις
1100 3182 1330 3251 ἐννοίαις
1378 3187 1652 3254 εὐσεϐεῖν;
1687 3189 1782 3242 καὶ

194 3282 257 3336 οὐ
288 3281 359 3336 τά
390 3280 507 3335 τῶν
541 3282 808 3352 σωμάτων
838 3284 1092 3351 στοιχεῖα,
1125 3279 1263 3334 ἀλλά
1293 3281 1383 3335 τὸν
1416 3281 1561 3353 ζωῆς
1587 3280 1779 3352 αὐτῆς,

196 3376 291 3430 καὶ
341 3373 589 3448 τροφῶν,
623 3374 718 3428 καὶ
780 3373 994 3427 πάντων
1033 3373 1253 3442 ἀγαθῶν
1295 3373 1500 3445 ταμίαν
1568 3375 1778 3445 ὑμνεῖν,

199 3467 339 3541 μέρη
365 3484 432 3522 τε
453 3465 557 3521 τοῦ
585 3466 791 3537 κόσμου
819 3465 886 3519 τά
916 3464 1186 3537 ὁρώμενα,
1210 3467 1305 3520 καὶ
1327 3468 1435 3525 πᾶν
1458 3466 1519 3519 τδ
1545 3466 1783 3539 καταληεε

196 3560 329 3613 κτὸν
350 3558 564 3632 σαρκὸς
578 3557 851 3628 αἰσθήσει,
864 3557 938 3621 ὡς
953 3557 1018 3611 ἂν
1032 3557 1133 3627 τῆς
1154 3557 1396 3629 φθαρτῆς
1412 3557 1541 3611 ὄντα
1567 3557 1780 3627 φύσεως

195 3650 450 3723 οὐδαμῶς
467 3649 962 3721 καταπλήττεσθαι’
992 3648 1084 3703 τὸν
1095 3650 1141 3704 δ’
1166 3651 1225 3705 ἐν
1260 3650 1468 3714 τούτοις
1488 3651 1689 3705 ἅπασιν
1714 3652 1779 3704 ἀ-

194 3744 412 3816 όρατον,
429 3741 530 3798 καὶ
546 3740 875 3811 τὸνξκαθόλου
887 3758 945 3795 τε
957 3741 1050 3794 καὶ
1064 3742 1203 3803 κατὰ
1222 3741 1288 3812 μέ
1296 3759 1385 3813 ρος
1395 3740 1780 3813 δημιουργικὸν

194 3835 317 3891 νοῦν
349 3834 517 3907 μόνον
556 3831 988 3903 ἀποθαυμάζειν,
1023 3833 1118 3887 καὶ
1145 3831 1416 3901 θεολογεῖν
1449 3832 1577 3903 μίαν
1613 3832 1780 3904 μόνην

194 3926 420 3991 ἐκείνων
467 3925 762 3995 διήκουσαν
787 3923 879 3976 καὶ
904 3922 1302 3993 διακοσμοῦσαν
1325 3921 1394 3975 τά
1422 3922 1599 3977 πάντα
1622 3922 1781 3977 δύνα-

197 4035 291 4091 μιν
314 4017 493 4080 θείαν,
542 4014 831 4087 ἀσώματον
861 4010 1024 4075 οὖσαν
1071 4014 1166 4068 καὶ
1211 4014 1404 4086 νοεράν
1448 4015 1549 4086 τὴν
1593 4014 1776 4085 φύσιν,

198 4111 398 4185 μᾶλλον
434 4110 496 4163 δὲ
525 4109 622 4163 καὶ
650 4107 885 4179 ἄρρητον
921 4109 1091 4161 εἰπεῖν
1128 4107 1223 4162 καὶ
1265 4107 1666 4178 ἀκατάληπτον,
1693 4107 1780 4163 διὰ

195 4205 438 4267 πάντων,
467 4203 539 4257 δι’
560 4195 636 4255 ὧν
666 4201 761 4254 καὶ
781 4202 1012 4271 ἐνεργεῖ,
1041 4200 1545 4272 παραφαινομένην,
1572 4201 1782 4272 διήκου-

200 4298 299 4351 σάν
321 4313 383 4350 τε
413 4294 744 4365 ἀσωμάτως,
766 4294 860 4348 καὶ
892 4292 1257 4363 άσυμπλόκως
1285 4292 1352 4347 τά
1392 4293 1570 4347 πάντα
1594 4294 1777 4346 ἐπιπο-

204 4388 521 4460 ρευομὲνην,
548 4389 644 4440 καὶ
671 4386 738 4439 δι’
758 4385 1010 4449 ἁπάντων
1032 4386 1132 4440 οὐκ
1152 4385 1417 4457 οὐρανίων
1442 4386 1622 4456 μόνον,
1645 4385 1779 4441 ἀλλὰ

1883 1904 1975 1962 rit.
2007 1904 2128 1961 Sint
2156 1907 2434 1963 enimvero
2479 1905 2596 1962 hac
2638 1921 2749 1961 non
2780 1906 3090 1962 mortalium
3125 1905 3409 1960 hominum
3435 1944 3453 1970 ,

1882 1998 1978 2053 sed
2028 1998 2294 2053 luminum
2338 1998 2640 2056 caelestium
2685 2000 2905 2069 pr0pria
2952 1999 3196 2053 nomina.
3234 1995 3351 2051 Erit
3379 1997 3457 2050 vi-

1881 2089 2077 2145 delicet
2103 2099 2393 2161 propterea
2421 2091 2545 2155 soli,
2577 2091 2740 2156 lunae,
2778 2090 3050 2146 sideribus
3072 2129 3088 2154 ,
3138 2105 3203 2144 ac
3227 2088 3455 2159 reliquis

1882 2180 2046 2252 hujus
2072 2182 2261 2237 mundi
2291 2183 2538 2252 partibus
2578 2183 2911 2245 adorationis
2955 2183 3137 2238 cultus
3189 2189 3454 2251 tanquam

1881 2271 1989 2327 diis
2015 2271 2377 2328 exhibendas.
2426 2270 2518 2329 Sic
2540 2286 2671 2344 ergo
2699 2272 2959 2342 praeclara
2989 2270 3304 2327 Graecorum
3332 2270 3465 2341 phi.-_

1882 2367 2131 2439 losophia
2162 2368 2218 2423 in
2244 2367 2492 2425 omnium
2528 2375 2821 2437 conspectu
2846 2407 2862 2432 ,
2906 2365 3197 2421 verborum
3232 2364 3467 2435 quidem

1882 2460 2299 2517 ostentationem
2327 2461 2484 2531 quasi
2511 2459 2762 2515 machina
2796 2458 3032 2528 quadam
3075 2456 3308 2512 sublime
3341 2456 3453 2510 tol-

1881 2553 1973 2620 lit,
2006 2558 2063 2609 at
2108 2552 2435 2624 sapientium
2473 2560 2708 2607 mentem
2748 2551 3002 2607 deorsum
3051 2559 3106 2606 et
3154 2550 3301 2605 circa
3356 2548 3465 2613 Dei,

1881 2654 2181 2711 creaturas,
2214 2660 2336 2715 quas
2373 2644 2625 2700 sensibus
2648 2643 2931 2712 oculisque
2967 2649 3187 2712 patent,
3235 2640 3311 2696 ita
3334 2655 3456 2695 ver-

1882 2744 1985 2801 sat,
2013 2736 2148 2791 nihil
2178 2744 2240 2790 ut
2269 2735 2492 2790 omnino
2521 2741 2715 2805 praeter
2760 2733 2937 2802 ignem
2978 2730 3320 2800 calidamque
3355 2744 3456 2784 na-

1883 2836 2085 2891 turam,
2112 2826 2410 2897 mundique
2440 2833 2619 2895 partes
2637 2865 2653 2892 ,
2685 2823 3003 2893 luminaque
3030 2820 3293 2886 coelestia,
3316 2819 3456 2875 adde

1881 2936 2013 2979 vero
2044 2920 2324 2977 humidam
2353 2928 2517 2990 atque
2558 2920 2760 2974 siccam
2794 2930 2890 2987 per
2942 2930 3031 2970 me
3062 2913 3215 2979 licet,
3250 2913 3455 2984 ipsam-

1882 3029 1993 3085 que
2052 3027 2343 3084 corporum
2408 3010 2857 3080 temperationem
2916 3007 3198 3064 divinitate
3264 3006 3461 3073 donet.

1883 3106 2018 3175 Quis
2046 3106 2213 3179 igitur
2253 3119 2363 3159 non
2392 3103 2603 3168 videat,
2644 3114 2901 3171 magnum
2944 3099 3106 3170 plane
3153 3107 3316 3167 atque
3357 3097 3453 3151 ad-

1884 3200 2130 3257 mirabile
2161 3198 2420 3269 quiddam
2455 3210 2577 3251 esse
2606 3193 2735 3251 Jesu
2768 3192 2970 3249 Christi
3000 3191 3303 3246 Servatoris
3330 3189 3456 3245 Dei-

1883 3306 1990 3363 que
2017 3291 2188 3346 nostri
2236 3287 2606 3359 Evangelium,
2637 3283 2784 3354 quod
2815 3281 3132 3339 universum
3166 3280 3459 3335 hominum

1883 3396 2055 3455 genus
2081 3380 2325 3446 edoceat,
2350 3378 2483 3434 solis
2508 3376 2680 3446 ipsius
2716 3374 2966 3442 lunaeque
2988 3368 3159 3427 Deum
3174 3384 3239 3426 ac
3274 3370 3464 3425 domi-s

1881 3490 2014 3531 num
2059 3473 2316 3543 orbisque
2346 3472 2513 3527 totius
2543 3468 2878 3526 conditorem
2903 3503 2920 3531 ,
2966 3476 3314 3534 supremum,
3368 3460 3452 3516 in—

1881 3552 2068 3641 quam,
2098 3568 2272 3631 illum,
2304 3578 2597 3632 rerumque
2629 3562 2763 3616 ﬁnes
2802 3574 2867 3614 ac
2914 3556 3176 3612 terminos
3202 3552 3450 3608 omnium

1883 3668 2263 3732 superantem,
2319 3653 2657 3712 convenienti
2720 3660 2882 3707 tanta:
2930 3646 3200 3717 majestati
3249 3643 3457 3713 cogita:

1882 3759 2032 3814 tione
2063 3765 2338 3819 sensuque
2367 3745 2657 3802 venerari?
2710 3743 2955 3810 adeoque
3006 3753 3114 3793 non
3161 3750 3450 3805 corporum

1882 3846 2169 3908 elementa,
2202 3841 2297 3898 sed
2336 3841 2623 3912 ipsiusmet
2652 3837 2809 3901 vitae,
2874 3833 3279 3893 alimentorum,
3315 3842 3452 3883 cun-

1882 3944 2207 4005 ctorumque
2238 3934 2505 3987 bonorum
2555 3936 2883 3999 quaestorem
2927 3938 2991 3979 ac
3019 3922 3452 3992 dispensatorem

1882 4026 2190 4085 celebrare?
2240 4024 2348 4094 97
2399 4037 2501 4077 nec
2544 4021 2655 4091 jam
2718 4018 2829 4073 ullo
2885 4012 3049 4070 modo
3104 4011 3451 4082 aspectabilis

1880 4117 2040 4172 istius
2071 4114 2261 4170 mundi
2314 4120 2524 4183 partes,
2556 4116 2651 4173 aut
2700 4120 2889 4162 eorum
2941 4101 3282 4173 quidquam,
3328 4113 3453 4166 qua:

1881 4223 2047 4264 sensu
2094 4205 2343 4276 corporis
2384 4200 2572 4272 attingi
2634 4194 3130 4266 comprehendique
3176 4197 3409 4261 possunt
3435 4228 3448 4251 ,

1881 4298 2081 4369 quippe
2105 4312 2228 4368 quae
2256 4295 2477 4350 caducae
2506 4288 2890 4360 pereuntisque
2927 4295 3135 4340 natura:
3161 4283 3293 4346 sint,
3325 4297 3459 4341 cum

1882 4400 2106 4462 stupore
2134 4388 2332 4444 mentis
2373 4384 2571 4440 intueri
2600 4400 2614 4437 :
2646 4381 2740 4437 sed
2789 4380 2970 4444 potius
3000 4386 3235 4431 mentem
3267 4373 3411 4433 illam
3435 4410 3457 4439 ,ν

201 4481 292 4533 καὶ
315 4480 428 4535 τῶν
456 4479 555 4532 ὲπὶ
585 4478 705 4549 γῆς,
732 4477 840 4532 τῶν
865 4495 927 4531 τε
970 4477 1193 4532 καθόλου
1236 4477 1513 4548 στοιχείων
1543 4478 1638 4531 καὶ
1667 4477 1775 4531 τῶν

1883 4500 1990 4540 non
2036 4484 2198 4539 modo
2241 4478 2611 4537 communium
2659 4473 2897 4529 universi
2954 4480 3306 4533 naturarum,
3359 4464 3454 4520 sed

200 4573 293 4626 ἐπὶ
331 4572 558 4642 μέρους,
585 4568 682 4641 τὴν
707 4569 808 4638 τῆς
848 4568 1099 4641 θεότητος
1139 4570 1336 4642 διαρκῆ
1380 4569 1779 4641 μεγαλουργίαν

200 4662 672 4733 ἱπιδεικνυμὲνηνν
715 4661 848 4715 πᾶσί
890 4678 953 4714 τε
986 4662 1206 4731 ἀφανῶς
1242 4663 1336 4715 καὶ
1368 4663 1499 4733 ἡμῖν
1552 4663 1777 4716 ἀνεπαιο

202 4753 409 4826 σθήτως
431 4751 851 4819 ἐπιστατοῦσαν,
873 4753 969 4806 καὶ
981 4753 1157 4823 λόγοις
1176 4754 1570 4826 ἀνεκφράστοις
1591 4752 1782 4822 σοφίας

198 4846 286 4899 τὸν
307 4846 607 4917 σύμπαντα
627 4845 829 4914 κόσμον
854 4844 1313 4915 διακυϐερνῶσαν.
1340 4844 1621 4899 Τοσούτων
1644 4847 1780 4917 ἡμῖν

199 4938 665 5009 ἀποδεδειγμένων
688 4938 768 4999 είς
800 4935 1018 5006 ἔλεγχον
1048 4936 1146 5007 τῆς
1180 4936 1482 4990 ἀσυστάτου
1524 4937 1717 5006 σοφίας
1743 4937 1777 5009 ἢ

200 5028 497 5100 θεολογίας,
539 5030 641 5101 τῆς
684 5045 747 5083 τε
776 5028 1072 5100 λεγομένης
1118 5028 1512 5101 μυθικωτέρας,
1541 5032 1637 5084 καὶ
1677 5030 1778 5100 τῆς

204 5121 557 5196 ὑψηλοτέρας,
580 5121 677 5176 καὶ
700 5121 1094 5193 φυσικωτὲρας,
1120 5124 1187 5192 ἢν
1207 5121 1257 5175 οἱ
1276 5121 1496 5176 παλαιοὶ
1519 5122 1778 5194 Ἔλληνές

202 5228 257 5266 τε
288 5214 384 5271 καὶ
406 5214 701 5284 Αἰγύπτιοι
724 5212 1076 5284 σεμνύνοντες
1100 5211 1516 5284 ἀπεδείχθησαν·
1543 5212 1660 5284 ῶρα
1683 5213 1779 5267 καὶ⁸

203 5303 303 5359 τῶν
315 5304 457 5359 νεῶν
475 5304 586 5358 τῶν
604 5304 672 5375 δή
694 5303 815 5357 καθ’
831 5303 980 5373 ἡμᾶς
992 5304 1184 5366 αὐτοὺς
1203 5303 1512 5374 φιλοσοφεῖν
1538 5306 1777 5374 ἐπαγγε-

204 5395 438 5466 λομένων
450 5394 758 5467 ἐπαθρῆσαι
772 5392 842 5450 τὰ
851 5393 1298 5464 καλλωπίσματα.
1312 5394 1436 5448 Οἵδε
1449 5395 1556 5467 γάρ
1570 5395 1637 5449 τὰ
1650 5397 1777 5467 περὶ

204 5488 288 5541 νοῦ
316 5484 715 5560 δημιουργικοῦ
751 5485 861 5540 τῶν
902 5486 1059 5550 ὅλων,
1095 5486 1275 5540 καὶτὰ
1305 5487 1433 5560 περὶ
1473 5488 1776 5559 ἀσωμάτων

213 5576 367 5646 ἰδεῶν,
388 5577 599 5650 νοερῶν
617 5593 680 5629 τε
700 5577 794 5630 καὶ
813 5575 1049 5645 λογικῶν
1074 5574 1374 5647 δυνάμεων,
1390 5580 1501 5641 τοῖς
1525 5577 1664 5648 ἀμφὶ
1684 5577 1775 5631 τὸν

211 5669 456 5725 Πλάτωνα
471 5670 703 5741 μακροῖς
717 5667 833 5722 ποθ’
849 5667 977 5722 {me
982 5684 1075 5739 ρον
1087 5667 1292 5739 χρόνοις
1303 5669 1503 5740 ὲφευρη
1513 5667 1664 5739 μένα,
1682 5669 1776 5722 καὶ

271 5796 294 5824 ³
332 5784 417 5839 ἵσ.
447 5787 517 5856 τῇ
552 5782 769 5857 μυθικῇ.

846 5784 875 5826 δ
916 5784 1000 5838 τον.
1033 5782 1325 5854 θεολογίαν.

1880 4592 2063 4633 rerum
2091 4587 2307 4646 quoque
2335 4571 2669 4638 singularum
2696 4563 3045 4625 elfectricem,
3080 4572 3310 4631 quaeque
3327 4571 3482 4617 cum,-

1880 4669 2015 4724 insit
2054 4669 2110 4721 in
2140 4663 2415 4728 omnibus,
2446 4673 2717 4729 nusquam
2774 4666 2957 4711 tamen
3005 4652 3179 4708 videri
3232 4657 3451 4720 potest,

1880 4775 2047 4816 unam
2081 4757 2361 4820 admirari,
2391 4770 2555 4810 unam
2590 4752 2705 4807 suis
2743 4749 2810 4804 de
2839 4746 3062 4802 numine
3108 4741 3453 4800 sermonibus

1881 4866 1946 4907 ac
1966 4847 2427 4920 disputationibus
2460 4843 2780 4915 praedicare;
2803 4841 2976 4894 solam
2996 4877 3011 4902 ,
3042 4837 3285 4908 inquam,
3304 4833 3466 4888 illam.

1880 4950 2204 5015 potestatem
2235 4939 2498 5004 divinam,
2530 4950 2652 5006 quae
2677 4938 2885 5002 cuncta
2901 4938 3140 5002 permeat
3164 4968 3179 4993 ,
3219 4934 3453 4981 cuncta-

1879 5053 1987 5109 que
2028 5035 2378 5101 moderatur,
2412 5044 2642 5099 corpore
2674 5042 2901 5082 vacuam
2955 5023 3453 5106 intelligentetnque

1879 5138 2130 5184 naturam
2151 5168 2167 5193 ,
2210 5124 2296 5180 vel
2331 5121 2600 5194 ejusmodi
2629 5120 2844 5190 potius,
2897 5131 3063 5187 quam
3097 5128 3196 5168 nec
3235 5110 3451 5175 dicendi

1880 5236 1981 5276 nec
2002 5217 2274 5289 cogitandi
2304 5216 2385 5272 vis
2411 5215 2519 5270 ulla
2547 5228 2741 5281 capere
2768 5210 2979 5281 possit,
3037 5220 3160 5276 qua
3217 5204 3451 5265 subinde

1880 5314 2045 5367 rebus
2074 5312 2131 5365 in
2160 5309 2439 5373 omnibus,
2469 5323 2592 5375 qua:
2620 5321 2715 5375 per
2756 5318 2878 5358 eam
2914 5300 3248 5379 efﬁciuntur,
3280 5312 3450 5366 appa-

1880 5414 2016 5472 reat,
2040 5423 2161 5477 qua:
2197 5407 2316 5461 sine
2340 5417 2569 5471 corpore
2599 5407 2794 5455 cuncta
2816 5403 3075 5467 penetret,
3108 5410 3175 5451 at:
3197 5394 3316 5450 sine
3339 5392 3449 5448 ulla

1878 5499 2259 5556 commistione
2290 5495 2579 5567 pervadat,
2631 5506 2752 5562 quas
2782 5488 3034 5544 omnibus
3069 5487 3121 5540 in
3186 5485 3450 5541 creaturis

1878 5602 1988 5641 non
2025 5568 2337 5643 cmle‘stibus
2373 5581 2557 5646 modo,
2603 5580 2698 5637 sed
2738 5580 2898 5635 etiam
2935 5577 3161 5633 terrenis
3189 5585 3449 5632 constan-

1877 5686 1985 5733 tem
2020 5692 2082 5733 ac
2117 5684 2430 5747 perpetuam
2473 5671 2732 5742 operandi
2785 5671 3036 5725 virtutem
3090 5684 3152 5723 ac
3202 5666 3447 5739 magniﬁ-
