3858 6224
160 249 249 304 ιρι
1337 248 1658 304 ΡΠΑΞΡΑῐί.
1702 248 1723 301 ῐ

1828 248 1955 303 HNG.
1998 248 2125 303 LIB.
2168 247 2255 302 Ill.

3323 251 3428 309 {63

154 361 281 437 ἦλθε
318 366 478 432 πολὺ,
515 366 611 419 καὶ
639 365 989 439 συνώμερισε
1031 368 1123 421 καὶ
1163 370 1499 423 κατεκάλυσε
1528 369 1639 439 (38)
1670 367 1723 421 τὲ

1840 366 1922 421 vis
1952 366 2288 436 corruptioni
2316 382 2537 423 causam
2576 368 2889 438 praebuerit,
2920 377 3123 424 terram
3153 381 3320 426 aestus
3346 373 3426 427 in-

156 455 352 509 πάντα.
399 454 653 509 Τοιούτου
707 456 767 509 δέ
805 474 949 521 τινος
983 457 1277 529 γενομένου
1310 460 1405 513 καὶ
1447 460 1573 531 περὶ
1611 460 1736 521 τοὺς

150 546 272 600 τάτε
303 546 553 618 χρόνους,
578 549 673 600 καὶ
704 547 938 617 μάλιστα
958 550 1055 619 τῆς
1079 549 1342 614 Βοιωτίας
1368 550 1735 622 βυθισθείσης,

149 639 225 702 ὡς
252 638 472 711 πρῶτον
515 639 675 692 ἀνέδυ
715 641 777 692 τὸ
817 641 1017 704 πεδίον,
1050 643 1144 695 καὶ
1179 643 1211 713 ὴ
1242 641 1551 714 πλημμύρα
1599 641 1736 695 ἐλώ-

149 749 346 802 φησεν,
375 732 407 783 ό
434 732 532 801 μὲν
566 731 625 795 ἐξ
672 731 854 794 εὐδίας
883 732 1083 803 κόσμος
1116 731 1211 786 τοῦ
1239 734 1584 805 περιέχοντος
1608 736 1739 804 ὁμο-

146 823 265 893 νοίᾳ.
307 822 419 892 (39)
458 824 554 875 καὶ
590 822 854 893 διαλλαγῇ
907 823 1012 876 τῶν
1066 823 1205 877 θεῶν
1247 825 1461 897 ἐλέχθη.
1511 826 1737 899 Πρῶτον

145 913 203 965 δὲ
226 912 458 982 ἀνέσχεν
484 914 548 965 ἐκ
572 912 683 965 τῶν
713 912 899 982 φυτῶν
927 914 1025 983 τῆς
1049 916 1152 985 γῆς
1178 918 1210 984 ἡ
1235 915 1386 987 δρῦς,
1413 916 1507 969 καὶ
1530 915 1736 987 ταύτην

145 1005 445 1074 ἠγάπησαν
497 1006 547 1057 οἱ
587 1004 891 1076 ἄνθρωποι,
938 1008 1144 1079 τροφῆς
1180 1007 1296 1078 βίου
1340 1008 1433 1062 καὶ
1462 1007 1734 1079 σωτηρίας

142 1095 406 1168 διαμονὴν
430 1098 843 1168 παρασχοῦσαν·
873 1100 931 1152 οὐ
956 1100 1065 1172 γὰρ
1092 1100 1255 1172 μόνον
1287 1105 1401 1165 τοῖς
1428 1100 1733 1169 εὐσεϐέσιν,

139 1188 216 1250 ὡς
271 1188 518 1253 Ἡσίοδός
545 1206 730 1262 φησιν,
760 1189 898 1244 ἀλλὰ
929 1191 1019 1244 καὶ
1062 1195 1176 1257 τοῖς
1211 1191 1581 1262 ὑπολειφθεῖσι
1636 1191 1735 1264 τῆς

142 1276 351 1347 φθορᾶς
365 1319 381 1344 ,

1841 460 2019 524 vadit;
2050 460 2134 513 sin
2163 468 2342 513 autem
2377 475 2441 514 ex
2469 471 2620 528 parte
2654 458 2910 526 lunonis,
2943 462 3046 516 hoc
3071 471 3156 516 est
3189 463 3425 518 humida)

1841 550 2117 620 flabilique
2166 559 2399 615 naturm,
2434 551 2637 619 aliquid
2691 552 2906 620 injuriae
2948 554 3424 623 etexsuperantize

1838 642 2148 712 contigerit,
2178 641 2445 695 immensa
2478 642 2560 696 vis
2590 643 2849 697 imbrium
2886 645 3142 700 universa
3173 647 3424 714 proluere

1837 743 2001 804 atque
2018 734 2250 787 obruere
2279 734 2584 787 consuevit.
2603 733 2789 804 Itaque
2805 751 2929 789 cum
2963 736 3166 805 aliquid
3183 736 3230 808 ej
3241 754 3424 793 usmo—

1837 826 1889 878 di
1918 824 2255 894 temporibus
2279 825 2385 879 illis
2416 825 2734 892 aceidisset;
2768 826 2994 897 ipsaque.
3038 831 3276 883 maxime
3300 829 3426 885 Bmo

1838 917 1946 970 otia
1991 932 2258 985 aquarum
2308 916 2612 971 vorticibus
2655 917 2853 972 hausta
2901 927 3065 984 esset,
3099 931 3158 974 ut
3183 923 3423 989 primum

1834 1009 2043 1064 exstitit
2077 1009 2413 1079 emersitque
2451 1008 2629 1063 solum
2656 1048 2671 1071 ,
2733 1018 2788 1062 et
2846 1008 3222 1066 inundationis
3254 1026 3420 1067 aestus

1836 1097 2081 1160 remisit,
2135 1107 2367 1152 ornatus
2416 1097 2505 1152 ille
2552 1114 2615 1154 ac
2672 1099 2902 1168 species,
2936 1116 3058 1169 quae
3102 1102 3421 1159 circumfusi

1833 1182 1975 1237 aeris
1993 1188 2225 1257 sudique
2255 1189 2378 1243 coeli
2426 1191 2775 1244 serenitatem
2805 1200 2888 1245 est
2930 1203 3245 1260 consecuta,
3286 1210 3421 1249 con-

1838 1281 2025 1335 sensio
2046 1280 2274 1336 deorum
2302 1296 2366 1336 ac
2395 1282 2767 1337 reconciliatio
2789 1294 3100 1355 nuncupata
3130 1296 3228 1340 est.
3259 1284 3425 1341 Plan-

139 1382 321 1426 tarnm
347 1388 480 1427 vero
509 1374 766 1443 princeps
794 1376 1464 1446 eaputevtulitquercus,
1527 1389 1760 1444 eamque
1842 1373 2116 1440 homines,
2168 1374 2314 1444 quod
2372 1374 2575 1429 vietum
2631 1376 3032 1445 suppeditaret,
3085 1378 3423 1449 salutemque

137 1481 313 1532 ipsam
365 1475 635 1532 tueretur,
689 1469 1018 1524 adamarunt
1064 1488 1077 1524 :
1113 1471 1313 1540 quippe
1345 1486 1466 1541 quae
1499 1484 1610 1523 non
1654 1469 1720 1523 iis
1760 1466 1943 1527 modo.
1974 1467 2068 1536 qui
2100 1466 2353 1536 pietatem
2415 1482 2481 1522 ac
2520 1467 2835 1539 religionem
2896 1469 3100 1533 colant,
3134 1478 3193 1524 ut
3223 1468 3415 1526 Hesio-

144 1560 248 1614 c'us
270 1560 543 1630 loquitur,
580 1562 676 1617 sed
703 1563 770 1617 iis
799 1565 983 1627 etiam,
1012 1564 1106 1634 qui
1135 1579 1481 1619 communem
1509 1561 1871 1617 calamitatem
1901 1558 2208 1631 effugerint,

138 1656 319 1723 Ἄκρη
329 1657 454 1725 μέν
464 1674 530 1713 τε
544 1657 709 1726 φέρει
716 1658 1049 1725 βαλάνους,
1062 1659 1270 1729 μέσση
1284 1659 1353 1713 δὲ
1361 1660 1685 1729 μελίσσας.
1701 1677 1719 1710 ι

1834 1654 2042 1709 Trunca
2068 1655 2259 1725 fundat
2286 1671 2430 1725 apes,
2466 1671 2774 1726 summoque
2798 1656 3070 1710 cacumine
3097 1654 3359 1726 glandem.
3392 1675 3411 1709 ι

132 1746 325 1801 Ταῦτα
380 1748 484 1818 μὲν
539 1751 569 1802 ὁ
609 1749 972 1822 Πλούταρχος.
1012 1752 1203 1822 Ἡμεῖς
1254 1752 1312 1805 δὲ
1366 1751 1613 1822 ἔγνωμεν
1664 1752 1723 1804 ὲκ

1832 1745 2108 1801 Hactenus
2148 1745 2497 1811 Plutarchus;
2529 1763 2593 1801 ex
2625 1748 2784 1817 cujus
2820 1745 3063 1817 profecto
3091 1746 3202 1817 87
3233 1747 3418 1803 verbis

128 1838 239 1892 τῶν
304 1841 730 1912 παρατεθεισῶν
782 1842 932 1913 αὐτῷ
995 1843 1302 1913 φωνῶν,ῶς
1361 1844 1469 1916 ἄρα
1541 1843 1637 1898 καὶ
1690 1845 1724 1913 ή

131 1928 431 2001 θαυμαστὴ
462 1932 559 1984 καὶ
596 1932 907 2004 ἀπόρρητος
933 1933 1246 2003 φυσιολογία
1270 1934 1369 2004 τῆς
1413 1932 1726 2004 Ἑλληνικῆς

130 2022 419 2091 θεολογίας
464 2022 610 2076 θεῖον
650 2024 750 2095 μὲν
798 2025 969 2088 οὐδὲν,
1022 2026 1142 2079 οὐδέ
1188 2044 1240 2079 τι
1285 2026 1426 2097 μέγα
1468 2027 1563 2079 καὶ
1607 2024 1726 2077 θεο-

126 2116 367 2186 πρεπὲς,
433 2116 534 2169 καὶ
586 2116 689 2186 τῆς
740 2117 1088 2180 ἀναστάσεως
1124 2116 1237 2190 (40)
1269 2117 1417 2183 ἄξιον
1471 2118 1724 2187 ἐπήγετο.

138 2203 416 2275 ’Δκήκοας
466 2205 579 2279 γάρ
616 2206 713 2277 τὴν
749 2208 927 2279 ’Ἥραν
956 2208 1075 2261 τοτὲ
1113 2208 1212 2279 μὲν
1238 2210 1278 2262 Γ
1278 2208 1507 2279 αμήλιον
1531 2210 1728 2276 ἀναγο-

124 2296 457 2367 ρευομένην,
506 2301 603 2350 καὶ
645 2296 744 2368 τὴν
784 2297 974 2370 ἀνδρὸς
1037 2298 1132 2352 καὶ
1183 2297 1439 2367 γυναικὸς
1496 2297 1731 2369 συμϐίω-

122 2408 214 2443 σιν
252 2391 548 2460 δηλοῦσαν,
594 2393 715 2446 τοτὲ
749 2393 804 2447 δὲ
835 2394 931 2464 τὴν
976 2395 1081 2465 γῆν
1116 2392 1280 2446 πάλιν
1319 2392 1497 2463 Ἥραν
1539 2390 1730 2460 ὀνομα-

121 2480 389 2554 ζομένην,
419 2484 545 2537 τοτὲ
560 2479 631 2537 ’δὲ
660 2484 758 2556 τὴν
776 2485 946 2556 ὑγρὰν
962 2486 1171 2538 οὐσίαν·
1187 2484 1279 2536 τὸν
1296 2483 1350 2536 δὲ
1365 2484 1616 2537 Διόνυσον
1646 2483 1728 2546 εἰς

120 2575 223 2644 τὴν
274 2575 453 2646 μέθην
490 2577 974 2647 μετενηνεγμένον,
1015 2579 1093 2640 εἰς
1120 2576 1292 2629 νύκτα
1327 2574 1504 2643 δὲτὴν
1543 2571 1724 2645 Λητὼ,

115 2667 221 2719 καὶ
260 2668 355 2721 τὸν
397 2667 553 2738 ἥλιον
594 2670 676 2732 εἰς
711 2669 1038 2733 Ἀπόλλωνα,
1076 2670 1171 2723 καὶ
1198 2668 1360 2722 αὐτόν
1393 2684 1457 2736 γε
1510 2668 1600 2720 τὸν
1630 2667 1727 2719 Δία

114 2758 207 2819 εἰς
242 2758 340 2828 τὴν
376 2758 591 2831 θερμὴν
617 2760 714 2812 καὶ
744 2759 962 2832 πυρώδη
987 2759 1235 2831 δύναμιν.
1266 2756 1475 2813 Οὐκοῦν
1498 2757 1632 2829 πρὸς
1656 2759 1723 2829 τῇ

110 2848 236 2901 τῶν
261 2848 451 2919 μύθων
473 2851 777 2921 ἁπρεπεξᾳ,
799 2851 941 2920 καὶὴ
966 2850 1196 2904 δοκοῦσα
1215 2849 1515 2923 σεμνοτέρα
1538 2850 1729 2921 διήγη-

112 2956 209 3003 σις
252 2943 347 2993 καὶ
393 2942 720 3011 φυσιολογία
749 2942 849 2995 οὐκ
882 2941 973 2993 ἐπί
1004 2959 1155 3004 τινας
1207 2940 1491 3013 οὐρανίους
1535 2940 1727 3011 νοερᾶς

111 3032 217 3084 καὶ
252 3030 409 3096 θείας
446 3032 733 3102 δυνάμεις,
763 3032 870 3085 οὐδ’
898 3033 989 3087 ἐπὶ
1020 3031 1243 3101 λογικὰς
1276 3032 1371 3086 καὶ
1402 3031 1727 3099 ἀσωμάτους

113 3122 326 3192 ἀνῆγεν
364 3122 580 3185 οὐσίας·
637 3122 786 3175 κάτω
828 3122 886 3175 δὲ
913 3123 1071 3176 πάλιν
1108 3124 1210 3176 καὶ
1243 3123 1378 3194 αὐτὴ
1429 3123 1509 3187 εἰς
1558 3121 1727 3193 μέθας

118 3210 214 3263 καὶ
262 3211 488 3282 γάμους
534 3212 631 3265 καὶ
670 3210 984 3283 ἀνθρώπεια
1022 3212 1192 3285 πάθη,
1240 3213 1318 3278 εἷς
1349 3230 1410 3265 τε
1440 3211 1570 3283 πῦρ,
1600 3212 1724 3282 γῆν,

122 3305 217 3360 22‘.
238 3304 419 3378 ἦλτωρ,
448 3304 550 3362 καὶ
576 3303 647 3361 τὰ
676 3302 840 3361 λοιπὰ
876 3305 975 3379 τῆς
1004 3303 1136 3379 ὕλης
1165 3308 1402 3378 στοιχεῖα
1434 3303 1728 3374 κατέστρε-

124 3415 191 3467 φε
221 3398 290 3452 τὰ
327 3400 476 3472 μέρη
507 3398 602 3452 τοῦ
633 3400 859 3470 κόσμου,
887 3401 982 3452 καὶ
1007 3398 1166 3452 πλέον
1192 3396 1516 3451 θεοποιοῦσα
1549 3396 1721 3449 οὐδέν.
1748 3423 1754 3431 ι

126 3490 290 3544 Τοῦτο
313 3491 375 3544 δὲ
404 3490 505 3544 καὶ
534 3491 563 3542 ὁ
594 3489 819 3544 Πλάτων
845 3486 1003 3543 οἶδεν.
1043 3489 1325 3560 Ὁμολογεῖ
1348 3486 1477 3558 γοῦν
1510 3488 1727 3558 διαρρή-

124 3585 213 3655 δην
227 3587 288 3640 ἐν
303 3584 388 3653 τῷ
406 3583 706 3651 Κρατύλῳ
726 3583 892 3653 μηδὲν
911 3581 1070 3635 πλέον
1092 3581 1201 3634 τῶν
1220 3582 1511 3652 ὁρωμένων
1528 3580 1619 3634 τοῦ
1640 3581 1727 3633 κό-

128 3690 257 3742 σμου
276 3672 467 3744 μερῶν
482 3670 613 3735 τοὺς
631 3670 880 3743 πρώτους
891 3670 996 3725 τῶν
1015 3671 1139 3744 περὶ
1160 3670 1258 3743 τὴν
1275 3670 1498 3729 Ἐλλάδα
1517 3670 1612 3723 ἀνθ
1621 3669 1725 3742 ρώ-

128 3780 234 3815 πων
255 3761 574 3830 ἐγνωκέναι
592 3778 606 3790 ·
641 3761 834 3831 μόνους
880 3760 937 3814 δὲ
957 3760 1110 3823 θεοὺς
1133 3755 1268 3814 εἶναι
1288 3760 1412 3823 τοὺς
1431 3763 1490 3813 ὲν
1513 3759 1724 3832 οὐρανῷ

125 3856 445 3925 ςωέτῆρας,
498 3853 599 3908 καὶ
639 3853 710 3907 τὰ
746 3852 912 3906 λοιπὰ
953 3852 1059 3905 τῶν
1102 3852 1444 3923 φαινομένων
1480 3853 1718 3924 νομίσαι.

122 3948 279 4016 Λέγει
309 3947 358 4000 δ’
385 3942 485 4000 οὖν
511 3940 617 3998 ὦδε
652 3945 787 4016 πρὸς
818 3943 985 4008 λέξιν·
1023 3964 1040 3995 ι
1070 3944 1353 3997 Φαίνονταί
1379 3962 1469 4015 μοι
1496 3946 1544 3997 οἱ
1577 3943 1724 4016 πρῶ-

124 4054 199 4090 τοι
228 4038 341 4091 τῶν
376 4036 688 4109 ἀνθρώπων
723 4037 852 4109 περὶ
881 4036 979 4107 τὴν
1017 4035 1242 4089 Ἐλλάδα
1273 4036 1494 4100 τούτους
1528 4036 1722 4106 μόνους

124 4126 276 4192 θεοὺς
311 4130 599 4201 ἡγεῖσθαι,
640 4127 850 4201 οὕσπερ
898 4128 991 4181 νῦν
1038 4129 1225 4182 πολλοὶ
1259 4128 1369 4181 τῶν
1410 4128 1720 4200 βαρϐάρων,

127 4220 314 4273 Ἥλιον
359 4220 462 4274 καὶ
506 4220 769 4292 Σελήνην,
812 4221 908 4274 καὶ
940 4221 1069 4292 Γῆν,
1104 4221 1198 4275 καὶ
1234 4222 1464 4292 Ἀστρα,
1505 4221 1598 4273 καὶ
1627 4220 1723 4272 Οὐ-

128 4312 307 4381 ρανόν.
345 4333 366 4364 ι
409 4311 578 4364 Ἀλλὰ
608 4310 681 4365 τά
711 4312 808 4382 μὲν
851 4312 1138 4384 Ἑλληνικὰ
1164 4312 1409 4366 τοιαῦτα·
1442 4311 1637 4382 ἴδωμεν
1664 4310 1721 4363 δὲ

1835 1836 2191 1907 intelligimus
2230 1838 2365 1892 nihil
2399 1838 2625 1894 omnino
2653 1840 2854 1910 magni,
2898 1840 3157 1910 quodque
3200 1841 3280 1895 vel
3321 1840 3412 1896 (li-

1832 1928 2115 1984 vinitatem
2157 1930 2357 2000 sapiat,
2402 1930 2486 1985 vel
2521 1935 2786 1987 ostentari
2834 1949 3163 2003 magnopere
3198 1933 3412 1995 debeat,

1828 2019 2085 2089 praeclara
2115 2020 2221 2076 ista
2238 2021 2625 2091 reconditaquc
2649 2022 2850 2078 Graecae
2876 2024 3160 2094 theologia:
3175 2024 3411 2079 naturali

1828 2111 2189 2181 explicatione
2204 2113 2731 2185 contineri.Quippe,
2749 2113 3019 2171 Iunonem
3032 2116 3177 2171 enim
3192 2117 3412 2173 audiisti

1829 2203 1993 2259 modo
2005 2202 2312 2260 Pronubam
2331 2205 2609 2275 appellari,
2632 2208 2788 2276 quasi
2808 2216 3052 2262 mutuam
3071 2208 3174 2262 viri
3200 2218 3254 2264 et
3275 2225 3413 2264 uxo—

1827 2297 1906 2351 ris
1920 2296 2045 2351 vitae
2061 2297 2508 2353 communionem
2529 2298 2798 2368 signiﬁcet
2812 2317 2826 2365 ;
2842 2300 3411 2361 modoterram,modo

1829 2393 2110 2447 humidam
2143 2401 2398 2447 naturam
2442 2392 2690 2447 eamdem
2708 2392 2888 2447 vocari
2918 2410 2931 2448 :
2962 2391 3236 2448 Bacchum
3279 2409 3410 2447 vero

1828 2481 1895 2536 ad
1922 2482 2221 2548 ebrietatis,
2258 2482 2519 2538 Latonam
2555 2484 2622 2537 ad
2662 2483 2859 2547 noctis,
2902 2483 3075 2538 solem
3104 2484 3170 2538 ad
3196 2484 3401 2553 Apolli-

1828 2573 1936 2638 nis,
1967 2574 2256 2643 ipsumque
2304 2574 2439 2629 adeo
2464 2572 2651 2628 Jovem
2690 2574 2759 2628 ad
2800 2573 2991 2628 calidae
3023 2582 3077 2628 et
3120 2574 3290 2643 igneae
3323 2575 3408 2629 vis

1828 2664 2280 2733 significationem
2322 2665 2705 2736 rationemque
2753 2664 2987 2720 traduci.
3036 2663 3180 2735 Ergo
3211 2675 3408 2734 przeter

1829 2756 2134 2812 fabularum
2175 2756 2577 2829 indignitatem,
2608 2759 2724 2828 ipsa
2772 2773 2993 2828 quoque
3037 2757 3276 2827 gravior,
3322 2756 3403 2811 uti

1828 2850 2135 2913 videbatur,
2162 2865 2351 2904 earum
2383 2850 2763 2919 interpretatio
2803 2865 2869 2905 ac
2900 2848 3261 2921 physiologia,
3291 2864 3403 2903 non

1823 2941 1934 3010 jam
1964 2940 2048 2994 vel
2091 2940 2157 2994 ad
2201 2943 2447 2997 ccelestes
2481 2941 2645 3004 ullas,
2681 2940 3040 3011 intelligentes
3077 2939 3403 3009 divinasque

1831 3030 2141 3094 facultates,
2176 3033 2260 3085 vel
2282 3033 2347 3086 ad
2377 3041 2603 3087 naturas
2631 3032 2846 3103 aliquas
2876 3036 3090 3088 ratione
3119 3030 3400 3101 praeditas,

1754 3107 1796 3164 C
1830 3124 1977 3175 etab
2013 3121 2164 3176 omni
2205 3138 2495 3191 corporum
2527 3123 2874 3178 concretione
2903 3122 3179 3191 sejunctas
3210 3123 3406 3177 evehe-

1828 3213 1955 3279 bat;
2010 3215 2103 3267 sed
2154 3214 2407 3269 deorsum
2448 3230 2698 3284 vergens,
2736 3222 2830 3269 aut
2880 3213 2935 3267 in
2974 3215 3273 3283 crapulam,
3304 3230 3407 3267 nu-

1828 3307 1990 3374 ptias,
2015 3318 2067 3359 et
2086 3308 2353 3360 humanas
2377 3306 2723 3376 cupiditat.s,
2748 3315 2843 3360 aut
2870 3306 2923 3359 in
2950 3307 3071 3375 igne
3093 3322 3153 3368 ιι,
3181 3313 3401 3371 terram,

1828 3398 1997 3452 solem
2035 3413 2099 3452 ac
2143 3399 2352 3467 reliqua
2393 3398 2660 3452 elementa
2702 3397 2757 3451 in
2802 3398 3087 3452 materiam
3121 3398 3401 3463 immersa,

1828 3489 2124 3557 mundique
2166 3499 2347 3558 partes
2394 3496 2639 3542 extremo
2690 3489 2846 3557 quasi
2896 3498 3018 3541 actu
3081 3486 3399 3546 desinebat,

1826 3580 2069 3648 nullique
2102 3590 2362 3655 prmterea
2397 3579 2835 3633 rcidivinitatem
2889 3578 3180 3632 tribuebat.
3223 3578 3402 3645 Atque

1827 3671 1929 3725 hoc
1953 3671 2067 3739 ipse
2098 3685 2317 3740 quoque
2354 3669 2511 3724 Plato
2556 3670 2841 3723 intellexit.
2879 3668 3167 3721 Enimvero
3197 3669 3399 3722 diserte

1825 3763 2026 3819 fatetur
2056 3764 2110 3817 in
2144 3762 2384 3833 Craiylo,
2410 3740 2607 3832 pra'ter
2651 3762 2785 3814 istas
2826 3776 2946 3829 (pne
2992 3761 3095 3815 sub
3117 3770 3396 3828 aspectum

1826 3856 2026 3911 cadunt
2061 3855 2249 3908 mundi
2300 3863 2503 3923 partes,
2562 3853 2697 3906 nihil
2726 3867 2822 3906 eos
2845 3852 3092 3915 omnino,
3126 3852 3219 3921 qui
3252 3850 3401 3905 ϐιαι-

1825 3948 1963 4003 ciam
1997 3947 2267 4018 principes
2300 3954 2605 4007 tenuerant,
2637 3945 2982 4013 cognovissi-,
3008 3958 3072 3997 ac
3118 3943 3231 3997 Sola
3277 3943 3399 3996 cmli

1824 4048 1993 4103 astra,
2032 4048 2086 4092 et
2129 4046 2342 4100 (uetera,
2385 4051 2508 4105 qua:
2548 4037 2902 4105 plizenomeua
2947 4042 3229 4097 vocantur,
3269 4031 3402 4086 deos

1824 4139 2065 4200 putasse.
2110 4127 2201 4184 Sic
2230 4128 2375 4183 enim
2408 4128 2475 4181 ad
2514 4129 2741 4182 verbum
2774 4127 3046 4196 loquitur-
3070 4145 3087 4177 ι
3124 4124 3227 4192 Qui
3255 4123 3402 4178 Grae-

1823 4221 1964 4275 ciam
2009 4221 2171 4290 primi
2212 4220 2472 4284 habuere,
2496 4218 2533 4273 ii
2557 4218 2812 4272 videntur
2845 4218 2977 4272 mihi
3020 4218 3150 4271 deos
3190 4224 3400 4269 tantum

1823 4312 1948 4367 illos
1977 4312 2347 4374 existimasse,
2376 4327 2517 4382 quos
2538 4311 2840 4365 etiamnum
2874 4311 3232 4364 barbarorum
3284 4308 3400 4378 ple-

127 4402 218 4453 καὶ
253 4403 326 4456 τὰ
369 4401 584 4456 τούτων
623 4401 947 4456 παλαίτατα·
978 4398 1046 4474 ἦν
1082 4403 1140 4456 δὲ
1168 4402 1236 4455 τὰ
1272 4401 1563 4470 Αἰγύπτια.
1607 4401 1717 4472 Τὴν

1829 4405 1986 4473 rique
2031 4404 2389 4467 arbitrantur,
2432 4403 2634 4468 Solem,
2667 4401 2901 4469 Lunam,
2932 4402 3178 4465 Terram,
3212 4401 3397 4466 Astra,

131 4486 259 4547 Ἶσιν
297 4496 438 4564 φασὶ
473 4495 569 4547 καὶ
601 4493 693 4546 τὸν
725 4495 957 4565 Ὄσιριν,
1006 4494 1096 4548 τὸν
1126 4493 1275 4564 ἥλιον
1321 4489 1458 4545 εἶναι
1495 4493 1590 4545 καὶ
1618 4494 1718 4564 τὴν

130 4582 375 4655 σελήνην·
407 4584 507 4636 καὶ
537 4582 638 4636 Δία
672 4583 771 4654 μὲν
803 4583 864 4636 τὸ
888 4583 975 4636 διὰ
1001 4583 1215 4637 πάντων
1242 4582 1454 4655 χωροῦν
1478 4582 1714 4653 πνεῦμα·

132 4675 433 4743 Ἦςαιστον
473 4676 531 4729 δὲ
578 4675 640 4728 τὸ
670 4675 800 4747 πῦρ·
838 4675 937 4747 τὴν
971 4676 1025 4728 δὲ
1058 4675 1183 4746 γῆν,
1210 4676 1503 4746 Δήμητραν
1529 4675 1719 4729 ἐπονο-

131 4768 315 4837 μάσαι·
366 4767 630 4821 Ὠκεανόν
665 4783 727 4820 τε
750 4766 840 4821 τὸν
866 4767 1030 4839 ὑγρὸν
1054 4765 1367 4839 νομίζεσθαι
1394 4767 1524 4838 παρ’
1548 4767 1687 4835 Αἰγυ
1704 4795 1718 4808 ο

202 4924 310 4993 (58)
351 4923 774 4978 Κατεκάλυσε.
817 4922 1127 4994 Legendum
1155 4922 1370 4977 videtur
1394 4921 1715 4987 κατέκλυσε,

130 4995 215 5047 vel
244 4994 622 5063 κατεκάλυψε.

204 5065 312 5136 (39)
362 5061 663 5136 Ὁμονοίᾳ,
709 5073 815 5120 etc.
859 5061 1042 5118 Malim
1074 5063 1297 5136 ὁμόνοια
1339 5063 1435 5118 καὶ
1456 5064 1716 5136 διαλλαγὴ

126 5133 235 5186 τῶν
253 5135 397 5188 θεῶν
420 5135 643 5205 ἐλέχθη.

202 5205 312 5286 (4ο)
364 5203 1107 5286 Ἀναστᾷσεως.-ρφιιίηο
1166 5203 1454 5286 legendum
1504 5204 1718 5285 videtur

127 5275 472 5339 ἁιητᾶσεως,
501 5285 561 5329 ιιι
593 5277 757 5340 infra,
792 5276 885 5330 ubi
925 5277 991 5328 de
1022 5275 1474 5343 praestigiatorum
1510 5275 1715 5328 carmi-

130 5346 287 5401 uibus
310 5349 381 5400 ad
416 5346 659 5414 speciem
693 5356 748 5401 et
776 5350 1196 5401 ostentationem
1220 5346 1561 5414 compositis,
1591 5346 1668 5397 ait
1695 5360 1709 5396 :

131 5414 314 5487 nam
458 5414 541 5485 τῷ
587 5417 686 5487 τῆς
728 5417 1037 5487 ἀνατάσεως
1066 5416 1282 5486 κόμπῳ,
1510 5414 1719 5487 πεπλα-

344 5484 653 5557 τύπῳζτῆς
705 5486 991 5557 θεοφορΞας
1041 5484 1497 5557 ἐσχηματισμένα.
1547 5484 1716 5555 Vulgo

131 5554 371 5621 quidem,
407 5554 712 5622 ἀνάτασις
761 5554 885 5610 ἀντῖ
932 5556 1032 5625 τῆς
1080 5554 1623 5622 ἀπειλῆς-ευωὶιιιτ,
1658 5554 1717 5608 ut

130 5624 550 5682 eratab-800a;
599 5627 722 5680 ἀντὶ
766 5626 863 5680 τοῦ
906 5624 1194 5680 ἀπειλεῖν.
1254 5626 1359 5679 Sed
1405 5636 1603 5689 tamen,
1659 5634 1716 5679 ut

134 5697 529 5761 ἁνατεΐνεσθαι,
565 5698 648 5752 sic
684 5707 737 5753 et
784 5698 1067 5761 ὰνάτασις,
1120 5697 1467 5768 ὑπερήφανόν
1515 5714 1565 5750 τι
1623 5697 1715 5749 καὶ

1825 4493 2058 4547 Ccelum.
2086 4512 2105 4545 ι
2142 4492 2464 4563 llujusmodi
2497 4509 2627 4563 ergo
2671 4503 2820 4559 sunt,
2867 4508 2989 4563 quae
3022 4507 3050 4545 a
3090 4490 3295 4546 Grazcis
3334 4490 3402 4544 de

1824 4585 2109 4638 numinum
2161 4599 2385 4638 suorum
2438 4594 2632 4638 natura
2677 4591 3202 4639 commemorantur.
3238 4578 3397 4633 Nunc

1822 4685 2001 4730 autem
2024 4675 2402 4746 Egyptiorum
2432 4676 2594 4729 etiam
2627 4676 2839 4729 fabulas
2875 4675 3034 4744 longe
3066 4671 3271 4727 Grmcis
3300 4686 3401 4723 an-

1822 4768 2084 4838 tiquiores
2109 4768 2410 4822 videamus.
2444 4765 2614 4820 Aiunt
2654 4767 2834 4836 itaque
2856 4806 2870 4829 ,
2917 4762 3188 4818 Osiridem
3225 4760 3399 4816 solem

1822 4928 2072 4997 σοϐαρὸν,
2102 4927 2195 4980 καὶ
2224 4925 2502 4997 ἀγέρωχον
2534 4942 2640 4979 non
2673 4927 2855 4980 minus
2887 4926 3162 4997 eleganter
3189 4920 3401 4989 signifi-

1821 5008 1927 5052 cat.
1963 4996 2157 5060 Porro,
2202 4998 2293 5050 ubi
2332 4996 2602 5059 ἀνάτασις
2632 5011 2729 5065 pro
2762 4996 3193 5065 comminatione
3238 5006 3401 5044 usur-

1859 5079 2001 5133 atur,
2033 5068 2275 5138 vulgaris
2330 5068 2494 5138 etiam
2548 5062 2643 5119 hie
2676 5083 2860 5138 error:
2878 5075 2982 5138 est,
3022 5074 3077 5138 ut
3098 5062 3399 5138 άνάστασις

1842 5147 2052 5207 egatur.
2090 5132 2383 5207 Atliacneus
2429 5137 2521 5189 lib.
2553 5152 2625 5198 Iv,
2668 5152 2718 5205 p.
2760 5136 2937 5207 15770
2982 5153 2993 5187 :
3034 5134 3143 5195 Διὸ,
3190 5132 3399 5207 πάντας

1819 5199 2045 5262 εὐλαϐοῦ
2054 5208 2249 5278 μένους
2282 5206 2379 5278 τὴν
2407 5207 2515 5259 τῶν
2547 5199 2751 5278 κυρίων
2779 5206 3093 5278 ἀνάστασιν,
3118 5199 3399 5269 φοϐεῖσθαι

1819 5278 1912 5332 τοῦ
1948 5248 2297 5348 ζῇνῖκόντας
2328 5248 2459 5348 (lion
2488 5248 2720 5346 ὲκόνέτες)
2747 5278 2992 5348 ἐκϐῆναι.
3021 5257 3250 5348 Ideoque
3279 5284 3399 5321 om-

1821 5364 1935 5420 nes.
1961 5341 2047 5420 uti
2084 5341 2427 5420 dominorum
2452 5341 2493 5416 ’(
2519 5362 2563 5399 s.
2600 5341 2824 5420 deorum
2854 5341 3395 5420 )ieomminationrm

1819 5417 2098 5484 elfugiant,
2130 5417 2436 5472 voluntaria
2466 5410 2641 5470 morte
2673 5417 2832 5469 vitam
2854 5410 3095 5481 'abjicere
3127 5410 3389 5484 formula-

1818 5504 1897 5542 re.
1930 5480 2029 5541 Ubi
2065 5480 2266 5557 optime
2298 5485 2657 5557 Casaubonus
2690 5487 2794 5553 (vir
2830 5480 3079 5557 magnus.
3111 5480 3391 5557 si_CatlIo-

1819 5559 1955 5612 licus
1992 5549 2206 5625 fuisset)
2238 5557 2365 5627 legit
2395 5549 2821 5627 ἀνά-δαπανωρ.
2844 5549 3309 5627 ῌίέυιὶηιαόινενδ.
3340 5551 3395 5601 in

1816 5644 1939 5681 enm
1971 5629 2064 5680 lib.
2095 5623 2214 5693 Quo
2237 5623 2356 5682 loco
2385 5628 2591 5697 aliquot
2625 5626 2731 5679 alia
2764 5625 2958 5681 similis
2979 5623 3185 5678 erroris
3210 5637 3364 5675 excm

1818 5699 1904 5769 pla
1940 5700 2268 5768 suppeditat.
