3858 6224
470 259 574 311 1ίῦ

1131 253 1401 309 EUSEBll
1440 251 1923 317 CAESARIENSIS
1965 253 2114 308 OPP.
2158 253 2340 307 PARS
2379 253 2442 308 ll.
2483 285 2549 292 —
2588 253 3089 311 APOLOGETICA.

3632 253 3730 308 164

2717 379 2731 397 ο
2768 376 2818 397 ,μ’
2836 378 2914 397 --9

463 395 611 445 esse,
634 378 830 435 lsidem
873 393 1007 433 vero
1052 377 1281 443 lunam;
1320 374 1509 432 Jovem
1556 376 1809 446 spiritum
1842 385 2039 431 cuncta

2156 375 2336 440 πτίοις,
2372 376 2465 429 καὶ
2488 377 2576 429 τὸν
2602 379 2731 447 παρ’
2761 376 2942 439 αὐτοῖς
2960 373 3198 444 ποταμὸν
3228 372 3436 435 Νεῖλον,
3460 363 3504 440 ᾧ
3531 380 3623 426 καί
3640 377 3730 436 τὰς

469 474 878 544 pervadentem,
912 470 1211 527 Vulcanum
1270 472 1472 539 ignem,
1505 479 1706 524 terram
1735 469 1988 524 Cererem
2024 488 2037 523 :

471 564 752 621 Oceanum
807 563 1113 627 humorem,
1148 578 1213 617 ac
1252 561 1432 615 Nilum
1457 578 1645 616 eorum
1680 560 1927 625 ﬂuvium,
1954 561 2043 615 cui

467 658 620 725 ipsas
668 670 885 726 quoque
951 654 1177 708 deorum
1226 653 1630 722 procreationes
1678 653 1986 706 attribuunt
2027 671 2042 705 :

466 762 650 803 aerem
715 747 948 815 denique
990 744 1287 799 Minervam
1327 744 1396 798 ab
1432 744 1625 798 iisdem
1661 744 1929 798 nominari
1961 744 2046 797 te-

469 850 621 894 runt.
669 837 847 907 Atque
892 838 995 892 bos
1045 836 1289 906 quinque
1344 836 1497 901 deos,
1527 834 1717 890 Aerem
1771 835 2042 900 videlicet,

477 931 713 1001 Aquam,
755 929 959 999 Ignem,
990 925 1241 992 Terram,
1275 942 1341 981 ac
1372 926 1661 996 Spiritum,
1703 926 1892 980 orbem
1920 926 2041 979 uni-

463 1038 692 1078 versuum
750 1036 1091 1092 percurrere,
1134 1021 1317 1075 varias
1365 1019 1596 1073 subinde
1652 1017 1935 1072 hominum
1991 1025 2045 1071 et

463 1114 652 1169 omnis
708 1113 922 1183 generis
967 1111 1327 1166 animantium
1388 1108 1593 1177 ﬁguras
1639 1123 1703 1162 ac
1739 1107 1924 1162 vultus
1955 1105 2038 1159 in-

466 1205 723 1265 duentes,
765 1217 1000 1271 quorum
1049 1201 1270 1255 nomina
1318 1215 1443 1253 cum
1480 1199 1687 1267 aliquot
1726 1196 2040 1251 hominibus

470 1295 634 1350 morti
679 1295 953 1359 obnoxiis,
980 1302 1034 1348 et
1081 1294 1135 1346 in
1183 1291 1420 1362 {Egypto
1446 1292 1588 1345 natis
1639 1288 2041 1344 communicata

467 1387 689 1451 fuerint,
720 1387 834 1456 88
858 1400 997 1455 quos
1026 1384 1211 1454 utique
1243 1384 1447 1449 Solem,
1466 1382 1786 1447 Saturnum,
1808 1378 2040 1442 Rheam,

468 1479 683 1543 Jovem,
706 1477 999 1542 lunonem,
1035 1478 1361 1542 Vulcanum,
1397 1476 1733 1545 Vestamque
1761 1472 2044 1543 cognomi-

2147 469 2254 522 τῶν
2269 468 2406 522 θεῶν
2431 469 2707 522 ἀναθεῖναι
2731 469 2993 538 γενέσεις
3025 468 3115 521 τὸν
3130 468 3185 521 δὲ
3209 468 3345 538 ἀέρα
3363 468 3524 536 φασὶν
3540 467 3730 528 αὐτοὺς

2149 563 2574 634 προσαγορεύειν
2597 562 2848 631 Ἀθηνᾶν.
2876 562 3111 626 Τούτους
3126 563 3182 615 δὲ
3206 562 3332 626 τοὺς
3364 561 3523 615 πέντε
3552 561 3730 623 θεοὺς,

2147 653 2238 706 τὸν
2287 654 2447 723 Ἀέρα
2486 653 2648 721 λέγω,
2685 654 2779 707 καὶ
2823 653 2883 706 τὸ
2918 653 3120 723 ’Υδωρ,
3170 653 3229 705 τό
3260 670 3319 705 τε
3341 650 3460 724 Πῦρ
3500 650 3594 704 καὶ
3635 653 3732 721 τὴν

2148 741 2280 810 Γῆν,
2317 744 2412 795 καὶ
2442 741 2501 795 τὺ
2536 741 2780 812 Πνεῦμα,
2824 744 3003 796 πᾶσαν
3045 741 3140 813 τὴν
3184 741 3508 811 οἰκουμένην
3540 742 3731 793 ἐπιπο-

2150 834 2425 905 ρεύεσθαι,
2454 834 2640 888 ἄλλοτε
2670 834 2847 897 ἄλλως
2877 836 2958 898 εἰς
2981 834 3195 906 μορφάς
3212 835 3307 887 καὶ
3339 834 3483 896 ἰδέας
3519 832 3729 903 ἀνθρώ-

2147 943 2263 978 πων
2278 944 2336 979 τε
2363 927 2454 979 καὶ
2477 927 2744 980 παντοίων
2768 924 2920 989 ζώων
2948 926 3467 997 σχηματιζομένους’
3492 925 3585 978 καὶ
3612 925 3732 977 τού-

2146 1032 2253 1068 των
2269 1015 2592 1087 ὁμωνύμους
2623 1016 2751 1087 παρ’
2770 1017 2951 1079 αὐτοῖς
2966 1016 3285 1084 Αἰγυπτίοις
3307 1015 3587 1085 γεγονέναι
3605 1015 3734 1083 θνη-

2143 1107 2269 1169 τοὺς
2296 1106 2634 1177 ἀνθρώπους,
2655 1108 2861 1174 ”Ηλιον,
2890 1109 2984 1162 καὶ
3005 1108 3340 1177 Κρόνον,καὶ
3367 1107 3543 1171 Ῥέαν,
3567 1107 3646 1158 ἔτι
3677 1106 3734 1159 δὲ

2146 1200 2240 1252 καὶ
2271 1199 2386 1263 Δία,
2413 1200 2504 1251 καὶ
2528 1200 2723 1270 Ἥραν,
2743 1201 2838 1253 καὶ
2852 1201 3171 1268 Ἥφαιστον,
3204 1200 3297 1252 καὶ
3312 1198 3523 1252 Ἑστίαν
3544 1201 3733 1251 ἐπονο-

2152 1289 2473 1359 μασθέντας.
2502 1290 2707 1361 Γράφει
2732 1290 2788 1344 δὲ
2822 1293 2912 1344 καὶ
2928 1290 2996 1343 τά
3021 1292 3148 1362 περὶ
3170 1293 3375 1344 τούτων
3401 1289 3734 1360 πλατύτερον

2152 1380 2249 1452 μὲν
2262 1381 2288 1433 ὁ
2306 1381 2582 1443 Μάνεθως*
2600 1384 2861 1453 ἐπιτετμη
2873 1381 3045 1452 μένως
3056 1381 3111 1434 δὲ
3127 1383 3155 1433 ὁ
3176 1382 3436 1454 Διόδωρος
3448 1383 3577 1451 ὲντῇ
3595 1398 3734 1450 προ-

2148 1469 2398 1543 λεχθείσῃ
2420 1471 2585 1524 αὐτοῦ
2627 1476 2830 1544 γραφλ,
2859 1465 2961 1524 ὧδέ
2993 1487 3110 1534 πως
3135 1470 3360 1542 ἱστορῶν
3385 1469 3525 1523 κατά
3568 1468 3732 1532 λέξιν.

471 1580 698 1630 narunt.
729 1574 861 1638 Quae
904 1571 1193 1629 Mancthus
1250 1574 1472 1643 quidem
1527 1571 1710 1626 omnia
1775 1568 1951 1624 iusius
2009 1567 2341 1636 uberiusque
2388 1567 2753 1636 persequitur,
2814 1567 3127 1621 summatim
3181 1580 3311 1620 vero
3359 1564 3628 1621 Diodorus
3684 1566 3737 1618 in

473 1678 562 1731 eo,
600 1664 747 1735 quod
774 1680 938 1734 supra
990 1665 1356 1730 laudavimus,
1392 1663 1753 1717 Historiarum
1786 1676 1949 1731 opere
1982 1660 2048 1713 ad
2090 1659 2313 1713 verbum
2342 1658 2418 1712 ita
2445 1658 2876 1727 comprehendit.

1073 1758 1302 1814 CAPUT
1357 1758 1446 1813 HI.

685 1850 763 1904 De
788 1850 1072 1920 allegorica
1110 1850 1183 1903 1E
1188 1852 1487 1921 gyptiorum
1518 1848 1798 1919 theologia.

555 1958 573 1989 ι
596 1940 899 2012 Utrumque
923 1943 1105 2006 deum,
1133 1942 1337 2009 Solem,
1356 1941 1557 2011 inquit,
1575 1957 1638 1997 ac
1660 1941 2039 2013 Lunam,quos

473 2031 714 2104 Egyptii
741 2035 972 2090 Osiridis
1004 2034 1271 2104 lsidisque
1304 2035 1526 2089 nomine
1576 2033 1906 2104 signiﬁcant,
1943 2049 2039 2088 or-

473 2124 595 2180 bem
629 2125 947 2180 universum
979 2141 1167 2196 regere
1192 2142 1257 2181 ac
1283 2126 1575 2192 moderari,
1604 2142 1802 2195 resque
1848 2141 2040 2181 omnes

476 2216 655 2271 tribus
684 2217 959 2273 distinctis
982 2219 1109 2271 anni
1139 2218 1550 2287 tempestatibus
1572 2218 1716 2272 alere
1748 2225 1910 2287 atque
1942 2233 2041 2271 au-

472 2324 599 2377 gere
656 2317 927 2375 statuunt,
982 2325 1138 2374 vere,
1183 2318 1392 2374 testate,
1438 2322 1492 2364 et
1538 2310 1736 2375 hieme,
1766 2324 1887 2379 quae
1914 2325 2043 2365 suas

471 2400 701 2470 singulae
726 2401 1112 2456 cenversiones
1145 2410 1425 2471 aspectum
1462 2400 1703 2471 fugiente
1737 2410 1885 2455 motu
1913 2416 2044 2456 cou-

470 2490 674 2558 liciant,
700 2507 763 2546 ac
791 2492 1087 2561 plurimum
1114 2493 1254 2548 inter
1274 2507 1394 2548 sese
1424 2502 1619 2547 natura
1672 2492 1999 2548 dissidentes
2024 2534 2040 2560 ,

468 2600 688 2637 summa
722 2591 903 2637 tamen
939 2592 993 2638 et
1037 2585 1508 2653 opportunissima
1559 2585 1924 2641 consensione
1961 2586 2045 2639 in-

470 2684 683 2745 tegrum
731 2689 935 2729 annum
972 2675 1274 2730 absolvant.
1337 2680 1514 2746 Atque
1578 2676 1775 2731 horum
1818 2677 2041 2732 deorum

470 2763 745 2830 ejusmodi
778 2779 900 2819 esse
929 2773 1207 2829 naturam,
1240 2780 1363 2835 quae
1414 2766 1648 2821 multum
1702 2767 1768 2820 ad
1800 2747 2060 2821 tribuen-'

471 2856 597 2909 dam
633 2855 795 2910 rebus
817 2857 1072 2910 omnibus
1096 2856 1206 2909 vim
1237 2858 1527 2925 generandi
1553 2858 1920 2915 fecundiorem
1951 2877 2046 2930 per

474 2961 598 3003 sese
623 2947 911 3015 conferat;
944 2948 1088 3004 Solis
1118 2950 1362 3019 quidem,
1392 2951 1553 3022 igneo
1581 2953 1775 3021 calori,
1805 2969 1870 3009 ac
1891 2954 2048 3023 spiri-

472 3038 553 3091 tui
578 3054 593 3103 ;
618 3035 789 3092 Luna:
818 3053 970 3103 vero,
994 3038 1213 3092 humori
1234 3048 1288 3093 et
1312 3040 1577 3106 siccitati;
1618 3042 1906 3111 utriusque
1949 3041 2044 3095 de-

2675 1752 2855 1806 ΚΕΦΑ
2863 1753 3073 1805 ΛΑΙΟΝ
3108 1754 3180 1806 Γ’.

2144 1844 2286 1913 Περὶ
2328 1844 2436 1913 τῆς
2467 1846 2805 1914 Αἰγυπτίων
2842 1843 3372 1914 ἁλιῑηγνορουμένης
3402 1845 3736 1914 θεολογίας.

2221 1959 2240 1990 ι
2267 1939 2497 2001 Τούτους
2527 1937 2634 2008 (41)
2667 1937 2723 1990 δὲ
2749 1937 2873 2000 τοὺς
2901 1937 3074 2000 θεοὺς,
3101 1935 3190 1989 τὸν
3222 1935 3427 2001 Ἥλιον,
3460 1935 3611 2005 φησὶ,
3645 1936 3744 1989 καὶ

2146 2031 2242 2102 τὴν
2259 2030 2514 2101 Σελήνην,
2544 2031 2757 2099 Ὄσιριν
2785 2028 2943 2092 ὄντας
2966 2029 3084 2081 κατ’
3105 2026 3430 2097 Αἰγυπτίους
3458 2028 3554 2081 καὶ
3571 2023 3739 2086 Ἶσιν,
3817 2028 3819 2035 ⁴

2146 2122 2239 2176 τὸν
2290 2122 2579 2192 σύμπαντα
2626 2120 2827 2191 κόσμον
2878 2119 3132 2185 διοικεῖν,
3181 2118 3478 2189 τρέφοντάς
3528 2135 3588 2170 τε
3647 2119 3743 2171 καὶ

2149 2214 2407 2281 αύξοντας
2448 2214 2622 2267 πάντα
2665 2214 2983 2285 τριμερέσιν
3023 2211 3214 2283 ὥραις,
3263 2207 3477 2282 ἀοράτῳ
3521 2212 3742 2280 κινήσει

2148 2307 2245 2378 τὴν
2273 2305 2517 2377 περίοδον
2548 2303 2993 2375 ἀπαρτιζούσαις,
3032 2305 3097 2373 τῇ
3133 2319 3193 2355 τε
3230 2304 3438 2372 ἐαρινῇ,
3468 2302 3562 2353 καὶ
3590 2300 3744 2373 θερι-

2149 2404 2236 2471 νῇ,
2280 2400 2374 2452 καὶ
2402 2401 2700 2470 χειμερινῇ·
2734 2397 2934 2461 ταύτας
2970 2397 3026 2449 δὲ
3059 2395 3454 2471 ἐναντιωτάτην
3478 2393 3742 2464 ἀλλήλαις

2148 2492 2246 2563 τὴν
2288 2491 2447 2561 φύσιν
2490 2490 2720 2562 ἐχούσας
2757 2489 3078 2562 ἀπαρτίζειν
3123 2489 3215 2542 τὸν
3251 2489 3495 2541 ἐνιαυτὸν
3533 2488 3740 2559 ἀρίστῃ

2152 2585 2454 2656 συμφωνία
2492 2584 2651 2653 φύσιν
2673 2584 2729 2637 δὲ
2763 2582 3168 2652 συμϐάλλεσθαι
3208 2580 3467 2652 πλείστην
3501 2580 3610 2651 (4⁵2)
3659 2582 3739 2643 εἰς

2150 2674 2247 2746 τὴν
2276 2673 2381 2727 τῶν
2410 2673 2664 2726 ἁπάντων
2706 2671 3000 2740 ζωογονίαν
3044 2671 3152 2724 τῶν
3199 2670 3339 2723 θεῶν
3383 2669 3605 2723 τούτων’
3642 2671 3736 2722 τὸν

2155 2764 2274 2836 μὲν,
2313 2763 2611 2835 πυρώδους,
2673 2763 2768 2816 καὶ
2811 2761 3148 2832 πνεύματος*
3195 2761 3296 2832 τὴν
3321 2760 3397 2821 δὲ,
3441 2760 3606 2831 ὑγροῦ
3644 2761 3738 2814 καὶ

2153 2855 2339 2927 ξηροῦ⁸
2371 2857 2522 2926 κοινῇ
2569 2854 2613 2907 δ’
2654 2853 3017 2924 ἀμφοτέρους,
3066 2853 3269 2924 Ἀέρος·
3303 2852 3395 2905 καὶ
3419 2851 3506 2905 διὰ
3531 2850 3738 2905 τούτων

2153 2949 2332 3003 πάντα
2377 2946 2672 3017 γεννᾶσθαι
2725 2946 2821 2999 καὶ
2870 2945 3186 3017 τρέφεσθαι.
3236 2944 3328 2996 Διὸ
3381 2945 3474 2997 καὶ
3531 2943 3593 2996 τὸ
3642 2943 3738 3015 μὲν

2153 3041 2302 3096 ἅπαν
2354 3041 2516 3112 σῶμα
2571 3041 2671 3111 τῆς
2731 3039 2840 3092 τῶν
2878 3040 3016 3094 ὅλων
3062 3039 3278 3107 φύσεως
3308 3035 3371 3102 ἐξ
3409 3037 3590 3091 Ἡλίου
3647 3038 3741 3091 καὶ

472 3142 624 3180 mum
658 3127 937 3181 communi
962 3126 1184 3192 virtute,
1223 3127 1373 3183 Acri.
1405 3125 1612 3181 Horum
1656 3138 1914 3198 prieterea
1961 3127 2047 3183 be-

2156 3135 2385 3206 Σελήνης
2420 3131 2839 3203 ἀπαρτίζεσθαι,
2871 3132 2939 3186 τὰ
2960 3132 3017 3185 δὲ
3038 3131 3243 3186 τούτων
3281 3131 3441 3203 μέρη,
3473 3130 3640 3183 πέντε
3676 3129 3745 3183 τὰ

474 3218 669 3274 neﬁcio
689 3221 967 3289 procreari
994 3235 1057 3274 ac
1078 3220 1314 3289 vegetari
1344 3233 1538 3275 cuncta
1570 3239 1586 3275 :
1616 3220 1847 3291 ideoque
1873 3230 2046 3275 totum

474 3308 645 3379 hujus
674 3309 917 3365 universi
952 3322 1161 3364 natura:
1190 3325 1390 3380 corpus
1421 3308 1567 3365 Solis
1596 3326 1661 3365 ac
1707 3310 1871 3364 Luna:
1916 3325 2046 3365 cou-

472 3403 760 3470 junctione
782 3403 1102 3470 consistere,
1118 3404 1275 3473 cujus
1302 3412 1486 3473 partes
1516 3404 1759 3473 quinque
1788 3403 1893 3458 illa:
1916 3403 2045 3471 sint,

478 3508 618 3562 quas
663 3503 788 3548 ante
836 3494 1258 3561 nominavimus,
1303 3495 1563 3563 spiritus,
1614 3495 1775 3565 ignis,
1818 3497 2046 3560 siccum,

478 3585 787 3649 humidum,
818 3592 1203 3655 postremoque
1231 3586 1437 3641 aerium
1463 3606 1476 3641 :
1500 3594 1560 3641 ut
1587 3588 2047 3657 quemadmodum

477 3678 535 3730 in
568 3677 808 3744 homine,
835 3686 1018 3746 caput,
1046 3692 1262 3743 manus,
1285 3678 1449 3747 pedes
1479 3694 1543 3733 ac
1580 3687 1773 3733 caetera
1804 3680 2047 3733 membra

477 3783 857 3833 numeramus,
894 3769 970 3823 ita
998 3769 1159 3838 plane
1192 3769 1462 3840 integrum
1492 3769 1655 3838 hujus
1688 3769 1876 3824 mundi
1922 3786 2045 3825 cor-

476 3872 580 3928 pus
631 3875 698 3914 ex
729 3859 837 3914 illis
865 3860 1111 3929 partibus
1153 3867 1581 3929 coagmentetur.
1613 3857 1734 3913 Jam
1777 3875 1926 3920 vero,
1954 3858 2047 3929 qui

478 3950 730 4006 homines
784 3951 839 4005 in
888 3950 1124 4022 Egypto
1166 3951 1332 4020 plano
1381 3961 1436 4004 et
1482 3949 1776 4005 articulato
1797 3966 2049 4005 sermone

478 4038 753 4108 principes
782 4039 867 4095 usi
897 4039 1123 4106 fuerint,
1158 4055 1254 4095 eos
1281 4041 1518 4109 partium
1554 4041 1772 4094 illarum
1820 4041 2049 4110 quamli-

478 4129 571 4183 bet
601 4130 761 4185 deum
790 4131 1085 4187 arbitratos
1110 4147 1251 4198 esse,
1274 4132 1603 4202 propriaque
1621 4149 1685 4186 ac
1705 4134 2042 4203 singularum

478 4230 688 4276 natura:
715 4224 1057 4277 convenienli
1079 4225 1445 4294 appellatione
1473 4226 1741 4291 donasse;
1771 4241 1835 4279 ac
1881 4225 2046 4294 spiri-

477 4314 593 4359 tum
623 4310 863 4378 quidem,
890 4300 1003 4381 ipsa
1026 4312 1177 4367 vocis
1208 4312 1848 4383 interpretationelovem
1873 4315 2047 4368 nomi-

482 4414 664 4465 nasse,
702 4403 958 4471 quiquod
986 4404 1242 4459 animalis
1270 4405 1567 4470 facultatis,
1606 4420 1727 4474 quae
1751 4406 2049 4463 animantis

2151 3226 2543 3297 προειρημένα,
2596 3223 2659 3277 τὸ
2697 3224 2933 3294 πνεῦμα,
2985 3224 3079 3278 καὶ
3129 3222 3190 3277 τὸ
3252 3221 3386 3294 πῦρ,
3443 3221 3507 3274 τὸ
3548 3221 3745 3293 ξηρὸν,

2152 3315 2232 3370 ἔτι
2293 3316 2350 3370 δὲ
2400 3315 2462 3368 τὸ
2529 3316 2714 3386 ὑγρὸν,
2763 3316 2858 3368 καὶ
2903 3314 2966 3367 τὸ
3011 3314 3317 3368 τελευταῖον
3366 3314 3426 3368 τὸ
3474 3313 3745 3385 ἀερῶδες·

2153 3407 2341 3477 ὥσπερ
2378 3406 2464 3459 ἐπ’
2510 3404 2797 3478 ἀνθρώπου
2835 3404 3078 3476 κεφαλὴν
3126 3405 3221 3457 καὶ⁹
3268 3405 3459 3475 χεῖρας
3492 3403 3585 3455 καὶ
3637 3403 3751 3455 πό-

2153 3499 2270 3562 δας,
2326 3499 2421 3551 καὶ⁴
2465 3496 2533 3551 τὰ
2565 3496 2699 3550 ἄλλα
2733 3496 2874 3567 μέρη
2908 3494 3411 3569 καταριθμούμενα,
3441 3494 3532 3547 τὸν
3574 3494 3753 3548 αὐτὸν

2158 3590 2363 3661 τρόπον
2393 3589 2455 3640 τὸ
2486 3587 2644 3659 σῶμα
2669 3588 2762 3641 τοῦ
2806 3589 3009 3659 κόσμου
3043 3585 3358 3655 συγκεῖσθαι
3391 3586 3498 3639 πᾶν
3532 3586 3595 3637 ὲκ
3627 3586 3752 3638 τῶν

2155 3697 2381 3751 προειρη
2393 3679 2588 3750 μένων.
2627 3680 2843 3732 Τούτων
2876 3680 2920 3732 δ’
2952 3679 3184 3731 ἕκαστον
3218 3677 3341 3730 θεὸν
3380 3676 3621 3746 νομίσαι,
3647 3676 3751 3729 καὶ

2156 3769 2524 3841 προσηγορίαν
2566 3769 2700 3822 ίδίαν
2753 3769 2967 3840 ἑκάστῳ
3011 3768 3180 3821 θεῖναι
3235 3766 3376 3821 κατά
3420 3766 3483 3819 τὸ
3519 3768 3750 3828 οἰκεῖον,

2149 3862 2277 3924 τοὺς
2319 3861 2568 3930 πρώτους
2616 3860 2881 3931 διαλέκτῳ
2934 3859 3313 3932 χρησαμένους
3356 3857 3753 3930 διηρθρωμένῃ

2151 3951 2257 4005 τῶν
2288 3955 2407 4006 κατ’
2447 3952 2721 4021 Αἴγυπτον
2769 3951 3092 4022 ἀνθρώπων.
3122 3950 3195 4003 Τὸ
3257 3950 3354 4020 μὲν
3398 3944 3490 4001 οὖν
3522 3945 3754 4017 πνεῦμα

2152 4043 2250 4096 Δία
2307 4043 2765 4114 προσαγορεῦσαι,
2795 4040 3341 4114 μεθερμηνευομένης
3378 4038 3477 4109 τῆς
3516 4036 3752 4100 λέξεως·

2155 4134 2235 4198 ὃν,
2288 4134 2457 4188 αἴτιον
2498 4134 2628 4188 ὄντα
2672 4135 2765 4188 τοῦ
2815 4133 3048 4205 ψυχικοῦ
3092 4134 3202 4196 τοῖς
3247 4130 3424 4196 ζώοις,
3482 4129 3755 4198 ἐνόμισαν

2156 4226 2418 4298 ὑπάρχειν
2450 4228 2666 4281 πάντων
2702 4228 2864 4280 οἱονεί
2893 4245 3017 4281 τινα
3052 4225 3283 4296 πατέρα.
3333 4223 3654 4294 Συμφωνείν
3694 4221 3756 4273 δὲ

2153 4316 2361 4380 τούτοις
2408 4318 2537 4386 φασὶ
2578 4317 2674 4370 καὶ
2716 4317 2807 4370 τὸν
2860 4316 3285 4385 ἐπιφανέστατον
3334 4312 3463 4383 παρ’
3514 4311 3758 4381 Ἕλλησι

2158 4409 2397 4480 ποιητῶν
2422 4410 2516 4462 ἐπὶ
2539 4409 2632 4463 τοῦ
2661 4408 2784 4461 θεοῦ
2815 4408 2973 4462 τοῦτο
2994 4407 3241 4475 λέγοντα⁹

480 4493 642 4557 iucst,
685 4503 878 4549 auctor
909 4504 1072 4559 esset,
1104 4496 1358 4551 eumdem
1401 4495 1604 4549 idcirco
1629 4512 1810 4549 rerum
1828 4497 2377 4567 omniumquemdam
2395 4499 2552 4568 quasi
2576 4506 2854 4568 parentem
2873 4512 2992 4552 esse
3006 4504 3370 4566 putaverunt;
3405 4493 3492 4547 cui
3523 4500 3732 4546 senten

480 4584 926 4655 tia3_Gra3curum
971 4589 1131 4643 etiam
1180 4596 1462 4657 poetarum
1504 4588 1665 4657 longe
1698 4588 2066 4643 clarissimum
2114 4591 2400 4661 suifragari
2435 4591 2609 4655 aiunt,
2656 4605 2781 4645 cum
2838 4590 2903 4644 de
2951 4588 3057 4643 hoc
3096 4587 3322 4642 numine
3351 4586 3425 4640 ita
3454 4585 3759 4655 loquitur;

824 4677 1024 4735 Parens
1049 4680 1412 4748 hominumque
1434 4680 1706 4749 deumque.

484 4765 668 4837 lguem
696 4775 877 4822 autem
903 4768 1067 4822 simili
1095 4768 1335 4823 nominis
1362 4768 1719 4837 explicatione
1751 4768 2054 4824 Vulcanum

483 4859 808 4929 appellasse,
840 4860 986 4930 quod
1013 4859 1126 4930 89
1154 4861 1331 4929 ipsum
1361 4876 1617 4930 maguum
1668 4860 1903 4929 aliquem
1939 4877 2059 4917 esse

488 4951 675 5018 deum,
706 4967 1002 5023 rerumque
1032 4952 1279 5007 omnium
1311 4952 1714 5021 generationem
1761 4968 1825 5006 ac
1846 4953 2058 5021 justum

484 5042 893 5113 perfectumque
927 5046 1322 5099 incrementum
1369 5046 1664 5115 plurimum
1693 5047 1889 5117 juvare
1910 5047 2058 5102 exis-

487 5133 764 5189 timarent.
796 5133 1061 5190 Prmterea
1129 5147 1353 5202 terram,
1378 5138 1526 5207 quod
1558 5152 1675 5191 eam
1720 5152 1901 5191 rerum
1931 5152 2061 5191 nas-

489 5225 728 5281 centium
760 5228 1038 5297 quoddam
1075 5230 1233 5297 quasi
1267 5245 1361 5285 vas
1387 5239 1440 5284 et
1464 5229 1914 5298 conceptaculum
1939 5245 2061 5287 esse

487 5324 801 5381 censerent,
823 5316 1054 5371 Matrem
1083 5334 1328 5382 vocasse,
1354 5335 1516 5390 quam
1552 5320 1654 5389 ipsi
1679 5335 1899 5390 quoque
1925 5319 2065 5375 Grae-

490 5400 543 5454 ci
572 5401 838 5476 Δήμητρα
873 5404 999 5475 (hoc
1031 5418 1117 5461 est
1154 5406 1434 5478 Cererem)
1481 5425 1793 5480 nuncupare
1832 5410 2061 5475 soleant,

495 5493 660 5561 idque
694 5494 798 5549 levi
830 5505 1038 5552 tantum
1065 5500 1249 5570 aliqua
1287 5502 1488 5571 prioris
1518 5502 1895 5573 appellationis
1948 5518 2065 5556 tnu-

560 5601 677 5672 (ιι)
722 5608 991 5684 τούτους.
1038 5610 1323 5684 Diodorus;
1354 5611 1572 5670 Siculus
1618 5613 1710 5669 lib.
1747 5628 1783 5680 ι,
1815 5626 1936 5684 pag-
1974 5612 2061 5679 Η,

494 5688 646 5728 nova:
681 5679 835 5746 cdit.,
871 5683 1105 5751 antiqua:
1142 5698 1267 5743 vero
1295 5683 1345 5736 7.

2370 4681 2574 4751 Πατὴρ
2600 4679 2836 4748 ἀνδρῶν
2867 4697 2930 4733 τε
2958 4678 3109 4733 θεῶν
3139 4696 3225 4734 τε.

2165 4773 2239 4828 Τὸ
2304 4774 2362 4828 δὲ
2417 4773 2527 4846 πῦρ
2605 4773 3176 4845 μεθερμηνευόμενον,
3250 4772 3552 4840 ’Ἥφαιστον
3625 4770 3770 4824 ὁνον

2169 4867 2358 4938 μάσαι,
2385 4866 2711 4937 νομίσαντας
2746 4865 2919 4935 μέγαν
2951 4858 3088 4917 εἶναι
3122 4862 3242 4915 θεὸν
3279 4863 3372 4915 καὶ
3403 4856 3576 4914 πολλά
3610 4875 3767 4929 συμα

2166 4956 2452 5011 ϐάλλεσθαι
2495 4958 2662 5010 πᾶσιν
2710 4958 2790 5019 είς
2834 4955 3049 5023 γένεσιν
3099 4954 3192 5008 καὶ
3235 4952 3447 5006 τελείαν
3495 4950 3765 5022 αὖξησιν.

2166 5050 2277 5120 Τὴν
2308 5049 2365 5102 δὲ
2405 5048 2530 5120 γῆν,
2569 5048 2759 5120 ὥσπερ
2788 5048 3007 5117 ἀγγεῖόν
3044 5064 3098 5100 τι
3137 5046 3244 5100 τῶν
3289 5044 3573 5115 φυομένων
3618 5045 3768 5097 ὑπο-

2169 5138 2805 5213 λαμϐάνοντας,Μητέρα
2841 5138 3303 5211 προσαγορεῦσαι·
3330 5138 3426 5191 καὶ
3457 5137 3585 5199 τοὺς
3618 5136 3770 5189 Ἕλ-

2168 5232 2334 5303 ληνας
2378 5233 2434 5286 δὲ
2487 5232 2689 5302 ταύτην
2741 5233 3136 5304 παραπλησίως
3192 5232 3486 5301 Δήμητραν
3536 5228 3766 5295 καλεῖν,

2168 5324 2341 5395 βραχὺ
2390 5324 2779 5396 μετατεθείσης
2808 5324 2895 5378 διὰ
2934 5325 3027 5378 τὸν
3059 5324 3249 5396 χρόνον
3297 5323 3395 5394 τῆς
3435 5322 3660 5387 λέξεως·
3698 5324 3767 5377 τὸ

2164 5418 2274 5489 γὰρ
2307 5416 2533 5471 παλαιὸν
2564 5417 2924 5489 ὀνομάζεσθαι
2958 5418 3059 5486 τὴν
3092 5417 3194 5487 γῆν
3229 5417 3462 5487 μητέρα,
3496 5412 3768 5487 καθάπερ

2165 5508 2258 5559 καὶ
2284 5506 2374 5559 τὸν
2415 5507 2616 5579 Ὀρφέα
2640 5510 3079 5579 προσμαρτυρεῖν
3108 5505 3353 5574 λέγοντα·

2246 5616 2354 5688 (42)
2398 5617 2720 5688 Πλείστην.
2763 5619 2913 5674 Alter
2962 5636 3024 5675 ex
3070 5633 3203 5673 mss.
3259 5614 3507 5678 πλεῖστα,
3560 5623 3773 5682 rtcte,

2172 5701 2296 5743 meo
2315 5686 2542 5757 judicio.
