3858 6224
96 251 205 305 165

1324 243 1646 300 ΡΜΕΡΑΒ.
1691 244 1945 303 EVANG.
1988 246 2117 302 LIB.
2160 245 2250 301 Ill.

3301 244 3402 305 l65

102 367 342 430 tatione,
397 381 526 420 cum
573 364 825 420 eamdem
871 363 1005 420 olim
1055 363 1165 435 Γῆν
1217 361 1448 436 Μητέρα
1472 361 1700 417 Terram
1741 361 1974 419 Matrem
1998 364 2374 430 nominarent,
2405 371 2464 418 ut
2494 364 2725 434 ipsemet
2786 361 3040 434 Orpheus
3072 363 3179 417 hoc
3238 379 3402 421 versu

102 466 373 512 testatum
408 456 668 526 reliquit:

167 551 269 619 Γῆ
289 550 499 620 μήτηρ
520 550 787 618 πάντων,
814 551 1092 622 Δημήτηρ
1126 552 1613 620 πλουτοδότειρα.

97 684 175 739 τὸ
199 684 250 739 δ’
288 685 465 757 ὑγρὸν
508 684 777 755 ὀνομάσαι
810 684 1030 753 λέγουσι
1058 685 1186 747 τοὺς
1216 684 1482 749 παλαιοὺς
1526 685 1716 738 Ὠκεα-

98 778 210 832 νόν⁹
253 778 287 831 ὃ
331 778 883 850 μεθερμηνευόμενον
926 777 1025 848 μὲν
1061 773 1203 831 εἶναι
1238 777 1449 850 τροφῆς
1472 777 1583 845 (45)
1612 794 1715 848 μη-

100 870 256 943 τέρα·
290 872 429 941 παρ’
451 871 617 933 ἐνίοις
638 868 696 923 δὲ
718 868 830 922 τῶν
869 868 1137 940 Ἑλλήνων
1173 869 1426 923 Ὠκεανὸν
1449 870 1715 942 ὑπάρχειν

99 960 461 1032 ὑπειλῆφθαι·
488 961 621 1032 περί
647 953 710 1013 οὗ
744 961 841 1013 καί
870 958 962 1013 τὸν
993 960 1225 1031 ποιητὴν
1257 960 1461 1031 λέγειν·

184 1203 485 1256 Ὠκεανόν
515 1218 580 1255 τε
618 1201 773 1257 θεῶν
801 1199 1041 1272 γένεσιν
1088 1200 1187 1255 καί
1232 1200 1463 1271 μητέρα
1496 1203 1710 1271 Τηθύν·

102 1318 152 1369 οἱ
201 1316 318 1389 γὰρ
369 1316 668 1385 Αἰγύπτιοι
738 1316 1047 1386 νομίζουσιν
1111 1316 1365 1370 Ὠκεανὸν
1420 1312 1560 1371 εἶναι
1624 1317 1715 1371 τὸν

108 1412 232 1480 παρ’
262 1411 461 1472 αὐτοῖς
484 1410 733 1479 ποταμὸν
756 1408 970 1471 Νεῖλον,
996 1408 1137 1480 πρὸς
1156 1401 1201 1475 ᾧ
1226 1407 1336 1478 (44)
1366 1408 1462 1462 καί⁵
1483 1407 1584 1472 τὰς
1607 1408 1716 1461 τῶν

102 1500 241 1554 θεῶν
275 1502 537 1570 γενέσεις
576 1501 838 1573 ὑπάρξαι.
875 1501 987 1571 Τῆς
1026 1500 1139 1573 γὰρ
1176 1502 1357 1571 πάσης
1389 1500 1716 1573 οἰκουμένης

106 1593 246 1646 κατὰ
280 1594 464 1664 μόνην
497 1594 603 1664 τὴν
640 1593 916 1662 Αἴγυπτον
951 1588 1090 1646 εἶναι
1132 1592 1319 1657 πόλεις
1359 1593 1560 1658 πολλὰς
1611 1595 1717 1649 ὑπὸ

108 1685 213 1738 τῶν
250 1685 528 1756 ,ἀρχαίων
575 1684 716 1738 θεῶν
757 1686 1103 1756 ἐκτισμέναςο
1147 1681 1260 1739 οἷον
1306 1687 1448 1751 Διὸς,
1508 1686 1715 1752 Ἠλίου,

116 1778 343 1852 Ἑρμοῦ,
383 1777 749 1841 Ἀπόλλωνος,
779 1777 975 1841 Πανὸς,
1000 1777 1314 1848 Εἰληθυίας,
1336 1778 1512 1832 ἄλλων
1533 1778 1716 1833 πλειό-

106 1889 230 1925 νων.
278 1871 392 1923 Τὸν
438 1870 500 1923 δὲ
583 1869 721 1941 ἀέρα
766 1868 1210 1941 προσαγορεῦσαί
1251 1887 1415 1939 φασιν
1461 1871 1715 1942 Ἀθηνᾶν,
1751 1902 1791 1958 Β

120 1961 689 2033 μεθερμηνευομένης
708 1960 810 2031 τῆς
835 1959 1051 2027 λέξεως,
1079 1962 1177 2015 καὶ
1208 1963 1331 2027 Διὸς
1356 1962 1628 2034 θυγατέρα
1653 1981 1717 2034 γε

111 2053 329 2124 νομίσαι
365 2052 612 2123 ταύτην,
641 2054 737 2106 καὶ
768 2052 1038 2124 παρθένον
1071 2054 1509 2125 ὑποστήσασθαι,
1543 2056 1634 2110 διά
1659 2072 1719 2110 τε

106 2146 169 2198 τὸ
198 2146 446 2217 ἄφθορον
478 2141 627 2198 εἶναι
666 2144 828 2215 φύσει
857 2146 949 2199 τὸν
984 2146 1146 2218 ἀέρα,
1174 2146 1269 2200 καί⁹
1291 2147 1385 2201 τὸν
1417 2148 1719 2220 ἀκρότατον

111 2238 325 2309 ἐπέχειν
350 2236 456 2290 τοῦ
494 2236 819 2308 σύμπαντος
851 2237 1056 2309 κόσμου
1088 2239 1274 2292 τόπον·
1308 2239 1499 2312 διόπερ
1531 2242 1596 2294 ἐκ
1620 2241 1720 2313 τῆς

112 2329 357 2401 κορυφῆς
403 2328 509 2382 τοῦ
560 2329 686 2392 Διὸς
732 2329 1168 2401 μυθολογηθῆναι
1209 2331 1463 2400 γενέσθαι
1491 2333 1715 2406 ταύτην.

122 2421 459 2493 Ὡνομάσθαι
487 2422 549 2475 δὲ
591 2422 766 2493 αὐτὴν
793 2424 890 2478 καὶ
917 2425 1297 2496 Τριτογένειαν
1332 2426 1465 2497 (45),
1492 2428 1600 2481 ἀπὸ
1622 2428 1717 2481 τοῦ

104 2517 230 2587 τρὶς
257 2515 636 2586 μεταϐάλλειν
657 2515 758 2587 τὴν
781 2516 943 2586 φύσιν
970 2518 1144 2590 αὑτῆς
1178 2521 1299 2573 κατ’
1329 2521 1594 2586 ἐνιαυτὸν,
1622 2522 1718 2575 έα-

106 2623 225 2677 ρος,
268 2606 495 2679 θέρους,
539 2608 637 2659 καὶ
671 2607 962 2680 χειμῶνος.
1005 2610 1273 2679 Λέγεσθαι
1313 2612 1371 2666 δὲ
1413 2613 1585 2685 αὑτὴν
1623 2614 1720 2668 καὶ

102 2699 471 2762 Γλαυκῶπιν,
502 2701 605 2769 οὐχ
630 2699 820 2772 ὥσπερ
852 2700 981 2754 ἔνιοι
1005 2701 1114 2755 τῶν
1153 2702 1419 2774 Ἑλλήνων
1450 2705 1719 2760 ὑπέλαϐον

98 2792 227 2847 ἀπὸ
251 2795 351 2848 τοῦ
388 2796 525 2858 τοὺς
560 2792 877 2865 ὀφθαλμοὺς
917 2794 1013 2847 καὶ
1042 2793 1315 2862 γλαυκοὺς
1344 2795 1490 2867 ἔχειν
1514 2814 1528 2828 ο
1561 2798 1721 2853 τοῦτο

102 2885 215 2954 μὲν
248 2888 365 2956 γὰρ
402 2885 605 2957 εὔηθες
640 2884 943 2957 ὑπάρχειν
985 2885 1121 2940 ἀλλὰ
1163 2887 1271 2940 ἀπὸ
1315 2888 1410 2941 τοῦ
1449 2888 1542 2943 τὸν
1583 2890 1720 2962 ἀέρα

101 2977 212 3047 τὴν
262 2978 542 3050 πρόσοψιν
586 2978 731 3047 ἔχειν
778 2977 1097 3047 ἔγγλαυκον.
1143 2979 1284 3032 Φασὶ
1306 2979 1363 3032 δὲ
1392 2982 1518 3045 τοὺς
1560 2982 1719 3036 πέντε

98 3068 271 3132 θεοὺς
329 3070 465 3132 τοὺς
529 3068 964 3140 προειρημένους
1013 3068 1110 3141 τὴν
1162 3071 1343 3125 πᾶσαν
1392 3074 1720 3145 οἰκουμένην

106 3159 575 3231 ἐπιπορεύεσθαι,
604 3159 1043 3231 φανταζομένους
1072 3165 1188 3225 τοῖς
1209 3163 1517 3235 ἀνθρώποις
1551 3167 1609 3219 ὲν
1642 3168 1719 3220 ἰε-

1737 556 1786 614 Α
1817 548 2013 604 Rerum
2052 545 2217 603 Terra
2259 563 2473 619 parens,
2521 544 2699 600 Mater
2738 544 2895 600 Ceres
2930 544 3073 599 alma
3122 532 3402 605 bonorum.

1819 662 2111 718 Humidum
2147 670 2327 717 autem
2386 660 2664 717 Oceanum
2713 676 2744 714 a
2790 659 3070 717 veteribus
3119 675 3407 732 nuncupa-

1816 763 1931 808 tum
1960 768 2086 808 esse
2133 752 2378 816 tradunt,
2424 766 2658 821 eamque
2688 767 2902 813 vocem,
2949 751 2997 807 si
3046 752 3403 822 interpretari

1813 846 1971 911 velis,
2004 843 2252 899 alimenti
2281 854 2513 898 matrem
2544 842 2880 913 signiﬁcare,
2904 841 3239 914 Graecosque
3268 857 3405 897 non-

1818 938 1997 992 nullos
2028 936 2162 991 illud
2192 937 2372 1006 ipsum
2402 933 2607 991 Oceani
2635 950 2837 991 nomen
2870 935 3126 991 eumdem
3178 937 3232 989 in
3279 950 3405 990 sen-

1819 1047 1942 1088 sum
1974 1044 2271 1099 usurpasse
2295 1028 2670 1096 arbitrantur;
2703 1027 2771 1083 de
2792 1042 2904 1098 quo
2940 1028 3106 1083 etiam
3140 1027 3212 1082 ita
3251 1037 3405 1082 vates

1820 1124 2102 1190 cecinerit,

1820 1215 2196 1283 Oceanumque
2243 1213 2462 1268 deorum
2506 1221 2704 1279 ortum,
2757 1210 3063 1281 Tethynque
3105 1219 3399 1282 parentem.

1819 1317 2030 1389 Quippe
2056 1319 2200 1374 enim
2228 1316 2467 1388 Egyptii
2496 1317 2770 1373 Oceanum
2790 1316 2966 1371 Nilum
2992 1316 3213 1372 ﬂuvium
3240 1332 3403 1373 suum

1820 1426 1942 1468 esse
1966 1419 2181 1482 putant,
2212 1410 2300 1466 cui
2335 1411 2561 1464 deorum
2594 1423 2816 1479 quoque
2852 1391 3231 1479 generationes
3263 1408 3404 1465 assi-

1823 1511 2012 1577 gnant.
2065 1501 2196 1556 Nam
2249 1517 2317 1556 ex
2370 1502 2626 1556 omnibus
2685 1512 2953 1557 terrarum
3006 1501 3255 1571 partibus
3302 1517 3405 1569 op—

1819 1598 1943 1669 pida
1984 1598 2040 1653 in
2083 1611 2192 1652 una
2229 1594 2467 1668 Egypto
2492 1594 2561 1650 ab
2592 1593 2837 1663 antiquis
2880 1592 2987 1648 diis
3009 1590 3227 1647 condita
3281 1605 3404 1645 esse

1818 1690 2078 1762 plurima.
2131 1688 2444 1760 cuiusmodi
2493 1696 2643 1752 sunt,
2692 1685 2866 1751 Jovis,
2897 1685 3080 1749 Solis,
3121 1682 3400 1745 Mercurii,

1817 1782 2123 1853 Apollinis,
2181 1781 2387 1846 Panis,
2429 1779 2652 1834 Lucinae
2678 1819 2693 1842 ,
2766 1778 3112 1846 aliorumque
3160 1775 3405 1845 complu-

1819 1873 1988 1927 rium.
2040 1870 2198 1939 Quod
2270 1884 2452 1927 aerem
2510 1878 2741 1939 spectat,
2794 1868 2946 1923 illum
2983 1867 3054 1922 ab
3089 1866 3314 1931 iisdem,
3348 1865 3403 1919 vi

1822 1965 2063 2020 nominis
2097 1963 2550 2034 interpretatione
2565 1962 2863 2026 declarata,
2891 1958 3188 2013 Minervam
3224 1957 3404 2027 appe|«

1820 2055 2018 2119 latum,
2055 2055 2199 2109 hanc
2246 2067 2378 2107 vero
2405 2050 2562 2107 Jovis
2606 2052 2798 2111 tiliam.
2827 2050 3104 2119 simulque
3130 2048 3400 2119 virginem
3434 2076 3441 2085 -

1822 2149 2063 2202 habitam
2099 2145 2270 2200 fuisse
2298 2145 2486 2199 dicunt
2517 2161 2532 2209 ;
2562 2142 2711 2213 quod
2767 2156 2861 2196 aer
2891 2156 2993 2196 nec
3016 2140 3186 2195 ullam
3209 2147 3405 2208 suapte

1820 2252 2020 2296 natura
2054 2240 2466 2310 corruptionem
2503 2237 2728 2300 subeat,
2773 2243 2828 2290 et
2871 2248 3183 2304 supremam
3237 2233 3404 2287 totius

1821 2331 2013 2386 mundi
2053 2330 2239 2387 sedem
2285 2345 2352 2384 ac
2395 2329 2680 2398 regionem
2731 2327 2975 2382 obtineat
3011 2334 3216 2395 :atque
3262 2324 3407 2378 hanc

1820 2424 1995 2479 fuisse
2043 2437 2292 2488 causam,
2320 2436 2421 2477 cur
2455 2419 2698 2474 Minerva
2743 2417 2895 2474 lovis
2940 2432 3006 2472 ex
3041 2417 3246 2472 vertice
3276 2423 3405 2471 nata

1820 2516 2136 2588 fingeretur.
2165 2515 2430 2571 Eamdem
2481 2528 2648 2583 porro
2696 2511 3076 2583 Τριτογένειαν
3109 2509 3272 2579 quasi
3321 2516 3407 2561 ter

1821 2609 2058 2681 genitam
2093 2609 2259 2678 vulgo
2287 2605 2587 2669 nominari,
2627 2604 2774 2675 quod
2819 2612 2901 2657 ter
2932 2601 3167 2673 singulis
3213 2601 3399 2662 annis,

1820 2719 1986 2770 vere,
2049 2710 2272 2764 aestate,
2320 2708 2375 2756 et
2438 2699 2632 2769 hyeme
2693 2696 2835 2752 aeris
2884 2705 3080 2750 natura
3127 2703 3403 2758 mutetur;

1820 2795 2142 2867 γλαυκῶπιν
2190 2809 2341 2858 vero,
2396 2807 2506 2846 non
2559 2790 2707 2860 quod
2761 2787 2942 2843 caesiis
2975 2786 3150 2842 oculis
3178 2785 3406 2855 praedita

1820 2900 1987 2956 esset,
2019 2900 2080 2946 ut
2110 2888 2428 2945 Graecorum
2464 2884 2635 2953 aliqui
2664 2890 2957 2953 putavere;
2988 2881 3042 2935 id
3073 2879 3221 2936 enim
3250 2893 3405 2933 cras-

1822 3000 1896 3040 sae
1916 2984 2147 3038 nimium
2172 2978 2541 3050 simplicitatis
2555 2990 2716 3042 esse;
2750 2972 2844 3030 sed
2877 2973 3024 3042 quod
3063 2986 3156 3027 aer
3180 2970 3405 3025 czesinm

1819 3074 1981 3145 plane
2016 3088 2085 3127 ac
2136 3071 2429 3126 caeruleum
2481 3068 2733 3123 colorem’
2780 3062 3155 3135 spectantibus
3204 3075 3314 3131 prae
3348 3076 3408 3115 se

1821 3161 1966 3217 l‘erre
2010 3161 2279 3215 videatur.
2328 3157 2439 3213 llos
2489 3157 2652 3227 igitur
2698 3156 2943 3225 quinque
2997 3154 3131 3209 deos
3176 3150 3405 3207 Terram

110 3251 223 3319 ρῶν
270 3250 437 3316 ζώων
486 3254 746 3323 μορφαῖς,
792 3251 908 3305 ἐστι
940 3251 985 3304 δ’
1017 3253 1104 3306 ὅτε
1148 3254 1242 3306 καὶ
1291 3256 1372 3318 εἰς
1413 3254 1712 3328 ἀνθρώπων

1823 3255 1978 3309 aiunt
2009 3254 2245 3309 lustrare
2285 3250 2623 3313 universam,
2652 3248 3083 3317 hominibusque
3115 3245 3281 3300 modo
3314 3259 3408 3299 sa~

118 3342 279 3406 ἰδέας,
320 3344 359 3414 ἧ
388 3360 559 3396 τινων
590 3342 765 3397 ἄλλων
802 3343 1255 3414 μεταϐάλλοντας
1300 3348 1396 3402 καὶ
1439 3349 1599 3403 τοῦτο
1639 3351 1714 3423 μὴ

123 3434 362 3503 μυθῶδες
406 3434 702 3505 ὑπάρχειν,
742 3435 878 3489 ἀλλὰ
922 3436 1166 3501 δυνατὸν,
1208 3436 1368 3509 εἴπερ
1401 3432 1548 3492 οὗτοι
1577 3440 1716 3512 πρὸς

1822 3360 2037 3399 crarum
2076 3342 2439 3398 animantium
2468 3340 2665 3408 ﬁgura,
2696 3339 2862 3394 modo
2891 3340 3178 3394 hominum
3211 3337 3364 3391 vultu
3390 3380 3404 3402 ,

1813 3436 1978 3491 modo
2004 3436 2110 3491 alia
2139 3435 2376 3504 quadam
2402 3434 2583 3504 specie
2608 3442 2781 3488 tectos
2798 3446 2919 3487 sese
2940 3427 3205 3484 videndos
3236 3429 3410 3482 inter-

114 3526 374 3597 ἀλήθειάν
410 3529 556 3580 εἰσιν
588 3529 637 3579 οἰ
670 3527 848 3580 πάντα
872 3527 1189 3595 γεννῶντες.
1216 3529 1328 3582 Καὶ
1356 3530 1449 3583 τὸν
1483 3532 1712 3604 ποιητὴν

1823 3529 1940 3584 lum
1971 3528 2234 3598 przebere.
2266 3526 2444 3595 Atque
2467 3525 2521 3579 id
2551 3538 2895 3594 nequaquam
2926 3520 3234 3576 fabulosum
3262 3534 3406 3581 esse,

116 3615 269 3718 6:22;
295 3617 589 3686 Αἴγυπτον
619 3617 1024 3687 παραϐαλόντα,
1056 3620 1152 3673 καὶ
1190 3619 1528 3689 μετασχόντα
1562 3620 1712 3692 παρὰ

1823 3620 1907 3676 sed
1927 3619 2151 3674 omnino
2171 3617 2284 3672 ﬁeri
2308 3631 2469 3688 posse
2491 3615 2839 3677 conﬁrmant,
2857 3629 2981 3671 cum
3005 3613 3081 3666 illi
3096 3612 3225 3676 sint,
3244 3627 3273 3664 a
3294 3609 3411 3679 qui-

127 3708 222 3761 τῶν
256 3710 462 3779 ἱερέων
509 3708 625 3762 τῶν
666 3709 923 3764 τοιούτων
962 3711 1155 3780 λόγων,
1205 3711 1379 3765 θεῖναί
1425 3730 1525 3767 που
1570 3713 1712 3768 κατὰ

1823 3718 1913 3768 bus
1941 3713 2124 3766 omnia
2146 3726 2337 3781 reapse
2366 3718 2746 3781 procreentur;
2773 3708 3018 3776 adeoque
3042 3713 3254 3774 poetam
3279 3718 3406 3757 cum

128 3802 330 3874 ποίησιν
363 3804 433 3857 τὺ
461 3805 888 3876 προειρημένον,
917 3807 992 3871 ὡς
1018 3808 1323 3879 γινόμενον·

1822 3812 1875 3865 in
1900 3810 2196 3882 Egyptum
2238 3809 2560 3879 appulisset,
2580 3807 2693 3878 90
2721 3822 2786 3861 ac
2814 3819 3097 3860 sermones
3134 3799 3405 3871 ejusmodi

119 3912 237 3952 eum
258 3914 331 3954 eo
354 3898 683 3954 sacerdotes
714 3902 1240 3969 communicassent,
1275 3904 1434 3975 quasi
1461 3921 1576 3960 rem
1609 3907 1727 3962 ﬁeri
1761 3908 1978 3964 solitam
2012 3905 2250 3976 quodam
2283 3919 2396 3959 suae
2442 3918 2670 3975 poeseos
2710 3903 2831 3956 loco
2871 3900 2944 3955 ita
2977 3899 3307 3963 celebrasse,

187 3993 294 4074 Eni
319 4010 389 4046 τε
393 3991 527 4074 μϐ)
551 3994 680 4074 θεοί
705 3992 998 4074 ξείνοιᾳιν
1016 3997 1277 4074 ἐοικότες
1294 4000 1718 4074 ἀλλοδαποῖσι,

190 4064 477 4151 θῶς-τοῖοι
507 4064 856 4151 τελέθοντες
880 4064 1298 4151 ἐπιιζτριοφῶᾲι
1329 4072 1564 4151 zeum;

198 4132 576 4203 Ἀνθρὼαων,
618 4135 791 4204 ὕϐριν
822 4153 886 4190 τε
919 4138 1016 4191 καὶ
1048 4132 1336 4208 ὲὺτῖομίην
1368 4132 1717 4211 ἐφορῶντες.

126 4248 253 4317 Περὶ
282 4249 385 4319 μὲν
414 4244 514 4302 οὖν
539 4247 653 4302 τῶν
679 4252 736 4304 ὲν
759 4252 976 4322 οὐρανῶ
996 4252 1151 4318 θεῶν,
1187 4255 1283 4309 καὶ
1314 4256 1527 4325 γένεσιν
1551 4260 1723 4314 ἀΐδιον

130 4341 434 4411 im),th
479 4342 724 4395 τοσαῦτα
760 4343 1011 4411 λέγουσιν
1041 4345 1349 4414 Αἰγύπτιοι.
1398 4349 1623 4413 Ἀλλους
1660 4350 1719 4404 δὲ

127 4432 187 4484 ἐκ
205 4432 411 4486 τούτων
440 4433 725 4501 ἐπιγείους
749 4434 1004 4503 γενέσθαι
1030 4439 1213 4506 φασὶν,
1239 4439 1590 4511 ὑπάρξαντας
1616 4442 1718 4513 μὲν

136 4522 369 4595 θνητοὺς,
405 4525 501 4579 διὰ
547 4525 606 4579 δὲ
649 4526 865 4580 σύνεσιν
892 4528 987 4581 καὶ
1012 4529 1197 4602 κοινὴν
1228 4531 1531 4602 ἀνθρώπων
1564 4533 1720 4605 εὑερ-

133 4617 307 4683 γεσίαν
337 4616 672 4686 τετευχότας
701 4617 800 4689 τῆς
831 4618 1148 4686 ἀθανασίας,
1177 4615 1251 4675 ὧν
1280 4623 1454 4688 ἐνίους
1493 4626 1587 4678 καὶ
1620 4625 1717 4695 βα-

1928 4003 2069 4067 Quin
2095 4002 2257 4056 etiam
2292 4001 2560 4054 interdum
2588 4000 2860 4069 peregrino
2890 3997 3112 4069 numine
3130 3995 3300 4069 cultu,

1932 4073 2081 4126 Mille
2121 4073 2268 4126 novis
2309 4072 2539 4124 luslrare
2572 4066 2739 4123 solent
2768 4079 2951 4123 nostra
2978 4068 3171 4136 oppida
3197 4066 3405 4134 formis,

1925 4143 2138 4213 Fasque
2164 4143 2416 4213 nefasque
2442 4142 2604 4195 simul
2635 4141 2873 4211 propiori
2893 4140 3090 4193 lumine
3117 4149 3359 4192 cernunt.

1820 4256 1947 4313 Haec
1994 4264 2160 4322 sunt,
2196 4270 2320 4326 quae
2367 4253 2435 4309 de
2479 4254 2586 4309 diis
2612 4252 2929 4308 caelestibus
2991 4259 3224 4319 ortuque
3258 4263 3405 4303 sem-

1821 4351 2037 4421 piterno
2063 4348 2305 4419 praeditis
2347 4345 2591 4417 Egyptii
2636 4352 3110 4410 commemorant;
3143 4359 3174 4396 a
3205 4341 3408 4411 quibus

1829 4442 1969 4498 alios
2009 4440 2278 4512 quosdam
2307 4446 2629 4509 procreatos
2664 4436 2837 4492 fuisse
2867 4435 3173 4506 perhibent,
3209 4441 3409 4488 terres-

1826 4539 1940 4587 tres
1987 4532 2110 4587 illos
2159 4530 2381 4601 quidem
2436 4544 2501 4583 ac
2556 4527 2719 4582 morti
2752 4527 3044 4589 obnoxios,
3079 4524 3172 4580 sed
3224 4531 3408 4577 tamen

1829 4623 2302 4679 immortalitatem
2337 4620 2538 4692 partim
2569 4620 2641 4675 ob
2674 4620 3005 4691 singularem
3035 4616 3406 4687 prudentiam,

136 4706 290 4771 σιλείς
318 4707 610 4777 γεγονέναι
639 4686 782 4763 κατᾶ
813 4710 915 4781 τὴν
953 4714 1246 4782 Αἴγυπτον.
1295 4686 1712 4789 Μεθερμηνευο-

1823 4719 2023 4788 partim
2062 4716 2133 4772 ob
2160 4731 2508 4773 communem
2543 4717 2599 4771 in
2642 4686 2815 4786 genus
2868 4686 3157 4768 hominum
3206 4709 3411 4764 beneli-

138 4798 301 4866 μένων
347 4799 394 4852 δ’
430 4800 618 4854 αὐτῶν
657 4802 812 4867 τινὰς
848 4805 945 4874 μὲν
973 4807 1279 4877 ὁμωνύμως
1311 4809 1577 4883 ὑπάρχειν
1600 4817 1714 4877 τοῖς

132 4892 418 4963 οὐρανίοις,
475 4893 633 4958 τινὰς
680 4894 737 4948 δὲ
789 4896 928 4951 ἰδίαν
974 4901 1266 4971 ἐσχηκέναι
1321 4908 1712 4979 προσηγορίαν,

136 4982 313 5038 Ἥλιόν
342 5002 406 5037 τε
442 4985 542 5038 καί¹
570 4985 803 5057 Κρόνον,
836 4989 934 5041 καὶ
968 4989 1142 5055 Ῥέαν,
1170 4991 1251 5045 ἔτι
1274 4992 1330 5045 δὲ
1362 4994 1459 5047 Δία
1486 4995 1579 5049 τὸν
1611 4996 1716 5050 ὑπό

134 5085 279 5124 τινων
322 5072 606 5143 Ἄμμωνα
644 5078 1217 5149 προσαγορευόμενον’
1253 5083 1389 5153 πρὸς
1420 5084 1476 5138 δὲ
1506 5085 1717 5150 τούτοις

137 5160 302 5235 Ἥραν
321 5167 420 5219 καὶ
445 5166 771 5237 Ἥφαιστον,
798 5167 878 5222 ἔτι
907 5169 965 5223 δὲ
1008 5172 1245 5239 Ἑστίαν,
1283 5176 1377 5229 καὶ
1406 5177 1716 5234 τελευταῖον

173 5341 302 5421 μδ)
352 5344 607 5429 Τροῇς.
652 5345 944 5429 Diodorus,
974 5353 1199 5423 τροφήν,
1218 5357 1492 5424 quomodo
1512 5357 1716 5417 Gallice

140 5411 395 5472 dicimus;
421 5411 567 5470 mea
590 5418 857 5472 nourrice.

342 5486 543 5574 [.Ipd'c'
558 5480 648 5570 ᾧ..
674 5487 837 5574 orte
875 5488 1179 5574 legendum
1200 5566 1213 5574 _
1236 5496 1376 5574 πρὸς
1392 5493 1498 5574 ῌοῦ.
1551 5499 1717 5557 Certe

142 5552 327 5641 πρὲιςνῷ
350 5552 603 5641 sedeam}
636 5560 779 5613 idem
808 5559 915 5641 erit
940 5552 1086 5641 quod
1114 5557 1159 5631 ᾧ
1190 5552 1535 5641 ανατεθῆναι.

173 5624 303 5699 με)
350 5624 784 5698 Τριέογένειαν.
827 5624 1158 5689 Plutarchus
1204 5636 1278 5689 De
1321 5624 1469 5693 Iside
1513 5650 1562 5694 et
1595 5641 1720 5697 035-

147 5693 254 5759 ride,
283 5693 407 5770 pagi.
436 5693 569 5765 58f,
603 5701 765 5770 longe
804 5700 963 5757 aliter
994 5702 1094 5759 hoc
1123 5721 1426 5778 cognomen
1460 5693 1719 5784 ἐτυμολο-

1823 4811 2062 4865 centiam
2147 4820 2514 4875 consecutos,
2585 4822 2818 4879 quorum
2889 4806 3055 4861 etiam
3123 4802 3294 4872 aliqui
3352 4799 3407 4853 in

1824 4903 2057 4975 Egypto
2092 4905 2457 4975 regnaverint.
2489 4903 2698 4957 Horum
2729 4901 2881 4967 item,
2909 4900 2955 4953 si
2984 4896 3208 4952 nomina
3241 4896 3407 4950 inter-

1822 4994 2078 5064 preteris,
2107 4995 2244 5050 alios
2272 4995 2519 5065 ejusdem
2581 5009 2645 5049 ac
2697 4991 2948 5047 cmlestes
2982 4994 3131 5059 ipsos
3171 4987 3408 5041 nominis

1825 5084 2019 5153 fuisse,
2044 5087 2183 5142 alios
2207 5087 2483 5157 prepriam
2513 5086 2810 5157 quamdam
2835 5081 3258 5153 appellationem
3282 5091 3408 5132 esse

1826 5178 2071 5244 sortitos,
2104 5177 2310 5246 Solem,
2338 5176 2637 5233 Saturnum
2657 5219 2674 5246 ,
2705 5176 2908 5247 Opem,
2944 5174 3189 5241 adeoque
3216 5167 3407 5225 Jovem

1824 5363 2026 5433 γεῖται,
2078 5376 2143 5415 ex
2208 5360 2686 5433 Pythagoraeorum
2742 5360 3042 5433 symbolis,
3090 5357 3400 5433 dummit‘:
3466 5402 3469 5409 .

1817 5426 1891 5484 Τὸ
1935 5432 2033 5501 μὲν
2071 5432 2180 5514 γὰρ
2210 5426 2533 5514 ἰσόπλευρον
2578 5426 2875 5514 τρίγωνον,
2910 5426 3405 5514 ἐκαλονδιν”Αθηξιᾶμ

1816 5497 2166 5585 κορυφαγενῆ
2196 5497 2820 5585 καὶητριτογένειανζῇὸτι
2851 5502 2999 5585 τρισὶ
3025 5497 3275 5563 καθέτοις
3294 5497 3406 5553 ἀπὸ

1817 5573 1926 5624 τῶν
1955 5573 2121 5642 τριῶν
2149 5573 2363 5641 γωνιῶν
2384 5574 2681 5665 ἀγομέναις
2706 5573 3015 5644 διαιρεῖται.

1892 5641 2002 5712 (46)
2042 5646 2155 5701 Kal
2175 5661 2257 5699 τε.
2305 5643 2592 5706 Homerus.
2650 5644 2834 5699 Οόὐσ.
2867 5646 2928 5712 Ρ,
2968 5662 3019 5699 v.
3053 5644 3157 5699 686

1984 5660 2002 5714 )
2042 5660 2151 5701 ιιαι
2175 5661 2257 5699 τε.
2305 5660 2592 5706 Homerus.
2644 5660 2834 5699 ὐσυσ.
2867 5660 2928 5712 ι’,
2968 5662 3019 5699 ι’.
3053 5660 3179 5699 460.
