3858 6224
485 229 595 302 161‘
639 247 642 250 ’
718 229 742 250 ’
1145 241 1420 299 unseen
1459 239 1943 297 CAESARIENSIS
1980 238 2132 294 ore.

477 367 656 431 illum,
678 363 768 420 cui
798 361 1048 417 nonnulli
1081 361 1364 415 Ammonis
1389 367 1811 430 cognomentum
1849 357 2056 422 fecere;
2089 361 2132 416 A

475 453 751 511 Junonem
805 460 1088 523 praeterea,
1118 449 1446 513 Vulcanum,
1481 447 1722 514 Vestam,
1753 457 2062 516 postremo-

476 565 588 621 que
637 545 992 608 Mercurium,
1028 559 1095 597 ex
1129 542 1306 612 iisque
1336 539 1518 596 Solem
1569 539 1788 611 Egypti
1835 554 2062 611 regnum

479 643 784 714 principem
831 639 1096 702 tenuisse,
1133 645 1286 691 astro
1331 635 1543 692 caelesti
1597 635 2002 703 cognominem.
2038 653 2056 685 ι

481 737 761 792 Hactenus
795 747 825 786 a
855 731 1016 786 nobis
1071 729 1327 784 laudatus
1394 736 1604 782 auctor.
1631 725 1752 782 Iam
1779 742 1909 782 vero
1937 725 2064 780 Plu-

481 827 706 884 tarchus
755 824 814 879 in
871 839 962 882 eo.
997 822 1146 891 quod
1197 821 1260 874 de
1307 818 1454 874 Iside
1498 819 1738 889 scripsit,
1775 819 2062 889 opusculo,

480 937 603 990 quae
635 927 938 989 sequuntur
983 917 1053 970 ad
1103 916 1332 970 verbum
1364 915 1528 969 habet
1559 933 1572 966 :
1605 933 1624 965 ι
1659 912 1791 967 Rem
1812 953 1828 978 ,
1863 912 2061 984 inquit,

481 1027 626 1068 novo
650 1028 685 1067 a
721 1011 897 1081 capite
942 1017 1113 1064 totam
1155 1019 1522 1072 arcessentes,
1553 1023 1620 1062 ex
1648 1007 1928 1073 omnibus,
1970 1007 2062 1076 qui

481 1105 742 1160 subtilius
795 1103 1002 1172 aliquid
1049 1110 1102 1156 et
1129 1100 1444 1155 accuratius
1471 1099 1843 1168 disputarunt,
1871 1114 2062 1154 eorum

487 1199 543 1254 in
570 1197 787 1268 primis,
823 1196 1027 1266 quibus
1055 1193 1380 1264 simplicitas
1405 1193 1581 1262 magis
1607 1201 1791 1246 tamen
1838 1191 2063 1261 placuit,

479 1289 815 1346 sententiam
875 1287 1180 1342 videamus.
1236 1283 1396 1340 Tales
1441 1299 1574 1339 vero
1625 1284 1701 1337 illi
1767 1291 1930 1350 sunt,
1969 1283 2063 1349 qui

479 1379 758 1454 quomodo
785 1377 980 1443 ϐπερὶ,
1007 1377 1306 1432 Saturnum
1367 1385 1604 1446 tempus,
1651 1373 1923 1429 Junonem
1969 1389 2062 1428 ae-

480 1468 866 1538 rem,Vulcani
899 1468 1310 1540 generationem
1345 1466 1490 1521 aeris
1521 1466 1578 1519 in
1614 1463 1788 1534 ignem
1817 1465 2069 1519 mutatio-

487 1579 610 1618 nem
665 1562 960 1632 allegorice
1003 1561 1454 1630 interpretantur,
1493 1558 1574 1613 sic
1601 1559 1744 1628 apud
1775 1556 2066 1630 Egyptios

483 1655 665 1711 Nilum
714 1653 901 1709 Osirin
952 1667 1076 1708 esse
1127 1653 1344 1716 dicunt,
1373 1651 1466 1720 qui
1496 1667 1622 1706 cum
1649 1650 1812 1716 Iside,
1849 1651 1956 1705 hoc
1984 1659 2067 1704 est

2174 237 2357 293 PARS
2390 235 2451 292 ll.
2491 266 2558 276 —
2597 234 3098 292 APOLOGETICA.
3661 234 3756 290 lCS

2173 356 2402 430 Ἑρμῆν.
2430 358 2539 411 Καὶ
2571 356 2786 429 πρῶτον
2817 356 2916 428 μὲν
2943 355 3134 408 ’Ἥλιον
3163 354 3484 425 βασιλεῦσαι
3511 355 3618 406 τῶν
3639 357 3756 408 κατ’

2171 447 2467 516 Αἴγυπτον,
2499 447 2789 520 ὁμώνυμον
2821 449 2951 502 ὄντα
2987 445 3066 516 τῷ
3103 447 3223 500 κατ’
3249 445 3480 519 οὐρανὸν
3503 446 3704 516 ἄστρῳ.
3737 463 3754 497 ι

2173 540 2360 594 Ταῦτα
2393 542 2492 612 μὲν
2524 539 2618 596 οὖν
2641 544 2671 596 ὁ
2700 541 2962 614 δηλωθεὶς
2997 538 3368 612 συγγραφεύς.
3403 540 3514 592 Καὶ
3543 541 3570 591 ὁ
3595 537 3761 591 Πλού-

2169 652 2372 708 ταρχος
2413 635 2470 689 δὲ
2505 637 2564 688 ἐν
2593 635 2671 708 τῷ
2708 635 2838 706 περὶ
2878 633 2987 688 τῶν
3031 633 3196 688 Κατὰ
3241 632 3357 701 τὴν
3403 627 3560 685 Ἶσιν
3599 631 3759 685 αὑτοῦ

2175 732 2569 804 συγγράμματι
2612 731 2742 786 τάδε
2783 730 2984 802 γράφει
3018 730 3158 784 κατά
3190 728 3354 793 λέξιν·
3399 747 3418 778 ι
3457 727 3576 780 Ἀπ’
3599 727 3762 798 ἄλλης

2175 825 2286 896 (47)
2319 825 2376 878 δὲ
2428 825 2605 898 ἀρχῆς
2642 824 2750 878 τῶν
2802 821 3234 894 φιλοσοφώτερόν
3257 839 3310 874 τι
3343 818 3523 890 λέγειν
3551 817 3761 873 δοκούν-

2171 937 2280 972 των
2323 918 2437 991 (48)
2488 921 2619 983 τοὺς
2671 917 3080 979 ἁπλουστάτους
3133 913 3466 985 σκεψώμεθα
3524 913 3760 982 πρῶτον.

2172 1006 2334 1065 Οὗτοι
2373 1009 2418 1064 δ’
2450 1011 2587 1064 εἰσὶν
2625 1009 2675 1063 οἱ
2720 1008 2994 1077 λέγοντες,
3033 1007 3224 1079 ὥσπερ
3265 1006 3526 1074 ’Έλληνες
3557 1003 3764 1076 Κρόνον

2171 1101 2534 1172 ἀλληγοροῦσι
2565 1101 2658 1155 τὸν
2689 1101 2902 1173 χρόνον,
2943 1100 3124 1170 ’Ἥραν
3152 1099 3210 1152 δὲ
3240 1098 3332 1152 τὸν
3363 1097 3520 1168 ἀέρα,
3551 1097 3764 1165 γένεσιν

2171 1195 2229 1248 δὲ
2266 1192 2566 1264 Ἡφαίστου
2594 1193 2695 1264 τὴν
2721 1195 2804 1256 είς
2835 1192 2898 1246 τὸ
2927 1190 3040 1264 πῦρ
3073 1191 3234 1264 ἀέρος
3266 1189 3588 1262 μεταϐολὴν,
3625 1190 3767 1244 οὕτω

2173 1289 2301 1358 παρ’
2349 1284 2666 1356 Αἰγυπτίοις
2719 1283 2912 1337 Νεῖλον
2975 1279 3115 1337 εἶναι
3172 1283 3265 1336 τὸν
3317 1285 3554 1354 Ὄσιριν,
3606 1283 3766 1336 Ἴσιδι

2175 1382 2402 1431 συνόντα
2433 1379 2501 1448 τῇ
2537 1379 2629 1448 γῇ,
2665 1375 2900 1446 Τυφῶνα
2939 1374 2998 1428 δὲ
3039 1373 3136 1446 τὴν
3176 1373 3476 1438 θάλασσαν,
3517 1377 3598 1439 εἰς
3635 1375 3704 1445 ἢν
3738 1376 3766 1427 ὁ

2171 1469 2364 1534 Νεῖλος
2386 1469 2677 1540 ἐμπίπτων
2701 1466 3044 1537 ἀφανίζεται.
3081 1485 3100 1518 ι
3129 1465 3312 1519 Ταῦτα
3333 1467 3427 1520 καὶ
3445 1465 3516 1519 τὰ
3537 1465 3768 1519 τοιαῦτα

2171 1561 2363 1626 εἰπὼν,
2409 1561 2574 1616 πάλιν
2623 1562 2702 1626 εἰς
2743 1559 3004 1630 δαίμονας
3045 1556 3306 1628 ἀναφέρει
3339 1559 3468 1621 τοὺς
3500 1555 3767 1628 περὶτῶν

2171 1651 2516 1722 δηλουμένων
2565 1651 2702 1705 θεῶν
2753 1651 2976 1722 μύθους.
3019 1651 3130 1704 Καὶ
3173 1649 3334 1702 πάλιν
3373 1646 3550 1710 ἄλλως
3582 1647 3772 1700 ἀποδί-

478 1758 622 1802 terra
681 1743 1104 1814 congrediatur;
1130 1743 1450 1814 Typhonem
1479 1758 1608 1796 vero
1631 1755 1804 1806 mare,
1840 1741 1894 1794 in
1919 1741 2064 1810 quod

2173 1744 2325 1809 δωσι,
2361 1743 2455 1797 καὶ
2487 1739 2644 1807 αὖθις
2679 1741 2888 1814 ἑτέρως
2921 1739 3258 1813 ἀλληγορῶν.
3303 1735 3412 1793 ’Ἦν
3449 1739 3495 1793 δ’
3531 1739 3596 1792 ἂν
3625 1739 3773 1792 κατὰ

484 1838 641 1894 Nilus
680 1837 936 1892 incidens
967 1845 1282 1891 evanescat.
1319 1854 1339 1888 ι
1375 1834 1588 1902 Quibus
1633 1835 1722 1888 ille
1767 1835 2066 1891 similibus-

483 1945 595 2000 que
623 1927 1090 1990 commemoratis,
1129 1941 1351 1980 rursum
1395 1925 1467 1979 ad
1515 1925 1794 1980 daemones
1847 1925 2066 1980 lictitias

421 2069 426 2076 .
483 2022 712 2078 deorum
740 2020 970 2075 istorum
994 2017 1220 2073 fabellas
1247 2024 1490 2080 revocat,
1516 2031 1795 2086 novasque
1811 2016 2066 2086 deinceps

485 2126 756 2167 novarum
781 2109 1168 2180 allegoriarum
1202 2106 1740 2162 accommodationes
1763 2107 2064 2176 excogitat.

487 2202 602 2272 Ego
649 2218 778 2257 vero
816 2200 1132 2271 qumsierim
1163 2215 1228 2253 ex
1279 2199 1367 2262 iis,
1405 2206 1460 2253 et
1493 2197 1713 2268 quidem
1748 2197 1892 2268 jure,
1925 2215 2066 2268 quo-

486 2307 610 2348 rum
658 2291 877 2346 tandem
931 2303 1052 2344 sese
1124 2288 1414 2342 numinum
1469 2302 1756 2357 expressas
1801 2287 2068 2359 imagines

489 2395 819 2437 conservare
850 2379 1066 2446 dicant;
1109 2375 1420 2432 dmmonum
1451 2379 1556 2434 ne?
1581 2395 1652 2433 an
1683 2379 1848 2450 ignis,
1899 2381 2066 2449 aeris,

477 2486 656 2537 terrae,
749 2487 922 2542 aquaz,
979 2487 1046 2526 an
1086 2472 1352 2538 virorum,
1391 2471 1796 2542 mulierumque
1840 2472 2070 2528 simula-

485 2581 577 2621 cra
595 2565 618 2618 ?
638 2579 708 2619 an
735 2563 972 2633 denique
1002 2563 1286 2618 brutorum
1323 2563 1708 2629 animantium,
1736 2580 1800 2618 ac
1826 2563 2066 2620 ferarum

485 2657 728 2727 ipsarum
749 2655 989 2724 ﬁguras?
1015 2654 1147 2709 Nam
1179 2671 1305 2710 cum
1347 2654 1590 2726 ipsimet,
1623 2657 1875 2713 homines
1903 2673 2070 2728 quos-

485 2749 610 2804 dam
642 2749 901 2803 mortales
936 2747 1150 2814 eodem,
1185 2763 1294 2818 quo
1325 2749 1494 2802 solem
1530 2763 1595 2802 ac
1638 2757 1833 2803 caetera
1877 2749 2068 2804 mun'di

485 2844 779 2910 elementa,
804 2841 1028 2897 nomine
1061 2849 1400 2910 procreatos,
1425 2841 1758 2911 eosdemque
1788 2841 1918 2896 deos
1946 2857 2071 2912 pns-

487 2945 573 2990 tea
599 2944 952 2990 consecratos
985 2933 1157 2990 fuisse
1185 2933 1490 2988 concedant
1517 2951 1532 2999 ;
1556 2933 1662 3003 91
1701 2933 2068 3002 quorum,0b-

485 3042 665 3094 secro,
693 3043 911 3097 aequum
945 3025 1417 3096 luerit-imagines
1453 3025 1574 3078 illas
1614 3027 1929 3094 ﬁgurasque
1966 3040 2068 3078 no-

485 3119 716 3186 minare,
743 3135 882 3190 quas
911 3119 966 3172 in
995 3118 1310 3174 simulacris
1346 3117 1626 3171 inanimes
1667 3116 1886 3172 cadatas
1917 3117 2068 3170 vide-
2096 3092 2138 3148 δ

485 3209 650 3265 mus?
675 3225 744 3264 an
776 3209 1173 3264 elementorum
1205 3207 1370 3276 hujus
1391 3206 1673 3260 universi?
1697 3221 1788 3271 an,
1809 3207 1952 3276 quod
1979 3221 2070 3260 ar-

483 3301 724 3356 tiﬁciosa
772 3301 892 3371 ipsa
942 3300 1126 3355 vultus
1177 3298 1545 3354 conformatio
1593 3299 1775 3368 palam
1806 3299 2064 3364 ostendit,

485 3392 803 3449 mortalium
855 3392 996 3446 inter
1051 3401 1300 3446 mortuos
1340 3389 1682 3458 iacentium?
1713 3389 1870 3444 Enim
1914 3406 2066 3453 vero,

485 3493 700 3540 taceant
733 3483 824 3539 isti
855 3483 1017 3550 licet;
1049 3483 1252 3538 veritas
1288 3497 1385 3554 per
1415 3497 1474 3536 se
1523 3482 1644 3552 ipsa
1691 3483 1954 3552 loquitur,
2005 3498 2070 3537 ac

485 3589 653 3645 prope
683 3589 878 3644 magna
914 3588 1048 3628 voce
1075 3571 1340 3634 clamans,
1371 3586 1488 3636 eos,
1511 3570 1578 3624 de
1604 3570 1805 3639 quibus
1829 3569 2066 3640 agimus,

485 3669 634 3725 viros
663 3667 934 3738 quosdam
971 3667 1230 3721 mortales
1262 3664 1432 3720 fuisse
1466 3672 1719 3719 testatur.
1755 3662 2068 3730 Quinetiam

483 3757 814 3815 Plutarchus
845 3759 900 3814 in
932 3774 1097 3828 opere
1146 3757 1237 3810 illo
1263 3755 1408 3826 quod
1444 3754 1524 3808 De
1577 3753 1722 3807 Iside
1767 3751 2068 3823 Egyptiis-

484 3869 582 3922 que
615 3853 919 3906 numinibus
953 3851 1217 3920 scriptum
1249 3847 1492 3918 reliquit,
1521 3847 1666 3901 ultro
1683 3845 1921 3915 dataque
1946 3860 2069 3914 ope-

485 3958 548 3998 ra
575 3945 914 4016 singulorum
966 3942 1240 4013 propriam
1265 3941 1513 4009 corporis
1543 3939 1770 4008 liguram
1801 3937 2070 3992 colorem-

485 4052 594 4105 que
620 4037 880 4097 declarat,
921 4036 1006 4089 his
1039 4033 1221 4088 verbis
1255 4049 1267 4085 :
1305 4049 1323 4081 ι
1353 4029 1611 4095 Narrant,
1660 4029 1860 4100 inquit,
1899 4029 2069 4101 Egy-

487 4129 586 4198 ptii
632 4127 962 4182 Mercurium
997 4126 1224 4180 brachio
1256 4123 1582 4190 breviorem,
1615 4121 1934 4195 Typhonem
1975 4139 2069 4178 ru-

488 4219 626 4284 fum,
655 4216 880 4272 Martem
907 4215 1302 4281 caudidiorcm,
1347 4211 1531 4268 Osirin
1565 4213 1806 4282 denique
1859 4212 2067 4284 nigrio-

487 4325 604 4366 rem
657 4309 829 4365 l'uisse
863 4327 877 4362 :
910 4309 1110 4378 quippe
1158 4307 1254 4378 qui
1300 4315 1497 4360 natura
1541 4304 1792 4360 homines
1823 4305 2067 4360 exstitis-

485 4412 629 4460 sent.
665 4421 684 4455 ι
730 4400 860 4458 Haec
883 4400 1234 4456 Plutarchus.
1265 4397 1608 4454 Mortuorum
1639 4413 1770 4468 ergo
1802 4396 1906 4453 fuit
1953 4406 2066 4452 tota

487 4497 580 4552 illa
606 4496 894 4550 numinum
919 4494 1064 4563 apud
1105 4494 1244 4549 istos
1272 4489 1648 4556 consecratio;
1683 4490 1948 4561 quidquid
1975 4506 2071 4544 au-

473 4598 595 4644 tem
645 4587 1002 4660 physiologiae
1037 4595 1143 4654 est,
1167 4585 1274 4641 hoc
1309 4585 1475 4642 iidem
1506 4593 1696 4658 postea
1733 4584 2068 4638 conﬁnxere.

487 4680 624 4736 Nam
659 4681 790 4750 quid
821 4679 1086 4734 attinebat
1123 4681 1178 4734 in
1207 4680 1458 4734 virorum
1511 4692 1578 4735 ac
1621 4677 1916 4733 mulierum
1957 4675 2072 4730 elli-

875 4922 1094 4992 εὶλλης.
1134 4921 1466 4978 Plutarchus
1504 4921 1576 4976 De
1595 4920 1738 4975 Iside
1765 4931 1813 4974 et
1840 4918 2070 4988 Osiride,

661 5014 686 5050 ο
774 5037 788 5050 .
817 5003 836 5025 ἰ
858 5034 871 5047 .

529 5037 542 5052 .
587 5003 686 5050 565
726 5003 788 5054 υ.
817 5003 871 5048 '2.

489 5013 542 5070 po
561 5071 577 5137 ζ
712 5013 1278 5137 ἴόκῗίύντωνερΡΙιιιιι
1285 5063 1471 5128 rebus,
1483 5135 1491 5137 _
1503 5063 1636 5137 δυνα
1644 5062 1838 5137 μένων.

561 5131 675 5206 (49)
716 5138 899 5191 Aurel
915 5152 1037 5206 μοι.
1083 5133 1304 5189 Vertere
1324 5149 1436 5206 non
1463 5131 1904 5206 dubitavi,quasi
1935 5131 2074 5185 scri-

479 5204 641 5276 'ptnm
661 5204 839 5272 esset,
876 5204 1029 5260 αὐτοὶ
1061 5211 1158 5276 μή.
1195 5204 1339 5275 quod
1373 5219 1572 5260 sensus
1619 5205 1844 5258 omnino
1886 5213 2073 5273 postu-

511 5289 583 5335 at.

563 5349 674 5420 (ἑο)
714 5348 824 5420 Ant
853 5349 955 5403 hoc
987 5346 1278 5418 σωμάτων,
1313 5351 1408 5400 aut
1435 5343 1583 5416 quod
1616 5345 1864 5414 sequitur
1893 5343 2076 5414 σώμα-

487 5435 602 5482 τος,
632 5419 921 5474 delendum
949 5420 1184 5473 videtur.

559 5489 672 5560 (51)
723 5489 1106 5558 Ἱστοροῦσιν.
1153 5487 1250 5542 llic
1279 5485 1930 5560 mihiPlutarchidncus
1963 5501 2074 5560 non

489 5556 752 5622 occurrit,
788 5556 884 5616 sed
916 5561 1005 5613 alii
1035 5561 1144 5612 duo
1178 5573 1288 5612 non
1323 5557 1626 5618 absimiles,
1659 5556 1850 5612 eodem
1883 5557 1938 5610 in
1973 5558 2068 5611 lib.

489 5631 566 5684 Ile
597 5629 744 5683 Iside
785 5641 835 5684 et
874 5629 1106 5685 Osiride.
1139 5628 1410 5684 Cancrum
1442 5626 1797 5696 γαλιάγκωνα
1827 5630 2068 5698 reposui.

489 5717 587 5760 cro
637 5702 1035 5772 γαληάγκωνα;
1079 5700 1158 5756 sic
1181 5701 1328 5756 enim
1361 5699 1561 5772 ubique
1593 5697 1873 5764 scribitur,
1890 5697 1960 5753 ’et
1989 5701 2073 5754 vel

2171 1835 2329 1906 λόγον
2369 1834 2631 1890 πυθέσθαι
2659 1835 2934 1906 ὁποτέρων
2957 1833 3096 1888 θεῶν
3123 1833 3190 1886 τὰ
3221 1831 3383 1898 ξόανα
3419 1829 3519 1896 τὰς
3545 1833 3768 1886 ἐντετυ-

2175 1929 2432 2002 πωμένας
2455 1928 2669 2000 μορφὰς
2696 1926 2888 1992 σώζειν
2907 1927 3186 1998 φήσουσιν·
3223 1924 3430 1996 πότερα
3457 1923 3770 1994 δαιμόνων;

2173 2023 2310 2078 ἀλλὰ
2324 2021 2516 2094 πυρὸς,
2541 2021 2634 2074 καὶ
2661 2020 2842 2092 ἀέρος,
2868 2021 2960 2072 καὶ
2986 2019 3106 2090 γῆς.
3134 2019 3228 2072 καὶ
3256 2017 3465 2083 ὓδατος,
3495 2017 3529 2088 ἢ
3555 2017 3771 2090 ἀνδρῶν

2175 2115 2269 2168 καὶ
2299 2112 2574 2183 γυναικῶν
2600 2112 2837 2176 εἰκόνας,
2865 2112 2959 2164 καὶ
2991 2108 3146 2174 ζώων
3173 2109 3410 2180 ἀλόγων,
3434 2109 3529 2164 καὶ
3559 2109 3772 2181 θηρίων

2175 2207 2458 2278 σχήματα;
2501 2205 2652 2259 Ἐπεὶ
2684 2203 2793 2276 γὰρ
2821 2203 2916 2258 καὶ
2957 2203 3092 2274 πρὶλῇι
3123 2201 3304 2256 αὐτῶν
3349 2201 3775 2274 συγκεχώρηται

2175 2297 2481 2370 ὁμωνύμως
2491 2297 2626 2370 ἡλίῳ
2643 2298 2866 2360 καὶτοῖς
2888 2295 3118 2349 καθόλου
3143 2294 3426 2367 στοιχείοις
3442 2295 3674 2366 θνητούς
3693 2313 3776 2349 τι·

2175 2407 2271 2454 νας
2291 2390 2490 2462 ἄνδρας
2505 2389 2808 2459 γεγονέναι,
2827 2390 2922 2443 καὶ
2935 2389 3158 2453 τούτους
3173 2389 3328 2454 Θεοὺς
3343 2387 3612 2462 ἀνηγορεῦ
3621 2389 3772 2455 σθαι,
3830 2383 3831 2386 “

2174 2483 2335 2538 τίνων
2368 2483 2516 2547 εἰκὸς
2548 2482 2613 2536 ἂν
2657 2483 2741 2555 εἴη
2775 2481 2990 2554 μορφὰς
3035 2478 3174 2536 εἶναι
3216 2481 3312 2536 καὶ
3344 2482 3560 2544 εἰκόνας
3582 2481 3776 2552 λέγειν

2175 2576 2276 2640 τὰς
2311 2577 2368 2630 ὲν
2418 2578 2530 2640 τοῖς
2577 2575 2805 2648 ἀψύχοις
2840 2575 3050 2641 ξοάνοις
3097 2575 3342 2645 γλυφάς;
3384 2574 3614 2648 πότερον
3663 2573 3774 2628 τῶν

2177 2669 2408 2725 καθόλου
2439 2670 2738 2741 στοιχείων,
2765 2671 2822 2742 ἢ,
2851 2671 2989 2741 ὅπερ
3013 2671 3108 2724 καὶ
3132 2669 3193 2722 τὸ
3214 2668 3442 2740 ἐναργὲς
3465 2667 3564 2738 τῆς
3590 2668 3774 2738 ὅψεως

2178 2763 2537 2828 ἐπιδείκνυσι,
2572 2762 2678 2817 τῶν
2711 2766 2768 2817 ὲν
2802 2765 3014 2834 νεκροῖς
3035 2762 3304 2833 κειμένων
3327 2760 3572 2832 θνητῶν;
3628 2760 3772 2815 Ἀλλ’

2177 2859 2226 2910 εί
2265 2857 2358 2912 καὶ
2393 2855 2546 2910 αύτοί
2575 2873 2665 2927 μοι
2700 2855 2811 2928 (49)
2851 2855 3081 2924 λέγοιεν,
3117 2855 3146 2909 ὅ
3183 2855 3249 2924 γέ
3281 2873 3337 2908 τι
3369 2855 3577 2926 ἀληθὴς
3609 2853 3772 2922 λόγος

2179 2948 2278 3020 βοᾷ
2326 2949 2418 3002 καὶ
2457 2948 2696 3019 κέκραγε
2739 2949 3020 3018 μονονουχὶ
3059 2945 3242 3019 φωνὴν
3285 2947 3484 3016 ἀφιεὶς,
3539 2945 3773 3018 Θνητοὺς

2178 3041 2377 3113 ἄνδρας
2408 3040 2700 3113 μαρτυρῶν
2721 3041 3002 3110 γεγονέναι
3033 3041 3161 3104 τοὺς
3194 3039 3575 3111 δηλουμένους.
3629 3041 3693 3094 '0
3715 3039 3771 3092 δὲ

2176 3133 2520 3203 Πλούταρχος
2564 3131 2659 3186 καὶ
2689 3132 2797 3187 τῶν
2835 3132 3102 3203 σωμάτων
3133 3131 3243 3202 (50)
3277 3129 3459 3184 αὐτῶν
3505 3133 3568 3184 ὲκ
3613 3149 3776 3203 περι-

2175 3223 2362 3286 ουσίας
2391 3224 2482 3277 τὸν
2509 3224 2660 3278 ποιὸν
2689 3225 2996 3298 ὑπογράφει
3022 3223 3116 3277 τοῦ
3148 3222 3403 3294 σώματος
3435 3223 3778 3294 χαρακτῆρα

2175 3320 2234 3370 ὲν
2261 3320 2372 3382 τοῖς
2401 3318 2541 3386 Περὶ
2574 3317 2686 3387 τῆς
2715 3318 2930 3384 Ἴσιδος
2955 3317 3052 3372 καὶ
3080 3315 3198 3371 τῶν
3227 3317 3566 3387 Αἰγυπτίων
3589 3315 3780 3380 θεῶν,

2177 3403 2279 3464 ὧδέ
2307 3429 2424 3476 πως
2459 3411 2652 3480 λέγων·
2693 3430 2712 3463 ι
2765 3410 3059 3484 Ἱστοροῦσι
3089 3409 3198 3481 (5i)
3229 3409 3336 3481 γὰρ
3365 3409 3662 3479 Αἰγύπτιοι
3683 3408 3783 3462 τὸν

2178 3503 2276 3566 μὲν
2317 3503 2522 3576 Ἑρμῆν
2551 3503 2630 3574 τῷ
2664 3501 2877 3574 σώματι
2905 3501 3162 3571 γενέσθαι
3194 3503 3569 3571 γαλιάγκωνα,
3593 3501 3700 3556 τὸν
3725 3501 3786 3556 δὲ

2176 3595 2412 3665 Τυφῶνα
2445 3598 2512 3668 τῇ
2553 3597 2713 3668 χροιᾷ
2757 3596 2986 3667 πυρρὸν,
3019 3595 3210 3649 λευκόν
3245 3611 3304 3647 τε
3329 3595 3420 3648 τὸν
3445 3595 3647 3665 Ἄρην,
3681 3593 3788 3647 καὶ

2181 3690 2520 3762 μελάγχρουν
2542 3691 2634 3744 τὸν
2668 3691 2904 3762 Ὄσιριν,
2937 3689 3012 3752 ὡς
3053 3691 3120 3761 τῇ
3153 3689 3313 3757 φύσει
3344 3687 3647 3757 γεγονότας
3679 3688 3788 3741 ἀν-

2178 3781 2445 3853 θρώπους.
2475 3802 2494 3834 ι
2515 3783 2701 3838 Ταῦτα
2717 3787 2745 3837 ὁ
2762 3782 3126 3854 Πλούταρχος.
3158 3781 3389 3856 Νεκρῶν
3418 3783 3528 3854 άρα
3551 3783 3584 3851 ὴ
3617 3783 3787 3835 πᾶσα

2175 3874 2353 3929 αὐτῶν
2391 3874 2633 3929 θεοποιία
2675 3876 2982 3947 καθέστηκε
3009 3891 3022 3905 ·
3068 3875 3375 3930 πέπλασται
3402 3875 3448 3928 δ’
3476 3875 3671 3938 αὐτοῖς
3713 3875 3789 3930 τὰ

2175 3969 2276 4038 τῆς
2302 3969 2666 4038 φυσιολογίας.
2699 3967 2764 4021 Ti
2789 3967 2898 4042 γὰρ
2924 3969 3092 4041 ἐχρῆν
3130 3967 3338 4040 ἀνδρῶν
3373 3968 3467 4021 καὶ
3492 3970 3789 4038 γυναικῶν

2178 4064 2430 4134 σχήματα
2460 4061 2849 4127 ζωοπλαστεῖν,
2883 4063 3057 4136 παρὸν
3087 4063 3181 4116 καὶ
3205 4061 3327 4133 δίχα
3345 4061 3551 4115 τούτων
3575 4061 3789 4115 ’Ἥλιον

2178 4153 2354 4206 σέϐειν
2385 4154 2478 4206 καὶ
2508 4153 2764 4226 Σελήνην,
2800 4155 2894 4208 καὶ
2937 4153 3004 4208 τὰ
3049 4153 3212 4208 λοιπά
3247 4152 3342 4206 τοῦ
3377 4152 3583 4223 κόσμου
3617 4169 3791 4206 στοι-

2175 4249 2329 4318 χεῖα;
2353 4246 2608 4318 Ποτέροις
2631 4247 2688 4300 δὲ
2709 4247 2935 4312 τούτων,
2959 4248 3054 4300 καὶ
3077 4249 3140 4300 ἐκ
3166 4246 3328 4300 τίνων
3349 4245 3653 4316 ἀρξάμενοι
3675 4246 3791 4311 τὰς

2174 4339 2390 4393 τοιάσδε
2435 4339 2806 4414 προσηγορίας
2851 4341 3232 4412 ὲπεφήμισαν;
3286 4333 3431 4404 οἷον,
3483 4338 3632 4407 λέγω
3683 4341 3789 4394 τὸν

2101 4450 2146 4506 ι)
2179 4433 2479 4502 ’Ἥφαιστον
2503 4433 2598 4486 καὶ
2621 4431 2719 4504 τὴν
2747 4431 2997 4504 Ἀθηνᾶν,
3014 4433 3114 4486 Δία
3139 4449 3201 4485 τε
3225 4432 3320 4486 καὶ
3338 4430 3652 4486 Ποσειδῶνα
3681 4433 3792 4487 καὶ

2177 4526 2375 4598 Ἥραν.
2403 4521 2551 4597 Ἀρα
2581 4523 2691 4598 γὰρ
2720 4524 2896 4579 ταῦτα
2919 4523 3028 4578 τῶν
3059 4521 3290 4578 καθόλου
3319 4523 3597 4595 στοιχείων
3631 4526 3792 4598 πρό-

2171 4636 2328 4690 τερον
2355 4617 2483 4672 ὄντα
2503 4619 2761 4690 ὀνόματα,
2785 4618 3037 4690 δεύτερον
3068 4617 3210 4671 αὑτά
3229 4621 3342 4682 τοῖς
3374 4617 3588 4688 θνητοῖς
3620 4621 3798 4690 ὁμω-

2173 4709 2358 4781 νύμως
2374 4713 2489 4774 τοῖς
2518 4709 2789 4783 οὐρανίοις
2821 4709 3224 4764 ὲπιτεθείκασιν
3243 4726 3256 4740 ’
3287 4708 3322 4780 ἦ
3357 4707 3673 4780 τοῦμπαλιν
3719 4713 3795 4768 ἐκ

2174 4927 2401 4982 brachio
2427 4935 2662 4988 tantum,
2696 4927 2780 4980 vel
2826 4927 2990 4979 etiam
3021 4933 3136 4978 toto
3171 4937 3404 4988 corpore
3452 4923 3792 4981 breviorem

2175 4998 2464 5067 signiﬁcat.
2495 4997 2599 5064 Qui
2635 5009 2812 5050 tamen
2839 4997 2980 5050 hanc
3003 5004 3188 5050 vocem
3217 4993 3328 5049 ἀπὸ
3353 4997 3450 5064 τῆς
3471 4995 3654 5067 γάλης
3687 5013 3796 5048 ar-

2175 5077 2418 5131 cessunt,
2452 5068 2520 5122 iis
2555 5069 2726 5136 magis
2754 5067 2816 5120 τὸ
2846 5085 2884 5136 η
2919 5067 3150 5136 placeat,
3182 5081 3346 5136 quam
3387 5084 3426 5120 ι.
3460 5066 3583 5120 Νοη
3612 5067 3794 5121 absi-

2177 5140 2352 5209 miles,
2388 5139 2480 5209 qui
2513 5137 2720 5194 Latinis
2749 5139 2878 5191 olim
2912 5137 3048 5192 Anci
3095 5137 3438 5209 dicebantur.
3477 5136 3571 5209 Sic
3611 5139 3793 5192 cutim

2177 5208 2370 5262 Festus
2396 5207 2422 5272 ;“
2449 5227 2467 5260 ι
2499 5209 2696 5268 Ancus.
2729 5209 2823 5278 qui
2848 5209 3124 5278 aduncum
3156 5207 3442 5260 brachium
3478 5208 3673 5272 habet,
3731 5220 3800 5263 ut

2175 5279 2449 5350 exporrigi
2479 5293 2587 5332 non
2628 5276 2872 5350 possit.)
2911 5281 2975 5350 l;_'t
3009 5276 3294 5350 Glgssario
3325 5279 3522 5350 veteri,
3555 5279 3796 5350 Ancus,

2173 5347 2537 5412 maneus'est,
2562 5347 2813 5420 κύλλὸς,
2833 5348 3038 5420 λορδός.
3072 5348 3236 5403 Recte
3268 5347 3478 5420 κυλλός.
3501 5349 3554 5420 l_s
3572 5349 3800 5420 enim,

2175 5421 2348 5490 χωλός
2377 5431 2431 5474 et
2460 5419 2748 5490 καμπύλος
2783 5417 3053 5490 llesj'chio
3077 5419 3280 5490 dicitur
3296 5436 3314 5484 ;
3348 5429 3402 5470 at
3426 5417 3614 5490 λορδός
3652 5435 3804 5474 εει·-

2177 5488 2348 5544 unum
2377 5488 2558 5560 potius
2594 5488 3186 5561 signilicat,’ejusmodi
3223 5489 3335 5542 fere
3366 5488 3525 5561 quem
3557 5488 3802 5561 Gallice

2176 5558 2435 5616 vocamus
2479 5558 2762 5615 lourddud.
2795 5558 2970 5618 Varro
3015 5568 3198 5616 tamen
3242 5564 3442 5614 Ancum
3493 5558 3794 5616 Sabinam

2175 5647 2298 5688 esse
2326 5648 2511 5688 Vocem
2541 5633 2768 5704 putavit.
