3858 6224
403 269 499 323 ΠΙ

1057 263 1329 319 EUSEBII
1369 257 1850 317 CESARIENSIS
1885 255 2037 313 ΟΡΡ.
2080 253 2261 308 PARS
2298 254 2360 307 ll.
2400 285 2468 294 —
2504 253 3009 310 APOLOGETICA.

3552 259 3654 312 172

399 361 720 431 sphaerium,
746 359 832 414 vel
857 360 912 413 in
935 357 1119 414 Nilum
1150 358 1333 428 ipsum
1359 356 1608 420 ﬂuvium,
1635 362 1833 409 cuncta
1872 352 1968 407 de-

2081 348 2413 420 εἱμαρμένην
2443 346 2685 416 λέγουσι,
2712 347 2890 400 πάντα
2916 347 3344 419 καταδήσαντες,
3369 350 3462 402 καὶ
3489 353 3666 403 πάντα

402 457 566 524 nique
589 455 645 509 in
675 470 761 509 res
795 453 1107 516 naturales,
1145 450 1283 504 nihil
1324 450 1379 504 in
1411 462 1674 518 corporea
1708 446 1850 501 mole
1881 460 1974 500 ca-

401 557 586 603 rentes
611 545 967 614 viventesque
995 549 1244 608 naturas,
1259 541 1503 610 ipsarum
1523 538 1975 607 interpretatione

375 638 659 710 .conl'erri.
687 638 864 706 Atque
913 637 1146 691 istorum
1190 634 1355 688 etiam
1395 632 1675 702 plerique,
1729 630 1876 699 quod
1918 630 1974 683 in

400 736 592 785 nostra
615 729 896 784 voluntate
930 735 1014 782 est
1044 742 1108 781 ac
1136 733 1405 795 potestate
1432 724 1704 802 situm,ex
1731 721 1974 776 siderum

402 834 553 877 motu
579 835 903 897 spspensum
932 834 1053 873 esse
1069 818 1383 879 voluerunt,
1404 822 1601 869 cuncta
1626 814 1973 879 necessitate,

404 914 551 982 quod
588 912 691 982 ipsi
725 910 895 964 fatum
935 908 1230 978 appellant,
1261 907 1344 961 sic
1387 918 1643 974 tanquam
1677 904 1977 973 inexplica-

407 1003 609 1057 bilibus
635 1001 962 1071 quibusdam
995 999 1252 1065 vinculis,
1276 1001 1463 1053 nescio
1496 1013 1607 1067 quo
1645 1006 1824 1067 pacto,
1852 1012 1980 1052 con-

395 1090 1068 1164 stringenles,eademque
1113 1104 1309 1144 rursus
1358 1090 1426 1143 ad
1481 1089 1708 1143 deorum
1743 1089 1976 1143 istorum

405 1181 513 1234 vim
542 1196 606 1235 ac
632 1196 834 1235 nomen
866 1180 1172 1249 alligantes.
1211 1180 1400 1249 Itaque
1432 1195 1541 1233 non
1566 1180 1704 1235 alios
1747 1180 1863 1234 sive
1919 1179 1977 1233 in

400 1271 642 1339 templis,
675 1271 788 1326 sive
809 1272 863 1324 in
886 1270 1221 1336 simulacris,
1265 1271 1379 1324 sive
1412 1271 1466 1324 in
1514 1270 1636 1325 aliis
1667 1270 1962 1339 ejusmodi,

403 1374 571 1429 quam
623 1360 718 1429 qui
760 1358 854 1413 fati
889 1359 1034 1427 leges
1068 1359 1306 1422 solvunt,
1344 1369 1693 1414 venerantur.
1730 1378 1753 1412 θ
1797 1360 1975 1429 Atque

403 1453 521 1508 hate
555 1468 587 1506 a
622 1452 782 1507 nobis
815 1468 882 1506 ex
915 1452 1130 1507 laudata
1163 1451 1454 1523 Porphyrii
1498 1452 1729 1522 epistola
1770 1453 1975 1522 produ-

399 1553 488 1598 cta
509 1553 695 1611 sunto,
716 1558 836 1612 quae
869 1543 1112 1612 profecto
1139 1544 1426 1598 manifeste
1461 1543 1759 1609 declarant,
1802 1560 1870 1598 ne
1890 1559 1980 1599 ar-

402 1649 598 1690 canam
622 1634 843 1701 quidem
873 1635 1045 1703 ipsam
1074 1633 1450 1705 iEgyptiorum
1476 1635 1804 1706 theologiam
1840 1650 1979 1705 prae-

2074 438 2287 501 τούτοις
2320 437 2627 504 ἀνάψαντες
2666 440 2779 499 τοῖς
2814 435 2974 499 θεοῖς.
3018 437 3172 490 Οὕτω
3202 436 3439 509 λυτῆρας
3475 439 3573 509 τῆς
3595 440 3669 491 εἰ-

2079 529 2368 599 μαρμένης
2394 531 2589 598 μόνους
2638 526 2694 581 ἐν
2739 544 2799 579 τε
2845 528 3008 598 ἱεροῖς
3038 529 3134 581 καὶ
3177 527 3405 593 ξοάνοις,
3437 530 3531 582 καὶ
3562 532 3671 593 τοῖς

2075 619 2254 682 ἄλλοις
2281 618 2665 691 θεραπεύουσι.
2705 637 2725 670 ι
2765 617 2950 672 Ταῦτα
2977 618 3075 689 μὲν
3124 614 3216 672 οὖν
3270 620 3380 673 ἀπὸ
3427 621 3528 688 τῆς
3572 621 3668 692 δη-

2074 707 2339 779 λωθείσης
2389 708 2675 780 ἐπιστολῆς
2727 708 2965 771 κείσθω,
3024 710 3212 778 σαφῶς
3255 709 3667 780 διαγορεύοντα,

2074 800 2158 853 ὅτι
2203 800 2300 854 καὶ
2347 802 2381 871 ή
2430 800 2537 854 τῶν
2584 800 2898 869 Αἰγυπτίων
2947 800 3261 873 ἀπόρρητος
3316 800 3428 873 (55)
3490 802 3668 856 θεολο-

2075 892 2172 960 γία
2199 932 2213 956 ,
2262 892 2383 946 οὐδὲ
2430 893 2625 956 ἄλλους
2678 893 2820 964 πλὴν
2875 892 2984 946 τῶν
3042 894 3164 946 κατ’
3215 893 3445 965 οὐρανὸν
3505 895 3669 948 ἀστέ-

2076 1001 2210 1055 ρων,
2255 984 2365 1039 τῶν
2408 1002 2467 1037 τε
2505 983 2759 1038 ἀπλανῶν
2806 984 3175 1055 καλουμένων,
3212 985 3307 1039 καὶ
3339 985 3447 1039 τῶν
3476 986 3672 1056 ὀνομα-

2077 1074 2320 1146 ζομένων
2371 1074 2658 1145 πλανητῶν
2705 1074 2973 1144 ὲθεολόγει
2997 1117 3012 1142 ,
3058 1076 3392 1148 δημιουργόν
3450 1094 3509 1130 τε
3560 1079 3669 1131 τῶν

2078 1166 2213 1220 ὅλων
2243 1165 2487 1236 εἰσῆγεν,
2522 1166 2807 1220 οὐτιναοῢν
2841 1165 3164 1238 ἀσώματον,
3208 1169 3331 1222 οὐδὲ
3370 1168 3527 1237 λόγον
3569 1171 3668 1239 δη-

2082 1259 2429 1332 μιουργικὸν,
2465 1258 2585 1312 οὐδὲ
2634 1257 2740 1330 μὴν
2785 1259 2927 1325 θεὸν,
2962 1260 3085 1313 οὐδὲ
3131 1259 3317 1325 θεοὺς,
3365 1262 3485 1315 οὐδέ
3516 1280 3670 1325 τινας

2079 1350 2275 1422 νοεράς
2297 1350 2390 1404 καὶ
2423 1351 2649 1419 ἀφανεῖς
2670 1349 2956 1421 δυνάμεις*
2992 1350 3151 1421 μόνον
3180 1351 3239 1405 δὲ
3270 1351 3361 1405 τὸν
3390 1351 3670 1424 ὁρώμενον

2078 1442 2256 1513 ἥλιον·
2284 1441 2366 1495 διὸ
2397 1441 2492 1495 καὶ
2526 1441 2707 1512 μόνοις
2727 1445 2843 1506 τοῖς
2873 1442 3092 1514 ἄστροις
3119 1443 3219 1514 τὴν
3247 1441 3356 1496 τῶν
3386 1444 3521 1498 ὅλων
3542 1446 3671 1498 ἀνε-

2078 1533 2297 1587 τίθεσαν
2345 1533 2526 1586 αἰτίαν
2546 1572 2563 1596 ,
2596 1531 2665 1585 τὰ
2698 1533 2876 1586 πάντα
2923 1532 3263 1609 εἱμαρμένης
3304 1531 3668 1601 ἐξάπτοντες,

2080 1627 2175 1679 καὶ
2206 1625 2308 1696 τῆς
2338 1624 2447 1678 τῶν
2479 1624 2695 1694 ἄστρων
2726 1623 2993 1696 κινήσεώς
3019 1642 3077 1678 τε
3110 1626 3203 1679 καὶ
3230 1627 3402 1697 φορᾶς
3424 1641 3437 1655 ⁸
3476 1624 3670 1697 ὥσπερ

399 1733 485 1778 ter
514 1723 637 1778 caeli
679 1723 886 1789 stellas,
918 1733 1032 1777 tum
1069 1739 1191 1794 quae
1232 1733 1547 1781 constantes
1578 1741 1646 1781 ac
1680 1727 1822 1792 lixae,
1860 1736 1974 1780 tum

2081 1714 2269 1786 ἀμέλει
2295 1713 2464 1767 εἰσέτι
2491 1712 2588 1767 καὶ
2616 1712 2711 1766 νῦν
2739 1713 2832 1784 ἣδε
2869 1716 3001 1786 παρ’
3035 1716 3218 1778 αὐτοῖς
3249 1716 3595 1788 κεκράτηκεν
3629 1719 3665 1788 ή

401 1831 525 1884 qua:
548 1824 798 1872 errantes
813 1817 975 1887 vulgo
1007 1817 1381 1883 nominantur,
1418 1818 1555 1873 alios
1583 1818 1725 1873 ullos
1748 1819 1977 1873 deorum

399 1905 509 1976 93
543 1906 595 1960 in
626 1921 855 1962 numero
891 1907 1210 1973 collocasse,
1236 1907 1346 1962 imo
1380 1923 1479 1963 nec
1507 1908 1753 1977 corporis
1784 1924 1979 1979 exper-

402 2007 509 2051 tem
561 1996 798 2067 aliquem
849 1996 1014 2067 hujus
1064 1997 1434 2053 universitatis
1479 1998 1834 2053 architectum
1869 2008 1980 2055 sta-

400 2087 591 2150 tuisse,
622 2101 722 2141 nec
755 2087 954 2141 rationi
1007 2087 1286 2151 eil‘ectrici,
1336 2102 1438 2143 nec
1463 2088 1566 2143 deo
1602 2088 1775 2145 diisve
1821 2091 1977 2159 ullis,

400 2186 499 2232 aut
515 2177 937 2248 intelligentibus
962 2178 1289 2249 quibusdam
1324 2195 1389 2235 ac
1413 2180 1516 2236 sub
1540 2181 1728 2237 oculos
1756 2182 1980 2239 minime

399 2267 722 2324 cadentibus
743 2269 976 2335 naturis,
1007 2270 1101 2324 sed
1125 2270 1218 2324 uni
1247 2271 1508 2327 duntaxat
1532 2274 1849 2343 aSpectabili
1876 2274 1979 2330 soli

398 2356 524 2427 ejus
557 2358 894 2413 molitionem
916 2360 1194 2417 tribuisse.
1223 2360 1409 2432 Itaque
1437 2364 1571 2418 solis
1604 2366 1767 2420 astris
1798 2382 1978 2421 rerum

399 2455 781 2509 universarum
816 2469 1038 2510 causam
1072 2455 1424 2527 assignarunt
1448 2498 1464 2524 ,
1509 2475 1575 2512 ex
1605 2458 1698 2513 fati
1749 2460 1985 2515 necessi-

397 2554 530 2611 tate,
560 2545 912 2616 siderumque
942 2554 1089 2600 motu
1121 2554 1174 2600 et
1206 2547 1500 2616 agitatione
1530 2556 1725 2602 cuncta
1761 2563 1981 2617 suspen-

398 2635 622 2703 dentes;
648 2651 770 2705 quae
798 2635 1020 2705 quidem
1042 2636 1227 2705 Opinio
1258 2638 1402 2706 apud
1430 2637 1551 2693 illos
1579 2638 1847 2707 hodieque
1870 2638 1980 2692 vim

396 2726 593 2782 retinet
618 2740 793 2781 suam.
822 2723 978 2781 Nunc
1010 2740 1161 2795 ergo,
1192 2742 1315 2782 cum
1350 2736 1404 2782 et
1435 2736 1548 2783 tota
1603 2726 1981 2800 Egyptiorum

397 2817 772 2887 interpretatio
806 2831 917 2872 non
948 2816 1062 2887 jam
1100 2818 1153 2871 in
1193 2834 1418 2888 corpore
1463 2818 1665 2874 liberas
1710 2820 1981 2875 viventes-

400 2925 506 2980 que
527 2916 775 2973 naturas,
810 2909 907 2965 sed
956 2909 1013 2963 in
1060 2924 1122 2964 ea
1169 2918 1411 2977 tantum,
1449 2925 1571 2978 quae
1597 2911 1843 2981 quotidie
1870 2927 1983 2968 cer-

2076 1807 2223 1873 δόξα.
2269 1808 2335 1860 Εἰ
2379 1806 2559 1859 τοίνυν
2602 1805 2681 1869 εἰς
2717 1806 2877 1878 μόνον
2909 1807 2978 1861 τά
3029 1806 3283 1879 ὁρώμενα
3314 1807 3408 1861 τοῦ
3462 1808 3669 1880 κόσμου

2080 1900 2341 1968 στοιχεῖα,
2373 1898 2468 1951 καὶ
2498 1896 2648 1951 οὐδὲν
2677 1898 2758 1963 εἰς
2792 1897 3116 1969 ἀσωμάτους
3152 1899 3246 1952 καὶ
3273 1897 3453 1962 ζώσας
3481 1899 3672 1963 οὐσίας

2078 1995 2415 2067 ἡρμήνευται
2460 1998 2575 2059 τοῖς
2635 1993 2984 2065 Αἰγυπτίοις·
3039 1993 3108 2046 τὰ
3165 1993 3222 2047 δὲ
3278 1998 3514 2064 στοιχεῖα
3569 1993 3674 2047 καὶ

2078 2087 2256 2141 πάντα
2296 2085 2368 2139 τὰ
2400 2087 2574 2159 ὀρατά
2618 2085 2865 2159 σώματα,
2908 2084 2987 2156 τῷ
3016 2086 3136 2157 ἰδίῳ
3169 2086 3312 2157 λόγῳ
3348 2085 3533 2156 ἄψυχα
3570 2084 3675 2139 καὶ

2079 2178 2268 2247 ἄλογα,
2295 2178 2497 2250 ῥευστὰ
2530 2195 2592 2232 τε
2627 2178 2726 2250 τὴν
2756 2177 2918 2247 φύσιν
2945 2179 3038 2231 κα).
3075 2177 3290 2250 φθαρτά
3320 2177 3633 2249 καθέστηκε
3651 2193 3670 2208 ⁶

2080 2270 2178 2324 θέα
2207 2271 2286 2334 εἰς
2318 2265 2407 2323 οἶα
2437 2269 2599 2324 πάλιν
2642 2269 2820 2324 αὐτῶν
2861 2270 3295 2323 καταπέπτωκεν
3336 2270 3369 2340 ἡ
3395 2268 3671 2338 θεολογία,

2077 2360 2176 2433 τὴν
2201 2361 2406 2431 ἄψυχον
2439 2361 2647 2426 οὐσίαν,
2671 2362 2770 2415 καὶ
2801 2360 2870 2414 τὰ
2905 2362 3076 2433 νεκρά
3100 2364 3194 2416 καὶ
3225 2360 3407 2431 ἀψυχα
3441 2359 3676 2431 σώματα

2081 2452 2396 2518 θειάζουσα,
2436 2454 2673 2524 μάλιστα
2704 2454 2792 2507 ὅτε
2838 2455 2919 2516 εἰς
2964 2453 3288 2524 ἀσωμάτους
3337 2452 3432 2505 καὶ
3473 2453 3675 2525 νοεράς

2079 2548 2265 2612 οὗσίας
2297 2548 2450 2601 οὐδὲν
2494 2547 2677 2612 αὐτοῖς
2724 2547 3056 2618 ἀνεφέρετο,
3103 2546 3225 2599 οὐδὲ
3273 2547 3367 2599 ἐπὶ
3405 2545 3527 2599 νοῦν
3570 2546 3678 2600 καὶ

2080 2637 2237 2706 λόγον
2269 2636 2814 2709 δημιουργικὸν’τῶν
2852 2636 3007 2690 ὅλων.
3060 2636 3212 2688 Ἐπεὶ
3251 2634 3307 2688 δὲ
3348 2634 3676 2706 προωμολο-

2081 2729 2223 2803 γήθη
2258 2729 2346 2784 διά
2380 2728 2491 2783 τῶν
2524 2728 2760 2801 πρόσθεν
2786 2730 2867 2792 εἰς
2900 2728 3167 2798 Ἕλληνας
3194 2729 3323 2798 παρ’
3353 2727 3675 2795 Αἰγυπτίων

2079 2822 2149 2875 τὰ
2177 2815 2278 2891 τῆς
2311 2821 2589 2890 θεολογίας
2625 2819 3105 2892 μετακεκομίσθαι,
3141 2819 3260 2889 ὥρα
3287 2818 3494 2881 τούτοις
3523 2835 3677 2870 στοι-

2081 2916 2195 2983 χεῖν
2225 2914 2320 2966 καὶ
2348 2913 2635 2983 Ἕλληνας,
2672 2912 2766 2965 καὶ
2792 2911 2861 2964 τά
2896 2911 3033 2965 αύτά
3064 2911 3380 2980 Αἰγυπτίοις
3420 2909 3677 2978 φυσιολο-

400 3011 626 3068 nuntur,
655 3001 842 3056 mundi
889 2999 1054 3071 hujus
1095 3001 1359 3057 elementa
1401 3001 1748 3068 conferatur,
1793 3013 1847 3059 et
1874 3003 1977 3059 ele-

2083 3004 2220 3071 γείν,
2243 3002 2641 3073 ἀπελέγχεσθαί
2665 3020 2724 3055 τε
2747 3002 2944 3066 αὐτοὺς
2968 3002 3118 3056 οὐδὲν
3147 3002 3305 3056 πλέον
3332 3003 3430 3073 τῆς
3455 3001 3677 3072 ἀψύχου

401 3099 586 3146 menta
615 3092 718 3148 ista
743 3093 862 3147 sine
889 3092 1100 3158 animo,
1143 3093 1260 3148 sine
1293 3094 1502 3148 ratione
1525 3135 1540 3161 ,
1569 3109 1635 3149 ac
1667 3094 1827 3150 ﬂuxae
1858 3111 1977 3165 per-

2084 3064 2220 3165 ύλης
2266 3064 2662 3159 θεοτωιοῦντας.
2694 3096 2878 3150 Ταῦτα
2911 3064 3018 3166 γὰρ
3048 3092 3117 3166 ἦν
3164 3093 3234 3147 τὰ
3287 3064 3461 3164 σεμνά
3499 3064 3679 3159 Ᾱξῼυ.

399 3187 690 3255 euntisque
723 3194 953 3253 natum,
981 3185 1243 3257 peculiari
1273 3187 1508 3256 quadam
1559 3197 1817 3258 certaque
1861 3189 1977 3245 fue‘

399 3276 511 3331 rint
539 3277 751 3332 ratione
768 3287 1061 3347 procreata
1089 3295 1102 3332 :
1138 3277 1258 3332 vide
1289 3293 1472 3347 porro,
1496 3294 1732 3348 quonam
1762 3279 1981 3349 delapsa

400 3367 475 3422 sit
500 3367 785 3422 hominum
821 3368 1051 3423 istorum
1081 3368 1374 3439 theologia,
1399 3384 1522 3439 quae
1551 3378 1800 3424 naturam
1828 3386 1981 3426 men-

401 3459 473 3514 tis
496 3467 794 3529 expertem,
827 3468 1153 3530 mortuaque
1205 3469 1260 3515 et
1311 3460 1380 3516 ab
1413 3460 1565 3515 omni
1593 3476 1760 3517 sensu
1809 3477 1979 3518 vacua

399 3565 629 3621 corpora
681 3550 966 3605 numinum
1022 3550 1195 3605 instar
1243 3551 1622 3615 consecrarit,
1677 3553 1976 3623 prasertim

399 3657 524 3696 cum
560 3641 696 3696 nihil
728 3656 956 3712 prorsus
998 3642 1072 3699 ab
1104 3641 1300 3697 iisdem
1336 3642 1420 3697 vel
1452 3643 1522 3698 ad
1557 3643 1868 3714 spirituales
1898 3644 1981 3698 in-

399 3733 813 3803 telligentesque
852 3741 1099 3800 naturas,
1130 3732 1217 3788 vel
1254 3733 1322 3788 ad
1353 3742 1587 3788 mentem
1617 3734 1790 3803 ipsam
1817 3746 1980 3805 atque

399 3825 663 3880 rationem
700 3839 881 3880 rerum
910 3825 1336 3894 procreatricem
1383 3825 1628 3879 omnium
1661 3824 1974 3881 referretur.

399 3912 534 3968 Cum
586 3922 765 3968 autem
820 3928 888 3968 ex
936 3914 1003 3970 iis
1047 3929 1170 3985 quae
1203 3922 1329 3969 ante
1362 3929 1394 3968 a
1429 3914 1587 3970 nobis
1616 3914 1779 3969 allata
1813 3924 1976 3978 sunt,

400 4014 659 4074 tanquam
690 4013 897 4059 certum
923 4012 976 4059 et
1000 4003 1311 4060 confessum
1360 4005 1784 4069 habeamus,.ab
1812 4002 1980 4075 Egy-

399 4096 529 4166 ptiis
555 4096 621 4150 ad
652 4094 870 4151 Graecos
904 4097 1152 4150 traducta
1183 4094 1355 4152 fuisse
1376 4097 1667 4167 theologize
1697 4097 1976 4167 mysteria,

400 4198 616 4255 tempus
641 4188 827 4257 utique
856 4197 962 4253 est,
1010 4197 1067 4242 ut
1113 4203 1307 4243 eorum
1354 4189 1421 4243 ad
1480 4190 1709 4245 classem
1763 4187 1979 4245 Graecos

400 4279 564 4332 ctiam
596 4279 744 4348 ipsos
769 4294 1121 4351 aggregemus
1143 4320 1158 4342 .
1194 4280 1425 4351 illosque
1462 4296 1561 4336 nec
1592 4280 1864 4336 diversam
1910 4281 1978 4336 ab

402 4368 672 4439 ngptiis
726 4368 1144 4439 philosophandi
1193 4371 1458 4425 rationem
1521 4371 1812 4434 habuisse,
1878 4386 1979 4425 nec

399 4473 594 4530 prater
619 4458 914 4513 inanimam
929 4459 1219 4529 quamdam
1249 4461 1530 4515 materiam
1548 4462 1643 4515 ulli
1659 4462 1882 4516 omnino
1905 4462 1982 4516 rei

400 4549 740 4604 divinitatem
767 4549 981 4605 dedisse
1002 4551 1414 4606 convincamus.
1449 4554 1558 4606 lsta
1579 4552 1779 4621 quippe
1810 4568 1982 4622 augu-

402 4648 486 4695 sta
523 4635 901 4709 tEgyptiorum
932 4649 1086 4694 erant
1120 4640 1367 4705 numina,
1413 4641 1867 4709 quemadmodum
1895 4642 1984 4697 ille

403 4734 539 4802 ipse,
575 4746 737 4801 quem
775 4731 936 4800 paulo
994 4739 1119 4786 ante
1170 4732 1354 4795 citavi,
1412 4732 1745 4802 Porphyrius
1795 4743 1982 4787 auctor

405 4832 491 4877 cst
510 4821 645 4894 (56),
662 4821 790 4876 dum
810 4821 862 4874 in
888 4821 974 4887 iis,
992 4837 1131 4890 quos
1151 4820 1224 4875 De
1240 4823 1485 4893 fugiendo
1509 4841 1685 4877 rerum
1708 4824 1982 4879 animata-

408 4929 527 4967 rum
544 4929 633 4967 esu
649 4913 993 4982 conscripsit,
1016 4913 1082 4967 de
1100 4912 1291 4967 iisdem
1318 4914 1459 4967 hunc
1485 4914 1538 4967 in
1561 4915 1780 4969 modum
1801 4914 1979 4984 loqui-

406 5014 499 5060 tur
539 5022 552 5057 :
597 5022 616 5055 ι
652 5004 734 5057 llli
767 5012 948 5058 autem
982 5003 1052 5057 ab
1079 5003 1181 5058 hoc
1204 5003 1608 5059 exercitationis
1652 5019 1886 5074 genere,
1927 5013 1984 5059 et

403 5095 538 5153 inita
578 5112 703 5153 cum
745 5097 932 5152 divino
970 5096 1195 5155 numine
1244 5092 1612 5149 familiaritate
1664 5095 1977 5166 pragr'essi,

477 5256 591 5328 (55)
643 5257 1012 5328 Ἆπόρῤητος.
1054 5253 1134 5307 lta
1180 5268 1313 5309 mss.
1360 5252 1543 5318 ambo,
1589 5267 1697 5308 non
1751 5253 1979 5326 ἐπίρρη-

404 5326 518 5392 τος,
551 5337 611 5382 ιιι
638 5335 767 5396 ante
796 5326 1096 5396 legebatur.

477 5398 590 5468 (56)
633 5395 808 5468 Locus
852 5392 948 5468 est
976 5393 1259 5468 Porphyrii
1303 5392 1398 5447 lib.
1449 5408 1501 5445 iv
1534 5393 1712 5459 :IIspl
1763 5393 1971 5468 ἀποχν

406 5464 621 5522 duobus
648 5467 891 5536 l'ol.7post
936 5464 1185 5536 initium;
1228 5469 1430 5536 recent.
1484 5472 1664 5516 autem
1701 5464 1973 5536 editionis

409 5552 532 5608 pag.
564 5537 685 5589 51‘2.
713 5532 903 5604 Magna
928 5533 1249 5608 quidemibi
1276 5533 1565 5608 lectionum
1599 5532 1835 5608 varietas
1868 5542 1971 5608 est,

408 5601 581 5676 eariue
625 5620 766 5676 saepe
798 5601 905 5676 non
935 5601 1309 5676 improbanda,
1338 5605 1535 5674 sa'pius
1571 5602 1847 5659 mendosa.
1885 5601 1966 5657 ln-

411 5675 723 5748 terpretem,
752 5676 798 5731 si
825 5675 991 5741 lubet,
1025 5675 1273 5731 consule.

2082 3185 2254 3238 πτίων
2285 3185 2428 3239 κατά
2455 3185 2552 3257 τὴν
2587 3185 2678 3239 τοῦ
2718 3187 3089 3258 δεδηλωμένου
3131 3184 3489 3257 συγγραφέως
3530 3202 3685 3256 γρα-

2084 3278 2220 3349 φήν*
2246 3278 2393 3342 ὅστις
2442 3278 2604 3332 πάλιν
2652 3280 2711 3331 ὲν
2756 3274 2838 3342 οἷς
2884 3277 3164 3349 ἐπέγραψε
3197 3276 3339 3344 Περί
3393 3276 3505 3345 τῆς
3547 3275 3682 3330 τῶν

2079 3367 2368 3437 ἐμψύχων
2396 3368 2655 3438 ἀποχῆς,
2693 3368 2915 3422 τοιαῦτα
2955 3367 3083 3439 περὶ
3114 3366 3221 3421 τῶν
3258 3366 3435 3420 αὐτῶν
3471 3365 3680 3432 διέξει-

2084 3474 2189 3511 σιν·
2223 3478 2242 3510 ί
2281 3459 2413 3512 Ἀπὸ
2441 3459 2498 3512 δὲ
2523 3459 2726 3529 ταύτης
2762 3458 3070 3531 ὁρμώμενοι
3097 3459 3198 3529 τῆς
3230 3460 3538 3538 ἀσκήσεως,
3570 3457 3681 3511 καὶ

2080 3550 2178 3620 τῆς
2211 3550 2347 3623 πρὸς
2366 3551 2425 3603 τὸ
2445 3550 2598 3604 Θεῖον
2633 3550 2977 3614 οίκειώσεως,
3008 3550 3251 3619 ἔγνωσαν
3280 3549 3355 3613 ὡς
3385 3550 3444 3601 ού
3474 3549 3543 3602 δι’
3572 3548 3648 3602 ἀν

2082 3642 2301 3713 θρώπου
2338 3643 2498 3715 μόνου
2530 3644 2590 3697 τὸ
2630 3644 2781 3697 Θεῖον
2813 3642 3023 3714 διῆλθεν
3042 3658 3055 3671 ·
3080 3639 3205 3694 οὔτε
3234 3640 3379 3712 ψυχὴ
3424 3642 3484 3693 ὲν
3516 3639 3679 3711 μόνῳ

2086 3734 2358 3807 ἀνθρώπῳ
2411 3737 2506 3789 ἐπὶ
2563 3734 2668 3805 γῆς
2718 3736 3166 3804 κατεσκήνωσεν,
3219 3731 3355 3785 ἀλλά
3398 3730 3580 3801 σχεδὸν
3632 3734 3673 3805 ἡ

2080 3823 2218 3894 αὑτὴ
2247 3824 2334 3877 διὰ
2376 3824 2592 3878 πάντων
2625 3820 2756 3894 ἦλθε
2803 3823 2912 3876 τῶν
2956 3821 3133 3887 ζώων.
3163 3821 3254 3874 Διὸ
3301 3823 3381 3885 εἰς
3412 3820 3510 3890 τὴν
3544 3818 3680 3872 θεο-

2082 3915 2261 3966 ποιΐαν
2295 3913 2599 3986 παρέλαϐον
2634 3915 2740 3967 πᾶν
2779 3911 2935 3977 ξώον,
2964 3912 3056 3964 καὶ
3100 3911 3302 3981 ὁμοίως
3336 3928 3438 3964 που
3471 3910 3680 3979 ἀνέμι-

2080 4003 2177 4070 ξαν
2211 4003 2372 4077 θηρία
2400 4004 2495 4057 καὶ
2524 4002 2860 4074 ἀνθρώπους,
2892 4004 2983 4056 καὶ
3015 4002 3176 4055 πάλιν
3195 4001 3396 4073 ὀρνέων
3431 4001 3680 4071 σώματα

2082 4095 2174 4148 καὶ
2203 4094 2523 4166 ἀνθρώπων.
2557 4096 2819 4147 Εἶκασται
2856 4095 2964 4165 γάρ
2997 4112 3079 4158 τις
3113 4095 3240 4166 παρ’
3278 4095 3460 4156 αὐτοῖς
3497 4092 3677 4165 μέχρι

2078 4187 2349 4258 τραχήλου
2388 4185 2824 4258 ἀνθρωποειδὴς,
2852 4185 2913 4238 τὸ
2952 4185 3010 4238 δὲ
3052 4186 3340 4256 πρόσωπον
3370 4185 3595 4256 ὀρνέου,
3630 4185 3676 4257 ἢ

2078 4278 2308 4342 λέοντος,
2339 4278 2372 4349 ἢ
2406 4276 2564 4331 ἄλλου
2596 4277 2740 4340 τινὸς
2772 4275 2911 4341 ζώου
2957 4275 3323 4346 κεκτημένος·
3369 4274 3463 4327 καὶ
3497 4274 3679 4327 πάλιν

2082 4363 2147 4423 αὖ
2178 4368 2388 4439 κεφαλὴ
2412 4367 2768 4439 ἀνθρώπειος,
2806 4369 2901 4421 καὶ
2928 4367 3102 4420 ἄλλων
3127 4367 3287 4419 τινῶν
3314 4365 3467 4431 ζώων
3491 4367 3676 4436 μέρη,

2088 4460 2163 4532 πῆ
2196 4459 2296 4530 μὲν
2327 4460 2681 4530 ὑποκείμενα,
2719 4460 2793 4530 πῆ
2816 4459 2870 4511 δὲ
2900 4458 3240 4529 ἐπικείμενα.
3268 4456 3346 4510 Δι’
3373 4451 3446 4511 ὧν
3471 4456 3686 4526 δηλοῦ-

2087 4570 2190 4618 σιν,
2219 4555 2300 4606 ὄτι
2332 4555 2472 4606 κατά
2504 4551 2726 4623 γνώμην
2753 4551 2889 4605 θεῶν
2920 4553 3015 4604 καὶ
3047 4550 3221 4604 ταῦτα
3268 4549 3514 4620 ἀλλήλοις
3547 4566 3684 4603 κοι-

2083 4647 2260 4709 νωνεῖ,
2295 4645 2389 4697 καὶ
2413 4642 2687 4715 σύντροφα
2712 4645 2843 4715 ἡμῖν
2877 4644 2968 4696 καί
3000 4638 3234 4696 τίθασσά
3274 4643 3389 4694 ἐστι
3417 4640 3527 4693 τῶν
3557 4641 3678 4713 θη-

2087 4733 2218 4805 ρίων
2266 4734 2333 4785 τά
2375 4732 2580 4809 ἄγρια,
2616 4733 2715 4785 οὐκ
2759 4733 2885 4787 ἄνευ
2929 4734 3073 4796 τινὸς
3124 4732 3274 4796 θείας
3324 4730 3677 4802 βουλήσεως.

2088 4824 2246 4878 Ὅθεν
2269 4825 2361 4878 καὶ
2393 4826 2421 4877 ό
2450 4825 2585 4878 λέων
2615 4824 2689 4889 ὼς
2725 4824 2842 4888 θεὸς
2868 4824 3249 4897 θρησκεύεται,
3278 4824 3371 4876 καὶ
3407 4822 3575 4892 μέρος
3608 4840 3685 4877 τι

2082 4916 2179 4987 τῆς
2209 4915 2502 4985 Αἰγύπτου,
2532 4915 2561 4967 ὂ
2586 4915 2806 4969 καλοῦσι
2836 4914 3017 4986 νομὸν,
3044 4914 3327 4985 ἐπώνυμον
3356 4913 3468 4982 ἕχει
3491 4914 3686 4966 Λεον-

2080 5006 2385 5078 τοπολίτην,
2418 5005 2544 5059 ἀλλο
2571 5005 2630 5059 δὲ
2674 5005 2993 5077 Βουσιρίτην
3014 5047 3028 5069 ,
3068 5007 3162 5060 καὶ
3202 5005 3329 5059 ἄλλο
3361 5005 3687 5058 Κυνοπολί-

2081 5117 2179 5171 την
2208 5099 2341 5170 (57).
2380 5099 2490 5170 Τὴν
2518 5098 2627 5169 γὰρ
2654 5099 2745 5150 ἐπὶ
2777 5099 2954 5151 πάντα
2996 5097 3225 5167 δύναμιν
3264 5096 3351 5149 διὰ
3384 5095 3494 5149 τῶν
3531 5112 3685 5149 συν-

2152 5251 2265 5321 (57)
2304 5251 2747 5321 Κυνοπολγίτην.
2792 5249 3043 5304 Excusus
3088 5249 3250 5321 alterA
3282 5246 3443 5301 habet
3476 5246 3685 5319 Λυκο-

2080 5316 2322 5391 πολίτην.
2358 5321 2540 5390 Elige.
2578 5319 2822 5391 Utroque
2859 5321 3082 5374 nomine
3114 5316 3685 5391 praefecturasingy—

2078 5400 2203 5460 plus
2234 5384 2471 5455 habuitf
2505 5390 2574 5445 de
2618 5384 2818 5460 quibus
2872 5405 2937 5443 ac
2977 5384 3190 5460 caeteris
3218 5387 3446 5460 consule
3471 5384 3691 5460 Ptole—

2078 5457 2294 5525 insnum,
2339 5457 2662 5514 Strabonem
2704 5459 2801 5513 lib.
2832 5475 2941 5513 xvu
2964 5458 3250 5526 ;.Plinium
3290 5457 3385 5512 lib.
3418 5473 3472 5519 v.
3507 5471 3561 5511 c.
3598 5458 3686 5516 9.

2076 5529 2199 5584 Non
2231 5531 2403 5592 deest,
2434 5530 2488 5583 in
2517 5543 2627 5598 quo
2650 5530 2728 5583 illi
2750 5528 3087 5599 discrepent:
3110 5527 3376 5582 Busirites
3403 5526 3639 5594 quidem
3656 5571 3682 5595 ,

2077 5599 2366 5670 E’tolemaeo
2391 5597 2730 5670 Βουσιρίτης,
2765 5609 2825 5653 ut
2876 5597 2998 5664 hic;
3030 5597 3332 5670 ,Strabaoni,
3361 5606 3415 5651 et
3446 5612 3689 5670 egenso

2077 5669 2399 5742 Porphyrio,
2450 5665 2801 5741 Βουσειρίτης
2855 5684 2952 5740 per
3011 5668 3427 5740 diphthongum.
3487 5665 3693 5726 Nota;
