3858 6224
308 378 315 387 ἱ
398 293 503 350 4τό
1050 293 1319 349 EUSEBII
1353 272 1833 353 CAESARIENSIS
1870 294 2022 353 OPP.
2063 295 2244 357 PARS
2278 295 2343 352 ll.
2382 327 2453 338 —
2490 298 2994 356 APOLOGETICA.
3535 301 3639 357 £76

396 412 636 479 homine,
699 413 779 468 sic
829 426 859 467 a
903 413 1129 483 reliquis
1178 415 1398 483 insuper
1463 415 1832 469 animantibus
1879 414 2263 471 abstinendum
2317 426 2419 471 est.
2482 414 2779 482 Praeterea,
2824 434 2949 474 cum
2987 420 3250 490 singulari
3310 418 3544 489 quadam
3586 425 3642 473 et

395 508 597 564 eximia
656 509 934 578 sapientize
986 509 1075 575 vi,
1125 518 1239 563 tum
1286 509 1541 564 diuturna
1606 526 1731 564 cum
1781 510 1967 565 divino
2019 512 2242 566 numine
2270 513 2693 575 consuetudine,
2743 514 2847 569 hoc
2891 513 3054 569 etiam
3103 514 3448 580 intellexere,
3481 526 3647 585 quos-

396 599 524 654 dam
556 615 678 656 esse
703 601 855 663 deos,
881 601 973 671 qui
1003 601 1166 656 certis
1222 600 1592 657 animantibus
1642 603 1836 672 magis,
1863 618 2028 672 quam
2064 604 2378 659 hominibus
2431 603 2586 673 ipsis.
2635 606 2989 672 delectentur,
3019 615 3080 661 ut
3126 607 3296 662 solem
3349 606 3644 678 accipitre,

396 694 513 763 qui,
549 708 673 748 cum
704 701 953 747 naturam
1010 692 1208 747 habeat
1261 701 1426 748 totam
1463 710 1532 750 ex
1576 696 1844 765 sanguine
1903 697 2205 768 spirituque
2254 706 2615 765 constantem,
2645 707 2759 754 tum
2786 714 2850 754 ea
2880 708 2964 755 est
3003 714 3130 771 erga
3180 701 3455 755 hominem
3488 715 3647 755 eom-

399 785 768 850 miseratione,
798 792 857 837 ut
884 783 1084 853 jacenti
1136 783 1255 853 ejus
1304 783 1554 840 cadaveri
1605 785 1966 856 ingemiscat,
2019 787 2302 856 oculisque
2346 795 2547 841 terram
2596 787 2823 857 ingerat.
2865 805 2885 839 ι
2917 786 2984 841 Ει
3020 788 3269 856 pauculis
3324 787 3651 857 interjectis:

406 878 566 933 dam
586 892 713 933 vero
737 876 1093 938 scarabaeum,
1116 875 1313 946 inquit,
1337 877 1533 932 stultus
1572 875 1711 932 forte
1756 878 2026 948 quispiam
2061 878 2379 942 detestetur,
2415 886 2600 948 utpote
2621 877 2819 934 divinis
2861 878 2919 934 in
2948 879 3110 935 rebus
3138 879 3337 949 hospes
3375 894 3438 935 ac
3490 893 3650 950 pere-

399 969 630 1038 grinus:
683 974 737 1020 at
772 965 917 1020 hunc
955 965 1195 1037 [Egyptii
1243 967 1401 1037 quasi
1453 969 1631 1022 vivam
1680 984 1744 1024 ae
1796 969 2092 1040 spirantem
2140 969 2272 1025 solis
2319 970 2610 1040 imaginem
2670 969 2917 1025 venerari
2967 969 3160 1025 solent.
3204 969 3341 1024 Nam
3376 978 3430 1025 et
3462 984 3653 1025 scara-

396 1064 548 1121 baeus
580 1062 760 1117 omnis
794 1078 912 1118 mas
946 1072 1047 1129 est,
1089 1071 1144 1117 et
1178 1077 1362 1117 semen
1423 1063 1476 1118 in
1522 1064 1776 1135 paludem
1824 1065 2169 1130 immissum,
2220 1080 2284 1120 ac
2332 1065 2650 1134 sphaericam
2719 1065 2774 1121 in
2825 1063 3055 1134 ﬁguram
3116 1064 3512 1121 conformatum
3545 1079 3650 1134 po-

399 1157 615 1213 Stremis
645 1156 873 1227 pedibus
906 1156 959 1209 in
991 1171 1234 1211 aversam
1270 1166 1474 1226 partem
1506 1157 1795 1221 convolvit,
1841 1159 1973 1215 solis
2034 1159 2088 1213 in
2152 1158 2291 1213 coelo
2335 1167 2541 1213 motum
2590 1159 2897 1225 aemulatus,
2934 1159 3309 1229 integramque
3340 1157 3481 1211 lunae
3534 1156 3653 1211 die-

397 1264 521 1304 rum
548 1245 959 1302 conversionem
986 1255 1283 1314 exspectat.
1340 1244 1540 1316 Sicque
1591 1247 1868 1318 singulare
1920 1249 2122 1319 aliquid
2178 1248 2246 1303 de
2286 1250 2474 1314 ariete,
2536 1248 2684 1303 aliud
2741 1249 2869 1305 item
2901 1249 2969 1304 de
2999 1250 3293 1315 crocodilo,
3311 1263 3377 1304 ac
3397 1246 3652 1303 similiter

398 1340 465 1396 de
489 1340 727 1405 vulture,
756 1336 850 1401 ibi,
880 1350 992 1390 uno
1020 1337 1203 1402 verbo,
1261 1337 1329 1391 de
1388 1337 1627 1406 quolibet
1661 1338 2019 1393 animantium
2070 1354 2267 1410 genere
2316 1340 2764 1409 philosophantur
2784 1380 2801 1406 ,
2848 1348 2910 1396 ut
2936 1355 3164 1396 summa:
3188 1339 3471 1410 cujusdam
3518 1357 3654 1412 pru-

399 1434 614 1499 dentiae,
673 1441 767 1487 aut
809 1432 989 1503 potius
1025 1432 1222 1488 divinae
1276 1433 1556 1505 sapientiae
1610 1434 1843 1490 consilio
1899 1436 1967 1489 ad
1994 1437 2199 1491 cultum
2250 1436 2383 1507 ipsis
2437 1437 2597 1493 etiam
2654 1438 2982 1495 animalibus
3034 1438 3380 1495 tribuendum
3429 1439 3652 1496 adducti

399 1542 522 1583 esse
544 1527 852 1583 videantur.
892 1546 910 1579 ι

938 1640 1046 1711 95
1084 1639 1311 1695 CAPUT
1352 1640 1415 1694 v.

2616 1665 3013 1719 ΚΕΦΑΛΑΙΟΝ
3045 1665 3121 1721 Ε’.

402 1752 519 1809 Ista
557 1754 734 1807 omnia
782 1752 985 1807 nullam
1017 1752 1309 1828 damnandi
1351 1754 1435 1808 sui
1478 1770 1693 1810 causam
1740 1772 1833 1825 per
1860 1771 1971 1812 sese

2078 1758 2204 1813 Ὀτι
2236 1756 2334 1812 καὶ
2362 1756 2548 1812 ταῦτα
2591 1756 2796 1825 πάσης
2833 1756 3068 1827 ὑπῆρχε
3098 1755 3297 1827 μεστὰ
3341 1754 3653 1828 καταγνώ-

964 1840 1067 1877 ηυη
1105 1824 1409 1892 prwbuisse.

471 1915 597 1973 Haec
625 1917 791 1997 igitur
819 1915 1071 1970 laudatus
1096 1930 1125 1968 a
1147 1915 1304 1970 nobis
1324 1916 1555 1983 scriptor
1577 1911 1644 1967 de
1655 1914 1867 1984 egregia
1885 1927 1974 1984 po-

401 2009 622 2065 litorum
646 2018 702 2064 et
720 2008 1044 2079 elegantium
1072 2005 1445 2077 Egyptiorum
1468 2007 1800 2078 physiologia
1826 2023 1974 2061 com-

402 2112 692 2167 memorat,
746 2101 946 2170 quibus
1001 2115 1190 2154 eorum
1237 2099 1397 2154 nobis
1437 2113 1637 2153 arcana
1676 2098 1970 2168 patefecit;

403 2196 685 2261 nimirum,
721 2210 919 2265 aquam
963 2195 1113 2264 ipsos
1146 2193 1435 2263 ignemque
1486 2193 1755 2259 venerari,
1786 2207 1977 2246 unam-

401 2305 512 2361 que
559 2288 785 2343 omnino
818 2301 942 2342 esse
977 2295 1086 2340 tam
1138 2284 1348 2339 ratione
1380 2285 1732 2354 praeditorum
1760 2324 1776 2350 ,
1806 2298 1973 2353 quam

400 2380 591 2436 eadem
639 2378 965 2441 carentium,
995 2391 1096 2431 nec
1131 2390 1423 2444 corporum
1459 2375 1641 2440 modo,
1678 2375 1773 2429 sed
1805 2374 1971 2430 etiam

403 2471 574 2527 animi
600 2470 963 2526 substantiam
1000 2477 1365 2537 naturamque
1417 2475 1690 2535 statuere;
1742 2474 1803 2521 ut
1850 2480 1972 2522 eam

402 2566 474 2621 ob
511 2579 734 2619 causam
766 2561 910 2617 feras
938 2561 1102 2616 etiam
1129 2560 1253 2629 jure
1280 2559 1350 2614 ab
1382 2558 1488 2615 illis
1517 2574 1581 2614 ac
1615 2560 1810 2614 merito
1848 2559 1975 2615 deo-

403 2670 524 2709 rum
558 2654 610 2708 in
643 2666 873 2707 numero
903 2650 1085 2720 palam
1123 2649 1340 2704 habitas
1366 2663 1431 2704 ac
1463 2650 1763 2704 recensitas
1803 2647 1974 2705 fuisse

402 2747 717 2803 arbitretur.
771 2742 828 2799 ω
876 2750 1060 2798 autem
1116 2743 1239 2811 quis
1281 2757 1390 2798 non
1442 2743 1511 2797 ab
1561 2742 1711 2796 omni
1761 2743 1975 2797 ratione

401 2839 799 2896 alienissimum
849 2851 971 2893 esse
1024 2837 1222 2901 videat,
1274 2836 1502 2892 rationis
1556 2844 1829 2905 expertem
1858 2836 1974 2891 hel-

402 2935 714 3003 luiuamque
744 2939 1021 2997 naturam,
1060 2938 1119 2984 ut
1149 2944 1351 2984 numen
1399 2928 1456 2983 in
1483 2943 1548 2983 ea
1584 2936 1971 2995 consecretur,

402 3025 667 3089 adhiberi,
703 3022 849 3094 quod
873 3022 1140 3092 ejusdem,
1188 3028 1248 3076 ut
1279 3020 1456 3087 aiunt,
1487 3034 1612 3075 cum
1656 3019 1974 3077 hominibus

2776 1841 2954 1895 σεως.

2144 1922 2381 1978 Τοιαῦτα
2415 1921 2509 1976 καὶ
2539 1921 2608 1975 τὰ
2634 1922 2763 1995 περὶ
2799 1921 2900 1993 τῆς
2949 1920 3203 1990 γενναίας
3228 1918 3336 1973 τῶν
3363 1917 3542 1989 σοφῶν
3562 1919 3653 1972 Al-

2074 2010 2320 2079 γυπτίων
2369 2009 2717 2078 φυσιολογίας
2748 2009 2984 2063 τέθειται
3007 2010 3035 2063 ὁ
3071 2007 3460 2079 δεδηλωμένος,
3489 2008 3655 2076 Λίγυ-

2076 2101 2244 2154 πτίων
2299 2101 2641 2172 διασαφήσας
2666 2102 2795 2172 ἡμῖν
2835 2101 2904 2155 τὰ
2955 2100 3262 2172 ἀπόρρητα⁸
3303 2101 3386 2153 ὅτι
3410 2116 3467 2153 τε
3507 2098 3652 2170 ὕδωρ

2076 2193 2168 2248 καὶ
2207 2192 2317 2265 πῦρ
2367 2193 2604 2259 σέϐουσι,
2649 2193 2744 2247 καὶ
2784 2193 2883 2265 μία
2920 2193 3154 2263 λογικῶν
3196 2194 3291 2251 καὶ
3324 2192 3552 2262 ἀλόγων,
3587 2194 3652 2247 οὐ

2076 2286 2235 2357 μόνον
2286 2286 2587 2357 σωμάτων,
2639 2285 2775 2340 ἀλλά
2819 2286 2914 2340 καὶ
2966 2285 3144 2358 ψυχῆς
3193 2284 3352 2338 οὐσία
3398 2284 3655 2359 κέκριται

2073 2375 2212 2433 εἶναι
2248 2380 2379 2452 παρ’
2431 2379 2635 2443 αὐτοῖς,
2692 2378 2767 2443 ὡς
2810 2378 3046 2448 εὐλόγως
3090 2377 3241 2450 αὐτῷ
3279 2377 3459 2432 δοκεῖν
3494 2377 3657 2442 θεοὺς

2074 2470 2469 2541 άνηγορεῦσθαι
2485 2468 2551 2521 τά
2575 2468 2965 2540 θηρία.Καίτοι
2986 2468 3102 2533 πῶς
3121 2468 3184 2522 οὐ
3201 2466 3655 2540 παραλογώτατον

2074 2560 2155 2622 εἰς
2185 2558 2459 2613 θεοποιῒαν
2476 2558 2922 2631 παραλαμϐάνειν
2946 2559 3044 2631 τὴν
3074 2558 3266 2627 ἄλογον
3296 2558 3390 2612 καὶ
3410 2556 3652 2630 θηριώδη

2076 2649 2257 2719 φύσιν,
2297 2650 2386 2704 διά
2434 2650 2497 2703 τὸ
2540 2651 2643 2721 τῆς
2672 2651 2813 2721 ίσης,
2870 2649 2946 2714 ὥς
2976 2666 3157 2719 φασιν,
3186 2648 3494 2721 ἀνθρώποις
3530 2665 3655 2720 μετ-

2074 2741 2219 2813 έχειν
2239 2742 2446 2814 ψυχῆς
2477 2742 2581 2815 χρὴ
2624 2742 2754 2814 γὰρ,
2798 2741 2957 2813 εἴπερ
3000 2742 3138 2812 ἄρα,
3195 2740 3512 2814 ἀνθρώπους
3555 2743 3655 2795 καὶ

2074 2833 2215 2888 αὐτὰ
2247 2833 2519 2906 ἡγεῖσθαι,
2548 2833 2641 2888 καὶ
2666 2832 2768 2904 τῆς
2806 2831 3150 2904 ἀνθρωπείας
3169 2831 3350 2896 αὐτοῖς
3394 2832 3549 2904 δόξης
3590 2849 3655 2885 τε

2078 2927 2174 2981 καὶ
2203 2926 2371 2998 τιμῆς
2404 2926 2761 2997 μεταδιδόναι.
2803 2927 2864 2980 Οἱ
2888 2924 2945 2978 δὲ
2973 2924 3129 2978 τοῦτο
3156 2923 3231 2997 μὴ
3263 2922 3563 2997 πράξαντες
3579 2922 3655 2977 τὰ

2079 3019 2216 3092 πρὸς
2246 3020 2419 3090 αὐτῆς
2452 3019 2553 3089 τῆς
2579 3018 2795 3089 φύσεως
2839 3017 3008 3087 ἄλογα
3027 3017 3192 3092 θηρία
3232 3016 3514 3087 γενόμενα,
3554 3016 3655 3069 καὶ

403 3118 574 3172 animi
621 3115 1011 3172 communione
1059 3112 1356 3183 jungatur?
1409 3111 1647 3183 quippe,
1701 3120 1975 3183 oporteret

2079 3112 2284 3184 ταύτην
2331 3111 2585 3184 εἰληχότα
2636 3111 2735 3184 τὴν
2785 3113 3123 3184 ἐπωνυμίαν,
3151 3110 3244 3164 καὶ
3273 3108 3393 3163 οὐδὲ
3428 3108 3529 3179 τῆς
3553 3110 3654 3162 ἀν·-

404 3207 571 3271 enim,
602 3207 649 3261 si
693 3205 767 3259 ita
794 3213 898 3268 est,
928 3204 1145 3259 easdem
1188 3201 1332 3258 feras
1366 3201 1616 3257 homines
1660 3202 1935 3273 appellare
1958 3243 1976 3272 ,

406 3299 812 3367 humanamque
843 3311 968 3350 cum
996 3294 1065 3349 iis
1087 3293 1404 3364 dignitatem
1429 3292 1804 3365 honoremque
1823 3309 1980 3350 como-

406 3391 711 3445 municare.
737 3387 892 3454 Quod
923 3386 1001 3442 illi
1037 3401 1163 3442 cum
1205 3385 1430 3442 minime
1469 3385 1716 3454 fecerint,
1747 3403 1871 3458 quae
1896 3397 1980 3443 ta-

407 3496 529 3536 men
553 3481 622 3536 ab
661 3481 777 3551 ipsa
799 3488 998 3533 natura
1024 3477 1199 3532 brutae
1224 3492 1290 3534 ac
1313 3478 1542 3534 rationis
1574 3486 1825 3549 expertes
1850 3478 1980 3535 ferte

406 3581 779 3643 procreantur,
813 3585 936 3640 quae.
964 3569 1069 3625 hoc
1116 3570 1461 3640 cognomenti
1510 3585 1684 3641 genus
1716 3571 1820 3627 sibi
1853 3586 1980 3641 pro-

405 3666 586 3737 prium
615 3663 824 3720 sortita:
869 3670 1019 3726 sunt,
1050 3675 1173 3731 quae
1197 3675 1267 3717 ne
1293 3660 1412 3731 ipsa
1441 3661 1663 3733 quidem
1693 3661 1977 3717 hominum

403 3758 767 3829 appellatione
789 3756 966 3827 dignae
999 3754 1351 3826 judicantur;
1388 3769 1482 3810 eas
1509 3769 1618 3809 non
1644 3755 1758 3824 jam
1788 3755 1977 3811 eodem

404 3851 549 3920 apud
588 3865 667 3917 se,
706 3864 819 3921 quo
850 3848 1124 3917 homines,
1168 3848 1294 3919 jure
1348 3862 1471 3903 esse
1516 3847 1842 3913 voluerunt,
1883 3846 1978 3903 sed

405 3942 731 3997 altissimum
758 3941 889 3996 illud
919 3941 1072 3996 orbis
1095 3940 1333 3996 universi
1362 3940 1524 4010 regis,
1548 3954 1614 3994 ac
1641 3955 1823 3994 rerum
1852 3955 1976 3994 om-

404 4036 558 4091 nium
593 4034 863 4089 molitoris
893 4031 988 4087 Dei
1047 4048 1243 4088 nomen
1282 4033 1336 4087 in
1380 4031 1684 4087 belluarum
1724 4042 1979 4087 naturam

405 4128 555 4181 ultro
583 4125 915 4194 dejecerunt,
949 4138 1153 4193 easque
1195 4124 1327 4179 deos
1369 4124 1809 4194 pronuntiarunt,
1838 4140 1978 4196 quas

405 4216 551 4275 Deus
593 4234 661 4273 ne
706 4217 988 4272 hominum
1043 4216 1262 4286 quidem
1311 4216 1667 4285 appellatione
1723 4217 1978 4288 dignatus

405 4318 510 4367 est.
536 4309 771 4365 Audiisti
819 4317 1079 4379 praeterea
1112 4307 1310 4362 divinae
1349 4308 1627 4377 sapientiae
1676 4310 1933 4380 mysteria
1958 4351 1975 4377 ,

406 4418 531 4475 quas
582 4398 885 4457 mirabilem
919 4398 1300 4472 Egyptiorum
1349 4400 1623 4455 nationem
1678 4401 1749 4455 ad
1793 4402 1972 4472 lupos,

2078 3205 2310 3280 θρώπων
2361 3207 2717 3279 προρρήσεως
2752 3204 2863 3274 (69)
2912 3202 3225 3275 ἠξιωμένα,
3275 3200 3383 3254 οὐδ’
3450 3200 3654 3270 ὁμοίως

2076 3297 2381 3371 ἀνθρώποις
2415 3298 2653 3368 ἠξίωσαν
2695 3294 3089 3360 άποδέξασθαι’
3124 3293 3223 3365 τὴν
3272 3292 3529 3347 ἀνωτάτω
3588 3291 3653 3346 δὲ

2074 3394 2169 3448 τοῦ
2197 3392 2585 3466 παμϐασιλέως
2611 3389 2999 3462 προσηγορίαν,
3019 3388 3112 3441 καὶ
3135 3386 3229 3440 τοῦ
3257 3385 3366 3440 τῶν
3395 3386 3654 3440 ἁπάντων

2076 3483 2407 3556 δημιουργοῦ
2442 3480 2578 3535 Θεοῦ
2613 3480 2869 3551 φέροντες
2909 3481 2989 3542 είς
3024 3478 3123 3549 τὴν
3165 3476 3273 3531 τῶν
3313 3476 3517 3550 θηρίων
3548 3476 3655 3546 φύ-

2079 3587 2184 3636 σιν,
2217 3569 2675 3641 καταϐεϐλήκασι,
2722 3571 2817 3623 καὶ
2857 3568 3013 3631 θεοὺς
3043 3569 3411 3638 ἐπεφήμισαν,
3442 3566 3479 3621 ἀ
3512 3567 3656 3639 μηδὲ

2075 3662 2173 3734 τῆς
2197 3661 2293 3717 ἀνθ
2302 3660 2495 3734 ρώπων
2522 3661 2656 3733 πρὸς
2675 3660 2840 3715 αὐτοῦ
2861 3660 2954 3714 τοῦ
2981 3659 3116 3714 Θεοῦ
3137 3659 3465 3730 κατηξίωται
3481 3677 3655 3731 προσ.

2074 3760 2325 3833 ηγορίας.
2387 3757 2511 3811 Ἐπὶ
2548 3757 2757 3820 τούτοις
2794 3758 3034 3828 ἀκήκοας
3068 3756 3161 3811 καὶ
3219 3757 3320 3829 τῆς
3364 3756 3655 3825 Osee-opta;

2066 3852 2176 3923 τῆς
2215 3850 2502 3922 μυστικῆς,
2545 3847 2612 3901 δι’
2641 3847 2708 3919 ἢν
2753 3848 2803 3901 ot
2856 3847 3146 3919 θαυμάσιοι
3187 3849 3298 3903 τῶν
3337 3848 3656 3917 Αίγυπτίων

2077 3943 2272 4006 λύκους
2299 3943 2392 3996 καὶ
2426 3941 2591 4006 κύνας
2624 3941 2716 3995 καὶ
2762 3939 2979 4004 λέοντας
3021 3940 3408 4012 ἐσεϐάσθησαν.
3435 3940 3655 4009 Ἐγνως

2077 4038 2170 4090 καὶ
2197 4035 2289 4090 τοῦ
2312 4034 2585 4106 κανθάρου
2614 4033 2676 4087 τὸ
2700 4033 2903 4105 θαῦμα,
2935 4033 3029 4088 καὶ
3064 4033 3280 4104 ἱέρακος
3308 4032 3408 4104 τὴν
3421 4031 3653 4103 ἀρετήν.

2076 4126 2168 4197 Μὴ
2184 4126 2240 4181 δὲ
2266 4125 2399 4195 γέλα
2422 4124 2517 4179 τοῦ
2539 4123 2728 4178 λοιποῦ
2761 4127 2887 4189 τοὺς
2917 4124 3073 4197 θεούς
3093 4140 3106 4155 ·
3144 4123 3282 4178 ἐλέει
3308 4123 3364 4177 δὲ
3393 4123 3488 4178 καὶ
3516 4122 3654 4176 πολ-

2076 4218 2177 4289 λῆς
2197 4218 2447 4289 εὐηθείας
2490 4218 2587 4272 καὶ
2616 4216 2879 4287 ἀϐλεψίας
2908 4217 2971 4270 τὸ
3005 4215 3314 4289 τρισάθλιον
3346 4214 3657 4287 ἀνθρώπων

2078 4310 2250 4379 γένος.
2279 4310 2388 4363 Καὶ
2418 4309 2482 4380 δὴ
2516 4309 2706 4362 σκόπει
2732 4309 2801 4363 τά
2827 4308 3003 4361 πάντα
3027 4305 3357 4379 περιαθρῶν,
3376 4306 3502 4361 οἴων
3516 4307 3657 4377 ἡμῖν

2078 4401 2298 4471 ἀγαθῶν
2331 4402 2559 4473 πάρεστι
2601 4401 2767 4472 δοτὴρ
2798 4402 2826 4454 ὁ
2858 4400 3090 4471 Χριστὸς
3117 4402 3145 4454 ὁ
3175 4398 3326 4462 Θεὸς,
3378 4398 3658 4471 τοσαύτης

405 4511 571 4555 canes
621 4496 914 4564 leonesque
955 4492 1291 4548 venerandos
1334 4494 1604 4549 excitarit.
1656 4493 1972 4565 Cognovisti

2078 4495 2253 4558 νόσου,
2309 4495 2524 4566 μακρᾶς
2568 4510 2626 4548 τε
2672 4495 2766 4547 καὶ
2809 4492 3159 4565 πολυχρονίου
3194 4491 3515 4566 πηρώσεως,
3555 4492 3657 4546 καὶ

400 4586 570 4645 etiam
601 4583 862 4639 scarabaei
887 4582 1235 4646 miraculum,
1257 4583 1511 4638 virtutem
1541 4583 1835 4655 accipitris.
1869 4585 1974 4640 De-

2078 4585 2175 4650 τὰς
2204 4586 2517 4655 Αἰγυπτίων
2540 4585 2737 4657 ψυχάς,
2760 4585 2849 4639 διά
2867 4585 2969 4656 τῆς
2988 4585 3350 4655 εύαγγελικῆς
3375 4582 3541 4637 αὑτοῦ
3572 4583 3659 4636 δι·-

405 4675 525 4732 sinc
556 4684 769 4741 tamen,
814 4673 960 4744 quod
996 4681 1282 4743 superest,
1324 4675 1457 4731 deos
1487 4676 1753 4732 irridere:
1783 4680 1973 4734 subeat

2078 4674 2369 4738 δασκαλίας
2405 4672 2828 4745 λελυτρωμένος,
2859 4674 2936 4738 ώς
2977 4675 3107 4738 τοὺς
3159 4672 3378 4739 πλείους
3414 4672 3513 4743 ἤδη
3541 4672 3657 4728 τῶν

406 4776 460 4823 te
480 4768 659 4838 potius
687 4774 848 4821 tantae
880 4766 1237 4822 infelicissimi
1260 4767 1539 4821 hominum
1570 4768 1783 4837 generis
1816 4769 1975 4823 caeci.

2078 4770 2196 4821 κατ’
2228 4767 2495 4837 Αἴγυπτον
2518 4768 2612 4820 καὶ
2640 4766 2841 4840 ταύτης
2870 4766 3214 4840 ἀπηλλάχθαι
3238 4767 3341 4840 τῆς
3365 4768 3544 4822 νόσου.

406 4861 538 4915 tatis
568 4869 622 4913 et
680 4858 932 4913 amentiae
970 4857 1375 4913 commiseratio
1403 4873 1419 4909 ι
1451 4857 1722 4929 simulque
1748 4861 2006 4917 omnibus
2046 4861 2329 4927 diligenter
2357 4858 2649 4927 exploratis
2681 4867 2859 4914 tecum
2901 4860 3017 4929 ipse
3045 4870 3257 4930 reputa,
3291 4859 3489 4930 quibus
3554 4876 3657 4920 nos

402 4951 731 5023 quantisque
791 4950 951 5005 bonis
998 4950 1250 5005 Christus
1281 4950 1370 5005 ille
1411 4950 1554 5005 Deus
1580 4952 1891 5021 cumularit,
1951 4954 2043 5025 qui
2083 4962 2300 5008 nostros
2355 4962 2410 5007 et
2453 4951 2829 5022 Egyptiorum
2875 4952 3116 5023 ipsorum
3154 4954 3386 5017 animos,
3417 4969 3658 5023 evange-

406 5039 525 5098 lica:
578 5040 838 5097 doctrinm
866 5055 979 5095 sua:
1025 5039 1077 5094 vi
1121 5049 1230 5095 tam
1264 5040 1559 5095 inveterata
1609 5050 1831 5112 tamque
1880 5044 2139 5099 diuturna
2181 5042 2422 5097 caecitate
2448 5043 2733 5098 vindicarit
2775 5062 2789 5099 :
2832 5060 2959 5099 nam
3006 5054 3061 5100 et
3112 5044 3398 5118 [Egyptios
3429 5063 3657 5121 quoque

407 5136 698 5190 maximam
738 5147 870 5189 sane
902 5142 1109 5202 partem
1158 5133 1407 5187 videmus
1460 5133 1530 5188 ab
1587 5134 1745 5190 istius
1794 5136 1971 5193 morbi
2008 5135 2329 5206 contagione
2356 5134 2633 5191 liberatos.

931 5226 1044 5297 93
1079 5223 1305 5281 CAPUT
1343 5223 1430 5278 vn.

2607 5230 3003 5285 ΚΕΦΑΛΑΙΟΝ
3038 5224 3128 5289 <4"-

408 5317 539 5372 Jure
567 5334 669 5374 nos
689 5320 753 5372 ab
783 5334 846 5373 ea
869 5334 1071 5391 quoque
1106 5316 1169 5371 de
1195 5317 1297 5391 diis
1324 5317 1547 5372 istorum
1578 5318 1975 5391 philosophandi

2079 5322 2197 5375 Ὀτι
2230 5322 2326 5376 καὶ
2358 5321 2465 5390 τῆς
2502 5324 2908 5391 φυσικωτέρας
2946 5323 3143 5379 αὐτῶν
3172 5323 3305 5391 περὶ
3335 5322 3485 5377 θεῶν
3510 5323 3661 5375 θεω-

481 5390 701 5452 ratione,
738 5405 855 5464 quae
882 5387 1101 5464 propius
1136 5387 1205 5440 ad
1248 5400 1492 5464 naturam
1522 5387 1975 5464 accedere—videa—

2138 5393 2278 5464 ,οἵας
2304 5387 2567 5464 εὐλόγως
2592 5387 3124 5464 ἀναχωρήσαντες,
3166 5387 3283 5462 τὴὶρ
3314 5394 3510 5464 μόνην
3547 5395 3655 5449 καὶ

481 5470 585 5538 tur,
613 5456 914 5522 recessisse,
957 5456 1223 5528 eidemque
1269 5456 1436 5511 solam
1469 5474 1743 5530 veramque
1790 5460 1975 5515 theolo-

481 5543 619 5580 atam
652 5530 1025 5580 antenosuisse.

2138 5456 2340 5531 άληθῆ
2364 5456 2678 5533 θεοζίογίαν
2722 5456 3221 5536 προετιμήσάμεν.

477 5543 619 5596 gtam
652 5543 1025 5596 αηιεροεωεδε.

478 5616 757 5685 Ejusmodi
789 5617 1007 5672 fuerunt
1036 5615 1413 5687 AEgyptiorum
1462 5626 1769 5673 commenta
1793 5659 1809 5684 ,
1856 5633 1975 5688 qua:

2161 5620 2319 5673 Ἀλλά
2350 5621 2457 5692 γὰρ
2486 5621 2709 5681 τοιαῦτα
2734 5623 2827 5681 κάὶ
2865 5623 2934 5680 τά
2960 5627 3090 5699 παρ’
3124 5624 3460 5695 Αἰγυπτίοις,
3485 5620 3524 5680 ἃ
3555 5619 3666 5681 καὶ

477 5729 589 5805 (69)
631 5730 1033 5800 Προρῤήσεως.
1074 5733 1222 5789 Alter
1267 5750 1298 5790 e
1337 5749 1495 5800 mss.,
1531 5750 1653 5792 cum
1706 5733 1964 5800 Montac.,

2078 5737 2382 5807 ιοσρήσεως,
2410 5739 2628 5796 melius.
