3858 6224
192 333 298 389 177

1377 334 1701 392 PRJEPAR.
1738 333 1988 396 EVANG.
2027 339 2155 396 LIB.
2197 340 2282 395 111.

3328 345 3433 404 178

188 448 502 520 παλαίτερα
531 448 644 504 τῶν
692 450 1024 524 Ἑλληνικῶν
1063 452 1321 507 ἀπάντων
1355 454 1763 526 μνημονεύεται.

1876 457 2034 527 longe
2097 457 2355 514 omnibus
2421 457 2732 520 Graecorum
2799 453 3069 525 ﬁgmentis
3132 452 3436 524 antiquiora

193 541 383 612 ⁹Εχεις
406 542 698 614 τοιγαροῦν
728 544 867 616 πρὸς
908 545 1002 617 τὴν
1036 545 1274 618 μυθικὴν
1302 558 1330 588 ι
1363 548 1456 601 καὶ
1479 547 1577 619 τὴν
1611 563 1772 616 φυσι-

188 635 440 707 κωτέραν
464 635 751 704 θεολογίας
786 639 815 679 δ
860 638 1127 710 Ἑλλήνων
1149 639 1287 711 δμοῦ
1315 642 1411 696 καὶ
1436 641 1770 710 Αἰγυπτίων,

186 727 298 779 τῶν
325 728 501 782 πάλαι
533 728 633 798 τὴν
673 728 935 784 πολύθεον
971 730 1390 804 δεισιδαιμονίαν
1437 733 1776 804 συστησαμέ-

185 836 323 873 νων⁸
356 820 491 892 παρ’
529 817 613 884 οἷς
648 822 730 875 ὅτι
758 823 924 895 μηδὲν
954 840 1007 877 τι
1027 825 1138 877 τῶν
1169 824 1384 897 ἀληθῶς
1414 824 1596 889 θείων,
1629 826 1773 879 ἀσω-

190 910 381 980 μάτων
418 928 482 966 τε
518 915 618 967 καὶ
650 915 853 986 νοερῶν
894 917 1090 971 οὐσιῶν
1126 915 1471 989 ὲγνωρίζετο,
1523 916 1770 991 μεμάθη-

184 1018 309 1066 κας.
342 1003 493 1076 Πλὴν
522 1005 660 1060 ἀλλά
682 1006 916 1061 δεδόσθω
944 1008 1036 1063 καὶ
1070 1009 1512 1081 συγκεχωρήσθω
1533 1009 1770 1065 τουτοισὶ

183 1099 298 1159 τοῖς
319 1097 791 1170 μετεωρολέσχαις
821 1099 998 1169 λέγειν
1021 1100 1219 1172 ἀληθῆ,
1250 1103 1345 1156 καὶ
1387 1102 1770 1172 ἐπιτυγχάνειν

184 1186 331 1258 ἐντῇ
361 1189 477 1243 τῶν
516 1190 998 1263 ἀλληγορουμένων
1041 1192 1386 1265 φυσιολογίᾳ-
1439 1193 1680 1263 γενέσθω
1709 1209 1770 1248 τε

182 1281 369 1346 αὐτοῖς
394 1286 426 1336 ό
444 1283 599 1354 ἥλιος
623 1286 754 1339 ποτὲ
802 1287 901 1356 μὲν
937 1286 1234 1353 Ἀπόλλων,
1266 1288 1361 1342 καὶ
1386 1287 1549 1342 πάλιν
1581 1285 1766 1358 Ὦρος,

182 1374 278 1427 καὶ
324 1376 545 1445 Ὄσιρις
576 1376 739 1430 πάλιν
763 1379 793 1431 ὁ
822 1378 1006 1447 αὐτὸς,
1046 1380 1142 1433 καὶ
1171 1378 1340 1450 μυρία
1364 1378 1519 1438 ἀλλα,
1549 1381 1653 1432 ὅσα
1678 1362 1769 1432 καὶ

180 1464 412 1521 θέλοιεν·
439 1467 634 1539 ὥσπερ
652 1464 746 1522 οὖν
770 1470 863 1524 καὶ
882 1472 917 1541 ή
943 1470 1160 1542 σελήνη,
1184 1470 1218 1542 ἢ
1243 1467 1403 1532 Ἶσις,
1429 1471 1465 1541 ἢ
1482 1471 1764 1541 Ἄρτεμις,

186 1558 477 1612 ηὶόσαᾶν
496 1577 580 1623 τις
601 1560 917 1632 ἐξαριθμεῖν
939 1561 1196 1632 βούλοιτο.
1222 1562 1314 1631 Μὴ
1324 1562 1434 1633 γὰρ
1444 1560 1768 1616 ἐστωταῦτα

182 1647 399 1719 θνητῶν
419 1649 654 1720 ἀνδρῶν,
669 1652 783 1705 ἀλλ’
794 1652 975 1707 αὐτῶν
986 1653 1092 1705 τῶν
1108 1654 1447 1726 ἐπουρανίων
1461 1655 1647 1726 φωστή
1657 1671 1766 1726 ρων

178 1741 523 1809 σημαντικαὶ
545 1742 928 1814 προσηγορίαι.
947 1742 1049 1796 Τὸν
1063 1742 1213 1813 ἥλιον
1234 1743 1470 1813 άρα,καὶ
1491 1743 1591 1816 τὴν
1613 1743 1765 1818 σελη-

1876 546 2048 604 l‘uisse
2085 559 2474 606 memorantur.
2522 547 2697 605 Habes
2728 556 2784 601 tu
2815 554 3006 618 praeter
3038 543 3338 600 fabulosam
3373 545 3440 600 il-

1872 640 1982 696 lam
2012 642 2359 711 theologiam,
2394 642 2558 696 aliam
2599 653 2816 711 quoque
2853 652 2978 693 cum
3014 637 3177 692 rebus
3214 644 3438 691 natura-

1872 733 2016 790 libus
2046 734 2508 805 conjunctiorem,
2558 746 2787 803 eamque
2833 746 2956 787 cum
2987 729 3190 787 Graecis
3230 730 3436 800 pariter

1873 824 2251 898 :Egyptiisque
2274 840 2640 892 communem,
2669 824 2763 896 qui
2790 824 2904 894 jam
2939 823 3066 879 olim
3100 822 3440 892 superstitio-

1871 929 1991 970 sum
2035 914 2202 969 istum
2245 923 2323 969 tot
2354 914 2639 970 nanti-num
2689 915 2894 969 cultum
2927 911 3266 975 conﬂavere,
3297 925 3438 982 quos

1870 1005 2057 1076 utique
2105 1005 2242 1060 nihil
2287 1006 2512 1061 omnino
2540 1005 2607 1061 de
2632 1004 2738 1061 ulla
2772 1019 2897 1060 vere
2926 1003 3140 1071 divina,
3192 1003 3437 1073 corporis

1868 1109 2109 1169 experte,
2138 1107 2302 1169 atque
2335 1098 2663 1166 intelligente
2696 1108 2890 1155 natura
2912 1097 3256 1169 cognovisse,
3280 1095 3437 1151 facile

1869 1190 2278 1246 animadvertis.
2315 1189 2421 1246 Sed
2449 1191 2593 1246 enim
2625 1190 2817 1245 demus
2863 1189 2969 1245 hoc
3007 1197 3219 1257 tamen,
3274 1196 3439 1258 atque

1869 1284 1994 1339 istis
2047 1283 2301 1338 altiorum
2352 1283 2765 1355 cmlestiumque
2801 1299 3068 1354 nugarum
3126 1282 3438 1339 architectis

1867 1375 2250 1442 concedamus,
2275 1390 2462 1429 verum
2489 1391 2585 1431 eos
2614 1376 2794 1431 dicere
2812 1418 2828 1442 ,
2881 1384 2935 1431 et
2960 1375 3015 1430 in
3048 1375 3149 1430 hac
3179 1389 3277 1430 sua
3304 1373 3437 1429 alle-

1867 1470 2064 1541 goricae
2107 1468 2566 1538 interpretationis
2621 1467 2957 1541 physiologia
2986 1482 3209 1537 scopum
3252 1466 3432 1536 ipsum

1866 1561 2131 1631 attigisse.
2168 1561 2251 1616 Sit
2289 1563 2432 1632 apud
2458 1562 2580 1617 illos
2612 1562 2695 1617 sol
2740 1576 2887 1616 nunc
2930 1559 3147 1631 quidem
3203 1558 3434 1629 Apollo,

1864 1667 2013 1707 nunc
2037 1650 2201 1719 Orus,
2231 1669 2377 1709 nunc
2408 1654 2594 1721 etiam,
2626 1653 2674 1708 si
2702 1654 2869 1717 lubet,
2903 1651 3077 1709 Osiris
3098 1693 3113 1719 ,
3170 1651 3284 1707 imo
3318 1659 3436 1707 esto

1864 1758 2032 1809 sane,
2084 1744 2347 1815 quidquid
2380 1746 2481 1816 ipsi
2525 1745 2794 1801 voluerint
2840 1762 2854 1800 :
2893 1745 3129 1815 itemque
3152 1743 3318 1809 luna,
3352 1742 3438 1798 vel

178 1848 303 1901 νην.
320 1833 418 1886 καί
429 1835 560 1898 τοὺς
576 1834 811 1907 ἀστέρας
826 1835 921 1889 καὶ
934 1837 1000 1891 τὰ
1009 1836 1170 1891 λοιπά
1187 1837 1281 1890 τοῦ
1295 1838 1498 1908 κόσμου
1518 1837 1679 1909 μέρη,
1691 1835 1763 1900 ὡς

1867 1836 1988 1904 Isis,
2019 1837 2105 1894 vel
2143 1838 2401 1905 Artemis,
2431 1839 2518 1894 vel
2540 1853 2879 1910 quaecunque
2908 1852 3189 1894 recensere
3213 1838 3435 1907 placue-

181 1923 338 1989 θεοὺς
366 1926 796 1997 προσκυνητέον.
830 1928 944 1983 Καὶ
971 1927 1142 2003 ταύτῃ
1163 1927 1450 2001 τοιγαροῦν
1478 1930 1513 2001 ἡ
1539 1929 1762 1998 γενναία

177 2018 288 2073 τῶν
352 2019 629 2091 Ἑλλήνων
675 2020 961 2090 φιλοσοφία
996 2021 1073 2085 ὡς
1115 2020 1205 2074 διὰ
1228 2020 1476 2092 μηχανῆς
1500 2020 1761 2090 πέφηνεν,

177 2113 257 2174 είς
289 2111 433 2182 ὕψος
492 2112 593 2184 μὲν
617 2113 897 2178 ἀνάγουσα
944 2112 1043 2184 τὴν
1088 2112 1423 2182 ἐπαγγελίαν
1451 2111 1547 2167 τοῦ
1578 2112 1761 2181 λόγου,

177 2205 330 2259 κάτω
356 2204 418 2257 δὲ
452 2204 894 2279 περιστρέφουσα
917 2204 1060 2275 ἀμφὶ
1084 2205 1187 2275 τὴν
1219 2203 1484 2277 αἰσθητὴν
1505 2206 1596 2257 καὶ
1634 2222 1763 2274 φαι-

176 2296 417 2368 νομένην
446 2295 548 2349 τοῦ
598 2294 733 2350 Θεοῦ
763 2296 1123 2369 δημιουργίαν
1163 2295 1263 2367 τὴν
1286 2295 1395 2348 τῶν
1434 2294 1613 2365 σοφῶν
1651 2295 1765 2351 διά-

174 2405 353 2450 νοιαν,
401 2388 500 2442 καὶ
529 2387 692 2442 πλέον
730 2389 904 2453 οὐδὲν,
934 2386 1050 2440 ἀλλ’
1086 2388 1122 2459 ἢ
1156 2386 1269 2460 πῦρ
1296 2389 1391 2441 κα)⁵
1420 2387 1518 2459 τὴν
1555 2386 1764 2459 θερμὴν

171 2478 389 2543 οὐσίαν,
441 2479 519 2533 τά
546 2496 608 2533 τε
665 2480 809 2551 μέρη
848 2478 943 2533 τοῦ
977 2478 1207 2550 κόσμου,
1236 2477 1337 2532 διὰ
1358 2477 1470 2531 τῶν
1498 2478 1764 2550 οὐρανίων

172 2574 514 2643 φωστήρων.
580 2572 763 2625 Ἔστω
796 2571 853 2625 δὲ
904 2570 999 2625 καὶ
1040 2570 1140 2644 τὴν
1188 2569 1363 2641 ὑγρὰν
1404 2570 1500 2625 καὶ
1531 2569 1631 2641 τὴν
1666 2569 1762 2641 Eq-

175 2663 302 2734 ράν,
328 2665 431 2719 καὶ
473 2666 576 2737 τὴν
617 2664 920 2736 σύγκρασιν
961 2664 1070 2718 τῶν
1108 2664 1379 2736 σωμάτων
1432 2662 1722 2727 θειάζουσα
1744 2679 1759 2695 ο

172 2755 299 2819 πῶς
330 2753 432 2811 οὖν
479 2756 544 2809 οὐ
608 2755 751 2827 μέγα
796 2757 891 2810 καὶ
924 2755 1224 2826 θαυμάσιον
1266 2754 1327 2809 τὸ
1364 2754 1460 2811 τοῦ
1511 2755 1765 2827 Σωτῆρος

170 2846 338 2917 ἡμῶν
393 2845 570 2918 Ἰησοῦ
619 2845 858 2918 Χριστοῦ
908 2846 1003 2900 καὶ
1045 2846 1180 2900 Θεοῦ
1237 2844 1564 2915 Εὑαγγέλιον
1584 2885 1600 2911 ,
1653 2847 1764 2901 πᾶν

169 2940 336 3008 γένος
392 2936 700 3010 ἀνθρώπων
762 2936 1043 3002 παιδεῦον,
1100 2938 1195 2991 τὸν
1249 2937 1402 3008 ἡλίου
1453 2938 1550 2992 καὶ
1607 2938 1764 3011 σελή-

169 3048 279 3101 νης
315 3030 453 3084 Θεὸν
493 3031 591 3084 καὶ
627 3030 914 3100 δεσπότην,
973 3032 1067 3083 καὶ
1112 3030 1445 3101 δημιουργὸν
1486 3028 1582 3085 τοῦ
1625 3029 1764 3103 σύμ.

172 3139 379 3186 mor;
433 3122 644 3193 κόσμου
662 3161 678 3186 ,
728 3121 891 3176 αὑτὸν
937 3122 1028 3175 τὸν
1066 3120 1329 3175 ἀνωτάτω
1368 3122 1461 3175 καὶ
1503 3121 1762 3177 ἐπέκεινα

169 3214 285 3270 τῶν
312 3214 457 3269 ὅλων
478 3216 604 3277 ταῖς
631 3212 1036 3285 προσηκούσαις
1081 3206 1312 3276 ἐννοίαις
1360 3212 1633 3279 εύσεδεῖνς
1668 3214 1763 3268 καὶ

170 3309 235 3362 οὐ
267 3307 340 3363 τά
370 3306 488 3361 τῶν
521 3307 789 3377 σωμάτων
819 3309 1073 3376 στοιχεῖα,
1107 3305 1245 3359 ἀλλὰ
1275 3306 1365 3361 τὸν
1397 3307 1542 3379 ζωῆς
1569 3304 1760 3378 αὐτῆς,

173 3402 270 3457 καὶ
322 3399 570 3474 τροφῶν,
604 3400 698 3454 καὶ
761 3399 976 3453 πάντων
1016 3399 1236 3467 ἀγαθῶν
1276 3398 1482 3470 ταμίαν
1549 3400 1760 3471 ὑμνεῖν,

177 3494 319 3568 μέρη
344 3510 411 3548 τε
435 3491 538 3547 τοῦ
566 3492 772 3563 κόσμου
800 3492 868 3544 τά
898 3490 1168 3562 ὁρώμενα,
1192 3492 1287 3546 καὶ¹
1308 3493 1417 3549 πᾶν
1439 3491 1501 3544 τὸ
1527 3491 1765 3564 καταληφ

174 3588 308 3640 πτδν
329 3584 547 3658 σαρκὸς
560 3583 833 3654 αἰσθήσει,
846 3583 921 3647 ὡς
935 3583 1001 3636 ἂν
1014 3583 1114 3653 τῆς
1135 3582 1377 3655 φθαρτῆς
1393 3582 1523 3638 ὄντα
1548 3581 1762 3652 φύσεως

174 3677 432 3749 οὐδαμῶς
448 3674 945 3747 καταπλήττεσθαι’
974 3674 1123 3730 τὺνδ’
1148 3677 1208 3730 ἐν
1242 3675 1450 3739 τούτοις
1470 3676 1671 3731 ἅπασιν
1695 3677 1760 3729 ἁ-

174 3772 389 3842 όρατοιν,
407 3768 508 3824 καὶ
526 3766 858 3837 τὸνξκαθόλου
869 3784 928 3820 τε
940 3766 1032 3819 καὶ
1046 3767 1185 3827 κατά
1204 3767 1367 3838 μέρος
1376 3766 1761 3838 δημιουργικὸν

175 3862 294 3917 νοῦν
326 3861 495 3933 μόνον
536 3856 970 3929 ἀποθαυμάζειν,
1006 3859 1100 3913 καὶ
1128 3857 1397 3927 θεολογεῖν
1431 3858 1558 3929 μίαν
1594 3857 1762 3929 μόνην

177 3953 398 4009 ἐκείνων
447 3951 745 4022 διήκουσαν
769 3949 861 4002 καὶ
886 3948 1284 4019 διακοσμοῦσαν
1308 3947 1376 4001 τά
1404 3948 1581 4002 πάντα
1604 3947 1762 4002 δύνα-

178 4062 268 4117 μιν
290 4044 472 4107 θείαν,
520 4040 813 4113 ἀσώματον
844 4035 1007 4093 οὖσαν
1054 4039 1149 4093 καὶ
1193 4039 1386 4112 νοερὰν
1429 4040 1531 4111 τὴν
1575 4039 1757 4109 φύσιν,

179 4138 374 4211 μᾶλλον
410 4136 475 4190 δὲ
504 4135 604 4190 καὶ
630 4134 867 4205 ἄρρητον
904 4135 1074 4187 εἰπεῖν
1111 4133 1205 4187 καὶ¹
1246 4132 1648 4203 ἀκατάληπτον,
1675 4132 1761 4188 διὰ

176 4232 414 4293 πάντων,
446 4230 520 4283 δι’
538 4221 617 4282 ὧν
648 4228 743 4280 καὶ
765 4228 995 4297 ἐνεργεῖ,
1023 4226 1527 4298 παραφαινομένην,
1553 4225 1764 4297 διήκου-

182 4325 277 4377 αάν
298 4340 359 4377 τε
387 4320 727 4391 ἀσωμάτως,
749 4320 842 4374 καὶ
873 4317 1239 4389 ἀσυμπλόκως
1266 4317 1334 4372 τά
1374 4319 1552 4372 πάντα
1576 4319 1759 4371 ἐπιπο-

186 4416 501 4486 ρευομένην,
526 4415 625 4466 καὶ
653 4412 720 4465 δι’
741 4411 992 4467 ἁπάντων
1014 4412 1114 4465 οὐκ
1133 4411 1399 4483 οὐρανίων
1424 4411 1604 4481 μόνον,
1627 4411 1760 4466 ἀλλά

1864 1929 1956 1986 rit.
1987 1929 2109 1985 Sint
2137 1932 2415 1987 enimvero
2460 1930 2576 1987 hac
2619 1946 2730 1986 non
2761 1930 3071 1987 mortalium
3106 1930 3389 1985 hominum
3416 1969 3433 1994 ,

1862 2022 1958 2077 sed
2008 2023 2274 2078 luminum
2319 2023 2621 2081 caelestium
2666 2024 2886 2094 propria
2932 2023 3178 2078 nomina.
3215 2021 3331 2076 Erit
3359 2021 3438 2075 vi-

1862 2114 2059 2171 deiicet
2084 2123 2373 2185 propterea
2402 2115 2526 2180 soli,
2558 2116 2721 2181 lunae,
2759 2115 3032 2171 sideribus
3053 2153 3069 2178 ,
3119 2129 3183 2169 ac
3208 2113 3437 2183 reliquis

1863 2205 2028 2276 hujus
2053 2207 2243 2262 mundi
2273 2207 2519 2277 partibus
2559 2207 2892 2271 adorationis
2936 2208 3118 2262 cultus
3171 2214 3435 2276 tanquam

1862 2295 1971 2352 diis
1994 2296 2358 2352 exhibendus.
2407 2295 2499 2353 Sic
2521 2311 2652 2369 ergo
2681 2296 2941 2367 praeclara
2970 2295 3285 2352 Graecorum
3314 2294 3445 2365 phis.

1862 2392 2113 2464 Iosepbia
2144 2393 2199 2447 in
2225 2392 2473 2449 omnium
2509 2400 2802 2462 conspectu
2827 2431 2843 2457 ,
2888 2390 3178 2446 verborum
3212 2388 3447 2460 quidem

1863 2485 2279 2542 ostentationem
2308 2486 2465 2556 quasi
2492 2483 2743 2540 machina
2777 2482 3013 2553 quadam
3056 2481 3289 2536 sublime
3321 2480 3434 2534 tol-

1862 2577 1955 2645 lit,
1986 2583 2044 2634 at
2088 2577 2417 2649 sapientium
2454 2584 2690 2632 mentem
2729 2575 2983 2631 deorsum
3032 2584 3087 2630 et
3135 2574 3282 2630 circa
3336 2572 3447 2636 Dei,

1862 2679 2162 2736 creaturas,
2195 2684 2318 2740 quae
2355 2669 2606 2725 sensibus
2629 2668 2912 2737 oculisque
2948 2674 3168 2737 patent,
3216 2665 3292 2721 ita
3314 2680 3437 2719 ver-

1864 2769 1966 2825 sat,
1994 2760 2129 2816 nihil
2160 2769 2221 2815 ut
2250 2760 2474 2815 omnino
2503 2766 2696 2829 praeter
2742 2757 2919 2827 ignem
2959 2755 3301 2825 calidumque
3336 2769 3437 2808 na-

1864 2859 2066 2916 turam,
2093 2851 2392 2921 mundique
2421 2857 2601 2920 partes
2619 2889 2635 2916 ,
2666 2848 2984 2917 luminaque
3011 2844 3273 2910 emlestia,
3297 2844 3437 2900 adde

1861 2960 1994 3003 vero
2025 2945 2305 3002 humidam
2334 2953 2498 3014 atque
2539 2944 2742 2999 siccam
2775 2955 2872 3012 per
2924 2954 3013 2995 me
3042 2938 3197 3004 licet,
3231 2938 3437 3008 ipsam-

1863 3053 1974 3110 que
2033 3052 2324 3109 corporum
2390 3034 2837 3105 temperationem
2897 3032 3179 3089 divinitate
3246 3031 3435 3089 donet.

1864 3131 1999 3199 Quis
2028 3131 2194 3203 igitur
2234 3144 2344 3185 non
2373 3128 2585 3193 videat,
2626 3139 2882 3196 magnum
2925 3124 3088 3194 plane
3134 3132 3297 3192 atque
3338 3122 3434 3176 ad-

1865 3225 2112 3282 mirabile
2143 3223 2401 3293 quiddam
2435 3234 2559 3275 esse
2587 3218 2717 3276 Jesu
2750 3216 2952 3273 Christi
2981 3216 3285 3271 Servatoris
3312 3214 3437 3270 Dei-

1864 3330 1971 3388 que
1999 3315 2170 3371 nostri
2217 3312 2587 3383 Evangelium,
2618 3308 2765 3379 quod
2797 3306 3113 3364 universum
3147 3304 3439 3361 hominum

1864 3421 2036 3480 genus
2062 3405 2307 3471 edoceat,
2332 3402 2465 3458 solis
2490 3401 2662 3471 ipsius
2696 3399 2947 3467 lunaque
2970 3393 3141 3451 Deum
3155 3408 3221 3451 ac
3255 3395 3434 3450 domi-

1862 3516 1996 3556 num
2041 3498 2298 3568 orbisque
2326 3496 2495 3552 totius
2524 3493 2860 3551 conditorem
2885 3528 2902 3556 ,
2947 3502 3296 3559 supremum,
3349 3486 3434 3540 in-

1862 3578 2049 3665 quam,
2080 3593 2254 3656 illum,
2286 3603 2578 3657 rerumque
2611 3587 2745 3641 ﬁnes
2784 3599 2849 3639 ac
2896 3582 3158 3637 terminos
3184 3577 3432 3633 omnium

1864 3693 2245 3757 superantem,
2300 3678 2639 3737 convenienti
2701 3685 2864 3732 tanta:
2912 3671 3181 3742 maiestati
3230 3668 3441 3737 cogitat

1863 3784 2013 3839 tione
2044 3790 2320 3844 sensuque
2349 3770 2639 3827 venerari?
2691 3768 2936 3835 adeoque
2988 3777 3096 3818 non
3143 3774 3432 3830 corporum

1863 3872 2150 3933 elementa,
2184 3866 2278 3923 sed
2319 3866 2604 3937 ipsiusmet
2634 3861 2791 3925 vitae,
2855 3858 3261 3918 alimentorum,
3296 3867 3433 3908 cun-

1863 3970 2189 4030 ctorumque
2220 3958 2487 4011 bonorum
2537 3961 2865 4024 qurestorem
2909 3963 2973 4003 ac
3000 3947 3435 4017 dispensatorem

1864 4052 2172 4110 celebrare?
2221 4048 2330 4120 97
2381 4062 2482 4102 nec
2526 4046 2637 4116 jam
2700 4042 2812 4098 ullo
2867 4037 3031 4095 modo
3086 4035 3433 4108 aspectabilis

1862 4142 2022 4198 istius
2053 4139 2242 4196 mundi
2296 4145 2506 4208 partes,
2538 4140 2633 4189 aut
2682 4144 2870 4187 eorum
2923 4126 3264 4198 quidquam,
3310 4137 3434 4192 quae

1862 4248 2029 4289 sensu
2075 4230 2325 4301 corporis
2366 4225 2554 4297 attingi
2615 4219 3112 4291 comprehendique
3158 4222 3431 4286 possunt,

1862 4324 2063 4394 quippe
2087 4336 2210 4393 quae
2238 4320 2459 4375 caducae
2488 4313 2872 4385 pereuntisque
2909 4320 3117 4365 natura
3143 4307 3275 4370 sint,
3307 4321 3437 4363 cum

1864 4425 2088 4487 stupore
2116 4413 2315 4469 mentis
2356 4409 2554 4465 intueri
2582 4424 2596 4462 :
2628 4406 2722 4462 sed
2771 4405 2952 4469 potius
2982 4410 3217 4456 mentem
3248 4397 3439 4465 illam,

184 4506 405 4561 καὶτῶν
435 4506 534 4559 ἐπὶ
566 4505 688 4575 γῆς,
714 4503 823 4558 τῶν
848 4521 908 4556 τε
951 4503 1175 4557 καθόλου
1217 4502 1495 4574 στοιχείων
1525 4504 1620 4557 καὶ
1649 4502 1757 4557 τῶν

1864 4525 1972 4566 non
2018 4510 2181 4564 modo
2223 4503 2593 4562 communium
2641 4498 2880 4554 universi
2935 4506 3288 4558 naturarum,
3341 4489 3436 4545 sed

186 4600 273 4652 tari.
311 4598 537 4669 μέρους,
566 4594 665 4667 τὴν
689 4594 791 4665 τῆς
830 4594 1082 4666 θεότητος
1122 4595 1318 4668 διαρκῆ
1361 4594 1760 4667 μεγαλουργίαν

186 4689 653 4759 ὶπιδεικνυμὲνην·
698 4687 829 4742 πᾶσί
872 4703 934 4740 τε
968 4687 1188 4757 ἀφανῶς
1224 4688 1318 4741 καὶ
1349 4689 1480 4758 ἡμῖν
1534 4688 1759 4741 ἀνεπαι-

190 4780 390 4853 σθήτως
410 4778 833 4839 ἐπιστατοῦσαν,
855 4778 950 4831 καὶ
963 4778 1139 4848 λόγοις
1157 4780 1552 4851 ἀνεκφράστοις
1573 4778 1764 4847 σοφίας

184 4872 269 4925 τὸν
289 4872 589 4944 σύμπαντα
610 4871 809 4940 κόσμον
836 4869 1295 4941 διακυϐερνῶσαν.
1322 4870 1603 4924 Τοσούτων
1626 4873 1762 4943 ἡμῖν

186 4964 646 5036 ἀποδεδειγμένων
670 4964 749 5025 είς
782 4961 1000 5031 ἔλεγχον
1032 4962 1129 5031 τῆς
1162 4962 1464 5016 ἀσυστάτου
1506 4962 1699 5031 σοφίας
1725 4962 1759 5035 ἢ

187 5055 482 5125 θεολογίαις.
521 5056 624 5127 τῆς
666 5071 729 5109 τε
758 5054 1055 5126 λεγομένης
1102 5054 1494 5126 μυθικαπέραςν
1524 5057 1620 5110 καὶ
1660 5054 1760 5125 τῆς

189 5148 539 5222 ὑψηλοτέρας,
561 5148 658 5203 καὶ
682 5146 1077 5219 φυσικωτέρας,
1103 5149 1170 5217 ἢν
1190 5147 1239 5200 οἱ
1258 5147 1479 5201 παλαιοὶ
1501 5147 1760 5219 ’Ἔλληνές

188 5253 242 5292 τε
272 5241 368 5296 καὶ
391 5240 682 5309 Αἰγύπτιοι
705 5237 1058 5310 σεμνύνοντες
1083 5237 1498 5310 ἀπεδείχθησαν·
1526 5237 1643 5309 ῶρα
1666 5238 1762 5292 καὶ⁵

189 5329 438 5384 τῶννεῶν
460 5329 568 5384 τῶν
586 5330 652 5400 δὴ
673 5329 797 5382 καθ’
813 5329 963 5399 ἡμᾶς
974 5329 1168 5392 αὐτοὺς
1185 5328 1495 5400 φιλοσοφεῖν
1520 5331 1760 5399 ἐπαγγε-

188 5420 421 5493 λομένων
431 5420 570 5477 emo
577 5421 738 5493 ρ’ῆσαι
752 5418 824 5475 τὰ
833 5419 1281 5489 καλλωπίσματα.
1295 5420 1418 5474 Οἵδε
1431 5420 1538 5492 γὰρ
1553 5420 1620 5475 τά
1632 5422 1760 5492 περὶ

188 5514 271 5567 vi:
300 5511 695 5586 δημιουργικοῦ
730 5511 843 5566 τῶν
886 5511 1043 5576 ὅλων,
1078 5512 1257 5566 καὶτὰ
1287 5513 1415 5585 περὶ
1455 5514 1759 5584 ἀσωμάτων

195 5603 354 5670 Ιδεῶν,
374 5604 579 5676 κερῶν
597 5620 657 5656 τε
678 5602 775 5657 καὶ
796 5600 1033 5670 λογικῶν
1056 5600 1356 5673 δυνάμεων,
1373 5605 1483 5667 τοῖς
1507 5603 1647 5674 ἀμφὶ
1667 5602 1757 5656 τὸν

195 5696 439 5751 Πλάτωνα
454 5698 682 5769 μακροῖς
696 5693 815 5749 ποθ’
832 5693 1058 5765 ὕστερον
1070 5692 1273 5765 χρόνοις
1285 5695 1485 5766 ὲφευρη
1495 5693 1647 5765 μένα,
1665 5694 1759 5748 καὶ

256 5823 279 5850 ι
318 5810 402 5865 Ισ.
430 5813 502 5882 τῇ
533 5809 750 5885 μυθικῇ.
828 5810 858 5852 δ
900 5810 985 5863 ῖσ.
1016 5808 1307 5880 θεολογίαν.

1862 4617 2045 4659 rerum
2072 4612 2289 4671 quoque
2317 4595 2651 4663 singularum
2678 4588 3026 4651 elfeetrieem,
3062 4598 3292 4656 quasque
3308 4596 3463 4639 cum.-

1863 4694 1997 4749 insit
2036 4693 2092 4746 in
2122 4688 2397 4753 omnibus,
2429 4698 2699 4755 nusquam
2757 4692 2939 4736 tamen
2986 4677 3161 4733 videri
3214 4682 3432 4745 potest,

1863 4800 2029 4841 unam
2063 4782 2343 4845 admirari,
2374 4795 2537 4835 unam
2572 4776 2687 4832 suis
2725 4775 2792 4829 de
2821 4772 3044 4828 numine
3090 4766 3434 4824 sermonibus

1863 4892 1928 4933 ac
1948 4873 2409 4945 disputationibus
2442 4868 2763 4940 praedicare;
2786 4867 2957 4920 solam
2978 4902 2993 4927 ,
3023 4863 3267 4933 inquam,
3286 4859 3448 4912 illam.

1862 4975 2186 5040 potestatem
2217 4964 2481 5029 divinam,
2511 4976 2635 5032 qua:
2659 4964 2867 5027 cuneta.
2882 4963 3122 5027 permeat
3145 4992 3161 5019 ,
3201 4959 3435 5006 cuncta¢

1861 5078 1969 5133 que
2010 5060 2360 5126 moderatur,
2394 5069 2625 5125 corpore
2656 5067 2884 5108 vacuam
2937 5048 3435 5130 intelligentetnque

1861 5164 2112 5209 naturam
2133 5193 2149 5217 ,
2193 5150 2278 5205 vel
2313 5147 2583 5220 ejusmodi
2612 5145 2825 5216 potius,
2880 5156 3045 5212 quam
3078 5153 3178 5193 nec
3218 5135 3433 5190 dicendi

1862 5263 1963 5301 nec
1984 5242 2257 5315 cogitandi
2286 5241 2367 5297 vis
2393 5241 2501 5296 ulla
2529 5253 2723 5307 capere
2750 5235 2961 5306 possit,
3019 5244 3142 5301 qua:
3200 5229 3433 5283 subinde

1862 5339 2028 5393 rebus
2057 5337 2113 5391 in
2142 5334 2422 5399 omnibus,
2452 5348 2574 5400 qua:
2603 5345 2698 5400 per
2739 5343 2860 5384 eam
2897 5325 3230 5387 eiiiciuntur,
3262 5337 3432 5391 appa-

1863 5440 1998 5498 reat,
2022 5448 2143 5502 quae
2179 5432 2298 5487 sine
2323 5443 2551 5497 corpore
2582 5432 2776 5480 cuncta
2799 5428 3057 5492 penetret,
3090 5434 3157 5475 at:
3178 5419 3298 5474 sine
3321 5417 3431 5474 ulla

1860 5524 2242 5582 commistione
2272 5520 2562 5593 pervadat,
2614 5532 2734 5588 qua
2764 5513 3017 5569 omnibus
3051 5513 3103 5565 in
3167 5510 3432 5566 creaturis

1861 5628 1970 5668 non
2008 5594 2319 5669 caelestibus
2356 5607 2539 5671 modo,
2586 5606 2680 5662 sed
2720 5604 2880 5659 etiam
2918 5602 3143 5657 terrenis
3171 5610 3431 5655 constan-

1859 5712 1967 5760 tem
2003 5718 2064 5758 ac
2099 5710 2412 5772 perpetuam
2456 5697 2714 5768 operandi
2767 5695 3018 5749 virtutem
3072 5708 3134 5748 ac
3184 5691 3429 5764 magniﬁ-
