3858 6224
1371 319 1697 375 ΡΒᾸΕΡΑΚ.
1735 320 1988 376 EVANG.
2033 319 2161 375 LIB.
2206 319 2291 376 lll.

3363 321 3467 377 {82

184 428 398 494 λίθους,
419 432 516 485 καὶ
546 448 617 485 τα
636 432 887 497 τοιαῦτα,
909 434 1124 498 εἰκόνας
1149 434 1337 507 φέρειν
1360 435 1453 489 τοῦ
1482 435 1661 506 φωτὸς
1683 435 1792 490 τῶν

1902 453 2015 491 ram
2069 447 2125 492 et
2168 447 2363 493 cuncta
2403 438 2667 508 sphazrica
2726 437 2913 493 mundi
2945 436 3200 508 quidem,
3246 436 3375 493 solis
3406 453 3472 493 ac

186 521 352 586 θεῶν,
385 524 482 575 καὶ
532 524 635 594 τῆς
662 524 916 596 οὐρανίου
948 526 1039 579 καὶ
1084 526 1326 597 αἰθερίου
1356 526 1573 597 φύσεως
1618 526 1789 599 δηλώ-

190 632 339 684 ματα
374 615 644 683 φάσκειν;
680 617 801 672 Ὅτι
848 619 905 672 δὲ
928 619 1034 672 τῶν
1085 618 1219 673 νέων
1249 620 1367 673 ἐστὶ
1408 619 1589 673 ταῦτα.
1631 621 1787 691 σοφί-

188 724 399 776 σματα,
434 710 558 779 μηδ’
582 709 719 781 ὄναρ
741 712 851 767 τῶν
878 713 1122 767 παλαιῶν
1164 715 1241 777 εἰς
1269 712 1571 783 ἐνθύμησιν
1600 713 1785 766 ἐλθόν-

185 816 277 861 τα,
310 800 504 870 γνοίης
527 801 597 855 ἂν
626 803 835 872 μαθὼν,
865 805 947 857 ὅτι
975 806 1067 858 καὶ
1087 803 1369 874 άπὸὄλητα
1400 800 1468 874 ἦν
1502 805 1653 877 παρὰ
1674 806 1787 869 τοῖς

188 888 484 958 προτέροις
506 891 577 944 τά
600 890 690 945 διὰ
732 893 932 964 χρυσοῦ
961 894 1052 947 καὶ
1099 893 1196 964 τῆς
1226 891 1588 963 νομιζομένης
1626 893 1789 947 πολυ-

186 979 517 1052 τελεστέρας
568 982 703 1054 ὕλης
761 985 948 1051 ξόανα.
994 986 1155 1054 Λέγει
1196 986 1241 1039 δ’
1294 983 1388 1041 οῦν
1442 984 1790 1056 Πλούταρχος

1896 528 2039 583 lunae
2076 529 2317 599 propria,
2346 530 2440 584 sed
2464 537 2643 584 tamen
2678 529 2743 584 iis
2774 529 3070 599 aliquando
3105 542 3230 583 eum
3251 526 3473 583 fortuna

1895 624 1951 671 et
1981 630 2076 685 spe
2116 617 2428 672 communia
2474 631 2597 671 esse
2633 617 2925 673 voluerunt
2973 635 2987 673 :
3039 618 3305 673 circulum
3340 633 3472 673 vero

1894 723 2124 778 qumque
2148 708 2431 765 circularis
2460 719 2616 764 erant
2648 711 2852 781 ﬁgurat,
2910 711 3108 781 partim
3142 711 3430 767 aternitati
3455 749 3474 778 ,

1894 800 2089 869 partim
2117 800 2241 855 cali
2273 801 2465 866 motui,
2499 801 2854 871 ejusdemque
2905 802 3060 858 zonis
3098 818 3164 858 ac
3208 802 3473 868 circulis;

1894 892 2224 947 circulorum
2257 901 2437 948 autem
2468 893 2735 948 sectiones
2766 894 2935 948 variis
2964 894 3109 949 lunae
3137 894 3357 965 ﬁguris:
3385 909 3479 965 py—

1895 983 2134 1039 ramides
2173 993 2227 1038 et
2274 984 2546 1038 obeliscos
2588 983 2732 1053 ignis
2772 994 3012 1051 naturae,
3067 986 3368 1055 eademque
3408 986 3479 1039 dc

188 1063 291 1123 ὧδέ
326 1090 403 1144 πη
441 1075 586 1128 κατὰ
623 1075 792 1142 λέξιν.

1902 1090 2063 1131 causa
2098 1074 2364 1147 Olympiis
2412 1092 2633 1147 quoque
2669 1078 2816 1145 diis,
2867 1086 2929 1132 ut
2979 1092 3178 1133 conum
3221 1086 3482 1147 praeterea

190 1166 318 1231 soli,
352 1176 514 1224 terra;
563 1171 902 1240 cylindrum,
947 1174 1138 1229 semini
1189 1189 1254 1230 ac
1317 1173 1656 1246 generationi
1701 1172 1936 1242 efﬁgiem
1997 1172 2231 1237 veretri,
2274 1173 2613 1244 ﬁguramque
2652 1174 3040 1245 triangularem
3106 1182 3325 1245 propter
3390 1186 3484 1225 ve-

189 1262 497 1317 recundum
538 1265 769 1333 ,feminas
826 1270 1124 1324 membrum
1185 1270 1510 1325 tribuerunt.
1567 1287 1586 1321 ι
1641 1267 1768 1324 Haec
1805 1267 2479 1339 egregiussingularisque
2518 1268 2900 1340 philosophus,
2940 1270 3142 1340 quibus
3188 1269 3319 1339 quid
3377 1267 3485 1322 fos-

190 1350 317 1406 dins
346 1367 415 1407 ac
443 1356 659 1424 turpius
685 1356 805 1411 dici-
825 1358 1032 1428 possit,
1081 1374 1207 1414 cum
1254 1376 1348 1431 per
1379 1375 1443 1416 ea
1493 1375 1583 1415 res
1614 1360 1780 1414 etiam
1820 1359 2153 1428 turpissima:
2198 1359 2377 1413 verbis
2430 1361 2668 1429 graviter
2715 1375 2780 1416 ac
2822 1361 3115 1431 magniﬁce
3181 1359 3483 1430 praedicen-

189 1444 324 1500 ιυτῖ
373 1446 510 1515 quid
545 1462 713 1516 porro
756 1459 1009 1504 coactum
1068 1453 1262 1519 magis,
1304 1467 1470 1522 quam
1526 1451 1797 1505 inanimas
1835 1450 2101 1518 quasdam
2149 1450 2427 1516 materias,
2470 1466 2688 1519 aurum,
2756 1451 3007 1521 lapides,
3073 1459 3379 1520 catteraque
3427 1449 3484 1507 id

192 1550 402 1604 genus,
459 1538 600 1594 lucis
647 1556 714 1596 ac
761 1541 986 1595 deorum
1038 1542 1336 1614 imagines,
1392 1551 1488 1598 aut
1538 1541 1777 1597 ctelestis
1812 1540 2155 1609 aztheriaaque
2185 1550 2394 1596 naturae
2434 1541 2726 1597 simulacra
2776 1556 2887 1611 prae
2945 1555 3006 1596 se
3074 1539 3261 1595 ferre!
3309 1537 3482 1592 Caete-

193 1644 319 1684 rum
354 1632 475 1686 ha‘c
512 1632 847 1700 sophismata
880 1650 913 1689 a
937 1637 1158 1704 nuperis
1184 1635 1513 1705 quibusdam
1561 1636 1775 1690 invecta
1814 1650 1957 1698 esse,
1987 1634 2055 1690 de
2081 1634 2283 1705 quibus
2330 1633 2443 1705 99
2476 1649 2542 1690 ne
2579 1651 2674 1706 per
2723 1633 3001 1692 somnium
3064 1632 3284 1703 quidem
3333 1638 3481 1684 vete-

192 1738 285 1777 res
313 1724 638 1793 cogitarint,
669 1725 755 1778 vel
779 1740 847 1780 ex
889 1741 955 1781 eo
984 1727 1272 1798 intelligas,
1300 1728 1447 1798 quod
1488 1727 1653 1798 prisci
1702 1727 1781 1782 illi
1820 1726 2071 1782 homines
2117 1726 2361 1782 confecta
2409 1742 2474 1783 ex
2509 1743 2646 1782 auro
2694 1738 2789 1783 aut
2817 1726 2923 1782 alia
2959 1725 3195 1797 quadam
3227 1724 3480 1779 materia.

197 1834 319 1887 qua:
365 1820 543 1889 pluris
593 1821 854 1877 mstimari
904 1822 1070 1889 solet,
1122 1822 1417 1879 simulacra
1471 1822 1779 1893 rejicerent.
1819 1821 1995 1893 Atque
2026 1822 2079 1877 id
2104 1820 2433 1878 Plutarchus
2477 1822 2649 1879 sicad
2683 1821 2907 1877 verbum
2959 1819 3157 1876 alicubi
3222 1829 3479 1876 testatum

196 1913 445 1983 reliquit.

737 2005 1130 2059 ΚΕΦΑΛΔΙΟΝ
1165 2005 1248 2058 Η’.

198 2120 337 2186 Περὶ
376 2117 490 2187 τῆς
518 2119 782 2185 παλαιᾶς
832 2119 1225 2245 ξοάνων
1263 2121 1647 2189 κατασκευῆς
1698 2119 1800 2176 καὶ

903 2206 1154 2245 ουσεως.

896 2206 1154 2259 ρυσεως.

270 2297 292 2331 ι
313 2277 381 2332 Ἦ
402 2278 462 2333 δὲ
481 2280 710 2350 (73)τῶν
722 2280 943 2348 ’ξοάνων
969 2283 1186 2355 ποίησις
1208 2286 1433 2358 ἀρχαῖον
1461 2284 1635 2339 ἔοικεν
1657 2279 1798 2337 εἶναι

192 2387 249 2424 τι
276 2371 376 2424 καὶ
410 2370 649 2424 παλαιὸν
667 2412 684 2436 ,
725 2372 782 2425 εἴ
818 2390 885 2443 γε
919 2374 1127 2440 ξύλινον
1159 2376 1260 2447 μὲν
1288 2372 1355 2447 ἦν
1382 2375 1445 2429 τὸ
1474 2375 1691 2446 πρῶτον
1717 2375 1798 2437 εἰς

194 2464 369 2533 Δῆλον
400 2464 510 2516 ὑπὸ
545 2465 910 2535 Ἐρισίχθονος
948 2467 1241 2521 Ἀπόλλωνι
1276 2469 1369 2522 ἐπὶ
1399 2466 1508 2521 τῶν
1554 2466 1798 2538 θεωριῶν

195 2554 458 2624 ἄγαλμα·
491 2553 703 2620 ξύλινον
734 2556 794 2609 δὲ
835 2558 899 2610 τὸ
931 2558 1031 2628 τῆς
1062 2559 1321 2624 Πολιάδος
1363 2560 1469 2613 ὑπὸ
1501 2557 1609 2612 τῶν
1640 2559 1799 2610 αὑτο-

194 2646 407 2718 χθόνων
434 2647 682 2718 ἱδρυθὲν,
723 2648 753 2700 ὃ
780 2650 959 2722 μέχρι»
973 2651 1068 2704 νῦν
1102 2651 1376 2723 Ἀθηναῖοι
1410 2650 1798 2721 διαφυλάττουο

196 2755 304 2792 σιν.
322 2740 510 2811 Ἥρας
528 2741 586 2794 δὲ
612 2743 708 2795 καὶ
734 2744 931 2814 Σάμιοι
962 2743 1171 2810 ξύλινον
1201 2740 1345 2815 εἶχον
1371 2740 1534 2808 εἶδος,
1560 2744 1636 2809 ὣς
1663 2761 1796 2815 φησι

195 2829 592 2901 Καλλίμαχος·
634 2832 801 2887 Οὔπω
837 2835 946 2905 (74)
983 2835 1243 2906 σκέλμιον
1283 2834 1442 2906 ἔργον
1475 2837 1555 2898 εἰς
1586 2834 1794 2899 ξόανον,

344 2923 444 2976 ἐπὶ
476 2922 680 2993 τεθμὸν
712 2925 777 2995 δὴ
812 2926 1132 2996 νεόγλυφον,
1156 2921 1332 2991 ὦναξ,
1363 2926 1490 2991 θεᾶς
1517 2922 1661 2998 ἦσθα
1696 2942 1797 2981 σα-

195 3013 315 3078 νίς·
344 3008 453 3068 ὧδε
483 3014 596 3086 γὰρ
629 3016 984 3088 καθιδρύοντο
1005 3018 1160 3081 θεοὺς
1183 3019 1326 3072 τότε.
1359 3018 1471 3071 Καὶ
1499 3019 1608 3090 γὰρ
1636 3017 1796 3090 Ἀθή-

196 3120 297 3173 νης
339 3105 404 3157 ὲν
442 3105 623 3177 Λίνδῳ
662 3108 868 3162 Δαναὸν
899 3107 1040 3162 λεῖον
1082 3109 1280 3181 ἔθηκεν
1310 3110 1446 3175 ἕδος.
1475 3110 1709 3179 Λέγεται
1736 3110 1793 3164 δὲ

197 3197 413 3270 Πείρας
443 3198 556 3269 (75)
591 3202 621 3252 ὁ
661 3200 878 3270 πρῶτος
913 3201 1218 3272 Ἀργολίδος
1243 3202 1422 3274 Ἥρας
1469 3202 1613 3274 ἱερὸν
1642 3201 1793 3255 εἱσά-

201 3306 367 3359 μενος
386 3328 405 3354 ,
434 3289 541 3361 τὴν
569 3291 762 3345 ἑαυτοῦ
792 3291 1065 3365 θυγατέρα
1088 3293 1421 3348 Καλλίθυιαν
1458 3294 1661 3366 ἱέρειαν
1696 3311 1794 3347 κα-

196 3358 528 3452 ταστήσας’,
561 3384 628 3436 ὲκ
660 3383 771 3438 τῶν
807 3358 936 3457 περὶ
963 3358 1200 3458 Ἰίίρυνθα
1234 3386 1469 3459 δένδρων
1508 3358 1676 3459 δγχην
1706 3404 1796 3441 τε·
1821 3358 1869 3421 c

203 3471 319 3544 ιιὼν
358 3472 699 3539 εὐκτέανον,
737 3477 918 3547 Ἥρας
964 3476 1186 3549 ἄγαλμα
1217 3478 1526 3551 μορφῶσαι.
1575 3480 1794 3551 Πέτραν

204 3565 301 3633 μὲν
327 3563 446 3634 γὰρ
479 3566 563 3628 εἰς
596 3562 722 3619 θεοῦ
748 3566 968 3620 κόπτειν
1006 3568 1222 3632 εἰκόνα,
1256 3568 1500 3640 σκληρὰν
1527 3568 1624 3623 καὶ
1666 3567 1793 3622 δύσ-

202 3673 363 3728 εργον
432 3658 533 3711 καὶ
579 3658 819 3729 ἄψυχον,
882 3659 983 3713 οὐκ
1014 3659 1327 3714 ὲόούλοντο·
1359 3661 1560 3732 χρυσὸν
1591 3660 1649 3714 δὲ
1698 3661 1798 3715 καὶ⁵

202 3749 446 3820 ἄργυρον
488 3748 723 3820 ἡγοῦντο
776 3750 881 3821 γῆς
924 3752 1177 3824 ἀκάρπου
1229 3753 1325 3806 καὶ
1388 3751 1795 3826 διεφθαρμένης

202 3840 475 3912 χρώματα
521 3842 731 3914 νοσώδη
763 3842 895 3915 (76),
923 3846 1017 3898 καὶ
1045 3846 1266 3915 κηλίδας
1292 3844 1533 3911 ἐξανθεῖν
1552 3885 1568 3909 ,
1606 3844 1795 3917 ὥστερ

207 3934 488 4005 μώλωπας
519 3935 628 3990 ὑπὸ
655 3935 827 4010 πυρὸς
877 3937 1252 4008 ραπισθείσης·
1294 3938 1542 4007 ἐλέφαντι
1580 3938 1637 3991 δὲ
1666 3938 1795 3992 παί-

206 4026 390 4091 ζοντες
427 4028 532 4096 μὲν
574 4026 687 4080 ἔσθ’
729 4029 865 4082 ὅπου
911 4029 1295 4101 προσεχρῶντο
1322 4029 1641 4101 ποικίλματι
1670 4030 1796 4103 τρό-

207 4120 307 4189 φῆς
333 4118 475 4190 (77).
514 4137 534 4170 ι
559 4118 748 4172 Ταῦτα
778 4121 808 4172 ὁ
836 4118 1181 4191 Πλούταρχος
1202 4137 1216 4150 ·
1245 4119 1350 4177 καὶλ
1364 4118 1551 4175 τούτου
1582 4119 1639 4173 δὲ
1660 4119 1795 4173 πολὺ

208 4212 473 4284 πρότερον
512 4213 545 4264 ὁ
586 4210 811 4266 Πλάτων
856 4211 1009 4266 οὐδὲν
1040 4209 1179 4267 εἶναι
1217 4214 1414 4286 σεμνὸν
1434 4254 1449 4276 ,
1481 4214 1603 4269 οὐδὲ
1628 4231 1797 4287 προσ-

209 4306 380 4369 εοικδς
427 4303 554 4375 θείᾳ.
601 4304 763 4374 φύσει
801 4305 861 4357 ὲν
905 4305 1120 4376 χρυσῷ.
1171 4308 1266 4360 καὶ
1299 4306 1495 4372 λίθοις,
1539 4308 1632 4361 καὶ
1678 4307 1797 4361 ὲλέ-

210 4414 365 4465 om:
384 4439 401 4462 ,
444 4399 562 4461 τοῖς
584 4414 647 4449 τε
675 4395 735 4461 ἐξ
776 4396 910 4468 ὕλης
939 4398 1146 4471 ἀψύχου
1188 4402 1709 4471 κατασκευάσμασιν
1734 4398 1793 4456 εὖ

214 4488 353 4557 μάλα
387 4487 574 4553 εἰδὼς,
603 4489 910 4547 ἐπάκουσον
941 4493 999 4546 ὲν
1021 4494 1136 4556 τοῖς
1160 4495 1382 4562 Νόμοις
1406 4496 1567 4548 ὁποῖα
1587 4495 1796 4549 διατάτο

211 4588 377 4627 τεται·
418 4593 440 4625 ‹
467 4574 547 4645 Γῆ
608 4577 706 4648 μὲν
744 4571 837 4629 οὖν
880 4576 1029 4630 ἑστία
1071 4594 1130 4630 τε
1171 4579 1438 4650 οἰκήσεως
1461 4620 1476 4643 ,
1508 4579 1629 4650 ἱερά
1659 4582 1794 4633 πᾶσι

211 4665 429 4721 πάντων
454 4665 596 4720 θεῶν
618 4684 631 4696 ·
666 4667 856 4739 μηδεὶς
884 4664 977 4722 οὖν
1004 4669 1270 4742 δευτέρως
1300 4671 1421 4741 ἱερὰ
1458 4671 1794 4743 καθιερούτω

213 4756 366 4822 θεοῖς,
396 4758 623 4830 Χρυωδς
647 4759 707 4813 δὲ
739 4759 834 4815 καὶ
863 4760 1100 4832 ἄργυρος
1132 4764 1190 4815 ὲν
1213 4761 1400 4827 ἄλλαις
1444 4764 1661 4817 πόλεσιν
1689 4766 1795 4836 ἰδίᾳ

275 4984 389 5053 (73)
444 4984 622 5067 Ἠδέ.
666 4983 848 5067 μεμε
881 4984 1277 5067 Μιεῐδιυιιιτοιιί
1333 5003 1444 5042 non
1496 4989 1786 5059 reperitur,

212 5070 308 5110 nec
336 5065 639 5124 sequentes
663 5054 986 5110 Callimachi
1015 5072 1226 5113 versus.
1557 5054 1575 5059 “
1772 5054 1781 5058 ⁷

216 5194 225 5196 _
277 5125 392 5196 (74)
439 5126 639 5178 Οῦπω.
683 5123 978 5196 Priusihoc
1004 5125 1323 5183 Callimachi
1362 5127 1655 5184 distichum
1684 5129 1787 5183 mi-

210 5194 261 5248 hi
288 5194 522 5268 quidern
558 5196 799 5268 ἀνίατον.
830 5195 909 5250 Ex
933 5211 1000 5251 eo
1039 5204 1254 5251 tantum
1303 5207 1581 5268 utcunque
1622 5200 1788 5255 disci-

208 5280 350 5334 mus,
380 5265 578 5320 rudem
602 5267 843 5320 tabulam
875 5274 970 5321 aut
993 5281 1255 5334 asserem,
1289 5268 1396 5323 hoc
1428 5265 1787 5324 simulacrum

208 5333 397 5406 fuisse.
430 5334 721 5390 Posterius
770 5336 1067 5391 distichum
1128 5333 1346 5393 facilius
1400 5347 1516 5406 est;
1574 5348 1787 5395 tantum

209 5404 327 5476 loco
368 5406 607 5470 Δαναόν,
650 5408 1025 5476 reponendum
1062 5423 1127 5463 ex
1167 5409 1341 5463 altero
1391 5404 1520 5475 ms.,
1562 5409 1787 5474 Δαναός.

208 5472 415 5532 Lindus
465 5486 650 5530 autem
702 5472 835 5531 urbs
869 5476 972 5530 fuit
1022 5477 1077 5532 in
1110 5478 1304 5532 Rhodo
1348 5472 1548 5534 insula.
1582 5472 1788 5535 Sensus

209 5544 372 5614 igitur
395 5556 507 5612 est,
543 5555 686 5610 tum,
712 5547 766 5601 id
798 5554 884 5601 est
919 5547 1071 5613 olim,
1097 5565 1162 5601 eo
1188 5549 1351 5603 modo
1383 5560 1594 5603 erectos
1623 5549 1791 5605 fuisse

278 5617 529 5689 situsque
581 5617 921 5689 deos,_|ioc
975 5626 1059 5689 est
1108 5620 1315 5689 ligneos
1363 5638 1376 5674 :
1430 5617 1789 5689 Danaumque

254 5687 383 5751 indi,
407 5686 545 5742 lzeve
591 5686 831 5758 Palladis
864 5686 1245 5752 simulacrum,
1294 5690 1397 5743 hoc
1436 5699 1537 5751 est,
1573 5698 1631 5743 ut
1664 5686 1789 5758 qni-

215 5760 329 5811 item
356 5758 640 5825 existimo,
672 5757 979 5828 Irevigatnm
1004 5774 1102 5828 pro
1126 5760 1421 5816 simulacro
1456 5760 1657 5830 lignum
1684 5757 1785 5831 po-

1814 2008 1865 2067 Β

2475 2002 2711 2060 CAPUT
2752 2000 2891 2057 VIII.

1970 2114 2048 2169 De
2092 2115 2270 2185 prisca
2330 2115 2625 2169 simulacra
2658 2115 2991 2196 ροηβείεηάὶ
3041 2115 3411 2186 statuendique

2581 2195 2806 2239 ratione.

1977 2294 1997 2329 ι
2024 2274 2210 2331 Prisca
2245 2290 2375 2332 vero
2396 2291 2460 2331 ac
2479 2285 2789 2346 pervetusta
2816 2274 3081 2330 habeatur
3100 2275 3480 2346 ﬁngendorum

1900 2367 2324 2424 simulacrorum
2354 2368 2720 2424 consuetudo.
2748 2368 2886 2422 Illud
2909 2379 3057 2423 certe
3072 2367 3477 2438 quidem,un

1900 2461 1957 2514 in
1981 2459 2111 2515 Delo
2138 2460 2377 2531 primum
2411 2461 2480 2515 ab
2508 2459 2907 2516 Eresichthone
2942 2462 3481 2517 solemnioribusAt-

1899 2552 2019 2607 ticas
2050 2567 2262 2623 pompas
2314 2552 2509 2609 diebus
2550 2563 2937 2610 consecratum
2968 2554 3205 2624 Apollini
3259 2554 3479 2624 signum

1898 2652 2004 2712 est,
2024 2643 2263 2713 ligneum
2294 2654 2413 2700 erat
2449 2664 2462 2698 :
2498 2645 2738 2715 itemque
2775 2647 3015 2713 ligneum
3063 2647 3213 2702 aliud
3269 2647 3338 2701 ab
3389 2647 3477 2700 in-

1899 2734 2112 2804 digenis
2136 2734 2271 2803 ipsis
2296 2732 2551 2789 Minervae
2588 2732 2801 2789 Urbica:
2830 2736 3093 2804 positum,
3128 2736 3277 2806 quod
3305 2735 3478 2789 Athe-

1900 2827 2121 2882 nienses
2167 2824 2440 2895 hodieque
2499 2834 2739 2881 servant.
2797 2825 2941 2893 Quin
2972 2835 3027 2882 et
3054 2828 3226 2882 Samii
3258 2842 3479 2897 quoque

1897 2919 2132 2990 ligneam
2157 2918 2391 2976 Junonis
2427 2919 2657 2992 eﬂigiem
2690 2920 2951 2988 habuere,
2991 2928 3053 2975 ut
3085 2920 3279 2975 scribit
3309 2920 3479 2976 Calli-

1900 3013 2147 3069 machus.
2301 3053 2314 3069 .
2464 3053 2478 3069 .
2629 3052 2646 3069 .
2796 3050 2812 3066 .
2952 3048 2976 3081 ρ

1900 3104 2055 3162 Piras
2087 3119 2220 3161 vero
2251 3106 2504 3177 princeps
2527 3104 2760 3161 Iunonis
2792 3103 3060 3175 Argolicae
3080 3104 3344 3175 templum
3372 3119 3476 3175 po.

1898 3198 2078 3253 suisse
2108 3195 2303 3263 fertur,
2358 3204 2413 3252 et
2469 3195 2815 3267 Callithyiam
2861 3195 3030 3250 ﬁliam
3062 3194 3184 3266 ejus
3220 3195 3489 3252 sacerdoa.

1895 3298 2006 3345 tem
2037 3289 2252 3355 fecisse,
2290 3298 2455 3360 atque
2499 3304 2567 3344 ex
2622 3288 2924 3361 Tirynthiis
2949 3288 3239 3343 arboribus
3268 3297 3481 3343 sectam

1898 3397 2096 3456 pyrum
2133 3382 2439 3437 silvestrem
2475 3380 2530 3435 in
2562 3380 2864 3450 elegantem
2894 3395 2958 3435 ac
2986 3380 3211 3451 politam
3239 3379 3474 3441 lunonis

1896 3475 2190 3545 imaginem
2220 3474 2614 3544 conﬁgurasse.
2645 3470 2779 3526 Nam
2816 3472 3052 3544 lapidem
3093 3473 3312 3544 quidem
3348 3474 3474 3543 ipsi,

1899 3568 2104 3638 quippe
2132 3581 2247 3621 rem
2274 3565 2553 3620 duriorem
2586 3564 2880 3634 minusque
2915 3565 3021 3618 arti
3082 3566 3475 3635 obsequentem

1896 3660 2186 3729 animaque
2216 3667 2515 3723 carentem,
2559 3656 2615 3711 in
2641 3656 2883 3711 numinis
2909 3655 3142 3735 eﬂigiem
3182 3657 3476 3726 scalpendo

1895 3752 2245 3808 conformare
2273 3751 2533 3806 nolebant
2565 3769 2579 3804 :
2610 3765 2807 3805 aurum
2852 3756 3039 3803 autem
3071 3758 3239 3820 atque
3278 3764 3478 3822 argen-

1898 3856 2012 3899 tum
2040 3844 2242 3900 sterilis
2270 3859 2336 3900 ac
2361 3843 2536 3899 vitiati
2571 3843 2670 3898 soli
2696 3841 2985 3899 morbosos
3011 3841 3223 3898 colores
3243 3857 3387 3908 esse,
3411 3859 3481 3900 ao

1896 3938 2088 3993 sordes
2131 3937 2395 4007 quasdam
2442 3945 2498 3992 et
2528 3936 2777 3991 maculas
2816 3950 2884 3990 ex
2914 3942 3057 3990 terra
3098 3935 3239 4008 ignis
3278 3916 3511 3992 ardore,

1895 4044 2200 4101 percussa,
2246 4030 2486 4085 vibicum
2541 4029 2714 4085 instar
2770 4027 3502 4088 exsisterearbitrabanturz,

1894 4120 2061 4175 ebore
2109 4134 2241 4175 vero
2287 4119 2562 4175 interdum
2597 4133 2732 4177 sane
2763 4118 3080 4183 utebantur,
3116 4117 3214 4173 sed
3238 4119 3364 4189 joco
3391 4134 3477 4173 so-

1894 4213 2035 4277 lum,
2065 4221 2120 4268 et
2150 4212 2307 4283 quasi
2330 4211 2395 4266 ad
2421 4212 2658 4281 aliquam
2693 4212 3014 4267 deliciarum
3040 4226 3104 4266 ac
3133 4211 3472 4267 lautitiarum

1896 4303 2238 4357 varietatem.
2283 4322 2303 4355 ›
2342 4300 2467 4358 Haec
2497 4301 2848 4369 Plutarchus,
2884 4314 3089 4372 ‘eoque
3137 4302 3298 4374 longe
3334 4303 3495 4357 anti-r

1896 4396 2057 4466 quior
2078 4394 2234 4451 Plato
2260 4395 2394 4450 nihil
2426 4411 2525 4451 nec
2546 4395 2599 4450 in
2634 4410 2793 4461 auro,
2823 4379 2924 4469 nec
2959 4395 3014 4450 in
3050 4394 3346 4466 lapidibus,
3373 4411 3479 4451 nec

1897 4485 1952 4539 in
1998 4485 2185 4552 ebore,
2231 4500 2331 4541 nec
2359 4485 2412 4539 in
2445 4485 2558 4538 ullo
2592 4500 3051 4555 prorsusopere,
3100 4485 3248 4556 quod
3292 4501 3360 4541 ex
3386 4487 3475 4539 in-

1897 4577 2067 4631 animi
2099 4577 2326 4632 materia
2368 4575 2655 4640 conﬂatur,
2700 4592 2822 4633 esse
2851 4578 3187 4653 pronuntiat,
3215 4576 3361 4648 quod
3390 4576 3475 4632 vel

1830 4702 1873 4758 D
1897 4669 2060 4740 paulo
2093 4669 2402 4740 augustius,
2429 4669 2513 4724 vel
2543 4678 2752 4724 natura:
2788 4669 2988 4723 divina:
3031 4678 3242 4739 aptum,
3284 4684 3348 4723 ac
3394 4669 3473 4727 si-.

1897 4761 2027 4816 mile
2059 4760 2247 4815 haberi
2274 4761 2465 4830 possit.
2498 4760 2582 4814 Tu
2620 4776 2772 4831 ergo,
2823 4760 2921 4831 qui
2952 4761 3253 4825 hominem,
3301 4760 3474 4815 homi-

1894 4984 2090 5039 suisse.
2121 4981 2237 5036 Nisi
2262 4981 2531 5045 dicamus,
2560 4998 2685 5037 cum
2718 4983 2880 5037 rudes
2912 4982 3068 5052 prius
3098 4981 3473 5050 informesque

1894 5054 2108 5123 stipites
2133 5053 2493 5123 erigerentur,
2523 5055 2762 5122 primum
2810 5069 2840 5123 a
2887 5051 3074 5107 Danao
3105 5052 3359 5123 Minervae
3394 5056 3471 5105 si-

1892 5122 2318 5189 mulacrum,’ex
2363 5123 2510 5194 ligno
2546 5123 2679 5178 illud
2707 5122 2950 5194 quidem,
2989 5124 3084 5177 sed
3113 5122 3231 5177 laevi
3277 5136 3341 5176 ac
3372 5137 3472 5192 po-

1893 5195 2011 5255 lito,
2046 5195 2402 5248 constitutum
2438 5193 2625 5247 fuisse.

1967 5264 2177 5335 (75-76)
2217 5263 2499 5335 Χρώμᾳτα
2542 5263 2800 5331 νοσώδη.
2842 5261 2955 5318 Hoc
3001 5262 3166 5335 etiam
3216 5261 3471 5335 asperius

1894 5332 1997 5397 est,
2022 5332 2184 5404 quam
2207 5338 2375 5403 quod.
2401 5333 2639 5388 Bernard
2665 5335 2826 5389 habet
2850 5348 3015 5387 serm.
3046 5333 3166 5391 4‘de
3192 5332 3432 5386 Adventu
3449 5346 3470 5385 :

1894 5408 2101 5459 Aurum
2132 5414 2183 5458 et
2218 5416 2514 5474 argentum,
2542 5406 2738 5473 inquit,
2770 5419 2937 5458 nonne
2966 5412 3106 5474 terra
3141 5411 3215 5455 est
3238 5404 3397 5456 rubra
3418 5410 3470 5461 et

1895 5477 2037 5539 alba,
2072 5492 2231 5546 quam
2271 5472 2415 5529 solus
2462 5472 2731 5528 hominum
2782 5488 2931 5527 error
2976 5472 3128 5542 facit,
3160 5482 3252 5525 aut
3299 5474 3472 5542 magis
3585 5508 3601 5531 .

1897 5556 2127 5614 reputat,
2162 5547 2491 5615 pretiosam?

1968 5617 2081 5684 (77)
2129 5611 2375 5684 Τρυφῆς.
2418 5614 2584 5669 Error
2613 5611 2959 5684 manifestus,
2992 5628 3090 5682 pro
3119 5612 3370 5682 τρυφῆς,
3412 5621 3471 5665 ut

1894 5683 2097 5740 habent
2145 5683 2447 5751 manuscr.,
2478 5685 2601 5741 licet
2629 5683 2795 5739 Mont.
2840 5684 3061 5740 adnotet
3103 5686 3172 5739 nl.
3208 5684 3468 5755 scriptum

1895 5772 2015 5812 esse
2046 5755 2301 5826 11.509719.
