3858 6224
142 285 229 340 iss
1314 292 1638 351 PREPAR.
1679 292 1931 350 EVANG.
1972 287 2101 351 1.th
2141 295 2227 367 ιιι,

3298 280 3401 337 186

90 392 101 409 ⁸
142 399 261 463 Ζεὺς
291 393 397 452 οὖν
431 400 462 455 ὁ
491 400 605 464 πᾶς
634 400 859 472 κόσμος,
895 402 1128 474 ξῶονηὲκ
1161 404 1337 474 ξώων,
1379 407 1475 462 καὶ
1509 405 1629 471 θεὸς
1658 408 1720 460 ὲκ

1833 408 2037 480 Iupiter
2078 425 2208 481 ergo
2248 409 2489 471 mundus
2517 407 2812 464 universus
2849 407 2955 466 est,
2995 396 3248 453 animans
3274 395 3403 466 qui-

142 491 266 544 ῧεῶν
288 507 307 522 ·
344 493 490 556 Ζεὺς
533 492 613 557 δὲ,
658 493 795 548 καθὸ
826 493 971 562 νοῦς,
1004 497 1096 566 ἀφ’
1139 491 1202 550 οὗ
1246 500 1513 570 προφέρει
1543 499 1721 554 πάντα

141 581 224 635 καὶ
252 580 595 655 δημιουργεί
637 586 752 647 τοῖς
790 585 1043 656 νοήμασι.
1087 586 1208 640 Τῶν
1241 586 1306 658 δὴ
1348 587 1613 656 θεολόγων
1650 586 1720 639 τὰ

140 672 194 743 δὴ
220 673 356 744 περὶ
384 672 485 726 τοῦ
519 673 657 727 Θεοῦ
699 674 889 729 τοῦτον
926 676 1350 748 ἐξηγησαμένων
1380 679 1472 732 τὸν
1495 678 1717 750 τρόπον,

142 765 319 818 είκόνα
359 766 465 835 μὲν
490 766 751 838 τοιαύτην
774 768 1144 841 δημιουργεῖν,
1186 771 1305 824 οἵαν
1335 772 1365 824 ὁ
1404 769 1561 839 λόγος
1585 770 1723 841 ἐμή-

143 874 312 919 νυσεν,
341 856 465 910 οὗθ’
491 855 605 912 οἷόν
626 877 687 912 τε
715 856 804 932 ἦν,
841 859 953 916 οὔτ’
985 862 1038 914 ετ
1057 878 1142 925 τις
1168 862 1450 930 ἐπενόησε,
1473 860 1534 914 τὸ
1560 861 1721 925 ζωτι-

141 948 226 1001 κὸν
280 948 380 1003 καὶ
432 951 625 1022 νοερὸν
656 952 752 1005 καὶ
796 944 1149 1024 προνοητικὸν
1194 952 1285 1007 διὰ
1327 953 1427 1022 τῆς
1484 952 1721 1022 σφαίρας

144 1039 435 1094 ὲδείκνυενξ
491 1043 958 1115 ἀνθρωπόμορφον
992 1045 1049 1098 δὲ
1073 1046 1166 1099 τοῦ
1210 1047 1332 1109 Διὸς
1370 1047 1452 1115 τὸ]
1477 1047 1722 1118 δείκηλον

144 1133 529 1203 mmigravi-tv,
564 1136 648 1188 ὅτι
688 1135 811 1199 νοῦς
852 1130 922 1207 ἦν
965 1136 1085 1190 καθ’
1126 1136 1186 1191 δν
1224 1138 1592 1209 ἐδημιούργει,
1627 1139 1723 1193 καὶ

142 1220 314 1289 Brom;
340 1228 745 1296 σπερματικοῖς
776 1227 1027 1280 ἀπετέλει
1056 1227 1125 1284 τὰ
1152 1230 1349 1283 πάντα.
1372 1230 1621 1301 Κάθηται
1641 1230 1719 1302 δὲ,

142 1312 194 1365 τὲ
222 1314 447 1385 ἑδραῖον
477 1317 577 1387 τῆς
601 1316 881 1388 δυνάμεως
898 1319 1292 1390 αἰνιττόμενος
1327 1322 1509 1392 γυμνὰ
1532 1323 1591 1375 δὲ
1611 1323 1722 1394 ἔχει

142 1404 203 1456 τὰ
245 1404 388 1468 ἄνω,
419 1407 504 1460 δτι
535 1408 770 1477 φανερὸς
798 1408 858 1459 ἐν
890 1411 1001 1472 τοῖς
1043 1413 1249 1481 νοεροῑς
1283 1411 1376 1467 καὶ
1413 1415 1524 1476 τοῖς
1562 1413 1725 1484 οὐρα-

143 1495 263 1558 νξοις
290 1494 393 1547 τοῦ
420 1496 633 1566 κόσμου
660 1497 881 1569 μέρεσίν
905 1500 1019 1552 ἐστι
1043 1517 1057 1530 ·
1099 1502 1362 1555 σκέπεται
1389 1502 1446 1556 δὲ
1474 1503 1620 1574 αὐτῷ
1655 1504 1726 1572 τὰ

145 1586 397 1656 πρόσθια,
434 1588 521 1641 ὃτι
552 1589 766 1660 ἀφανὴς
791 1593 906 1655 τοῖς
943 1592 1090 1645 κάτω
1114 1593 1540 1664 κεκρυμμένοις.
1570 1596 1723 1665 Ἔχει

141 1675 192 1728 δὲ
217 1679 286 1746 τῇ
324 1678 430 1746 μὲν
458 1677 592 1749 λαιᾷ
613 1679 674 1732 τὸ
704 1680 1003 1752 σκῆπτρον,
1033 1682 1153 1736 καθ’
1184 1683 1213 1736 ὃ
1240 1684 1472 1754 μάλιστα
1494 1685 1605 1738 τῶν
1628 1685 1722 1741 τοῦ

144 1765 393 1837 σώματος
429 1770 620 1842 μερῶν
650 1772 711 1824 τὸ
740 1773 1214 1843 ἡγεμονικώτατόν
1243 1793 1304 1829 τε
1334 1777 1428 1831 καὶ
1458 1777 1727 1849 νοερώτα-
1756 1764 1800 1821 Β

140 1875 224 1913 τον
272 1863 607 1934 {rma-(maps!
649 1864 955 1936 σπλάγχνον
991 1868 1025 1938 ἡ
1060 1868 1254 1940 καρδία
1279 1885 1294 1899 ο
1343 1869 1594 1940 βασιλεὺς
1619 1872 1728 1945 γὰρ

140 1950 228 2003 τοῦ
260 1952 479 2025 κόσμου
511 1956 542 2008 ὁ
571 1954 902 2027 δημιουργὸς
922 1958 1078 2023 νοῦς·
1105 1960 1376 2031 προτείνει
1406 1962 1463 2015 δὲ
1493 1966 1558 2034 τῇ
1581 1963 1730 2036 δεξιᾷ

142 2044 171 2114 ἢ
212 2045 400 2112 ἀετὸν,
448 2046 535 2099 ὅτι
572 2051 764 2120 κρατεῖ
792 2048 903 2103 τῶν
946 2051 1261 2124 ἀεροπόρων
1301 2053 1460 2119 θεῶν,
1502 2056 1579 2119 ὡς
1620 2056 1731 2112 τῶν

144 2137 456 2209 μεταρσίων
502 2138 706 2210 ὀρνέων
742 2139 773 2192 ὁ
802 2140 960 2206 ἀετός
982 2158 996 2173 σ
1029 2142 1063 2213 ἢ
1105 2143 1284 2216 νίκην,
1313 2145 1399 2199 ὅτι
1444 2146 1731 2218 νενίκηκεν

140 2227 295 2292 αὐτὸς
324 2229 534 2283 πάντα.
577 2248 600 2282 ι
631 2230 818 2291 Ταῦά
841 2250 924 2286 σοι
955 2235 984 2287 ὁ
1013 2234 1341 2308 Πορφύριος,
1365 2230 1441 2291 ὧν
1469 2239 1558 2292 τὸν
1579 2240 1734 2310 εἰρη-

143 2321 303 2390 μένον
362 2321 578 2392 τρόπον
601 2323 1031 2405 ἀποδεδομένων,
1057 2328 1241 2399 ἠρέμα
1282 2331 1377 2383 καὶ
1410 2331 1503 2384 ἐπὶ
1536 2331 1730 2403 σχολῆς

141 2411 522 2484 ὲπιθεωρῆσαι
575 2413 762 2482 καλὸν,
808 2415 932 2470 τίνα
977 2418 1106 2473 ποτὲ
1141 2418 1251 2492 ἄρα
1295 2422 1390 2476 τδν
1433 2423 1534 2477 Δία
1566 2426 1732 2493 φασὶν

139 2499 278 2557 εἶναι
306 2504 381 2558 τὰ
419 2504 552 2577 Em].
596 2505 738 2574 Ἐγὼ
768 2507 869 2578 μὲν
902 2508 1012 2580 γὰρ
1040 2510 1161 2564 οὐδὲ
1190 2494 1320 2568 ἄλλο
1345 2513 1454 2588 (81)
1489 2518 1733 2589 ἠγοῦμαι

138 2594 168 2666 ἣ
194 2595 291 2648 τὸν
318 2594 607 2668 ὁρώμενον
639 2597 868 2672 κόσμον,
896 2601 962 2653 ὲκ
989 2603 1257 2656 παντοίων
1290 2605 1596 2660 συνεστῶτα
1622 2607 1732 2661 τῶν

138 2683 327 2755 μερῶν
364 2685 478 2739 τῶν
520 2703 583 2740 τε
624 2686 748 2739 κατ’
785 2687 1009 2760 οὐρανὸν
1032 2691 1125 2744 καὶ
1158 2691 1374 2764 αἰθέρα,
1403 2696 1500 2749 καὶ
1531 2695 1639 2750 τῶν
1674 2700 1733 2751 ὲν

131 2775 353 2840 τούτοις
396 2777 741 2850 φαινομένων
765 2780 1002 2852 ἄστρων,
1039 2781 1229 2856 ὥσπερ
1264 2787 1322 2838 ὲν
1358 2787 1593 2857 μεγάλου
1625 2787 1733 2841 σώ-

137 2884 315 2938 ματος
346 2871 564 2944 κεφαλῇ
596 2877 1052 2948 προτεταγμένων
1072 2892 1085 2904 ·
1118 2876 1229 2929 τῶν
1267 2893 1328 2930 τε
1373 2879 1431 2931 ὲν
1465 2880 1608 2953 ἀέρι,
1638 2881 1734 2946 καὶ

131 2961 238 3030 τῇ,
272 2963 371 3014 καὶ
395 2961 667 3037 θαλάσσῃ,
695 2970 792 3021 καὶ
820 2970 934 3033 τοῖς
966 2966 1391 3040 παραπλησίοις.
1416 2970 1573 3043 Μέρη
1601 2970 1734 3041 γοῦν

1826 504 1951 559 dem
1998 518 2067 558 ex
2120 503 2523 569 animantibus,
2572 515 2638 556 ac
2689 499 2827 553 deus
2880 508 2951 550 ex
2988 491 3094 546 diis
3142 488 3402 558 :Jupiter

1826 610 1980 661 vero,
2007 604 2281 665 quatenus
2309 609 2466 650 mens
2496 601 2602 655 est,
2636 590 2798 659 cujus
2834 586 2903 641 ad
2934 583 3189 639 notiones
3221 580 3277 633 in
3314 579 3403 632 lu-

1828 700 1946 740 cem
1969 692 2168 739 cuncta
2192 682 2427 754 profert,
2457 689 2764 748 cunctaque
2813 675 3056 732 molitur.
3095 670 3216 726 Jam
3270 681 3402 722 vero

1827 792 1956 832 cum
1980 776 2123 829 hunc
2151 777 2204 829 in
2236 775 2460 829 modum
2486 770 2725 841 theologi
2755 768 2823 824 de
2852 763 3098 821 numinis
3121 759 3286 829 hujus
3302 769 3404 810 na-

1828 875 1953 921 tura
2005 865 2357 935 partibusque
2404 864 2771 932 disputarem,
2796 872 2897 913 nec
2929 856 3109 925 imago
3132 846 3402 920 ejusmodi

1829 958 2013 1028 aliqua
2039 956 2169 1027 tingi
2198 971 2264 1011 ac
2289 954 2621 1024 conﬁgurari
2656 957 2864 1021 posset,
2887 946 3107 1017 qualem
3157 944 3260 996 ista
3302 953 3403 993 no-

1828 1050 1913 1107 bis
1946 1049 2192 1104 carmina
2232 1050 2649 1117 repraesentant,
2698 1056 2822 1107 nec,
2864 1040 2909 1095 si
2947 1036 3087 1092 forte
3128 1030 3402 1102 quispiam

1829 1143 1950 1214 ejus
1978 1139 2327 1197 elaborandte
2355 1138 2623 1192 rationem
2653 1132 2975 1195 invenisset,
3012 1128 3185 1197 ﬁgura
3218 1133 3403 1202 tamen

1829 1234 2097 1305 sphaerica
2148 1231 2284 1287 satis
2324 1230 2436 1308 vim
2478 1229 2628 1282 illam
2664 1240 2789 1281 cum
2829 1222 3076 1283 vitalem,
3125 1228 3241 1272 tum
3273 1226 3403 1270 vero

1829 1325 2222 1394 iutelligentem
2254 1337 2319 1376 ac
2344 1320 2721 1391 providentem
2745 1316 3053 1385 exprimere
3083 1307 3352 1379 potuisset
3385 1320 3402 1358 :

1829 1418 1979 1485 Jovis
2013 1416 2368 1473 simulacrum
2400 1413 2696 1467 humanam
2729 1408 2784 1461 in
2819 1404 3059 1477 speciem
3092 1398 3407 1455 conforma-

1828 1517 1978 1574 runt,
2011 1506 2157 1578 quod
2186 1520 2342 1560 mens
2362 1511 2529 1569 esset,
2555 1501 2715 1570 cujus
2738 1498 2792 1552 in
2816 1490 3196 1566 procreatione
3219 1500 3406 1542 rerum

1829 1599 2106 1669 exemplar
2138 1597 2465 1659 intueretur,
2517 1591 2679 1662 cujus
2732 1585 3093 1644 seminalibus
3121 1579 3280 1652 quasi
3312 1591 3407 1633 ra-

1830 1691 2069 1746 tionibus
2097 1696 2296 1745 cuncta
2325 1686 2629 1758 perliceret.
2676 1679 2826 1737 Idem
2850 1690 2983 1733 vero
3010 1674 3182 1737 sedet,
3213 1679 3276 1727 ut
3302 1669 3408 1724 im-

1829 1795 2032 1838 motam
2061 1778 2350 1851 potestatis
2378 1791 2492 1833 sua:
2522 1772 2888 1831 constantiam
2924 1777 3204 1835 utcunque
3236 1760 3407 1833 signi-

1828 1874 1981 1939 ticet;
2014 1880 2196 1941 partes
2217 1868 2467 1938 corporis
2492 1865 2805 1936 superiores
2839 1860 3017 1915 nudas
3044 1857 3230 1920 habet,
3256 1852 3408 1925 quod

1828 1965 1886 2020 in
1915 1963 2256 2034 spiritalibus
2283 1976 2350 2015 ac
2380 1958 2700 2019 cmlestibus
2746 1952 2936 2009 mundi
2987 1949 3237 2022 partibus
3283 1959 3408 2001 sese

1828 2054 2098 2110 illustrius
2145 2050 2506 2122 spectandum
2553 2048 2842 2119 exhibeat;
2877 2042 3170 2098 inferiores
3213 2044 3409 2093 contra

1830 2155 2023 2210 tectas,
2049 2144 2195 2216 quod
2226 2143 2280 2197 in
2314 2142 2517 2196 inﬁmis
2552 2140 2718 2194 rebus
2753 2135 3080 2208 penitusque
3110 2128 3409 2185 reconditis

1830 2236 2189 2293 absconditus
2215 2235 2334 2305 ipse
2360 2234 2667 2299 delitescat.
2718 2230 2797 2283 Ac
2845 2228 2981 2283 laeva
3015 2224 3235 2296 quidem
3288 2233 3411 2276 scea

1831 2343 2011 2401 ptrum
2043 2336 2207 2394 tenet,
2261 2326 2412 2397 quod
2460 2340 2528 2380 ex
2567 2323 2825 2391 omnibus
2875 2319 3124 2389 corporis
3178 2311 3407 2370 humani

1831 2422 2078 2492 partibus
2108 2434 2176 2476 eo
2203 2418 2504 2490 praesertim
2533 2417 2587 2471 in
2605 2417 2774 2471 latere
2799 2429 2895 2469 cor
2924 2409 3059 2466 illud
3082 2416 3410 2465 caeterorum

1831 2514 1993 2569 facile
2052 2513 2349 2583 princeps,
2418 2511 2640 2580 vimque
2702 2503 3042 2576 intelligendi
3108 2499 3411 2556 maximam

1830 2604 2175 2674 complexum
2202 2602 2544 2667 intestinum,
2576 2610 2840 2669 tanquam
2874 2598 2932 2651 in
2973 2593 3199 2666 proprio
3229 2590 3411 2646 domi-

1830 2696 1961 2752 cilio
1997 2694 2355 2766 conquiescat
2384 2711 2398 2749 :
2430 2694 2633 2763 quippe
2663 2704 2819 2746 mens
2847 2688 2996 2743 enim
3034 2685 3127 2739 illa
3161 2694 3418 2754 procrea-

1832 2788 1941 2843 trix
1976 2786 2082 2842 hoc
2112 2787 2168 2841 in
2198 2786 2333 2841 orbe
2360 2792 2554 2855 regnat
2582 2800 2598 2850 ;
2633 2783 2825 2844 dextra
2871 2792 3003 2833 vero
3042 2783 3138 2830 aut
3169 2772 3413 2842 aquilam

1833 2879 2126 2949 protendit,
2172 2877 2321 2948 quod
2354 2878 2499 2943 aeris
2544 2876 2662 2946 ipse
2711 2873 2839 2938 diis,
2889 2869 3114 2942 perinde
3142 2874 3201 2921 ut
3230 2863 3412 2934 aquila

1833 2968 2069 3042 sublime
2094 2968 2409 3024 volantibus
2436 2967 2654 3030 avibus,
2684 2964 3033 3027 dominetur;
3093 2966 3188 3013 aut
3238 2956 3416 3010 victo-

134 3050 379 3154 κόσμου,
412 3055 511 3108 καὶ
540 3057 636 3128 γῆ,
667 3059 763 3113 καὶ
792 3058 918 3130 ὅρη,
944 3060 1040 3113 καὶ
1067 3059 1280 3129 βουνοί·
1311 3061 1534 3115 εἰλεῖταί
1554 3078 1614 3115 τε
1642 3062 1720 3117 αὐ·

1833 3062 1995 3128 riam,
2027 3062 2174 3132 quod
2220 3062 2366 3116 idem
2405 3059 2592 3115 omnia
2634 3054 2927 3127 superarit.
2985 3071 3006 3104 ι
3072 3050 3234 3122 102
3286 3046 3416 3101 Haec

134 3142 254 3197 τῶν
279 3146 341 3198 ὲν
381 3147 540 3218 μέσῳ
566 3146 745 3222 ζώνης
767 3152 971 3223 τρόπον
995 3153 1028 3224 ἡ
1071 3150 1317 3218 θάλασσα
1342 3170 1355 3182 ·
1398 3154 1494 3209 καὶ
1530 3154 1642 3229 πῦρ
1674 3155 1720 3209 δὲ

1839 3153 1937 3207 tibi
1960 3152 2335 3225 Porphyrius;
2368 3150 2571 3221 quibus
2602 3149 2751 3204 hunc
2777 3146 2833 3201 in
2868 3144 3091 3200 modum
3123 3138 3414 3210 expositis,

137 3238 237 3291 καὶ
264 3237 441 3311 ὕδωρ,
476 3240 579 3308 νύξ
609 3259 670 3295 τε
698 3243 795 3297 καὶ
823 3243 1027 3316 ἡμέρα,
1062 3244 1164 3316 τῆς
1192 3245 1364 3316 αὐτῆς
1392 3243 1503 3300 εἷεν
1535 3247 1602 3303 ἂν
1636 3248 1720 3302 τοῐ

1836 3260 2018 3316 operae
2052 3247 2291 3320 pretium
2323 3244 2492 3314 fuerit
2514 3251 2720 3299 attente
2746 3241 3034 3309 otioseque
3080 3232 3416 3303 contempla-

143 3328 356 3400 κόσμου
410 3330 630 3400 φύσεως
666 3335 830 3408 μέρη.
861 3334 1046 3391 Ταῦτα
1073 3336 1118 3390 δ’
1155 3336 1417 3410 ἄντικρυς
1467 3339 1557 3394 τὸν
1590 3338 1720 3412 ὁρώ-

1833 3340 1903 3406 ri,
1940 3354 2104 3409 quem
2128 3339 2234 3393 ista
2262 3338 2423 3393 nobis
2454 3337 2700 3392 carmina
2743 3333 3074 3404 qualemque
3106 3328 3295 3384 Jovem
3326 3326 3414 3381 lo-

152 3438 309 3490 μενον
333 3425 663 3494 ὑποφαίνειν
682 3426 922 3499 ἡγοῦμαι
948 3429 1174 3501 κόσμον,
1197 3431 1247 3483 εἰ
1274 3432 1348 3503 μή
1368 3447 1421 3484 τι
1449 3432 1544 3485 καὶ
1569 3433 1720 3502 σφάλ·

1835 3439 2096 3502 quantur.
2127 3429 2394 3501 Equidem
2422 3444 2531 3483 non
2563 3427 2729 3483 alium
2754 3426 3013 3489 arbitror,
3050 3436 3218 3493 quam
3257 3433 3418 3488 aspe-

149 3515 329 3585 λομαι,
364 3518 468 3572 καὶ
494 3518 559 3573 τὸ
585 3520 704 3575 ὅλον
736 3523 801 3575 ὲκ
836 3521 1019 3595 μερῶν
1047 3522 1302 3588 συνεστὸς
1344 3522 1603 3579 διδάσκει.
1633 3526 1720 3580 Λέ·

1836 3525 2089 3581 ctabilem
2123 3524 2334 3578 huncce
2382 3521 2671 3586 mundum,
2723 3534 2790 3573 ex
2837 3514 3125 3584 multiplici
3176 3511 3415 3584 partium

151 3623 232 3673 γει
257 3608 304 3661 δ’
330 3604 456 3663 οὖν·
1835 3617 2100 3671 varietate
2140 3614 2463 3679 conﬂatum,
2513 3627 2749 3683 quarum
2798 3611 2919 3665 aliae
2966 3609 3220 3663 ccelestes
3253 3612 3419 3671 atque

150 3700 387 3756 atherize
434 3716 565 3756 cum
619 3703 892 3761 sideribus
933 3706 990 3761 in
1032 3712 1266 3775 utraque
1317 3707 1541 3777 regione
1588 3708 2006 3774 collucentibus,
2079 3723 2144 3763 ac
2197 3707 2440 3778 principe
2493 3706 2640 3772 loco,
2697 3704 2779 3760 sic
2823 3714 3082 3772 tanquam
3130 3700 3184 3753 in
3231 3693 3420 3767 magni

150 3797 400 3866 corporis
430 3800 614 3869 capite
647 3801 965 3869 collocatis;
994 3802 1116 3857 alia:
1165 3817 1298 3857 vero
1357 3804 1539 3871 aeriae,
1578 3813 1888 3872 terrestres,
1928 3804 2175 3869 marinae,
2221 3818 2286 3858 ac
2338 3810 2547 3858 caeterae
2590 3801 2643 3855 id
2687 3815 2878 3872 genus.
2921 3796 3210 3851 Enimvero
3251 3801 3420 3860 terra,

150 3896 390 3952 montes,
423 3889 617 3952 colles.
648 3901 833 3960 partes
864 3894 1052 3963 utique
1079 3894 1269 3950 mundi
1309 3903 1459 3959 sunt,
1496 3911 1728 3966 quarum
1772 3896 1826 3950 in
1866 3896 2071 3962 medio,
2119 3896 2325 3967 cinguli
2364 3896 2648 3966 cujusdam
2682 3894 2876 3955 instar,
2925 3905 3076 3946 mare
3127 3886 3364 3943 volvitur
3398 3903 3417 3944 :

154 3977 293 4050 iEllis
322 3991 544 4046 autem,
598 3999 760 4054 aqua,
790 4003 902 4043 nox
935 3992 1138 4060 pariter
1179 4000 1344 4062 atque
1377 3988 1496 4045 dies
1547 3990 1601 4044 in
1644 3991 1889 4060 ejusdem
1921 4006 2142 4061 quoque
2185 3991 2375 4045 mundi
2408 4001 2617 4047 natum
2651 3986 2897 4057 partibus
2955 3983 3167 4039 censeri
3206 3997 3272 4037 ac
3308 3996 3423 4037 nu-

156 4077 354 4131 merari
382 4077 610 4133 debent.
637 4077 735 4134 liis
768 4096 901 4151 ergo
938 4084 1116 4152 palam
1143 4082 1529 4154 aspectabilem
1573 4083 1719 4138 hunc
1757 4083 1948 4138 orbem
2000 4084 2404 4154 repraesentari,
2453 4084 2677 4153 suisque
2725 4088 2912 4151 aptum
2953 4094 3021 4135 ex
3064 4077 3316 4149 partibus
3366 4081 3422 4133 et

157 4168 520 4224 constitutum
571 4168 890 4227 universum
939 4173 1212 4243 exhiberi,
1256 4174 1366 4229 nisi
1415 4180 1597 4231 tamen
1630 4188 1775 4240 erro,
1817 4174 1979 4231 facile
2009 4176 2144 4230 mihi
2180 4175 2571 4239 persuaserim.
2626 4172 2770 4243 Sane
2828 4172 2976 4228 enim
3039 4172 3289 4243 Orpheus
3342 4172 3419 4228 ita

160 4262 389 4317 canebat
418 4281 435 4316 :

159 4352 358 4408 Πάντα
397 4354 517 4423 γὰρ
551 4354 622 4408 ἐν
654 4354 898 4425 μεγάλῳ
939 4359 989 4410 Ζ
992 4357 1135 4426 ηνός
1170 4358 1313 4413 τάδε
1360 4354 1588 4427 σῶματι
1622 4358 1720 4413 κεῖ

1850 4357 2146 4424 Omniaque
2174 4354 2285 4409 hec
2319 4369 2456 4407 unus
2488 4352 2655 4424 regali
2679 4352 2735 4406 in
2765 4368 2983 4422 corpore
3011 4351 3216 4406 claudit
3242 4365 3260 4413 ;

1522 4422 1644 4502 [ται

164 4512 251 4567 καὶ
283 4513 407 4567 τίνα
443 4512 514 4567 τὰ
552 4515 750 4580 πάντα,
788 4516 1061 4587 διασαφεῖ·

167 4604 301 4674 Πίῳ,
335 4605 443 4660 καὶ
476 4604 658 4675 ὕδωρ,
688 4609 787 4663 καί
826 4608 982 4679 γαῖα,
1008 4610 1105 4665 καί
1146 4610 1344 4680 αἰθὴρ,
1377 4610 1495 4677 νύξ
1525 4628 1610 4677 τε,
1638 4610 1737 4666 καὶ

1846 4513 2156 4585 cujusmodi
2183 4527 2316 4566 vero
2353 4512 2456 4565 ista
2487 4510 2598 4565 sint
2625 4511 2835 4576 omnia,
2867 4509 2947 4565 sic
2966 4509 3241 4579 explicat:

1848 4606 2052 4678 Ignem,
2077 4603 2298 4671 undam,
2330 4614 2519 4669 terras,
2543 4602 2791 4668 cet/iram,
2825 4611 3129 4671 noctemque
3161 4601 3423 4671 diemque.

170 4744 274 4800 Τοῦ
311 4745 393 4814 δή
438 4765 535 4801 τοι
567 4747 846 4818 κεφαλὴν
869 4748 986 4819 μὲν
1026 4749 1193 4817 ιδεῖν,
1230 4751 1330 4807 καί
1361 4683 1720 4819 adﬁge

1851 4738 2202 4819 {Atquehujus
2232 4745 2389 4819 caput
2413 4736 2694 4819 emimium,
2721 4734 2998 4819 vultusque
3013 4734 3243 4816 ,ἄθεοι-οε

1473 4805 1628 4893 [ωπξι
1649 4861 1664 4886 ,
1849 4805 2131 4866 lrradians
2162 4805 2347 4863 calum
2375 4808 2577 4870 videas,
2607 4807 2695 4860 cut"
2723 4805 2955 4875 pendula
2978 4806 3178 4857 circum

1847 4904 2125 4972 Aureaque
2165 4912 2434 4955 astrorum
2461 4898 2627 4954 multo
2656 4914 2711 4954 se
2742 4896 2945 4951 lumine
2970 4894 3150 4967 fundit

171 4911 427 4978 οὐρανὸς
454 4909 748 4979 αἰτλήεις,
779 4910 855 4965 ὃν
880 4915 1129 4982 χρύσεαι
1153 4914 1339 4984 ἀμφὶς
1360 4916 1581 4982 ἔθειραι

171 4979 432 5038 ’Δστρων
461 4982 819 5038 μαρμαρέων
847 4984 1236 5038 περικαλλέες
1261 4985 1629 5038 ἠερέθονται.

1847 4909 2125 4972 Aureaque

1848 4974 2131 5038 Caesaries,

170 4979 432 5049 ’Δστρων
457 4982 819 5051 μαρμαρέων
847 4979 1629 5058 πέρικαλλέέξήὲρέθονται,

170 5097 255 5150 καὶ
282 5096 351 5152 τὰ
381 5095 601 5160 τούτοις
637 5095 940 5151 ἀκόλουθα’
975 5098 1034 5150 ὲν
1072 5092 1153 5162 οἷς
1198 5097 1448 5171 ἐπιφέρει
1478 5096 1571 5150 τὸν
1616 5093 1720 5149 νοῦε

1843 5096 1898 5142 et
1964 5099 2086 5154 qua:
2155 5090 2461 5152 sequuntur
2518 5100 2531 5135 :
2598 5080 2849 5148 interque
2914 5089 3109 5132 caetera
3166 5075 3418 5144 subjicit.

170 5188 253 5241 τοῦ
273 5190 397 5255 Διδς
424 5189 605 5260 λέγων
631 5184 773 5243 εἶναι
794 5188 887 5242 τὸν
910 5190 1122 5262 αἰθέρα,
1149 5191 1242 5245 καὶ
1268 5166 1423 5243 οὐδὲν
1451 5188 1577 5244 ἄλλο
1601 5186 1720 5242 κατέ

1846 5178 2048 5233 aethera
2077 5173 2228 5229 Jovis
2244 5182 2478 5228 mentem
2501 5189 2644 5239 esse,
2661 5171 2909 5240 nihilque
2929 5169 3100 5233 aliud,
3124 5183 3233 5237 quo
3259 5166 3421 5220 modo

171 5281 283 5344 τοὺς
322 5259 627 5344 Στωϊκοὺς,
667 5279 770 5352 τὴν
812 5259 1047 5350 πυρώδτγ
1080 5279 1172 5333 καὶ
1212 5278 1420 5350 θερμὴν
1457 5276 1642 5332 οὐσίαν
1682 5274 1720 5327 τε

1847 5267 2013 5323 Stoici
2032 5266 2503 5337 philosophantur,
2523 5265 2651 5319 dum
2668 5263 2900 5318 calidam
2920 5259 3139 5329 quidem
3167 5259 3417 5327 igneam-

176 5368 489 5442 ἡγεμονικὸν
530 5351 844 5441 φάσκοντας
891 5365 1028 5423 εἶναι
1072 5368 1178 5424 τοῦ
1211 5369 1419 5440 κόσμου
1444 5385 1458 5399 ·
1507 5366 1602 5421 καὶ
1648 5364 1720 5418 τὸς

1844 5374 1953 5429 que
2017 5366 2271 5412 naturam
2333 5363 2540 5427 partem
2598 5355 2763 5422 hujus
2826 5351 3012 5406 mundi
3070 5351 3419 5419 principem,

177 5458 289 5539 θεέρν
314 5459 455 5518 εἶναι
476 5461 662 5533 σῶμα,
692 5462 787 5515 καὶ
812 5462 907 5515 τὸν
926 5460 1251 5534 δημιουργὸν
1275 5460 1434 5514 αὑτὸν
1461 5456 1720 5528 οὐδέτεροε

1848 5451 2018 5505 Deum
2054 5465 2181 5504 vero
2227 5463 2449 5518 corpus,
2496 5448 2785 5517 ipsumque
2831 5444 2967 5498 adeo
3020 5456 3295 5497 summum
3339 5454 3424 5494 ar-

1923 5629 2035 5699 (81)
2079 5626 2439 5699 οὐδὲάᾅλλο.
2482 5624 3065 5699 ὕηυερρςηιοιιυππ,
3095 5618 3216 5672 οὐδὲ
3242 5615 3418 5673 ἄλλον.

182 5642 544 5711 convenientia
608 5641 961 5698 exsisterent.
1031 5638 1203 5709 Quam
1255 5640 1542 5698 lectionem
1606 5638 1741 5694 alter
1849 5704 1889 5711 __
1923 5638 2035 5711 (81)
2078 5638 2450 5711 ρῖἒνδέμΕ-ιιιοχ
2486 5638 2749 5711 υηυεβλι,

1849 5690 2189 5760 ιῖοιηιέοὺδὲν
2222 5696 2369 5764 ἄλλο,
2400 5704 2456 5748 ιιι
2491 5710 2614 5765 pag.
2651 5690 2772 5748 l05.

184 5709 321 5782 etiam
349 5727 381 5767 e
410 5727 548 5769 mss.
577 5713 822 5772 exhibet.
