3858 6224
433 258 538 316 187

1085 262 1356 322 EUSEBII
1394 267 1875 328 CIESARIENSIS
1914 273 2064 331 OPP.
2108 276 2290 333 PARS
2329 278 2396 334 ll’.
2436 308 2517 320 --
2542 279 3043 337 APOLOGETICA.

3590 277 3689 336 £88

428 394 723 437 cnuecmru
765 373 900 435 nihil
947 379 1052 436 nisi
1086 383 1197 437 vim
1252 400 1319 440 ac
1358 396 1680 455 potestatem
1714 390 1856 461 ignis
1887 407 1992 448 εδει

2112 394 2210 466 τῆς
2234 394 2331 448 τοῦ
2372 396 2544 466 πυρὸς
2590 397 2894 469 δυνάμεως.
2932 397 3091 451 Κατὰ
3121 397 3191 451 τὰ
3222 397 3360 452 αὐτὰ
3391 397 3500 469 γὰρ
3537 391 3692 469 οἶμαι
3772 380 3789 399 ’

429 472 705 527 dictitant.
753 471 889 527 Nam
944 475 1217 543 ejusmodi
1265 487 1412 533 certe
1467 495 1724 537 versuum
1772 484 2005 539 istorum

432 565 757 621 sententiam
786 581 908 620 esse
932 566 1171 622 arbitror
1213 583 1227 620 :

433 716 467 748 ._
527 717 543 732 .
621 716 636 732 .
690 676 838 732 Mens
860 694 1043 743 veram,
1079 679 1315 748 nullique
1346 681 1607 737 obnoxius
1639 684 1804 737 tet/rer

428 746 634 824 Regius
658 749 896 814 interitu,
924 750 1013 819 qui
1045 746 1238 804 cuncta
1262 764 1527 821 movetque
1552 756 1785 824 regitque

429 816 685 873 Consilio.

427 928 636 996 Quibus
664 930 881 999 quidem
909 927 1187 1001 Orpheus,
1212 933 1303 988 ubi
1337 934 1602 990 mundum
1628 937 1821 1009 ingens
1838 942 2006 1011 quod-

423 1021 547 1075 dam
580 1022 789 1075 animal.
815 1023 934 1077 sine
966 1024 1091 1079 ullis
1115 1026 1408 1081 verborum
1438 1028 1736 1086 involucris
1764 1047 1885 1088 esse
1907 1050 2004 1103 po-

424 1113 554 1176 suit,
589 1113 834 1184 illudque
864 1114 1057 1170 Jovem
1104 1119 1417 1187 appellavit,
1472 1129 1592 1174 tum
1642 1134 1880 1178 mentem
1927 1126 2003 1196 ip-

421 1207 538 1261 sius
570 1223 775 1271 aerem,
806 1226 1007 1280 corpus
1029 1212 1268 1282 reliquas
1299 1215 1493 1270 mundi
1524 1225 1705 1286 partes
1733 1234 1854 1275 esse
1878 1237 2003 1290 pro-

418 1300 654 1354 nuntiat.
690 1301 770 1355 Ac
812 1303 937 1357 talis
964 1303 1186 1373 quidem
1229 1306 1389 1361 nobis
1417 1308 1758 1377 carminibus
1789 1311 2002 1382 Jupiter

419 1390 757 1447 describitur
794 1410 807 1447 :
843 1395 1148 1450 carminum
1184 1408 1365 1453 autem
1400 1400 1669 1471 interpres
1727 1404 1847 1473 ipso
1897 1414 2003 1461 sta-

417 1478 514 1533 tim
566 1480 724 1536 initio
774 1485 1103 1539 sententiam
1154 1502 1346 1542 eorum
1403 1500 1626 1548 secutus
1670 1493 1744 1548 ita
1778 1497 1996 1551 subdit:

415 1567 627 1639 Jupiter
655 1588 786 1643 ergo
828 1573 1069 1631 mundus
1117 1578 1411 1636 universus
1466 1591 1568 1647 est,
1627 1585 1881 1642 animans
1930 1604 1997 1643 ex

417 1662 812 1732 animantibus,
843 1681 909 1720 ac
934 1666 1074 1722 deus
1093 1684 1161 1723 ex
1192 1670 1318 1726 diis.
1373 1672 1530 1744 103
1581 1675 1779 1746 Sicque
1820 1683 1998 1734 mani-

2109 489 2206 541 καὶ
2237 490 2295 542 ὲν
2324 493 2438 554 τοῖς
2467 490 2656 544 ἔπεσιν
2685 491 2936 563 εἰρῆσθαι
2957 509 2973 522 θ

2106 676 2266 753 ρ’ρῆςς
2293 677 2345 730 δ’
2376 678 3323 753 ᾀψευδὴς,βασιλήϊοςηᾶερθιτος
3348 681 3545 753 alam),

2106 739 2182 817 τῼ
2207 739 2282 815 δὴ
2313 739 2512 803 natura
2538 739 2757 805 κυκλοῖ
2781 752 2882 805 καὶ
2907 739 3201 821 ὲρρᾶζετὶιι.

2104 948 2183 1001 Δι’
2217 942 2291 1002 ὧν
2322 950 2776 1016 ἀνεπικαλύπτως
2810 952 2948 1018 ζῶον
2980 953 3122 1024 μέγα
3145 954 3239 1008 τὸν
3264 953 3469 1025 κόσμον
3493 954 3697 1014 ὑποθέ-

2108 1057 2287 1110 μενος,
2323 1042 2417 1094 καὶ¹
2467 1042 2657 1097 τοῦτον
2689 1043 2789 1097 Δία
2833 1045 3168 1116 προσειπὼν,
3205 1045 3345 1100 νοῦν
3378 1046 3477 1118 μὲν
3520 1047 3690 1101 αὐτοῦ

2101 1135 2192 1187 τὸν
2223 1134 2434 1208 αἰθέρα,
2467 1137 2627 1208 σῶμα
2651 1138 2709 1191 δὲ
2732 1138 2800 1193 τὰ
2831 1138 2991 1194 λοιπὰ
3014 1139 3108 1193 τοῦ
3132 1140 3337 1212 κόσμου
3376 1142 3514 1215 μέρη
3548 1142 3693 1196 ἀπε-

2105 1225 2313 1295 φήνατο
2347 1221 2506 1280 εἶναι.
2543 1229 2797 1294 Τοιοῦτος
2823 1230 2922 1301 μέν
2955 1249 3039 1294 τις
3070 1233 3098 1284 6
3126 1231 3214 1285 διὰ
3251 1232 3529 1287 τῶν-ἐπῶν
3550 1234 3692 1286 ὑπο-

2101 1318 2448 1389 γραφόμενος
2469 1322 2725 1392 τυγχάνει
2747 1321 2884 1385 Ζεύς
2904 1339 2918 1353 ο
2951 1324 2980 1376 6
3000 1322 3057 1375 δὲ
3082 1322 3190 1377 τῶν
3212 1324 3359 1378 ἐπῶν
3390 1325 3685 1396 ἐξηγητὴς,

2101 1410 2404 1481 ἀρξάμενος
2447 1411 2702 1482 μὲν,τοῖς
2752 1413 2938 1468 ἔπεσιν
2987 1415 3293 1480 ἀκολούθως
3327 1417 3495 1485 λέγει·
3546 1418 3685 1481 Ζεὺς

2101 1499 2192 1555 οὖν
2241 1506 2269 1556 ὁ
2316 1506 2423 1568 πᾶς
2468 1504 2692 1576 κόσμος,
2729 1504 2865 1569 ζῶον
2914 1508 2978 1560 ἐκ
3020 1505 3196 1571 ζώων,
3237 1508 3357 1572 θεὸς
3401 1511 3465 1561 ἐκ
3512 1509 3689 1562 θεῶν’

2103 1593 2288 1662 σαφῶς
2313 1595 2403 1648 τὸν
2433 1594 2852 1668 θεολογούμενον
2880 1600 2978 1653 Δία
3012 1600 3155 1667 θεὸν,
3196 1603 3344 1662 οὐδὲν
3379 1603 3507 1657 ἄλλο
3532 1605 3563 1675 ἦ
3595 1603 3692 1658 τὸν

2100 1686 2378 1760 ὁρώμενον
2422 1690 2515 1742 καὶ¹
2563 1690 2820 1764 αἰσθητὸν
2869 1694 3071 1766 κόσμον
3103 1696 3411 1767 δηλοῦσθαι,
3468 1697 3554 1751 διὰ
3593 1698 3693 1751 καὶ

415 1749 554 1807 feste
585 1752 773 1811 Jovem
816 1758 993 1823 illum,
1051 1776 1214 1830 quem
1267 1765 1505 1836 theologi
1535 1768 1856 1838 loquuntur,
1889 1775 1992 1842 ipse

2105 1749 2253 1831 ἐπῶν
2278 1781 2641 1852 ἑρμηνεύσας.
2714 1749 2726 1764 δ
2974 1749 2986 1766 ι
3056 1749 3059 1750 ν
3156 1749 3166 1767 .
3306 1844 3309 1846 .

414 1862 633 1918 quoque
676 1866 787 1906 non
845 1853 1013 1908 alium
1067 1866 1264 1925 praeter
1303 1862 1569 1915 mundum
1621 1863 1788 1919 istum
1820 1868 1998 1924 oculis
2037 1887 2101 1928 ac
2136 1874 2391 1930 sensibus
2433 1876 2651 1931 obvium
2700 1880 3039 1935 carminibus
3079 1879 3195 1935 illis
3246 1895 3565 1951 expressum
3620 1895 3690 1935 ac

413 1940 790 2010 signiﬁcatum
829 1961 951 2001 esse
987 1948 1250 2007 declarat.

485 2033 563 2089 Ea
596 2051 760 2104 porro
789 2037 1175 2110 [Egyptiorum
1221 2043 1474 2100 doctrina
1520 2045 1644 2114 fuit,
1685 2065 1752 2103 ex
1790 2053 1996 2121 quibus

411 2136 475 2180 ut
499 2144 655 2182 suam
679 2128 930 2199 Orpbeus
959 2134 1287 2206 theologiam
1324 2138 1604 2207 hauserat,
1632 2142 1704 2196 ita
1731 2146 1996 2200 mundum

411 2215 603 2284 utique
637 2215 808 2271 Deum
859 2234 983 2275 esse
1008 2222 1200 2290 voluit,
1219 2240 1287 2280 ex
1315 2227 1566 2295 pluribus
1598 2230 1706 2286 diis
1735 2244 1993 2304 tanquam

411 2310 497 2364 sui
529 2312 777 2380 partibus
810 2315 957 2387 (nam
996 2317 1145 2387 ipsas
1167 2336 1388 2392 quoque
1421 2327 1609 2379 mundi
1640 2338 1823 2397 partes
1870 2331 1998 2386 deo-

408 2417 532 2459 rum
562 2404 616 2459 in
647 2422 880 2463 numero
901 2411 971 2465 ab
995 2412 1062 2468 iis
1091 2416 1364 2484 repositas
1393 2416 1566 2474 fuisse
1598 2431 1756 2476 antea
1776 2424 1996 2479 demon-

410 2495 731 2567 stravimus)
763 2501 1155 2569 constitutum;
1210 2506 1356 2574 quod
1388 2523 1559 2562 unum
1593 2510 1859 2578 profecto,
1913 2515 1997 2567 ni-

410 2585 600 2656 hilque
661 2599 921 2658 praeterea
989 2593 1197 2649 laudati
1251 2612 1284 2652 a
1333 2600 1497 2655 nobis
1550 2601 1751 2673 Orphei
1800 2621 1992 2663 versus

410 2692 752 2747 expressere.
803 2683 875 2737 At
908 2685 1050 2740 idem
1097 2686 1274 2756 ipsius
1308 2701 1617 2758 enarrator,
1656 2697 1827 2764 priori
1864 2699 1992 2755 huic

409 2768 846 2840 interpretationi
882 2776 1109 2832 alteram
1141 2795 1210 2834 ex
1255 2796 1357 2835 suo
1393 2799 1558 2840 sensu
1611 2779 1990 2857 depromptam

411 2862 1172 2947 subiiciens,procreatorem
1205 2871 1369 2943 hujus
1397 2877 1773 2934 universitatis
1792 2879 1988 2949 Deum,

410 2942 750 3012 eﬂ'ectrieem'
788 2969 1024 3015 mentem
1082 2960 1230 3016 illam
1283 2979 1406 3019 esse
1453 2970 1754 3033 contendit,
1783 2987 1889 3040 qua
1923 2973 1992 3028 de

407 3044 702 3116 theologus
751 3049 854 3103 iste
908 3050 1222 3117 disputarit.
1261 3052 1486 3121 Verum,
1539 3063 1816 3127 quomodo
1869 3072 1992 3117 tan-

408 3136 531 3189 dem
563 3137 833 3206 ejusmodi
869 3150 1128 3211 mentem,
1182 3146 1301 3201 suis
1350 3150 1607 3205 versibus
1658 3161 1843 3220 poeta,
1892 3170 1989 3210 seu

408 3225 679 3284 Thracius
727 3230 819 3285 ille
873 3231 1147 3302 Orpheus,
1207 3253 1303 3293 seu
1355 3241 1535 3310 quivis
1585 3242 1726 3298 alius
1781 3243 1987 3313 fuerit,

2169 2060 2479 2128 Αἰγυπτίων
2524 2060 2580 2115 δὲ
2617 2062 2645 2114 6
2698 2063 2874 2131 λόγος,
2911 2065 3042 2135 παρ’
3063 2057 3139 2118 ὧν
3179 2063 3273 2117 καὶ
3328 2063 3559 2135 Ὀρφεὺς
3584 2067 3695 2138 τὴν

2100 2149 2374 2219 θεολογίαν
2396 2152 2662 2217 ἐκλαϐὼν,
2693 2155 2786 2207 τὸν
2831 2156 3034 2226 κόσμον
3067 2152 3207 2210 εἶναι
3233 2155 3325 2210 τὸν
3368 2155 3502 2211 Θεὸν
3526 2156 3690 2226 ᾤετο,

2098 2242 2161 2294 ὲκ
2188 2241 2446 2295 πλειόνων
2474 2243 2611 2296 θεῶν
2641 2244 2751 2297 τῶν
2781 2245 2944 2298 αὐτοῦ
2982 2247 3167 2317 μερῶν
3200 2247 3315 2319 (ὅτι
3349 2247 3444 2301 καὶ
3481 2247 3549 2301 τὰ
3584 2248 3694 2320 μὲ-

2099 2349 2166 2403 ρη
2199 2332 2293 2385 τοῦ
2328 2334 2533 2405 κόσμου
2564 2335 2940 2404 θεολογῶν-τες
2970 2340 3029 2392 ἐν
3055 2341 3168 2401 τοῖς
3201 2338 3438 2411 πρόσθεν
3468 2340 3696 2395 ἀπεδεί-

2096 2423 2338 2495 χθησαν)
2369 2426 2698 2478 συνεστῶτα·
2734 2429 2828 2481 καὶ
2874 2428 3064 2482 τούτου
3104 2430 3266 2483 πλέον
3308 2430 3459 2486 οὐδὲν
3480 2430 3549 2485 τὰ
3578 2449 3692 2487 πα-

2100 2512 2390 2583 ρατεθέντα
2419 2514 2527 2566 τῶν
2557 2515 2704 2568 ἐπῶν
2734 2518 2955 2587 ῥήματα
2986 2519 3335 2591 διεσάφησεν.
3367 2521 3426 2574 Ὀ
3457 2519 3514 2574 δὲ
3545 2522 3690 2591 μετὰ

2092 2604 2192 2675 τὴν
2224 2604 2444 2676 πρώτην
2477 2607 2772 2676 ἑρμηνείαν
2825 2609 3085 2682 δευτέραν
3133 2611 3192 2678 ἐξ
3232 2609 3399 2666 αὑτοῦ
3458 2614 3690 2684 προστί-

2095 2694 2242 2765 θησι,
2282 2697 2372 2750 τὸν
2398 2698 2508 2751 τῶν
2556 2699 2694 2753 ὅλων
2760 2702 2991 2772 ποιητὴν
3019 2703 3174 2769 Θεὸν,
3227 2705 3320 2760 τὸν
3351 2707 3689 2779 δημιουργὸν

2093 2790 2216 2842 νοῦν
2246 2789 2432 2843 τοῦτον
2456 2791 2680 2860 φάσκων
2706 2788 2845 2846 εἶναι
2884 2793 2977 2847 τὸν
3019 2794 3304 2867 τεθεολογη
3316 2798 3495 2868 μένον.
3556 2800 3689 2862 Πῶς

2091 2880 2137 2933 δ’
2167 2879 2232 2934 ἂν
2262 2881 2423 2934 αὐτὸν
2482 2881 2671 2936 τοῦτον
2706 2883 2998 2955 ὲθεολόγει,
3045 2885 3104 2940 ὃν
3181 2888 3317 2960 μηδὲ
3354 2888 3451 2961 τὴν
3507 2890 3689 2962 ἀρχὴν

2093 2972 2233 3042 ἔγνω
2257 2976 2285 3028 6
2311 2973 2420 3029 τῶν
2448 2975 2595 3029 ἐπῶν
2630 2978 2898 3048 ποιητής;
2927 2979 3099 3034 εἴτε-ὁ
3124 2979 3272 3052 Θρᾲξ
3305 2980 3391 3052 εἴη
3428 2982 3688 3054 Ὀρφεὺς,

2091 3065 2247 3130 εἴτις
2269 3066 2447 3129 ἄλλος’
2478 3070 2526 3121 εἰ
2555 3067 2620 3139 δὴ
2651 3068 2781 3139 παρ’
2812 3070 3149 3139 Διγυπτίων,
3204 3073 3239 3145 ἢ
3280 3073 3374 3128 καὶ
3398 3073 3505 3128 τῶν
3532 3074 3697 3143 πρὼ-

2089 3173 2199 3212 των
2243 3158 2508 3230 Ἑλλήνων
2529 3160 2733 3230 ἥκοντα
2769 3157 2837 3232 ἦν
2865 3163 2944 3227 εἰς
2961 3163 3126 3218 αὐτὸν
3150 3163 3222 3218 τὰ
3244 3165 3345 3237 τῆς
3377 3164 3693 3235 θεολογίας·

2089 3250 2140 3302 οἱ
2159 3249 2217 3302 δέ
2251 3266 2314 3318 γε
2339 3251 2737 3322 ἀπεδείχθησαν
2764 3254 2918 3308 οὐδὲν
2945 3257 3135 3326 νοητὸν
3158 3258 3531 3330 ἐπιστάμενοι,
3570 3259 3699 3313 οὐδ’

407 3316 583 3374 Deum
613 3320 927 3388 cecinisset,
958 3324 1026 3380 de
1049 3343 1157 3396 qua
1187 3330 1324 3384 nihil
1368 3347 1611 3402 unquam
1664 3334 1782 3404 ipse
1810 3351 1880 3392 ne
1907 3336 1989 3393 le-

2103 3342 2152 3394 ὲν
2179 3316 2379 3411 ἀφανεῖ
2419 3316 2836 3417 καί-ἀσωμάτῳ
2863 3316 3040 3419 οὐσίᾳ.
3070 3316 3475 3422 περιεχόμενον,
3505 3316 3560 3405 ἐι
3600 3369 3698 3424 τῳ

405 3410 635 3466 vissime
678 3412 899 3482 quidem
946 3417 1380 3489 tenuissimeque
1426 3426 1803 3493 cognoverat?
1846 3442 1989 3497 pra:-

408 3504 598 3559 sertim
633 3505 682 3561 si
722 3506 991 3577 quidquid
1033 3511 1224 3567 habuit
1256 3514 1565 3587 theologiae,
1619 3526 1792 3574 totum
1842 3520 1896 3574 id
1934 3521 1989 3575 in

408 3595 588 3664 ipsum
621 3606 740 3653 erat
769 3601 850 3655 vel
884 3604 954 3659 ab
996 3601 1290 3676 Egyptiis,
1340 3609 1424 3663 vel
1467 3609 1536 3663 ab
1583 3610 1990 3680 antiquioribus

409 3686 614 3744 Graecis
663 3690 991 3761 derivatum,
1023 3712 1159 3766 quos
1184 3699 1403 3768 quidem
1431 3702 1774 3757 ostendimus
1807 3711 1989 3770 antea,

407 3779 549 3833 nihil
594 3783 821 3839 omnino
851 3787 1134 3856 spiritalis,
1190 3790 1327 3844 nihil
1381 3791 1528 3862 quod
1576 3803 1858 3863 aspectum
1905 3794 1994 3850 l'u-

410 3869 590 3939 giente
617 3881 673 3928 et
697 3878 948 3946 corporis
1000 3891 1224 3951 experte
1271 3893 1469 3938 natura
1512 3894 1791 3940 constaret
1822 3902 1994 3957 agno-

412 3960 600 4029 visse;
637 3965 684 4019 si
713 3967 803 4020 cui
831 3976 1012 4025 tamen
1045 3971 1150 4026 hoc
1176 3973 1230 4026 in
1261 3989 1457 4043 genere
1477 3975 1583 4030 lide
1614 3976 1812 4046 dignus
1836 3976 1993 4034 Plato

408 4050 681 4122 videatur,
712 4058 806 4127 qui
845 4060 1095 4118 homines
1122 4064 1267 4132 illos,
1298 4067 1391 4136 qui
1421 4066 1688 4124 Graeciam
1712 4071 1875 4140 primi
1909 4080 1992 4126 te-

410 4157 602 4211 nuere,
625 4161 721 4202 eos
750 4158 984 4219 tantum,
1009 4170 1149 4224 quos
1173 4157 1532 4214 barbarorum
1555 4162 1851 4217 etiamnum
1876 4163 1987 4233 ple-

410 4232 570 4301 rique
627 4236 926 4307 celebrant,
986 4244 1180 4312 solem,
1219 4247 1428 4312 lunam,
1497 4260 1720 4318 terram,
1778 4253 1979 4319 sidera,

411 4324 634 4390 coelum,
675 4329 809 4386 deos
836 4337 1137 4404 censuisse,
1174 4338 1229 4392 in
1254 4337 1472 4409 Cratylo
1501 4344 1809 4403 confitetur.
1842 4342 1985 4409 Quin

2097 3433 2280 3497 ἱκανὸς
2312 3433 2687 3490 πιστώσασθαι
2718 3438 2748 3491 6
2797 3436 3045 3505 Πλάτων,
3104 3442 3384 3512 ὁμολογῶν
3418 3444 3476 3497 ὲν
3524 3447 3695 3512 Kpa-

2097 3523 2257 3591 τύλῳ
2281 3523 2408 3589 τοὺς
2441 3524 2691 3597 πρώτους
2723 3527 2831 3580 τῶν
2886 3526 3191 3598 ἀνθρώπων
3223 3532 3354 3603 περὶ
3392 3533 3491 3604 τὴν
3558 3533 3697 3587 Ἑλ-

2097 3612 2230 3668 λάδα
2253 3615 2477 3680 τούτους
2511 3618 2704 3689 μόνους
2729 3617 2886 3682 θεοὺς
2910 3620 3184 3691 ἡγεῖσθαι,
3204 3622 3411 3695 οὕσπερ
3441 3622 3536 3677 νῦν
3559 3623 3705 3677 πολ-

2097 3705 2180 3760 λοὶ
2208 3706 2317 3762 τῶν
2342 3707 2650 3781 βαρϐάρων,
2685 3709 2837 3780 ἥλιον
2870 3713 2966 3764 καὶ
2994 3711 3246 3783 σελήνην,
3301 3713 3396 3767 καὶ
3427 3713 3552 3783 γῆν,
3585 3715 3701 3771 καὶ

2091 3799 2288 3871 ἄστρα,
2318 3800 2413 3853 καὶ
2441 3801 2689 3872 οὐρανόν.
2726 3803 2838 3856 Καὶ
2865 3806 2894 3857 6
2948 3805 3252 3876 Χαιρήμων
3283 3804 3341 3858 δὲ
3371 3806 3553 3878 μικρῷ
3579 3807 3699 3879 ἐμ-

2091 3889 2325 3962 προσθεν
2353 3892 2677 3963 ἐμαρτύρει,
2732 3894 2842 3947 οὐδ’
2865 3894 2994 3951 ἄλλο
3041 3912 3094 3948 τι
3149 3895 3256 3969 πρὸ
3283 3895 3377 3949 τοῦ
3400 3896 3697 3967 ὁρωμένου

2090 3980 2294 4050 κόσμου
2328 3981 2456 4044 τοὺς
2480 3982 2812 4049 Αἰγυπτίους
2843 3981 3116 4053 ἡγεῖσθαι,
3148 3983 3255 4036 οὐδ’
3277 3983 3471 4047 ἄλλους
3502 3983 3696 4050 θεοὺς,

2090 4072 2231 4142 πλὴν
2294 4071 2404 4125 τῶν
2463 4073 2751 4144 πλανητῶν
2813 4075 2907 4128 καὶ⁹
2980 4074 3089 4128 τῶν
3144 4074 3347 4129 λοιπῶν
3408 4075 3692 4146 ἀστέρων

2091 4162 2270 4215 πάντα
2319 4179 2380 4216 τε
2430 4164 2511 4227 εἰς
2561 4163 2631 4216 τὰ
2681 4163 2936 4236 ὁρώμενα
2976 4165 3072 4221 τοῦ
3122 4165 3330 4236 κόσμου
3360 4164 3536 4237 μέρη,
3583 4168 3698 4221 καὶ

2089 4253 2241 4307 οὐδὲν
2291 4255 2371 4318 είς
2403 4254 2728 4326 ἀσωμάτους
2793 4258 2890 4310 καλ¹
2937 4259 3118 4324 ζώσας
3173 4256 3362 4321 οὐσίας
3411 4257 3698 4329 ἑρμηνεύ-

2091 4361 2181 4396 οντ
2184 4361 2249 4406 ας
2255 4385 2269 4398 .

409 4416 572 4472 etiam
624 4424 789 4491 paulo
840 4436 964 4482 ante
1008 4428 1290 4485 Chreremo
1336 4434 1658 4499 testabatur,
1708 4450 1776 4487 ne
1828 4435 1978 4504 ipsos
2018 4433 2237 4503 quidem
2274 4434 2558 4506 Egyptios
2616 4443 2712 4490 aut
2750 4435 2896 4490 aliud
2922 4435 3221 4506 quidquam
3275 4438 3379 4493 hoc
3425 4448 3692 4507 aspecta-

409 4506 508 4562 bili
537 4513 743 4568 mundo
775 4516 926 4584 prius
958 4526 1013 4572 et
1040 4520 1319 4590 antiquius
1364 4524 1642 4588 habuisse,
1698 4534 1794 4579 aut
1842 4526 1979 4579 alios
2042 4540 2164 4580 esse
2204 4533 2399 4594 praeter
2437 4525 2683 4595 planetas
2724 4541 2789 4581 ac
2856 4527 3068 4597 reliqua
3114 4528 3295 4583 sidera
3337 4528 3469 4586 deos
3519 4541 3698 4601 puta-

409 4600 593 4669 visse;
645 4603 889 4675 adeoque
946 4607 1094 4677 ipsos
1154 4614 1338 4668 omnia
1395 4631 1618 4684 prorsus
1669 4617 1735 4671 ad
1794 4617 1960 4681 hunc,
2001 4633 2161 4688 quem
2216 4618 2513 4685 cernimus,
2574 4620 2862 4684 mundum,
2896 4620 3032 4675 nihil
3092 4621 3160 4675 ad
3196 4621 3557 4693 incorporeas
3597 4627 3699 4683 vi-

414 4706 713 4769 ventesque
762 4709 987 4758 naturas
1048 4702 1589 4774 interpretationibus
1658 4710 1775 4766 suis
1836 4726 2144 4766 revocasse.

1029 4796 1257 4852 CAPUT
1296 4797 1364 4853 X.

418 4882 635 4940 Coacta:
663 4901 727 4938 ac
752 4885 993 4942 violentae
1024 4889 1250 5031 ἔξιθι-εἵη
1275 4893 1508 4973 omnium
1538 4896 1986 4950 accommodatio-

1012 4976 1096 5015 »ιιι
1121 4977 1175 5014 re
1203 4970 1395 5019 utatzo.

1012 4970 1096 5015 nu
1121 4970 1395 5019 refutatio.

488 5044 584 5103 Ille
616 5048 784 5118 igitur
817 5060 998 5121 poeta,
1031 5053 1124 5122 qui
1150 5061 1299 5109 totus
1327 5070 1394 5110 ex
1429 5054 1673 5113 fontibus
1700 5058 1851 5114 hisce
1871 5074 1991 5129 pro-

415 5139 592 5205 ﬂuxit,
622 5142 769 5198 unde
804 5146 1042 5208 tandem,
1093 5155 1189 5202 aut
1214 5150 1509 5218 quomodo,
1534 5166 1713 5220 quove
1759 5153 1987 5209 doctore

416 5244 579 5303 atque
606 5236 848 5305 auspice,
888 5236 1057 5292 Deum
1090 5239 1241 5294 illum
1278 5241 1465 5296 mundi
1495 5242 1631 5298 lines
1682 5259 1747 5298 ac
1798 5246 1989 5300 termi-

418 5341 520 5382 nos
553 5344 744 5385 omnes
774 5341 1147 5401 superantem.
1206 5335 1569 5406 eumdemque
1616 5339 1767 5405 solis,
1818 5340 1984 5409 lunae,

418 5416 682 5484 siderum,
716 5420 999 5491 ipsiusque
1027 5424 1151 5478 coeli
1187 5434 1241 5479 ct
1263 5425 1413 5479 orbis
1459 5426 1699 5482 universi
1731 5429 1975 5484 condito-

418 5522 533 5561 rem
563 5510 679 5565 suis
709 5511 763 5565 in
792 5515 1038 5569 versibus
1074 5516 1384 5584 posuisset?
1420 5517 1580 5590 104
1614 5519 1766 5575 Unde
1803 5530 1986 5577 autem

420 5600 751 5672 incorporea:
782 5615 990 5663 natura:
1041 5611 1403 5681 cegnitionem
1456 5613 1769 5668 hausisset?
1799 5613 1986 5669 Enim-

417 5705 547 5747 vero
582 5693 715 5748 nihil
749 5711 974 5766 prorsus
1008 5698 1236 5756 istorum
1287 5702 1531 5757 omnium
1590 5703 1693 5774 ipsi
1744 5721 1986 5776 unquam

2013 4807 2060 4862 D

2653 4804 3053 4859 ΚΕΦΛΛΑΙΟΝ
3078 4806 3135 4858 I'.

2089 4894 2383 4965 Ἔλεγχος
2415 4897 2513 4950 καὶ
2542 4896 2850 4966 ἀνατροπὴ
2897 4895 3010 4964 τῆς
3043 4897 3142 4952 καὶ
3170 4896 3397 4952 τούτων
3461 4894 3684 4959 ,βεϐια-

2521 4966 2753 5036 σμένης
2774 4967 3145 5035 ἀποδόσεως.

2166 5058 2224 5113 Ὁ
2242 5057 2304 5130 δὴ
2334 5053 2427 5112 οὖν
2454 5059 2519 5111 ὲκ
2550 5060 2755 5112 τούτων
2781 5060 3106 5131 ὁρμώμενος
3140 5060 3393 5133 ποιητὴς,
3421 5059 3611 5125 πόθεν,
3652 5066 3692 5137 ἢ

2087 5146 2287 5219 πῶς,ἣ
2341 5148 2493 5217 παρὰ
2533 5148 2675 5213 τίνος
2709 5148 2890 5202 λαϐὼν
2924 5149 2981 5202 ἐν
3043 5152 3158 5214 τοῖς
3217 5149 3377 5203 ἔπεσι
3423 5151 3512 5204 τὸν
3548 5154 3695 5208 ἐπέ-

2092 5258 2246 5295 κεινα
2273 5241 2367 5293 τοῦ
2396 5241 2600 5311 κόσμου
2633 5240 2785 5304 Θεὸν,
2817 5241 2909 5293 καὶ
2959 5240 3051 5294 τὸν
3092 5241 3271 5312 ἡλίου,
3298 5243 3391 5296 καὶ
3425 5243 3692 5316 σελήνης,

2094 5335 2188 5388 καὶ
2213 5334 2447 5404 ἄστρων,
2476 5332 2638 5387 αὐτοῦ
2689 5350 2749 5385 τε
2796 5331 3027 5405 οὐρανοῦ
3057 5334 3152 5387 καὶ
3210 5333 3305 5387 τοῦ
3362 5333 3696 5405 σύμπαντος

2094 5429 2300 5499 κόσμου
2327 5425 2657 5497 δημιουργὸν
2705 5425 2840 5497 [γρ.
2909 5425 3328 5498 κατεϐάλλετο.]
3386 5427 3697 5484 κατελάϐε-

2095 5535 2191 5583 το;
2230 5517 2547 5588 Ἀσωμάτου
2603 5516 2719 5588 δὲὴ
2757 5515 2959 5584 γνῶσις
2993 5514 3143 5585 αὑτῷ
3195 5514 3387 5580 πόθεν;
3441 5516 3587 5571 Ἀλλ’
3622 5523 3694 5574 οὐ

2096 5610 2300 5663 τούτων
2329 5626 2392 5679 γε
2416 5609 2567 5663 οὐδὲν
2591 5607 2745 5673 εἰδὼς
2775 5608 3052 5678 τυγχάνει’
3086 5608 3115 5659 6
3145 5607 3253 5678 γάρ
3302 5625 3384 5661 τοι
3406 5607 3514 5661 τῶν
3543 5609 3695 5667 ὅλων

2096 5701 2485 5775 δημιουργικὸς
2506 5700 2627 5766 νοῦς
2651 5699 2760 5755 οὔτ’
2792 5702 2856 5753 ἐκ
2907 5700 3166 5754 πλειόνων
3203 5698 3384 5773 μερῶν
3420 5702 3699 5776 συνέστη-
