3858 6224
149 309 246 366 189

1320 310 1638 367 ΡΒίΕΡᾹΒ.
1681 311 1933 369 EVANG.
1978 312 2108 370 LIB.
2146 312 2235 370 111.

3302 313 3406 370 190

144 444 259 485 κεν,
288 425 405 478 οὔτ’
441 426 507 479 ἂν
538 425 753 494 γένοιτο
778 424 943 483 αὐτοῦ
969 426 1174 497 κεφαλὴ
1205 427 1450 499 οὐρανὸς,
1478 428 1541 481 οὐ
1573 428 1725 499 σῶμα

1836 431 1889 484 in
1912 441 2148 486 mentem
2185 430 2352 486 venit.
2382 426 2573 500 Neque
2621 442 2765 484 enim
2822 426 3064 483 eﬂ'ectrix
3109 427 3199 483 ilia
3248 443 3408 484 mens

144 518 392 588 πῦρ,κα“ι
442 517 608 589 ὕδωρ,
657 520 753 571 καὶ
802 521 952 586 γαῖα·
977 519 1092 573 ἀλλ’
1123 521 1246 573 οὐδὲ
1290 520 1515 590 ὄμματα
1558 520 1725 574 αὐτοῦ

140 612 293 681 ἥλιος
322 611 418 663 καὶ
458 611 681 683 σελήνη.
720 612 844 675 Πῶς
898 613 944 666 δ’
966 612 1032 665 ἂν
1061 608 1169 665 εἷεν
1200 607 1340 683 ὦμοι
1365 614 1461 667 καὶ
1505 615 1724 685 στέρνα,

141 705 233 757 καὶ
264 703 440 766 νῶτα,
470 705 567 758 καὶ
592 705 759 774 νηδὺς
805 706 898 759 τοῦ
937 706 1043 759 τῶν
1060 707 1197 760 ὅλων
1231 706 1566 779 δημιουργοῦ
1590 708 1726 762 Θεοῦ

138 798 247 868 ἀὴρ
271 796 558 867 εὐρυϐίης.
591 798 686 850 καὶ
706 798 798 867 γῆν
826 797 923 851 καὶ
952 798 1121 869 ὀρέων
1153 799 1374 852 αἰπεινά
1395 799 1646 870 κάρηνα;
1690 799 1724 870 ἢ

138 888 300 951 πῶςό
323 888 497 959 αἰθὴρ
551 888 676 952 νοῦς
716 892 834 941 ποτ’
866 891 933 943 ἂν
969 892 1277 962 ἐπινοηθείη
1316 890 1409 944 τοῦ
1443 892 1553 944 τῶν
1590 892 1728 946 ὅλων

137 980 384 1050 ποιητοῦ,
416 981 452 1052 ἢ
480 980 579 1033 τοῦ
603 980 696 1033 νοῦ
727 981 820 1035 τοῦ
868 982 1297 1053 δημιουργικοῦς
1326 984 1446 1037 Ὅτι
1484 986 1581 1055 μὲν
1633 979 1727 1039 οῦν

132 1072 301 1124 ταῦτα
338 1072 664 1141 σεσόφισται
714 1072 793 1143 τῷ
838 1073 947 1126 τῶν
979 1074 1127 1127 ὲπῶν
1159 1078 1408 1146 ἑρμηνεῖ,
1443 1076 1594 1129 οὐδὲν
1618 1079 1732 1129 ἐπι·

132 1161 305 1229 λέγειν
332 1166 468 1235 χρή.
507 1166 727 1232 Ἔγωγε
766 1165 872 1234 μὴν
904 1165 973 1218 τά
1001 1166 1201 1236 ἔσχατα
1226 1166 1444 1220 ἀσεϐεῖν
1473 1186 1615 1238 φημι
1639 1168 1730 1220 τὸν

131 1255 415 1323 φάσκοντα
449 1256 595 1326 μέρη
625 1252 769 1309 εἶναι
806 1256 943 1310 Θεοῦ
968 1259 1037 1311 τὰ
1072 1259 1213 1330 μέρη
1242 1259 1334 1312 τοῦ
1368 1261 1598 1330 κόσμου⁹
1633 1261 1728 1314 καὶ¹

131 1345 205 1397 ἔτι
228 1347 443 1416 μᾶλλον
500 1348 598 1400 τὸν
655 1349 1072 1419 ἀποφηνάμενον
1112 1350 1203 1403 τὸν
1248 1351 1409 1404 αὑτὸν
1461 1346 1601 1403 εἶναι
1650 1350 1728 1421 τῷ

131 1439 315 1510 κόσμῳ
347 1441 451 1493 τὸν
472 1440 635 1493 Θεόνο
671 1442 765 1495 καὶ
821 1443 918 1494 ἐπὶ
947 1442 1155 1507 τούτοις
1184 1444 1276 1497 τὸν
1303 1443 1606 1515 ἡγούμενον
1634 1444 1727 1497 τοῦ

130 1531 329 1600 κόσμου
357 1530 493 1584 νοῦν
525 1529 670 1584 εἶναι
692 1531 801 1585 τῶν
823 1532 960 1586 ὅλων
982 1535 1326 1606 δημιουργόν.
1364 1536 1599 1607 Ποιητὴν
1629 1536 1730 1605 μὲν

128 1620 230 1692 γάρ
252 1622 429 1675 αὑτὸν
467 1623 570 1676 καὶ
596 1624 819 1694 σωτῆρα
860 1623 957 1677 τοῦ
1007 1625 1235 1698 κόσμου,
1270 1627 1453 1697 ἓτερον
1473 1627 1601 1681 ὄντα
1632 1627 1727 1681 τοῦ

126 1713 536 1783 πεποιημένου,
586 1714 810 1780 εὐσεϐὲς
847 1717 1188 1787 ἀποφαίνειν·
1250 1718 1375 1771 νοῦν
1398 1718 1457 1771 δὲ
1483 1717 1579 1772 τοῦ
1604 1719 1731 1772 κόσ-

130 1824 248 1875 μου,
284 1806 490 1878 ὥσπερ
523 1808 674 1871 τινὸς
700 1809 841 1873 (dion
875 1785 1074 1880 ψυχὴν,
1105 1810 1383 1881 ἡνωμένον
1407 1811 1604 1875 διόλου,
1636 1813 1730 1865 καὶ
1759 1785 1804 1840 Β

126 1895 185 1947 τὸ
209 1898 323 1948 πᾶν
357 1897 772 1968 ἠμφιεσμένον,
828 1899 929 1951 οὐκ
988 1898 1063 1951 ἔθ’
1091 1900 1238 1953 ὅσιον
1279 1900 1344 1954 ἂν
1400 1901 1486 1971 εἴη
1524 1900 1729 1969 λέγειν.

128 1986 316 2040 Καίτοι
369 1992 644 2060 παρεῖναι
677 1990 842 2042 αὑτὸν
873 1988 952 2060 τῷ
1010 1992 1194 2055 παντὶ,
1221 1991 1315 2045 καί
1350 1994 1598 2062 προνοεῖν
1635 1992 1730 2045 τοῦ

128 2075 354 2146 ιόσμου,
388 2077 667 2130 παιδεῦεῖ
704 2079 774 2131 τὰ
821 2078 944 2131 καθ’
964 2080 1111 2149 ἡμᾶς
1166 2080 1284 2152 ἰερά
1328 2080 1505 2148 λόγια,
1551 2079 1733 2132 θεολο-

126 2166 324 2235 γοῦντα
348 2168 725 2235 ὲπαξίωςκαὶ
757 2170 1096 2241 θεοπρεπιῖις.
1130 2172 1210 2224 Δι’
1236 2166 1314 2225 ὧν
1348 2188 1532 2241 φησιν’
1563 2173 1732 2242 «οὺχί

125 2260 212 2310 τὸν
233 2260 477 2331 οὐρανὸν
501 2261 602 2314 καὶ
627 2260 863 2332 τὴφγῆν
888 2261 997 2330 ἐγὼ
1025 2261 1214 2334 πληρῶ
1239 2279 1255 2327 ;
1281 2263 1433 2331 λέγει
1463 2264 1689 2334 Κύριος·
1706 2280 1725 2313 ι

126 2350 236 2403 Καὶ
273 2350 466 2403 πάλιν·
511 2369 532 2402 ι
564 2352 691 2404 Ὀτι
720 2353 749 2403 ὁ
775 2350 909 2415 Θεὸς
932 2355 987 2405 ἐν
1010 2353 1088 2424 τῷ
1108 2353 1323 2425 οὐρανῷ
1344 2355 1476 2420 ἀνω,
1517 2356 1613 2408 καὶ
1641 2355 1734 2408 ἐπὶ

121 2442 218 2510 τῆς
233 2440 343 2511 γῆς
379 2442 601 2495 auitam
640 2443 740 2495 καὶ
794 2443 976 2497 πάλιν
1018 2462 1037 2496 t
1084 2445 1172 2497 Ἐν
1206 2445 1357 2515 αὑτῷ
1398 2446 1509 2517 γὰρ
1536 2448 1631 2501 καὶ
1656 2466 1734 2502 κι-

125 2532 386 2603 νούμεθα,
418 2537 524 2588 καὶ
553 2534 763 2606 ζῶμεν,
786 2538 880 2590 καὶ
901 2538 1121 2607 ὲσμέν·ι
1166 2537 1282 2591 ἀλλ’
1309 2540 1408 2609 οὐχ
1445 2539 1522 2603 ὡς
1550 2541 1609 2593 ὲν
1642 2540 1736 2611 μέ-

126 2640 211 2694 ρει
238 2640 335 2677 του
360 2624 608 2696 κόσμου,
635 2626 746 2679 οὐδ’
774 2626 852 2689 ὡς
877 2628 938 2679 ὲν
960 2627 1105 2699 ψυχῇ
1130 2629 1296 2683 αὐτοῦ
1330 2631 1424 2684 καὶ
1454 2630 1553 2684 νοῒ.
1592 2632 1735 2686 Ἀλλ’

116 2718 169 2769 εί
194 2716 302 2788 χρὴ
328 2717 756 2789 παραδείγματι
797 2719 1102 2791 χρήσασθαι
1139 2720 1607 2794 θεοπρεπέστερον
1637 2726 1733 2779 καὶ

118 2807 520 2882 ἀληθέστερον,
552 2811 773 2875 οἰκείως
793 2813 823 2863 ὁ
852 2813 996 2884 ἰερός
1034 2830 1137 2867 που
1172 2814 1330 2883 λόγος
1360 2815 1728 2889 ἐξεφώνησενο

124 2920 147 2952 ι
185 2899 250 2954 Ὅ
283 2902 529 2973 οὐρανός
558 2920 652 2973 μοι
686 2903 929 2975 θρόνος,ι
967 2905 1160 2971 εἰπὼν,
1213 2926 1232 2958 t
1265 2908 1299 2978 ἡ
1326 2908 1384 2961 δὲ
1417 2908 1490 2978 γῆ
1524 2909 1734 2962 ὑποπό-

118 2991 241 3045 δ.ον
265 2994 376 3046 τῶν
408 2995 595 3048 ποδῶν
630 3013 785 3066 μου..
822 2997 887 3049 Εἰ
933 2996 1041 3069 γὰρ
1096 2998 1236 3069 χρῆν
1278 2998 1417 3063 ὅλως
1448 3018 1736 3071 προσωπο-

121 3087 825 3187 ἷωιείνάνθρωπινωτέρῳ
858 3089 1025 3160 λόγῳ,
1076 3090 1175 3146 θέα
1227 3090 1289 3145 τὸ
1334 3092 1588 3165 διάφορον
1631 3094 1803 3187 τῆςο

124 3175 432 3245 θεολογίας.
468 3178 531 3231 '0
584 3179 687 3246 μὲν
735 3180 847 3250 γὰρ
889 3184 984 3233 τὸν
1020 3181 1252 3252 οὐρανὸν
1303 3181 1473 3236 εἰπὼν
1513 3182 1728 3254 θρόνον,

126 3269 392 3325 tritanu
421 3269 525 3324 τοῦ
550 3270 742 3343 θρόνου
776 3273 871 3324 καὶ
886 3274 1147 3327 ἀνωτάτω
1164 3274 1273 3327 τῶν
1296 3274 1434 3328 ὅλων
1466 3275 1557 3329 τὸν
1578 3292 1730 3348 παμ-

129 3361 357 3418 εασιλέα
390 3363 536 3416 Θεὸν
569 3364 906 3435 ἀφωρίσατο,
931 3366 1056 3420 οὐδὲ
1100 3365 1200 3438 τὴν
1224 3367 1325 3437 γῆν
1350 3367 1451 3437 τῆς
1472 3368 1731 3440 προνοίας

133 3457 294 3512 αὐτοῦ
318 3459 596 3530 χωρίσας·
619 3460 968 3527 συγκατιέναι
998 3459 1107 3531 γὰρ
1138 3461 1235 3514 καὶ
1265 3462 1357 3515 ἐπὶ
1378 3462 1447 3516 τὰ
1475 3463 1601 3533 τῇδε
1628 3463 1729 3533 τῆς

133 3549 383 3623 θεότητος
411 3552 518 3615 τὰς
544 3552 909 3623 προνοητικῇ
952 3553 1119 3607 αὑτοῦ
1152 3554 1414 3625 δυνάμεις
1465 3555 1724 3609 διδάσκειο

132 3643 207 3696 διό
256 3661 431 3714 φησιν
454 3660 469 3673 ’
547 3643 613 3695 Ἦ
666 3643 724 3697 δὲ
766 3645 837 3717 γῆ
893 3646 1181 3700 ὑποπόδιον
1223 3645 1333 3699 τῶν
1380 3646 1557 3702 ποδῶν
1602 3647 1727 3717 μοῦ.

142 3732 276 3788 Ἀλλ’
304 3734 444 3788 οὔτε
468 3734 538 3788 τὸ
562 3734 872 3801 ὑποπόδιον,
897 3736 1020 3790 οὔτε
1044 3738 1152 3809 μὴν
1182 3740 1210 3790 ὁ
1236 3737 1424 3809 θρόνος
1457 3737 1616 3808 σῶμα
1633 3736 1729 3790 τοῦ

134 3827 554 3899 καθιδρυμένου,
588 3827 713 3880 οὐδέ
744 3844 806 3896 γε
841 3828 981 3899 μέρη
1005 3831 1124 3883 ποτ’
1162 3829 1230 3883 ἂν
1273 3828 1438 3883 αὐτοῦ
1489 3829 1726 3901 λεχθείη.

144 3917 199 3971 ’0
225 3919 302 3981 δὲ.
326 3918 584 3988 κεφαλὴν
605 3916 702 3971 τοῦ
727 3918 862 3972 Θεοῦ
881 3920 973 3973 τὸν
997 3920 1225 3991 οὐρανὸν
1253 3922 1347 3975 καὶ
1371 3921 1441 3974 τὰ
1468 3923 1527 3975 ἐν
1554 3922 1732 3993 τούτῳ

134 4009 346 4079 φήσας,
404 4009 506 4062 καὶ
538 4008 667 4061 νοῦν
701 4009 870 4063 αὐτοῦ
895 4010 990 4064 τὸν
1017 4012 1233 4083 αἰθέρα,
1282 4013 1415 4084 μέλη
1461 4029 1519 4066 τε
1561 4011 1728 4066 αὑτοῦ

136 4099 224 4151 καὶ
249 4099 420 4171 σῶμα
455 4099 533 4152 τὰ
557 4099 723 4154 λοιπά
753 4101 848 4155 τοῦ
884 4103 1089 4173 κόσμου
1121 4104 1285 4176 μέρη,
1316 4103 1440 4157 οὔτε
1467 4105 1729 4176 δημιουρ-

137 4189 247 4256 τὸν,
276 4189 409 4244 οὗτε
435 4190 576 4243 Θεὸν
600 4190 883 4245 ἁλίσκεται
935 4192 1109 4257 εἰδώς.
1160 4195 1234 4248 Οὐ
1292 4194 1403 4266 γάρ
1457 4195 1523 4249 ἂν
1567 4196 1730 4259 αὐτὸς

140 4281 321 4336 ἑαυτὸν
348 4283 419 4354 δη
428 4284 747 4355 μιουργοίη,
773 4285 883 4338 οὐδ’
907 4285 971 4340 ἂν
992 4286 1070 4340 ἔτι
1085 4287 1210 4351 νοῦς
1224 4287 1478 4357 λέγεσθαι
1493 4287 1728 4356 δύναιτο,

140 4361 195 4421 ὦ
216 4368 340 4432 νοῦς
360 4365 439 4441 ἦν
455 4368 487 4421 ὁ
510 4369 698 4441 αἰθήρ.
726 4373 886 4436 Ποῖος
907 4372 963 4425 δὲ
996 4375 1090 4427 καὶ
1121 4375 1207 4445 εἴη
1233 4378 1262 4429 ὁ
1289 4376 1442 4441 Θεὸς,
1467 4370 1530 4431 οῦ
1562 4378 1725 4449 μέρη,

1833 524 2086 595 pluribus
2109 539 2175 577 ex
2200 524 2449 593 partibus
2481 529 2860 592 coagmentata
2887 527 2991 586 est,
3024 535 3126 575 nec
3159 520 3281 590 ejus
3315 529 3412 576 aut

1830 622 1996 684 caput
2023 614 2222 669 caelum
2250 629 2372 668 esse
2402 622 2599 683 potest,
2622 621 2715 666 aut
2734 626 2933 681 corpus
2970 627 3035 665 ex
3070 613 3212 681 igne,
3241 626 3407 680 aqua,

1831 714 2088 776 terraque
2135 715 2414 772 constare,
2472 714 2568 760 aut
2605 705 2751 759 oculi
2783 705 2865 759 sol
2899 720 2964 759 ac
2997 705 3123 758 luna
3175 704 3408 759 censeri.

1832 796 1969 853 Nam
2011 799 2133 867 ejus
2171 799 2391 868 quidem
2442 797 2711 864 numinis,
2776 812 2808 851 a
2860 812 2970 866 quo
3001 796 3255 851 universa
3286 812 3412 867 pro-

1832 899 2111 956 creantur,
2143 891 2426 955 humeros,
2477 899 2689 960 pectus,
2720 890 2944 945 dorsum
2981 900 3144 959 atque
3171 901 3408 956 uterum,

1832 984 2110 1053 quomodo
2143 983 2361 1037 tandem
2385 998 2477 1037 aer
2504 983 2664 1053 longe
2689 983 2905 1051 lateque
2936 981 3189 1046 diﬂ‘usus,
3218 990 3271 1035 et
3303 992 3413 1035 ter-

1832 1091 1915 1141 ra,
1967 1084 2023 1130 et
2076 1075 2345 1129 montium
2390 1090 2606 1130 summa
2661 1076 2946 1129 cacumina
2999 1072 3272 1127 elﬁciant?
3319 1081 3414 1127 aut

1832 1167 1961 1236 quis
1984 1167 2251 1237 intelligat
2280 1166 2482 1221 azthera
2520 1167 2608 1220 vel
2638 1182 2821 1221 rerum
2872 1168 3118 1220 omnium
3164 1165 3415 1220 condito-

1833 1260 1933 1325 ris,
1971 1260 2055 1314 vel
2092 1260 2294 1315 mentis
2320 1259 2611 1315 eﬂ'ectricis
2646 1269 2883 1314 mentem
2907 1259 3070 1314 esse?
3097 1259 3277 1327 Atque
3298 1258 3414 1312 haec

1834 1350 2072 1421 argutuli
2122 1365 2383 1405 versuum
2450 1349 2680 1404 istorum
2741 1348 3055 1417 interpretis
3103 1354 3413 1402 commenta

1833 1430 1976 1507 esse,
2006 1441 2259 1510 pluribus
2281 1441 2571 1496 ostendere
2606 1440 2741 1494 nihil
2772 1442 2984 1495 attinet.
3016 1438 3135 1494 Jam
3161 1456 3289 1494 vero
3319 1439 3413 1509 qui

1832 1532 2023 1587 mundi
2047 1542 2230 1601 partes
2262 1531 2356 1587 Dei
2387 1532 2630 1588 membra
2665 1547 2789 1587 esse
2816 1531 2983 1596 dicat,
3008 1547 3131 1585 eum
3158 1531 3414 1601 projectzu

1834 1638 1899 1678 ac
1934 1623 2235 1695 proﬂigata:
2264 1624 2562 1692 impietatis
2582 1639 2739 1678 reum
2771 1640 2893 1679 esse
2924 1624 3245 1693 pronuntio,
3269 1623 3413 1676 mul-

1834 1721 2002 1783 toque
2030 1715 2226 1783 magis,
2255 1714 2346 1783 qui
2375 1712 2545 1767 Deum
2572 1720 2737 1782 atque
2759 1714 3023 1767 mundum
3045 1729 3157 1767 rem
3178 1728 3341 1766 unam
3360 1720 3415 1766 et

1831 1804 2077 1858 eamdem
2095 1812 2393 1866 asseveret,
2408 1804 2614 1873 quique
2631 1802 2695 1855 ad
2719 1810 3020 1856 extremum
3038 1802 3209 1870 ipsius
3223 1801 3414 1855 mundi

1832 1905 2071 1951 mentem
2108 1897 2261 1951 illum
2292 1911 2436 1959 esse,
2464 1896 2557 1966 qui
2594 1904 2791 1950 cuncta
2814 1894 3141 1964 procreavit,
3176 1893 3414 1948 arbitre-

1832 1998 1941 2045 tur.
1968 1989 2105 2044 Nam
2132 1998 2191 2044 ut
2221 1989 2531 2043 molitorem
2565 1998 3009 2059 servatoremque
3033 1987 3219 2041 mundi
3244 1985 3413 2039 alium

1833 2082 1902 2136 ab
1940 2096 2006 2136 eo
2045 2080 2190 2151 quod
2221 2080 2547 2149 productum
2602 2088 2690 2134 est
2728 2079 3116 2148 diversumque
3150 2085 3411 2140 statuere,

1833 2174 2060 2244 pietatis
2088 2181 2215 2227 est:
2247 2172 2332 2227 sic
2370 2187 2491 2227 eam
2534 2170 2727 2226 mundi
2771 2179 3030 2233 mentem,
3067 2168 3290 2239 perinde
3330 2178 3415 2221 at-

1833 2279 1941 2333 que
1972 2262 2267 2318 animantis
2294 2261 2530 2331 alicujus
2563 2263 2826 2327 animam,
2887 2260 2987 2314 toti
3037 2259 3243 2330 passim
3290 2257 3414 2312 orbi

1834 2354 2183 2424 conjunctam
2246 2354 2439 2409 intime
2492 2368 2555 2408 ac
2608 2354 2870 2409 sociatam
2936 2367 3090 2416 esse,
3167 2349 3414 2419 adeoque

1833 2447 2151 2501 universum
2188 2446 2367 2516 ipsum
2398 2447 2664 2509 induisse,
2696 2461 2858 2500 nemo
2888 2445 2974 2515 pie
3011 2443 3227 2498 dixerit.
3257 2442 3412 2496 illum

1833 2539 2051 2609 quidem
2106 2539 2202 2592 toti
2254 2539 2512 2594 universo
2563 2545 2884 2608 praesentem
2934 2536 3149 2601 adesse,
3199 2549 3264 2588 ac
3311 2549 3414 2589 sua

1834 2629 2101 2683 mundum
2161 2627 2505 2698 providentia
2560 2628 2866 2697 gubernare
2913 2634 3259 2680 sacrosancta
3312 2637 3416 2677 no-

1834 2730 2073 2777 strorum
2145 2721 2345 2775 docent
2396 2720 2640 2782 oracula,
2708 2718 2915 2788 quibus
2966 2717 3222 2785 praeclara
3280 2729 3415 2769 sane

1833 2811 2208 2881 Deoque-cum
2255 2810 2448 2880 primis
2491 2808 2654 2879 digna
2685 2806 2970 2875 theologia:
2999 2805 3139 2858 ratio
3168 2803 3415 2857 contine-

1833 2914 1944 2960 tur.
1975 2902 2068 2958 Sic
2106 2902 2250 2957 enim
2291 2917 2389 2971 per
2416 2916 2477 2954 ea
2508 2899 2652 2954 Deus
2694 2898 2807 2967 ipse
2840 2896 3083 2966 loquitur
3111 2913 3123 2947 :
3155 2889 3413 2963 Nunquid

1841 3014 1948 3051 non
1974 2995 2160 3051 malum
2185 3004 2233 3049 et
2270 3003 2466 3049 terram
2502 3009 2594 3063 ego
2619 2989 2854 3059 impleo?
2885 2989 3015 3042 dicit
3058 2986 3319 3040 Dominus
3346 2983 3411 3035 “.

1834 3089 1913 3146 Ac
1939 3104 2173 3144 rursus:
2206 3087 2361 3153 Quod
2393 3085 2530 3140 Deus
2559 3086 2612 3137 in
2638 3083 2765 3137 cozlo
2812 3096 3046 3143 sursum,
3088 3088 3136 3133 et
3166 3079 3222 3131 in
3270 3086 3414 3131 terra

1834 3183 2081 3236 deorsum
2109 3180 2183 3246 ¹⁸;
2205 3187 2260 3234 ει
2283 3179 2410 3233 alibi
2440 3193 2452 3228 :
2491 3174 2557 3230 In
2590 3175 2706 3243 ipso
2733 3174 2867 3227 enim
2894 3172 3137 3234 vivimus,
3168 3176 3217 3222 et
3241 3181 3415 3221 move—

1834 3289 1956 3327 mur
1992 3280 2043 3326 et
2081 3287 2263 3325 sumus
2298 3270 2377 3336 “;
2416 3284 2524 3324 non
2576 3278 2756 3323 tamen
2801 3274 2861 3320 ut
2907 3264 2962 3317 in
3020 3270 3174 3332 parte
3230 3259 3413 3327 aliqua

1833 3363 2047 3429 mundi,
2072 3376 2174 3418 nec
2198 3370 2259 3416 ut
2299 3360 2353 3414 in
2385 3358 2560 3430 ipsius
2590 3358 2774 3412 anima
2812 3354 2897 3409 vel
2925 3360 3128 3408 mente.
3157 3350 3225 3404 At
3255 3350 3300 3404 si
3333 3350 3414 3403 lo-

1833 3470 1932 3511 cus
1955 3450 2300 3509 similitudini
2326 3464 2448 3504 esse
2491 3448 2670 3513 debet,
2700 3445 2858 3515 longe
2884 3457 3018 3498 sane
3057 3449 3116 3494 ut
3144 3437 3254 3492 Deo
3280 3450 3414 3492 con—

1830 3545 2142 3604 venientius
2191 3543 2326 3599 illud
2365 3550 2469 3605 est,
2508 3540 2580 3595 ita
2613 3554 2736 3595 cum
2778 3538 3009 3591 veritate
3038 3531 3409 3603 conjunctius,

1832 3639 1977 3711 quod
2018 3638 2263 3709 apposite
2313 3650 2484 3691 sacra:
2514 3634 2706 3687 littera:
2756 3629 2958 3685 alicubi
3005 3626 3408 3697 prodiderunt:

1836 3731 2039 3787 Caelum
2069 3730 2200 3784 mihi
2245 3729 2392 3782 sedes
2424 3737 2522 3789 est,
2562 3734 2703 3778 terra
2756 3730 2930 3777 autem
2982 3719 3272 3773 scabellum
3322 3732 3413 3786 pe-

1831 3825 1959 3877 dum
1983 3838 2218 3877 meorum
2246 3822 2309 3874 ³⁷.
2333 3818 2469 3873 Nam
2499 3818 2542 3873 si
2569 3816 2795 3872 omnino
2820 3828 2907 3867 res
2932 3810 3189 3882 postulat,
3217 3811 3291 3864 uti
3318 3811 3415 3863 hu-

1832 3929 2060 3968 manum
2116 3911 2376 3981 loquendi
2412 3924 2620 3964 morem
2653 3904 2906 3976 personis
2942 3903 3215 3973 ﬁngendis
3248 3901 3412 3971 paulo

1830 4004 2059 4075 propius
2110 4003 2420 4065 imitemur,
2461 4000 2751 4069 utriusque
2786 3995 3074 4063 theologia:
3114 3993 3412 4048 discrimen

1833 4097 2143 4153 considera.
2179 4095 2283 4161 Qui
2313 4094 2510 4148 coelum
2567 4090 2662 4147 Dei
2716 4090 2897 4146 sedem
2930 4086 3165 4153 vocavit,
3196 4087 3243 4141 is
3266 4094 3414 4142 certe

1832 4206 1944 4245 non
1993 4198 2200 4244 tantum
2263 4188 2405 4241 ultra
2441 4185 2647 4249 sedem,
2693 4197 2885 4239 verum
2919 4182 3082 4236 etiam
3125 4193 3290 4250 supra
3323 4194 3413 4234 res

1833 4296 2025 4337 omnes
2051 4294 2328 4335 summum
2366 4277 2516 4332 illum
2566 4275 2943 4331 universitatis
2972 4290 3155 4346 regem
3206 4274 3413 4345 longis-

1832 4372 1972 4429 sime
1997 4379 2267 4426 semotum
2309 4368 2618 4433 collocavit,
2666 4367 2748 4421 sic
2798 4374 2981 4421 tamen
3016 4375 3075 4421 ut
3108 4381 3176 4421 ne
3204 4375 3411 4420 terram

143 4460 209 4529 γῆ
228 4461 322 4514 καὶ
342 4461 421 4515 τὰ
456 4462 556 4515 ἐπὶ
586 4462 693 4532 γῆς
723 4461 848 4534 δρη,
868 4463 1019 4532 ὄγκοι
1049 4467 1319 4537 σωμάτων
1357 4468 1572 4537 ἄλογοι,
1609 4468 1725 4532 πῶς

1831 4465 2051 4535 quidem
2086 4464 2261 4534 ipsam
2301 4462 2370 4517 ab
2412 4461 2659 4532 ejusdem
2691 4460 3031 4531 providentia
3068 4458 3409 4527 secluderet;

140 4551 192 4604 δὲ
218 4554 313 4607 καὶ
362 4552 597 4621 εὔλογον
648 4554 782 4608 Θεὸν
830 4556 1181 4628 ἀναγορεύειν
1226 4558 1320 4611 τὸν
1365 4560 1593 4629 ἀδελφὸν
1632 4559 1729 4613 καὶ

144 4646 375 4717 συγγενῆ
422 4646 622 4718 πυρὸς,
647 4647 742 4701 καὶ
775 4648 937 4718 ἀέρος
981 4649 1115 4721 (82),
1145 4652 1239 4704 καὶ
1273 4650 1485 4717 ὓδατος,
1528 4652 1726 4720 ἀλόγου

144 4738 230 4790 καὶ
270 4738 527 4810 φθαρτῆς
573 4738 707 4810 ῦλης
755 4739 1029 4808 ὲκγόνων;
1065 4741 1130 4795 Εἰ
1161 4741 1220 4795 δὲ
1268 4744 1363 4797 καὶ
1401 4745 1431 4797 ό
1474 4743 1599 4807 νοῦς
1631 4742 1724 4797 τοῦ

143 4830 275 4894 Διὸς,
314 4832 475 4885 οὐδὲν
530 4832 661 4886 ἄλλο
684 4832 825 4904 πλὴν
863 4833 959 4886 τοῦ
1005 4833 1335 4906 δηλωθέντος
1380 4835 1599 4908 αἰθέρος
1633 4831 1722 4907 ἦν,

144 4920 296 4993 αἰθὴρ
316 4924 380 4977 δὲ
412 4926 528 4996 ἀήρ
560 4926 680 4979 ἐστι
708 4927 739 4978 ό
777 4924 1109 4995 ὑψηλότατος
1156 4928 1252 4981 καὶ
1298 4927 1551 5001 πυρώδης
1575 4969 1591 4993 ,
1615 4928 1724 4983 ἀπὸ

143 5015 228 5068 τοῦ
259 5016 542 5083 αἰθεσθαι,
568 5018 711 5089 ὅπερ
737 5018 857 5085 ἐστι
882 5018 1153 5084 καίεσθαι,
1180 5019 1407 5090 ταύτην,
1430 5019 1504 5083 ὣς
1535 5037 1720 5091 φασιν,

147 5107 362 5181 εἰληχὼς
390 5109 495 5182 τὴν
529 5110 879 5181 ἐπωνυμίαν·
914 5110 1143 5181 σώματα
1174 5111 1230 5164 δὲ
1250 5112 1437 5183 ἄμφω,
1472 5114 1500 5167 ὂ
1528 5130 1587 5166 τε
1616 5113 1727 5185 ἀὴρ

148 5200 174 5253 δ
196 5219 251 5256 τε
280 5203 448 5275 αἰθήρ
467 5221 483 5235 ’
514 5204 619 5276 ὅρα
648 5201 753 5258 ποῦ
777 5220 860 5256 σοι
884 5203 979 5256 τοῦ
1001 5204 1121 5267 Διὸς
1139 5205 1167 5256 ὁ
1186 5204 1311 5268 νοῦς
1330 5204 1722 5260 ἀποπέπτωκε.

156 5293 251 5344 Καὶ
311 5293 395 5356 τίς
453 5295 518 5348 ἂν
559 5294 639 5348 ἔτι
665 5295 956 5367 προσείποι
1008 5295 1140 5349 Θεὸν
1170 5294 1280 5350 τῶν
1314 5296 1720 5367 εὐφρονούντων

148 5381 358 5451 τοῦτον,
398 5378 448 5454 ᾧ
478 5385 607 5451 νοῦς
643 5388 893 5460 ὑπῆρχεν
927 5386 1087 5452 ἄνους
1135 5389 1230 5443 καὶ
1280 5388 1510 5458 ἄλογοςς
1556 5392 1605 5443 εἰ
1655 5390 1720 5462 δὴ

211 5542 253 5572 ιδ
286 5539 400 5596 Jer.
458 5559 620 5607 xxm,
666 5542 759 5598 24.
866 5543 912 5574 ¹⁸
954 5542 1109 5597 Deut.
1144 5559 1216 5608 tv,
1247 5544 1300 5600 9.

214 5677 316 5742 (εἰ)
352 5682 462 5737 Καὶ
491 5684 666 5749 ἀέρος
727 5682 986 5737 Additum
1038 5693 1122 5739 est
1155 5700 1219 5737 ex
1266 5685 1359 5738 alt.
1399 5701 1501 5741 ms.
1536 5684 1715 5741 Minus

159 5760 305 5819 recte,
332 5762 393 5806 ut
438 5755 670 5820 videtur,
705 5754 974 5810 elementa
1027 5754 1115 5809 illa
1168 5755 1439 5811 Eusebius
1478 5759 1717 5812 materia:

1398 5546 1443 5578 "
1482 5547 1601 5602 Act.
1634 5562 1769 5611 xvn,

1825 4559 2026 4629 quippe
2060 4556 2128 4611 ad
2161 4571 2249 4611 res
2278 4556 2424 4609 enim
2451 4569 2671 4623 quoque
2706 4562 2926 4608 nostras
2971 4553 3113 4607 hanc
3141 4554 3262 4622 ejus
3289 4566 3412 4621 pro-

1831 4648 2051 4705 videndi
2083 4648 2194 4702 vim
2218 4646 2516 4716 adjungere
2533 4660 2658 4700 sese
2682 4651 2737 4699 et
2771 4644 3192 4699 accommodare
3226 4643 3408 4710 docet,

1822 4756 1998 4811 eoque
2021 4739 2207 4795 subdit
2240 4754 2253 4789 :
2287 4736 2455 4792 Terra
2490 4747 2671 4792 autem
2710 4736 3010 4791 scabellum
3044 4736 3243 4806 pedum
3261 4750 3410 4789 meo-

1821 4849 1968 4888 rum.
2009 4831 2166 4901 m5
2190 4830 2377 4884 Atnec
2410 4829 2730 4891 scabellum,
2760 4844 2861 4882 nec
2885 4843 3015 4882 vero
3050 4827 3207 4881 sedes
3222 4827 3304 4880 vel
3322 4842 3408 4881 se-

1823 4923 2002 4980 dentis
2018 4935 2239 4991 corpus,
2257 4921 2343 4974 vel
2361 4921 2532 4990 ipsius
2547 4929 2726 4989 partes
2741 4919 2810 4974 ab
2826 4919 2940 4974 ullo
2960 4933 3200 4988 unquam
3226 4918 3406 4973 nomi-

1824 5024 2047 5071 nentur.
2092 5014 2198 5068 Iste
2230 5027 2382 5077 vero,
2419 5012 2513 5083 qui
2537 5013 2763 5075 coelum,
2793 5026 3026 5082 quaeque
3056 5010 3196 5066 caalo
3225 5010 3406 5065 couti-

1822 5101 2045 5174 nentur,
2095 5105 2191 5161 Dei
2239 5113 2420 5175 caput,
2487 5106 2686 5160 aethera
2756 5121 2886 5159 vero
2955 5111 3192 5157 mentem
3260 5100 3403 5170 ejus,

1825 5201 2069 5257 membra
2083 5199 2322 5269 denique
2337 5200 2717 5269 reliquumque
2744 5212 2946 5266 corpus
2971 5204 3199 5249 caateras
3217 5194 3403 5248 mundi

1825 5304 2008 5366 partes
2061 5307 2183 5347 esse
2240 5291 2397 5357 dixit,
2454 5305 2630 5360 neque
2678 5289 2868 5344 mundi
2909 5287 3181 5356 opiﬁcem,
3227 5302 3405 5356 neque

1832 5388 2000 5444 Deum
2031 5400 2195 5442 nosse
2236 5384 2600 5440 convincitur.
2643 5381 2830 5453 Neque
2872 5381 3019 5435 enim
3064 5387 3158 5433 aut
3193 5393 3252 5433 se
3297 5395 3402 5433 un-

1824 5544 1917 5599 28.
2026 5543 2069 5575 ¹⁷
2110 5539 2216 5596 lsa.
2247 5554 2393 5602 LXVI,
2432 5537 2482 5591 1.

1823 5685 1993 5739 fetum
2045 5683 2291 5747 vocavit,
2322 5694 2444 5753 quae
2486 5677 2634 5733 nulla
2669 5692 2735 5733 ex
2768 5673 2996 5732 materia
3046 5678 3228 5730 creata
3277 5671 3400 5730 fue-

1828 5758 1955 5811 rint.
