3858 6224
418 275 520 333 191
1077 271 1352 332 EI‘SEBH
1390 268 1874 327 CAESARIENSIS
1913 269 2064 325 OPP.
2106 268 2289 324 PARS
2324 264 2390 324 Il.
2431 297 2503 312 α-
2539 264 3042 337 APOLOGETICA.
3582 260 3693 316 192

416 408 587 467 quam
638 392 757 466 ipse
803 394 1124 466 procrearit,
1167 403 1263 450 aut
1305 394 1467 465 cujus
1511 408 1669 449 mens
1699 393 1870 448 aether
1906 407 1939 447 s;

2171 390 2329 462 ιαύτη
2360 389 2562 454 παντὸς
2595 390 2848 461 σώματος
2885 388 3066 459 φύσις.
3092 387 3295 460 Διόπερ
3325 384 3457 456 ἡμῖν
3484 382 3544 436 ὲν
3566 384 3693 445 ταῖς

418 486 569 543 idem
592 487 721 558 jure
765 486 970 543 mentis
1016 502 1215 542 nomen
1273 487 1523 541 obtinere
1566 487 1765 556 possit.
1806 485 1941 554 Cuju

2174 483 2430 553 ολογίαις,
2467 481 2646 536 πάντα
2665 484 2780 543 τοῖς
2805 479 3116 552 εἰρημένοις
3153 476 3225 532 τά
3258 474 3474 530 ἐναντία
3510 490 3697 545 παρα-

418 578 571 634 modi
629 593 795 648 porro
828 577 973 635 Deus
996 578 1098 633 iste
1141 578 1329 645 fuerit,
1361 579 1523 648 cujus
1562 586 1746 648 partes
1773 585 1828 631 et
1858 585 1940 632 ter

2170 576 2337 645 _méov
2356 590 2371 604 ·
2392 575 2475 628 ὃτι
2489 591 2550 627 τε
2580 575 2654 646 μὴ
2678 572 2908 644 οὐρανὸς
2930 571 3007 625 ὢν
3027 571 3304 642 τυγχάνει,
3331 569 3468 640 μήτε
3498 566 3693 637 αἰθὴρ,

418 678 479 729 et
506 681 666 726 terra:
696 680 932 739 montes,
960 670 1220 725 inanimae
1251 671 1527 734 videlicet,
1557 685 1624 725 ac
1648 669 1880 725 rationis
1905 683 1941 723 e;

2174 668 2237 741 ἦθ’
2269 667 2442 739 ἥλιος,
2481 668 2617 739 μήτε
2649 666 2869 737 σελήνη,
2900 664 3028 736 μήθ’
3048 663 3318 734 όσύμπας
3335 659 3447 715 τῶν
3470 659 3697 731 ἄστρων

418 769 604 833 pertes
634 776 924 832 corporum
953 761 1127 816 moles
1157 761 1390 817 eﬂiciant
1411 763 1434 815 ?
1458 762 1594 828 Quis
1618 770 1798 817 autem
1816 777 1941 817 veru

2176 761 2287 833 ρὸς,
2343 761 2469 832 μήτ’
2511 759 2674 823 αὐτὸς
2712 757 2928 831 ἀθρόως
2954 758 2985 810 ὁ
3035 758 3145 819 πᾶς
3172 756 3407 825 κόσμοςο
3450 752 3589 825 ἔργα
3634 752 3696 806 δὲ

420 865 664 919 censeat,
717 856 884 926 ignis,
914 856 1062 911 aeris
1091 864 1146 910 et
1176 872 1351 927 aquae,
1390 856 1497 911 boc
1529 864 1616 912 est
1643 855 1857 910 ratione
1911 869 1941 910 c

2176 853 2306 925 ιρῶν
2333 850 2507 905 ταῦτα
2548 849 2723 922 μικρὰ
2750 849 2831 902 ἔτι
2860 847 2956 902 καὶ
2983 846 3209 918 βραχέα,
3231 847 3352 910 ταῖς
3380 844 3698 915 ἀσωμάτοις

421 948 594 1002 rentis
609 946 877 1017 ﬂuxaeque
895 950 1140 1003 materia:
1169 947 1312 1003 fetus
1331 964 1650 1018 germanum
1677 963 1741 1003 ac
1758 948 1944 1004 fratre:

2175 948 2202 1000 ,ἱ
2249 946 2464 1017 νοεραῖς
2505 942 2768 1014 δυνάμεσι
2812 939 3299 1013 παραϐαλλόμενα⁸
3331 939 3415 992 ὅτι
3461 937 3525 1009 δὴ
3582 937 3698 990 πᾶν

420 1036 591 1092 Deum
632 1036 966 1107 praedicari?
1013 1036 1158 1102 Jam,
1204 1038 1250 1093 si
1283 1037 1434 1093 Jovis
1465 1054 1620 1093 mens
1668 1038 1815 1093 aliud
1868 1039 1943 1093 nil

2176 1038 2269 1108 ιμα
2302 1037 2539 1109 φθαρτὸν
2571 1036 2666 1089 καὶ
2692 1034 2905 1103 ἄλογον,
2924 1031 3148 1104 τοιαύτη
3179 1031 3238 1085 δὲ
3257 1029 3365 1083 τῶν
3395 1029 3699 1102 ὁρωμένων

416 1136 560 1194 erat,
594 1143 759 1197 quam
793 1128 964 1183 aether
995 1129 1084 1183 ille
1109 1144 1254 1199 saepe
1283 1130 1620 1195 nominatus,
1638 1129 1808 1185 aether
1823 1139 1939 1184 aute

2178 1130 2353 1201 φύσις.
2380 1130 2462 1184 Τά
2486 1130 2532 1183 δ’
2566 1128 2823 1182 ἐπέκεινα
2854 1127 2913 1180 ὲν
2933 1126 3186 1197 ἀοράτοις
3217 1121 3411 1192 λογικά
3431 1123 3524 1176 καὶ
3553 1120 3701 1175 ἀθά-

417 1234 677 1289 suprema
708 1228 793 1275 est
819 1220 967 1275 aeris
994 1222 1145 1292 regio
1176 1221 1396 1291 ignique
1421 1221 1736 1291 persimilis,
1764 1222 1858 1292 qui
1896 1223 1940 1276 dt

2182 1238 2265 1285 τα,
2301 1219 2769 1284 συνδιαιωνίζοντα
2800 1220 2868 1289 τῇ
2896 1214 2992 1269 τοῦ
3018 1213 3409 1287 παμϐασιλὲως
3430 1213 3562 1268 Θεοῦ
3595 1231 3705 1284 μα-

419 1311 510 1364 τοῦ
534 1311 806 1378 αἴθεσθαι,
837 1313 983 1383 quod
1010 1323 1096 1368 est
1113 1314 1325 1378 ardere,
1347 1313 1662 1384 lmjusmodi
1693 1323 1886 1371 nactus
1907 1331 1936 1368 a

2177 1312 2277 1384 ,ρία
2320 1312 2435 1384 ζωῇ
2455 1352 2470 1377 ,
2504 1310 2702 1383 μακρῷ
2721 1310 2917 1380 γένοιτ’
2939 1309 3006 1363 ἂν
3032 1309 3140 1363 τῶν
3169 1306 3467 1379 ὁρωμένων
3512 1308 3700 1362 ἀπάν-

419 1402 772 1473 pellationem
810 1402 976 1469 fuerit
1006 1418 1020 1468 ;
1045 1404 1293 1474 adeoque
1314 1405 1359 1459 si
1377 1406 1564 1468 ambo,
1596 1419 1714 1471 aer,
1747 1405 1942 1476 inqua:

2177 1423 2215 1459 ιν
2240 1402 2455 1475 βελτίω.
2504 1402 2749 1467 Εἰκότως
2782 1397 2876 1457 οὖν
2924 1402 2995 1456 τὰ
3034 1402 3154 1456 θεῖα
3191 1401 3348 1474 λόγια
3397 1403 3527 1474 περί
3578 1401 3700 1456 τῶν

417 1502 582 1561 atque
613 1494 783 1548 aether
817 1508 1049 1562 corpora
1079 1503 1208 1550 sunt
1238 1511 1253 1561 ;
1294 1494 1435 1567 vide,
1466 1495 1717 1562 obsecro,
1750 1483 1860 1566 quo
1907 1496 1940 1551 ti

2175 1496 2401 1568 ωμένων
2454 1494 2551 1548 τοῦ
2597 1495 2802 1566 κόσμου
2849 1494 3031 1566 μερῶν
3090 1489 3194 1548 ὧδέ
3232 1512 3351 1558 πως
3396 1494 3643 1548 παιδεύει
3676 1511 3698 1529 ο

419 1597 577 1639 mens
606 1583 694 1637 illa
726 1581 874 1639 Jovis
907 1586 1218 1639 evanuerit.
1271 1584 1541 1641 Prwterea
1585 1587 1711 1656 quis
1760 1588 1941 1642 tande:

2177 1589 2405 1659 Ὀψομαι
2449 1588 2574 1650 τοὺς
2603 1587 2890 1657 οὐρανοὺς,
2929 1586 3069 1658 ἔργα
3101 1586 3209 1651 τῶν
3253 1585 3532 1641 δακτύλων
3571 1603 3700 1652 σου,

416 1674 470 1730 si
526 1675 692 1729 modo
745 1675 909 1745 sapit,
967 1674 1136 1730 Deum
1183 1678 1392 1732 vocarit
1430 1693 1556 1732 eum
1610 1679 1705 1750 qui
1767 1690 1939 1735 mente

2178 1680 2340 1753 λήνην
2369 1679 2464 1732 καὶ
2485 1678 2737 1750 ἀστέρας,
2760 1677 2797 1731 ἀ
2824 1677 2889 1730 σὺ
2917 1675 3307 1746 ἐθεμελίωσας·
3337 1694 3358 1730 ι
3383 1677 3478 1729 καί
3504 1676 3701 1729 πάλινο

415 1773 688 1821 amentem
732 1776 899 1838 atque
939 1769 1010 1824 ab
1048 1768 1259 1824 ratione
1301 1786 1529 1825 vacuam
1590 1745 1837 1829 habeat?
1885 1788 1938 1827 or

2176 1745 2258 1839 Ξῦ,
2294 1745 2485 1844 Κύριε,
2507 1745 2630 1824 κατ’.
2652 1769 2828 1842 ἀρχὰς
2848 1768 2944 1841 τὴν
2976 1745 3082 1840 γῆν
3109 1769 3510 1840 ἐθεμελίωσας
3557 1770 3658 1822 καὶ
3678 1786 3699 1802 ο

414 1857 504 1911 nis
562 1858 708 1913 enim
766 1861 1015 1930 corporis
1065 1868 1262 1917 natura
1315 1861 1583 1931 ejusmodi
1650 1872 1755 1921 est.
1823 1863 1937 1932 Qua

2174 1868 2297 1936 .‘pra
2312 1863 2433 1918 τῶν
2448 1862 2665 1934 χειρῶν
2682 1879 2798 1917 σου
2815 1862 2978 1916 εἰσὶν
2993 1864 3048 1915 οἱ
3063 1861 3327 1930 οὐρανοί·
3368 1859 3462 1913 καὶ
3498 1855 3658 1925 αὖθις
3679 1877 3697 1892 ο

418 1950 583 2007 nobis
622 1968 776 2019 sane,
811 1970 935 2009 cum
968 1954 1035 2010 de
1065 1954 1177 2011 Deo
1201 1957 1500 2026 disputatio
1544 1958 1876 2026 instituitur,
1913 1976 1941 2016 a

2181 1957 2537 2028 ’Δναϐλέψατε
2564 1959 2643 2021 εἰς
2681 1955 2814 2025 ὒψος
2843 1956 2969 2019 τοὺς
3004 1953 3319 2026 ὀφθαλμοὺς
3366 1952 3555 2025 ὑμῶν,
3597 1955 3704 2009 καὶ

416 2044 684 2098 sumenda
717 2046 1100 2115 superioribus
1131 2049 1407 2105 contraria
1438 2050 1624 2105 omnia
1660 2060 1789 2106 sunt
1818 2071 1831 2107 :
1875 2067 1939 2107 eu

2178 2068 2269 2116 ιτε,
2297 2051 2380 2114 τίς
2413 2048 2692 2115 κατέδειξε
2730 2047 2843 2119 (85)
2874 2045 3049 2101 ταῦτα
3082 2048 3279 2102 πάντα.
3326 2065 3345 2098 ›
3377 2047 3561 2100 Ταῦτα
3593 2048 3701 2117 μὲν

417 2152 598 2210 neque
626 2141 830 2197 caelum
877 2158 1020 2211 esse,
1070 2158 1248 2215 neque
1287 2146 1513 2211 aethera,
1561 2162 1743 2217 neque
1805 2149 1940 2203 solet

2177 2161 2199 2196 ν
2227 2145 2308 2206 εἰς
2340 2142 2437 2214 τὴν
2474 2140 2700 2213 πρώτην
2736 2139 2843 2193 τῶν
2887 2139 3035 2194 ἐπῶν
3082 2123 3378 2211 ἑρμηνείαν
3419 2138 3700 2210 εἰρήσθωο

417 2244 599 2301 neque
642 2231 851 2300 lunam,
907 2249 1085 2304 neque
1132 2243 1392 2291 cunctum
1434 2246 1711 2292 astrorum
1747 2242 1940 2294 chorur

2161 2236 2240 2306 ξρε
2260 2233 2317 2287 δὲ
2348 2235 2444 2288 καὶ
2472 2234 2542 2287 τὰ
2573 2232 2698 2304 ἑξῆς
2715 2231 3194 2303 διασκοπήσωμεν.
3225 2232 3377 2285 Ἐπεὶ
3401 2230 3476 2302 μὴ
3501 2226 3619 2284 οἷόν
3650 2248 3684 2283 τ

420 2334 604 2388 neque
635 2321 827 2376 orbem
856 2322 1021 2377 simul
1051 2323 1391 2381 universum.
1420 2325 1544 2381 Haec
1571 2328 1715 2382 enim
1741 2344 1941 2384 manuu

2180 2365 2194 2389 ,
2220 2328 2407 2398 φησιν,
2436 2326 2618 2380 εἰκόνα
2643 2325 2899 2398 τοιαύτην
2920 2325 3293 2396 δημιουργεῖν,
3322 2325 3441 2379 οἵαν
3466 2326 3495 2378 ὁ
3537 2314 3701 2394 λόγόζ

418 2409 570 2468 illius
607 2425 773 2482 opera
797 2427 1138 2485 sunt,eaque
1163 2416 1361 2486 pusilla
1379 2417 1672 2473 admodum
1700 2428 1755 2474 et
1783 2421 1941 2489 exigu

2186 2422 2372 2492 ήνυσε,
2399 2420 2488 2474 διὰ
2523 2419 2685 2474 τοῦτο
2712 2420 3178 2492 ἀνθρωπόμορφον
3198 2418 3294 2472 τοῦ
3327 2419 3449 2482 Διὸς
3489 2420 3549 2473 τὸ
3591 2418 3702 2473 δεῖ·

418 2503 468 2558 si
489 2518 614 2558 cum
648 2504 987 2576 incorporeis
1011 2506 1121 2562 illis
1145 2508 1688 2580 intelligentibusque
1709 2511 1941 2566 virtutib

2179 2514 2270 2567 λον
2300 2513 2685 2585 πεποιήκασιν,
2718 2512 2800 2564 ὅτι
2823 2509 2947 2574 νοῦς
2977 2506 3044 2581 ἦν
3068 2509 3190 2563 καθ’
3220 2509 3278 2564 ὃν
3316 2509 3701 2582 ἐδημιούργει,

418 2592 810 2662 conferantur;
838 2597 1283 2668 quandoquidem
1316 2614 1480 2655 omne
1509 2615 1711 2670 corpus
1739 2610 1794 2656 et
1824 2601 1937 2657 inte

2176 2606 2212 2659 ιὶ
2237 2605 2414 2674 λόγοις
2451 2607 2843 2677 σπερματικοῖς
2886 2602 3135 2657 ἀπετέλει
3174 2600 3245 2653 τὰ
3292 2600 3485 2654 πάντα.
3530 2618 3546 2651 ι
3580 2601 3699 2652 Καὶ

418 2683 559 2738 itum
594 2685 819 2754 patitur,
862 2696 918 2742 et
972 2688 1185 2743 ratione
1213 2700 1383 2754 caret,
1438 2691 1749 2759 cuiusmodi
1781 2702 1866 2747 est
1906 2709 1941 2749 et

2175 2696 2236 2759 ὗς
2260 2698 2309 2750 εἰ
2341 2698 2416 2768 μὴ
2449 2692 2560 2750 οἷόν
2584 2714 2644 2750 τε
2687 2693 2753 2768 ἦν
2785 2695 2967 2750 εἰκόνα
2997 2695 3252 2763 τοιαύτην
3282 2694 3475 2754 ποιεῖν,
3511 2690 3635 2743 οἷαν
3667 2693 3698 2744 ὁ

417 2793 568 2848 rum,
604 2794 729 2849 quze
755 2779 1034 2845 videntur,
1062 2793 1279 2838 natura.
1311 2784 1378 2839 At
1400 2800 1524 2853 quae
1552 2800 1718 2855 supra
1738 2789 1940 2842 mundu

2172 2791 2273 2854 ἱγος
2301 2790 2588 2857 ἐμήνυσεν.
2639 2790 2875 2862 ἐμήνυσε
2899 2788 2955 2841 δὲ
2984 2787 3091 2859 ἄρα
3115 2784 3206 2839 τοῦ
3244 2783 3561 2854 φαινομένου
3593 2784 3695 2835 καὶ

418 2868 571 2929 hunc
593 2872 980 2940 aspectabilem
1010 2886 1211 2930 evecta:
1250 2887 1461 2931 naturae
1491 2887 1644 2944 sunt,
1672 2894 1750 2933 ea:
1780 2896 1889 2934 non
1918 2897 1941 2932 r

2175 2877 2384 2948 ωμένου
2408 2877 2612 2947 κόσμου
2629 2874 2697 2928 τά
2725 2874 2887 2945 μέρη,
2911 2874 3158 2945 οὐρανὸν,
3177 2875 3272 2926 καὶ
3287 2873 3354 2925 τά
3377 2876 3434 2926 ἐν
3457 2872 3698 2942 οὐρανῷ,

421 2962 574 3018 tione
613 2972 845 3030 tantum,
881 2966 974 3020 sed
1010 2969 1179 3022 etiam
1223 2967 1634 3025 immortalitate
1678 2973 1944 3042 potiuntur

2181 2986 2250 3042 ρα
2294 2986 2353 3022 τε
2379 3011 2393 3032 ,
2421 2970 2517 3039 καὶ
2542 2968 2670 3038 γῆν,
2695 2967 2790 3020 καὶ
2813 2966 2884 3019 τὰ
2916 2969 2973 3019 ὲν
3001 2966 3214 3029 αὐτοῖς’
3256 2967 3304 3019 εἰ
3348 2965 3411 3036 δὴ
3462 2961 3554 3017 οὖν
3585 2964 3701 3017 τῶν

419 3065 587 3126 atque
619 3063 679 3110 ut
700 3055 800 3110 aevi
830 3059 1230 3126 perennitatem
1259 3060 1509 3114 obtinent
1535 3075 1658 3114 cum
1709 3062 1867 3117 beata
1911 3079 1939 3119 s

2183 3058 2401 3130 ωμένων
2425 3057 2518 3111 τοῦ
2545 3056 2751 3127 κόσμου
2801 3053 2984 3126 μερῶν
3024 3054 3123 3125 οὐχ
3169 3049 3281 3109 οἶόν
3324 3071 3384 3107 τε
3412 3049 3480 3127 ἦν
3514 3053 3706 3107 εἰκόνα

421 3148 598 3218 premi
629 3162 814 3202 rerum
848 3150 1097 3203 omnium
1132 3151 1275 3219 regis
1302 3153 1604 3207 aeternitate
1632 3143 1944 3223 conjuncta:

2183 3149 2505 3221 στήσασθαι,
2531 3148 2666 3203 καθὸ
2698 3146 2822 3211 νοῦς
2851 3143 2919 3219 ἦν
2941 3150 2970 3200 ὁ
2997 3147 3151 3214 Θεὸς,
3182 3147 3298 3211 πῶς
3322 3146 3386 3202 ἄν
3413 3162 3497 3209 τις
3529 3143 3706 3199 αὐτοῦ

423 3242 508 3298 sic
537 3241 700 3311 longe
739 3242 1000 3297 omnibus
1026 3242 1118 3308 iis,
1161 3259 1284 3313 qua:
1317 3256 1639 3314 cernuntur,
1683 3248 1943 3303 antecella

2190 3259 2212 3297 ν
2240 3243 2427 3296 εἰκόνα
2471 3242 2936 3312 δημιουργήσειε;
2975 3242 3070 3305 Τίς
3091 3241 3135 3294 δ’
3169 3240 3234 3294 ἂν
3274 3238 3372 3312 ἔχῃ
3419 3238 3577 3310 σῶμα
3603 3239 3713 3292 ἀν·-

422 3328 792 3404 pnestentque
828 3350 1052 3391 necesse
1089 3345 1191 3391 est.
1222 3334 1588 3403 Quamobrem
1627 3340 1759 3408 quid
1790 3339 1857 3395 de
1890 3357 1945 3396 cu

2190 3335 2378 3387 ώπειον
2409 3335 2549 3403 ὲμφε
2560 3332 2648 3403 ρὲς
2674 3333 2812 3403 πρὸς
2832 3332 2925 3385 τὸν
2947 3331 3042 3385 τοῦ
3073 3329 3210 3383 Θεοῦ
3235 3330 3394 3395 νοῦν;
3431 3327 3571 3398 Ἐγὼ
3594 3330 3713 3398 μὲν

422 3428 606 3500 porcis
642 3428 829 3483 mundi
860 3430 1109 3498 partibus
1143 3431 1346 3485 sentire
1373 3412 1475 3486 nos
1522 3442 1793 3501 oporteat,
1825 3433 1945 3487 divin

2193 3445 2222 3501 ρ
2249 3426 2370 3480 οὑδὲ
2402 3426 2538 3497 πρὸς
2565 3426 2656 3478 τὸν
2685 3423 3025 3497 ἀνθρώπινον
3056 3423 3296 3496 ἠγοῦμαι
3317 3439 3331 3452 ⁸
3369 3421 3493 3477 ἐπεὶ
3524 3423 3551 3474 ὁ
3598 3422 3715 3491 μὲν

422 3519 648 3574 oracula
674 3518 797 3588 jure
818 3519 892 3573 ita
925 3519 1163 3574 docent:
1208 3519 1405 3575 Videbo
1430 3523 1586 3577 cmlos
1614 3540 1771 3593 opera
1814 3526 1945 3597 digit

2195 3517 2402 3589 ιδματος
2429 3516 2525 3571 καί¹
2545 3515 2838 3577 ἀσύνθετος
2864 3515 2960 3568 καὶ
2984 3515 3219 3585 ἀμερὴς,
3242 3512 3301 3566 τὸ
3326 3512 3383 3565 δε
3414 3509 3718 3581 βαναύσων

423 3627 547 3664 rum
578 3621 811 3679 tuorum,
847 3612 1028 3666 lunam
1070 3623 1119 3667 et
1153 3614 1354 3674 stellas.
1387 3633 1505 3685 qua:
1555 3628 1611 3671 tu
1645 3618 1887 3688 fundasti
1943 3626 1946 3635 ‘

2193 3613 2322 3683 ἱρῶν
2348 3612 2528 3683 ἔργον,
2561 3611 2653 3664 καὶ
2689 3609 2884 3683 θνητοῦ
2926 3607 3178 3679 σώματος
3217 3607 3379 3677 φύσιν
3422 3606 3716 3676 ἀπομεμί-

422 3700 494 3756 Ει
542 3717 813 3758 rursum:
859 3703 960 3765 Tu,
1007 3702 1248 3768 Domine,
1299 3707 1454 3759 initio
1487 3717 1685 3761 terram
1723 3708 1945 3779 fundas!

2196 3718 2305 3766 ται,
2336 3704 2429 3756 καὶ
2452 3699 2632 3772 ζώσης
2661 3700 2864 3771 σαρκὸς
2904 3701 2960 3753 ὲν
3006 3699 3200 3770 ἀψύχῳ
3249 3698 3344 3752 καὶ
3391 3699 3559 3769 νεκρᾷ
3596 3695 3715 3769 ὕλῃ

422 3801 482 3849 et
519 3813 531 3848 :
565 3792 738 3862 Opera
762 3809 1015 3847 manuum
1035 3806 1251 3848 tuarum
1275 3804 1399 3849 sunt
1425 3796 1541 3849 caeli
1560 3798 1634 3863 19;
1667 3812 1734 3851 ac
1755 3812 1945 3851 rursum

2195 3796 2306 3867 ιφὴν
2336 3796 2429 3849 καὶ
2448 3793 2673 3848 ἄναυδον
2697 3793 2879 3846 εἰκόνα
2909 3790 3383 3861 καταγέγραπται.
3411 3788 3573 3859 Ψυχὴ
3600 3790 3718 3858 μὲν

427 3883 626 3938 Tollite
653 3885 711 3938 in
747 3885 917 3938 altum
944 3885 1125 3938 oculos
1152 3892 1372 3952 vestros,
1396 3897 1441 3938 et
1461 3886 1649 3950 videte,
1684 3888 1804 3957 quis
1835 3896 1947 3942 oste

2198 3904 2206 3936 ι
2240 3886 2433 3959 λογικὴ
2455 3886 2549 3939 καὶ
2574 3884 2859 3947 ἀθάνατος,
2897 3883 2991 3937 καὶ
3015 3881 3140 3946 νοῦς
3169 3881 3388 3952 ἀπαθὴς
3413 3883 3471 3934 ὲν
3494 3879 3721 3951 ἀνθρώ-

425 3977 509 4032 dit
564 3979 675 4033 haec
725 3979 904 4032 omnia
946 3979 1015 4033 ὀ.
1063 3978 1243 4048 Atque
1284 3980 1397 4034 haec
1447 3981 1735 4035 adversum
1776 3982 1948 4051 priore

2197 3999 2218 4033 δ
2248 3980 2428 4049 φύσει,
2456 3974 2515 4032 εὖ
2545 3996 2636 4049 μοι
2660 3978 2808 4031 δοκεῖ
2837 3975 3091 4045 λέγεσθαι
3117 3974 3299 4029 εἰκόνα
3320 3975 3413 4027 καὶ
3444 3973 3720 4044 ὁμοίωσιν

427 4070 735 4123 carminum
765 4070 996 4124 istorum
1026 4071 1409 4138 explicationis
1427 4080 1634 4141 partem
1659 4073 1803 4128 dicta
1827 4084 1950 4128 sunt

2198 4069 2418 4134 οσώζειν
2439 4068 2594 4134 Θεοῦ,
2608 4066 2837 4121 καθόσον
2848 4066 3008 4130 ἀῦλος
3022 4066 3115 4118 καὶ
3135 4064 3445 4134 ἀσώματος,
3461 4064 3629 4136 νοερά
3651 4082 3721 4119 τε

430 4162 545 4229 Age
570 4144 720 4226 vero,
750 4177 979 4230 quaeque
1012 4163 1271 4233 deinceps
1317 4174 1756 4233 consequuntur,
1808 4181 1953 4234 expc]

2198 4178 2209 4216 ι
2241 4163 2431 4234 λογικὴ
2455 4160 2553 4233 τὴν
2575 4160 2761 4214 οὐσίαν
2777 4159 3121 4229 συνέστηκεν,
3139 4152 3482 4228 ἀρετῆςοῦσα
3497 4158 3591 4210 καὶ
3611 4173 3721 4211 σο·-

431 4252 650 4306 damus.
685 4252 1270 4325 106¢Cum,inquit,
1327 4258 1510 4328 imago
1559 4258 1830 4327 ejusmodi
1880 4258 1951 4312 lin

2201 4273 2245 4319 ις
2273 4255 2516 4326 δεκτική.
2535 4254 2599 4307 Εἰ
2628 4253 2692 4324 δή
2718 4270 2803 4315 τις
2818 4253 2904 4323 εἴη
2929 4250 3152 4312 δυνατὸς
3172 4248 3351 4320 ψυχῆς
3373 4247 3596 4319 ἄγαλμα
3612 4250 3724 4303 καὶ

433 4356 501 4415 ac
527 4342 858 4413 configurari
884 4346 1032 4400 nulla
1077 4357 1284 4416 posset,
1338 4350 1556 4418 qualem
1587 4365 1651 4404 ea
1684 4350 1844 4405 nobis
1886 4367 1949 4406 ca

2199 4348 2331 4422 ρφὴν
2361 4350 2420 4400 ἐν
2448 4346 2614 4400 εἰκόνι
2630 4343 3011 4417 τεκτήνασθαι,
3040 4342 3241 4396 δύναιτ’
3268 4341 3335 4395 ἂν
3354 4336 3508 4403 οὗτος
3531 4340 3629 4394 καί
3663 4358 3722 4394 τι

430 4435 582 4493 mina
615 4447 1028 4505 repraesentant,
1053 4437 1204 4495 Jovis
1238 4440 1598 4497 simulacrum
1632 4443 1929 4498 humanam

2203 4458 2231 4493 ν
2261 4437 2605 4511 κρειττόνων.
2633 4437 2698 4490 Εἰ
2730 4437 2787 4490 δὲ
2814 4435 3062 4508 ἄμορφος
3095 4434 3188 4487 καί,
3210 4432 3394 4504 ἀειδής
3423 4431 3516 4485 καὶ
3540 4434 3726 4504 ἀσχη-

432 4527 671 4597 speciem
701 4538 983 4598 propterea
1016 4531 1451 4598 conformarunt,
1482 4535 1631 4605 quod
1665 4551 1819 4591 mens
1849 4552 1955 4593 esse

2201 4547 2401 4595 τιστος,
2424 4528 2546 4583 οὗτε
2580 4528 2724 4600 λόγῳ
2749 4527 2842 4580 καί⁵
2865 4528 3000 4598 ἀκοῇ
3031 4526 3129 4597 τὴν
3151 4524 3337 4579 οὐσίαν
3363 4524 3724 4594 καταληπτὸς

433 4618 596 4687 cujus
626 4618 679 4672 in
708 4623 1089 4689 procreatione
1139 4639 1322 4679 rerum
1370 4629 1650 4698 exemplar
1685 4629 1956 4685 intueretu

2204 4624 2270 4678 L‘IO
2281 4623 2512 4696 ρώπινος
2533 4620 2678 4685 νοῦς,
2702 4620 2786 4685 τίς
2809 4619 2874 4673 ἂν
2903 4619 3100 4691 μανείη
3130 4617 3406 4684 τοσοῦτον,
3443 4616 3521 4679 ὼς
3543 4616 3602 4669 τὸ
3619 4617 3727 4670 ἀν-

437 4710 597 4780 cujus
628 4713 985 4770 seminalibus
1014 4718 1172 4785 quasi
1198 4719 1506 4774 rationibus
1536 4731 1734 4776 cuncta
1788 4723 1960 4793 perﬁct

2204 4717 2396 4770 εἰκελον
2421 4715 2605 4782 ξόανον
2636 4712 2771 4767 Θεοῦ
2797 4711 2892 4765 τοῦ
2927 4712 3205 4766 ἀνωτάτου
3241 4710 3456 4783 μορφὴν
3507 4709 3602 4764 καὶ
3638 4713 3727 4763 εἰ-

436 4804 652 4859 retaSi
669 4818 801 4874 ergo
827 4806 951 4860 talis
986 4805 1170 4877 imago
1222 4808 1353 4877 tingi
1404 4810 1557 4863 nulla
1588 4796 1815 4880 potest,‘
1836 4817 1959 4882 qual

2204 4824 2257 4862 ta
2291 4808 2478 4880 φέρειν
2504 4803 2920 4875 ἀποφήνασθαι;
2952 4801 3088 4856 Θεοῦ
3127 4803 3225 4874 μὲν
3254 4797 3347 4855 οὖν
3392 4799 3555 4871 φύσις
3607 4799 3727 4866 ἔξω

437 4889 642 4962 Orphei
693 4896 1031 4951 carminibus
1082 4898 1391 4964 exhibetur,
1443 4900 1771 4957 exhibentur
1834 4913 1960 4958 aute

2199 4902 2312 4969 ισης
2350 4896 2555 4970 θνητῆς
2579 4895 2710 4968 ὕλης
2737 4893 3092 4965 φαντάζεται,
3128 4893 3205 4965 νῷ
3226 4893 3439 4961 διαυγεῖ
3465 4893 3561 4946 καὶ
3583 4897 3722 4966 σιγῇ

436 4985 783 5055 aspectabilis
818 4987 980 5057 hujus
1035 4988 1223 5043 mundi
1270 4997 1473 5059 partes,
1526 4994 1763 5059 cmlum,
1792 5010 1959 5065 quaqu

2207 4996 2330 5064 χαῖς
2386 4989 2834 5061 κεκαθαρμέναις
2870 4986 3251 5059 ὲπινοουμένη.
3304 4986 3378 5040 Τὸ
3419 4984 3477 5038 δέ
3513 5000 3579 5053 γε
3618 4985 3726 5038 τοῦ

438 5078 639 5139 caelum
671 5079 852 5150 ipsum
881 5081 1073 5146 ambit,
1102 5098 1216 5148 aer,
1250 5093 1418 5149 terra,
1446 5101 1682 5157 qumque
1732 5090 1958 5143 amboru

2204 5085 2413 5156 ωμένου
2454 5083 2575 5147 Διὸς
2611 5085 2668 5135 ὲν
2700 5081 2777 5152 τῷ
2821 5080 3046 5151 δεικέλῳ
3072 5081 3257 5151 σχῆμα
3291 5078 3376 5148 εἴη
3416 5076 3482 5130 ἂν
3516 5076 3727 5146 θνητοῦ

440 5171 561 5230 sinu
582 5172 981 5244 complexuque
1005 5175 1358 5229 continentur
1386 5195 1398 5230 :
1427 5177 1494 5241 si,
1514 5178 1761 5248 inquam,
1783 5181 1958 5250 partiu

2203 5197 2227 5232 ν
2261 5177 2421 5248 φύσιν
2469 5177 2661 5248 ἀνδρὸς
2698 5175 2895 5243 εἰκὼν,
2951 5175 3073 5229 οὐδὲ
3118 5174 3210 5229 τὸν
3241 5174 3362 5228 ὅλον
3404 5169 3726 5244 ἄνθρωπον,

512 5375 560 5409 ’⁸
595 5375 743 5431 Psal.
780 5392 902 5443 vni,
936 5377 991 5431 4.
1072 5378 1115 5409 ¹⁹
1154 5376 1302 5434 Psal.
1331 5392 1405 5444 CI,
1440 5377 1531 5431 96.
1610 5380 1656 5412 ³⁰
1698 5377 1802 5434 lsa.
1832 5395 1924 5446 XL,
1956 5379 2049 5437 26.

517 5515 775 5592 (ϐω-Τίς
802 5519 1126 5592 κατέδειξε.
1167 5520 1245 5574 Ita
1291 5519 1647 5590 Septuaginta
1678 5538 1816 5592 quos
1866 5523 2033 5580 habe-

2206 5530 2326 5587 ltur,
2362 5520 2590 5576 innuere
2623 5521 2883 5575 voluisse.
2906 5517 3071 5573 Adde
3114 5516 3262 5592 quod
3305 5513 3729 5592 καταδεικνύειν

450 5585 594 5674 [9??-
649 5586 898 5674 Vulgata.
950 5590 1081 5673 Qlfis
1122 5585 1526 5674 creavitﬁa'c?‘
1565 5600 1624 5672 ut
1673 5585 1727 5649 in
1778 5592 2023 5674 Hebraeo.
2135 5585 2485 5674 etiaingedere
2514 5593 2680 5646 estin
2708 5594 2977 5674 facemque
2999 5585 3729 5674 proferre,imo‘ct’fortas-

452 5656 721 5732 Videntur
759 5655 1145 5728 Septuaginta,
1195 5660 1341 5729 quod
1395 5663 1674 5730 proprium
1729 5670 1974 5717 crealiun

2206 5682 2233 5724 ι,
2252 5664 2465 5732 efﬁcere,
2488 5655 2948 5732 quemadmodum
2986 5655 3364 5714 ἀποδεικνύειν
3395 5668 3447 5715 et
3478 5655 3729 5727 ἀποφαί-

454 5736 563 5793 est,
595 5736 652 5785 ut
677 5729 795 5799 ejus
827 5732 898 5796 vi,
929 5734 1073 5804 quod
1101 5741 1225 5789 ante
1252 5729 1461 5788 nullum
1495 5729 1630 5802 erat,
1666 5745 1879 5805 repente
1911 5752 2030 5792 cer-
2136 5729 2406 5804 vswpsed
2436 5729 2559 5789 cuin
2600 5733 2834 5802 propriis
2868 5731 3107 5788 casibus.
