3880 6218
449 6102 475 6120 L

480 314 590 372 {95
790 369 801 372 _
1136 297 1411 357 EUSEBII
1450 288 1932 352 CASSARIENSIS
1969 285 2121 343 OPP.
2160 283 2343 340 PARS
2384 280 2451 335 ll.
2491 309 2563 321 --
2602 274 3103 334 APOLOGETICA.
3635 269 3737 326 {90

476 437 710 506 elisae;
742 429 823 484 vis
851 433 955 491 est,
1008 423 1172 478 modo
1213 419 1477 489 spiritus;
1513 426 1660 467 nunc
1711 418 1894 463 autem
1939 401 2401 473 quemadmodum
2463 397 2566 467 ipsi
2605 404 2842 451 mentem
2897 406 3081 447 rerum
3121 386 3450 444 etl‘ectricem
3491 386 3737 441 omnium

1644 505 1649 506 ,
1753 502 1803 506 _-_
1972 496 2003 506 Α
2218 493 2230 506 .
2433 490 2445 501 ι
2558 504 2613 506 η,
2677 487 2779 506 ειη-
2846 484 3003 506 o__-_:.
3083 495 3240 506 -..Α-..ε
3293 478 3448 506 ξηρὴ...
3517 491 3721 506 ...υ-Α...

477 478 730 584 eumdem
760 535 883 577 esse
909 516 1097 582 velint,
1144 511 1288 567 haud
1342 507 1592 576 equidem
1640 502 1901 571 intelligo.
1965 493 2330 563 Quaerendum
2359 490 2506 545 enim
2548 504 2618 544 ex
2676 487 2783 542 illis
2846 484 3027 549 fuerit,
3080 495 3242 552 quem
3293 478 3451 535 istius
3517 491 3743 549 patrem,

1373 600 1510 655 Nam
1567 596 1756 651 Jovem
1779 591 1995 662 quidem
2028 585 2248 641 Saturni
2285 583 2453 637 [ilium
2482 596 2607 635 esse
2655 576 2934 635 communi
2975 587 3248 630 consensu
3277 568 3509 639 theologi
3559 585 3747 623 omnes

477 634 640 693 quem
684 630 842 669 avum
876 612 1047 666 fuisse
1098 604 1322 661 dicant?

1388 693 1442 746 in
1491 689 1746 744 manibus
1819 684 2085 737 habemus
2141 676 2343 747 Orphei
2413 672 2679 739 carmina,
2726 667 3075 740 prapOtentis
3130 662 3355 719 Saturni
3416 661 3744 723 meminere;

478 710 803 766 conﬁtentur
828 720 844 770 ;
898 714 1128 773 qumque
1192 710 1338 750 nunc

480 808 776 863 Saturnum
822 809 1006 855 autem
1038 794 1197 850 Cceii.
1232 791 1435 845 Demus
1488 787 1650 855 igitur
1696 780 1819 835 istis
1868 776 2055 831 Jovem
2114 782 2169 829 et
2204 770 2364 826 deum
2422 783 2606 824 rerum
2647 768 3026 821 universarum
3074 761 3471 815 moderatorem
3512 772 3655 820 esse,
3686 764 3744 810 et

476 914 607 955 vero
669 904 906 952 mentem
979 904 1104 946 eam
1176 900 1297 957 quae
1345 889 1540 937 cuncta
1583 872 1907 932 condiderit.
1960 868 2095 936 Quis
2142 881 2273 937 ergo
2332 864 2479 918 illius
2536 859 2744 931 pater?
2804 857 3096 912 Saturnus.
3143 853 3295 906 Avus
3334 858 3540 912 autem,
3586 845 3747 918 quis?

475 993 681 1048 Caelus.
714 987 879 1058 Atqui
910 985 958 1041 si
1008 983 1221 1056 primus
1247 977 1456 1047 Jupiter
1501 982 1605 1036 est,
1655 977 1841 1038 utpote
1893 979 2079 1019 rerum
2133 961 2377 1016 omnium
2434 958 2786 1020 architectus,
2839 953 2978 1007 alios
3025 947 3268 1020 profecto
3315 943 3615 1001 secundum
3668 942 3749 1010 ip—

2148 1057 2181 1058 η
2286 1055 2294 1058 .
2441 1054 2451 1058 -
2563 1050 2606 1058 -
2853 1045 2885 1058 ..
2934 1056 2941 1058 _
3194 1040 3218 1058 ι.
3264 1056 3276 1058 _
3318 1041 3352 1058 ..
3435 1048 3476 1058 -.
3529 1035 3739 1058 ηιμ-..

480 1035 681 1048 πω.-.
714 1035 879 1058 --μιν
912 1035 958 1041 --
1010 1035 1111 1056 ,__,
1319 1035 1335 1047 _
1596 1035 1599 1036 ν
1717 1035 1732 1038 _

477 1097 601 1139 sum
668 1094 954 1137 recensere
996 1074 1259 1146 oportuit,
1321 1074 1509 1138 utpote
1554 1066 1625 1119 ab
1670 1078 1736 1117 eo
1778 1060 2092 1115 fabricatos.
2145 1055 2356 1110 Etenim
2409 1054 2523 1107 sive
2562 1050 2801 1119 Tempus
2853 1045 3129 1101 Saturnus
3194 1040 3377 1105 fuerit,
3427 1048 3482 1092 et
3523 1035 3745 1106 quidam

476 1187 669 1247 suapte
697 1184 894 1229 natura
927 1169 1064 1226 εωιί
1116 1166 1279 1229 l‘etus,
1331 1161 1530 1231 quippe
1584 1155 1730 1226 quod
1779 1168 1887 1207 una
1932 1167 2057 1206 cum
2094 1150 2234 1204 coelo
2262 1156 2473 1213 tempus
2527 1156 2649 1197 esse
2706 1137 2932 1208 cmperit
2964 1135 3119 1190 :sive
3173 1132 3385 1188 Caelum
3413 1130 3588 1199 ipsum
3623 1143 3748 1181 vere

1660 1245 1688 1247 γε
1934 1243 1950 1247 _
1990 1244 1999 1247 _
2230 1239 2261 1247 ..
2318 1246 2322 1247 ,
2628 1241 2641 1247 -
2754 1246 2759 1247 ,
2862 1230 2946 1247 ιε,
3007 1227 3158 1247 _.!--_.
3214 1224 3364 1247 -.-ΣΛ-
3427 1221 3625 1247 Idan..-
3660 1221 3747 1247 :Iln

479 1221 894 1247 ματη-...κη
938 1221 1057 1226 τνπη
1268 1221 1279 1229 ,
1351 1221 1363 1231 .
1432 1221 1480 1229 .-
1603 1221 1618 1226 -

479 1269 701 1327 Saturni
730 1275 961 1336 patrem,
1017 1275 1080 1315 ac
1136 1255 1433 1313 secundum
1477 1265 1601 1304 eum
1648 1245 1885 1315 Tempus
1927 1243 2094 1296 fuisse
2136 1239 2332 1294 malint
2382 1256 2396 1292 :
2445 1249 2580 1290 sane
2626 1241 2808 1286 tamen
2862 1230 2950 1282 his
2998 1227 3161 1282 etiam
3214 1224 3364 1294 prior
3416 1221 3625 1291 Jupiter
3659 1221 3749 1273 ille

2172 1332 2181 1336 -
2399 1324 2412 1336 .
2645 1318 2681 1336 n
2745 1317 3127 1336 u-n_.,,___:__--
3177 1328 3270 1336 --η
3303 1308 3588 1336 'I“...........:-
3622 1323 3721 1336 ﬁ...

480 1308 961 1336 υα.......,......,...,
1017 1308 1079 1315 η
1138 1308 1255 1313 ---γ
1316 1308 1319 1309 ν
1786 1308 1801 1315 _

474 1380 598 1421 esse
624 1360 828 1421 debuit,
860 1369 1019 1425 quem
1080 1349 1185 1420 ipsi
1255 1346 1417 1399 deum
1480 1354 1660 1394 rerum
1713 1343 1990 1390 auctorem
2037 1332 2305 1389 omnium,
2349 1324 2591 1392 adeoque
2642 1318 2780 1375 (Σαξιί
2799 1317 3131 1385 Saturnique
3176 1328 3274 1368 seu
3303 1308 3592 1379 Temporis
3622 1323 3750 1378 pro-

2236 1423 2243 1425 .
2458 1418 2489 1425 Α
2552 1417 2564 1425 ,
2649 1414 2671 1425 _
2753 1415 2785 1425 __
2902 1412 2922 1425 _
3024 1411 3057 1425 ,Δ
3137 1407 3179 1425 Α
3230 1405 3626 1425 :__:____
3682 1404 3744 1425 AL

477 1466 779 1517 creatorem
828 1466 951 1507 esse
996 1446 1203 1501 volunt.
1267 1440 1423 1507 Quod
1473 1437 1518 1492 si
1555 1436 1628 1488 ita
1677 1441 1781 1495 est,
1829 1443 1936 1482 non
1979 1427 2091 1496 jam
2124 1423 2319 1479 tertius
2363 1436 2395 1475 a
2450 1417 2604 1473 leo
2643 1414 2853 1484 Jupiter
2899 1411 3082 1466 fuerit.
3134 1407 3421 1474 Quomodo
3462 1405 3626 1473 igitur
3681 1404 3750 1456 ab

477 1553 734 1609 omnibus
768 1561 876 1601 non
924 1538 1195 1612 Egypliis
1235 1543 1443 1589 tantum
1470 1545 1536 1584 ac
1570 1527 1731 1597 108
1765 1521 2133 1583 Phoenicibus,
2170 1532 2358 1572 verum
2408 1514 2572 1569 etiam
2622 1510 2826 1566 Grzecis
2868 1516 3029 1576 atque
3065 1502 3404 1574 philosophis
3433 1515 3589 1554 mens
3621 1501 3749 1561 ista,

479 1661 661 1703 rerum
691 1640 932 1696 omnium
987 1632 1302 1693 architeela,
1336 1628 1389 1681 in
1441 1625 1728 1678 numinum
1784 1633 2003 1673 suorum
2057 1613 2370 1685 genealogia
2426 1625 2535 1664 non
2567 1607 2671 1661 nisi
2718 1604 2926 1659 aleo
2977 1602 3136 1657 tertia
3169 1608 3481 1654 recensetur
3516 1597 3540 1648 ?
3571 1595 3752 1664 Atque

481 1738 568 1793 his
620 1732 921 1790 rationibus
964 1723 1271 1797 philosophi
1339 1717 1515 1772 nostri
1575 1720 1945 1769 commentum
1999 1707 2284 1762 manifeste
2332 1704 2459 1758 licet
2522 1706 2791 1763 teneatur,
2844 1696 2988 1750 idem
3039 1702 3221 1748 tamen
3275 1690 3343 1744 iis
3392 1688 3559 1757 ipsis,
3623 1702 3751 1756 qua:

478 1840 667 1903 postea
697 1825 936 1897 subjicit,
967 1820 1172 1877 clarius
1201 1824 1481 1885 arguctur.

1085 1929 1320 1989 CAPUT
1372 1928 1466 1983 XI.

586 2035 936 2093 Validissima
969 2028 1279 2085 ercorum
1304 2022 1610 2095 dogmatum
1638 2014 1955 2084 confutatio.

558 2233 580 2267 ι
613 2211 810 2277 Porro,
844 2206 1138 2270 Junonem,
1171 2200 1370 2271 inquit,
1398 2195 1548 2251 Jovis
1570 2205 1795 2248 uxorem
1816 2203 1939 2243 esse
1965 2187 2063 2240 ﬁn-

481 2302 865 2375 1erunt,quod
886 2299 1164 2355 aetheriam
1192 2293 1397 2348 scilicet
1424 2287 1739 2353 aeriamque
1754 2281 1862 2334 vim
1892 2277 2064 2331 Juno-

483 2416 607 2457 nem
642 2396 1011 2467 appellarent;
1042 2388 1212 2442 aether
1242 2384 1389 2439 enim
1442 2375 1841 2435 subtilissimus
1884 2386 1948 2425 ac
1980 2380 2062 2423 te-

484 2490 787 2548 nuissimus
814 2501 907 2539 aer
933 2491 1033 2537 est.
1078 2499 1097 2532 ι
1163 2477 1479 2538 Enimvero,
1511 2470 1714 2524 mthera
1753 2463 1900 2517 Jovis
1943 2474 2065 2515 esse

486 2593 722 2640 mentem
757 2577 963 2647 Orphei
1002 2572 1249 2629 carmina
1280 2566 1444 2637 paulo
1496 2569 1623 2617 ante
1671 2554 2061 2612 declarabant:

484 2691 633 2731 nunc
664 2643 872 2735 autem,
901 2665 1031 2737 quid
1067 2663 1235 2718 aliter
1269 2659 1359 2712 ille
1404 2656 1476 2712 sit
1521 2649 1834 2720 interpretis
1891 2643 2064 2699 nostri

485 2763 679 2821 definit
704 2761 902 2825 oratio,
938 2758 1066 2812 dum
1097 2750 1483 2807 tenuissimum
1511 2758 1693 2799 aerem
1737 2740 1890 2794 illum
1943 2726 2066 2790 esse

483 2856 821 2930 pronuntiat.
860 2849 1029 2920 Atqui
1076 2862 1277 2917 corpus
1321 2856 1454 2899 sane
1501 2853 1596 2893 aer
1639 2842 1745 2900 est,
1782 2830 2067 2895 multoque

486 2920 663 3018 inagis
688 2946 879 3007 aether,
912 2957 978 2997 ex
1011 2955 1121 3010 quo
1148 2935 1438 2991 manifeste
1467 2929 1616 2985 Jovis
1648 2932 1907 2989 mentem,
1937 2920 2065 2973 licet

485 3038 897 3101 tenuissimum,
935 3046 1138 3101 corpus
1169 3039 1352 3083 tamen
1381 3037 1504 3079 esse
1556 3015 1922 3076 convincitur.
1962 3008 2066 3063 Ec-

486 3131 611 3200 quis
648 3142 776 3183 vero
803 3139 997 3195 capere
1026 3134 1267 3190 unquam
1311 3131 1375 3171 ac
1414 3111 1748 3184 persuadere
1788 3104 1890 3160 sibi
1937 3115 2065 3171 pos-

487 3221 582 3286 sit,
629 3232 829 3287 corpus
876 3225 1038 3283 atque
1073 3218 1311 3263 mentem
1359 3218 1474 3259 rem
1526 3213 1691 3254 unam
1739 3203 1794 3249 et
1817 3190 2063 3247 eamdem

489 3327 634 3376 esse,
693 3321 929 3377 quorum
970 3312 1181 3357 natura:
1242 3313 1311 3353 ex
1371 3295 1660 3353 diametro,
1697 3301 1807 3357 quo

489 3401 794 3461 carminum
830 3397 1061 3450 istorum
1090 3391 1292 3447 oblitus
1323 3387 1413 3443 ille
1461 3383 1621 3439 fuerit

593 3513 739 3569 Mens
764 3525 946 3573 verax,
978 3506 1211 3575 nullique
1235 3501 1490 3557 obnoxius
1525 3498 1686 3553 wther

713 3565 950 3656 interitu;
984 3579 1074 3656 qui
1105 3565 1297 3656 cuncto
1324 3580 1591 3656 mouetque
1632 3565 1866 3656 regitque

490 3631 1074 3714 ἓοῗιεὶίίοξ-’Ῠοτῆαίιιι
1104 3654 1292 3715 potest,
1318 3631 1613 3715 sonituive,
1658 3631 1747 3690 nco
1776 3631 1922 3715 pilus

492 3704 891 3782 hancce—Jama
909 3704 1141 3775 sobolem
1164 3704 1438 3787 strepitus,
1466 3726 1558 3764 nec
1588 3708 1734 3778 fama
1770 3704 1956 3757 latere.

486 3863 696 3930 Quibus
753 3856 952 3911 mthera
1011 3853 1160 3908 Jovis
1212 3862 1336 3903 esse
1392 3854 1631 3901 mentem
1659 3837 1943 3910 perspicue
1967 3834 2064 3890 de-

490 3953 754 4009 claratur.
802 3944 912 4001 Iste
960 3952 1142 3998 autem
1192 3952 1387 3994 rursus
1429 3934 1707 3991 mtheriam
1755 3931 2067 3995 aeriamque

491 4043 603 4097 vim
652 4039 923 4095 Junonem
985 4048 1108 4089 esse
1167 4031 1362 4092 tradit,
1414 4039 1653 4095 moxque
1720 4018 2067 4077 distinctione

492 4145 651 4189 utens
677 4132 751 4187 ita
783 4126 1062 4197 subiungit
1089 4144 1101 4179 :
1140 4142 1159 4176 ι
1198 4123 1277 4177 Ac
1304 4122 1387 4175 vis
1418 4118 1662 4189 quidem,
1696 4112 1893 4182 inquit,
1923 4108 2066 4163 aeris

491 4225 756 4287 universi,
792 4222 963 4291 Ἥρα,
994 4220 1099 4273 hoc
1126 4225 1210 4271 est
1235 4213 1400 4279 Juno,
1433 4206 1797 4280 appellatione
1842 4202 1910 4257 ab
1941 4215 2066 4255 aere

489 4317 674 4378 ducta,
705 4310 1018 4364 nominatur
1055 4323 1069 4372 ;
1110 4306 1229 4375 ejus
1280 4311 1461 4357 autem
1512 4297 1679 4361 aeris,
1724 4307 1885 4364 quem
1926 4288 2066 4344 infra

487 4406 674 4459 lunam
717 4402 880 4457 modo
934 4397 1257 4456 illuminari,
1290 4393 1455 4448 modo
1489 4388 1727 4445 tenebris
1781 4383 2065 4441 obscurari

488 4496 759 4557 videmus,
793 4490 1001 4545 Latona
1032 4486 1336 4558 symbolum
1378 4492 1482 4548 est,
1534 4480 1733 4551 quippe
1765 4490 1887 4548 qua:
1919 4472 2066 4545 ληθώ

488 4587 759 4659 quaedam,
808 4582 863 4637 id
897 4589 983 4636 est
1014 4578 1239 4641 oblivio,
1279 4577 1370 4640 sit,
1418 4573 1617 4642 partim
1665 4567 1813 4639 quod
1869 4565 2066 4621 animis

487 4655 620 4744 illis,
661 4691 802 4745 quos
828 4672 971 4727 infra
1028 4670 1218 4724 lunam
1251 4663 1532 4737 procreari
1576 4659 1865 4730 contingit,
1896 4655 2066 4713 divini

488 4768 734 4829 numinis
768 4765 973 4822 oblivio
1003 4762 1315 4818 comitetur.
1352 4758 1541 4827 Itaque
1579 4763 1753 4808 mater
1797 4748 2066 4819 Apollinis

487 4881 555 4922 ac
602 4863 806 4928 Dianas,

486 4957 677 5013 eadem
700 4953 910 5008 Latona
937 4946 1241 5017 nuncupari
1275 4943 1433 5008 solet,
1468 4961 1487 4993 ι
1519 4939 1716 5010 quibus
1751 4935 1896 4990 aliud
1929 4933 2061 4987 nihil

488 5045 786 5121 signiﬁcari
821 5042 987 5099 tradit
1012 5054 1176 5111 quam
1210 5050 1392 5092 aerem
1422 5033 1550 5087 luna
1600 5028 1917 5084 inferiorem
1967 5039 2061 5080 so-

488 5118 566 5197 lis
585 5156 650 5196 ac
673 5139 817 5193 luna:
837 5142 1119 5207 parentem
1163 5143 1304 5188 esse.
1336 5125 1555 5197 quippe,
1587 5122 1681 5192 qui
1724 5119 1930 5173 Latona
1969 5118 2058 5172 sit.

486 5233 741 5293 Atcnim,
775 5223 1055 5299 quomodo
1096 5219 1313 5276 tandem
1344 5230 1437 5271 aer
1480 5227 1679 5284 parens
1717 5224 1909 5266 eorum
1939 5224 2061 5263 esse

487 5323 683 5393 possit,
718 5337 840 5391 qua!
871 5312 1289 5373 illuminationis
1319 5323 1502 5365 causae
1555 5318 1706 5371 sunt,
1757 5301 2056 5373 praesertim

488 5392 613 5468 cum
648 5411 909 5467 eiliciatur
937 5409 1053 5478 ipse
1085 5405 1290 5476 potius,
1328 5415 1491 5473 quam
1518 5397 1743 5453 eﬂiciat?
1770 5393 1932 5464 109
1962 5392 2057 5446 Sol

488 5505 634 5560 enim
689 5513 851 5573 atque
905 5503 1033 5556 luna
1082 5499 1291 5552 variam
1327 5510 1394 5549 ac
1443 5490 1799 5559 multiplicem
1836 5488 1891 5540 in
1938 5498 2063 5538 aere

491 5595 847 5651 mutationem
896 5608 961 5648 ac
1003 5586 1438 5645 vicissitudinem
1482 5579 1741 5636 eﬂiciunt.
1790 5575 1907 5630 Jam
1935 5585 2063 5627 vero

487 5710 493 5747 ι
713 5720 870 5784 Νοῦς
890 5716 1190 5799 δ’δέτειιε
1214 5712 1492 5784 integritas
1516 5707 1774 5779 postulat,
1799 5715 1857 5759 ut
1880 5715 2065 5772 supra,

503 5791 614 5857 δούς
641 5788 697 5843 δέ
728 5808 813 5860 γε,
845 5791 926 5845 vel
952 5788 1007 5840 δέ
1038 5803 1119 5840 τε.

488 5874 502 5919 i

2688 1902 3085 1960 ΚΕΦΑΛΑῙΟΝ
3126 1901 3228 1954 IA'.
3288 1940 3299 1951 .

2200 2006 2492 2074 Ἔλεγχος
2536 1998 2789 2070 ἰσχυρός
2818 1991 3360 2119 ἐξέλω-θεῶν
3408 1989 3720 2061 δογμάτων

2238 2186 2256 2217 ι
2292 2164 2406 2236 Τὴν
2437 2164 2494 2216 δὲ
2520 2162 2700 2233 Ἥραν
2737 2157 2982 2211 σύνοικον
3029 2155 3106 2226 τῷ
3137 2152 3220 2207 Διῒ
3250 2154 3613 2224 πεποιήκασι,
3652 2152 3757 2223 τὴν

2164 2257 2403 2326 αἰθέριον
2435 2255 2529 2307 καὶ
2574 2254 2757 2323 ἀέριον
2813 2250 3044 2318 δύναμιν
3094 2247 3272 2317 ’Ἦραν
3323 2246 3754 2316 προσειπόντες·

2163 2351 2274 2404 ἔστι
2312 2351 2420 2421 γὰρ
2450 2346 2545 2401 καλ⁵
2570 2345 2600 2396 6
2627 2344 2791 2414 αἰθὴρ
2819 2341 2924 2412 ἀὴρ
2945 2342 2974 2392 6
2991 2338 3508 2409 λεπτομερέστατος.
3543 2357 3563 2390 ι
3584 2338 3758 2389 Ἀνω-

2162 2442 2306 2512 τέρω
2342 2441 2439 2510 μὲν
2464 2436 2654 2507 ἐδήλου
2679 2433 2751 2487 τά
2782 2433 2889 2503 ἔπη
2918 2431 3007 2485 τὸν
3033 2430 3158 2483 νοῦν
3190 2428 3284 2483 τοῦ
3322 2428 3444 2493 Διὸς
3488 2426 3631 2482 εἶναι
3665 2427 3761 2481 τὸν

2165 2533 2388 2603 αἱθέρα’
2420 2529 2538 2584 νυνὶ
2560 2528 2616 2581 δὲ
2649 2528 2678 2578 6
2717 2526 2871 2594 λόγος
2900 2523 2953 2576 τί
2987 2523 3118 2576 ποτέ
3152 2522 3268 2574 ἐστι
3308 2523 3337 2574 6
3374 2522 3539 2593 αἰθὴρ
3580 2520 3758 2591 διορί-

2167 2628 2353 2691 ζεται,
2401 2621 2538 2693 ἀέρα
2583 2619 2757 2687 λέγων
2815 2612 2951 2668 εἶναι
3005 2613 3166 2667 αὑτὸν
3214 2612 3757 2684 λεπτομερέστατον·

2169 2717 2326 2786 σῶμα
2355 2715 2412 2767 δὲ
2445 2714 2473 2764 6
2499 2710 2640 2781 ἀὴρ,
2679 2710 2775 2762 καὶ
2810 2707 2945 2760 πολὺ
2996 2705 3259 2777 πρότερον
3285 2707 3314 2758 6
3360 2705 3547 2775 αἰθήρ.
3591 2705 3654 2757 ’0

2166 2809 2289 2871 νοῦς
2322 2807 2429 2876 ἄρα
2481 2802 2576 2855 τοῦ
2623 2800 2745 2863 Διὸς
2789 2798 3110 2870 ὲλήλεγκται
3160 2795 3319 2867 σῶμα
3347 2797 3675 2866 τυγχάνων,
3710 2797 3757 2847 εί

2166 2900 2261 2953 καί
2291 2897 2352 2949 τὸ
2385 2894 2601 2947 πάντων
2633 2888 3157 2960 λεπτομερέστατον.
3189 2887 3299 2940 Καὶ
3320 2886 3436 2949 πῶς
3464 2886 3529 2938 ἂν
3556 2884 3757 2938 ταύτὸν

2170 2989 2486 3061 ἐπινοηθείη
2522 2985 2680 3057 σῶμα
2712 2984 2807 3037 xui.
2844 2981 2968 3044 νοῦς
3002 2980 3145 3035 κατὰ
3177 2980 3466 3051 διάμετρον
3494 2982 3610 3042 τοῖς
3658 2979 3756 3047 φύ-

2170 3102 2285 3138 σεσι
2316 3079 2608 3143 διεστῶτα;
2646 3073 2758 3131 Εἶτ’
2783 3076 2884 3128 οὐκ
2913 3071 3009 3127 οἷδ’
3032 3074 3177 3137 ὅπως
3202 3072 3308 3127 τῶν
3340 3071 3483 3125 ἐπῶν
3506 3071 3759 3142 ἐπιλελη-

2170 3178 2364 3251 σμένος
2389 3174 2684 3246 διαρρήδην
2716 3169 3005 3240 φησάντων
3022 3184 3037 3198 ο

1810 3285 1843 3339 d
1904 3281 2078 3343 aiunt,
2132 3276 2278 3329 inter
2323 3284 2443 3323 sese
2486 3260 2890 3336 opponantur?
2942 3258 3147 3314 Deinde
3188 3272 3375 3313 neseio
3425 3272 3536 3329 quo
3592 3271 3764 3328 pacto

1629 3422 1645 3449 ,
1691 3389 1921 3449 quorum
1949 3382 2207 3441 expressa
2236 3363 2353 3416 haec
2381 3366 2465 3415 est
2488 3365 2784 3427 apertaque
2808 3351 3083 3407 sententia
3123 3368 3140 3405 :

2085 3491 2129 3547 r.
2160 3473 2384 3547 Νοῦςδ
2409 3471 2520 3547 (εδ)
2553 3463 3209 3547 ἀψευέξὴςνβιξσι-ιύζοςν
3239 3460 3477 3547 datam
3502 3458 3724 3547 αιθῖιξε

2165 3528 2357 3618 ἓρἑλ
2379 3528 2573 3618 afui-fta
2602 3528 2942 3618 ξυκλέῖριαι
2969 3532 3261 3618 φρᾴξεταιζ
3283 3528 3427 3618 suae
3447 3548 3536 3595 τις
3564 3528 3761 3596 αὐδὴ,

2172 3600 2306 3672 ὄῦτ’
2331 3600 2547 3678 ξυνοπὴ,
2576 3611 2716 3678 οὔτε
2742 3600 2989 3669 κτύποςζ
3017 3602 3160 3678 ᾳὺὸ-(ξ
3186 3603 3302 3678 μέις
3332 3600 3513 3678 ὅστιςρ2

2173 3668 2241 3743 ’Ἡ
2266 3668 2435 3751 ἀήθει
2460 3668 2591 3745 dide;
2620 3674 2721 3731 υἷα
2747 3668 3079 3743 ὑπερμενέα
3109 3668 3415 3739 Κρονίωνα
3436 3668 3569 3740 (86).

2166 3820 2243 3873 Δι’
2273 3812 2348 3870 ὧν
2390 3813 2575 3883 σαιρῶς
2598 3813 2627 3864 6
2671 3808 2835 3880 αἰθὴρ
2874 3806 2999 3869 νοῦς
3035 3805 3316 3875 ἀνείρηται
3355 3802 3431 3858 ὣν
3475 3801 3572 3855 τοῦ
3609 3804 3756 3867 Διός.

2179 3912 2237 3963 Ὀ
2270 3909 2327 3962 δὲ
2355 3906 2453 3977 τὴν
2482 3905 2657 3976 Ἥραν
2686 3900 2848 3954 πάλιν
2876 3897 2974 3969 τὴν
3018 3896 3257 3968 αἰθέριον
3297 3895 3392 3949 καὶ
3434 3895 3623 3966 ἀέριον
3663 3896 3764 3949 δύ-

2166 4019 2326 4072 ναμιν
2363 3995 2497 4052 εἷναί
2545 4010 2761 4067 φησιν.·
2796 3991 2988 4045 ἔπειτα
3027 3988 3251 4061 διαιρῶν
3286 3988 3553 4056 ἐπιλέγει·
3594 4007 3616 4039 ε
3648 3990 3768 4043 Καὶ

2165 4093 2261 4146 τοῦ
2298 4092 2394 4162 μὲν
2420 4088 2623 4151 παντὸς
2654 4085 2817 4157 ἀέρος
2858 4085 2892 4155 ή
2926 4082 3157 4153 δύναμις
3194 4081 3341 4152 Ἥρα
3371 4078 3610 4151 τοῦνομα
3647 4080 3765 4134 ἀπὸ

2165 4183 2257 4239 τοῦ
2289 4183 2447 4253 ἀέρος
2481 4176 2793 4247 κεκλημένη
2815 4193 2828 4206 ·
2865 4173 2961 4227 τοῦ
3006 4174 3063 4226 δὲ
3105 4172 3209 4225 ὑπὸ
3249 4171 3474 4242 σελήνην
3516 4169 3764 4239 φωτιζο-

2172 4278 2330 4348 μένου
2367 4275 2461 4327 καὶ
2511 4267 2893 4339 σκοτιζομένου
2948 4266 3108 4336 ἀέρος
3160 4265 3193 4334 ή
3241 4260 3400 4333 Λητὼ
3449 4260 3761 4332 σύμϐολονσ

2167 4367 2313 4441 ληθὼ
2347 4366 2455 4436 γὰρ
2487 4362 2657 4433 αὐτὴν
2682 4355 2820 4413 εἶναι
2850 4356 2939 4411 διὰ
2975 4357 3073 4427 τὴν
3110 4354 3253 4409 κατὰ
3276 4354 3365 4407 τὸν
3399 4351 3564 4407 ὕπνον
3601 4354 3768 4407 ἀναι-

2171 4460 2430 4532 σθησίαν·
2484 4455 2579 4509 καὶ
2633 4456 2716 4508 ὃτι
2760 4453 2959 4522 ψυχαῖς
3017 4447 3123 4501 ὑπὸ
3168 4448 3395 4517 σελήνην
3440 4444 3766 4516 γινομέναις

2167 4555 2304 4626 λήθη
2344 4550 2666 4621 ξυνομαρτεῖ
2688 4542 2779 4599 τοῦ
2807 4542 2961 4597 Θείου
2980 4557 2993 4571 ·
3023 4539 3118 4594 καὶ
3146 4536 3235 4591 διὰ
3259 4536 3417 4591 τοῦτο
3448 4535 3544 4589 καὶ
3567 4538 3720 4607 μήτη
3729 4554 3766 4607 ρ

2181 4641 2511 4704 Ἀπόλλωνός
2539 4656 2600 4692 τε
2633 4638 2730 4691 καὶ
2764 4632 3078 4706 Ἀρτέμιδος
3103 4629 3210 4683 τῶν
3249 4626 3439 4683 αἰτίων
3466 4626 3767 4697 φωτισμοῦ

2167 4742 2233 4810 τῇ
2257 4736 2430 4791 νυκτί.
2453 4754 2471 4786 ι
2492 4732 2605 4787 Καὶ
2625 4732 2682 4784 ὲν
2706 4727 2913 4789 τούτοις
2949 4724 3100 4795 ἡλίου
3139 4721 3235 4776 καὶ
3265 4721 3491 4791 σελήνης
3536 4718 3767 4789 μητέρα

849 4805 972 4820 ..ην
1005 4805 1315 4818 w....---...-
1352 4805 1539 4827 --ηη
1849 4805 1862 4819 _

849 4875 878 4914 a
913 4858 1116 4928 quibus
1169 4853 1350 4908 noctis
1393 4847 1720 4907 illuminatio
1765 4844 2060 4907 derivatur,

2172 4805 2335 4901 φησιν
2359 4824 2495 4880 εἶναι
2518 4824 2608 4877 τὸν
2634 4821 2738 4874 ὑπὸ
2772 4818 3000 4889 σελήνην
3034 4816 3203 4887 ἁέρω
3249 4812 3436 4866 τοῦτον
3462 4810 3572 4881 γὰρ
3613 4805 3765 4862 εἶναι

2167 4924 2264 4995 τὴν
2310 4919 2490 4992 Λητώ.
2537 4916 2649 4970 Καὶ
2682 4911 2800 4976 πῶς
2843 4911 2908 4965 ἂν
2946 4912 2975 4963 6
3017 4907 3124 4979 ἀὴρ
3155 4907 3365 4975 γένοιτο
3414 4906 3595 4975 μήτηρ
3645 4902 3768 4957 τῶν

2167 5017 2355 5071 αἰτίων
2385 5007 2690 5082 φωτισμοῦ,
2732 5004 2930 5077 μᾶλλον
2969 5002 3131 5065 αὐτὸς
3155 4999 3439 5070 γινόμενος
3473 4997 3507 5066 ἢ
3543 4995 3763 5059 ποιῶν;

2163 5109 2312 5179 ἥλιος
2352 5105 2459 5176 γὰρ
2489 5102 2583 5155 καὶ
2629 5098 2823 5169 σελήνη
2857 5095 3044 5150 ἄλλοτε
3081 5092 3253 5154 ἄλλως
3295 5090 3384 5142 τὸν
3414 5087 3551 5159 ἀέρα
3584 5103 3764 5157 μετα-

2165 5176 2435 5252 ϐάλλουσι.
2500 5191 2668 5245 Πάλιν
2729 5187 2786 5240 δὲ
2828 5184 3032 5257 προῖὼν
3100 5182 3226 5252 έξῆς
3271 5180 3440 5249 λέγει·
3482 5196 3501 5229 ι
3539 5177 3655 5230 Καὶ
3698 5176 3769 5227 τὸ

2170 5290 2267 5359 μὲν
2300 5284 2623 5359 ἡγεμονικὸν
2664 5281 2763 5351 τῆς
2805 5275 3022 5348 χθονίας
3073 5273 3375 5343 δυνάμεως,
3438 5268 3627 5322 Ἐστία
3665 5268 3769 5319 xs-

2167 5358 2449 5452 πληταιῇις
2478 5374 2696 5444 ἄγαλμα
2727 5367 3053 5441 παρθενικὸν
3081 5367 3165 5435 ἐφ’
3191 5363 3375 5424 ἑστίας
3408 5358 3578 5432 πυρὸς
3604 5358 3764 5428 ἱδρύ-

2175 5487 2353 5543 μενονο
2386 5466 2520 5521 καθὸ
2563 5464 2620 5517 δὲ
2666 5463 2886 5532 γόνιμος
2916 5462 2951 5531 ή
2984 5457 3231 5527 δύναμις,
3273 5452 3635 5524 σημαίνουσιν
3662 5451 3771 5503 αὖ.

2171 5565 2270 5635 τὴν
2296 5559 2549 5631 γυναικὸς
2577 5556 2708 5610 εἴδει
2752 5553 2857 5625 πρὸ
2899 5549 3125 5622 μαστοῦ.
3157 5548 3269 5617 Τὴν
3298 5546 3354 5597 δὲ
3396 5543 3553 5596 Ῥέαν
3587 5557 3769 5613 προσ-

2252 5695 2363 5761 (86)
2417 5687 2765 5758 Ὑπερμενέα
2801 5685 3119 5755 Κρονίωνα.
3163 5679 3377 5744 Melius,
3419 5678 3636 5749 ὑπερμε
3674 5675 3769 5737 ἐος

2178 5766 2505 5841 Κρονίωνος,
2544 5772 2601 5815 ut
2632 5774 2816 5828 supra.
