3880 6218
154 292 261 349 197

1340 293 1660 352 PR/EPAR.
1703 294 1955 349 EVANG.
2001 294 2129 349 LIB.
2170 294 2261 349 111.

3339 289 3444 347 198

147 417 312 468 sta-ev
352 412 460 485 τὴν
504 412 606 485 τῆς
656 413 966 486 πετρώδους
1006 413 1104 468 καὶ
1146 414 1324 485 ὀρείου
1353 415 1458 484 γῆς
1503 413 1730 485 δύναμιν

1862 414 1933 468 ita
1960 414 2219 482 deinceps
2248 412 2350 466 iste
2379 411 2766 481 prosequitur:
2804 429 2823 463 ι
2852 410 2909 465 id
2933 409 3080 481 quod
3105 417 3209 473 est,
3241 408 3440 479 inquit,

145 501 248 575 τήν
273 505 334 559 δὲ
364 507 665 577 Δήμητραν
688 508 791 575 τὴν
831 506 935 576 τῆς
975 505 1197 575 πεδινῆς
1241 505 1336 557 καὶ⁵
1368 504 1617 576 γονίμου.
1651 508 1761 575 Δη-

148 598 340 668 μήτηρ
380 596 443 651 δὲ
480 598 552 651 τά
585 598 688 669 μὲν
728 598 864 653 ἄλλα
892 599 1035 653 κατά
1073 598 1144 651 τὰ
1178 598 1321 652 αύτά
1352 598 1465 669 ἔχει
1494 600 1563 669 τῇ
1610 598 1756 669 Ῥέᾳ·

144 687 430 759 διενήνοχε
452 689 530 754 δὲ,
559 690 642 742 δτι
667 691 702 761 ἡ
727 690 866 762 αὐτὴ
897 692 1021 744 κυεῖ
1048 690 1147 761 τὴν
1170 690 1357 761 Κόρην
1380 692 1444 744 ὲκ
1463 690 1609 755 Διὸς,
1637 706 1760 743 του-

142 780 299 831 τέατι
349 780 447 832 τὸν
486 780 653 852 κόρον
704 784 770 835 ὲκ
811 781 921 834 τῶν
970 780 1337 852 φρυγανωδῶν
1400 780 1753 852 σπερμάτων.

144 869 236 921 Διὺ
271 870 369 922 καὶ
402 869 777 924 κατέστεπται
809 872 869 924 τὸ
904 871 1104 942 βρέτας
1147 872 1319 949 αὐτῆς
1351 873 1462 933 τοῖς
1500 870 1754 940 στάχυσι,

148 963 409 1033 μήκωνές
440 980 500 1016 τε
537 963 667 1033 περὶ
699 963 870 1034 αὐτὴν
908 963 1010 1031 τῆς
1041 961 1365 1030 πολυγονίας
1400 960 1686 1032 σύμϐολον.
1729 980 1750 1011 ›

144 1052 450 1107 Κάνταῦθα
474 1042 648 1107 ⁹πάλιν
676 1053 889 1117 σκόπει,
923 1053 1045 1106 τίνα
1077 1053 1281 1124 τρόπον
1314 1051 1412 1124 τὴν
1457 1053 1615 1106 Ῥέαν
1651 1070 1755 1124 μη-

142 1143 281 1215 τέρα
314 1144 460 1197 θεῶν
498 1143 822 1215 λεγομένην,
854 1144 949 1198 καὶ
978 1143 1141 1198 αὑτοῦ
1170 1143 1265 1197 τοῦ
1293 1144 1436 1208 Διὸς,
1466 1144 1616 1198 κάτω
1650 1162 1753 1198 που

143 1237 276 1308 περὶ
310 1239 524 1308 πέτρας
552 1238 647 1290 καί
672 1236 777 1305 γῆν
807 1235 1204 1306 καταϐέϐληκε,
1229 1235 1325 1288 καὶ
1355 1235 1536 1289 πάντα
1567 1236 1752 1308 φύρων

142 1327 240 1396 τὴν
282 1327 463 1397 αὐτὴν
495 1322 638 1381 εἷναί
682 1344 816 1397 φησι
860 1329 926 1397 τῇ
964 1326 1236 1397 Δήμητρι,
1257 1323 1430 1395 πλὴνσ
1458 1327 1538 1379 ὃτι
1573 1327 1751 1398 διενὴ-

141 1435 285 1488 νοχε,
323 1418 491 1483 καθὸ,
523 1419 714 1488 φησιν,
744 1420 778 1487 ἡ
812 1420 1079 1490 Δημήτηρ
1105 1420 1170 1471 ἐκ
1208 1418 1330 1481 Διὸς
1361 1422 1484 1471 κυεῖ
1515 1419 1612 1491 τὴν
1640 1420 1750 1474 K6-

142 1527 261 1582 ρην’
299 1509 495 1581 ὥςπερ
537 1506 633 1563 οὖν
661 1512 693 1581 ἡ
723 1511 912 1575 πεδιὰς
948 1512 1017 1582 γῆ
1047 1510 1139 1564 τὸν
1183 1511 1345 1582 κόρον
1374 1513 1439 1564 ὲκ
1469 1511 1578 1564 τῶν
1612 1530 1750 1584 φρυ-

139 1598 401 1667 γανωδῶν
437 1599 971 1671 σπερμάτων.ι“Ιδού
1008 1617 1093 1653 σοι
1132 1601 1294 1654 πάλιν
1333 1602 1361 1654 6
1393 1603 1528 1666 Ζεὺς
1566 1605 1649 1667 είς
1680 1603 1749 1658 τὰ

138 1691 474 1764 φρυγανὼδη
528 1695 822 1765 σπέρματα
878 1694 1295 1766 μεταϐέϐληται.
1349 1695 1573 1760 Τούτοις
1622 1697 1749 1768 ἑξῆς

137 1787 505 1841 ὲπισυνάπτει
529 1787 726 1856 λέγων’
771 1806 794 1840 ι
839 1788 994 1841 Ἐπεὶ
1017 1788 1073 1841 δὲ
1100 1789 1193 1841 καὶ
1216 1787 1324 1840 τῶν
1359 1790 1440 1852 είς
1477 1790 1579 1860 γῆν
1619 1790 1748 1859 βαλ-

136 1866 382 1943 λομένων
427 1877 767 1947 σπερμάτων
808 1872 877 1947 ἦν
919 1894 1003 1940 τις
1051 1877 1299 1948 δύναμις,
1330 1878 1397 1949 ῆν
1425 1866 1574 1949 ἥλιος
1620 1883 1748 1952 περὶ

140 1966 194 2018 τὸ
224 1965 383 2020 κάτω
411 1966 776 2038 ἡμισφαίριον
799 1966 892 2021 ἰὼν
921 1968 1069 2022 ’ἐλκει
1101 1970 1245 2024 κατά
1286 1971 1385 2034 τὰς
1424 1973 1747 2043 χειμερινὰς

136 2058 363 2128 τροπὰς,
393 2060 556 2132 Κόρη
592 2060 693 2131 μὲν
719 2062 754 2131 ἡ
782 2059 1011 2132 δύναμις
1035 2063 1068 2133 ἡ
1103 2062 1539 2135 σπτερματοῦχος,
1574 2063 1747 2117 Πλού-

132 2166 237 2203 των
268 2151 330 2204 δὲ
363 2153 396 2205 6
420 2152 532 2205 ὑπὸ
562 2153 669 2223 γῆν
700 2151 795 2207 ἰὼν
830 2153 1003 2223 ἥλιος,
1036 2154 1133 2208 καὶ
1166 2153 1259 2209 τὸν
1304 2156 1488 2227 ἀφανῆ
1530 2173 1747 2232 περινο-

136 2241 273 2295 στῶν
312 2243 555 2313 κόσμον,
603 2244 817 2307 καὶτὰς
844 2245 1161 2317 χειμερίους
1194 2248 1431 2318 τροπάςο
1464 2247 1525 2312 ὃς
1565 2247 1747 2321 ἀρπά-

132 2330 246 2398 ζειν
294 2334 532 2402 λέγεται
570 2333 671 2405 τὴν
711 2336 917 2407 Κόρην,
959 2338 1025 2408 ἢν
1064 2336 1276 2410 ποθείὴ
1317 2340 1581 2411 Δημήτηρ
1611 2358 1746 2413 κρυ-

131 2421 419 2493 πετομένην
451 2422 562 2474 ὑπὸ
584 2422 709 2491 γῆν.
739 2424 861 2478 Τῶν
890 2424 948 2477 δὲ
978 2426 1318 2497 ἀκροδρύων,
1347 2427 1444 2481 καὶ
1471 2429 1609 2493 ὅλως
1632 2429 1745 2484 τῶν

132 2512 481 2578 φυτευτικῶν
531 2515 566 2584 ή
611 2513 861 2585 δύναμις,
919 2514 1171 2576 Διόνυσος
1211 2517 1551 2588 ὀνομάζεται.
1603 2521 1744 2592 Ὅρα

128 2598 186 2653 ἃ
236 2602 336 2655 καὶ
381 2601 598 2655 τούτων
644 2603 744 2666 τὰς
783 2603 1019 2666 είκόνας.
1068 2604 1320 2675 Σύμϐολα
1362 2607 1472 2681 γὰρ
1514 2611 1547 2680 ή
1590 2610 1740 2684 Κόρη

127 2691 284 2761 φέρει
310 2693 419 2763 τῆς
449 2691 730 2764 προϐολῆς
750 2693 858 2746 τῶν
882 2694 1024 2747 κατά
1045 2696 1170 2758 τοὺς
1195 2699 1443 2768 καρποὺς
1474 2700 1613 2771 ὑπὲρ
1641 2702 1743 2773 τὴν

123 2783 233 2853 γῆν
279 2783 598 2852 ὲκφύσεων·
644 2787 674 2838 6
720 2784 778 2837 δὲ
825 2786 1077 2850 Διόνυσος
1132 2788 1288 2841 κοινά
1326 2790 1426 2860 μὲν
1464 2792 1600 2863 πρὸς
1640 2793 1742 2865 τὴν

122 2874 318 2947 Κόρην
347 2875 470 2946 ἔχει
498 2876 570 2930 τά
612 2877 840 2947 κέρατα,
872 2878 989 2931 ἐστι
1025 2878 1083 2933 δὲ
1118 2879 1486 2953 θηλύμορφος,
1522 2884 1741 2955 μηνύων

121 2964 229 3035 τὴν
277 2967 413 3036 περὶ
465 2967 569 3038 τὴν
613 2967 827 3036 γένεσιν
870 2968 976 3021 τῶν
1009 2971 1326 3044 ἀκροδρύων
1374 2974 1741 3047 ἀρῤενὸθηλυν

120 3055 387 3126 δύναμιν.
434 3056 693 3111 Πλούτων
720 3059 777 3112 δὲ
821 3063 851 3113 6
886 3060 1071 3131 Κόρης
1099 3062 1281 3134 ἅρπαξ
1315 3063 1462 3119 κύων
1494 3066 1607 3136 (87)
1640 3067 1741 3138 μὲν

122 3143 244 3214 ἔχει
270 3143 373 3199 τοῦ
406 3145 651 3215 ἀφανοῦς
682 3148 848 3203 πόλου
875 3149 1163 3221 σύμϐολον*
1198 3153 1260 3205 τὸ
1287 3153 1346 3207 δὲ
1372 3156 1646 3228 σκῆπτρον
1680 3157 1743 3212 τὸ

124 3236 357 3288 κολοϐὸν
394 3240 624 3307 σημεῖον
654 3239 756 3308 τῆς
788 3239 897 3294 τῶν
921 3242 1073 3296 κάτω
1105 3242 1401 3314 βασιλείας·
1436 3247 1464 3299 6
1490 3245 1551 3303 δὲ
1593 3247 1741 3302 κύων

124 3326 294 3379 αὖτοῦ
323 3327 488 3399 δηλοῖ
512 3329 611 3399 τὴν
641 3330 838 3401 κύησιν
867 3333 976 3387 τῶν
1006 3337 1255 3407 καρπῶν,
1286 3340 1366 3402 είς
1401 3339 1527 3411 τρία
1553 3340 1743 3414 διῃρη-

131 3418 326 3489 μένην,
360 3420 447 3484 εἰς
479 3420 578 3491 τὴν
601 3423 930 3495 καταϐολὴν,
956 3425 1051 3478 καὶ
1075 3428 1174 3499 τὴν
1209 3428 1496 3500 ὑποδοχὴν,
1519 3432 1614 3486 καὶ
1641 3431 1740 3503 τὴν

129 3512 410 3566 ἀνάδοσιν.
465 3512 543 3565 Ού
588 3513 698 3586 γὰρ
746 3516 900 3586 παρά
953 3517 1016 3570 τὸ
1055 3516 1154 3580 τὰς
1188 3517 1367 3589 κῆρας
1408 3518 1554 3590 ἔχειν
1602 3522 1741 3595 πρὸς

135 3600 365 3673 βορρᾶν,
390 3604 421 3657 ὃ
444 3604 598 3675 δηλοί
622 3606 722 3671 τας
744 3607 944 3678 ψυχὰς,
971 3608 1234 3680 κέκληται
1252 3609 1420 3675 κύων,
1437 3611 1571 3665 ἀλλὰ
1589 3614 1740 3684 παρὰ

128 3697 190 3749 τὸ
210 3701 397 3760 κυεῖν,
424 3700 458 3768 ή
481 3701 714 3770 χορηγὸς
738 3700 852 3772 (88)
881 3703 909 3755 6
930 3701 1205 3770 Πλούτων,
1234 3703 1360 3757 ὅταν
1389 3704 1611 3778 ἁρπάσῃ
1638 3706 1739 3776 τὴν

130 3787 343 3860 Κόρην.
371 3790 566 3853 Ἀττις
601 3790 658 3844 δὲ
685 3792 783 3844 καὶ
822 3792 1050 3858 Ἀδωνις
1092 3798 1159 3867 τῇ
1199 3794 1308 3849 τῶν
1359 3797 1589 3868 καρπῶν
1629 3794 1738 3851 εἷεν

126 3881 407 3953 ἀναλογίᾳ
435 3884 828 3954 προσήκοντες.
864 3882 1001 3938 Ἀλλ’
1042 3887 1071 3939 6
1106 3888 1204 3958 μὲν
1235 3887 1420 3951 Ἀττις
1458 3887 1566 3941 τῶν
1597 3888 1738 3943 κατά

124 3975 189 4029 τὸ
217 3976 326 4047 ἔαρ
362 3977 813 4047 προφαινομένων
838 3976 1034 4043 ἀνθῶν,
1070 3979 1164 4032 καὶ
1193 3979 1323 4051 πρὶν
1358 3980 1736 4052 τελεσιογονῆ-

130 4085 222 4121 σαι
271 4068 394 4139 (89)
434 4068 818 4139 διαρῤεὸντων.
865 4069 1027 4122 Ὅθεν
1078 4070 1172 4122 καὶ
1229 4068 1326 4141 τὴν
1359 4069 1467 4124 τῶν
1522 4070 1737 4123 αἰδοίων

127 4160 427 4231 ἀποκοπὴν
460 4159 608 4229 αὐτῷ
642 4158 1064 4230 προσανέθεσαν,
1105 4158 1180 4230 μὴ
1210 4160 1531 4230 φθασάντων
1562 4161 1735 4215 ἐλθεῖν

126 4249 239 4302 τῶν
280 4247 523 4320 καρπῶν
570 4250 650 4311 εἰς
692 4246 787 4318 τὴν
837 4248 1214 4319 σπερματικὴν
1266 4247 1560 4304 τελείωσιν
1602 4253 1631 4303 6
1679 4251 1735 4304 δὲ

137 4339 378 4400 Ἄδωνις
407 4337 506 4407 τῆς
538 4336 646 4389 τῶν
675 4335 894 4389 τελείων
919 4336 1146 4408 καρπῶν
1175 4337 1415 4409 ὲκτομῆς
1445 4337 1730 4409 σύμϐολον.

1768 3099 1810 3156 C

1864 506 1918 559 in
1960 515 2177 559 terrena
2197 503 2248 556 vi
2283 503 2540 572 princeps
2567 511 2732 573 atque
2761 502 3109 573 primarium,
3150 499 3307 555 Vesta
3342 515 3442 554 no.

1860 596 2123 659 minatur,
2159 593 2321 663 cujus
2357 593 2717 649 simulacrum
2749 594 2990 665 virginea
3043 593 3224 663 specie
3283 592 3440 661 juxta

1860 685 2042 740 locum
2072 683 2299 738 excitari
2328 682 2698 753 collocarique
2724 684 2862 738 solet
2890 701 2905 738 :
2936 692 3212 753 quatenus
3252 691 3438 735 autem

1859 774 2093 830 fecunda
2127 775 2213 828 vis
2241 774 2333 827 illa
2362 782 2466 837 est,
2497 775 2744 829 eamdem
2803 774 3200 827 uberumlenus
3240 773 3442 825 mulie—

1861 868 1941 921 bri
1984 865 2159 920 forma
2186 879 2502 935 expressam
2533 865 2845 918 voluerunt.
2884 861 2952 916 Et
2997 860 3167 932 Opem
3218 863 3439 931 quidem

1858 958 2091 1027 lapidosi
2128 972 2192 1012 ac
2218 957 2483 1020 montani,
2520 956 2777 1011 Cererem
2811 970 2942 1010 vero
2987 955 3134 1024 plani
3163 954 3441 1024 ejusdem-

1856 1065 1963 1120 que
1990 1048 2187 1104 l'eracis
2218 1050 2320 1104 soli
2369 1050 2481 1103 vim
2523 1048 2885 1117 appellarunt.
2932 1046 3068 1100 Nam
3104 1046 3272 1103 Ceres
3312 1064 3438 1102 cum

1856 1154 2047 1196 cetera
2092 1143 2253 1212 plane
2292 1144 2477 1198 omnia
2523 1156 2647 1194 cum
2690 1139 2805 1209 Ope
2851 1141 3168 1195 communia
3221 1141 3438 1203 habeat,

1856 1242 1971 1286 tum
2004 1235 2107 1288 hoc
2133 1235 2203 1289 ab
2229 1233 2320 1287 illa
2350 1231 2558 1295 dill'ert,
2580 1231 2725 1299 quod
2760 1232 2877 1300 ipsa
2912 1231 3118 1302 Κόρην,
3153 1231 3435 1301 Proserpi-

1857 1341 1983 1379 nam
2014 1341 2078 1379 ex
2110 1323 2267 1388 Jove,
2304 1325 2408 1380 hoc
2449 1335 2533 1378 est
2578 1323 2762 1393 κόρον,
2789 1333 3065 1377 recentem
3091 1332 3145 1378 et
3176 1325 3437 1378 tenellum

1853 1431 1921 1469 ex
1951 1417 2283 1470 cremiorum
2319 1431 2383 1471 ac
2430 1424 2757 1469 cancrorum
2812 1415 3137 1485 huiusmodi
3176 1417 3441 1487 virgulto-

1851 1523 1974 1561 rum
2011 1507 2315 1562 seminibus
2363 1522 2576 1560 ramum
2622 1506 2819 1559 educat
2862 1525 2876 1560 :
2929 1522 3051 1576 quae
3077 1523 3244 1563 causa
3271 1510 3437 1565 etiam

1851 1610 1955 1662 est,
1996 1599 2354 1669 quamobrem
2384 1599 2555 1668 ipsius
2586 1598 2790 1668 elligies
2824 1600 2988 1668 spicis
3023 1609 3341 1665 coronetur,
3373 1616 3439 1658 ac

1851 1690 2251 1759 papaveribus,
2321 1705 2445 1758 qua:
2509 1705 2723 1759 magna:
2784 1689 3137 1747 fecunditatis
3186 1676 3439 1764 symboia

1851 1789 1999 1845 sunt,
2052 1782 2344 1836 ambiatur.
2390 1800 2409 1833 ι
2481 1780 2581 1835 llic
2636 1797 2856 1837 rursum
2903 1784 3145 1849 videsis,
3205 1786 3436 1856 amabo,

1848 1870 2308 1940 quemadmodum
2341 1871 2441 1925 iste
2468 1867 2638 1940 Opem
2659 1872 2830 1937 illam,
2861 1890 3003 1944 quae,
3039 1890 3165 1929 cum
3198 1885 3427 1931 caetero-

1847 1978 1970 2017 rum
2004 1966 2294 2018 numinum
2324 2002 2339 2029 ,
2368 1973 2483 2018 tum
2518 1963 2691 2032 ipsius
2717 1962 2870 2021 Jovis
2901 1976 3080 2021 mater
3109 1968 3435 2038 appellatur,

1847 2054 2108 2108 deorsum
2160 2054 2215 2108 in
2274 2069 2407 2109 saxa
2459 2061 2775 2124 terramque
2809 2056 3091 2126 abjecerit,
3141 2060 3436 2130 omniaque

1846 2145 2087 2202 miscens
2138 2156 2303 2217 atque
2342 2145 2709 2216 confundens,
2765 2151 3015 2205 eamdem
3065 2151 3213 2206 illam
3244 2152 3436 2211 fecerit

1846 2252 2013 2307 quam
2040 2237 2326 2307 Cererem,
2361 2238 2467 2294 hoc
2497 2248 2710 2295 tantum
2745 2241 3088 2306 discrimine,
3151 2244 3298 2316 quod
3324 2244 3433 2302 Ce-

1846 2346 1955 2395 res,
1986 2332 2188 2403 inquit,
2219 2330 2604 2403 Proserpinam
2633 2349 2700 2389 ex
2726 2332 2860 2393 Jove
2909 2338 3109 2408 pariat,
3153 2343 3431 2411 quomodo

1846 2423 2058 2478 scilicet
2086 2425 2309 2494 planum
2345 2433 2509 2480 terra:
2535 2426 2715 2481 solum
2744 2443 2812 2483 ex
2845 2431 3179 2486 cremiorum
3214 2433 3431 2503 virgul-

1844 2523 2139 2586 torumque
2170 2517 2474 2574 seminibus
2506 2536 2699 2576 recens
2748 2535 2814 2575 ac
2865 2522 3143 2577 novellum
3201 2541 3426 2593 germen

1843 2606 2046 2661 educit.
2095 2605 2236 2662 Ecce
2279 2608 2377 2662 tibi
2413 2608 2628 2681 Jupiter
2662 2612 2717 2667 in
2750 2612 3082 2666 cremiorum
3142 2615 3308 2668 etiam
3365 2632 3430 2673 ac

1842 2696 2205 2767 virgultorum
2233 2700 2443 2754 semina
2472 2712 2863 2758 commutatus.
2897 2703 3127 2770 Verum,
3155 2721 3277 2776 quae
3298 2708 3429 2763 sub-

1842 2786 2066 2858 iungat,
2128 2790 2465 2846 audiamus:
2520 2810 2540 2844 ι
2582 2792 2649 2848 Ει
2679 2795 2965 2863 quoniam,
2993 2795 3193 2865 inquit,
3233 2813 3426 2854 eorum

1843 2880 2138 2943 seminum,
2171 2896 2292 2949 qua:
2323 2893 2482 2938 terrae
2517 2887 2957 2952 committuntur,
2988 2887 3069 2941 vis
3101 2889 3349 2957 quazdam
3373 2898 3428 2945 et

1842 2967 2136 3024 ellicacitas
2163 2980 2267 3036 est,
2301 2988 2465 3042 quam
2499 2974 2581 3028 sol
2617 2975 2682 3028 ad
2709 2973 2942 3029 inferius
2975 2976 3422 3047 bemisphmrium

1843 3061 2229 3129 progrediens,
2274 3063 2421 3117 circa
2470 3064 2706 3120 hiemale
2752 3065 3050 3120 solstitium
3097 3083 3283 3124 secum
3316 3084 3425 3125 una

1843 3151 2069 3217 delerat,
2102 3152 2430 3224 Proserpina
2470 3156 2692 3225 quidem
2733 3157 2815 3213 vis
2873 3158 2965 3212 illa
3012 3168 3097 3213 est
3148 3161 3422 3216 seminum

1842 3247 2237 3313 conservatrix,
2275 3248 2435 3303 Pluto
2470 3265 2600 3304 vero
2627 3250 2731 3316 sol,
2763 3251 2858 3320 qui
2885 3251 3032 3306 circa
3068 3251 3281 3308 brumae
3314 3254 3423 3308 sol-

1843 3338 2075 3404 stitium,
2104 3339 2207 3393 sub
2239 3348 2442 3394 terram
2496 3356 2836 3408 commeans,
2886 3342 3146 3398 latentem
3180 3354 3235 3398 et
3266 3345 3423 3414 igno-

1844 3437 1957 3482 tum
1989 3431 2179 3484 orbem
2227 3429 2618 3485 circumeundo
2647 3441 2920 3502 peragrat.
2952 3435 3129 3506 Atque
3170 3435 3257 3489 his
3284 3435 3421 3489 Pro-

1842 3522 2116 3590 serpinam
2153 3524 2403 3592 rapuisse
2435 3532 2723 3593 propterea
2770 3526 2993 3590 dicitur,
3051 3544 3219 3597 quam
3252 3527 3419 3583 Ceres

1841 3614 1943 3668 sub
1976 3625 2118 3669 terra
2148 3614 2525 3669 absconditam
2558 3631 2777 3670 summo
2812 3618 3085 3672 desiderio
3113 3634 3419 3689 prosequa-

1840 3712 1950 3758 tur.
1987 3703 2056 3757 At
2082 3720 2208 3758 vero
2245 3704 2518 3760 fructuum
2548 3706 2681 3772 vim,
2712 3722 2823 3761 non
2862 3723 3053 3764 eorum
3095 3710 3260 3764 modo
3293 3712 3417 3780 qui-

1839 3791 1943 3847 bus
1972 3792 2103 3862 ligni
2134 3793 2313 3847 simile
2347 3803 2605 3863 putamen
2658 3804 2762 3859 est,
2822 3798 2917 3851 sed
2950 3799 3114 3853 etiam
3165 3801 3414 3855 omnium

1843 3884 2068 3939 omnino
2092 3884 2189 3954 qui
2236 3900 2300 3938 ex
2332 3886 2533 3955 plantis
2586 3887 2866 3953 oriuntur,
2912 3887 3186 3943 Bacchum
3232 3892 3414 3960 appel-

1838 3972 1972 4027 lant.
2018 3973 2097 4028 Ac
2136 3974 2270 4027 mihi
2324 3983 2380 4027 tu
2433 3989 2623 4029 eorum
2680 3976 2948 4046 imagines
3019 3982 3411 4049 contemplare.

1835 4061 1971 4117 Nam
2002 4063 2324 4133 Proserpina
2354 4067 2572 4134 quidem
2598 4067 2841 4137 symbola
2890 4068 2995 4123 l‘ert
3029 4070 3412 4126 exsistentium

1836 4171 1999 4224 supra
2033 4164 2231 4210 terram
2264 4174 2293 4212 a
2324 4166 2567 4230 semente
2607 4160 2914 4229 germinum
2958 4178 2973 4215 :
3020 4159 3271 4218 Bacchus
3311 4178 3410 4218 au-

1836 4254 1969 4313 tem,
2004 4246 2093 4300 cui
2148 4249 2461 4301 communia
2515 4258 2643 4303 sum
2691 4264 2815 4303 cum
2844 4251 3033 4304 eadem
3082 4249 3412 4322 Proserpina

1835 4354 2063 4404 cornua,
2091 4342 2344 4396 muliebri
2372 4343 2550 4413 specie
2585 4342 2826 4411 tingitur,
2855 4353 2915 4396 ut
2943 4343 3053 4396 vim
3087 4343 3256 4407 illam,
3289 4360 3415 4413 qua:

139 4438 201 4490 'O
225 4436 288 4489 δὲ
321 4434 581 4505 Σειληνὸς
610 4432 877 4505 σύμϐολον
902 4434 1001 4504 τῆς
1028 4435 1405 4505 πνευματικῆς
1438 4436 1729 4507 κινήσεως,

1844 4433 2144 4502 plantarum
2177 4433 2446 4489 fructibus
2477 4435 2638 4498 inest,
2668 4449 2733 4487 ex
2777 4434 3020 4489 mascula
3068 4434 3414 4505 femineaque

129 4529 232 4581 οὐκ
247 4529 414 4595 ὀλίγα
439 4525 886 4597 συμϐαλλομένης
918 4524 998 4595 τῷ
1026 4524 1206 4578 παντί.
1242 4525 1495 4596 Σύμϐολα
1530 4527 1587 4580 δέ
1613 4529 1728 4580 ὲστι

1844 4524 2121 4581 conﬂatam
2149 4526 2437 4597 signiﬁcet.
2465 4525 2626 4581 Pluto
2652 4526 2742 4580 ille
2769 4535 3051 4595 praeterea,
3077 4529 3171 4597 qui
3192 4527 3413 4583 Proser-

129 4623 193 4674 τὸ
228 4623 334 4692 μὲν
365 4618 623 4690 φίλανθον
662 4618 756 4671 καὶ
786 4616 1035 4671 στιλπνὸν
1064 4616 1206 4670 κατά
1237 4616 1334 4688 τὴν
1363 4617 1603 4689 κεφαλὴν
1629 4618 1728 4689 τῆς

128 4714 395 4784 οὐρανίου
448 4711 790 4781 περιφορᾶς,
840 4711 874 4780 ἡ
918 4708 976 4761 δὲ
1019 4709 1377 4781 περικειμένη
1427 4709 1572 4780 κόμη
1615 4711 1729 4772 τοῖς

126 4805 289 4859 κάτω
324 4803 553 4874 μέρεσιν
585 4800 751 4854 αὐτοῦ
784 4801 1090 4871 ὑπόδειγμα
1134 4799 1235 4870 τῆς
1282 4800 1572 4872 προσγείου
1601 4800 1729 4870 περὶ

122 4897 221 4949 τὸν
253 4896 399 4964 ἀέρα
431 4892 766 4962 παχύτητος.
808 4890 962 4942 Ἐπεὶ
996 4890 1052 4943 δὲ
1078 4889 1181 4959 τῆς
1210 4891 1304 4943 καὶ
1339 4889 1602 4960 μαντικῆς
1639 4889 1729 4941 δυ-

124 4983 357 5055 νάμεώς
385 4999 469 5045 τις
499 4981 725 5052 μέτοχος
754 4976 820 5050 ἦν
852 4979 1100 5050 δύναμις,
1135 4979 1305 5050 Θέμις
1340 4980 1437 5049 μὲν
1469 4977 1727 5048 κέκληται

126 5075 445 5146 ἠδύναμις,
470 5072 552 5143 τῷ
578 5072 647 5125 τά
673 5072 962 5142 τεθειμένα
992 5072 1087 5125 καὶ
1119 5070 1336 5139 ἑκάστῳ
1382 5070 1609 5140 κείμενα
1640 5069 1729 5123 λέ-

196 5254 323 5327 (87)
360 5254 558 5327 Κύριέ.
599 5249 793 5327 Mont._,
823 5248 980 5302 κύνα.
1012 5246 1055 5300 E
1073 5261 1353 5327 manuser.
1376 5246 1532 5327 alter,
1553 5243 1721 5326 κυῷν,

124 5315 445 5396 κὺὖαίμένο
475 5322 631 5396 Alter
661 5315 854 5396 κυνῆν,
884 5333 1160 5396 quaevera
1212 5317 1343 5396 mihi
1401 5317 1561 5396 lectio
1606 5315 1722 5396 visa

126 5409 234 5453 est.
264 5386 399 5451 orci
450 5393 600 5447 enim
648 5386 856 5459 galeam
901 5386 1170 5459 intelligit.
1212 5386 1357 5459 Sane
1396 5387 1559 5459 paulo
1602 5395 1725 5453 post

126 5471 308 5529 addit,
353 5478 551 5520 canem
600 5456 749 5515 aliud
794 5456 1363 5530 quoddam’Plutonis
1410 5457 1719 5527 symbolum

129 5538 333 5677 “335'
372 5606 435 5660 Ἡ
474 5602 753 5677 κορζητόςο
798 5600 856 5677 Si
899 5598 1038 5677 nihil
1083 5597 1310 5653 omnino
1337 5596 1509 5677 deest,
1537 5595 1720 5677 ιεεειι-

128 5666 263 5732 ἁιὼι
302 5666 892 5748 ’νίόειύἶδῇάορηγός
922 5670 973 5748 id
1012 5679 1114 5748 est,
1146 5683 1277 5748 qua,
1303 5666 1401 5748 .vel
1448 5674 1718 5748 quatenus

134 5750 247 5805 vim
270 5763 395 5804 eam
430 5737 773 5816 suppeditat;
792 5737 1019 5833 Plenius
1050 5737 1187 5795 forte
1215 5738 1318 5809 legi
1349 5737 1539 5809 possit,
1566 5737 1715 5809 παρὰ

1830 4618 2014 4688 pinam
2069 4620 2269 4689 rapuit,
2304 4621 2512 4689 galeam
2544 4627 2741 4690 gestat,
2792 4635 2915 4689 quae
2944 4619 3202 4673 latentem
3250 4621 3410 4689 igno~

1831 4720 2058 4782 tumque
2083 4714 2269 4783 polum
2308 4722 2660 4783 repraesentet
2702 4731 2715 4765 :
2764 4721 3022 4767 truncum
3078 4713 3205 4767 item
3244 4714 3409 4767 mnti-

1838 4802 2062 4872 lumque
2112 4812 2409 4872 sceptrum,
2440 4817 2551 4873 quo
2598 4800 2848 4870 ejusdem
2898 4801 2952 4855 in
3004 4817 3195 4857 manes
3248 4802 3408 4872 110

1829 4891 2167 4962 umbrasque
2206 4893 2494 4962 imperium
2527 4894 2822 4947 denotetur
2861 4909 2875 4945 :
2930 4906 3122 4946 canem
3171 4893 3406 4961 denique

1829 4981 2012 5049 habet,
2060 4984 2153 5053 qui
2199 4982 2417 5053 frugum
2471 4983 2719 5054 designet
2758 4983 3231 5053 procreationem,
3285 5000 3407 5054 qua:

1828 5075 2002 5130 tribus
2058 5075 2225 5130 veluti
2278 5074 2545 5145 partibus,
2594 5084 2836 5130 semente
2880 5073 3147 5140 facienda,
3187 5077 3408 5132 eadem--

1824 5249 1885 5302 τὸ
1910 5250 2064 5302 κυεῖν
2088 5246 2186 5321 τὴν
2214 5247 2340 5317 γῆν,
2442 5248 2699 5319 χορηγός,
2725 5247 2811 5302 vel
2840 5246 3023 5317 potius
3051 5237 3113 5299 οὗ
3144 5248 3406 5318 χορηγός,

1825 5334 2020 5386 nempe
2049 5320 2144 5372 τοῦ
2171 5322 2342 5372 κυεῖν.

1895 5390 2008 5458 (89)
2052 5386 2570 5458 Τελεσιογονῆσαι.
2614 5386 2768 5458 Haud
2816 5394 3018 5440 temere
3059 5386 3286 5458 verbum
3319 5405 3407 5439 τε·-

1821 5455 2147 5531 λεσιογονεῖν
2166 5455 2448 5531 reperias;
2474 5530 2479 5531 γ
2501 5472 2666 5531 ωερε
2687 5456 3099 5531 τελεσσιγονεῖν.
3129 5455 3290 5531 Forte
3322 5467 3374 5511 ta
3390 5488 3406 5499 -

1821 5546 1944 5583 men
1974 5527 2003 5581 ο
2035 5529 2182 5584 istud
2215 5527 2380 5583 inseri
2416 5530 2709 5597 aliquando
2739 5527 3025 5597 possit,_ut
3070 5528 3124 5580 in
3153 5527 3405 5597 εύρεσιο-

1819 5599 1974 5676 λογία
2008 5616 2105 5676 pro
2133 5595 2711 5676 εὑρεσιλογία,“εμριό.
2741 5595 2901 5650 83118
2921 5595 3104 5676 μήτε,
3135 5595 3262 5671 pag.
3299 5598 3402 5654 H9

1820 5672 2012 5727 eodem
2043 5671 2240 5727 iterum
2271 5671 2435 5726 modo
2463 5669 2726 5739 scriptum
2756 5669 3050 5739 reperitur.
