3858 6224
429 268 532 324 199

1082 260 1359 338 EUSEBII
1392 253 1874 315 CASSARIENSIS
1915 252 2065 307 OPP.
2109 247 2290 306 PARS
2328 247 2394 302 ΙΙ.
2436 277 2506 287 ——
2547 242 3046 300 APOLOGETICA.

3569 246 3673 303 εοο

425 401 534 454 que
561 399 685 438 cum
713 380 1054 451 excipienda,
1092 390 1206 434 tum
1237 380 1303 434 ad
1331 387 1634 434 extremum
1683 377 1736 429 in
1772 374 1994 428 herbam

2102 387 2242 438 γειν.
2273 368 2372 421 Διά
2389 367 2452 438 δὴ
2482 367 2697 420 πάντων
2723 364 2926 417 τούτων
2951 367 2984 434 ἡ
3007 362 3135 433 περὶ
3161 362 3262 433 γῆν
3281 362 3530 434 δύναμις,
3558 365 3674 432 ἐξη-

423 489 480 532 et
507 478 748 532 culmum
781 475 1060 528 educenda
1083 468 1424 528 'continetur.
1451 468 1636 538 Neque
1657 468 1801 521 enim
1840 481 1903 520 ex
1935 480 2000 519 eo

423 570 573 640 quod
606 570 723 638 ipse
759 569 958 638 κῆρας,
1001 567 1103 618 boc
1149 573 1234 618 est
1281 563 1514 626 animas,
1562 575 1700 629 quas
1755 558 1998 617 devoret,

421 661 625 716 habeat
661 659 830 722 κύων,
860 659 910 712 id
947 667 1031 711 est
1068 656 1245 719 canis,
1286 654 1609 724 appellatur,
1641 650 1733 705 sed
1762 648 1912 718 παρὰ
1940 648 2002 700 τὸ

419 755 596 818 κυεῖν,
633 755 736 808 hoc
777 763 861 806 est
891 766 920 803 a
953 749 1064 803 feto
1111 748 1444 818 gravidoque
1478 755 1635 799 terra:
1689 752 1865 806 utero,
1910 741 1999 794 cui

419 845 784 917 progignendi
837 844 949 897 vim
977 842 1140 896 Pluto
1186 839 1519 909 suppeditat,
1556 853 1682 891 cum
1717 834 2000 903 Proserpi—

420 953 550 991 nam
581 937 744 1006 rapit.
779 933 922 1000 Quin
951 935 1116 988 etiam
1147 933 1290 986 Attis
1317 940 1372 985 et
1399 930 1607 985 Adonis
1637 929 1876 998 aliquam
1901 927 1998 980 ha-

419 1025 555 1080 bent
606 1040 730 1078 cum
782 1023 977 1077 iisdem
1024 1021 1274 1089 frugibus
1303 1020 1731 1090 proportionem.
1765 1017 1831 1071 Et
1857 1017 1998 1070 Attis

417 1116 643 1186 quidem
694 1131 818 1169 cum
868 1115 936 1170 iis
983 1113 1214 1167 ﬂoribus
1251 1119 1622 1178 comparatur,
1674 1108 1768 1176 qui
1818 1107 1997 1175 printo

419 1221 546 1260 vere
576 1221 701 1260 cum
731 1204 1115 1268 excludantur,
1151 1202 1383 1256 necdum
1413 1201 1626 1268 integro
1671 1206 1997 1266 maturoque

417 1295 600 1352 fructu
649 1296 928 1351 decidunt.
984 1295 1045 1348 ld
1094 1293 1240 1364 quod
1287 1291 1342 1344 in
1371 1307 1534 1345 causa
1565 1290 1686 1353 fuit,
1713 1305 1811 1343 cur
1839 1303 1996 1342 exse-

418 1398 568 1442 ctum
613 1388 764 1442 illum
808 1387 1073 1450 dicerent,
1109 1400 1220 1454 quo
1252 1383 1462 1439 fructus
1508 1398 1604 1436 eos
1648 1381 1999 1451 designarent

420 1479 516 1546 qui
551 1477 796 1532 nondum
827 1477 910 1530 vis
933 1474 1215 1531 seminalis
1236 1482 1427 1528 essent
1446 1472 1814 1524 maturitatem
1843 1485 1996 1523 asse-

420 1569 553 1624 cuti.
611 1568 817 1622 Adonis
863 1574 1046 1621 autem
1091 1575 1430 1619 maturarum
1484 1563 1700 1631 frugum
1760 1575 1993 1615 messem

425 1667 800 1730 repraesentat.
836 1656 957 1712 Jam
991 1656 1210 1711 Silenus
1245 1654 1507 1724 spiritalis
1553 1661 1737 1706 motus
1772 1650 1996 1720 symbo-

420 1749 535 1803 lum
560 1758 664 1814 est,
695 1749 790 1818 qui
824 1756 879 1801 et
912 1748 1028 1816 ipse
1061 1761 1171 1800 non
1205 1759 1400 1814 parum
1432 1742 1688 1795 universo
1716 1738 1993 1800 conducit;
2027 1712 2071 1771 Β

422 1847 476 1892 et
531 1838 752 1907 quidem
801 1848 1030 1892 ornatus
1076 1837 1271 1905 capitis
1321 1834 1548 1888 tloribus
1597 1847 1662 1884 ac
1713 1830 2002 1898 splendore

404 1929 774 1996 conspicuus,
805 1927 1080 1980 coelestem
1117 1925 1568 1987 conversionem;
1594 1920 1844 1976 caesaries
1875 1934 2003 1972 vero

419 2023 490 2078 ad
522 2031 707 2091 partes
738 2021 986 2090 ejusdem
1020 2019 1308 2074 inferiores
1356 2031 1531 2086 usque
1559 2014 1852 2084 promissa,
1895 2021 2002 2067 ter-

420 2114 588 2168 restri
640 2112 874 2167 similem
915 2111 1058 2165 aeris
1111 2109 1535 2164 crassitudinem
1587 2114 1866 2174 utcunque
1906 2104 2005 2158 ad-

419 2205 659 2260 umbrat.
682 2202 749 2258 Et
771 2204 1032 2272 quoniam
1065 2203 1148 2256 vis
1168 2210 1425 2270 praeterea
1449 2198 1729 2254 divinandi
1755 2196 1999 2266 quaedam

421 2298 618 2360 inerat,
652 2295 884 2349 Themin
919 2296 1037 2364 ipsa
1071 2293 1450 2358 nominarunt,
1485 2289 1647 2359 quasi
1676 2288 1908 2358 singulis
1932 2287 2001 2340 τὰ

403 2390 730 2458 τεθειμένα,
753 2387 858 2441 hoc
880 2395 965 2441 est
992 2401 1080 2440 res
1102 2385 1214 2438 fato
1244 2385 1574 2438 constitutas
1602 2391 2003 2450 eventurasque

418 2480 771 2550 praznuntiet.
799 2477 975 2547 Atque
1005 2476 1150 2530 hunc
1180 2475 1234 2528 in
1266 2474 1488 2540 modum
1517 2473 1623 2526 vim
1646 2473 1794 2526 illam
1845 2481 2004 2526 terrae

417 2579 501 2624 tot
533 2569 912 2640 symbolorum
949 2567 1208 2620 varietate
1257 2563 1583 2632 explicatam
1627 2573 1999 2628 venerantur;

419 2678 484 2716 ac
516 2663 742 2731 virginis
772 2660 994 2730 quidem
1019 2657 1307 2725 Vestaeque
1342 2656 1587 2719 nomine,
1636 2663 1908 2724 quatenus
1935 2669 2002 2710 ea

420 2764 673 2809 centrum
705 2753 949 2807 universi
978 2751 1360 2821 complectitur
1385 2765 1401 2814 ;-
1441 2749 1702 2819 parentis,
1731 2757 2002 2818 quatenus

419 2847 795 2901 animantibus
827 2847 1082 2900 alimenta
1115 2843 1424 2913 suppeditat
1467 2859 1484 2907 ;
1530 2840 1682 2910 Opis,
1729 2851 2004 2910 quatenus

419 2938 628 3008 lapides
683 2945 929 3008 generat,
969 2936 1357 3004 montibusque
1404 2933 1718 3004 prominet;
1764 2933 2000 2999 Cereris,

2103 464 2317 534 γήσεως
2347 459 2606 530 τυχοῦσα,
2637 456 3019 528 θρησκεύεταιο
3046 457 3121 519 ὡς
3167 458 3266 528 μὲν
3295 457 3557 528 παρθένος
3588 457 3679 508 καὶ

2115 556 2317 618 Ἑστία,
2358 555 2392 624 ὴ
2439 551 2816 623 κεντροφόρος·
2869 550 2944 613 ὡς
2975 550 3032 603 δὲ
3068 551 3254 614 τοκάς,
3287 553 3320 621 ή
3365 551 3581 621 τροφός·
3607 549 3682 614 ὡς

2100 648 2158 700 δὲ
2201 647 2348 709 Ῥέα,
2380 647 2412 715 ή
2455 644 2796 715 πετροποιὸς,
2842 643 2936 696 καὶ
2963 642 3156 713 ὄρειος·
3196 641 3271 704 ὡς
3302 641 3360 694 δὲ
3393 644 3677 714 Δημήτηρ,

2100 739 2134 808 ἡ
2169 737 2485 808 χλοηφόροςο
2521 736 2597 799 ὡς
2626 735 2684 788 δὲ
2712 734 2899 804 Θέμις,
2931 734 2964 804 ἡ
2992 733 3336 804 χρησμῳδος,
3370 731 3461 786 τοῦ
3493 735 3571 797 εἰς
3595 735 3683 788 αὑ-

2099 828 2195 899 τὴν
2225 827 2504 888 κατιόντος
2554 824 2928 897 σπερματικοῦ
2973 824 3133 892 λόγου
3183 826 3262 887 είς
3299 825 3390 878 τὸν
3443 823 3681 895 Πρίαπον

2101 920 2570 989 ὲκτετυπωμένου’
2598 913 2659 972 οῦ
2682 917 2744 970 τὸ
2774 918 2870 987 μὲν
2901 917 3029 987 περὶ
3057 917 3182 980 τοὺς
3212 915 3408 986 ξηροὺς
3435 915 3683 987 καρποὺς

2098 1013 2277 1082 Κόρη,
2308 1011 2370 1064 τὸ
2393 1011 2452 1062 δὲ
2486 1009 2630 1064 κατὰ
2662 1011 2788 1072 τοὺς
2811 1010 3012 1079 ὑγροῦς
3041 1008 3135 1060 καὶ
3173 1007 3240 1060 τὰ
3267 1006 3539 1078 ἀκρόδρυα
3563 1007 3683 1059 Διό-

2097 1120 2254 1166 νυσος
2285 1103 2546 1156 καλεῖται’
2587 1101 2686 1170 τῆς
2730 1101 2829 1170 μὲν
2870 1099 3053 1171 Κόρης
3093 1099 3198 1152 ὑπὸ
3235 1098 3549 1162 Πλούτωνος
3586 1096 3680 1151 τοῦ

2100 1197 2205 1250 ὑπὸ
2235 1197 2342 1266 Γῆν
2371 1196 2539 1258 ἰόντος
2595 1193 2778 1247 Ἠλίου
2811 1191 3199 1265 ἁρπαζομένης
3237 1192 3378 1245 κατὰ
3423 1193 3516 1244 τὸν
3559 1193 3685 1246 61:6-

2099 1303 2210 1358 ρονο
2240 1287 2334 1339 τοῦ
2356 1285 2412 1338 δὲ
2441 1285 2694 1338 Διονύσου
2718 1286 2858 1337 κατά
2883 1283 2951 1336 τὰ
2973 1284 3120 1354 πάθη
3143 1285 3242 1354 τῆς
3266 1283 3545 1354 δυνάμεως
3577 1285 3686 1336 ὑπὸ

2095 1376 2202 1446 γῆν
2237 1376 2336 1446 μὲν
2369 1375 2642 1447 νεωτέρας
2676 1376 2772 1428 καὶ
2811 1374 3138 1445 καλλιγόνης
3169 1373 3489 1428 ϐλαστάνειν
3517 1376 3683 1446 ἀρχο-

2100 1468 2283 1537 μένου,
2313 1468 2583 1538 ἐπιμάχου
2603 1468 2658 1520 δὲ
2675 1467 2773 1536 τῆς
2789 1465 2932 1520 κατὰ
2953 1466 3047 1537 τὴν
3068 1465 3235 1536 ἄνθην
3255 1466 3533 1536 δυνάμεως
3556 1467 3689 1538 σύμ-

2097 1558 2250 1613 6ολον
2269 1559 2358 1612 τὸν
2385 1559 2569 1611 Ἀττιν
2600 1557 2847 1628 ἐχούσης·
2873 1557 2976 1627 τῆς
3000 1558 3060 1610 δὲ
3087 1558 3228 1610 κατά
3250 1556 3347 1628 τὴν
3375 1559 3685 1630 τελεσιουρ-

2096 1653 2221 1720 γίαν
2239 1653 2475 1724 ἐκτομὴν
2490 1653 2581 1705 τὸν
2600 1654 2848 1705 Ἀδωνιν·
2869 1651 2964 1704 καὶ
2980 1651 3076 1722 τῆς
3098 1652 3194 1722 μὲν
3212 1668 3342 1704 πνευ
3352 1653 3583 1722 ματικῆς
3596 1652 3687 1706 διὰ

2100 1745 2317 1798 πάντων
2351 1745 2636 1815 δυνάμεως
2668 1744 2745 1808 ὡς
2786 1744 2865 1807 είς
2895 1743 3148 1815 Σειληνὸν
3181 1744 3683 1814 ἀναπλαττομένης,

2099 1837 2197 1906 τῆς
2211 1836 2267 1888 δὲ
2285 1838 2364 1900 εἰς
2386 1836 2607 1889 ἔκτασιν
2624 1836 2720 1889 ἀπ’
2751 1835 2930 1888 αὐτῶν
2952 1835 3313 1906 παραγωγῆς,
3337 1837 3415 1899 εἰς
3443 1836 3627 1906 Βάκχη
3641 1855 3685 1889 ν’

2099 1927 2286 2000 ὥσπερ
2321 1928 2386 1982 ἂν
2427 1929 2526 1998 τῆς
2559 1929 2638 1990 εἰς
2667 1927 2733 1980 τὰ
2767 1927 3058 1998 ἀφροδίσια
3095 1926 3444 1997 ἐρεθιζούσης
3483 1929 3690 1998 ὁρμῆς,

2098 2020 2186 2074 διὰ
2227 2019 2335 2074 τῶν
2364 2020 2641 2092 Σατύρων.
2677 2019 2776 2072 Διὰ
2811 2019 2876 2091 δὴ
2919 2019 3124 2072 τούτων
3164 2019 3274 2072 τῶν
3316 2020 3597 2090 συμϐόλων
3650 2025 3688 2092 ἡ

2100 2115 2376 2182 περίγειος
2426 2111 2822 2164 ὲκκαλύπτεται
2875 2110 3126 2182 δύναμις.
3195 2130 3214 2164 ι
3273 2111 3522 2166 Τοσαῦτα
3585 2112 3691 2182 μὲν

2099 2200 2192 2256 οὖν
2226 2203 2321 2256 καὶ
2352 2202 2499 2268 τάδε,
2533 2201 2568 2255 ἂ
2601 2203 2694 2255 καὶ
2733 2202 3045 2270 ἀναγκαίως
3079 2203 3475 2274 ἐπιτεμόμενος
3506 2220 3692 2275 παρα-

2098 2297 2367 2367 τέθειμαι,
2393 2298 2472 2360 είς
2503 2294 2562 2350 τὸ
2598 2295 2672 2366 μὴ
2706 2296 2922 2364 ἀγνοεῖν
2953 2297 3104 2364 ἡμᾶς
3134 2295 3201 2348 τά
3247 2295 3420 2364 σεμνά
3451 2294 3558 2347 τῶν
3593 2313 3692 2362 φι-

2101 2386 2362 2457 λοσόφων.
2411 2387 2565 2440 Οὕτω
2629 2384 2919 2456 τοιγαροῦν
2966 2385 3109 2438 κατά
3162 2385 3233 2439 τά
3289 2385 3688 2456 ἀποδεδομένα,

2100 2476 2253 2548 Κόρη
2291 2477 2388 2546 μὲν
2419 2477 2452 2546 ἡ
2484 2475 2591 2527 τῶν
2615 2476 2920 2545 σπορίμων,
2954 2474 3204 2538 Διόνυσος
3231 2473 3287 2527 δὲ
3316 2475 3349 2545 ἡ
3377 2474 3483 2528 τῶν
3513 2477 3690 2546 ἀκρο-

2099 2567 2276 2639 δρύων
2307 2568 2555 2638 δύναμις·
2582 2567 2676 2620 καὶ
2702 2565 2809 2619 τῶν
2837 2566 2938 2636 μὲν
2959 2565 3190 2636 ἐαρινῶν
3209 2564 3386 2618 ἀνθῶν
3413 2567 3440 2618 ὁ
3471 2567 3688 2630 Ἄττις,

2099 2659 2210 2712 τῶν
2243 2657 2300 2712 δὲ
2332 2656 2552 2710 τελείων
2592 2655 2818 2727 καρπῶν
2859 2655 2888 2707 ὁ
2924 2655 3152 2718 Ἄδωνις
3191 2654 3478 2726 σύμϐολον.
3518 2655 3580 2708 Τί
3614 2656 3688 2730 δὴ

2098 2746 2197 2807 οῦν
2237 2751 2344 2822 χρὴ
2377 2748 2553 2803 ταῦτα
2587 2749 2874 2808 θεοποιεῖν,
2919 2751 2998 2812 είς
3034 2747 3241 2820 τροφὰς
3270 2749 3538 2819 σωμάτων
3567 2749 3690 2802 τῶν

2102 2845 2196 2898 ἐπὶ
2227 2844 2332 2914 γῆς
2362 2843 2517 2908 ζώων
2549 2843 2684 2914 πρὸς
2713 2842 2806 2895 τοῦ
2832 2840 2939 2894 τῶν
2963 2839 3099 2894 ὅλων
3132 2839 3269 2894 Θεοῦ
3299 2841 3685 2914 πεποιημένας

2101 2936 2168 2990 Τί
2199 2937 2256 2990 δὲ
2297 2934 2620 3007 θρησκεύειν
2660 2934 2760 3004 τὴν
2805 2933 3081 3004 περίγειον
3123 2924 3353 3004 δύνάμιν
3400 2934 3690 3005 προσῆκόν

423 3039 696 3100 quatenus
732 3030 964 3083 virentia
1004 3029 1249 3098 germina
1275 3037 1560 3098 procreat;
1599 3026 1666 3079 ad
1693 3033 1998 3079 extremum

2102 3028 2250 3082 ιστιν
2291 3030 2444 3098 ἡμῖν,
2497 3025 2579 3090 οἷς
2615 3025 2774 3095 φύσις
2827 3027 2942 3078 ἐστὶ
2988 3025 3164 3096 ψυχῆς
3201 3025 3446 3097 οὐρανία,
3487 3025 3689 3100 λογική

423 3117 727 3186 Themidis,
781 3130 1050 3190 quatenus
1095 3118 1390 3173 tundendis
1429 3117 1671 3171 oraculis
1721 3117 1844 3172 usui
1894 3127 1998 3171 est.

419 3211 544 3268 Vim
577 3223 758 3268 autem
793 3212 1038 3276 seminis,
1071 3210 1219 3280 quod
1249 3209 1424 3279 ipsius
1450 3209 1504 3262 in
1532 3209 1802 3278 gremium
1833 3208 2002 3262 effun-

425 3306 594 3370 ditur,
640 3305 694 3357 in
743 3302 926 3372 Priapi
981 3303 1216 3370 speciem
1255 3301 1531 3366 eﬂinxere,
1583 3301 1662 3354 sic
1707 3309 1888 3354 tamen
1942 3308 2003 3354 ut

421 3399 571 3468 quod
597 3395 759 3451 siccis
785 3393 1034 3465 frugibus
1062 3393 1426 3462 producendis
1455 3401 1639 3462 aptum
1664 3404 1840 3459 esset,
1865 3375 2003 3447 Pro-

423 3489 722 3558 serpinam,
771 3487 920 3557 quod
968 3500 1099 3540 vero
1145 3483 1213 3538 ad
1246 3483 1588 3538 humidiores
1634 3485 2003 3554 arborumque

423 3580 570 3636 fetus
612 3580 933 3651 pertineret,
984 3578 1259 3633 Bacchum
1313 3577 1668 3647 appellarent.
1708 3575 1800 3632 Sic
1837 3579 2002 3648 igitur

421 3675 752 3745 Proserpina
795 3673 1014 3744 quidem
1067 3671 1328 3727 sementis
1376 3680 1622 3739 tempore
1665 3685 1697 3724 a
1748 3669 2000 3735 Plutone,

425 3771 530 3824 hoc
587 3778 674 3823 est
713 3783 746 3821 a
784 3767 900 3822 sole
963 3766 1066 3821 sub
1114 3777 1288 3821 terras
1345 3770 1692 3816 commeante
1747 3761 1999 3832 rapitur;

425 3861 676 3917 Bacchus
702 3867 883 3915 autem
926 3873 1051 3913 cum
1112 3855 1421 3927 germinare
1454 3853 1670 3922 incipit,
1701 3851 1867 3922 idque
1904 3869 2002 3922 pro

425 3952 785 4024 qualitatibus
816 3951 905 4016 iis,
940 3949 1141 4020 quibus
1173 3948 1264 4001 illa
1305 3947 1387 4000 vis
1411 3944 1666 4011 aﬂicitur,
1689 3960 1812 4014 quae
1849 3954 2001 3999 tene-

424 4044 538 4097 rior
576 4041 776 4108 adhuc,
809 4038 1025 4094 tametsi
1055 4037 1123 4091 ad
1175 4035 1391 4090 fructus
1437 4034 1756 4089 excellentis
1799 4035 2004 4104 produ-

427 4135 664 4190 ctionem
705 4132 920 4197 idonea,
982 4129 1085 4184 sub
1137 4137 1281 4182 terra
1335 4127 1606 4182 delitescit
1647 4145 1661 4180 :
1708 4134 1819 4180 tum
1873 4142 2004 4182 vero

427 4241 586 4284 suam
617 4224 667 4279 ei
699 4222 891 4278 virtuti
915 4223 1231 4275 commodat
1259 4233 1504 4288 operam,
1537 4233 1658 4288 quae
1682 4227 1744 4272 ut
1777 4217 2002 4274 ﬂoribus

426 4316 780 4374 excludendis
813 4323 1030 4384 praeest,
1082 4312 1224 4366 Attis
1259 4310 1511 4380 symbolo
1539 4329 1554 4377 ;
1586 4320 1644 4365 ut
1671 4320 1852 4364 autem
1893 4327 2005 4365 ma-

425 4422 673 4464 turarum
717 4404 934 4475 frugum
981 4403 1172 4468 messi,
1204 4401 1414 4456 Adonis
1455 4401 1677 4454 nomine
1703 4401 1998 4454 adumbra-
2033 4412 2077 4474 ι)

320 4501 327 4510 ’
426 4509 538 4555 tur.
572 4497 838 4552 Praeterea
871 4496 954 4549 vis
982 4495 1073 4549 illa
1107 4493 1396 4564 spiritalis,
1437 4507 1561 4562 qua:
1596 4493 1851 4546 universa
1877 4500 2002 4562 per-

425 4601 594 4658 meat,
611 4589 778 4644 Sileni
796 4606 810 4656 ;
827 4603 948 4658 qua:
970 4601 1100 4641 vero
1119 4586 1334 4640 cunctis
1350 4585 1613 4655 paulatim
1629 4585 1927 4639 educendis
1939 4599 2003 4638 ac

427 4688 602 4757 magis
617 4688 901 4756 magisque
931 4681 1273 4754 proferendis
1308 4684 1644 4746 continetur,
1673 4682 2003 4737 Baechantis

434 4777 588 4849 ιιι
646 4779 702 4832 in
756 4777 993 4846 speciem
1042 4773 1420 4830 conformatur
1470 4793 1482 4827 :
1539 4773 2000 4838 quemadmodum

430 4873 592 4926 etiam
621 4871 876 4939 impetus,
899 4868 992 4937 qui
1025 4868 1094 4922 ad
1114 4865 1378 4922 Venerem
1408 4867 1742 4932 exstimulat,
1772 4866 2000 4937 Satyro-

430 4978 554 5018 rum
603 4959 776 5029 eﬂigie
826 4959 967 5014 solet
1019 4958 1286 5013 exhiberi.
1356 4959 1535 5026 Atque
1591 4958 1706 5011 haec
1757 4955 2003 5027 symbola

431 5063 580 5119 sunt,
625 5051 827 5121 quibus
869 5056 1031 5102 terrae
1063 5049 1147 5102 vis
1177 5047 1341 5102 insita
1383 5047 1711 5102 declaratur.
1755 5064 1773 5096 ι
1811 5043 2006 5098 Hacte-

433 5163 536 5203 nus
564 5161 692 5214 ergo
721 5141 1079 5212 Porphyrius,
1111 5156 1234 5210 qua:
1263 5139 1403 5193 mihi
1438 5139 1655 5192 brevius
1682 5137 1922 5207 quidem,
1950 5143 2005 5190 at

431 5239 745 5293 necessario
791 5245 973 5290 tamen
1021 5231 1504 5288 commemoranda
1561 5231 1714 5296 duxi,
1763 5245 1830 5284 ne
1873 5230 2004 5300 quid

433 5328 698 5397 speciosae
726 5325 1179 5396 philosophorum
1223 5323 1452 5377 istorum
1491 5321 1754 5376 doctrina:
1794 5335 1892 5375 nos
1925 5321 2004 5374 la-

435 5427 565 5472 teat.
589 5416 864 5471 Habemus
889 5417 1033 5469 enim
1064 5430 1212 5479 vero,
1249 5429 1314 5467 ex
1342 5413 1517 5467 nostri
1549 5413 1712 5482 hujus
1741 5413 2004 5481 interpre-

438 5510 510 5562 tis
559 5507 942 5576 explicatione,
1009 5505 1394 5574 Proserpinam
1456 5504 1674 5573 quidem
1726 5502 2001 5558 fructuum

437 5615 627 5655 eorum
666 5599 777 5652 vim
825 5599 1061 5652 nativam
1099 5613 1245 5662 esse,
1282 5597 1378 5666 qui
1417 5596 1565 5665 jacto
1598 5596 1830 5657 semine,
1861 5595 2000 5650 Bac-

441 5691 603 5744 chum
632 5698 811 5742 autem
844 5703 1056 5752 eorum,
1099 5687 1191 5756 qui
1223 5703 1286 5742 ex
1325 5685 1528 5754 plantis
1550 5687 1841 5739 oriuntur:
1883 5701 2003 5739 ver-

2102 3137 2159 3172 τε
2201 3120 2297 3172 καὶ
2331 3119 2594 3182 ἀθάνατος
2632 3116 2786 3187 παρά
2830 3115 2924 3169 τοῦ
2972 3116 3364 3187 παμϐασιλέως
3393 3118 3502 3172 τῶν
3540 3119 3692 3173 ὅλων

2101 3209 2261 3273 Θεοῦ,
2308 3209 2547 3273 διανοίας
2599 3209 2812 3280 ὄμμασι
2862 3209 3296 3280 κεκαθαρμένοις
3346 3209 3693 3283 θεωρητικῆς

2102 3304 2207 3356 Τὸν
2244 3303 2302 3355 δὲ
2334 3302 2586 3371 Σειληνὸν
2624 3301 2839 3354 ἀκούων
2880 3301 2977 3372 τὴν
3013 3301 3390 3372 πνευματικὴν
3423 3298 3560 3356 εἶναι
3596 3305 3697 3355 κί-

2102 3413 2281 3467 νησιν,
2328 3395 2424 3448 καὶ
2455 3395 2552 3464 τὴν
2594 3394 2887 3464 διήκουσαν
2915 3393 3004 3446 διὰ
3035 3393 3248 3448 πάντων
3277 3392 3524 3464 δύναμιν,
3557 3395 3695 3448 τοτὲ

2107 3487 2205 3559 μὲν
2247 3487 2346 3558 τὴν
2381 3487 2632 3558 οὐράνιον
2671 3485 2975 3557 περιφορὰν
3023 3485 3112 3539 διὰ
3155 3486 3255 3555 τῆς
3296 3485 3536 3557 κεφαλῆς
3565 3486 3696 3540 ἐπι-

2101 3580 2468 3651 δεικνύμενον,
2501 3581 2622 3633 τοτὲ
2646 3579 2702 3633 δὲ
2729 3579 2824 3650 τὴν
2848 3579 2975 3649 περὶ
3002 3577 3094 3630 τὸν
3123 3577 3260 3648 ἀέρα
3287 3577 3569 3648 παχύτητα
3589 3577 3693 3633 διὰ

2103 3672 2202 3742 τῆς
2231 3671 2424 3734 λασίας
2450 3671 2626 3742 κόμης
2654 3669 2744 3723 τοῦ
2775 3671 2982 3739 γενείου
3000 3685 3014 3699 ·
3057 3668 3174 3732 πῶς
3195 3669 3261 3724 ἄν
3283 3686 3366 3733 τις
3396 3671 3695 3742 ἀνάσχοιτο

2102 3761 2290 3814 τοῦτον
2327 3761 2425 3832 μὲν
2465 3761 2606 3833 ὁρῶν
2639 3760 2894 3831 οὐδεμιᾶς
2929 3758 3232 3830 ἠξιωμένον
3272 3761 3566 3832 σεϐασμίου
3597 3779 3693 3816 τι-

2109 3853 2238 3922 μῆς,
2275 3853 2333 3905 ὃν
2377 3853 2541 3922 ἐχρῆν
2582 3851 2689 3920 πρὸ
2726 3849 2834 3903 τῶν
2869 3850 3086 3902 πάντων
3129 3847 3414 3916 θεοποιεῖν,
3452 3850 3694 3906 ’Ἄδωνιν

2106 3947 2165 4000 δὲ.
2200 3947 2295 4000 καὶ
2325 3948 2596 4010 Διόνυσον,
2628 3948 2754 4010 τοὺς
2781 3948 3028 4018 καρποὺς
3057 3945 3258 4018 δηλαδὴ
3299 3949 3390 4003 καὶ
3416 3947 3485 4002 τὰ
3513 3949 3693 4022 ἀκρό-

2103 4039 2261 4110 δρυα,
2287 4037 2768 4107 θεοποιουμένους;
2814 4037 2910 4100 Τίς
2945 4037 2990 4090 δ’
3022 4036 3088 4090 ἂν
3129 4037 3440 4107 ὑπομείνειε
3483 4055 3692 4109 σεμνο-

2101 4132 2462 4202 λογουμένους
2508 4130 2719 4184 ἀκούων
2748 4128 3022 4200 Σατύρους
3078 4130 3174 4182 καὶ
3223 4130 3464 4200 Βάκχας,
3511 4131 3579 4184 τὰ
3624 4134 3694 4188 ὲν

2102 4223 2411 4294 ἀνθρώποις
2445 4221 2644 4293 αἰσχρὰ
2681 4221 2776 4274 καὶ
2809 4221 3084 4274 ἀκόλαστα
3113 4221 3297 4290 πάθη;
3334 4225 3382 4274 εί
3413 4222 3476 4293 δὴ
3499 4224 3548 4275 οἱ
3578 4224 3693 4293 μὲν

2103 4314 2324 4384 ἐδήλουν
2354 4313 2450 4376 τάς
2493 4315 2571 4374 είς
2603 4311 2674 4364 τὰ
2714 4312 3002 4383 ἀφροδίσια
3031 4312 3377 4383 ὲρεθιζούσας
3421 4313 3598 4384 ὁρμὰς
3635 4308 3694 4370 οἱ

2101 4405 2354 4476 Σάτυροι,
2377 4406 2431 4457 αἱ
2453 4403 2509 4456 δὲ
2533 4403 2743 4474 Βάκχαι
2766 4403 2864 4466 τὰς
2884 4405 2962 4466 είς
2984 4403 3202 4457 ἔκτασιν
3227 4404 3334 4456 τῶν
3360 4405 3488 4475 περὶ
3507 4403 3695 4460 ταῦτα

2105 4497 2506 4568 συμϐαινούσας
2552 4496 2910 4567 παραγωγάς.
2957 4498 3068 4550 Καὶ
3108 4498 3162 4549 τί
3208 4498 3290 4550 δεῖ
3329 4497 3472 4551 κατὰ
3513 4497 3695 4568 μέρος

2102 4592 2330 4645 ἕκαστον
2368 4590 2712 4661 ἀπελέγχειν,
2745 4591 3070 4662 ἐπιδραμεῖν
3119 4589 3236 4642 δέον
3277 4589 3353 4654 ὡς
3411 4591 3476 4644 ἂν
3513 4591 3695 4662 μηδὲν

2103 4685 2249 4754 ἡμᾶς
2293 4682 2402 4735 τῶν
2443 4685 2770 4756 ἀπορρήτων
2815 4682 3079 4756 λανθάνῃ,
3122 4681 3217 4734 καὶ
3261 4683 3360 4752 τὴν
3401 4682 3509 4734 τῶν
3551 4682 3695 4755 ἑξῆς

2103 4773 2459 4843 ὲπιτεμέσθαι
2494 4773 2871 4841 φυσιολογίανζ
2913 4773 2978 4844 ἢν
3021 4772 3326 4826 ὲκτέθειται
3357 4773 3385 4825 ὁ
3420 4772 3698 4843 δηλωθεὶς

2107 4864 2473 4936 συγγραφεὺς,
2517 4865 2665 4919 τόνδε
2709 4863 2939 4929 ἐπεξιὼν
2979 4864 3069 4917 τὸν
3121 4864 3359 4935 τρόπον’
3398 4882 3416 4915 ι
3468 4863 3579 4935 Τὴν
3628 4865 3697 4918 δὲ

2105 4956 2385 5028 ὑδροποιὸν
2447 4957 2574 5028 ὅλην
2643 4956 2872 5028 δύναμιν
2950 4958 3200 5011 Ὠκεανὸν
3248 4959 3564 5028 προσεῖπον,
3627 4958 3700 5010 τὸ

2108 5047 2372 5118 σύμϐολον
2406 5049 2573 5118 αὐτῆς
2603 5048 2774 5119 Τηθὺν
2802 5049 3188 5119 ὀνομάσαντες·
3232 5050 3331 5119 τῆς
3371 5048 3429 5101 δὲ
3469 5047 3624 5117 ὅλης,
3656 5053 3697 5120 ἡ

2110 5143 2205 5212 μὲν
2250 5142 2356 5195 τῶν
2402 5143 2642 5212 ποτίμων
2678 5144 3015 5216 πεποιημένη
3067 5133 3328 5214 Ἃχελῷος
3364 5142 3544 5204 αὐτοῖς
3576 5142 3690 5194 κέά

2106 5235 2320 5303 κληται,
2356 5235 2389 5304 ἡ
2415 5235 2602 5312 δετῶν
2635 5235 2940 5290 θαλασσίων
2972 5235 3244 5288 Ποσειδῶν
3270 5235 3432 5290 πάλιν
3460 5234 3557 5304 τῆς
3582 5232 3696 5287 θα-

2105 5326 2448 5391 λασσοποιοῦ,
2497 5327 2632 5380 καθὸ
2698 5329 3015 5401 γεννητικὴ,
3079 5328 3440 5399 Ἀμφιτρίτης
3489 5325 3695 5396 οὔσης.

2105 5420 2217 5471 Καὶ
2251 5421 2304 5472 αἱ
2343 5419 2439 5489 μὲν
2469 5420 2576 5472 τῶν
2625 5420 2868 5488 γλυκέων
2913 5421 3120 5474 ὑδάτων
3162 5421 3385 5491 μερικαὶ
3426 5417 3700 5488 δυνάμεις

2106 5510 2353 5580 Νύμφαι,
2391 5513 2446 5564 αἱ
2492 5512 2550 5565 δὲ
2580 5513 2687 5565 τῶν
2731 5512 3031 5566 θαλασσίων
3069 5512 3330 5583 Νηρεΐδες
3365 5510 3696 5579 κέκληνται.

2106 5599 2214 5652 Τοῦ
2234 5599 2276 5651 δ’
2298 5597 2364 5653 αῦ
2393 5602 2562 5671 πυρὸς
2577 5602 2674 5672 τὴν
2696 5602 2922 5672 δύναμιν
2943 5602 3330 5673 προσειπόντες
3355 5601 3697 5668 Ἥφαιστον,

2115 5690 2524 5762 mammonae;
2587 5694 2684 5761 μὲν
2740 5695 2903 5746 αὐτοῦ
2955 5696 3016 5746 τὸ
3077 5693 3295 5763 ἄγαλμα
3347 5691 3700 5763 πεποιήκασι
