3880 6218
1089 137 1176 198 λ’,

110 274 208 330 291

1285 272 1608 328 ΡΒΕΡΑΒ.
1648 269 1899 326 EVANG.
1941 269 2074 326 LIB.
2123 270 2212 326 ιη.

3276 279 3384 334 202

112 396 262 449 πῖλον
291 396 352 448 δὲ
389 396 712 467 περιέθεσαν
745 389 991 462 κυάνεον,
1020 395 1121 466 τῆς
1147 395 1402 467 οὐρανίου
1430 392 1680 465 σύμὸολοη

1801 403 1999 443 norum
2043 389 2171 444 item
2205 389 2558 446 flosculorum
2584 391 2755 458 Attin,
2791 406 2899 447 non
2929 407 3086 448 secus
3113 409 3176 449 ac
3206 406 3353 451 matu

116 486 440 554 mptzpopig,
475 485 603 538 ἔνθα
633 485 730 538 τοῦ
764 485 934 556 πυρός
966 485 1083 537 ἐστι
1115 484 1177 536 τὸ
1208 483 1484 553 ἀρχοειδές
1514 499 1575 536 τε
1606 483 1703 535 καὶ

111 576 600 646 ἀκραιφνέστατον.
625 577 699 629 Τὸ
724 577 781 629 δὲ
803 579 884 640 είς
905 577 1008 646 γῆν
1027 573 1352 644 κατενεχθὲν
1379 574 1438 640 ὲξ
1469 573 1700 643 οὐρανοῦ

107 667 217 737 πῦρ
247 667 614 738 ἀτονώτερον,
654 669 912 740 δεόμενόν
943 685 1006 721 τε
1056 667 1433 739 στηρίγματος
1463 667 1557 720 καὶ
1606 665 1702 736 βά-

107 769 245 815 σεως
279 754 383 824 τῆς
408 755 676 826 ἐφ’ὗληςθ
694 755 776 810 διὸ
822 755 1069 827 χωλεύει,
1123 755 1258 828 ὕλης
1309 756 1565 827 δεόμενον
1618 758 1700 818 εἰς

104 844 445 915 ὑπέρεισμα.
493 845 606 900 Καὶ
633 846 786 916 ἡλίου
813 847 870 901 δὲ
910 847 1010 918 τὴν
1052 849 1261 902 τοιάνδε
1294 848 1535 918 δύναμιν
1569 848 1701 900 ὑπο-

102 935 388 1000 λαϐόντες,
433 936 746 991 Ἀπόλλωνα
792 942 1108 1010 προσεῖπον,
1140 939 1248 993 ἀπὸ
1278 940 1380 1010 τῆς
1410 939 1519 993 τῶν
1553 940 1702 992 ἀκτί-

99 1047 205 1081 νων
228 1029 403 1082 αΰτοῦ
438 1030 712 1095 πάλσεως.
760 1031 947 1084 Ἐννέα
977 1031 1034 1084 δὲ
1071 1031 1368 1103 ἐπᾴδουσαι
1402 1030 1513 1102 (90)
1549 1029 1699 1102 αὑτῷ

99 1121 339 1184 Μοῦσαι,
369 1123 405 1191 ἥ
447 1139 509 1174 τε
539 1121 890 1193 ὑποσελήνιος
918 1125 1146 1193 σφαῖρα,
1193 1125 1286 1175 καὶ
1326 1124 1381 1174 αὶ
1410 1121 1550 1175 ἑπτὰ
1575 1121 1686 1174 τῶν

97 1210 397 1281 πλανητῶν
428 1213 527 1282 μία
545 1211 702 1281 (90‘),
724 1213 819 1266 καὶ
847 1215 880 1284 ἡ
907 1214 1003 1282 μία
1018 1214 1115 1284 τῆς
1130 1213 1420 1277 ἀπλανοῦς.
1441 1212 1696 1284 Περιέθε-

104 1320 202 1354 σαν
228 1303 287 1355 δὲ
310 1303 465 1374 αὐτῷ
483 1304 584 1375 τὴν
611 1304 838 1376 δάφνην,
871 1304 1027 1358 τοῦτο
1058 1306 1154 1376 μὲν
1179 1306 1260 1358 ὅτι
1294 1306 1465 1377 πυρὸς
1493 1305 1698 1376 πλῆρες

100 1393 161 1446 τὸ
192 1395 388 1462 φυτὸν,
416 1395 615 1450 καὶδιά
635 1395 794 1450 τοῦτο
815 1395 1049 1466 ἀπεχθὲς
1073 1397 1309 1468 δαίμοσι,
1330 1397 1488 1450 τοῦτο
1516 1398 1574 1451 δὲ
1613 1398 1696 1451 ὅτι

101 1484 257 1539 λάλον
298 1485 617 1556 καιόμενον,
665 1487 748 1550 είς
792 1489 1133 1560 παράστασιν
1177 1487 1274 1540 τοῦ
1324 1490 1694 1560 προφητεύειν

100 1575 185 1626 τὸν
217 1575 366 1628 θεόν.
416 1575 569 1628 Καθδ
600 1576 658 1629 δὲ
694 1576 1096 1642 ἀπαλεξίκακός
1141 1579 1256 1630 ἐστι
1291 1577 1400 1629 τῶν
1436 1578 1694 1645 ἐπιγείων

1805 495 1993 535 rarum
2027 481 2248 551 frugum
2279 482 2517 536 Adonim
2551 483 2862 552 symbolum
2889 485 3175 540 exsistere.
3201 486 3382 553 Quor-

1806 588 1931 627 sum
1962 588 2092 642 ergo
2128 573 2291 628 rebus
2325 573 2394 628 iis
2423 575 2684 628 divinitas
2727 575 3034 645 aliiugatur,
3070 593 3210 646 quas
3253 581 3379 633 uni-

1807 665 1953 718 versi
1981 665 2232 718 conditor
2259 665 2680 736 moderatorque
2713 665 2860 721 Deus
2890 667 3102 722 alendis
3143 668 3232 734 iis,
3258 685 3382 737 quae

1803 756 1858 810 in
1908 765 2055 810 terra
2100 766 2412 820 versantur,
2459 757 2830 813 animantibus
2882 759 3228 828 procreavit?
3266 758 3381 814 Aut

1803 850 2080 919 quomodo
2119 851 2228 903 vim
2260 858 2572 905 terrestrem
2603 852 2850 904 venerari
2883 865 2988 906 nos
3031 851 3241 917 deceat,
3283 851 3378 921 qui

1803 943 2048 996 animum
2093 943 2272 998 sortiti
2319 957 2514 998 sumus
2561 952 2757 997 natura
2809 943 3108 1008 caelestem,
3164 943 3380 998 ratione

1799 1037 2111 1108 praeditum,
2148 1038 2534 1103 immortalem,
2567 1046 2730 1107 atque
2762 1037 3054 1106 ejusmodi,
3082 1038 3174 1107 qui
3203 1037 3372 1092 Deum

1800 1131 1981 1200 ipsum
2005 1131 2388 1185 universorum
2423 1144 2604 1199 regem
2633 1130 2977 1199 perpurgatis
3004 1131 3376 1201 intelligentia

1799 1222 1978 1277 oculis
2023 1223 2380 1290 contemplari
2433 1221 2643 1288 possit?
2691 1219 2930 1286 Deinde,
2982 1223 3076 1291 qui
3130 1222 3374 1278 Silenum

1799 1314 1989 1368 audiat
2029 1313 2328 1383 spiritalem
2356 1327 2477 1366 esse
2517 1321 2750 1377 motum,
2781 1313 3002 1382 vimque
3041 1317 3224 1369 omnia
3253 1330 3378 1384 per-

1799 1405 2108 1469 vadentem,
2138 1419 2376 1473 eumque
2409 1404 2570 1456 modo
2606 1403 2784 1472 capite
2822 1404 3122 1459 caelestium
3155 1405 3373 1461 orbium

1796 1495 2234 1559 conversionem,
2281 1493 2444 1546 modo
2483 1493 2784 1562 hispidiore
2817 1509 2882 1548 ac
2916 1496 3170 1550 densiore
3203 1496 3370 1551 barba

1795 1584 2216 1641 crassitudinem
2267 1585 2409 1638 aeris
2439 1584 2760 1647 ostendere;
2809 1585 2925 1639 ﬁeri
2954 1600 3023 1640 ne
3051 1587 3247 1655 possit,
3293 1587 3372 1640 uti

99 1667 128 1718 ό
172 1667 349 1737 ἥλιος,
412 1668 691 1738 Ἠρακλέα
746 1668 856 1740 (91)
901 1669 1064 1722 αὐτὸν
1113 1671 1428 1740 προσεῖπον,
1485 1671 1551 1722 ὲκ
1593 1669 1680 1722 τοῦ

1796 1689 1956 1745 aequo
1979 1674 2164 1728 animo
2195 1673 2333 1729 ferat
2362 1690 2487 1728 eum
2517 1675 2724 1743 absque
2755 1677 2902 1730 omni
2929 1677 3185 1748 religioso
3217 1678 3367 1732 cultu

102 1759 333 1812 κλᾶσθαι
365 1737 530 1812 αὐτόν
559 1761 697 1832 πρὸς
727 1737 821 1814 cev
840 1737 1001 1830 ἀέρα,
1026 1761 1119 1813 ἀπ’
1148 1737 1411 1830 ἀνατολῆς
1435 1763 1514 1824 εἰς
1539 1761 1680 1814 δύσιν

1794 1767 2017 1837 indigne
2041 1765 2332 1836 praeteriri,
2371 1781 2533 1836 quem
2566 1768 2771 1822 relictis
2793 1769 3052 1824 omnibus
3079 1769 3247 1824 Deum
3273 1772 3370 1824 ha-

103 1851 268 1904 ἰόντα.
316 1850 541 1904 Δώδεκα
591 1851 636 1904 δ’
680 1851 874 1914 ἄθλους
919 1851 1211 1921 ὲκμοχθεῖν
1261 1851 1685 1922 ὲμυθοποίησαν,

99 1942 196 2010 τῆς
247 1942 394 1995 κατά
432 1942 526 1995 τὸν
575 1943 806 2014 οὐρανὸν
849 1943 1166 2015 διαιρέσεως
1211 1943 1320 1996 τῶν
1369 1943 1575 2007 ζωδίων
1628 1945 1689 1998 τὸ

101 2033 373 2104 σύμϐολον
436 2035 892 2106 ἐπιφημίσαντες.
959 2036 1223 2088 Ῥόπαλον
1283 2036 1342 2089 δὲ
1398 2036 1547 2107 αὑτῷ
1593 2039 1688 2091 καὶ

98 2123 318 2196 λεοντῆν
351 2125 696 2197 περιέθεσαν,
726 2127 788 2179 τὸ
821 2129 917 2199 μὲν
944 2128 1045 2198 τῆς
1087 2128 1404 2199 ἀνωμαλίας
1437 2129 1683 2198 μήνυμα,

95 2217 154 2269 τὺ
179 2218 236 2271 δὲ
268 2219 372 2290 τῆς
410 2219 552 2273 κατά
591 2221 651 2273 τὺ
676 2219 867 2284 ζώδιον
909 2220 1305 2292 ὲμφανιστικὸν
1335 2220 1536 2292 ἰσχύος.
1573 2221 1686 2292 Τῆς

93 2311 149 2363 δὲ
205 2314 484 2384 σωστικῆς
527 2313 638 2385 (92)
685 2314 849 2367 αὐτοῦ
903 2314 1187 2385 δυνάμεως
1247 2315 1574 2386 Ἀσκληπιὸς
1623 2315 1686 2368 τὸ

95 2404 388 2473 σύμϐολον·
413 2399 461 2472 ᾧ
490 2406 550 2458 τὸ
576 2407 673 2476 μὲν
710 2406 944 2478 βάκτρον
983 2406 1272 2470 δεδώκασι,
1316 2409 1415 2478 τῆς
1440 2406 1549 2460 τῶν
1585 2424 1685 2461 κα-

96 2497 344 2564 μνόντων
406 2498 746 2569 ὑπερεὶσεως
798 2499 893 2552 καὶ
946 2499 1332 2562 ἀναστάσεωςο
1380 2499 1410 2551 ό
1456 2499 1515 2552 δὲ
1560 2500 1684 2569 ὄφις

91 2590 520 2660 περισπείρεται
573 2591 676 2660 τῆς
725 2592 856 2661 περὶ
904 2591 966 2644 τὸ
1017 2592 1176 2662 σῶμα
1227 2593 1324 2644 καὶ
1361 2591 1460 2663 τὴν
1503 2591 1682 2662 ψυχὴν

90 2681 374 2750 σωτηρίας
409 2681 594 2752 φέρων
627 2685 871 2753 σημεῖον·
909 2684 1036 2754 (καὶ
1063 2685 1174 2755 μὴν
1203 2683 1528 2753 ὑφιστάντες
1549 2687 1683 2756 ἡμῖν

85 2772 176 2823 τὸν
215 2773 427 2841 κόσμον
457 2775 507 2825 oi
532 2775 772 2841 φυσικοὶ,
800 2774 872 2827 τά
901 2777 1030 2846 περὶ
1061 2776 1158 2848 τὴν
1180 2776 1290 2848 γῆν
1333 2775 1682 2847 ίλυσπώμενα

86 2863 196 2916 τῶν
244 2863 428 2928 ζώων,
473 2865 574 2936 τῆς
615 2867 925 2940 παχύτητος
969 2869 1064 2922 καὶ
1107 2867 1344 2936 γεώδους
1386 2870 1682 2941 ᾐτιάσαντο

86 2958 350 3027 οὐσίας’)
397 2960 916 3030 πνευματικώτατον
964 2963 1074 3034 γὰρ
1110 2963 1170 3014 τὸ
1218 2960 1354 3025 ζῶόν
1398 2964 1535 3026 ἐστι,
1586 2962 1682 3017 καὶ

85 3051 184 3120 τὴν
211 3047 506 3102 ἀσθένειαν
539 3049 634 3102 τοῦ
672 3049 922 3121 σώματος
951 3050 1247 3105 ἀποδύεται
1269 3069 1282 3082 ’
1324 3052 1472 3148 δοκεῖ
1492 3051 1550 3106 δὲ
1584 3053 1679 3106 καὶ
1705 3087 1749 3148 C

88 3139 489 3214 ἰατρικώτατον
518 3138 676 3195 εἶναι’
705 3142 806 3212 τῆς
829 3143 938 3214 γὰρ
967 3142 1284 3215 ὀξυδορκίας
1309 3137 1438 3216 εὗρε
1465 3144 1526 3197 τὸ
1548 3145 1680 3217 φάρ-

89 3249 288 3302 μακον,
314 3234 412 3285 καὶ
440 3231 738 3303 μυθεύεται
757 3235 857 3304 τῆς
873 3234 1219 3299 ἀναϐιώσεως
1249 3236 1445 3290 εἰδέναι
1463 3237 1582 3292 τινὰ
1603 3237 1686 3308 βο-

83 3326 278 3395 τάνην.
314 3325 430 3394 Τῆς
457 3323 502 3376 δ’
535 3319 602 3377 αὖ
636 3326 962 3396 χορευτικῆς
987 3344 1047 3380 τε
1080 3326 1175 3379 καὶ
1209 3327 1496 3393 ἐγκυκλίου
1525 3329 1682 3400 κινή-

86 3433 251 3482 σεως,
276 3417 401 3472 καθ’
415 3419 483 3488 ἢν
499 3419 626 3482 τοὺς
640 3419 887 3492 καρποὺς
907 3419 1162 3473 πεπαίνει
1191 3421 1226 3490 ὴ
1244 3419 1413 3490 πυρὸς
1431 3419 1678 3492 δύναμις,

82 3509 347 3572 Διόνυσος
397 3506 510 3580 (95)
555 3509 817 3578 κέκληται
863 3508 1081 3579 ἑτέρως,
1127 3508 1161 3579 ἢ
1212 3507 1322 3562 τῶν
1373 3509 1680 3581 exportari»)

83 3601 324 3672 καρπῶν
354 3601 604 3671 δύναμις,
635 3601 670 3672 ἢ
693 3600 843 3672 παρὰ
861 3599 1245 3672 τὸπεριδινεῖν,
1269 3600 1302 3672 ἢ
1336 3601 1570 3655 διανύειν
1589 3602 1680 3654 τὸν

86 3693 239 3761 ἥλιον
269 3693 374 3764 τὴν
409 3696 554 3746 κατά
579 3692 668 3746 τὸν
689 3693 914 3764 οὐρανὸν
941 3695 1261 3766 περιφοράνο
1295 3689 1330 3769 ᾗ
1355 3695 1412 3747 δὲ
1432 3695 1562 3766 περὶ
1578 3694 1678 3759 τὰς

89 3788 236 3859 ὥρας
272 3787 372 3841 τοῦ
417 3787 624 3858 κόσμου
671 3788 969 3859 περιπολεῖ,
1016 3788 1109 3841 καὶ
1138 3789 1344 3858 χρόνων
1371 3790 1488 3842 ἐστὶ
1522 3807 1679 3860 ποιη-

89 3881 259 3945 τικὸς,
299 3881 396 3932 καὶ
425 3878 632 3952 καιρῶν
651 3881 679 3931 ὁ
710 3879 880 3949 ἥλιος,
917 3875 1084 3951 Ὦρος
1109 3881 1250 3934 κατά
1285 3880 1444 3934 τοῦτο
1479 3881 1679 3952 κέκλη-

91 3989 198 4025 ταιο
239 3971 344 4040 τῆς
388 3970 434 4022 δ’
468 3967 534 4024 αὖ
579 3972 888 4042 γεωργικῆς
924 3970 1088 4024 αὐτοῦ
1123 3971 1422 4041 δυνάμεως,
1461 3972 1582 4026 καθ’
1609 3975 1676 4044 ἢν

91 4065 147 4116 αἱ
167 4065 350 4126 δόσεις
369 4062 466 4115 τοῦ
496 4062 750 4127 πλούτου,
787 4062 1051 4134 σύμϐολον
1080 4065 1109 4117 ὁ
1136 4061 1408 4117 Πλούτων.
1446 4063 1675 4134 Ὁμοίως

97 4157 279 4224 μέντοι
316 4157 411 4208 καὶ
440 4155 541 4226 τὴν
566 4155 866 4227 φθαρτικὴν
890 4154 1001 4225 ἔχει
1032 4153 1280 4225 δύναμιν,
1303 4155 1388 4207 διὸ
1408 4155 1486 4226 τῷ
1506 4155 1675 4208 Πλού-

92 4265 219 4300 τωνι
247 4245 609 4310 συνοικίζουσι
627 4246 718 4298 τὸν
737 4245 1002 4316 Σάραπιν·
1028 4243 1120 4297 τοῦ
1145 4245 1241 4315 μὲν
1264 4244 1545 4308 δεδυκότος
1571 4245 1675 4298 ὑπὸ

162 4358 276 4426 (90)
331 4355 545 4410 Ἐννέα
576 4354 644 4407 δὲ
687 4352 1037 4426 ἐπᾴδουσαι,
1066 4360 1172 4426 etc.
1211 4350 1672 4426 Plutarclt._._9ym-

1790 1856 1918 1911 bere
1939 1857 2244 1925 oportebat,
2273 1857 2509 1911 Adonim
2531 1865 2714 1911 autem
2741 1866 2906 1927 atque
2928 1857 3223 1924 Bacchum,
3253 1859 3371 1914 fru-

1790 1963 1885 2020 ges
1945 1948 2155 2003 scilicet
2201 1949 2575 2018 arborumque
2623 1948 2768 2004 fetus
2811 1949 3013 2004 divinis
3065 1951 3368 2007 honoribus

1788 2039 2145 2095 consecrari?
2178 2037 2450 2095 Prazterea
2477 2041 2770 2110 quisquam
2801 2058 2870 2097 ne
2891 2044 3080 2099 audire
3115 2046 3234 2100 sine
3267 2063 3368 2099 au-

1797 2133 1939 2186 rium
1981 2133 2282 2187 offensione
2313 2133 2508 2202 possit,
2548 2147 2764 2204 satyros
2791 2145 2845 2189 et
2884 2135 3142 2202 bacchas,
3188 2139 3364 2192 {ceda-

1787 2239 1910 2277 rum
1940 2223 2437 2294 elfrenatarumque
2462 2225 2706 2280 hominis
2733 2226 3021 2280 libidinum
3051 2229 3368 2285 nominibus

1791 2317 1859 2372 ad
1893 2316 2134 2386 aliquam
2166 2317 2472 2373 honestatis
2502 2326 2558 2372 et
2591 2320 2876 2388 gravitatis
2922 2321 3159 2389 speciem
3193 2323 3368 2392 expli-

1789 2407 1948 2464 cari?
1984 2407 2171 2479 Satyri
2215 2409 2386 2473 enim,
2432 2409 2636 2480 inquit,
2679 2411 2916 2480 impetus
2969 2413 3115 2478 illos,
3170 2414 3263 2484 qui
3293 2413 3365 2469 ad

1785 2515 2042 2556 venerem
2076 2485 2390 2568 stimulant,
2427 2503 2652 2559 bacchae
2684 2519 2815 2557 vero
2849 2504 2966 2558 fieri
2996 2505 3212 2559 solitam
3237 2521 3366 2575 par-

1785 2592 1920 2645 tium
1944 2606 2158 2658 carum,
2177 2591 2379 2660 quibus
2408 2592 2594 2647 veneri
2621 2593 2955 2664 indulgetur,
2983 2597 3364 2652 extensionem

1783 2681 2108 2737 referebant.
2176 2682 2284 2737 Sed
2334 2682 2504 2750 enim,
2562 2685 2693 2754 quid
2741 2685 2934 2741 attinet
2978 2687 3209 2757 singulis
3241 2688 3364 2744 istis

1787 2787 2038 2828 seorsum
2085 2772 2395 2829 refellendis
2421 2775 2743 2842 immorari,
2786 2792 2911 2831 cum
2953 2780 3127 2834 satius
3172 2781 3365 2850 utique

1783 2861 1971 2928 fuerit,
1999 2879 2069 2918 ne
2095 2865 2227 2935 quid
2257 2880 2357 2920 nos
2382 2881 2448 2920 ex
2476 2867 2694 2922 arcanis
2722 2869 3126 2940 reconditisque
3155 2881 3362 2942 myste-

1781 2958 1881 3014 riis
1909 2957 2102 3029 fugiat,
2143 2959 2450 3014 naturalem
2485 2975 2700 3024 eorum,
2739 2977 2861 3032 quae
2883 2970 3073 3033 postea
3113 2979 3360 3034 sequun-

1783 3059 1892 3117 tur,
1933 3065 1966 3105 a
2009 3051 2178 3106 citato
2224 3050 2494 3121 scriptore
2527 3051 2746 3106 allatam
2792 3054 3187 3123 expositionem
3232 3071 3360 3126 per—

1785 3157 2006 3199 currere
2050 3143 2308 3210 breviter,
2358 3151 2412 3197 et
2452 3143 2506 3197 in
2549 3145 2930 3214 compendium
2977 3161 3362 3217 summamque

1783 3231 2075 3302 colligere?
2098 3231 2190 3287 Sic
2210 3246 2340 3302 ergo
2362 3233 2744 3302 prosequitur:
2785 3252 2804 3286 ‹
2843 3233 2959 3288 Vim
2983 3246 3162 3290 autem
3189 3253 3360 3308 aquas

1783 3322 2052 3378 efﬁciendi
2093 3324 2432 3390 universam,
2469 3323 2769 3390 Oceanum,
2818 3326 3174 3398 ejusdemque
3212 3345 3361 3400 sym-

1781 3413 1969 3468 bolum
2021 3412 2234 3482 Thelyn
2277 3413 2678 3479 nominarunt;
2726 3415 2801 3469 ita
2838 3415 3084 3485 quidem,
3132 3426 3193 3471 ut
3239 3433 3359 3487 qua

1783 3506 1853 3560 ad
1887 3505 2182 3560 bibendum
2219 3505 2407 3559 faciles
2433 3516 2485 3560 et
2513 3514 2854 3575 opportunas
2885 3507 3151 3573 elaborat,
3176 3509 3357 3564 Ache-

1781 3597 1944 3665 lous;
1974 3612 2096 3667 quaa
2122 3598 2386 3661 marinas,
2415 3595 2735 3666 Neptunus:
2766 3598 3066 3668 eademque
3091 3601 3195 3663 vis,
3214 3615 3358 3670 qua-

1779 3700 1940 3746 tenus
1991 3691 2056 3745 ad
2101 3691 2506 3761 generationem
2544 3690 2700 3760 112
2735 3699 2860 3760 apta
2891 3701 2995 3756 est,
3029 3693 3359 3762 Amphitrite

1778 3781 2068 3836 habeatur.
2101 3783 2180 3835 Ac
2213 3783 2519 3852 singulares
2552 3784 2774 3852 quidem
2805 3798 3075 3852 aquarum
3107 3785 3354 3841 dulcium

1777 3873 2012 3927 virtutes
2041 3874 2314 3943 nymphae,
2345 3875 2685 3928 marinarum
2715 3883 2919 3938 autem,
2962 3873 3221 3932 Nereides
3258 3891 3356 3948 ap-

1777 3964 2070 4035 pellantur.
2103 3963 2276 4018 Porro
2303 3964 2411 4018 vim
2440 3965 2582 4035 ignis
2620 3964 2845 4020 Vulcani
2875 3966 3098 4021 nomine
3126 3981 3353 4035 expres.

1777 4069 1984 4123 serunt,
2021 4058 2250 4127 ejusque
2279 4058 2576 4113 simulacro
2599 4059 2838 4113 hominis
2874 4058 2928 4112 in
2961 4061 3195 4129 speciem
3218 4075 3352 4115 non-

1775 4148 2006 4218 ﬂgurato
2052 4149 2344 4203 caeruleum
2396 4150 2598 4218 pileum
2647 4150 2984 4217 indiderunt,
3029 4165 3142 4220 quo
3187 4153 3354 4208 caele-

1778 4250 1918 4295 stem
1947 4240 2094 4293 illam
2127 4239 2545 4296 conversionem
2577 4240 2922 4306 denotarent,
2957 4239 3051 4294 ubi
3089 4243 3350 4315 primige-

1776 4354 2089 4415 contritam,
2118 4350 2517 4422 Etgmologicon
2541 4367 2790 4420 magnum
2811 4351 3061 4419 repudiat
3083 4370 3098 4418 ;
3127 4355 3218 4410 sed
3244 4359 3349 4411 mi-

94 4421 205 4498 pos.
240 4429 338 4480 lib.
375 4442 496 4488 vm,
528 4435 722 4498 quaest.
746 4423 843 4498 l4,
880 4424 1047 4498 multa
1066 4423 1141 4498 de
1166 4423 1464 4498 novenario
1491 4421 1670 4498 Musa-
1703 4433 1746 4486 D
1775 4441 1881 4480 nus
1912 4433 2076 4498 recte,
2107 4423 2161 4475 ni
2202 4421 2380 4498 fallor.
2414 4422 2564 4498 Alias
2609 4429 2793 4498 tamen
2843 4422 3150 4498 complures
3195 4426 3351 4498 affert

93 4491 216 4554 rum
269 4512 524 4558 numero,
547 4491 647 4550 'ubi
688 4494 850 4548 etiam
883 4494 1019 4564 haec,
1066 4491 1453 4564 Porphyrianis
1486 4495 1667 4549 minus

95 4571 272 4622 aliena
298 4588 310 4620 :
335 4566 553 4620 Μοῦσαι
578 4565 634 4618 δέ
676 4566 810 4616 εἰσιν
852 4563 927 4634 (Ῑ.
957 4561 1352 4626 ένεισιν)όκτὼ
1385 4563 1661 4634 σφαίραις·

97 4639 194 4710 μία
220 4639 278 4691 δὲ
329 4639 424 4689 τὸν
456 4635 716 4710 περὶ-γῆν
744 4633 1149 4710 ετλαχε-τόπον..
1171 4634 1315 4710 Tum
1351 4633 1665 4710 caelestibus

96 4701 145 4762 id
195 4709 445 4761 muneris
489 4701 754 4768 attribuit,
793 4701 1259 4774 ιη”πλανωμένων
1284 4701 1497 4767 ἄστρων
1530 4704 1666 4774 πρὸς

91 4780 160 4833 τὰ
208 4778 451 4848 ἀπλανῆ,
485 4776 768 4848 και-πρὸς
793 4774 1019 4848 μᾶλληλα
1056 4773 1349 4844 συνέχωσιν
1380 4773 1662 4844 ἁρμονίαν.

93 4849 260 4903 Nonae
303 4845 490 4903 autem
539 4846 639 4910 illi,
678 4845 739 4898 ut
793 4845 1126 4914 hominibus,
1161 4850 1427 4914 quantum
1475 4859 1667 4914 capere

95 4922 323 4988 possint,
366 4917 650 4988 χαρίτων,
682 4915 797 4988 καί*
823 4913 1049 4988 ρυθμού,
1078 4913 1189 4988 καὶς
1222 4913 1497 4988 ἁρμονίαςΔ
1531 4913 1668 4966 ὲνδι-

91 4983 228 5061 δοίη,
258 4988 354 5061 δ’ιά
367 4983 542 5054 ’λόγου
571 4987 665 5061 καὶ
696 4983 864 5061 ᾠδῆς·
897 4983 1069 5036 πειθὼ
1099 4983 1380 5061 πολιτικῆς
1419 4984 1511 5061 καὶ
1553 5000 1668 5061 κοις

93 5053 399 5131 νυνιῇτικῆς
430 5053 688 5131 συνεργδν
714 5053 1019 5131 ἐπάγουσα,
1045 5053 1544 5131 παραμυθουμένην
1572 5053 1667 5106 καὶ

95 5123 366 5200 κηλοῦσαν
412 5123 572 5200 ήμῷν
607 5123 679 5200 τὸ
716 5125 1046 5200 ταραχῶδες,
1097 5123 1666 5200 καὶτὸ-πλανώμενρν

96 5193 279 5272 ὥσπερ
300 5199 365 5264 ἐξ
395 5193 1071 5272 ἐνοδίας-ἀνακαλουμένην
1094 5193 1372 5259 ἐπιεικῶς,
1401 5196 1496 5248 καὶ
1520 5193 1669 5247 καθι-

99 5267 295 5323 πᾶσᾶν
314 5288 328 5300 ·
369 5270 510 5323 male
529 5269 684 5329 enim
709 5267 1032 5320 καθιστᾶσα.

165 5343 296 5408 (90‘)
326 5339 494 5393 Forte
521 5337 812 5393 delendum
843 5337 983 5408 μία.-
1003 5335 1160 5390 Eutr.

164 5403 287 5478 (9|).
331 5409 640 5478 Ἡρακλέα.
682 5403 920 5478 Macrob.
946 5405 1228 5478 διιιιινηιιζἶ
1244 5404 1338 5459 lib.
1366 5421 1406 5478 t,
1433 5418 1552 5474 cap.
1574 5403 1664 5469 20,

103 5474 197 5534 hac
225 5474 290 5536 de
319 5474 940 5548 re'pluribustaliunde
965 5485 1146 5548 tamen
1172 5474 1434 5548 Herculis
1459 5486 1667 5548 etymof

101 5548 290 5618 logiam
329 5543 643 5618 arcessens.
682 5547 931 5618 Heracles
971 5546 1130 5618 enim,
1169 5545 1492 5618 inquitille,
1520 5543 1666 5618 quid

102 5613 242 5675 aliud
265 5632 374 5682 est,
409 5620 511 5672 nisi
540 5617 734 5682 Heras,
766 5617 818 5670 id
841 5624 924 5670 est
944 5617 1114 5677 Aeris,
1146 5614 1323 5676 decus,
1355 5615 1407 5668 id
1445 5622 1531 5667 est
1550 5613 1665 5684 glo—

105 5691 223 5742 ria?
245 5707 370 5760 qua:
400 5703 570 5760 porro
599 5688 712 5741 alia
752 5687 922 5760 gloria
971 5685 1200 5760 est,_nisi
1236 5684 1370 5760 solis
1399 5683 1668 5736 illumina-

109 5755 344 5816 tio?etc.
399 5757 550 5812 Hanc
594 5755 963 5819 notationem,
1011 5755 1290 5826 vulgarem
1338 5755 1463 5810 licet
1504 5763 1669 5826 atque

384 5854 659 5914 PATROL.
709 5855 830 5916 Gn.
916 5849 1084 5914 XXI.

1775 4511 1886 4550 non
1932 4495 2115 4548 minus
2163 4491 2488 4561 exquisitas.
2521 4491 2578 4561 in_
2607 4490 2809 4561 quibus
2841 4490 3131 4560 prméipua:
3176 4497 3298 4561 dum
3331 4517 3343 4552 ;

1775 4567 1963 4626 altera,
2002 4572 2060 4617 ut
2109 4559 2287 4616 dictus
2328 4563 2400 4615 sit
2445 4559 2594 4631 παρὰ
2626 4559 2742 4631 τὴν
2765 4559 2932 4627 ἐραν,
2958 4559 3052 4631 καὶ
3078 4562 3138 4615 τὸ
3155 4559 3332 4628 κλέος

1773 4637 1928 4704 quasi
1961 4635 2018 4686 ὲν
2045 4635 2110 4703 τῇ
2140 4635 2208 4704 γῇ
2244 4631 2479 4697 ἒνδοξος’
2511 4626 2676 4712 altera
2697 4626 2870 4700 παρα
2892 4631 2954 4682 τὸ
2985 4626 3121 4699 ἦρα,
3157 4633 3250 4685 καὶ
3285 4626 3348 4686 τὸ

1773 4703 1970 4756 κλέοο.
2009 4704 2156 4756 iuxta
2185 4703 2313 4756 illud
2342 4699 2531 4754 Ρὴωιη
2564 4700 2847 4754 oraculum
2881 4717 2898 4754 :

1773 4703 1970 4770 κλέος,
2004 4704 2156 4771 juxta
2185 4703 2313 4756 illud
2342 4703 2531 4754 thhi
2564 4703 2847 4754 oraculum
2881 4717 2898 4754 :

1783 4775 2133 4843 Ἡρακλείαν
2161 4774 2179 4844 (
2197 4770 2543 4842 Ῑ.Ἠρακλῆ)
2579 4769 2648 4824 δέ
2678 4785 2753 4824 σε
2791 4769 2999 4854 Φοζόξοε
3032 4767 3348 4854 ἑπὼγένμον

1838 4837 1854 4843 ’
2170 4837 2208 4844 ’⁷
2311 4837 2323 4839 ⁷
2497 4837 2504 4840 ⁷
2527 4837 2534 4840 ⁷
2892 4837 3271 4910 [ἐξονομάζεὶ.

1763 4911 1920 4984 ῘΗρα
1944 4915 2050 4984 γὰρ
2076 4910 2436 4984 ἀνθρώξτοιιζι
2463 4909 2677 4984 φέρων,
2693 4909 2872 4984 κλέος
2894 4909 3343 4984 ἄφθιτον-ᾄξεις.

1768 4977 1922 5058 ’Ἡρα
1950 4977 2154 5058 φέρειν,
2179 4977 2298 5036 ἀντὶ¹
2329 4977 2476 5058 706,;
2481 4977 2821 5058 χαρίζεσθαι,
2838 4989 3026 5035 notum
3056 4995 3124 5034 ex
3148 4977 3346 5036 Home-

1772 5071 1835 5111 ro
1857 5050 2086 5124 ejusque
2111 5055 2405 5124 interprete
2437 5050 2744 5124 Eustatltio.

1845 5118 2116 5197 (92)_Tﬁc
2142 5123 2210 5197 δὲ
2242 5118 2573 5197 ῥ’ωστικῆς.
2616 5119 2854 5197 Macrob.
2883 5119 2979 5174 lib.
3028 5133 3045 5171 ι
3093 5118 3339 5184 Saturn.,

1772 5192 1894 5267 cap.
1927 5195 2018 5259 20,
2045 5192 2212 5267 multa
2239 5193 2293 5246 in
2322 5193 2463 5267 hanc
2489 5192 2835 5267 sententiam.

1844 5259 1957 5337 (95)
1996 5266 2306 5337 Διόνυσος.
2350 5260 2484 5337 Vide
2546 5261 2823 5337 eumdem
2855 5259 3100 5337 Macrob:
3148 5259 3337 5314 eodem

1773 5327 1892 5401 libi,
1929 5327 1977 5390 ὁ.
2009 5335 2098 5396 18,
2131 5335 2224 5387 ubi
2257 5327 2397 5387 hanc
2450 5333 2667 5401 inirem
2697 5327 2896 5398 Orphei
2927 5331 3044 5386 100a
3069 5327 3179 5385 duo
3213 5346 3342 5400 pro-

1771 5400 1885 5462 fert
1911 5406 2203 5460 admodum
2233 5402 2487 5462 insignia.
2519 5400 2674 5454 Prior
2700 5411 2784 5455 est
2809 5418 2823 5454 :

1773 5514 1790 5531 .
1838 5515 1852 5529 .
1898 5516 1907 5528 ρ
1954 5477 2245 5540 Διόνυσος
2274 5472 2325 5525 δ’
2345 5471 2668 5537 ἐπεκλήθη,

1777 5546 2007 5600 Οὕνεκα
2027 5537 2270 5598 δινεῖτὰι
2294 5543 2418 5596 κατ’
2441 5542 2730 5608 ἀπείρονα
2754 5537 2988 5608 μακρὸν
3010 5540 3335 5608 Ὄλυμπον.

1773 5615 2069 5678 Posterior,
2107 5614 2276 5666 multa
2321 5629 2386 5666 ex
2419 5611 2613 5665 Bacchi
2648 5609 3077 5680 ornamentiset
3108 5609 3338 5680 insigni-

1771 5689 1897 5753 bus,
1925 5686 2101 5742 eidem
2137 5683 2250 5740 Soli
2278 5681 2397 5736 κατ’
2434 5679 2761 5752 ἀλληγορίαν
2791 5678 3055 5733 attribuit.

2773 5841 2813 5899 ’1
