3858 6224
490 247 600 304 205

1153 241 1425 300 EUSEBII
1461 242 1939 302 CESARIENSIS
1976 244 2125 300 Ol’P.
2171 245 2352 302 PARS
2389 247 2454 304 Il.
2492 281 2562 292 —-
2597 248 3103 309 APOLOGETICA.

3653 257 3757 314 204

495 364 623 417 nius
654 367 708 415 et
736 357 805 413 ab
836 356 987 412 omni
1018 356 1146 412 faece
1179 357 1513 428 purissimus
1547 357 1692 428 ignis
1725 356 2056 412 domicilium

2169 359 2273 427 γῆν
2302 361 2478 430 φωτὸς
2512 362 2603 417 τὸν
2637 364 2950 436 πορφυροῦν
2974 365 3175 436 χιτῶνα
3207 365 3516 437 ποιούμενοι
3551 367 3755 440 σύμϐο-

495 470 656 513 suum
683 453 992 510 collocavit.
1015 450 1152 506 Nam
1191 452 1283 522 qui
1313 467 1344 506 e
1375 452 1517 507 coelo
1542 451 1758 506 delatus
1801 451 1856 506 in
1889 460 2066 508 terras

493 548 637 620 ignis
663 556 766 610 est,
791 545 936 616 quod
960 552 1180 615 propter
1206 545 1470 614 majorem
1496 545 1924 599 imbecillitatem
1950 560 2068 599 ma-

463 633 646 696 teria:
669 638 830 710 quasi
857 636 1199 692 firmamento
1228 636 1488 702 indigeat,
1513 636 1842 692 claudicanti
1869 637 2068 692 similis

489 731 800 802 effingitur:
851 743 974 785 cum
1011 737 1192 784 autem
1244 727 1518 798 ejusmodi
1559 743 1780 799 quoque
1824 729 2066 800 aliquam

489 826 623 882 solis
648 837 771 880 esse
804 822 916 877 vim
943 830 1220 892 putarent,
1259 821 1566 893 Apollinem
1596 822 1776 892 ipsum
1802 823 2061 878 nomina-

491 926 645 982 runt,
695 931 726 970 a
766 915 998 970 tremula
1044 915 1325 970 radiorum
1364 914 1485 984 ejus
1524 913 1851 981 vibratione,
1899 929 2064 984 quam

489 1009 689 1065 πάλσιν
725 1007 898 1064 Graeci
937 1007 1150 1064 dicunt.
1181 1008 1260 1062 Ac
1287 1021 1483 1061 novem
1515 1006 1735 1076 quidem
1765 1005 1953 1071 Musae,
1987 1005 2066 1060 illi

488 1101 824 1163 aecinentes,
851 1098 1122 1168 sphaeram
1155 1097 1284 1152 luna
1316 1095 1654 1162 inferiorem,
1697 1112 1821 1151 cum
1856 1105 2062 1168 septem

485 1187 831 1257 planetarum
861 1185 1111 1250 orbibus,
1150 1199 1372 1255 unoque
1401 1193 1660 1255 praeterea
1692 1186 1875 1242 omnis
1906 1202 2063 1243 erro-

487 1277 566 1333 ris
598 1285 818 1347 experte
847 1282 1266 1346 repraesentant.
1305 1274 1549 1332 Laurum
1576 1291 1708 1332 vero
1731 1277 1906 1333 eidem
1939 1293 2065 1334 con-

486 1377 796 1433 secrarunt,
849 1369 1048 1439 partim
1097 1369 1242 1439 quod
1277 1368 1402 1438 igne
1442 1367 1681 1426 abundet
1725 1371 1833 1427 hoc
1865 1373 2064 1443 plantae

486 1477 677 1533 genus,
711 1477 890 1532 eoque
914 1462 1257 1518 daemonibus
1285 1476 1514 1518 exosum
1549 1463 1921 1536 infestumque
1954 1467 2058 1532 sit;

482 1554 683 1624 partim
717 1553 886 1625 quod,
921 1553 1054 1609 dum
1084 1554 1286 1622 uritur,
1322 1555 1512 1611 vocale
1541 1557 1633 1622 sit,
1666 1571 1842 1628 eoque
1872 1557 2060 1613 futura

482 1647 815 1720 praedicendi
854 1647 964 1703 vim
1011 1647 1140 1704 huic
1185 1647 1288 1705 deo
1325 1648 1505 1705 inesse
1551 1650 1842 1723 signiﬁcet.
1889 1650 2059 1706 Eum-

483 1743 630 1807 dem,
667 1752 942 1813 quatenus
973 1741 1044 1798 ab
1069 1742 1159 1805 iis,
1205 1744 1299 1813 qui
1334 1744 1387 1798 in
1411 1743 1579 1800 terris
1621 1753 1810 1816 agunt,
1848 1745 2060 1801 incom-

483 1836 650 1891 moda
701 1835 1148 1906 calamitatesque
1192 1835 1432 1906 depellit,
1469 1835 1627 1907 quasi
1664 1837 1794 1891 dum
1831 1835 1900 1893 ab
1935 1844 2060 1892 or:u

483 1927 540 1981 in
593 1941 853 1983 occasum
899 1927 1266 1997 progreditur,
1303 1927 1535 1981 κλᾶσθαι
1569 1927 1707 1999 πρὸς
1745 1927 1906 2000 ἀέρα,
1956 1929 2062 1986 hoc

479 2018 660 2074 estad
698 2032 880 2072 aerem
917 2015 1097 2088 frangi
1144 2017 1419 2082 videatur,
1465 2017 1738 2090 Ἡρακλέα
1772 2017 2059 2074 Herculem

477 2109 866 2180 appellarunt;
915 2123 1080 2179 quem
1133 2109 1296 2164 etiam
1358 2109 1648 2165 duodecim
1695 2109 2059 2165 certaminum

479 2201 670 2256 labore
713 2198 1028 2255 defunctum
1065 2213 1189 2254 esse
1242 2198 1580 2267 fabulantur,
1633 2199 1872 2257 caelestis
1907 2200 2060 2258 orbis

478 2292 534 2344 in
569 2289 856 2345 duodecim
891 2289 1045 2359 signa
1089 2289 1414 2346 divisionem
1462 2290 1568 2346 hoc
1599 2290 1846 2362 symbolo
1877 2289 2059 2346 decla-

477 2396 604 2436 rare
650 2379 952 2450 cupientes.
991 2378 1214 2435 Flavam
1264 2381 1366 2450 ipsi
1415 2380 1699 2451 [conisque
1737 2381 1932 2451 pellem
1975 2390 2057 2436 at-

478 2471 751 2537 tribuunt,
785 2478 846 2524 ut
869 2470 1040 2525 altera
1066 2479 1253 2526 motus
1281 2471 1729 2541 inaequalitatem,
1754 2472 1923 2527 altera
1946 2473 2056 2528 vim

476 2557 614 2613 solis
660 2557 717 2612 in
759 2556 934 2613 leonis
980 2558 1139 2629 signo
1196 2559 1434 2615 maxime
1471 2560 1844 2617 dominantem
1895 2563 2052 2618 exhi-

476 2649 663 2704 beant.
700 2646 820 2703 Jam
855 2648 1116 2704 virtutem
1153 2649 1300 2706 illius
1329 2650 1624 2708 salutarem
1657 2667 1754 2722 per
1801 2651 2056 2708 [Escula-

475 2741 629 2809 pium
681 2755 1004 2810 expressam
1042 2741 1286 2809 voluere,
1335 2742 1497 2813 eique
1541 2744 1797 2800 baculum
1832 2744 1888 2799 in
1937 2761 2057 2800 ma-

477 2846 611 2885 num
637 2831 925 2894 dederunt,
962 2829 1171 2888 scilicet
1202 2845 1312 2901 quo
1344 2830 1657 2887 laborantes
1681 2831 1766 2886 sui
1793 2845 1919 2886 cum
1954 2846 2050 2886 su-

475 2921 769 2986 stentandi,
795 2928 908 2974 tum
927 2921 1090 2976 etiam
1119 2920 1364 2993 erigendi
1391 2921 1566 2992 gratia
1591 2929 1896 2978 uterentur.
1924 2921 2054 2977 Ser-

2173 451 2284 518 λον,
2317 454 2380 506 τὸ
2405 454 2462 507 δὲ
2494 455 3012 528 ἠκρωτηριασμένον
3048 458 3322 529 σκῆπτρον
3343 459 3443 529 τῆς
3485 460 3634 514 κάτω
3660 461 3753 514 δυ-

2171 545 2385 616 νάμεως
2407 548 2496 610 ,τό
2527 564 2586 599 τε
2620 548 2804 619 σχῆμα
2830 550 2928 620 τῆς
2964 549 3144 619 χειρὸς
3174 549 3268 602 τοῦ
3306 554 3638 624 μεταχωρεῖν
3673 554 3754 615 είς

2169 636 2231 688 τὸ
2257 637 2477 706 ἀφανές.
2515 639 2572 692 '0
2603 639 2659 692 δὲ
2688 640 2963 713 Κέρϐερος
2989 641 3316 714 τρικέφαλος
3344 643 3462 713 μὲν,
3497 643 3578 695 ὅτι
3606 647 3754 715 τρεῖς

2171 730 2224 782 αἱ
2254 729 2365 783 ἄνω
2389 729 2562 803 χῶραι
2589 731 2763 803 ἡλίου,
2791 732 3045 806 ἀνατολὴ,
3077 728 3412 804 μεσημϐρία,
3443 733 3613 797 δύσις.
3641 734 3752 805 Τὴν

2169 821 2229 875 δὲ
2265 820 2516 893 σελήνην,
2563 823 2714 894 παρὰ
2746 823 2806 876 τὸ
2855 824 3020 887 σέϐας
3053 823 3436 888 ὑπολαϐόντες,
3487 825 3754 898 ’Ἄρτεμιν

2169 912 2637 983 προσηγόρευσαν,
2684 909 2795 966 οἷον
2829 915 3138 987 άερότομιν.
3176 915 3344 986 Λοχία
3376 933 3436 969 τε
3483 919 3517 987 ἠ
3553 918 3752 990 Ἀρτε-

2173 1020 2286 1074 μις,
2305 1004 2509 1075 καίπερ
2531 1001 2666 1058 οὖσα
2689 1005 2977 1076 παρθένος,
3000 1007 3082 1060 ὅτι
3107 1008 3140 1076 ἡ
3171 1007 3268 1078 τῆς
3290 1007 3582 1079 νουμηνίας
3597 1007 3754 1060 δύνα-

2170 1111 2262 1163 μις
2301 1094 2630 1166 προσθετικὴ
2649 1096 2730 1158 είς
2755 1096 2815 1149 τὸ
2843 1096 3067 1150 τίκτειν.
3102 1097 3277 1169 Ὅπερ
3299 1097 3355 1150 δὲ
3385 1097 3655 1151 Ἀπόλλων
3691 1097 3754 1149 ἐν

2167 1186 2322 1258 ἡλίῳ,
2347 1186 2504 1240 τοῦτο
2542 1187 2741 1258 Ἀθηνᾶ
2775 1189 2833 1242 ὲν
2876 1188 3091 1261 σελήνῃ·
3125 1188 3240 1242 ἐστι
3280 1189 3389 1261 γὰρ
3415 1191 3514 1261 τῆς
3544 1192 3750 1262 φρονή-

2167 1297 2305 1342 σεως
2329 1279 2612 1350 σύμϐολον,
2655 1280 2853 1352 Ἀθηνᾶ
2878 1299 2962 1345 τις
2982 1278 3136 1336 οὖσα.
3175 1282 3376 1353 Ἑκάτη
3393 1283 3448 1336 δὲ
3481 1285 3516 1354 ἡ
3551 1283 3751 1356 σελήνη

2166 1371 2347 1438 πάλιν,
2381 1373 2480 1443 τῆς
2517 1373 2646 1444 περὶ
2676 1373 2843 1444 αὐτὴν
2888 1375 3429 1446 μετασχηματίσεως,
3473 1376 3567 1429 καὶ
3607 1376 3755 1430 κατὰ

2163 1464 2291 1528 τοὺς
2320 1464 2732 1536 σχηματισμοὺς
2757 1465 3058 1537 δυνάμεως.
3083 1465 3173 1518 Διὺ
3199 1466 3499 1538 τρίμορφος
3524 1469 3560 1538 ὴ
3585 1466 3752 1520 δύνα-

2167 1572 2278 1625 μις,
2301 1556 2398 1626 τῆς
2427 1556 2526 1626 μὲν
2566 1556 2858 1628 νουμηνίας
2890 1557 3128 1627 φέρουσα
3155 1556 3254 1626 τὴν
3301 1557 3620 1627 λευχείμονα
3648 1557 3754 1611 καὶ

2163 1648 2613 1721 χρυσοσάνδαλον,
2642 1649 2736 1702 καὶ
2778 1647 2878 1712 τὰς
2911 1647 3200 1718 λαμπάδας
3223 1647 3489 1718 ἡμμένας·
3517 1649 3544 1701 ὁ
3566 1647 3624 1700 δὲ
3649 1649 3755 1702 κά.-

2163 1743 2344 1809 λαθος,
2374 1741 2432 1794 ὃν
2461 1741 2555 1795 ἐπὶ
2581 1744 2694 1805 τοῖς
2727 1738 3021 1812 μετεώροις
3045 1739 3220 1812 φέρει,
3251 1739 3351 1809 τῆς
3369 1738 3476 1792 τῶν
3510 1739 3752 1812 καρπῶν

2163 1835 2550 1907 κατεργασίας,
2606 1833 2700 1898 οὒς
2746 1833 3038 1906 ἀνατρέφει
3097 1833 3238 1887 κατὰ
3294 1831 3392 1904 τὴν
3430 1831 3525 1886 τοῦ
3566 1833 3753 1903 φωτὸς

2164 1925 2504 2000 παραύξησιν
2523 1944 2536 1957 ·
2564 1927 2663 1998 τῆς
2687 1927 2731 1979 δ’
2777 1921 2844 1981 αὖ
2884 1927 3219 1998 πανσελήνου
3247 1928 3280 1998 ἡ
3310 1925 3752 1997 χαλκοσάνδαλος

2163 2020 2450 2091 σύμϐολον.
2484 2020 2556 2072 Ἦ
2585 2019 2680 2073 καὶ
2716 2021 2782 2073 ὲκ
2809 2020 2906 2090 μὲν
2937 2018 3032 2072 τοῦ
3059 2018 3254 2073 κλάδου
3284 2019 3383 2090 τῆς
3407 2019 3611 2088 δάφνης
3643 2019 3752 2074 λά-

2162 2113 2245 2167 ϐοι
2272 2113 2336 2166 ἄν
2368 2130 2452 2177 τις
2483 2113 2665 2176 αὐτοῖς
2698 2125 2726 2153 ιι
2765 2111 2829 2165 τὸ
2854 2111 3121 2184 ἔμπυρον,
3156 2113 3221 2166 ὲκ
3253 2111 3310 2165 δὲ
3348 2111 3444 2165 τοῦ
3489 2114 3751 2184 μήκωνος

2159 2207 2221 2260 τὸ
2270 2205 2514 2276 γόνιμον,
2574 2205 2754 2259 καὶτὸ
2783 2205 2987 2276 πλῆθος
3021 2204 3128 2258 τῶν
3171 2204 3614 2275 είσοικιξομένων
3664 2208 3752 2269 εἰς

2159 2298 2328 2370 αὐτὴν
2347 2297 2553 2368 ψυχῶν,
2593 2295 2779 2369 ὥσπερ
2800 2299 2880 2361 είς
2908 2295 3082 2361 πόλιν,
3117 2297 3199 2350 ὅτι
3254 2295 3461 2376 πόλεως
3495 2298 3522 2349 ὀ
3551 2298 3752 2368 μήκων

2161 2387 2448 2460 σύμϐολον.
2490 2387 2654 2454 Τόξον
2706 2388 2764 2441 δὲ
2797 2386 2953 2459 φέρει
2996 2386 3248 2458 καθάπερ
3283 2388 3316 2458 ἡ
3352 2387 3618 2457 Ἄρτεμις
3655 2386 3750 2440 διὰ

2158 2479 2256 2551 τὴν
2274 2479 2382 2534 τῶν
2419 2479 2621 2534 ὠδίνων
2668 2478 2920 2550 ὀξύτητα.
2972 2477 3139 2532 Πάλιν
3168 2477 3211 2530 δ’
3245 2473 3309 2531 αὖ
3341 2479 3395 2530 αί
3421 2467 3618 2548 Μοῖραι
3649 2478 3749 2530 ἐπὶ

2156 2573 2256 2637 τὰς
2285 2573 2542 2644 δυνάμεις
2571 2572 2745 2643 αὐτῆς
2773 2569 3170 2642 ἀναφέρονται·
3200 2571 3234 2639 ἡ
3264 2569 3362 2641 μὲν
3396 2569 3602 2623 Κλωθὼ
3650 2570 3749 2623 ἐπὶ

2155 2665 2254 2738 τὴν
2300 2665 2642 2738 γεννητικὴν,
2701 2664 2936 2736 Λάχεσις
2981 2663 3038 2716 δὲ
3083 2661 3225 2716 κατὰ
3267 2663 3365 2734 τὴν
3416 2663 3746 2735 θρεπτικὴν,
3807 2651 3811 2656 ’

2159 2759 2428 2833 Ἀτροπος
2452 2760 2566 2830 δὲὴ
2594 2757 2734 2812 κατὰ
2765 2758 2827 2811 τὸ
2849 2757 3222 2829 ἀπαραίτητον
3251 2755 3342 2810 τοῦ
3385 2755 3530 2810 θεοῦ.
3561 2756 3744 2811 Συνοι-

2155 2849 2366 2916 κίζουσι
2389 2849 2448 2904 δὲ
2499 2849 2634 2920 αὐτῇ
2664 2849 2756 2902 καὶ⁹
2794 2847 2892 2919 τὴν
2920 2846 3027 2901 τῶν
3053 2846 3280 2919 καρπῶν
3307 2848 3630 2919 γεννητικὴν
3651 2849 3744 2901 δύ·-

2155 2958 2340 3013 ναμιν,
2388 2941 2535 3011 ἥπερ
2600 2939 2718 2992 ἐστὶ
2773 2939 3071 3010 Δημήτηρ,
3126 2937 3356 3009 δύναμιν
3403 2940 3741 3010 ἐμποιοῦσαν

471 3029 608 3084 pcns
637 3022 820 3068 autem
850 3013 1026 3070 eidem
1068 3012 1501 3068 circumvolutus
1530 3013 1778 3084 corporis
1813 3014 2048 3070 salutem

2160 3012 2314 3104 αὐτῇ.
2387 3031 2500 3086 Καὶ
2549 3031 2666 3085 ἐστι
2723 3030 3014 3101 συνεκτικὴ
3065 3029 3164 3101 τῆς
3215 3031 3398 3103 Κόρης
3435 3035 3469 3104 ή
3515 3033 3740 3106 σελήνη.

412 3163 416 3168 _
473 3106 745 3177 Signiﬁcat
789 3105 974 3176 (enim
1005 3118 1137 3160 vero
1160 3103 1375 3175 physici
1409 3103 1510 3169 illi,
1544 3103 1638 3174 qui
1675 3105 1834 3160 nobis
1860 3105 2050 3160 mundi

2160 3103 2568 3192 Προσοικίζουσι
2614 3121 2672 3174 δὲ
2721 3121 2816 3174 καὶ
2869 3121 2962 3175 τὸν
2993 3124 3244 3176 Διόνυσον
3284 3121 3376 3174 διά
3407 3103 3466 3174 τε
3493 3124 3591 3194 τὴν

471 3200 640 3269 hujus
676 3198 1013 3254 molitionem
1051 3195 1415 3263 tradiderunt,
1463 3196 1611 3265 quod
1652 3194 1799 3250 circa
1847 3204 2050 3251 terram

474 3294 670 3362 aliqua:
703 3305 826 3347 sese
851 3288 1120 3344 volvendo
1151 3287 1372 3342 trahant
1420 3288 1749 3354 animantes,
1795 3287 1849 3342 in
1899 3304 2053 3343 cras-

474 3383 675 3436 siorcm
733 3380 952 3434 illarum
1000 3386 1427 3447 terrestremque
1483 3386 1738 3432 naturam
1792 3378 1913 3448 ejus
1972 3379 2051 3434 rei

472 3487 696 3527 causam
729 3469 1118 3540 contulerunt),
1152 3469 1298 3538 quod
1336 3469 1441 3524 hoc
1479 3468 1772 3524 animantis
1799 3483 1970 3540 genus
1997 3478 2052 3524 et

471 3564 662 3633 spiritu
677 3576 788 3633 prae
801 3561 1010 3617 caeteris
1029 3561 1284 3626 abundet,
1303 3569 1356 3615 et
1367 3560 1611 3630 corporis
1630 3559 2052 3615 imbecillitatem

468 3666 652 3712 exuat.
684 3653 828 3722 Quin
860 3654 1023 3709 etiam
1049 3653 1322 3724 praecipuo
1350 3653 1585 3721 quodam
1608 3661 1660 3708 et
1687 3652 1950 3723 singulari
1982 3653 2052 3707 ad

468 3748 796 3803 medicinam
849 3743 1112 3800 instinctu
1157 3741 1287 3798 ferri
1313 3742 1546 3807 videtur,
1581 3743 1781 3812 quippe
1811 3742 1906 3813 qui
1939 3756 2050 3797 non

469 3850 683 3895 tantum
703 3838 947 3894 acuendo
965 3838 1020 3892 vi
1051 3837 1135 3892 sui
1155 3833 1613 3890 medicamentum
1641 3834 1923 3904 repererit,
1955 3835 2052 3890 sed

466 3933 632 3984 etiam
650 3930 874 3985 herbam
901 3928 1162 3999 aliquam,
1177 3936 1238 3982 ut
1259 3925 1456 3982 fabula:
1468 3927 1772 3996 perhibent,
1791 3943 2050 3984 revocan-

466 4025 548 4076 dae
573 4025 692 4078 vitae
709 4022 994 4092 perutilem
1021 4020 1338 4076 noverit.At
1369 4035 1495 4075 vero
1516 4026 1740 4090 propter
1753 4020 2047 4075 motionem

467 4116 608 4169 illam
627 4114 944 4170 circularem
962 4128 1026 4168 ac
1039 4110 1313 4167 saltationi
1327 4111 1790 4180 persimilem,qua
1803 4111 2047 4182 visignea

462 4203 731 4258 fructibus
744 4202 1104 4256 maturitatem
1119 4198 1456 4270 affert,113
1474 4199 1760 4272 Dionysius
1775 4201 1932 4272 longe
1943 4201 2048 4257 alia

462 4297 676 4349 ratione
691 4308 853 4363 quam
870 4291 1142 4346 fructuum
1159 4291 1526 4346 humidiorum
1553 4291 1656 4357 vis,
1679 4301 2045 4363 nuncupatur,

2155 3217 2400 3288 κεράτων
2451 3213 2679 3284 ἔκφυσιν
2727 3214 2821 3267 καὶ
2864 3213 2954 3268 διὰ
2983 3215 3074 3268 τὸν
3108 3213 3216 3268 τῶν
3236 3213 3414 3284 νεφῶν
3447 3215 3614 3268 τόπον
3644 3217 3741 3270 τὸν

2155 3307 2508 3378 ὑποκείμενον
2528 3307 2641 3368 τοῖς
2673 3303 2825 3358 κάτω
2881 3305 3094 3376 μέρεσι.
3155 3305 3265 3377 Τὴν
3286 3305 3342 3358 δὲ
3373 3305 3466 3360 τοῦ
3518 3308 3743 3378 Κρόνου

2151 3401 2382 3472 δύναμιν
2409 3381 2618 3470 νωχελῆ
2670 3397 2766 3452 καὶ⁹
2797 3396 3052 3469 βραδεῖαν
3097 3397 3191 3450 καὶ
3222 3396 3434 3469 ψυχρὰν
3463 3399 3746 3463 κατεῖδον,

2153 3491 2233 3546 διὸ
2283 3491 2382 3562 τὴν
2430 3490 2522 3545 τοῦ
2569 3489 2759 3562 χρόνου
2809 3488 3039 3559 δύναμιν
3093 3486 3243 3558 αύτῴ
3292 3487 3744 3559 προσανέθεσανο

2153 3583 2493 3640 ἀππυποῦσί
2542 3600 2597 3636 τε
2649 3581 2811 3635 αὑτὸν
2851 3580 3082 3643 ἑστῶτα,
3121 3579 3303 3633 πολιὸν
3331 3580 3466 3650 πρὸς
3494 3579 3748 3650 ἔμφασιν

2152 3675 2246 3730 τοῦ
2287 3674 2585 3747 γηράσκειν
2630 3672 2719 3725 τὸν
2767 3671 2957 3744 χρόνον
2978 3689 2991 3701 ·
3026 3670 3135 3723 τῶν
3163 3670 3221 3724 δὲ
3252 3669 3459 3742 καιρῶν
3487 3669 3749 3740 σύμϐολα

2151 3768 2202 3820 oi
2245 3765 2544 3838 Κούρητες,
2577 3763 2670 3817 τὸν
2711 3763 2918 3834 Κρόνον
2941 3761 3339 3832 βουκολοῦντες,
3368 3763 3451 3815 ὅτι
3501 3761 3591 3814 διὰ
3625 3763 3748 3815 τῶν

2152 3856 2361 3928 καιρῶν
2410 3858 2439 3909 ὁ
2472 3854 2660 3926 χρόνος
2703 3851 3006 3925 παροδεύει.
3045 3852 3164 3905 Τῶν
3212 3852 3269 3904 δὲ
3315 3851 3505 3924 Ὡρῶν,
3537 3852 3595 3904 αί
3634 3854 3745 3923 μὲν

2151 3940 2480 4018 ὀλυμπιάδες
2538 3946 2646 3998 εἰσὶ
2696 3944 2790 3997 τοῦ
2826 3944 2999 4015 ἡλίου,
3044 3945 3101 3998 αϊ
3164 3943 3260 3997 καὶ
3303 3944 3580 4013 ἀνοίγουσι
3630 3945 3742 4010 τὰς

2150 4040 2292 4094 κατὰ
2319 4039 2411 4093 τὸν
2435 4038 2571 4110 ἀέρα
2599 4037 2794 4102 πύλας,
2813 4037 2870 4090 αἱ
2889 4037 2945 4090 δὲ
2971 4036 3375 4107 ὲπιχθόνιοιτῆς
3402 4038 3701 4109 Δήμητρος
3722 4057 3738 4069 ·

2149 4132 2244 4185 καὶ
2270 4129 2503 4184 κάλαθον
2560 4129 2765 4200 ἔχουσι,
2813 4129 2904 4181 τὸν
2955 4128 3052 4199 μὲν
3092 4128 3200 4182 τῶν
3241 4129 3417 4182 ἀνθῶν
3458 4129 3745 4200 σύμϐολον

2149 4225 2242 4280 τοῦ
2276 4224 2458 4296 ἔαρος,
2509 4222 2600 4276 τὸν
2643 4222 2699 4275 δὲ
2731 4221 2838 4275 τῶν
2883 4220 3128 4290 σταχύων
3167 4222 3261 4275 τοῦ
3294 4221 3500 4293 θέρους.
3535 4223 3646 4276 Τοῦ
3676 4225 3743 4277 δὲ

2153 4317 2347 4388 ’Ἄρεος
2378 4315 2476 4386 τὴν
2497 4313 2724 4384 δύναμιν
2752 4312 3146 4376 καταλαϐόντες
3166 4313 3445 4385 διάπυρον,
3472 4314 3746 4386 πολέμων

463 4387 590 4456 quia
621 4385 704 4440 sol
727 4393 828 4439 aut
859 4379 1142 4451 περιδινεϊ,
1163 4382 1268 4438 hoc
1289 4390 1371 4439 est
1397 4381 1450 4436 in
1484 4381 1668 4436 orbem
1703 4383 2043 4454 circumagit,

2160 4379 2445 4480 minrtxijv'
2463 4407 2558 4460 καὶ
2587 4379 2974 4477 αίματουργὺν,
3003 4405 3257 4476 βλάπτειν
3288 4379 3348 4458 τε
3379 4407 3472 4460 καὶ
3494 4379 3745 4476 ὠφελεῖν

465 4487 560 4531 aut
615 4475 891 4532 cmlestem
933 4474 1344 4529 conversionem
1375 4471 1840 4536 Stavdemonflcit.
1873 4473 2038 4544 Idem,

2160 4471 2452 4570 Ξυναμένην
2506 4471 2788 4568 ἐποίησαν.
2944 4471 3013 4551 δὲ⁷
3036 4497 3137 4568 τῆς
3183 4498 3498 4570 Ἀφροδίτης
3521 4471 3749 4573 ἀστέρα

463 4580 731 4641 quatenus
768 4585 868 4640 per
919 4568 1162 4639 singulas
1187 4564 1463 4621 inferioris
1494 4565 1684 4620 mundi
1729 4564 1899 4639 ὥρας,
1933 4569 2042 4626 hoc

2160 4564 2522 4664 iewp‘ﬁoavcs;
2572 4564 2970 4661 γενεσιουργὸν,
3018 4564 3309 4662 ἐπιθυμίας
3339 4609 3400 4644 τε
3436 4564 3530 4645 καὶ
3559 4564 3747 4666 rev-ﬁ;

462 4673 567 4729 cst,
601 4670 952 4732 tempestates
983 4675 1084 4716 suo
1112 4669 1260 4713 motu
1304 4655 1689 4713 circumfertur
1712 4698 1727 4722 ,
1759 4667 2038 4732 statasque

2160 4655 2338 4746 ιίτιον,
2396 4655 2628 4750 γυναῖκα
2679 4681 2774 4750 μὲν
2822 4655 3134 4734 άνέπλασαν
3176 4655 3265 4736 διὰ
3319 4681 3416 4735 τὶν
3465 4655 3744 4753 γένεσινῖ

462 4756 588 4808 anni
625 4752 1055 4819 vicissitudines,
1093 4749 1276 4816 eﬂicit,
1304 4747 1483 4804 Horus
1523 4759 1812 4820 propterea
1853 4755 2034 4810 nomi-

2160 4775 2349 4849 bpaiav
2373 4747 2452 4837 at,
2485 4773 2567 4826 ὅτι
2597 4747 2691 4825 καί
2720 4772 3011 4843 Ἕσπερος,

461 4880 644 4925 natur.
699 4865 790 4924 Vis
816 4876 997 4922 autem
1031 4865 1170 4936 ejus,
1219 4879 1384 4936 quam
1421 4863 1477 4918 in
1523 4879 1775 4935 agrorum
1829 4867 2043 4925 cultura
2083 4869 2304 4941 promit,
2371 4881 2588 4937 quaque
2649 4864 2877 4918 πλοῦτον
2908 4866 3125 4921 divitias
3158 4881 3397 4937 opesque
3439 4870 3745 4935 conciliat,

463 4967 620 5019 Pluto
651 4961 954 5034 symbolum
999 4969 1103 5015 est.
1149 4959 1252 5014 Sed
1294 4957 1552 5028 quoniam
1607 4958 1725 5028 ipse
1777 4960 1886 5014 vim
1944 4963 2109 5018 etiam
2161 4958 2543 5030 corrumpendi
2595 4959 2777 5019 habet.
2827 4957 3045 5012 Plutoni
3094 4955 3407 5028 Serapidem
3455 4960 3747 5030 adjunxe-

462 5067 626 5112 runt:
655 5070 722 5110 ac
761 5052 984 5109 luminis
1009 5051 1227 5122 qttidem
1278 5052 1380 5106 sub
1438 5059 1642 5106 terram
1701 5052 1998 5110 subeuntes
2051 5063 2254 5111 vestem
2317 5066 2680 5124 purpuream;
2713 5049 2988 5104 inferioris
3012 5061 3191 5104 autem
3221 5050 3278 5104 in
3299 5048 3484 5106 Manes
3513 5052 3744 5120 princi—

463 5162 641 5218 patus,
708 5157 982 5219 sceptrum
1016 5161 1232 5203 summa
1267 5154 1422 5217 parte
1481 5145 1732 5200 mutilum
1762 5165 1777 5214 ;
1834 5149 1952 5218 ejus
2017 5150 2249 5220 denique
2286 5149 2342 5203 in
2372 5147 2639 5203 occultam
2664 5146 3026 5215 latentemque
3092 5145 3303 5215 plagam
3335 5159 3587 5201 secessus
3622 5163 3747 5217 pe-

460 5243 720 5297 culiarcm
760 5256 954 5296 manus
1015 5239 1461 5312 compositionem
1522 5237 1829 5308 symbolum
1868 5255 1987 5295 esse
2025 5242 2336 5298 voluerunt.
2369 5239 2438 5292 At
2475 5237 2713 5293 Cerbero
2764 5237 2868 5291 tria
2923 5236 3103 5306 capita
3137 5235 3472 5297 tribuuntur,
3513 5238 3747 5306 quibus

461 5349 568 5390 tres
629 5335 760 5390 solis
794 5337 850 5389 in
877 5333 1024 5390 ccelo'
1054 5334 1318 5403 regiones,
1385 5339 1558 5395 ortus,
1625 5331 1900 5397 meridies,
1938 5340 1993 5385 et
2031 5346 2258 5386 occasus
2329 5329 2676 5384 denotentur.
2722 5324 2842 5380 Jam
2886 5341 3012 5379 vero
3057 5325 3244 5380 lunam
3288 5327 3572 5397 Ἄρτεμιν,
3613 5329 3748 5387 hoc

460 5439 541 5481 ιιςι
601 5427 848 5493 Dianam,
906 5425 1065 5496 quasi
1119 5423 1432 5494 ἁερότομιν,
1493 5436 1676 5476 aerem
1747 5431 2047 5488 secantem,
2084 5419 2452 5478 venerationis
2484 5418 2655 5490 gratia
2701 5425 3104 5487 nuncuparunt.
3139 5416 3218 5472 Ac
3262 5420 3436 5487 partui
3468 5419 3739 5490 quidem,

461 5524 672 5578 tametsi
739 5524 914 5594 virgo,
985 5522 1153 5576 Diana
1206 5526 1419 5590 praeest,
1465 5520 1612 5588 quod
1654 5518 1938 5575 novilunio
1986 5520 2069 5576 vis
2131 5518 2378 5590 quazdam
2434 5516 2588 5584 insit,
2643 5530 2766 5586 quae
2819 5515 3064 5586 pariendi
3117 5514 3429 5571 facultatem
3498 5516 3742 5582 afferat.

528 5702 556 5731 ι
597 5691 662 5742 la
707 5691 894 5760 αὐτῆς.
