  <div class='ocr_page' id='page_1' title='image "/cluster/home/n/w/nwhite01/storage/ocr_20150623/21/nnc1.0046978437/130.png"; bbox 0 0 3858 6224; ppageno 0'>
   <div class='ocr_carea' id='block_1_1' title="bbox 1072 139 1536 182">
    <p class='ocr_par' dir='ltr' id='par_1_1' title="bbox 1072 139 1536 182">
     <span class='ocr_line' id='line_1_1' title="bbox 1072 139 1536 182; baseline 0.011 -5"><span class='ocrx_word' id='word_1_1' title='bbox 1072 139 1120 177; x_wconf 67' lang='grc' dir='ltr'><strong>ν</strong></span> <span class='ocrx_word' id='word_1_2' title='bbox 1530 176 1536 182; x_wconf 95' lang='grc'>.</span> 
     </span>
    </p>
   </div>
   <div class='ocr_carea' id='block_1_2' title="bbox 170 249 1693 322">
    <p class='ocr_par' dir='ltr' id='par_1_2' title="bbox 170 251 1689 322">
     <span class='ocr_line' id='line_1_2' title="bbox 170 251 1689 322; baseline -0.01 0"><span class='ocrx_word' id='word_1_3' title='bbox 170 265 249 322; x_wconf 76' lang='lat'><strong>205</strong></span> <span class='ocrx_word' id='word_1_4' title='bbox 1282 253 1603 310; x_wconf 71' lang='grc' dir='ltr'><strong>ΡιὶιΕΡΑΒ.</strong></span> <span class='ocrx_word' id='word_1_5' title='bbox 1646 251 1689 306; x_wconf 80' lang='grc' dir='ltr'>Ε</span> 
     </span>
    </p>
   </div>
   <div class='ocr_carea' id='block_1_3' title="bbox 1826 249 3349 322">
    <p class='ocr_par' dir='ltr' id='par_1_3' title="bbox 1826 249 3349 308">
     <span class='ocr_line' id='line_1_3' title="bbox 1826 249 3349 308; baseline 0 -2"><span class='ocrx_word' id='word_1_6' title='bbox 1826 249 1902 308; x_wconf 81' lang='lat' dir='ltr'><strong>IG.</strong></span> <span class='ocrx_word' id='word_1_7' title='bbox 1947 250 2073 306; x_wconf 84' lang='lat' dir='ltr'><strong>LIB.</strong></span> <span class='ocrx_word' id='word_1_8' title='bbox 2117 249 2209 307; x_wconf 82' lang='lat' dir='ltr'><strong>Ill.</strong></span> <span class='ocrx_word' id='word_1_9' title='bbox 3244 253 3349 307; x_wconf 71' lang='grc' dir='ltr'><strong>9οΰ</strong></span> 
     </span>
    </p>
   </div>
   <div class='ocr_carea' id='block_1_4' title="bbox 169 369 3355 445">
    <p class='ocr_par' dir='ltr' id='par_1_4' title="bbox 169 369 3355 445">
     <span class='ocr_line' id='line_1_4' title="bbox 169 369 3355 445; baseline -0.003 -12"><span class='ocrx_word' id='word_1_10' title='bbox 169 377 287 445; x_wconf 81' lang='lat' dir='ltr'><strong>Quod</strong></span> <span class='ocrx_word' id='word_1_11' title='bbox 311 384 474 431; x_wconf 85' lang='lat' dir='ltr'><strong>autem</strong></span> <span class='ocrx_word' id='word_1_12' title='bbox 505 375 560 430; x_wconf 91' lang='lat' dir='ltr'><strong>in</strong></span> <span class='ocrx_word' id='word_1_13' title='bbox 592 374 708 430; x_wconf 91' lang='lat' dir='ltr'><strong>sole</strong></span> <span class='ocrx_word' id='word_1_14' title='bbox 740 374 954 444; x_wconf 83' lang='lat' dir='ltr'><strong>Apollo,</strong></span> <span class='ocrx_word' id='word_1_15' title='bbox 996 374 1100 430; x_wconf 90' lang='lat' dir='ltr'><strong>hoc</strong></span> <span class='ocrx_word' id='word_1_16' title='bbox 1145 372 1329 444; x_wconf 88' lang='lat' dir='ltr'><strong>ipsum</strong></span> <span class='ocrx_word' id='word_1_17' title='bbox 1356 373 1594 428; x_wconf 81' lang='lat' dir='ltr'><strong>Minerva</strong></span> <span class='ocrx_word' id='word_1_18' title='bbox 1623 373 1680 426; x_wconf 91' lang='lat' dir='ltr'><strong>in</strong></span> <span class='ocrx_word' id='word_1_19' title='bbox 1731 371 1861 427; x_wconf 90' lang='lat' dir='ltr'><strong>luna</strong></span> <span class='ocrx_word' id='word_1_20' title='bbox 1923 379 2029 438; x_wconf 91' lang='lat' dir='ltr'><strong>est,</strong></span> <span class='ocrx_word' id='word_1_21' title='bbox 2059 371 2206 442; x_wconf 88' lang='lat' dir='ltr'><strong>quod</strong></span> <span class='ocrx_word' id='word_1_22' title='bbox 2249 370 2338 424; x_wconf 92' lang='lat' dir='ltr'><strong>illa</strong></span> <span class='ocrx_word' id='word_1_23' title='bbox 2382 369 2682 440; x_wconf 73' lang='lat' dir='ltr'><strong>prudentiae</strong></span> <span class='ocrx_word' id='word_1_24' title='bbox 2708 370 3016 442; x_wconf 84' lang='lat' dir='ltr'><strong>symbolum</strong></span> <span class='ocrx_word' id='word_1_25' title='bbox 3054 371 3226 427; x_wconf 90' lang='lat' dir='ltr'><strong>instar</strong></span> <span class='ocrx_word' id='word_1_26' title='bbox 3257 387 3355 426; x_wconf 80' lang='lat' dir='ltr'><strong>cu-</strong></span> 
     </span>
    </p>
   </div>
   <div class='ocr_carea' id='block_1_5' title="bbox 165 463 3356 542">
    <p class='ocr_par' dir='ltr' id='par_1_5' title="bbox 165 463 3356 542">
     <span class='ocr_line' id='line_1_5' title="bbox 165 463 3356 542; baseline -0.001 -17"><span class='ocrx_word' id='word_1_27' title='bbox 165 471 333 542; x_wconf 85' lang='lat' dir='ltr'><strong>jusdam</strong></span> <span class='ocrx_word' id='word_1_28' title='bbox 360 469 595 522; x_wconf 74' lang='lat' dir='ltr'><strong>Minervae</strong></span> <span class='ocrx_word' id='word_1_29' title='bbox 626 468 714 524; x_wconf 87' lang='lat' dir='ltr'><strong>sit.</strong></span> <span class='ocrx_word' id='word_1_30' title='bbox 758 465 1016 521; x_wconf 86' lang='lat' dir='ltr'><strong>Eamdem</strong></span> <span class='ocrx_word' id='word_1_31' title='bbox 1049 481 1270 521; x_wconf 87' lang='lat' dir='ltr'><strong>rursum</strong></span> <span class='ocrx_word' id='word_1_32' title='bbox 1323 464 1561 520; x_wconf 80' lang='lat' dir='ltr'><strong>Hecaten</strong></span> <span class='ocrx_word' id='word_1_33' title='bbox 1630 465 1934 528; x_wconf 93' lang='lat' dir='ltr'><strong>nominant,</strong></span> <span class='ocrx_word' id='word_1_34' title='bbox 2001 464 2074 518; x_wconf 90' lang='lat' dir='ltr'><strong>ob</strong></span> <span class='ocrx_word' id='word_1_35' title='bbox 2108 463 2320 527; x_wconf 69' lang='lat' dir='ltr'><strong>formae,</strong></span> <span class='ocrx_word' id='word_1_36' title='bbox 2380 479 2542 534; x_wconf 90' lang='lat' dir='ltr'><strong>quam</strong></span> <span class='ocrx_word' id='word_1_37' title='bbox 2579 464 2635 518; x_wconf 90' lang='lat' dir='ltr'><strong>in</strong></span> <span class='ocrx_word' id='word_1_38' title='bbox 2686 478 2751 518; x_wconf 89' lang='lat' dir='ltr'><strong>ea</strong></span> <span class='ocrx_word' id='word_1_39' title='bbox 2784 465 3086 532; x_wconf 88' lang='lat' dir='ltr'><strong>cernimus,</strong></span> <span class='ocrx_word' id='word_1_40' title='bbox 3123 466 3356 521; x_wconf 86' lang='lat' dir='ltr'><strong>varieta-</strong></span> 
     </span>
    </p>
   </div>
   <div class='ocr_carea' id='block_1_6' title="bbox 169 554 3355 628">
    <p class='ocr_par' dir='ltr' id='par_1_6' title="bbox 169 554 3355 628">
     <span class='ocr_line' id='line_1_6' title="bbox 169 554 3355 628; baseline -0.003 -10"><span class='ocrx_word' id='word_1_41' title='bbox 169 574 267 627; x_wconf 86' lang='lat' dir='ltr'><strong>tem,</strong></span> <span class='ocrx_word' id='word_1_42' title='bbox 287 561 360 616; x_wconf 88' lang='lat' dir='ltr'><strong>cui</strong></span> <span class='ocrx_word' id='word_1_43' title='bbox 386 561 462 614; x_wconf 90' lang='lat' dir='ltr'><strong>vis</strong></span> <span class='ocrx_word' id='word_1_44' title='bbox 484 560 643 615; x_wconf 90' lang='lat' dir='ltr'><strong>etiam</strong></span> <span class='ocrx_word' id='word_1_45' title='bbox 675 558 891 614; x_wconf 89' lang='lat' dir='ltr'><strong>diversa</strong></span> <span class='ocrx_word' id='word_1_46' title='bbox 919 558 1262 627; x_wconf 77' lang='lat' dir='ltr'><strong>respondeat.</strong></span> <span class='ocrx_word' id='word_1_47' title='bbox 1285 557 1470 628; x_wconf 87' lang='lat' dir='ltr'><strong>Itaque</strong></span> <span class='ocrx_word' id='word_1_48' title='bbox 1503 557 1582 612; x_wconf 91' lang='lat' dir='ltr'><strong>sic</strong></span> <span class='ocrx_word' id='word_1_49' title='bbox 1603 571 1667 611; x_wconf 83' lang='lat' dir='ltr'><strong>ea</strong></span> <span class='ocrx_word' id='word_1_50' title='bbox 1725 557 1809 611; x_wconf 90' lang='lat' dir='ltr'><strong>vis</strong></span> <span class='ocrx_word' id='word_1_51' title='bbox 1859 556 2059 626; x_wconf 74' lang='lat' dir='ltr'><strong>triplici</strong></span> <span class='ocrx_word' id='word_1_52' title='bbox 2121 554 2297 610; x_wconf 82' lang='lat' dir='ltr'><strong>forma</strong></span> <span class='ocrx_word' id='word_1_53' title='bbox 2336 555 2615 626; x_wconf 82' lang='lat' dir='ltr'><strong>ﬁguraque</strong></span> <span class='ocrx_word' id='word_1_54' title='bbox 2638 555 3011 627; x_wconf 68' lang='lat' dir='ltr'><strong>distinguitur,</strong></span> <span class='ocrx_word' id='word_1_55' title='bbox 3040 566 3100 612; x_wconf 92' lang='lat' dir='ltr'><strong>ut</strong></span> <span class='ocrx_word' id='word_1_56' title='bbox 3147 556 3355 612; x_wconf 78' lang='lat' dir='ltr'><strong>novilu-</strong></span> 
     </span>
    </p>
   </div>
   <div class='ocr_carea' id='block_1_7' title="bbox 168 645 3353 721">
    <p class='ocr_par' dir='ltr' id='par_1_7' title="bbox 168 645 3353 721">
     <span class='ocr_line' id='line_1_7' title="bbox 168 645 3353 721; baseline 0 -15"><span class='ocrx_word' id='word_1_57' title='bbox 168 653 284 707; x_wconf 89' lang='lat' dir='ltr'><strong>nium</strong></span> <span class='ocrx_word' id='word_1_58' title='bbox 319 651 515 721; x_wconf 85' lang='lat' dir='ltr'><strong>quidem</strong></span> <span class='ocrx_word' id='word_1_59' title='bbox 579 651 702 705; x_wconf 89' lang='lat' dir='ltr'><strong>alba</strong></span> <span class='ocrx_word' id='word_1_60' title='bbox 765 659 932 715; x_wconf 82' lang='lat' dir='ltr'><strong>veste,</strong></span> <span class='ocrx_word' id='word_1_61' title='bbox 996 649 1178 704; x_wconf 89' lang='lat' dir='ltr'><strong>aureis</strong></span> <span class='ocrx_word' id='word_1_62' title='bbox 1217 649 1500 711; x_wconf 91' lang='lat' dir='ltr'><strong>sandaliis,</strong></span> <span class='ocrx_word' id='word_1_63' title='bbox 1566 645 1888 718; x_wconf 79' lang='lat' dir='ltr'><strong>facibusque</strong></span> <span class='ocrx_word' id='word_1_64' title='bbox 1940 647 2221 703; x_wconf 88' lang='lat' dir='ltr'><strong>succensis</strong></span> <span class='ocrx_word' id='word_1_65' title='bbox 2276 657 2658 717; x_wconf 76' lang='lat' dir='ltr'><strong>repraesentet;</strong></span> <span class='ocrx_word' id='word_1_66' title='bbox 2723 649 2974 704; x_wconf 87' lang='lat' dir='ltr'><strong>calathus</strong></span> <span class='ocrx_word' id='word_1_67' title='bbox 3031 658 3211 704; x_wconf 91' lang='lat' dir='ltr'><strong>autem</strong></span> <span class='ocrx_word' id='word_1_68' title='bbox 3271 650 3353 716; x_wconf 90' lang='lat' dir='ltr'><strong>is,</strong></span> 
     </span>
    </p>
   </div>
   <div class='ocr_carea' id='block_1_8' title="bbox 167 739 3355 814">
    <p class='ocr_par' dir='ltr' id='par_1_8' title="bbox 167 739 3355 814">
     <span class='ocr_line' id='line_1_8' title="bbox 167 739 3355 814; baseline 0 -18"><span class='ocrx_word' id='word_1_69' title='bbox 167 757 292 812; x_wconf 88' lang='lat' dir='ltr'><strong>quem</strong></span> <span class='ocrx_word' id='word_1_70' title='bbox 317 744 418 814; x_wconf 86' lang='lat' dir='ltr'><strong>ipsa</strong></span> <span class='ocrx_word' id='word_1_71' title='bbox 448 752 638 813; x_wconf 81' lang='lat' dir='ltr'><strong>gestat,</strong></span> <span class='ocrx_word' id='word_1_72' title='bbox 672 741 766 796; x_wconf 89' lang='lat' dir='ltr'><strong>ubi</strong></span> <span class='ocrx_word' id='word_1_73' title='bbox 803 741 1050 796; x_wconf 90' lang='lat' dir='ltr'><strong>altiorem</strong></span> <span class='ocrx_word' id='word_1_74' title='bbox 1087 740 1145 795; x_wconf 91' lang='lat' dir='ltr'><strong>in</strong></span> <span class='ocrx_word' id='word_1_75' title='bbox 1189 741 1372 796; x_wconf 91' lang='lat' dir='ltr'><strong>locum</strong></span> <span class='ocrx_word' id='word_1_76' title='bbox 1409 741 1666 794; x_wconf 82' lang='lat' dir='ltr'><strong>subvecta</strong></span> <span class='ocrx_word' id='word_1_77' title='bbox 1713 739 1828 810; x_wconf 90' lang='lat' dir='ltr'><strong>jam</strong></span> <span class='ocrx_word' id='word_1_78' title='bbox 1883 748 1986 803; x_wconf 90' lang='lat' dir='ltr'><strong>est,</strong></span> <span class='ocrx_word' id='word_1_79' title='bbox 2031 739 2249 810; x_wconf 79' lang='lat' dir='ltr'><strong>frugum</strong></span> <span class='ocrx_word' id='word_1_80' title='bbox 2297 740 2647 803; x_wconf 82' lang='lat' dir='ltr'><strong>maturitatis,</strong></span> <span class='ocrx_word' id='word_1_81' title='bbox 2708 755 2876 809; x_wconf 92' lang='lat' dir='ltr'><strong>quam</strong></span> <span class='ocrx_word' id='word_1_82' title='bbox 2911 740 2978 796; x_wconf 90' lang='lat' dir='ltr'><strong>iis</strong></span> <span class='ocrx_word' id='word_1_83' title='bbox 3010 741 3154 796; x_wconf 87' lang='lat' dir='ltr'><strong>circa</strong></span> <span class='ocrx_word' id='word_1_84' title='bbox 3187 742 3355 796; x_wconf 91' lang='lat' dir='ltr'><strong>lumi-</strong></span> 
     </span>
    </p>
   </div>
   <div class='ocr_carea' id='block_1_9' title="bbox 167 831 3352 904">
    <p class='ocr_par' dir='ltr' id='par_1_9' title="bbox 167 831 3352 904">
     <span class='ocr_line' id='line_1_9' title="bbox 167 831 3352 904; baseline -0.001 -14"><span class='ocrx_word' id='word_1_85' title='bbox 167 840 232 892; x_wconf 94' lang='lat' dir='ltr'><strong>nis</strong></span> <span class='ocrx_word' id='word_1_86' title='bbox 275 837 634 891; x_wconf 86' lang='lat' dir='ltr'><strong>incrementum</strong></span> <span class='ocrx_word' id='word_1_87' title='bbox 693 836 902 892; x_wconf 85' lang='lat' dir='ltr'><strong>alendis</strong></span> <span class='ocrx_word' id='word_1_88' title='bbox 956 834 1152 901; x_wconf 83' lang='lat' dir='ltr'><strong>eﬂicit;</strong></span> <span class='ocrx_word' id='word_1_89' title='bbox 1199 849 1375 889; x_wconf 74' lang='lat' dir='ltr'><strong>aereus</strong></span> <span class='ocrx_word' id='word_1_90' title='bbox 1433 833 1671 902; x_wconf 89' lang='lat' dir='ltr'><strong>denique</strong></span> <span class='ocrx_word' id='word_1_91' title='bbox 1737 831 2107 888; x_wconf 87' lang='lat' dir='ltr'><strong>sandaliorum</strong></span> <span class='ocrx_word' id='word_1_92' title='bbox 2157 832 2308 887; x_wconf 92' lang='lat' dir='ltr'><strong>color</strong></span> <span class='ocrx_word' id='word_1_93' title='bbox 2358 831 2639 902; x_wconf 76' lang='lat' dir='ltr'><strong>plenilunii</strong></span> <span class='ocrx_word' id='word_1_94' title='bbox 2700 833 3006 904; x_wconf 80' lang='lat' dir='ltr'><strong>symbolum</strong></span> <span class='ocrx_word' id='word_1_95' title='bbox 3066 832 3352 894; x_wconf 86' lang='lat' dir='ltr'><strong>habeatur.</strong></span> 
     </span>
    </p>
   </div>
   <div class='ocr_carea' id='block_1_10' title="bbox 165 927 3356 1003">
    <p class='ocr_par' dir='ltr' id='par_1_10' title="bbox 165 927 3356 1003">
     <span class='ocr_line' id='line_1_10' title="bbox 165 927 3356 1003; baseline -0.001 -17"><span class='ocrx_word' id='word_1_96' title='bbox 165 931 268 988; x_wconf 79' lang='lat' dir='ltr'><strong>Nam</strong></span> <span class='ocrx_word' id='word_1_97' title='bbox 296 933 414 987; x_wconf 87' lang='lat' dir='ltr'><strong>lauri</strong></span> <span class='ocrx_word' id='word_1_98' title='bbox 450 932 667 1003; x_wconf 90' lang='lat' dir='ltr'><strong>quidem</strong></span> <span class='ocrx_word' id='word_1_99' title='bbox 733 947 969 998; x_wconf 87' lang='lat' dir='ltr'><strong>ramum,</strong></span> <span class='ocrx_word' id='word_1_100' title='bbox 1037 931 1272 1001; x_wconf 90' lang='lat' dir='ltr'><strong>speciem</strong></span> <span class='ocrx_word' id='word_1_101' title='bbox 1333 929 1454 999; x_wconf 87' lang='lat' dir='ltr'><strong>ejus</strong></span> <span class='ocrx_word' id='word_1_102' title='bbox 1498 930 1734 998; x_wconf 84' lang='lat' dir='ltr'><strong>igneam,</strong></span> <span class='ocrx_word' id='word_1_103' title='bbox 1776 942 2010 1000; x_wconf 84' lang='lat' dir='ltr'><strong>papaver</strong></span> <span class='ocrx_word' id='word_1_104' title='bbox 2055 937 2259 991; x_wconf 91' lang='lat' dir='ltr'><strong>autem,</strong></span> <span class='ocrx_word' id='word_1_105' title='bbox 2324 942 2447 983; x_wconf 91' lang='lat' dir='ltr'><strong>cum</strong></span> <span class='ocrx_word' id='word_1_106' title='bbox 2495 927 2742 998; x_wconf 82' lang='lat' dir='ltr'><strong>ejusdem</strong></span> <span class='ocrx_word' id='word_1_107' title='bbox 2787 927 3195 997; x_wconf 78' lang='lat' dir='ltr'><strong>fecunditatem,</strong></span> <span class='ocrx_word' id='word_1_108' title='bbox 3239 938 3356 984; x_wconf 93' lang='lat' dir='ltr'><strong>tum</strong></span> 
     </span>
    </p>
   </div>
   <div class='ocr_carea' id='block_1_11' title="bbox 165 1023 3354 1097">
    <p class='ocr_par' dir='ltr' id='par_1_11' title="bbox 165 1023 3354 1097">
     <span class='ocr_line' id='line_1_11' title="bbox 165 1023 3354 1097; baseline 0 -17"><span class='ocrx_word' id='word_1_109' title='bbox 165 1040 263 1080; x_wconf 77' lang='lat' dir='ltr'><strong>vero</strong></span> <span class='ocrx_word' id='word_1_110' title='bbox 284 1027 585 1093; x_wconf 89' lang='lat' dir='ltr'><strong>animorum,</strong></span> <span class='ocrx_word' id='word_1_111' title='bbox 620 1026 715 1097; x_wconf 92' lang='lat' dir='ltr'><strong>qui</strong></span> <span class='ocrx_word' id='word_1_112' title='bbox 766 1042 888 1082; x_wconf 91' lang='lat' dir='ltr'><strong>eam</strong></span> <span class='ocrx_word' id='word_1_113' title='bbox 941 1026 1089 1081; x_wconf 89' lang='lat' dir='ltr'><strong>velut</strong></span> <span class='ocrx_word' id='word_1_114' title='bbox 1130 1025 1322 1080; x_wconf 87' lang='lat' dir='ltr'><strong>urbem</strong></span> <span class='ocrx_word' id='word_1_115' title='bbox 1359 1025 1595 1095; x_wconf 81' lang='lat' dir='ltr'><strong>aliquam</strong></span> <span class='ocrx_word' id='word_1_116' title='bbox 1633 1023 1900 1087; x_wconf 91' lang='lat' dir='ltr'><strong>incolunt,</strong></span> <span class='ocrx_word' id='word_1_117' title='bbox 1949 1024 2351 1078; x_wconf 90' lang='lat' dir='ltr'><strong>multitudinem</strong></span> <span class='ocrx_word' id='word_1_118' title='bbox 2403 1024 2752 1094; x_wconf 89' lang='lat' dir='ltr'><strong>interpretari</strong></span> <span class='ocrx_word' id='word_1_119' title='bbox 2802 1025 3089 1080; x_wconf 81' lang='lat' dir='ltr'><strong>commode</strong></span> <span class='ocrx_word' id='word_1_120' title='bbox 3135 1024 3354 1095; x_wconf 67' lang='lat' dir='ltr'><strong>possit:</strong></span> 
     </span>
    </p>
   </div>
   <div class='ocr_carea' id='block_1_12' title="bbox 165 1115 3356 1191">
    <p class='ocr_par' dir='ltr' id='par_1_12' title="bbox 165 1115 3356 1191">
     <span class='ocr_line' id='line_1_12' title="bbox 165 1115 3356 1191; baseline -0 -17"><span class='ocrx_word' id='word_1_121' title='bbox 165 1121 281 1174; x_wconf 86' lang='lat' dir='ltr'><strong>urbis</strong></span> <span class='ocrx_word' id='word_1_122' title='bbox 307 1121 431 1174; x_wconf 90' lang='lat' dir='ltr'><strong>enim</strong></span> <span class='ocrx_word' id='word_1_123' title='bbox 475 1119 782 1191; x_wconf 79' lang='lat' dir='ltr'><strong>symbolum</strong></span> <span class='ocrx_word' id='word_1_124' title='bbox 829 1133 1064 1190; x_wconf 81' lang='lat' dir='ltr'><strong>papaver</strong></span> <span class='ocrx_word' id='word_1_125' title='bbox 1113 1127 1216 1174; x_wconf 90' lang='lat' dir='ltr'><strong>est.</strong></span> <span class='ocrx_word' id='word_1_126' title='bbox 1256 1117 1457 1172; x_wconf 84' lang='lat' dir='ltr'><strong>Eadem</strong></span> <span class='ocrx_word' id='word_1_127' title='bbox 1496 1132 1683 1172; x_wconf 90' lang='lat' dir='ltr'><strong>arcum</strong></span> <span class='ocrx_word' id='word_1_128' title='bbox 1723 1124 1784 1170; x_wconf 92' lang='lat' dir='ltr'><strong>ut</strong></span> <span class='ocrx_word' id='word_1_129' title='bbox 1809 1115 1978 1171; x_wconf 88' lang='lat' dir='ltr'><strong>Diana</strong></span> <span class='ocrx_word' id='word_1_130' title='bbox 2029 1115 2172 1172; x_wconf 81' lang='lat' dir='ltr'><strong>ferre</strong></span> <span class='ocrx_word' id='word_1_131' title='bbox 2218 1116 2376 1179; x_wconf 88' lang='lat' dir='ltr'><strong>solet,</strong></span> <span class='ocrx_word' id='word_1_132' title='bbox 2413 1131 2522 1186; x_wconf 86' lang='lat' dir='ltr'><strong>quo</strong></span> <span class='ocrx_word' id='word_1_133' title='bbox 2551 1117 2852 1173; x_wconf 89' lang='lat' dir='ltr'><strong>acutissimi</strong></span> <span class='ocrx_word' id='word_1_134' title='bbox 2907 1127 3095 1188; x_wconf 90' lang='lat' dir='ltr'><strong>partus</strong></span> <span class='ocrx_word' id='word_1_135' title='bbox 3136 1119 3356 1173; x_wconf 80' lang='lat' dir='ltr'><strong>dolores</strong></span> 
     </span>
    </p>
   </div>
   <div class='ocr_carea' id='block_1_13' title="bbox 163 1210 3356 1283">
    <p class='ocr_par' dir='ltr' id='par_1_13' title="bbox 163 1210 3356 1283">
     <span class='ocr_line' id='line_1_13' title="bbox 163 1210 3356 1283; baseline -0.001 -13"><span class='ocrx_word' id='word_1_136' title='bbox 163 1216 510 1270; x_wconf 85' lang='lat' dir='ltr'><strong>adumbrantur.</strong></span> <span class='ocrx_word' id='word_1_137' title='bbox 549 1214 859 1280; x_wconf 87' lang='lat' dir='ltr'><strong>Quinetiam</strong></span> <span class='ocrx_word' id='word_1_138' title='bbox 902 1212 1087 1268; x_wconf 71' lang='lat' dir='ltr'><strong>Parcae</strong></span> <span class='ocrx_word' id='word_1_139' title='bbox 1112 1213 1180 1268; x_wconf 89' lang='lat' dir='ltr'><strong>ad</strong></span> <span class='ocrx_word' id='word_1_140' title='bbox 1220 1212 1330 1266; x_wconf 85' lang='lat' dir='ltr'><strong>vim</strong></span> <span class='ocrx_word' id='word_1_141' title='bbox 1387 1212 1533 1266; x_wconf 91' lang='lat' dir='ltr'><strong>illius</strong></span> <span class='ocrx_word' id='word_1_142' title='bbox 1593 1211 1948 1281; x_wconf 89' lang='lat' dir='ltr'><strong>multiplicem</strong></span> <span class='ocrx_word' id='word_1_143' title='bbox 1999 1211 2330 1269; x_wconf 78' lang='lat' dir='ltr'><strong>referuntur.</strong></span> <span class='ocrx_word' id='word_1_144' title='bbox 2363 1210 2498 1266; x_wconf 87' lang='lat' dir='ltr'><strong>Nam</strong></span> <span class='ocrx_word' id='word_1_145' title='bbox 2556 1211 2750 1268; x_wconf 90' lang='lat' dir='ltr'><strong>Clotho</strong></span> <span class='ocrx_word' id='word_1_146' title='bbox 2802 1212 2869 1268; x_wconf 88' lang='lat' dir='ltr'><strong>ad</strong></span> <span class='ocrx_word' id='word_1_147' title='bbox 2902 1214 3218 1283; x_wconf 78' lang='lat' dir='ltr'><strong>generandi,</strong></span> <span class='ocrx_word' id='word_1_148' title='bbox 3253 1212 3356 1268; x_wconf 82' lang='lat' dir='ltr'><strong>La-</strong></span> 
     </span>
    </p>
   </div>
   <div class='ocr_carea' id='block_1_14' title="bbox 162 1303 3355 1377">
    <p class='ocr_par' dir='ltr' id='par_1_14' title="bbox 162 1303 3355 1377">
     <span class='ocr_line' id='line_1_14' title="bbox 162 1303 3355 1377; baseline -0.002 -12"><span class='ocrx_word' id='word_1_149' title='bbox 162 1309 300 1365; x_wconf 87' lang='lat' dir='ltr'><strong>chesis</strong></span> <span class='ocrx_word' id='word_1_150' title='bbox 342 1308 399 1362; x_wconf 92' lang='lat' dir='ltr'><strong>ad</strong></span> <span class='ocrx_word' id='word_1_151' title='bbox 438 1307 611 1362; x_wconf 89' lang='lat' dir='ltr'><strong>alendi</strong></span> <span class='ocrx_word' id='word_1_152' title='bbox 667 1307 778 1361; x_wconf 87' lang='lat' dir='ltr'><strong>vim</strong></span> <span class='ocrx_word' id='word_1_153' title='bbox 830 1307 1082 1377; x_wconf 86' lang='lat' dir='ltr'><strong>pertinet,</strong></span> <span class='ocrx_word' id='word_1_154' title='bbox 1138 1304 1376 1375; x_wconf 76' lang='lat' dir='ltr'><strong>Atropos</strong></span> <span class='ocrx_word' id='word_1_155' title='bbox 1425 1304 1661 1374; x_wconf 91' lang='lat' dir='ltr'><strong>denique</strong></span> <span class='ocrx_word' id='word_1_156' title='bbox 1719 1304 2057 1358; x_wconf 82' lang='lat' dir='ltr'><strong>inexorabile</strong></span> <span class='ocrx_word' id='word_1_157' title='bbox 2105 1304 2270 1374; x_wconf 85' lang='lat' dir='ltr'><strong>hujus</strong></span> <span class='ocrx_word' id='word_1_158' title='bbox 2307 1303 2422 1360; x_wconf 68' lang='lat' dir='ltr'><strong>dea:</strong></span> <span class='ocrx_word' id='word_1_159' title='bbox 2474 1320 2676 1360; x_wconf 91' lang='lat' dir='ltr'><strong>numen</strong></span> <span class='ocrx_word' id='word_1_160' title='bbox 2735 1304 3024 1375; x_wconf 75' lang='lat' dir='ltr'><strong>significat.</strong></span> <span class='ocrx_word' id='word_1_161' title='bbox 3084 1303 3355 1359; x_wconf 66' lang='lat' dir='ltr'><strong>Praeterea</strong></span> 
     </span>
    </p>
   </div>
   <div class='ocr_carea' id='block_1_15' title="bbox 160 1397 3356 1468">
    <p class='ocr_par' dir='ltr' id='par_1_15' title="bbox 160 1397 3356 1468">
     <span class='ocr_line' id='line_1_15' title="bbox 160 1397 3356 1468; baseline -0 -15"><span class='ocrx_word' id='word_1_162' title='bbox 160 1397 328 1468; x_wconf 68' lang='lat' dir='ltr'><strong>frugum</strong></span> <span class='ocrx_word' id='word_1_163' title='bbox 354 1398 742 1453; x_wconf 89' lang='lat' dir='ltr'><strong>educendarum</strong></span> <span class='ocrx_word' id='word_1_164' title='bbox 783 1398 894 1451; x_wconf 90' lang='lat' dir='ltr'><strong>vim</strong></span> <span class='ocrx_word' id='word_1_165' title='bbox 936 1397 1005 1452; x_wconf 92' lang='lat' dir='ltr'><strong>ad</strong></span> <span class='ocrx_word' id='word_1_166' title='bbox 1049 1397 1234 1452; x_wconf 88' lang='lat' dir='ltr'><strong>lunam</strong></span> <span class='ocrx_word' id='word_1_167' title='bbox 1284 1397 1607 1467; x_wconf 85' lang='lat' dir='ltr'><strong>adjungunt,</strong></span> <span class='ocrx_word' id='word_1_168' title='bbox 1637 1410 1833 1465; x_wconf 88' lang='lat' dir='ltr'><strong>nempe</strong></span> <span class='ocrx_word' id='word_1_169' title='bbox 1877 1397 2153 1460; x_wconf 88' lang='lat' dir='ltr'><strong>Cererem,</strong></span> <span class='ocrx_word' id='word_1_170' title='bbox 2199 1412 2322 1466; x_wconf 83' lang='lat' dir='ltr'><strong>quae</strong></span> <span class='ocrx_word' id='word_1_171' title='bbox 2359 1397 2518 1453; x_wconf 90' lang='lat' dir='ltr'><strong>novis</strong></span> <span class='ocrx_word' id='word_1_172' title='bbox 2558 1397 2731 1467; x_wconf 86' lang='lat' dir='ltr'><strong>ipsam</strong></span> <span class='ocrx_word' id='word_1_173' title='bbox 2774 1397 2984 1452; x_wconf 89' lang='lat' dir='ltr'><strong>viribus</strong></span> <span class='ocrx_word' id='word_1_174' title='bbox 3012 1406 3241 1468; x_wconf 88' lang='lat' dir='ltr'><strong>augeat;</strong></span> <span class='ocrx_word' id='word_1_175' title='bbox 3278 1397 3356 1452; x_wconf 83' lang='lat' dir='ltr'><strong>si-</strong></span> 
     </span>
    </p>
   </div>
   <div class='ocr_carea' id='block_1_16' title="bbox 158 1490 3355 1564">
    <p class='ocr_par' dir='ltr' id='par_1_16' title="bbox 158 1490 3355 1564">
     <span class='ocr_line' id='line_1_16' title="bbox 158 1490 3355 1564; baseline 0.001 -18"><span class='ocrx_word' id='word_1_176' title='bbox 158 1493 331 1562; x_wconf 89' lang='lat' dir='ltr'><strong>mulque</strong></span> <span class='ocrx_word' id='word_1_177' title='bbox 379 1491 751 1562; x_wconf 87' lang='lat' dir='ltr'><strong>Proserpinam</strong></span> <span class='ocrx_word' id='word_1_178' title='bbox 823 1507 856 1546; x_wconf 92' lang='lat' dir='ltr'><strong>a</strong></span> <span class='ocrx_word' id='word_1_179' title='bbox 907 1492 1034 1547; x_wconf 91' lang='lat' dir='ltr'><strong>luna</strong></span> <span class='ocrx_word' id='word_1_180' title='bbox 1109 1493 1378 1548; x_wconf 91' lang='lat' dir='ltr'><strong>contineri</strong></span> <span class='ocrx_word' id='word_1_181' title='bbox 1437 1491 1648 1546; x_wconf 91' lang='lat' dir='ltr'><strong>volunt.</strong></span> <span class='ocrx_word' id='word_1_182' title='bbox 1715 1490 1875 1564; x_wconf 66' lang='grc' dir='ltr'><strong>ιιά.</strong></span> <span class='ocrx_word' id='word_1_183' title='bbox 1938 1491 2213 1547; x_wconf 82' lang='lat' dir='ltr'><strong>Bacchum</strong></span> <span class='ocrx_word' id='word_1_184' title='bbox 2263 1493 2427 1548; x_wconf 89' lang='lat' dir='ltr'><strong>etiam</strong></span> <span class='ocrx_word' id='word_1_185' title='bbox 2492 1508 2616 1548; x_wconf 91' lang='lat' dir='ltr'><strong>cum</strong></span> <span class='ocrx_word' id='word_1_186' title='bbox 2670 1508 2734 1548; x_wconf 87' lang='lat' dir='ltr'><strong>ea</strong></span> <span class='ocrx_word' id='word_1_187' title='bbox 2787 1493 2916 1548; x_wconf 90' lang='lat' dir='ltr'><strong>sede</strong></span> <span class='ocrx_word' id='word_1_188' title='bbox 2968 1494 3355 1564; x_wconf 84' lang='lat' dir='ltr'><strong>domicilioque</strong></span> 
     </span>
    </p>
   </div>
   <div class='ocr_carea' id='block_1_17' title="bbox 157 1582 3355 1654">
    <p class='ocr_par' dir='ltr' id='par_1_17' title="bbox 157 1582 3355 1654">
     <span class='ocr_line' id='line_1_17' title="bbox 157 1582 3355 1654; baseline -0 -15"><span class='ocrx_word' id='word_1_189' title='bbox 157 1584 450 1654; x_wconf 85' lang='lat' dir='ltr'><strong>conjungunt,</strong></span> <span class='ocrx_word' id='word_1_190' title='bbox 504 1583 705 1653; x_wconf 87' lang='lat' dir='ltr'><strong>partim</strong></span> <span class='ocrx_word' id='word_1_191' title='bbox 758 1583 829 1638; x_wconf 89' lang='lat' dir='ltr'><strong>ob</strong></span> <span class='ocrx_word' id='word_1_192' title='bbox 865 1585 1151 1638; x_wconf 87' lang='lat' dir='ltr'><strong>cornuum&#39;</strong></span> <span class='ocrx_word' id='word_1_193' title='bbox 1172 1583 1535 1654; x_wconf 90' lang='lat' dir='ltr'><strong>eruptionem,</strong></span> <span class='ocrx_word' id='word_1_194' title='bbox 1583 1582 1781 1651; x_wconf 90' lang='lat' dir='ltr'><strong>partim</strong></span> <span class='ocrx_word' id='word_1_195' title='bbox 1809 1583 1880 1636; x_wconf 92' lang='lat' dir='ltr'><strong>ob</strong></span> <span class='ocrx_word' id='word_1_196' title='bbox 1928 1583 2155 1637; x_wconf 90' lang='lat' dir='ltr'><strong>nubium</strong></span> <span class='ocrx_word' id='word_1_197' title='bbox 2219 1583 2497 1654; x_wconf 87' lang='lat' dir='ltr'><strong>regionem</strong></span> <span class='ocrx_word' id='word_1_198' title='bbox 2532 1583 2885 1640; x_wconf 75' lang='lat' dir='ltr'><strong>inferioribus</strong></span> <span class='ocrx_word' id='word_1_199' title='bbox 2944 1585 3192 1654; x_wconf 90' lang='lat' dir='ltr'><strong>partibus</strong></span> <span class='ocrx_word' id='word_1_200' title='bbox 3234 1585 3355 1639; x_wconf 86' lang='lat' dir='ltr'><strong>sub-</strong></span> 
     </span>
    </p>
   </div>
   <div class='ocr_carea' id='block_1_18' title="bbox 157 1669 3355 1748">
    <p class='ocr_par' dir='ltr' id='par_1_18' title="bbox 157 1669 3355 1748">
     <span class='ocr_line' id='line_1_18' title="bbox 157 1669 3355 1748; baseline 0.002 -21"><span class='ocrx_word' id='word_1_201' title='bbox 157 1671 392 1738; x_wconf 84' lang='lat' dir='ltr'><strong>iacentem,</strong></span> <span class='ocrx_word' id='word_1_202' title='bbox 425 1670 489 1726; x_wconf 90' lang='lat' dir='ltr'><strong>ad</strong></span> <span class='ocrx_word' id='word_1_203' title='bbox 535 1672 594 1727; x_wconf 90' lang='lat' dir='ltr'><strong>id</strong></span> <span class='ocrx_word' id='word_1_204' title='bbox 643 1669 952 1726; x_wconf 78' lang='lat' dir='ltr'><strong>faciendum</strong></span> <span class='ocrx_word' id='word_1_205' title='bbox 1016 1671 1256 1727; x_wconf 88' lang='lat' dir='ltr'><strong>adducti.</strong></span> <span class='ocrx_word' id='word_1_206' title='bbox 1315 1672 1386 1726; x_wconf 82' lang='lat' dir='ltr'><strong>At</strong></span> <span class='ocrx_word' id='word_1_207' title='bbox 1410 1687 1538 1727; x_wconf 90' lang='lat' dir='ltr'><strong>vero</strong></span> <span class='ocrx_word' id='word_1_208' title='bbox 1583 1672 1882 1726; x_wconf 85' lang='lat' dir='ltr'><strong>Saturnum</strong></span> <span class='ocrx_word' id='word_1_209' title='bbox 1951 1672 2182 1729; x_wconf 88' lang='lat' dir='ltr'><strong>lentiore</strong></span> <span class='ocrx_word' id='word_1_210' title='bbox 2226 1689 2290 1730; x_wconf 90' lang='lat' dir='ltr'><strong>ac</strong></span> <span class='ocrx_word' id='word_1_211' title='bbox 2333 1675 2583 1746; x_wconf 85' lang='lat' dir='ltr'><strong>segniore</strong></span> <span class='ocrx_word' id='word_1_212' title='bbox 2623 1675 2677 1729; x_wconf 91' lang='lat' dir='ltr'><strong>vi</strong></span> <span class='ocrx_word' id='word_1_213' title='bbox 2723 1677 3024 1747; x_wconf 87' lang='lat' dir='ltr'><strong>eademque</strong></span> <span class='ocrx_word' id='word_1_214' title='bbox 3072 1676 3355 1748; x_wconf 76' lang='lat' dir='ltr'><strong>frigidiore</strong></span> 
     </span>
    </p>
   </div>
   <div class='ocr_carea' id='block_1_19' title="bbox 157 1762 3355 1840">
    <p class='ocr_par' dir='ltr' id='par_1_19' title="bbox 157 1762 3355 1840">
     <span class='ocr_line' id='line_1_19' title="bbox 157 1762 3355 1840; baseline 0.002 -20"><span class='ocrx_word' id='word_1_215' title='bbox 157 1765 388 1836; x_wconf 68' lang='lat' dir='ltr'><strong>praeditum</strong></span> <span class='ocrx_word' id='word_1_216' title='bbox 453 1779 584 1829; x_wconf 17' lang='lat' dir='ltr'><strong>esse,</strong></span> <span class='ocrx_word' id='word_1_217' title='bbox 645 1779 770 1819; x_wconf 87' lang='lat' dir='ltr'><strong>cum</strong></span> <span class='ocrx_word' id='word_1_218' title='bbox 814 1764 1079 1830; x_wconf 86' lang='lat' dir='ltr'><strong>viderent,</strong></span> <span class='ocrx_word' id='word_1_219' title='bbox 1145 1763 1408 1832; x_wconf 88' lang='lat' dir='ltr'><strong>temporis</strong></span> <span class='ocrx_word' id='word_1_220' title='bbox 1472 1762 1584 1817; x_wconf 91' lang='lat' dir='ltr'><strong>vim</strong></span> <span class='ocrx_word' id='word_1_221' title='bbox 1653 1763 2041 1832; x_wconf 89' lang='lat' dir='ltr'><strong>assignandam</strong></span> <span class='ocrx_word' id='word_1_222' title='bbox 2092 1764 2198 1835; x_wconf 88' lang='lat' dir='ltr'><strong>ipsi</strong></span> <span class='ocrx_word' id='word_1_223' title='bbox 2247 1774 2302 1821; x_wconf 86' lang='lat' dir='ltr'><strong>et</strong></span> <span class='ocrx_word' id='word_1_224' title='bbox 2354 1770 2778 1825; x_wconf 86' lang='lat' dir='ltr'><strong>consecrandam</strong></span> <span class='ocrx_word' id='word_1_225' title='bbox 2844 1779 3126 1840; x_wconf 89' lang='lat' dir='ltr'><strong>putarunt,</strong></span> <span class='ocrx_word' id='word_1_226' title='bbox 3177 1785 3355 1840; x_wconf 90' lang='lat' dir='ltr'><strong>eoque</strong></span> 
     </span>
    </p>
   </div>
   <div class='ocr_carea' id='block_1_20' title="bbox 156 1855 3354 1932">
    <p class='ocr_par' dir='ltr' id='par_1_20' title="bbox 156 1855 3354 1932">
     <span class='ocr_line' id='line_1_20' title="bbox 156 1855 3354 1932; baseline 0.002 -21"><span class='ocrx_word' id='word_1_227' title='bbox 156 1858 392 1928; x_wconf 79' lang='lat' dir='ltr'><strong>imaginem</strong></span> <span class='ocrx_word' id='word_1_228' title='bbox 432 1857 580 1913; x_wconf 90' lang='lat' dir='ltr'><strong>illius</strong></span> <span class='ocrx_word' id='word_1_229' title='bbox 626 1866 862 1912; x_wconf 87' lang='lat' dir='ltr'><strong>stantem</strong></span> <span class='ocrx_word' id='word_1_230' title='bbox 915 1870 1217 1926; x_wconf 86' lang='lat' dir='ltr'><strong>canamque</strong></span> <span class='ocrx_word' id='word_1_231' title='bbox 1263 1855 1560 1924; x_wconf 82' lang='lat' dir='ltr'><strong>ﬁnxerunt,</strong></span> <span class='ocrx_word' id='word_1_232' title='bbox 1607 1865 1668 1912; x_wconf 87' lang='lat' dir='ltr'><strong>ut</strong></span> <span class='ocrx_word' id='word_1_233' title='bbox 1713 1861 1998 1929; x_wconf 89' lang='lat' dir='ltr'><strong>proprium</strong></span> <span class='ocrx_word' id='word_1_234' title='bbox 2066 1859 2330 1929; x_wconf 91' lang='lat' dir='ltr'><strong>temporis</strong></span> <span class='ocrx_word' id='word_1_235' title='bbox 2374 1861 2588 1915; x_wconf 83' lang='lat' dir='ltr'><strong>senium</strong></span> <span class='ocrx_word' id='word_1_236' title='bbox 2636 1862 2960 1917; x_wconf 88' lang='lat' dir='ltr'><strong>indicarent.</strong></span> <span class='ocrx_word' id='word_1_237' title='bbox 3027 1860 3094 1915; x_wconf 86' lang='lat' dir='ltr'><strong>Et</strong></span> <span class='ocrx_word' id='word_1_238' title='bbox 3141 1861 3354 1932; x_wconf 84' lang='grc' dir='ltr'>καιρῶν</span> 
     </span>
    </p>
   </div>
   <div class='ocr_carea' id='block_1_21' title="bbox 155 1946 3356 2023">
    <p class='ocr_par' dir='ltr' id='par_1_21' title="bbox 155 1946 3356 2023">
     <span class='ocr_line' id='line_1_21' title="bbox 155 1946 3356 2023; baseline 0.001 -19"><span class='ocrx_word' id='word_1_239' title='bbox 155 1952 344 2020; x_wconf 80' lang='lat' dir='ltr'><strong>quidem,</strong></span> <span class='ocrx_word' id='word_1_240' title='bbox 387 1951 486 2006; x_wconf 90' lang='lat' dir='ltr'><strong>hoc</strong></span> <span class='ocrx_word' id='word_1_241' title='bbox 523 1958 613 2006; x_wconf 88' lang='lat' dir='ltr'><strong>est</strong></span> <span class='ocrx_word' id='word_1_242' title='bbox 662 1949 1014 2005; x_wconf 87' lang='lat' dir='ltr'><strong>occasionum</strong></span> <span class='ocrx_word' id='word_1_243' title='bbox 1062 1947 1378 2002; x_wconf 83' lang='lat' dir='ltr'><strong>varietatem</strong></span> <span class='ocrx_word' id='word_1_244' title='bbox 1428 1946 1656 2003; x_wconf 89' lang='lat' dir='ltr'><strong>Curetes</strong></span> <span class='ocrx_word' id='word_1_245' title='bbox 1719 1947 1942 2003; x_wconf 90' lang='lat' dir='ltr'><strong>Saturni</strong></span> <span class='ocrx_word' id='word_1_246' title='bbox 1997 1949 2211 2004; x_wconf 89' lang='lat' dir='ltr'><strong>nutritii</strong></span> <span class='ocrx_word' id='word_1_247' title='bbox 2243 1959 2653 2020; x_wconf 82' lang='lat' dir='ltr'><strong>repraesentant,</strong></span> <span class='ocrx_word' id='word_1_248' title='bbox 2704 1952 2851 2022; x_wconf 90' lang='lat' dir='ltr'><strong>quod</strong></span> <span class='ocrx_word' id='word_1_249' title='bbox 2881 1967 2977 2022; x_wconf 90' lang='lat' dir='ltr'><strong>per</strong></span> <span class='ocrx_word' id='word_1_250' title='bbox 3017 1952 3166 2006; x_wconf 89' lang='lat' dir='ltr'><strong>illam</strong></span> <span class='ocrx_word' id='word_1_251' title='bbox 3193 1954 3356 2023; x_wconf 89' lang='lat' dir='ltr'><strong>quasi</strong></span> 
     </span>
    </p>
   </div>
   <div class='ocr_carea' id='block_1_22' title="bbox 155 2037 3350 2107">
    <p class='ocr_par' dir='ltr' id='par_1_22' title="bbox 155 2037 3350 2107">
     <span class='ocr_line' id='line_1_22' title="bbox 155 2037 3350 2107; baseline -0.001 -11"><span class='ocrx_word' id='word_1_252' title='bbox 155 2041 442 2096; x_wconf 83' lang='lat' dir='ltr'><strong>occasionum</strong></span> <span class='ocrx_word' id='word_1_253' title='bbox 508 2037 951 2095; x_wconf 86' lang='lat' dir='ltr'><strong>vicissitudinem</strong></span> <span class='ocrx_word' id='word_1_254' title='bbox 1017 2045 1233 2106; x_wconf 88' lang='lat' dir='ltr'><strong>tempus</strong></span> <span class='ocrx_word' id='word_1_255' title='bbox 1261 2060 1282 2106; x_wconf 56' lang='grc' dir='ltr'><strong>ι</strong></span> <span class='ocrx_word' id='word_1_256' title='bbox 1294 2037 1546 2091; x_wconf 89' lang='lat' dir='ltr'><strong>incedere</strong></span> <span class='ocrx_word' id='word_1_257' title='bbox 1593 2037 1958 2107; x_wconf 86' lang='lat' dir='ltr'><strong>progredique</strong></span> <span class='ocrx_word' id='word_1_258' title='bbox 2026 2038 2298 2094; x_wconf 89' lang='lat' dir='ltr'><strong>videatur.</strong></span> <span class='ocrx_word' id='word_1_259' title='bbox 2358 2040 2627 2096; x_wconf 85' lang='lat' dir='ltr'><strong>Horarum</strong></span> <span class='ocrx_word' id='word_1_260' title='bbox 2693 2052 2872 2097; x_wconf 86' lang='lat' dir='ltr'><strong>autem</strong></span> <span class='ocrx_word' id='word_1_261' title='bbox 2915 2042 3034 2097; x_wconf 65' lang='lat' dir='ltr'><strong>alia:</strong></span> <span class='ocrx_word' id='word_1_262' title='bbox 3074 2043 3350 2100; x_wconf 66' lang='lat' dir='ltr'><strong>caelestes.</strong></span> 
     </span>
    </p>
   </div>
   <div class='ocr_carea' id='block_1_23' title="bbox 153 2130 3352 2208">
    <p class='ocr_par' dir='ltr' id='par_1_23' title="bbox 153 2130 3352 2208">
     <span class='ocr_line' id='line_1_23' title="bbox 153 2130 3352 2208; baseline 0.001 -20"><span class='ocrx_word' id='word_1_263' title='bbox 153 2141 195 2188; x_wconf 85' lang='lat' dir='ltr'><strong>et</strong></span> <span class='ocrx_word' id='word_1_264' title='bbox 237 2133 451 2204; x_wconf 71' lang='lat' dir='ltr'><strong>quadam</strong></span> <span class='ocrx_word' id='word_1_265' title='bbox 500 2132 641 2188; x_wconf 89' lang='lat' dir='ltr'><strong>solis</strong></span> <span class='ocrx_word' id='word_1_266' title='bbox 691 2130 1026 2186; x_wconf 89' lang='lat' dir='ltr'><strong>administrae</strong></span> <span class='ocrx_word' id='word_1_267' title='bbox 1079 2139 1231 2196; x_wconf 87' lang='lat' dir='ltr'><strong>sunt,</strong></span> <span class='ocrx_word' id='word_1_268' title='bbox 1285 2131 1485 2201; x_wconf 87' lang='lat' dir='ltr'><strong>quippe</strong></span> <span class='ocrx_word' id='word_1_269' title='bbox 1541 2147 1661 2201; x_wconf 69' lang='lat' dir='ltr'><strong>quas</strong></span> <span class='ocrx_word' id='word_1_270' title='bbox 1693 2131 1818 2187; x_wconf 72' lang='lat' dir='ltr'><strong>cmli</strong></span> <span class='ocrx_word' id='word_1_271' title='bbox 1855 2141 2044 2202; x_wconf 89' lang='lat' dir='ltr'><strong>portas</strong></span> <span class='ocrx_word' id='word_1_272' title='bbox 2110 2142 2393 2202; x_wconf 88' lang='lat' dir='ltr'><strong>reserent;</strong></span> <span class='ocrx_word' id='word_1_273' title='bbox 2440 2143 2726 2192; x_wconf 89' lang='lat' dir='ltr'><strong>terrestres</strong></span> <span class='ocrx_word' id='word_1_274' title='bbox 2800 2137 2939 2202; x_wconf 86' lang='lat' dir='ltr'><strong>aliae,</strong></span> <span class='ocrx_word' id='word_1_275' title='bbox 2982 2153 3105 2208; x_wconf 90' lang='lat' dir='ltr'><strong>quae</strong></span> <span class='ocrx_word' id='word_1_276' title='bbox 3165 2137 3352 2198; x_wconf 85' lang='lat' dir='ltr'><strong>Cereri</strong></span> 
     </span>
    </p>
   </div>
   <div class='ocr_carea' id='block_1_24' title="bbox 151 2225 3343 2304">
    <p class='ocr_par' dir='ltr' id='par_1_24' title="bbox 151 2225 3343 2304">
     <span class='ocr_line' id='line_1_24' title="bbox 151 2225 3343 2304; baseline 0.001 -20"><span class='ocrx_word' id='word_1_277' title='bbox 151 2230 422 2297; x_wconf 86' lang='lat' dir='ltr'><strong>tribuuntur,</strong></span> <span class='ocrx_word' id='word_1_278' title='bbox 471 2229 819 2300; x_wconf 85' lang='lat' dir='ltr'><strong>duplicisque</strong></span> <span class='ocrx_word' id='word_1_279' title='bbox 868 2228 1080 2298; x_wconf 89' lang='lat' dir='ltr'><strong>generis</strong></span> <span class='ocrx_word' id='word_1_280' title='bbox 1135 2227 1381 2282; x_wconf 86' lang='lat' dir='ltr'><strong>calathos</strong></span> <span class='ocrx_word' id='word_1_281' title='bbox 1441 2225 1644 2294; x_wconf 79' lang='lat' dir='ltr'><strong>ferunt,</strong></span> <span class='ocrx_word' id='word_1_282' title='bbox 1703 2229 1871 2283; x_wconf 92' lang='lat' dir='ltr'><strong>alium</strong></span> <span class='ocrx_word' id='word_1_283' title='bbox 1925 2229 2156 2286; x_wconf 83' lang='lat' dir='ltr'><strong>ﬂoribus</strong></span> <span class='ocrx_word' id='word_1_284' title='bbox 2215 2231 2458 2300; x_wconf 80' lang='lat' dir='ltr'><strong>plenum,</strong></span> <span class='ocrx_word' id='word_1_285' title='bbox 2489 2231 2584 2300; x_wconf 88' lang='lat' dir='ltr'><strong>qui</strong></span> <span class='ocrx_word' id='word_1_286' title='bbox 2621 2231 2787 2298; x_wconf 88' lang='lat' dir='ltr'><strong>veris,</strong></span> <span class='ocrx_word' id='word_1_287' title='bbox 2823 2232 2992 2287; x_wconf 87' lang='lat' dir='ltr'><strong>alium</strong></span> <span class='ocrx_word' id='word_1_288' title='bbox 3029 2233 3218 2303; x_wconf 88' lang='lat' dir='ltr'><strong>spicis,</strong></span> <span class='ocrx_word' id='word_1_289' title='bbox 3249 2235 3343 2304; x_wconf 89' lang='lat' dir='ltr'><strong>qui</strong></span> 
     </span>
    </p>
   </div>
   <div class='ocr_carea' id='block_1_25' title="bbox 150 2318 3356 2396">
    <p class='ocr_par' dir='ltr' id='par_1_25' title="bbox 150 2318 3356 2396">
     <span class='ocr_line' id='line_1_25' title="bbox 150 2318 3356 2396; baseline 0.001 -19"><span class='ocrx_word' id='word_1_290' title='bbox 150 2324 308 2378; x_wconf 69' lang='lat' dir='ltr'><strong>astatis</strong></span> <span class='ocrx_word' id='word_1_291' title='bbox 348 2323 649 2396; x_wconf 81' lang='lat' dir='ltr'><strong>symbolum</strong></span> <span class='ocrx_word' id='word_1_292' title='bbox 693 2321 782 2376; x_wconf 90' lang='lat' dir='ltr'><strong>sit.</strong></span> <span class='ocrx_word' id='word_1_293' title='bbox 834 2319 990 2387; x_wconf 85' lang='lat' dir='ltr'><strong>Quod</strong></span> <span class='ocrx_word' id='word_1_294' title='bbox 1041 2334 1173 2374; x_wconf 91' lang='lat' dir='ltr'><strong>vero</strong></span> <span class='ocrx_word' id='word_1_295' title='bbox 1222 2318 1408 2374; x_wconf 79' lang='lat' dir='ltr'><strong>Martis</strong></span> <span class='ocrx_word' id='word_1_296' title='bbox 1450 2319 1666 2390; x_wconf 81' lang='lat' dir='ltr'><strong>igneam</strong></span> <span class='ocrx_word' id='word_1_297' title='bbox 1697 2334 1820 2376; x_wconf 89' lang='lat' dir='ltr'><strong>esse</strong></span> <span class='ocrx_word' id='word_1_298' title='bbox 1843 2320 1952 2375; x_wconf 90' lang='lat' dir='ltr'><strong>vim</strong></span> <span class='ocrx_word' id='word_1_299' title='bbox 1986 2322 2370 2394; x_wconf 87' lang='lat' dir='ltr'><strong>intelligerent,</strong></span> <span class='ocrx_word' id='word_1_300' title='bbox 2400 2324 2646 2378; x_wconf 90' lang='lat' dir='ltr'><strong>eamdem</strong></span> <span class='ocrx_word' id='word_1_301' title='bbox 2693 2324 2795 2394; x_wconf 91' lang='lat' dir='ltr'><strong>ipsi</strong></span> <span class='ocrx_word' id='word_1_302' title='bbox 2851 2325 3190 2381; x_wconf 85' lang='lat' dir='ltr'><strong>concitandis</strong></span> <span class='ocrx_word' id='word_1_303' title='bbox 3243 2326 3356 2380; x_wconf 87' lang='lat' dir='ltr'><strong>bel-</strong></span> 
     </span>
    </p>
   </div>
   <div class='ocr_carea' id='block_1_26' title="bbox 147 2410 3346 2482">
    <p class='ocr_par' dir='ltr' id='par_1_26' title="bbox 147 2410 3346 2482">
     <span class='ocr_line' id='line_1_26' title="bbox 147 2410 3346 2482; baseline 0.001 -13"><span class='ocrx_word' id='word_1_304' title='bbox 147 2415 198 2470; x_wconf 90' lang='lat' dir='ltr'><strong>lis</strong></span> <span class='ocrx_word' id='word_1_305' title='bbox 223 2424 266 2470; x_wconf 84' lang='lat' dir='ltr'><strong>et</strong></span> <span class='ocrx_word' id='word_1_306' title='bbox 295 2416 455 2471; x_wconf 91' lang='lat' dir='ltr'><strong>cruori</strong></span> <span class='ocrx_word' id='word_1_307' title='bbox 499 2413 832 2470; x_wconf 78' lang='lat' dir='ltr'><strong>eﬂ‘undendo</strong></span> <span class='ocrx_word' id='word_1_308' title='bbox 884 2425 1136 2482; x_wconf 71' lang='lat' dir='ltr'><strong>pmessc,</strong></span> <span class='ocrx_word' id='word_1_309' title='bbox 1191 2410 1474 2480; x_wconf 89' lang='lat' dir='ltr'><strong>adeoque,</strong></span> <span class='ocrx_word' id='word_1_310' title='bbox 1518 2411 1818 2481; x_wconf 89' lang='lat' dir='ltr'><strong>plurimum</strong></span> <span class='ocrx_word' id='word_1_311' title='bbox 1888 2413 1974 2468; x_wconf 91' lang='lat' dir='ltr'><strong>vel</strong></span> <span class='ocrx_word' id='word_1_312' title='bbox 2031 2413 2344 2468; x_wconf 90' lang='lat' dir='ltr'><strong>detrimenti</strong></span> <span class='ocrx_word' id='word_1_313' title='bbox 2399 2415 2483 2468; x_wconf 85' lang='lat' dir='ltr'><strong>vel</strong></span> <span class='ocrx_word' id='word_1_314' title='bbox 2521 2415 2770 2470; x_wconf 90' lang='lat' dir='ltr'><strong>utilitatis</strong></span> <span class='ocrx_word' id='word_1_315' title='bbox 2819 2415 3034 2480; x_wconf 80' lang='lat' dir='ltr'><strong>atl‘erre,</strong></span> <span class='ocrx_word' id='word_1_316' title='bbox 3067 2417 3346 2472; x_wconf 90' lang='lat' dir='ltr'><strong>dixerunt.</strong></span> 
     </span>
    </p>
   </div>
   <div class='ocr_carea' id='block_1_27' title="bbox 149 2499 3350 2574">
    <p class='ocr_par' dir='ltr' id='par_1_27' title="bbox 149 2499 3350 2574">
     <span class='ocr_line' id='line_1_27' title="bbox 149 2499 3350 2574; baseline 0.002 -16"><span class='ocrx_word' id='word_1_317' title='bbox 149 2503 323 2560; x_wconf 85' lang='lat' dir='ltr'><strong>Stellam</strong></span> <span class='ocrx_word' id='word_1_318' title='bbox 359 2515 526 2562; x_wconf 88' lang='lat' dir='ltr'><strong>autem</strong></span> <span class='ocrx_word' id='word_1_319' title='bbox 565 2503 798 2559; x_wconf 65' lang='lat' dir='ltr'><strong>Veneris</strong></span> <span class='ocrx_word' id='word_1_320' title='bbox 829 2518 951 2558; x_wconf 93' lang='lat' dir='ltr'><strong>cum</strong></span> <span class='ocrx_word' id='word_1_321' title='bbox 983 2499 1282 2556; x_wconf 74' lang='lat' dir='ltr'><strong>etiiciendze</strong></span> <span class='ocrx_word' id='word_1_322' title='bbox 1322 2501 1660 2570; x_wconf 88' lang='lat' dir='ltr'><strong>generationi</strong></span> <span class='ocrx_word' id='word_1_323' title='bbox 1694 2510 1899 2572; x_wconf 89' lang='lat' dir='ltr'><strong>aptam,</strong></span> <span class='ocrx_word' id='word_1_324' title='bbox 1940 2510 1997 2558; x_wconf 91' lang='lat' dir='ltr'><strong>et</strong></span> <span class='ocrx_word' id='word_1_325' title='bbox 2046 2502 2360 2572; x_wconf 91' lang='lat' dir='ltr'><strong>cupiditatis</strong></span> <span class='ocrx_word' id='word_1_326' title='bbox 2392 2504 2725 2574; x_wconf 89' lang='lat' dir='ltr'><strong>seminisque</strong></span> <span class='ocrx_word' id='word_1_327' title='bbox 2785 2519 3008 2559; x_wconf 90' lang='lat' dir='ltr'><strong>causam</strong></span> <span class='ocrx_word' id='word_1_328' title='bbox 3053 2520 3175 2562; x_wconf 88' lang='lat' dir='ltr'><strong>esse</strong></span> <span class='ocrx_word' id='word_1_329' title='bbox 3229 2511 3350 2566; x_wconf 89' lang='lat' dir='ltr'><strong>ani-</strong></span> 
     </span>
    </p>
   </div>
   <div class='ocr_carea' id='block_1_28' title="bbox 145 2591 3348 2669">
    <p class='ocr_par' dir='ltr' id='par_1_28' title="bbox 145 2591 3348 2669">
     <span class='ocr_line' id='line_1_28' title="bbox 145 2591 3348 2669; baseline -0.001 -19"><span class='ocrx_word' id='word_1_330' title='bbox 145 2598 502 2661; x_wconf 81' lang='lat' dir='ltr'><strong>madverterent,</strong></span> <span class='ocrx_word' id='word_1_331' title='bbox 529 2611 658 2652; x_wconf 89' lang='lat' dir='ltr'><strong>eam</strong></span> <span class='ocrx_word' id='word_1_332' title='bbox 702 2593 948 2649; x_wconf 86' lang='lat' dir='ltr'><strong>mulieris</strong></span> <span class='ocrx_word' id='word_1_333' title='bbox 996 2591 1215 2664; x_wconf 89' lang='lat' dir='ltr'><strong>quidem</strong></span> <span class='ocrx_word' id='word_1_334' title='bbox 1279 2591 1463 2662; x_wconf 89' lang='lat' dir='ltr'><strong>specie</strong></span> <span class='ocrx_word' id='word_1_335' title='bbox 1528 2593 1896 2663; x_wconf 89' lang='lat' dir='ltr'><strong>generationis</strong></span> <span class='ocrx_word' id='word_1_336' title='bbox 1954 2594 2323 2665; x_wconf 84' lang='lat' dir='ltr'><strong>exprimendae</strong></span> <span class='ocrx_word' id='word_1_337' title='bbox 2367 2594 2540 2666; x_wconf 88' lang='lat' dir='ltr'><strong>gratia</strong></span> <span class='ocrx_word' id='word_1_338' title='bbox 2572 2594 2798 2661; x_wconf 87' lang='lat' dir='ltr'><strong>ﬁnxere,</strong></span> <span class='ocrx_word' id='word_1_339' title='bbox 2846 2594 3025 2650; x_wconf 82' lang='lat' dir='ltr'><strong>forma</strong></span> <span class='ocrx_word' id='word_1_340' title='bbox 3057 2611 3188 2652; x_wconf 91' lang='lat' dir='ltr'><strong>vero</strong></span> <span class='ocrx_word' id='word_1_341' title='bbox 3217 2615 3348 2669; x_wconf 73' lang='lat' dir='ltr'><strong>per.</strong></span> 
     </span>
    </p>
   </div>
   <div class='ocr_carea' id='block_1_29' title="bbox 142 2680 1339 2760">
    <p class='ocr_par' dir='ltr' id='par_1_29' title="bbox 142 2680 1339 2760">
     <span class='ocr_line' id='line_1_29' title="bbox 142 2680 1339 2760; baseline -0.004 -17"><span class='ocrx_word' id='word_1_342' title='bbox 142 2690 348 2760; x_wconf 83' lang='lat' dir='ltr'><strong>eleganti,</strong></span> <span class='ocrx_word' id='word_1_343' title='bbox 371 2689 508 2760; x_wconf 88' lang='lat' dir='ltr'><strong>quod</strong></span> <span class='ocrx_word' id='word_1_344' title='bbox 537 2689 734 2744; x_wconf 89' lang='lat' dir='ltr'><strong>eadem</strong></span> <span class='ocrx_word' id='word_1_345' title='bbox 766 2680 970 2756; x_wconf 78' lang='lat' dir='ltr'><strong>Vesper</strong></span> <span class='ocrx_word' id='word_1_346' title='bbox 996 2699 1213 2755; x_wconf 88' lang='lat' dir='ltr'><strong>quoque</strong></span> <span class='ocrx_word' id='word_1_347' title='bbox 1244 2683 1339 2750; x_wconf 90' lang='lat' dir='ltr'><strong>sit,</strong></span> 
     </span>
    </p>
   </div>
   <div class='ocr_carea' id='block_1_30' title="bbox 144 2791 1667 2871">
    <p class='ocr_par' dir='ltr' id='par_1_30' title="bbox 144 2798 1386 2871">
     <span class='ocr_line' id='line_1_30' title="bbox 144 2798 1386 2871; baseline -0.004 -13"><span class='ocrx_word' id='word_1_348' title='bbox 144 2809 232 2871; x_wconf 87' lang='grc' dir='ltr'><strong>’ος</strong></span> <span class='ocrx_word' id='word_1_349' title='bbox 250 2806 541 2871; x_wconf 67' lang='grc' dir='ltr'>κάλλιστος</span> <span class='ocrx_word' id='word_1_350' title='bbox 563 2804 639 2857; x_wconf 85' lang='grc' dir='ltr'><strong>ἐν</strong></span> <span class='ocrx_word' id='word_1_351' title='bbox 659 2800 896 2871; x_wconf 80' lang='grc' dir='ltr'>οὐρανῷ</span> <span class='ocrx_word' id='word_1_352' title='bbox 914 2802 1145 2854; x_wconf 81' lang='grc' dir='ltr'>ἵσταται</span> <span class='ocrx_word' id='word_1_353' title='bbox 1169 2798 1386 2867; x_wconf 75' lang='grc' dir='ltr'><strong>ἀστήρ.</strong></span> 
     </span>
    </p>
   </div>
   <div class='ocr_carea' id='block_1_31' title="bbox 1652 2791 3175 2871">
    <p class='ocr_par' dir='ltr' id='par_1_31' title="bbox 1693 2791 3175 2863">
     <span class='ocr_line' id='line_1_31' title="bbox 1693 2791 3175 2863; baseline 0.005 -14"><span class='ocrx_word' id='word_1_354' title='bbox 1693 2797 1744 2855; x_wconf 80' lang='grc' dir='ltr'><strong>Α</strong></span> <span class='ocrx_word' id='word_1_355' title='bbox 1958 2791 2065 2861; x_wconf 82' lang='lat' dir='ltr'><strong>Qui</strong></span> <span class='ocrx_word' id='word_1_356' title='bbox 2100 2803 2206 2848; x_wconf 79' lang='lat' dir='ltr'><strong>stat</strong></span> <span class='ocrx_word' id='word_1_357' title='bbox 2243 2794 2297 2848; x_wconf 80' lang='lat' dir='ltr'><strong>in</strong></span> <span class='ocrx_word' id='word_1_358' title='bbox 2339 2793 2558 2848; x_wconf 63' lang='lat' dir='ltr'><strong>(Etherio</strong></span> <span class='ocrx_word' id='word_1_359' title='bbox 2584 2794 2971 2863; x_wconf 76' lang='lat' dir='ltr'><strong>pulcherrimus</strong></span> <span class='ocrx_word' id='word_1_360' title='bbox 3005 2801 3128 2856; x_wconf 87' lang='lat' dir='ltr'><strong>orbe</strong></span> <span class='ocrx_word' id='word_1_361' title='bbox 3160 2842 3175 2857; x_wconf 96' lang='lat'><strong>.</strong></span> 
     </span>
    </p>
   </div>
   <div class='ocr_carea' id='block_1_32' title="bbox 139 2907 1662 2990">
    <p class='ocr_par' dir='ltr' id='par_1_32' title="bbox 139 2909 1660 2990">
     <span class='ocr_line' id='line_1_32' title="bbox 139 2909 1660 2990; baseline -0.008 -16"><span class='ocrx_word' id='word_1_362' title='bbox 139 2920 228 2974; x_wconf 74' lang='grc' dir='ltr'><strong>Καὶ</strong></span> <span class='ocrx_word' id='word_1_363' title='bbox 269 2921 460 2990; x_wconf 80' lang='grc' dir='ltr'><strong>Ἔρωτα</strong></span> <span class='ocrx_word' id='word_1_364' title='bbox 515 2918 617 2989; x_wconf 72' lang='grc' dir='ltr'><strong>μὲν</strong></span> <span class='ocrx_word' id='word_1_365' title='bbox 664 2914 1014 2986; x_wconf 76' lang='grc' dir='ltr'><strong>παρέστησαν</strong></span> <span class='ocrx_word' id='word_1_366' title='bbox 1068 2911 1158 2965; x_wconf 76' lang='grc' dir='ltr'>διὰ</span> <span class='ocrx_word' id='word_1_367' title='bbox 1194 2910 1292 2982; x_wconf 80' lang='grc' dir='ltr'><strong>τὴν</strong></span> <span class='ocrx_word' id='word_1_368' title='bbox 1325 2909 1660 2980; x_wconf 76' lang='grc' dir='ltr'>ἐπιθυμίανο</span> 
     </span>
    </p>
   </div>
   <div class='ocr_carea' id='block_1_33' title="bbox 1820 2907 3343 2990">
    <p class='ocr_par' dir='ltr' id='par_1_33' title="bbox 1820 2907 3343 2981">
     <span class='ocr_line' id='line_1_33' title="bbox 1820 2907 3343 2981; baseline 0.005 -16"><span class='ocrx_word' id='word_1_369' title='bbox 1820 2909 1908 2965; x_wconf 90' lang='lat' dir='ltr'><strong>uic</strong></span> <span class='ocrx_word' id='word_1_370' title='bbox 1933 2909 2191 2966; x_wconf 86' lang='lat' dir='ltr'><strong>Amorem</strong></span> <span class='ocrx_word' id='word_1_371' title='bbox 2236 2916 2460 2979; x_wconf 87' lang='lat' dir='ltr'><strong>propter</strong></span> <span class='ocrx_word' id='word_1_372' title='bbox 2486 2907 2835 2978; x_wconf 90' lang='lat' dir='ltr'><strong>cupiditatem</strong></span> <span class='ocrx_word' id='word_1_373' title='bbox 2875 2910 3192 2981; x_wconf 84' lang='lat' dir='ltr'><strong>adjunxere.</strong></span> <span class='ocrx_word' id='word_1_374' title='bbox 3238 2917 3343 2974; x_wconf 83' lang='lat' dir='ltr'><strong>Ea-</strong></span> 
     </span>
    </p>
   </div>
   <div class='ocr_carea' id='block_1_34' title="bbox 140 2999 1663 3081">
    <p class='ocr_par' dir='ltr' id='par_1_34' title="bbox 140 2999 1663 3080">
     <span class='ocr_line' id='line_1_34' title="bbox 140 2999 1663 3080; baseline -0.007 -15"><span class='ocrx_word' id='word_1_375' title='bbox 140 3011 321 3064; x_wconf 76' lang='grc' dir='ltr'>σκέπειν</span> <span class='ocrx_word' id='word_1_376' title='bbox 342 3010 393 3064; x_wconf 80' lang='grc' dir='ltr'><strong>δὲ</strong></span> <span class='ocrx_word' id='word_1_377' title='bbox 421 3010 663 3080; x_wconf 76' lang='grc' dir='ltr'>μαστοὺς</span> <span class='ocrx_word' id='word_1_378' title='bbox 719 3007 815 3059; x_wconf 70' lang='lat' dir='ltr'><strong>xui.</strong></span> <span class='ocrx_word' id='word_1_379' title='bbox 841 3005 902 3059; x_wconf 86' lang='grc' dir='ltr'><strong>τὸ</strong></span> <span class='ocrx_word' id='word_1_380' title='bbox 933 3004 1141 3075; x_wconf 74' lang='grc' dir='ltr'>μόριον,</span> <span class='ocrx_word' id='word_1_381' title='bbox 1188 3003 1272 3057; x_wconf 83' lang='grc' dir='ltr'><strong>ὅτι</strong></span> <span class='ocrx_word' id='word_1_382' title='bbox 1313 3001 1475 3072; x_wconf 79' lang='grc' dir='ltr'><strong>γονῆς</strong></span> <span class='ocrx_word' id='word_1_383' title='bbox 1519 2999 1663 3054; x_wconf 78' lang='grc' dir='ltr'>αἰτία</span> 
     </span>
    </p>
   </div>
   <div class='ocr_carea' id='block_1_35' title="bbox 1821 2999 3344 3081">
    <p class='ocr_par' dir='ltr' id='par_1_35' title="bbox 1821 3000 3344 3081">
     <span class='ocr_line' id='line_1_35' title="bbox 1821 3000 3344 3081; baseline -0.002 -25"><span class='ocrx_word' id='word_1_384' title='bbox 1821 3017 1896 3056; x_wconf 76' lang='lat' dir='ltr'><strong>3m</strong></span> <span class='ocrx_word' id='word_1_385' title='bbox 1963 3002 2130 3056; x_wconf 90' lang='lat' dir='ltr'><strong>ubera</strong></span> <span class='ocrx_word' id='word_1_386' title='bbox 2181 3008 2474 3072; x_wconf 90' lang='lat' dir='ltr'><strong>partesque</strong></span> <span class='ocrx_word' id='word_1_387' title='bbox 2521 3000 2940 3058; x_wconf 89' lang='lat' dir='ltr'><strong>verecundiores</strong></span> <span class='ocrx_word' id='word_1_388' title='bbox 2990 3007 3142 3077; x_wconf 85' lang='lat' dir='ltr'><strong>tegit,</strong></span> <span class='ocrx_word' id='word_1_389' title='bbox 3198 3026 3344 3081; x_wconf 82' lang='lat' dir='ltr'><strong>quo-</strong></span> 
     </span>
    </p>
   </div>
   <div class='ocr_carea' id='block_1_36' title="bbox 137 3092 1660 3175">
    <p class='ocr_par' dir='ltr' id='par_1_36' title="bbox 137 3093 1660 3175">
     <span class='ocr_line' id='line_1_36' title="bbox 137 3093 1660 3175; baseline -0.005 -20"><span class='ocrx_word' id='word_1_390' title='bbox 137 3105 214 3155; x_wconf 78' lang='grc' dir='ltr'>καὶ</span> <span class='ocrx_word' id='word_1_391' title='bbox 263 3102 543 3175; x_wconf 77' lang='grc' dir='ltr'><strong>ἑκθρέψεως</strong></span> <span class='ocrx_word' id='word_1_392' title='bbox 581 3105 618 3173; x_wconf 85' lang='grc' dir='ltr'><strong>ἡ</strong></span> <span class='ocrx_word' id='word_1_393' title='bbox 671 3099 918 3171; x_wconf 80' lang='grc' dir='ltr'>δύναμις.</span> <span class='ocrx_word' id='word_1_394' title='bbox 957 3097 1076 3150; x_wconf 87' lang='grc' dir='ltr'><strong>Ἔτι</strong></span> <span class='ocrx_word' id='word_1_395' title='bbox 1132 3096 1190 3149; x_wconf 81' lang='grc' dir='ltr'><strong>δὲ</strong></span> <span class='ocrx_word' id='word_1_396' title='bbox 1232 3095 1342 3150; x_wconf 81' lang='grc' dir='ltr'><strong>ἀπὸ</strong></span> <span class='ocrx_word' id='word_1_397' title='bbox 1371 3093 1660 3165; x_wconf 81' lang='grc' dir='ltr'><strong>θαλάττης,</strong></span> 
     </span>
    </p>
   </div>
   <div class='ocr_carea' id='block_1_37' title="bbox 1819 3092 3342 3175">
    <p class='ocr_par' dir='ltr' id='par_1_37' title="bbox 1819 3092 3342 3164">
     <span class='ocr_line' id='line_1_37' title="bbox 1819 3092 3342 3164; baseline 0.008 -16"><span class='ocrx_word' id='word_1_398' title='bbox 1819 3095 1915 3148; x_wconf 77' lang='lat' dir='ltr'><strong>iam</strong></span> <span class='ocrx_word' id='word_1_399' title='bbox 1946 3093 2015 3149; x_wconf 91' lang='lat' dir='ltr'><strong>iis</strong></span> <span class='ocrx_word' id='word_1_400' title='bbox 2051 3093 2356 3164; x_wconf 73' lang='lat' dir='ltr'><strong>praesertim</strong></span> <span class='ocrx_word' id='word_1_401' title='bbox 2387 3092 2514 3148; x_wconf 80' lang='lat' dir='ltr'><strong>fons</strong></span> <span class='ocrx_word' id='word_1_402' title='bbox 2560 3093 2786 3148; x_wconf 91' lang='lat' dir='ltr'><strong>seminis</strong></span> <span class='ocrx_word' id='word_1_403' title='bbox 2829 3110 2893 3150; x_wconf 91' lang='lat' dir='ltr'><strong>ac</strong></span> <span class='ocrx_word' id='word_1_404' title='bbox 2939 3100 3211 3157; x_wconf 89' lang='lat' dir='ltr'><strong>nutriendi</strong></span> <span class='ocrx_word' id='word_1_405' title='bbox 3258 3107 3342 3161; x_wconf 85' lang='lat' dir='ltr'><strong>vis</strong></span> 
     </span>
    </p>
   </div>
   <div class='ocr_carea' id='block_1_38' title="bbox 140 3182 1663 3266">
    <p class='ocr_par' dir='ltr' id='par_1_38' title="bbox 140 3186 1663 3266">
     <span class='ocr_line' id='line_1_38' title="bbox 140 3186 1663 3266; baseline -0.005 -19"><span class='ocrx_word' id='word_1_406' title='bbox 140 3195 355 3265; x_wconf 72' lang='grc' dir='ltr'>στοιχείου</span> <span class='ocrx_word' id='word_1_407' title='bbox 395 3194 613 3266; x_wconf 80' lang='grc' dir='ltr'>διύγρου</span> <span class='ocrx_word' id='word_1_408' title='bbox 642 3193 738 3246; x_wconf 73' lang='grc' dir='ltr'><strong>καὶ</strong></span> <span class='ocrx_word' id='word_1_409' title='bbox 765 3189 992 3262; x_wconf 83' lang='grc' dir='ltr'><strong>θερμοῦ,</strong></span> <span class='ocrx_word' id='word_1_410' title='bbox 1009 3187 1296 3243; x_wconf 76' lang='grc' dir='ltr'>καὶπολλὰ</span> <span class='ocrx_word' id='word_1_411' title='bbox 1325 3186 1663 3257; x_wconf 80' lang='grc' dir='ltr'><strong>κινουμένου,</strong></span> 
     </span>
    </p>
   </div>
   <div class='ocr_carea' id='block_1_39' title="bbox 1819 3182 3342 3266">
    <p class='ocr_par' dir='ltr' id='par_1_39' title="bbox 1819 3182 3342 3257">
     <span class='ocr_line' id='line_1_39' title="bbox 1819 3182 3342 3257; baseline 0.008 -19"><span class='ocrx_word' id='word_1_412' title='bbox 1819 3204 1823 3238; x_wconf 65' lang='grc' dir='ltr'>μ</span> <span class='ocrx_word' id='word_1_413' title='bbox 1863 3185 2096 3242; x_wconf 82' lang='lat' dir='ltr'><strong>facultas</strong></span> <span class='ocrx_word' id='word_1_414' title='bbox 2135 3185 2469 3240; x_wconf 90' lang='lat' dir='ltr'><strong>continetur.</strong></span> <span class='ocrx_word' id='word_1_415' title='bbox 2523 3182 2656 3239; x_wconf 86' lang='lat' dir='ltr'><strong>Eam</strong></span> <span class='ocrx_word' id='word_1_416' title='bbox 2702 3185 2938 3257; x_wconf 90' lang='lat' dir='ltr'><strong>denique</strong></span> <span class='ocrx_word' id='word_1_417' title='bbox 2978 3204 3010 3245; x_wconf 88' lang='lat' dir='ltr'><strong>e</strong></span> <span class='ocrx_word' id='word_1_418' title='bbox 3051 3194 3190 3247; x_wconf 88' lang='lat' dir='ltr'><strong>mari</strong></span> <span class='ocrx_word' id='word_1_419' title='bbox 3241 3211 3342 3250; x_wconf 86' lang='lat' dir='ltr'><strong>ex-</strong></span> 
     </span>
    </p>
   </div>
   <div class='ocr_carea' id='block_1_40' title="bbox 141 3276 1664 3358">
    <p class='ocr_par' dir='ltr' id='par_1_40' title="bbox 141 3278 1664 3358">
     <span class='ocr_line' id='line_1_40' title="bbox 141 3278 1664 3358; baseline -0.006 -19"><span class='ocrx_word' id='word_1_420' title='bbox 141 3287 212 3339; x_wconf 76' lang='grc' dir='ltr'><strong>καὶ</strong></span> <span class='ocrx_word' id='word_1_421' title='bbox 234 3287 307 3341; x_wconf 80' lang='grc' dir='ltr'>διὰ</span> <span class='ocrx_word' id='word_1_422' title='bbox 341 3287 433 3358; x_wconf 80' lang='grc' dir='ltr'><strong>τὴν</strong></span> <span class='ocrx_word' id='word_1_423' title='bbox 483 3285 808 3356; x_wconf 79' lang='grc' dir='ltr'>συγκίνησιν</span> <span class='ocrx_word' id='word_1_424' title='bbox 835 3281 1160 3352; x_wconf 80' lang='grc' dir='ltr'>ἀφριῶντος,</span> <span class='ocrx_word' id='word_1_425' title='bbox 1189 3280 1253 3332; x_wconf 84' lang='grc' dir='ltr'><strong>τὸ</strong></span> <span class='ocrx_word' id='word_1_426' title='bbox 1293 3278 1664 3351; x_wconf 84' lang='grc' dir='ltr'><strong>σπερματικὸν</strong></span> 
     </span>
    </p>
   </div>
   <div class='ocr_carea' id='block_1_41' title="bbox 1818 3276 3341 3358">
    <p class='ocr_par' dir='ltr' id='par_1_41' title="bbox 1818 3276 3341 3349">
     <span class='ocr_line' id='line_1_41' title="bbox 1818 3276 3341 3349; baseline 0.009 -19"><span class='ocrx_word' id='word_1_427' title='bbox 1818 3279 1978 3334; x_wconf 86' lang='lat' dir='ltr'><strong>itisse</strong></span> <span class='ocrx_word' id='word_1_428' title='bbox 2026 3286 2273 3344; x_wconf 87' lang='lat' dir='ltr'><strong>narrant,</strong></span> <span class='ocrx_word' id='word_1_429' title='bbox 2330 3279 2477 3349; x_wconf 91' lang='lat' dir='ltr'><strong>quod</strong></span> <span class='ocrx_word' id='word_1_430' title='bbox 2521 3276 2841 3347; x_wconf 91' lang='lat' dir='ltr'><strong>hujusmodi</strong></span> <span class='ocrx_word' id='word_1_431' title='bbox 2893 3281 3225 3342; x_wconf 91' lang='lat' dir='ltr'><strong>elementum</strong></span> <span class='ocrx_word' id='word_1_432' title='bbox 3275 3305 3341 3344; x_wconf 82' lang='lat' dir='ltr'><strong>ex</strong></span> 
     </span>
    </p>
   </div>
   <div class='ocr_carea' id='block_1_42' title="bbox 143 3369 1666 3450">
    <p class='ocr_par' dir='ltr' id='par_1_42' title="bbox 143 3369 1665 3450">
     <span class='ocr_line' id='line_1_42' title="bbox 143 3369 1665 3450; baseline -0.004 -22"><span class='ocrx_word' id='word_1_433' title='bbox 143 3378 455 3450; x_wconf 77' lang='grc' dir='ltr'>αίνιττόμενοι.</span> <span class='ocrx_word' id='word_1_434' title='bbox 481 3377 588 3431; x_wconf 93' lang='grc' dir='ltr'><strong>Τοῦ</strong></span> <span class='ocrx_word' id='word_1_435' title='bbox 616 3378 680 3431; x_wconf 77' lang='grc' dir='ltr'><strong>δὲ</strong></span> <span class='ocrx_word' id='word_1_436' title='bbox 709 3375 892 3444; x_wconf 80' lang='grc' dir='ltr'><strong>λόγου,</strong></span> <span class='ocrx_word' id='word_1_437' title='bbox 913 3371 1009 3426; x_wconf 90' lang='grc' dir='ltr'>τοῦ</span> <span class='ocrx_word' id='word_1_438' title='bbox 1044 3372 1261 3426; x_wconf 84' lang='grc' dir='ltr'>πάντων</span> <span class='ocrx_word' id='word_1_439' title='bbox 1286 3369 1570 3440; x_wconf 82' lang='grc' dir='ltr'><strong>ποιητικοῦ</strong></span> <span class='ocrx_word' id='word_1_440' title='bbox 1603 3387 1665 3422; x_wconf 89' lang='grc' dir='ltr'>τε</span> 
     </span>
    </p>
   </div>
   <div class='ocr_carea' id='block_1_43' title="bbox 1820 3369 3343 3450">
    <p class='ocr_par' dir='ltr' id='par_1_43' title="bbox 1820 3369 3343 3443">
     <span class='ocr_line' id='line_1_43' title="bbox 1820 3369 3343 3443; baseline 0.009 -19"><span class='ocrx_word' id='word_1_441' title='bbox 1820 3369 1998 3425; x_wconf 90' lang='lat' dir='ltr'><strong>umido</strong></span> <span class='ocrx_word' id='word_1_442' title='bbox 2077 3371 2366 3440; x_wconf 91' lang='lat' dir='ltr'><strong>calidoque</strong></span> <span class='ocrx_word' id='word_1_443' title='bbox 2441 3377 2802 3439; x_wconf 85' lang='lat' dir='ltr'><strong>temperatum</strong></span> <span class='ocrx_word' id='word_1_444' title='bbox 2861 3383 3124 3443; x_wconf 88' lang='lat' dir='ltr'><strong>perpetuo</strong></span> <span class='ocrx_word' id='word_1_445' title='bbox 3190 3390 3343 3436; x_wconf 90' lang='lat' dir='ltr'><strong>motu</strong></span> 
     </span>
    </p>
   </div>
   <div class='ocr_carea' id='block_1_44' title="bbox 145 3462 1668 3541">
    <p class='ocr_par' dir='ltr' id='par_1_44' title="bbox 145 3463 1665 3541">
     <span class='ocr_line' id='line_1_44' title="bbox 145 3463 1665 3541; baseline -0.004 -19"><span class='ocrx_word' id='word_1_446' title='bbox 145 3470 216 3522; x_wconf 69' lang='grc' dir='ltr'><strong>καὶ</strong></span> <span class='ocrx_word' id='word_1_447' title='bbox 239 3469 627 3541; x_wconf 78' lang='grc' dir='ltr'><strong>ὲρμηνευτικοῦ,</strong></span> <span class='ocrx_word' id='word_1_448' title='bbox 663 3469 694 3521; x_wconf 84' lang='grc' dir='ltr'><strong>ὁ</strong></span> <span class='ocrx_word' id='word_1_449' title='bbox 738 3467 946 3539; x_wconf 77' lang='grc' dir='ltr'>Ἐρμῆς</span> <span class='ocrx_word' id='word_1_450' title='bbox 996 3465 1425 3535; x_wconf 68' lang='grc' dir='ltr'>παραπατικὸς.</span> <span class='ocrx_word' id='word_1_451' title='bbox 1504 3463 1562 3518; x_wconf 83' lang='grc' dir='ltr'>Ὀ</span> <span class='ocrx_word' id='word_1_452' title='bbox 1606 3463 1665 3517; x_wconf 73' lang='grc' dir='ltr'><strong>δὲ</strong></span> 
     </span>
    </p>
   </div>
   <div class='ocr_carea' id='block_1_45' title="bbox 1820 3462 3343 3541">
    <p class='ocr_par' dir='ltr' id='par_1_45' title="bbox 1820 3462 3343 3537">
     <span class='ocr_line' id='line_1_45' title="bbox 1820 3462 3343 3537; baseline 0.009 -21"><span class='ocrx_word' id='word_1_453' title='bbox 1820 3462 2024 3532; x_wconf 72' lang='lat' dir='ltr'><strong>gitetur,</strong></span> <span class='ocrx_word' id='word_1_454' title='bbox 2060 3477 2234 3534; x_wconf 91' lang='lat' dir='ltr'><strong>eoque</strong></span> <span class='ocrx_word' id='word_1_455' title='bbox 2283 3478 2532 3532; x_wconf 83' lang='lat' dir='ltr'><strong>spumam</strong></span> <span class='ocrx_word' id='word_1_456' title='bbox 2570 3475 2776 3536; x_wconf 85' lang='lat' dir='ltr'><strong>egerat,</strong></span> <span class='ocrx_word' id='word_1_457' title='bbox 2811 3483 2920 3537; x_wconf 89' lang='lat' dir='ltr'><strong>qua</strong></span> <span class='ocrx_word' id='word_1_458' title='bbox 2950 3470 3060 3525; x_wconf 91' lang='lat' dir='ltr'><strong>vim</strong></span> <span class='ocrx_word' id='word_1_459' title='bbox 3102 3474 3343 3530; x_wconf 83' lang='lat' dir='ltr'><strong>semina-</strong></span> 
     </span>
    </p>
   </div>
   <div class='ocr_carea' id='block_1_46' title="bbox 148 3554 1671 3631">
    <p class='ocr_par' dir='ltr' id='par_1_46' title="bbox 148 3554 1666 3631">
     <span class='ocr_line' id='line_1_46' title="bbox 148 3554 1666 3631; baseline -0.002 -20"><span class='ocrx_word' id='word_1_460' title='bbox 148 3559 429 3631; x_wconf 70' lang='grc' dir='ltr'>ἐντεταμένας</span> <span class='ocrx_word' id='word_1_461' title='bbox 463 3559 680 3631; x_wconf 83' lang='grc' dir='ltr'><strong>Ἑρμῆς</strong></span> <span class='ocrx_word' id='word_1_462' title='bbox 722 3557 872 3629; x_wconf 87' lang='grc' dir='ltr'><strong>δηλοί</strong></span> <span class='ocrx_word' id='word_1_463' title='bbox 907 3555 1006 3627; x_wconf 85' lang='grc' dir='ltr'><strong>τὴν</strong></span> <span class='ocrx_word' id='word_1_464' title='bbox 1028 3554 1271 3608; x_wconf 82' lang='grc' dir='ltr'><strong>εὐτονίαν</strong></span> <span class='ocrx_word' id='word_1_465' title='bbox 1291 3572 1305 3585; x_wconf 75' lang='grc' dir='ltr'>ο</span> <span class='ocrx_word' id='word_1_466' title='bbox 1343 3554 1580 3608; x_wconf 86' lang='grc' dir='ltr'>δείκνυσι</span> <span class='ocrx_word' id='word_1_467' title='bbox 1608 3554 1666 3608; x_wconf 82' lang='grc' dir='ltr'><strong>δὲ</strong></span> 
     </span>
    </p>
   </div>
   <div class='ocr_carea' id='block_1_47' title="bbox 1820 3554 3343 3631">
    <p class='ocr_par' dir='ltr' id='par_1_47' title="bbox 1822 3554 3343 3622">
     <span class='ocr_line' id='line_1_47' title="bbox 1822 3554 3343 3622; baseline 0.007 -13"><span class='ocrx_word' id='word_1_468' title='bbox 1822 3571 1873 3609; x_wconf 94' lang='lat' dir='ltr'><strong>m</strong></span> <span class='ocrx_word' id='word_1_469' title='bbox 1919 3554 2301 3610; x_wconf 85' lang='lat' dir='ltr'><strong>adumbratam</strong></span> <span class='ocrx_word' id='word_1_470' title='bbox 2356 3570 2478 3610; x_wconf 89' lang='lat' dir='ltr'><strong>esse</strong></span> <span class='ocrx_word' id='word_1_471' title='bbox 2543 3557 2853 3613; x_wconf 88' lang='lat' dir='ltr'><strong>voluerunt.</strong></span> <span class='ocrx_word' id='word_1_472' title='bbox 2908 3560 2980 3615; x_wconf 84' lang='lat' dir='ltr'><strong>At</strong></span> <span class='ocrx_word' id='word_1_473' title='bbox 3038 3561 3343 3622; x_wconf 82' lang='lat' dir='ltr'><strong>Mercurius</strong></span> 
     </span>
    </p>
   </div>
   <div class='ocr_carea' id='block_1_48' title="bbox 148 3643 1671 3721">
    <p class='ocr_par' dir='ltr' id='par_1_48' title="bbox 148 3643 1662 3721">
     <span class='ocr_line' id='line_1_48' title="bbox 148 3643 1662 3721; baseline 0 -22"><span class='ocrx_word' id='word_1_474' title='bbox 148 3651 300 3702; x_wconf 71' lang='grc' dir='ltr'><strong>καὶτδν</strong></span> <span class='ocrx_word' id='word_1_475' title='bbox 325 3650 693 3721; x_wconf 82' lang='grc' dir='ltr'>σπερματικὸν</span> <span class='ocrx_word' id='word_1_476' title='bbox 716 3647 871 3716; x_wconf 85' lang='grc' dir='ltr'>λόγον</span> <span class='ocrx_word' id='word_1_477' title='bbox 895 3645 987 3699; x_wconf 85' lang='grc' dir='ltr'>τὸν</span> <span class='ocrx_word' id='word_1_478' title='bbox 1019 3645 1275 3716; x_wconf 79' lang='grc' dir='ltr'><strong>διήκοντα</strong></span> <span class='ocrx_word' id='word_1_479' title='bbox 1305 3643 1393 3702; x_wconf 80' lang='grc' dir='ltr'>διὰ</span> <span class='ocrx_word' id='word_1_480' title='bbox 1425 3645 1662 3699; x_wconf 84' lang='grc' dir='ltr'><strong>πάντων.</strong></span> 
     </span>
    </p>
   </div>
   <div class='ocr_carea' id='block_1_49' title="bbox 1820 3643 3343 3721">
    <p class='ocr_par' dir='ltr' id='par_1_49' title="bbox 1820 3647 3343 3717">
     <span class='ocr_line' id='line_1_49' title="bbox 1820 3647 3343 3717; baseline 0.008 -17"><span class='ocrx_word' id='word_1_481' title='bbox 1820 3647 2072 3701; x_wconf 77' lang='lat' dir='ltr'><strong>&#39;ationem</strong></span> <span class='ocrx_word' id='word_1_482' title='bbox 2107 3647 2354 3714; x_wconf 83' lang='lat' dir='ltr'><strong>exhibet,</strong></span> <span class='ocrx_word' id='word_1_483' title='bbox 2390 3662 2514 3716; x_wconf 85' lang='lat' dir='ltr'><strong>quae</strong></span> <span class='ocrx_word' id='word_1_484' title='bbox 2546 3647 2681 3702; x_wconf 90' lang='lat' dir='ltr'><strong>nihil</strong></span> <span class='ocrx_word' id='word_1_485' title='bbox 2710 3665 2820 3704; x_wconf 88' lang='lat' dir='ltr'><strong>non</strong></span> <span class='ocrx_word' id='word_1_486' title='bbox 2851 3650 3035 3717; x_wconf 81' lang='lat' dir='ltr'><strong>emcit,</strong></span> <span class='ocrx_word' id='word_1_487' title='bbox 3067 3655 3205 3710; x_wconf 88' lang='lat' dir='ltr'><strong>nihil</strong></span> <span class='ocrx_word' id='word_1_488' title='bbox 3232 3673 3343 3712; x_wconf 90' lang='lat' dir='ltr'><strong>non</strong></span> 
     </span>
    </p>
   </div>
   <div class='ocr_carea' id='block_1_50' title="bbox 147 3733 1670 3810">
    <p class='ocr_par' dir='ltr' id='par_1_50' title="bbox 147 3733 1659 3806">
     <span class='ocr_line' id='line_1_50' title="bbox 147 3733 1659 3806; baseline 0.005 -16"><span class='ocrx_word' id='word_1_489' title='bbox 147 3739 295 3794; x_wconf 65' lang='grc' dir='ltr'>Λοιπὸν</span> <span class='ocrx_word' id='word_1_490' title='bbox 340 3741 393 3795; x_wconf 81' lang='grc' dir='ltr'><strong>δὲ</strong></span> <span class='ocrx_word' id='word_1_491' title='bbox 446 3739 707 3802; x_wconf 80' lang='grc' dir='ltr'>σύνθετος</span> <span class='ocrx_word' id='word_1_492' title='bbox 755 3737 983 3806; x_wconf 83' lang='grc' dir='ltr'><strong>λόγος,ὁ</strong></span> <span class='ocrx_word' id='word_1_493' title='bbox 1015 3736 1112 3806; x_wconf 79' lang='grc' dir='ltr'>μὲν</span> <span class='ocrx_word' id='word_1_494' title='bbox 1159 3737 1216 3788; x_wconf 72' lang='grc' dir='ltr'>ἐν</span> <span class='ocrx_word' id='word_1_495' title='bbox 1250 3735 1386 3806; x_wconf 77' lang='grc' dir='ltr'>ήλίφ</span> <span class='ocrx_word' id='word_1_496' title='bbox 1426 3733 1659 3806; x_wconf 80' lang='grc' dir='ltr'><strong>Ἑρμῆς·</strong></span> 
     </span>
    </p>
   </div>
   <div class='ocr_carea' id='block_1_51' title="bbox 1821 3733 3344 3810">
    <p class='ocr_par' dir='ltr' id='par_1_51' title="bbox 1821 3735 3344 3810">
     <span class='ocr_line' id='line_1_51' title="bbox 1821 3735 3344 3810; baseline 0.007 -20"><span class='ocrx_word' id='word_1_497' title='bbox 1821 3738 2009 3790; x_wconf 72' lang='lat' dir='ltr'><strong>lustrat</strong></span> <span class='ocrx_word' id='word_1_498' title='bbox 2043 3735 2387 3804; x_wconf 83' lang='lat' dir='ltr'><strong>explicando.</strong></span> <span class='ocrx_word' id='word_1_499' title='bbox 2426 3737 2601 3806; x_wconf 87' lang='lat' dir='ltr'><strong>Atque</strong></span> <span class='ocrx_word' id='word_1_500' title='bbox 2627 3737 2675 3791; x_wconf 92' lang='lat' dir='ltr'><strong>is</strong></span> <span class='ocrx_word' id='word_1_501' title='bbox 2705 3749 2888 3794; x_wconf 89' lang='lat' dir='ltr'><strong>erecto</strong></span> <span class='ocrx_word' id='word_1_502' title='bbox 2920 3742 3140 3810; x_wconf 88' lang='lat' dir='ltr'><strong>quidem</strong></span> <span class='ocrx_word' id='word_1_503' title='bbox 3174 3753 3228 3800; x_wconf 94' lang='lat' dir='ltr'><strong>et</strong></span> <span class='ocrx_word' id='word_1_504' title='bbox 3267 3746 3344 3800; x_wconf 88' lang='lat' dir='ltr'><strong>in-</strong></span> 
     </span>
    </p>
   </div>
   <div class='ocr_carea' id='block_1_52' title="bbox 153 3824 1676 3903">
    <p class='ocr_par' dir='ltr' id='par_1_52' title="bbox 153 3824 1659 3903">
     <span class='ocr_line' id='line_1_52' title="bbox 153 3824 1659 3903; baseline -0.003 -21"><span class='ocrx_word' id='word_1_505' title='bbox 153 3829 306 3903; x_wconf 68' lang='grc' dir='ltr'><strong>Ἑκάτη</strong></span> <span class='ocrx_word' id='word_1_506' title='bbox 329 3833 380 3886; x_wconf 78' lang='grc' dir='ltr'><strong>δὲ</strong></span> <span class='ocrx_word' id='word_1_507' title='bbox 405 3834 433 3885; x_wconf 86' lang='grc' dir='ltr'>ὀ</span> <span class='ocrx_word' id='word_1_508' title='bbox 463 3835 519 3886; x_wconf 78' lang='grc' dir='ltr'><strong>ὲν</strong></span> <span class='ocrx_word' id='word_1_509' title='bbox 552 3831 759 3902; x_wconf 78' lang='grc' dir='ltr'><strong>σελήνῃ</strong></span> <span class='ocrx_word' id='word_1_510' title='bbox 783 3845 796 3859; x_wconf 78' lang='grc'><strong><em>⁸</em></strong></span> <span class='ocrx_word' id='word_1_511' title='bbox 845 3827 1121 3900; x_wconf 82' lang='grc' dir='ltr'>Ἐρμόπαν</span> <span class='ocrx_word' id='word_1_512' title='bbox 1149 3826 1206 3880; x_wconf 81' lang='grc' dir='ltr'><strong>δὲ</strong></span> <span class='ocrx_word' id='word_1_513' title='bbox 1232 3827 1261 3879; x_wconf 85' lang='grc' dir='ltr'>ὁ</span> <span class='ocrx_word' id='word_1_514' title='bbox 1282 3827 1338 3879; x_wconf 79' lang='grc' dir='ltr'><strong>ὲν</strong></span> <span class='ocrx_word' id='word_1_515' title='bbox 1361 3824 1439 3896; x_wconf 81' lang='grc' dir='ltr'>τῷ</span> <span class='ocrx_word' id='word_1_516' title='bbox 1469 3825 1659 3878; x_wconf 85' lang='grc' dir='ltr'>παντί·</span> 
     </span>
    </p>
   </div>
   <div class='ocr_carea' id='block_1_53' title="bbox 1819 3824 3342 3903">
    <p class='ocr_par' dir='ltr' id='par_1_53' title="bbox 1819 3828 3342 3898">
     <span class='ocr_line' id='line_1_53' title="bbox 1819 3828 3342 3898; baseline 0.006 -16"><span class='ocrx_word' id='word_1_517' title='bbox 1819 3836 1918 3882; x_wconf 67' lang='lat' dir='ltr'><strong>:nto</strong></span> <span class='ocrx_word' id='word_1_518' title='bbox 1949 3828 2196 3898; x_wconf 91' lang='lat' dir='ltr'><strong>corporis</strong></span> <span class='ocrx_word' id='word_1_519' title='bbox 2225 3837 2370 3883; x_wconf 86' lang='lat' dir='ltr'><strong>statu</strong></span> <span class='ocrx_word' id='word_1_520' title='bbox 2419 3843 2542 3883; x_wconf 91' lang='lat' dir='ltr'><strong>cum</strong></span> <span class='ocrx_word' id='word_1_521' title='bbox 2583 3829 2693 3884; x_wconf 91' lang='lat' dir='ltr'><strong>vim</strong></span> <span class='ocrx_word' id='word_1_522' title='bbox 2737 3831 3003 3889; x_wconf 91' lang='lat' dir='ltr'><strong>orationis</strong></span> <span class='ocrx_word' id='word_1_523' title='bbox 3039 3837 3342 3891; x_wconf 90' lang='lat' dir='ltr'><strong>contentio-</strong></span> 
     </span>
    </p>
   </div>
   <div class='ocr_carea' id='block_1_54' title="bbox 144 3917 1667 3998">
    <p class='ocr_par' dir='ltr' id='par_1_54' title="bbox 144 3917 1661 3995">
     <span class='ocr_line' id='line_1_54' title="bbox 144 3917 1661 3995; baseline -0.003 -21"><span class='ocrx_word' id='word_1_524' title='bbox 144 3925 250 3978; x_wconf 70' lang='grc' dir='ltr'><strong>κατὰ</strong></span> <span class='ocrx_word' id='word_1_525' title='bbox 295 3926 496 3980; x_wconf 81' lang='grc' dir='ltr'>πάντων</span> <span class='ocrx_word' id='word_1_526' title='bbox 556 3925 659 3995; x_wconf 56' lang='lat' dir='ltr'><strong>{ap</strong></span> <span class='ocrx_word' id='word_1_527' title='bbox 713 3923 743 3975; x_wconf 85' lang='grc' dir='ltr'>ὁ</span> <span class='ocrx_word' id='word_1_528' title='bbox 794 3918 1164 3991; x_wconf 82' lang='grc' dir='ltr'><strong>σπερματικὸς</strong></span> <span class='ocrx_word' id='word_1_529' title='bbox 1219 3918 1314 3971; x_wconf 72' lang='grc' dir='ltr'>καὶ</span> <span class='ocrx_word' id='word_1_530' title='bbox 1361 3917 1661 3988; x_wconf 80' lang='grc' dir='ltr'>ποιητικός.</span> 
     </span>
    </p>
   </div>
   <div class='ocr_carea' id='block_1_55' title="bbox 1818 3917 3341 3998">
    <p class='ocr_par' dir='ltr' id='par_1_55' title="bbox 1818 3924 3341 3998">
     <span class='ocr_line' id='line_1_55' title="bbox 1818 3924 3341 3998; baseline 0.005 -24"><span class='ocrx_word' id='word_1_531' title='bbox 1818 3935 2002 3990; x_wconf 70' lang='lat' dir='ltr'><strong>emque</strong></span> <span class='ocrx_word' id='word_1_532' title='bbox 2061 3929 2437 3990; x_wconf 74' lang='lat' dir='ltr'><strong>repraesentat,</strong></span> <span class='ocrx_word' id='word_1_533' title='bbox 2501 3929 2616 3975; x_wconf 91' lang='lat' dir='ltr'><strong>tum</strong></span> <span class='ocrx_word' id='word_1_534' title='bbox 2668 3938 2799 3978; x_wconf 90' lang='lat' dir='ltr'><strong>vero</strong></span> <span class='ocrx_word' id='word_1_535' title='bbox 2835 3924 3154 3980; x_wconf 90' lang='lat' dir='ltr'><strong>seminalem</strong></span> <span class='ocrx_word' id='word_1_536' title='bbox 3198 3942 3341 3998; x_wconf 88' lang='lat' dir='ltr'><strong>quo-</strong></span> 
     </span>
    </p>
   </div>
   <div class='ocr_carea' id='block_1_56' title="bbox 146 4009 1669 4096">
    <p class='ocr_par' dir='ltr' id='par_1_56' title="bbox 146 4009 1664 4084">
     <span class='ocr_line' id='line_1_56' title="bbox 146 4009 1664 4084; baseline -0.001 -20"><span class='ocrx_word' id='word_1_537' title='bbox 146 4014 349 4079; x_wconf 73' lang='grc' dir='ltr'><strong>Σύνθετος</strong></span> <span class='ocrx_word' id='word_1_538' title='bbox 375 4017 430 4070; x_wconf 59' lang='lat' dir='ltr'><strong>ea</strong></span> <span class='ocrx_word' id='word_1_539' title='bbox 473 4017 570 4070; x_wconf 72' lang='grc' dir='ltr'><strong>καὶ</strong></span> <span class='ocrx_word' id='word_1_540' title='bbox 600 4009 719 4068; x_wconf 74' lang='grc' dir='ltr'>οἷον</span> <span class='ocrx_word' id='word_1_541' title='bbox 752 4012 1026 4084; x_wconf 79' lang='grc' dir='ltr'>μιξέλλην,</span> <span class='ocrx_word' id='word_1_542' title='bbox 1061 4011 1157 4064; x_wconf 74' lang='grc' dir='ltr'>καὶ</span> <span class='ocrx_word' id='word_1_543' title='bbox 1189 4010 1318 4082; x_wconf 78' lang='grc' dir='ltr'>παρ’</span> <span class='ocrx_word' id='word_1_544' title='bbox 1349 4009 1664 4077; x_wconf 74' lang='grc' dir='ltr'><strong>Αἰγυπτίοις</strong></span> 
     </span>
    </p>
   </div>
   <div class='ocr_carea' id='block_1_57' title="bbox 1819 4009 3342 4096">
    <p class='ocr_par' dir='ltr' id='par_1_57' title="bbox 1819 4011 3342 4096">
     <span class='ocr_line' id='line_1_57' title="bbox 1819 4011 3342 4096; baseline 0.005 -30"><span class='ocrx_word' id='word_1_545' title='bbox 1819 4027 1874 4066; x_wconf 74' lang='grc' dir='ltr'>ιο</span> <span class='ocrx_word' id='word_1_546' title='bbox 1903 4011 2171 4067; x_wconf 89' lang='lat' dir='ltr'><strong>rationem</strong></span> <span class='ocrx_word' id='word_1_547' title='bbox 2216 4012 2454 4067; x_wconf 87' lang='lat' dir='ltr'><strong>ostendit</strong></span> <span class='ocrx_word' id='word_1_548' title='bbox 2497 4022 2694 4068; x_wconf 90' lang='lat' dir='ltr'><strong>cuncta</strong></span> <span class='ocrx_word' id='word_1_549' title='bbox 2736 4024 3124 4084; x_wconf 88' lang='lat' dir='ltr'><strong>permeantem.</strong></span> <span class='ocrx_word' id='word_1_550' title='bbox 3163 4017 3342 4096; x_wconf 64' lang='lat' dir='ltr'><strong>Caete-</strong></span> 
     </span>
    </p>
   </div>
   <div class='ocr_carea' id='block_1_58' title="bbox 143 4096 1666 4180">
    <p class='ocr_par' dir='ltr' id='par_1_58' title="bbox 143 4096 1665 4176">
     <span class='ocr_line' id='line_1_58' title="bbox 143 4096 1665 4176; baseline -0.001 -20"><span class='ocrx_word' id='word_1_551' title='bbox 143 4103 165 4153; x_wconf 80' lang='grc' dir='ltr'><strong>ὁ</strong></span> <span class='ocrx_word' id='word_1_552' title='bbox 190 4104 523 4176; x_wconf 74' lang='grc' dir='ltr'><strong>Ἑρμάνουϐις,</strong></span> <span class='ocrx_word' id='word_1_553' title='bbox 590 4103 814 4174; x_wconf 82' lang='grc' dir='ltr'>Ἐπειδὴ</span> <span class='ocrx_word' id='word_1_554' title='bbox 838 4149 842 4154; x_wconf 86' lang='lat'><strong>.</strong></span> <span class='ocrx_word' id='word_1_555' title='bbox 874 4115 900 4143; x_wconf 77' lang='grc' dir='ltr'>ει</span> <span class='ocrx_word' id='word_1_556' title='bbox 928 4104 1019 4156; x_wconf 73' lang='grc' dir='ltr'><strong>καὶ</strong></span> <span class='ocrx_word' id='word_1_557' title='bbox 1050 4102 1148 4172; x_wconf 79' lang='grc' dir='ltr'><strong>τῆς</strong></span> <span class='ocrx_word' id='word_1_558' title='bbox 1172 4100 1382 4172; x_wconf 78' lang='grc' dir='ltr'>ἐρώσης</span> <span class='ocrx_word' id='word_1_559' title='bbox 1409 4096 1476 4173; x_wconf 76' lang='grc' dir='ltr'><strong>ἦν</strong></span> <span class='ocrx_word' id='word_1_560' title='bbox 1509 4101 1665 4155; x_wconf 73' lang='grc' dir='ltr'>δυνά-</span> 
     </span>
    </p>
   </div>
   <div class='ocr_carea' id='block_1_59' title="bbox 1817 4096 3340 4180">
    <p class='ocr_par' dir='ltr' id='par_1_59' title="bbox 1817 4104 3340 4180">
     <span class='ocr_line' id='line_1_59' title="bbox 1817 4104 3340 4180; baseline 0.005 -22"><span class='ocrx_word' id='word_1_561' title='bbox 1817 4119 1890 4158; x_wconf 85' lang='lat' dir='ltr'><strong>tm</strong></span> <span class='ocrx_word' id='word_1_562' title='bbox 1944 4104 2091 4174; x_wconf 88' lang='lat' dir='ltr'><strong>quod</strong></span> <span class='ocrx_word' id='word_1_563' title='bbox 2136 4118 2200 4158; x_wconf 82' lang='lat' dir='ltr'><strong>ea</strong></span> <span class='ocrx_word' id='word_1_564' title='bbox 2247 4104 2363 4160; x_wconf 90' lang='lat' dir='ltr'><strong>sive</strong></span> <span class='ocrx_word' id='word_1_565' title='bbox 2412 4106 2590 4160; x_wconf 90' lang='lat' dir='ltr'><strong>oratio</strong></span> <span class='ocrx_word' id='word_1_566' title='bbox 2631 4107 2745 4161; x_wconf 87' lang='lat' dir='ltr'><strong>sive</strong></span> <span class='ocrx_word' id='word_1_567' title='bbox 2789 4108 2932 4162; x_wconf 90' lang='lat' dir='ltr'><strong>ratio</strong></span> <span class='ocrx_word' id='word_1_568' title='bbox 2977 4111 3340 4180; x_wconf 87' lang='lat' dir='ltr'><strong>compositum</strong></span> 
     </span>
    </p>
   </div>
   <div class='ocr_carea' id='block_1_60' title="bbox 147 4159 1670 4267">
    <p class='ocr_par' dir='ltr' id='par_1_60' title="bbox 147 4159 1664 4267">
     <span class='ocr_line' id='line_1_60' title="bbox 147 4159 1664 4267; baseline -0.004 -15"><span class='ocrx_word' id='word_1_569' title='bbox 332 4159 521 4267; x_wconf 35' lang='grc' dir='ltr'><strong>λόγοςῖή</strong></span> <span class='ocrx_word' id='word_1_570' title='bbox 552 4159 816 4266; x_wconf 64' lang='grc' dir='ltr'><strong>ταύτηςο</strong></span> <span class='ocrx_word' id='word_1_571' title='bbox 849 4196 1026 4266; x_wconf 85' lang='grc' dir='ltr'>Ἔρως</span> <span class='ocrx_word' id='word_1_572' title='bbox 1058 4159 1540 4264; x_wconf 33' lang='grc' dir='ltr'><strong>ὁυπαραστατιξιός.</strong></span> <span class='ocrx_word' id='word_1_573' title='bbox 1573 4194 1664 4246; x_wconf 85' lang='grc' dir='ltr'><strong>Διὸ</strong></span> 
     </span>
    </p>
   </div>
   <div class='ocr_carea' id='block_1_61' title="bbox 1815 4159 3338 4267">
    <p class='ocr_par' dir='ltr' id='par_1_61' title="bbox 1815 4159 3338 4267">
     <span class='ocr_line' id='line_1_61' title="bbox 1815 4159 3338 4267; baseline 0.005 -20"><span class='ocrx_word' id='word_1_574' title='bbox 1815 4159 2029 4247; x_wconf 67' lang='lat' dir='ltr'><strong>uiddam</strong></span> <span class='ocrx_word' id='word_1_575' title='bbox 2061 4193 2153 4259; x_wconf 89' lang='lat' dir='ltr'><strong>sit,</strong></span> <span class='ocrx_word' id='word_1_576' title='bbox 2199 4208 2362 4264; x_wconf 87' lang='lat' dir='ltr'><strong>quam</strong></span> <span class='ocrx_word' id='word_1_577' title='bbox 2397 4194 2450 4246; x_wconf 92' lang='lat' dir='ltr'><strong>in</strong></span> <span class='ocrx_word' id='word_1_578' title='bbox 2500 4195 2616 4249; x_wconf 89' lang='lat' dir='ltr'><strong>sole</strong></span> <span class='ocrx_word' id='word_1_579' title='bbox 2651 4196 2944 4262; x_wconf 85' lang='lat' dir='ltr'><strong>collocant,</strong></span> <span class='ocrx_word' id='word_1_580' title='bbox 2986 4159 3338 4267; x_wconf 60' lang='lat' dir='ltr'><strong>Mercurium,</strong></span> 
     </span>
    </p>
   </div>
   <div class='ocr_carea' id='block_1_62' title="bbox 144 4283 1667 4365">
    <p class='ocr_par' dir='ltr' id='par_1_62' title="bbox 144 4288 1661 4365">
     <span class='ocr_line' id='line_1_62' title="bbox 144 4288 1661 4365; baseline -0.001 -23"><span class='ocrx_word' id='word_1_581' title='bbox 144 4293 333 4362; x_wconf 66' lang='grc' dir='ltr'>παῐςμὲν</span> <span class='ocrx_word' id='word_1_582' title='bbox 357 4295 443 4348; x_wconf 86' lang='grc' dir='ltr'>τοῦ</span> <span class='ocrx_word' id='word_1_583' title='bbox 485 4293 698 4365; x_wconf 81' lang='grc' dir='ltr'>Ἑρμοῦ</span> <span class='ocrx_word' id='word_1_584' title='bbox 739 4293 768 4344; x_wconf 86' lang='grc' dir='ltr'>ὁ</span> <span class='ocrx_word' id='word_1_585' title='bbox 816 4292 1014 4362; x_wconf 85' lang='grc' dir='ltr'><strong>Ἔρως,</strong></span> <span class='ocrx_word' id='word_1_586' title='bbox 1041 4291 1230 4362; x_wconf 80' lang='grc' dir='ltr'>νήπιος</span> <span class='ocrx_word' id='word_1_587' title='bbox 1260 4290 1317 4342; x_wconf 82' lang='grc' dir='ltr'><strong>δὲ</strong></span> <span class='ocrx_word' id='word_1_588' title='bbox 1335 4288 1424 4342; x_wconf 79' lang='grc' dir='ltr'>διὰ</span> <span class='ocrx_word' id='word_1_589' title='bbox 1453 4289 1549 4351; x_wconf 76' lang='grc' dir='ltr'><strong>τὰς</strong></span> <span class='ocrx_word' id='word_1_590' title='bbox 1577 4290 1661 4341; x_wconf 83' lang='lat' dir='ltr'><strong>al-</strong></span> 
     </span>
    </p>
   </div>
   <div class='ocr_carea' id='block_1_63' title="bbox 1819 4283 3342 4365">
    <p class='ocr_par' dir='ltr' id='par_1_63' title="bbox 1819 4283 3342 4360">
     <span class='ocr_line' id='line_1_63' title="bbox 1819 4283 3342 4360; baseline 0.006 -24"><span class='ocrx_word' id='word_1_591' title='bbox 1819 4298 1936 4337; x_wconf 88' lang='lat' dir='ltr'><strong>uam</strong></span> <span class='ocrx_word' id='word_1_592' title='bbox 1986 4283 2042 4336; x_wconf 91' lang='lat' dir='ltr'><strong>in</strong></span> <span class='ocrx_word' id='word_1_593' title='bbox 2095 4283 2247 4349; x_wconf 91' lang='lat' dir='ltr'><strong>luna,</strong></span> <span class='ocrx_word' id='word_1_594' title='bbox 2304 4283 2562 4350; x_wconf 82' lang='lat' dir='ltr'><strong>Hecaten,</strong></span> <span class='ocrx_word' id='word_1_595' title='bbox 2618 4301 2782 4354; x_wconf 89' lang='lat' dir='ltr'><strong>quam</strong></span> <span class='ocrx_word' id='word_1_596' title='bbox 2834 4287 2888 4340; x_wconf 91' lang='lat' dir='ltr'><strong>in</strong></span> <span class='ocrx_word' id='word_1_597' title='bbox 2941 4287 3064 4357; x_wconf 91' lang='lat' dir='ltr'><strong>ipso</strong></span> <span class='ocrx_word' id='word_1_598' title='bbox 3106 4291 3342 4360; x_wconf 89' lang='lat' dir='ltr'><strong>denique</strong></span> 
     </span>
    </p>
   </div>
   <div class='ocr_carea' id='block_1_64' title="bbox 144 4373 1667 4460">
    <p class='ocr_par' dir='ltr' id='par_1_64' title="bbox 144 4379 1661 4460">
     <span class='ocr_line' id='line_1_64' title="bbox 144 4379 1661 4460; baseline -0.002 -26"><span class='ocrx_word' id='word_1_599' title='bbox 144 4384 326 4451; x_wconf 71' lang='grc' dir='ltr'>φνιδίους</span> <span class='ocrx_word' id='word_1_600' title='bbox 353 4388 472 4460; x_wconf 74' lang='grc' dir='ltr'>περὶ</span> <span class='ocrx_word' id='word_1_601' title='bbox 504 4387 606 4450; x_wconf 78' lang='grc' dir='ltr'><strong>τὰς</strong></span> <span class='ocrx_word' id='word_1_602' title='bbox 664 4383 962 4454; x_wconf 76' lang='grc' dir='ltr'>ἐπιθυμίας</span> <span class='ocrx_word' id='word_1_603' title='bbox 996 4381 1305 4454; x_wconf 80' lang='grc' dir='ltr'><strong>ἐμπτώσεις</strong></span> <span class='ocrx_word' id='word_1_604' title='bbox 1337 4379 1522 4434; x_wconf 80' lang='grc' dir='ltr'>αὑτοῦ.</span> <span class='ocrx_word' id='word_1_605' title='bbox 1554 4379 1661 4433; x_wconf 83' lang='grc' dir='ltr'><strong>Τοῦ</strong></span> 
     </span>
    </p>
   </div>
   <div class='ocr_carea' id='block_1_65' title="bbox 1818 4373 3341 4460">
    <p class='ocr_par' dir='ltr' id='par_1_65' title="bbox 1818 4373 3341 4447">
     <span class='ocr_line' id='line_1_65' title="bbox 1818 4373 3341 4447; baseline 0.005 -19"><span class='ocrx_word' id='word_1_606' title='bbox 1818 4375 2028 4430; x_wconf 88' lang='lat' dir='ltr'><strong>niverso</strong></span> <span class='ocrx_word' id='word_1_607' title='bbox 2075 4373 2384 4444; x_wconf 86' lang='lat' dir='ltr'><strong>Hcrmopan</strong></span> <span class='ocrx_word' id='word_1_608' title='bbox 2437 4377 2823 4443; x_wconf 87' lang='lat' dir='ltr'><strong>nominarunt;</strong></span> <span class='ocrx_word' id='word_1_609' title='bbox 2873 4380 3019 4447; x_wconf 88' lang='lat' dir='ltr'><strong>quod</strong></span> <span class='ocrx_word' id='word_1_610' title='bbox 3063 4382 3341 4435; x_wconf 80' lang='lat' dir='ltr'><strong>seminatis</strong></span> 
     </span>
    </p>
   </div>
   <div class='ocr_carea' id='block_1_66' title="bbox 143 4465 1666 4546">
    <p class='ocr_par' dir='ltr' id='par_1_66' title="bbox 143 4470 1663 4546">
     <span class='ocr_line' id='line_1_66' title="bbox 143 4470 1663 4546; baseline -0.002 -21"><span class='ocrx_word' id='word_1_611' title='bbox 143 4471 182 4525; x_wconf 73' lang='grc' dir='ltr'><strong>δὲ</strong></span> <span class='ocrx_word' id='word_1_612' title='bbox 227 4479 395 4542; x_wconf 80' lang='grc' dir='ltr'>παντὸς</span> <span class='ocrx_word' id='word_1_613' title='bbox 451 4479 542 4532; x_wconf 76' lang='grc' dir='ltr'><strong>τὸν</strong></span> <span class='ocrx_word' id='word_1_614' title='bbox 569 4479 733 4531; x_wconf 77' lang='grc' dir='ltr'>Πᾶνα</span> <span class='ocrx_word' id='word_1_615' title='bbox 786 4474 1049 4546; x_wconf 75' lang='grc' dir='ltr'>σύμϐολον</span> <span class='ocrx_word' id='word_1_616' title='bbox 1089 4473 1269 4526; x_wconf 76' lang='grc' dir='ltr'>ἔθεντο</span> <span class='ocrx_word' id='word_1_617' title='bbox 1291 4489 1303 4502; x_wconf 72' lang='grc' dir='ltr'>ο</span> <span class='ocrx_word' id='word_1_618' title='bbox 1339 4470 1409 4524; x_wconf 82' lang='grc' dir='ltr'>τὰ</span> <span class='ocrx_word' id='word_1_619' title='bbox 1443 4472 1540 4541; x_wconf 81' lang='grc' dir='ltr'><strong>μὲν</strong></span> <span class='ocrx_word' id='word_1_620' title='bbox 1573 4470 1663 4523; x_wconf 81' lang='grc' dir='ltr'><strong>κέ-</strong></span> 
     </span>
    </p>
   </div>
   <div class='ocr_carea' id='block_1_67' title="bbox 1816 4465 3339 4546">
    <p class='ocr_par' dir='ltr' id='par_1_67' title="bbox 1816 4466 3339 4538">
     <span class='ocr_line' id='line_1_67' title="bbox 1816 4466 3339 4538; baseline 0.005 -19"><span class='ocrx_word' id='word_1_621' title='bbox 1816 4467 1863 4520; x_wconf 90' lang='lat' dir='ltr'><strong>la</strong></span> <span class='ocrx_word' id='word_1_622' title='bbox 1886 4466 2240 4536; x_wconf 81' lang='lat' dir='ltr'><strong>eﬂ‘ectrixque</strong></span> <span class='ocrx_word' id='word_1_623' title='bbox 2265 4467 2406 4520; x_wconf 89' lang='lat' dir='ltr'><strong>ratio</strong></span> <span class='ocrx_word' id='word_1_624' title='bbox 2437 4467 2693 4522; x_wconf 87' lang='lat' dir='ltr'><strong>universa</strong></span> <span class='ocrx_word' id='word_1_625' title='bbox 2723 4470 3003 4538; x_wconf 89' lang='lat' dir='ltr'><strong>pervadat.</strong></span> <span class='ocrx_word' id='word_1_626' title='bbox 3027 4468 3339 4536; x_wconf 84' lang='lat' dir='ltr'><strong>Quinetiam</strong></span> 
     </span>
    </p>
   </div>
   <div class='ocr_carea' id='block_1_68' title="bbox 146 4556 1669 4641">
    <p class='ocr_par' dir='ltr' id='par_1_68' title="bbox 146 4562 1667 4641">
     <span class='ocr_line' id='line_1_68' title="bbox 146 4562 1667 4641; baseline -0.004 -22"><span class='ocrx_word' id='word_1_627' title='bbox 146 4581 245 4634; x_wconf 77' lang='grc' dir='ltr'>ριτα</span> <span class='ocrx_word' id='word_1_628' title='bbox 263 4568 422 4634; x_wconf 75' lang='grc' dir='ltr'>δόντες</span> <span class='ocrx_word' id='word_1_629' title='bbox 461 4569 714 4641; x_wconf 78' lang='grc' dir='ltr'>σύμϐολα</span> <span class='ocrx_word' id='word_1_630' title='bbox 757 4567 912 4638; x_wconf 81' lang='grc' dir='ltr'>ἡλίου</span> <span class='ocrx_word' id='word_1_631' title='bbox 961 4566 1056 4619; x_wconf 71' lang='grc' dir='ltr'><strong>καὶ</strong></span> <span class='ocrx_word' id='word_1_632' title='bbox 1084 4565 1336 4635; x_wconf 82' lang='grc' dir='ltr'><strong>σελήνης,</strong></span> <span class='ocrx_word' id='word_1_633' title='bbox 1367 4563 1465 4632; x_wconf 80' lang='grc' dir='ltr'><strong>τὴν</strong></span> <span class='ocrx_word' id='word_1_634' title='bbox 1493 4562 1550 4614; x_wconf 81' lang='grc' dir='ltr'><strong>δὲ</strong></span> <span class='ocrx_word' id='word_1_635' title='bbox 1581 4578 1667 4614; x_wconf 87' lang='grc' dir='ltr'>νε-</span> 
     </span>
    </p>
   </div>
   <div class='ocr_carea' id='block_1_69' title="bbox 1817 4556 3340 4641">
    <p class='ocr_par' dir='ltr' id='par_1_69' title="bbox 1817 4556 3340 4631">
     <span class='ocr_line' id='line_1_69' title="bbox 1817 4556 3340 4631; baseline 0.003 -21"><span class='ocrx_word' id='word_1_636' title='bbox 1817 4573 1840 4610; x_wconf 77' lang='grc' dir='ltr'><strong>ι</strong></span> <span class='ocrx_word' id='word_1_637' title='bbox 1874 4557 2081 4627; x_wconf 88' lang='lat' dir='ltr'><strong>duplici</strong></span> <span class='ocrx_word' id='word_1_638' title='bbox 2112 4572 2244 4612; x_wconf 89' lang='lat' dir='ltr'><strong>voce</strong></span> <span class='ocrx_word' id='word_1_639' title='bbox 2273 4557 2607 4625; x_wconf 88' lang='lat' dir='ltr'><strong>compositus</strong></span> <span class='ocrx_word' id='word_1_640' title='bbox 2635 4565 2737 4621; x_wconf 90' lang='lat' dir='ltr'><strong>est,</strong></span> <span class='ocrx_word' id='word_1_641' title='bbox 2775 4567 2828 4612; x_wconf 87' lang='lat' dir='ltr'><strong>et</strong></span> <span class='ocrx_word' id='word_1_642' title='bbox 2860 4556 3024 4612; x_wconf 86' lang='lat' dir='ltr'><strong>Graio</strong></span> <span class='ocrx_word' id='word_1_643' title='bbox 3055 4560 3216 4614; x_wconf 91' lang='lat' dir='ltr'><strong>veluti</strong></span> <span class='ocrx_word' id='word_1_644' title='bbox 3248 4579 3340 4631; x_wconf 81' lang='lat' dir='ltr'><strong>ge-</strong></span> 
     </span>
    </p>
   </div>
   <div class='ocr_carea' id='block_1_70' title="bbox 144 4645 1667 4728">
    <p class='ocr_par' dir='ltr' id='par_1_70' title="bbox 144 4649 1664 4728">
     <span class='ocr_line' id='line_1_70' title="bbox 144 4649 1664 4728; baseline 0.003 -19"><span class='ocrx_word' id='word_1_645' title='bbox 144 4653 258 4724; x_wconf 72' lang='grc' dir='ltr'>6ρίδα</span> <span class='ocrx_word' id='word_1_646' title='bbox 277 4659 372 4713; x_wconf 81' lang='grc' dir='ltr'><strong>τῶν</strong></span> <span class='ocrx_word' id='word_1_647' title='bbox 417 4659 534 4712; x_wconf 83' lang='grc' dir='ltr'>κατ’</span> <span class='ocrx_word' id='word_1_648' title='bbox 577 4658 812 4728; x_wconf 74' lang='grc' dir='ltr'>οὐρανὸν</span> <span class='ocrx_word' id='word_1_649' title='bbox 860 4655 1122 4727; x_wconf 82' lang='grc' dir='ltr'><strong>ἀστέρων,</strong></span> <span class='ocrx_word' id='word_1_650' title='bbox 1154 4654 1188 4726; x_wconf 80' lang='grc' dir='ltr'>ἢ</span> <span class='ocrx_word' id='word_1_651' title='bbox 1220 4655 1317 4726; x_wconf 80' lang='grc' dir='ltr'><strong>τῆς</strong></span> <span class='ocrx_word' id='word_1_652' title='bbox 1339 4651 1432 4706; x_wconf 87' lang='grc' dir='ltr'>τοῦ</span> <span class='ocrx_word' id='word_1_653' title='bbox 1464 4649 1664 4714; x_wconf 84' lang='grc' dir='ltr'>παντὸς</span> 
     </span>
    </p>
   </div>
   <div class='ocr_carea' id='block_1_71' title="bbox 1817 4645 3340 4728">
    <p class='ocr_par' dir='ltr' id='par_1_71' title="bbox 1817 4645 3340 4720">
     <span class='ocr_line' id='line_1_71' title="bbox 1817 4645 3340 4720; baseline 0.001 -17"><span class='ocrx_word' id='word_1_654' title='bbox 1817 4663 1902 4703; x_wconf 87' lang='lat' dir='ltr'><strong>ere</strong></span> <span class='ocrx_word' id='word_1_655' title='bbox 1933 4647 2158 4714; x_wconf 87' lang='lat' dir='ltr'><strong>mixtus,</strong></span> <span class='ocrx_word' id='word_1_656' title='bbox 2209 4648 2259 4702; x_wconf 89' lang='lat' dir='ltr'><strong>is</strong></span> <span class='ocrx_word' id='word_1_657' title='bbox 2285 4663 2447 4718; x_wconf 89' lang='lat' dir='ltr'><strong>quem</strong></span> <span class='ocrx_word' id='word_1_658' title='bbox 2492 4645 2863 4702; x_wconf 85' lang='lat' dir='ltr'><strong>Hermanubin</strong></span> <span class='ocrx_word' id='word_1_659' title='bbox 2891 4647 3130 4720; x_wconf 66' lang='lat' dir='ltr'><strong>Algyptii</strong></span> <span class='ocrx_word' id='word_1_660' title='bbox 3157 4651 3340 4705; x_wconf 63' lang='lat' dir='ltr'><strong>nami-</strong></span> 
     </span>
    </p>
   </div>
   <div class='ocr_carea' id='block_1_72' title="bbox 145 4737 1668 4820">
    <p class='ocr_par' dir='ltr' id='par_1_72' title="bbox 145 4743 1400 4820">
     <span class='ocr_line' id='line_1_72' title="bbox 145 4743 1400 4820; baseline -0.001 -23"><span class='ocrx_word' id='word_1_661' title='bbox 145 4749 378 4814; x_wconf 77' lang='grc' dir='ltr'>ποικιλίας.</span> <span class='ocrx_word' id='word_1_662' title='bbox 415 4771 433 4804; x_wconf 75' lang='grc' dir='ltr'><strong>ι</strong></span> <span class='ocrx_word' id='word_1_663' title='bbox 456 4752 572 4806; x_wconf 59' lang='grc' dir='ltr'><strong>Καὶ⁵</strong></span> <span class='ocrx_word' id='word_1_664' title='bbox 601 4749 679 4804; x_wconf 82' lang='grc' dir='ltr'><strong>τὰ</strong></span> <span class='ocrx_word' id='word_1_665' title='bbox 703 4749 802 4820; x_wconf 81' lang='grc' dir='ltr'>μὲν</span> <span class='ocrx_word' id='word_1_666' title='bbox 844 4745 1130 4814; x_wconf 74' lang='grc' dir='ltr'>Ἑλληνικὰ</span> <span class='ocrx_word' id='word_1_667' title='bbox 1154 4743 1400 4798; x_wconf 88' lang='grc' dir='ltr'>τοιαῦτα.</span> 
     </span>
    </p>
   </div>
   <div class='ocr_carea' id='block_1_73' title="bbox 1815 4737 3338 4820">
    <p class='ocr_par' dir='ltr' id='par_1_73' title="bbox 1815 4737 3338 4812">
     <span class='ocr_line' id='line_1_73' title="bbox 1815 4737 3338 4812; baseline 0.001 -18"><span class='ocrx_word' id='word_1_668' title='bbox 1815 4747 1922 4794; x_wconf 84' lang='lat' dir='ltr'><strong>ant.</strong></span> <span class='ocrx_word' id='word_1_669' title='bbox 1967 4737 2034 4793; x_wconf 89' lang='lat' dir='ltr'><strong>Et</strong></span> <span class='ocrx_word' id='word_1_670' title='bbox 2076 4740 2336 4808; x_wconf 89' lang='lat' dir='ltr'><strong>quoniam</strong></span> <span class='ocrx_word' id='word_1_671' title='bbox 2369 4739 2604 4794; x_wconf 91' lang='lat' dir='ltr'><strong>orationi</strong></span> <span class='ocrx_word' id='word_1_672' title='bbox 2650 4740 2911 4794; x_wconf 88' lang='lat' dir='ltr'><strong>amatoria</strong></span> <span class='ocrx_word' id='word_1_673' title='bbox 2957 4743 3042 4796; x_wconf 91' lang='lat' dir='ltr'><strong>vis</strong></span> <span class='ocrx_word' id='word_1_674' title='bbox 3090 4743 3338 4812; x_wconf 69' lang='lat' dir='ltr'><strong>quaedam</strong></span> 
     </span>
    </p>
   </div>
   <div class='ocr_carea' id='block_1_74' title="bbox 145 4833 3340 4919">
    <p class='ocr_par' dir='ltr' id='par_1_74' title="bbox 145 4833 3340 4919">
     <span class='ocr_line' id='line_1_74' title="bbox 145 4833 3340 4919; baseline -0.003 -21"><span class='ocrx_word' id='word_1_675' title='bbox 145 4842 264 4910; x_wconf 83' lang='lat' dir='ltr'><strong>inest,</strong></span> <span class='ocrx_word' id='word_1_676' title='bbox 301 4850 345 4901; x_wconf 89' lang='lat' dir='ltr'><strong>ei</strong></span> <span class='ocrx_word' id='word_1_677' title='bbox 383 4843 845 4919; x_wconf 65' lang='lat' dir='ltr'><strong>repraesentanda:</strong></span> <span class='ocrx_word' id='word_1_678' title='bbox 890 4842 1212 4912; x_wconf 91' lang='lat' dir='ltr'><strong>Cupidinem</strong></span> <span class='ocrx_word' id='word_1_679' title='bbox 1259 4839 1646 4894; x_wconf 88' lang='lat' dir='ltr'><strong>adhibuerunt.</strong></span> <span class='ocrx_word' id='word_1_680' title='bbox 1686 4834 1875 4905; x_wconf 89' lang='lat' dir='ltr'><strong>Itaque</strong></span> <span class='ocrx_word' id='word_1_681' title='bbox 1917 4833 2172 4889; x_wconf 81' lang='lat' dir='ltr'><strong>Mercurii</strong></span> <span class='ocrx_word' id='word_1_682' title='bbox 2229 4834 2448 4905; x_wconf 90' lang='lat' dir='ltr'><strong>quidem</strong></span> <span class='ocrx_word' id='word_1_683' title='bbox 2496 4834 2640 4889; x_wconf 84' lang='lat' dir='ltr'><strong>ﬁlius</strong></span> <span class='ocrx_word' id='word_1_684' title='bbox 2692 4835 2902 4905; x_wconf 91' lang='lat' dir='ltr'><strong>Cupido</strong></span> <span class='ocrx_word' id='word_1_685' title='bbox 2959 4837 3340 4906; x_wconf 74' lang='grc' dir='ltr'>εει,1‹ίειηιιιιε</span> 
     </span>
    </p>
   </div>
   <div class='ocr_carea' id='block_1_75' title="bbox 146 4929 3341 5012">
    <p class='ocr_par' dir='ltr' id='par_1_75' title="bbox 146 4929 3341 5012">
     <span class='ocr_line' id='line_1_75' title="bbox 146 4929 3341 5012; baseline -0.005 -10"><span class='ocrx_word' id='word_1_686' title='bbox 146 4938 281 5002; x_wconf 64' lang='lat' dir='ltr'><strong>Pusio,</strong></span> <span class='ocrx_word' id='word_1_687' title='bbox 309 4951 519 5012; x_wconf 90' lang='lat' dir='ltr'><strong>propter</strong></span> <span class='ocrx_word' id='word_1_688' title='bbox 551 4938 875 5010; x_wconf 89' lang='lat' dir='ltr'><strong>repentinos</strong></span> <span class='ocrx_word' id='word_1_689' title='bbox 914 4936 1035 4991; x_wconf 88' lang='lat' dir='ltr'><strong>illos</strong></span> <span class='ocrx_word' id='word_1_690' title='bbox 1087 4935 1345 5005; x_wconf 89' lang='lat' dir='ltr'><strong>impetus,</strong></span> <span class='ocrx_word' id='word_1_691' title='bbox 1395 4933 1489 5002; x_wconf 92' lang='lat' dir='ltr'><strong>qui</strong></span> <span class='ocrx_word' id='word_1_692' title='bbox 1519 4933 1700 4986; x_wconf 90' lang='lat' dir='ltr'><strong>varias</strong></span> <span class='ocrx_word' id='word_1_693' title='bbox 1739 4931 1794 4985; x_wconf 89' lang='lat' dir='ltr'><strong>in</strong></span> <span class='ocrx_word' id='word_1_694' title='bbox 1849 4929 2172 5000; x_wconf 89' lang='lat' dir='ltr'><strong>cupiditates</strong></span> <span class='ocrx_word' id='word_1_695' title='bbox 2222 4930 2554 5000; x_wconf 86' lang='lat' dir='ltr'><strong>praecipitem</strong></span> <span class='ocrx_word' id='word_1_696' title='bbox 2601 4945 2725 4986; x_wconf 91' lang='lat' dir='ltr'><strong>eum</strong></span> <span class='ocrx_word' id='word_1_697' title='bbox 2773 4931 3009 5000; x_wconf 89' lang='lat' dir='ltr'><strong>rapiunt.</strong></span> <span class='ocrx_word' id='word_1_698' title='bbox 3045 4929 3114 4985; x_wconf 85' lang='lat' dir='ltr'><strong>At</strong></span> <span class='ocrx_word' id='word_1_699' title='bbox 3161 4945 3341 4986; x_wconf 84' lang='lat' dir='ltr'><strong>extre-</strong></span> 
     </span>
    </p>
   </div>
   <div class='ocr_carea' id='block_1_76' title="bbox 143 5021 3338 5100">
    <p class='ocr_par' dir='ltr' id='par_1_76' title="bbox 143 5021 3338 5100">
     <span class='ocr_line' id='line_1_76' title="bbox 143 5021 3338 5100; baseline -0.002 -18"><span class='ocrx_word' id='word_1_700' title='bbox 143 5039 255 5082; x_wconf 79' lang='lat' dir='ltr'><strong>mum</strong></span> <span class='ocrx_word' id='word_1_701' title='bbox 318 5033 476 5088; x_wconf 83' lang='lat' dir='ltr'><strong>totius</strong></span> <span class='ocrx_word' id='word_1_702' title='bbox 551 5029 868 5100; x_wconf 80' lang='lat' dir='ltr'><strong>symbolum</strong></span> <span class='ocrx_word' id='word_1_703' title='bbox 937 5026 1175 5081; x_wconf 88' lang='lat' dir='ltr'><strong>universi</strong></span> <span class='ocrx_word' id='word_1_704' title='bbox 1221 5023 1381 5094; x_wconf 78' lang='lat'><strong>115</strong></span> <span class='ocrx_word' id='word_1_705' title='bbox 1439 5021 1588 5078; x_wconf 89' lang='lat' dir='ltr'><strong>Pana</strong></span> <span class='ocrx_word' id='word_1_706' title='bbox 1639 5031 1898 5086; x_wconf 89' lang='lat' dir='ltr'><strong>statuere,</strong></span> <span class='ocrx_word' id='word_1_707' title='bbox 1952 5021 2042 5077; x_wconf 91' lang='lat' dir='ltr'><strong>cui</strong></span> <span class='ocrx_word' id='word_1_708' title='bbox 2108 5022 2370 5075; x_wconf 87' lang='lat' dir='ltr'><strong>attributa</strong></span> <span class='ocrx_word' id='word_1_709' title='bbox 2418 5037 2627 5076; x_wconf 92' lang='lat' dir='ltr'><strong>cornua</strong></span> <span class='ocrx_word' id='word_1_710' title='bbox 2679 5022 2848 5077; x_wconf 91' lang='lat' dir='ltr'><strong>solem</strong></span> <span class='ocrx_word' id='word_1_711' title='bbox 2893 5030 3056 5090; x_wconf 89' lang='lat' dir='ltr'><strong>atque</strong></span> <span class='ocrx_word' id='word_1_712' title='bbox 3126 5022 3338 5086; x_wconf 86' lang='lat' dir='ltr'><strong>lunam,</strong></span> 
     </span>
    </p>
   </div>
   <div class='ocr_carea' id='block_1_77' title="bbox 151 5115 3340 5198">
    <p class='ocr_par' dir='ltr' id='par_1_77' title="bbox 151 5115 3340 5198">
     <span class='ocr_line' id='line_1_77' title="bbox 151 5115 3340 5198; baseline -0 -26"><span class='ocrx_word' id='word_1_713' title='bbox 151 5120 315 5180; x_wconf 82' lang='lat' dir='ltr'><strong>hinnuli</strong></span> <span class='ocrx_word' id='word_1_714' title='bbox 359 5144 485 5184; x_wconf 88' lang='lat' dir='ltr'><strong>vero</strong></span> <span class='ocrx_word' id='word_1_715' title='bbox 524 5127 694 5198; x_wconf 87' lang='lat' dir='ltr'><strong>pellis</strong></span> <span class='ocrx_word' id='word_1_716' title='bbox 739 5132 836 5180; x_wconf 90' lang='lat' dir='ltr'><strong>aut</strong></span> <span class='ocrx_word' id='word_1_717' title='bbox 900 5121 1203 5177; x_wconf 65' lang='lat' dir='ltr'><strong>caelestium</strong></span> <span class='ocrx_word' id='word_1_718' title='bbox 1253 5121 1516 5182; x_wconf 89' lang='lat' dir='ltr'><strong>siderum,</strong></span> <span class='ocrx_word' id='word_1_719' title='bbox 1563 5127 1658 5173; x_wconf 90' lang='lat' dir='ltr'><strong>aut</strong></span> <span class='ocrx_word' id='word_1_720' title='bbox 1720 5116 2090 5173; x_wconf 87' lang='lat' dir='ltr'><strong>universitatis</strong></span> <span class='ocrx_word' id='word_1_721' title='bbox 2138 5115 2302 5186; x_wconf 90' lang='lat' dir='ltr'><strong>hujus</strong></span> <span class='ocrx_word' id='word_1_722' title='bbox 2369 5116 2684 5172; x_wconf 89' lang='lat' dir='ltr'><strong>varietatem</strong></span> <span class='ocrx_word' id='word_1_723' title='bbox 2759 5122 3163 5186; x_wconf 69' lang='lat' dir='ltr'><strong>repraesentem.</strong></span> <span class='ocrx_word' id='word_1_724' title='bbox 3205 5134 3227 5168; x_wconf 77' lang='grc' dir='ltr'><strong>ι</strong></span> <span class='ocrx_word' id='word_1_725' title='bbox 3263 5116 3340 5172; x_wconf 84' lang='lat' dir='ltr'><strong>Ac</strong></span> 
     </span>
    </p>
   </div>
   <div class='ocr_carea' id='block_1_78' title="bbox 145 5208 1880 5283">
    <p class='ocr_par' dir='ltr' id='par_1_78' title="bbox 145 5208 1880 5283">
     <span class='ocr_line' id='line_1_78' title="bbox 145 5208 1880 5283; baseline -0.006 -12"><span class='ocrx_word' id='word_1_726' title='bbox 145 5208 192 5265; x_wconf 77' lang='lat' dir='ltr'><strong>de</strong></span> <span class='ocrx_word' id='word_1_727' title='bbox 211 5214 485 5273; x_wconf 65' lang='lat' dir='ltr'><strong>Graecarum</strong></span> <span class='ocrx_word' id='word_1_728' title='bbox 507 5217 823 5274; x_wconf 78' lang='lat' dir='ltr'><strong>fabularum</strong></span> <span class='ocrx_word' id='word_1_729' title='bbox 847 5213 1209 5283; x_wconf 81' lang='lat' dir='ltr'><strong>explicatione</strong></span> <span class='ocrx_word' id='word_1_730' title='bbox 1233 5212 1495 5266; x_wconf 86' lang='lat' dir='ltr'><strong>hactenus</strong></span> <span class='ocrx_word' id='word_1_731' title='bbox 1521 5208 1880 5280; x_wconf 85' lang='lat' dir='ltr'><strong>Porphyrius.</strong></span> 
     </span>
    </p>
   </div>
   <div class='ocr_carea' id='block_1_79' title="bbox 191 5297 1714 5380">
    <p class='ocr_par' dir='ltr' id='par_1_79' title="bbox 191 5302 1666 5380">
     <span class='ocr_line' id='line_1_79' title="bbox 191 5302 1666 5380; baseline -0.002 -21"><span class='ocrx_word' id='word_1_732' title='bbox 191 5307 256 5362; x_wconf 83' lang='grc' dir='ltr'><strong>Τὰ</strong></span> <span class='ocrx_word' id='word_1_733' title='bbox 281 5311 330 5363; x_wconf 83' lang='grc' dir='ltr'><strong>δὲ</strong></span> <span class='ocrx_word' id='word_1_734' title='bbox 374 5313 478 5365; x_wconf 85' lang='grc' dir='ltr'>τῶν</span> <span class='ocrx_word' id='word_1_735' title='bbox 517 5309 840 5380; x_wconf 62' lang='grc' dir='ltr'>Αἰγυπτίων</span> <span class='ocrx_word' id='word_1_736' title='bbox 868 5308 1029 5362; x_wconf 77' lang='grc' dir='ltr'>πάλιν</span> <span class='ocrx_word' id='word_1_737' title='bbox 1062 5303 1288 5360; x_wconf 80' lang='grc' dir='ltr'>τοιαῦτά</span> <span class='ocrx_word' id='word_1_738' title='bbox 1315 5320 1479 5375; x_wconf 83' lang='grc' dir='ltr'>φησιν</span> <span class='ocrx_word' id='word_1_739' title='bbox 1522 5302 1666 5374; x_wconf 74' lang='grc' dir='ltr'>ἔχειν</span> 
     </span>
    </p>
   </div>
   <div class='ocr_carea' id='block_1_80' title="bbox 1815 5297 3338 5380">
    <p class='ocr_par' dir='ltr' id='par_1_80' title="bbox 1843 5297 3338 5374">
     <span class='ocr_line' id='line_1_80' title="bbox 1843 5297 3338 5374; baseline -0.002 -17"><span class='ocrx_word' id='word_1_740' title='bbox 1843 5301 1964 5357; x_wconf 83' lang='lat' dir='ltr'><strong>Jam</strong></span> <span class='ocrx_word' id='word_1_741' title='bbox 2011 5317 2142 5356; x_wconf 88' lang='lat' dir='ltr'><strong>vero</strong></span> <span class='ocrx_word' id='word_1_742' title='bbox 2183 5300 2554 5374; x_wconf 65' lang='lat' dir='ltr'><strong>Egyptiorum</strong></span> <span class='ocrx_word' id='word_1_743' title='bbox 2604 5297 2929 5365; x_wconf 77' lang='lat' dir='ltr'><strong>theologiam</strong></span> <span class='ocrx_word' id='word_1_744' title='bbox 2984 5299 3338 5367; x_wconf 86' lang='lat' dir='ltr'><strong>sequentibus</strong></span> 
     </span>
    </p>
   </div>
   <div class='ocr_carea' id='block_1_81' title="bbox 144 5390 1667 5476">
    <p class='ocr_par' dir='ltr' id='par_1_81' title="bbox 144 5394 1664 5476">
     <span class='ocr_line' id='line_1_81' title="bbox 144 5394 1664 5476; baseline -0.005 -22"><span class='ocrx_word' id='word_1_745' title='bbox 144 5396 353 5468; x_wconf 73' lang='grc' dir='ltr'><strong>σύμϐολα.</strong></span> <span class='ocrx_word' id='word_1_746' title='bbox 385 5405 485 5458; x_wconf 82' lang='grc' dir='ltr'><strong>Τὸν</strong></span> <span class='ocrx_word' id='word_1_747' title='bbox 522 5401 879 5476; x_wconf 79' lang='grc' dir='ltr'>δημιουργὸν,</span> <span class='ocrx_word' id='word_1_748' title='bbox 897 5399 955 5454; x_wconf 82' lang='grc' dir='ltr'><strong>ὃν</strong></span> <span class='ocrx_word' id='word_1_749' title='bbox 976 5400 1134 5469; x_wconf 79' lang='grc' dir='ltr'><strong>Κνὴφ</strong></span> <span class='ocrx_word' id='word_1_750' title='bbox 1166 5397 1275 5471; x_wconf 75' lang='grc'><strong>(94)</strong></span> <span class='ocrx_word' id='word_1_751' title='bbox 1310 5399 1358 5450; x_wconf 77' lang='lat' dir='ltr'><strong>oi</strong></span> <span class='ocrx_word' id='word_1_752' title='bbox 1379 5394 1664 5465; x_wconf 82' lang='grc' dir='ltr'>Αἰγύπτιοι</span> 
     </span>
    </p>
   </div>
   <div class='ocr_carea' id='block_1_82' title="bbox 1812 5390 3335 5476">
    <p class='ocr_par' dir='ltr' id='par_1_82' title="bbox 1812 5390 3335 5450">
     <span class='ocr_line' id='line_1_82' title="bbox 1812 5390 3335 5450; baseline -0.001 0"><span class='ocrx_word' id='word_1_753' title='bbox 1812 5395 1916 5450; x_wconf 90' lang='lat' dir='ltr'><strong>otis</strong></span> <span class='ocrx_word' id='word_1_754' title='bbox 1962 5394 2340 5450; x_wconf 84' lang='lat' dir='ltr'><strong>adumbratam</strong></span> <span class='ocrx_word' id='word_1_755' title='bbox 2384 5408 2506 5449; x_wconf 90' lang='lat' dir='ltr'><strong>esse</strong></span> <span class='ocrx_word' id='word_1_756' title='bbox 2561 5392 2743 5447; x_wconf 89' lang='lat' dir='ltr'><strong>tradit.</strong></span> <span class='ocrx_word' id='word_1_757' title='bbox 2797 5390 3131 5446; x_wconf 73' lang='lat' dir='ltr'><strong>Ellectricem</strong></span> <span class='ocrx_word' id='word_1_758' title='bbox 3187 5391 3335 5448; x_wconf 89' lang='lat' dir='ltr'><strong>illam</strong></span> 
     </span>
    </p>
   </div>
   <div class='ocr_carea' id='block_1_83' title="bbox 197 5539 575 5599">
    <p class='ocr_par' dir='ltr' id='par_1_83' title="bbox 197 5539 575 5599">
     <span class='ocr_line' id='line_1_83' title="bbox 197 5539 575 5599; baseline 0.021 -8"><span class='ocrx_word' id='word_1_759' title='bbox 197 5547 217 5575; x_wconf 75' lang='grc' dir='ltr'><strong>ι</strong></span> <span class='ocrx_word' id='word_1_760' title='bbox 249 5539 323 5593; x_wconf 77' lang='grc' dir='ltr'><strong>ιον.</strong></span> <span class='ocrx_word' id='word_1_761' title='bbox 349 5541 467 5597; x_wconf 75' lang='grc' dir='ltr'><strong>ἐπεὶ</strong></span> <span class='ocrx_word' id='word_1_762' title='bbox 494 5540 575 5599; x_wconf 67' lang='grc' dir='ltr'><strong>δέ.</strong></span> 
     </span>
    </p>
   </div>
   <div class='ocr_carea' id='block_1_84' title="bbox 197 5647 3336 5738">
    <p class='ocr_par' dir='ltr' id='par_1_84' title="bbox 197 5647 3336 5738">
     <span class='ocr_line' id='line_1_84' title="bbox 197 5647 3336 5738; baseline -0.002 -27"><span class='ocrx_word' id='word_1_763' title='bbox 197 5651 287 5738; x_wconf 64' lang='lat' dir='ltr'><strong>(ill)</strong></span> <span class='ocrx_word' id='word_1_764' title='bbox 323 5655 507 5738; x_wconf 52' lang='lat' dir='ltr'><strong>[ff-ﬁgi,</strong></span> <span class='ocrx_word' id='word_1_765' title='bbox 549 5654 672 5710; x_wconf 77' lang='lat' dir='ltr'><strong>Non</strong></span> <span class='ocrx_word' id='word_1_766' title='bbox 707 5655 905 5730; x_wconf 59' lang='lat' dir='ltr'><strong>Enen.</strong></span> <span class='ocrx_word' id='word_1_767' title='bbox 946 5663 1238 5738; x_wconf 37' lang='lat' dir='ltr'><strong>_ut’ut.est</strong></span> <span class='ocrx_word' id='word_1_768' title='bbox 1296 5653 1438 5724; x_wconf 90' lang='lat' dir='ltr'><strong>apud</strong></span> <span class='ocrx_word' id='word_1_769' title='bbox 1473 5652 1746 5738; x_wconf 70' lang='lat' dir='ltr'><strong>Pierium.</strong></span> <span class='ocrx_word' id='word_1_770' title='bbox 1781 5655 1971 5712; x_wconf 75' lang='lat' dir='ltr'><strong>Amnis</strong></span> <span class='ocrx_word' id='word_1_771' title='bbox 2020 5651 2262 5728; x_wconf 22' lang='lat' dir='ltr'><strong>Hebraea,</strong></span> <span class='ocrx_word' id='word_1_772' title='bbox 2295 5667 2399 5709; x_wconf 91' lang='lat' dir='ltr'><strong>vox</strong></span> <span class='ocrx_word' id='word_1_773' title='bbox 2429 5661 2549 5738; x_wconf 56' lang='grc' dir='ltr'><strong>τι),</strong></span> <span class='ocrx_word' id='word_1_774' title='bbox 2585 5649 2636 5706; x_wconf 93' lang='lat' dir='ltr'><strong>id</strong></span> <span class='ocrx_word' id='word_1_775' title='bbox 2703 5659 2785 5705; x_wconf 89' lang='lat' dir='ltr'><strong>est</strong></span> <span class='ocrx_word' id='word_1_776' title='bbox 2813 5647 2936 5714; x_wconf 81' lang='lat' dir='ltr'><strong>ala;</strong></span> <span class='ocrx_word' id='word_1_777' title='bbox 2984 5662 3097 5716; x_wconf 70' lang='lat' dir='ltr'><strong>qua</strong></span> <span class='ocrx_word' id='word_1_778' title='bbox 3138 5653 3336 5718; x_wconf 62' lang='lat' dir='ltr'><strong>praeci-</strong></span> 
     </span>
    </p>
   </div>
   <div class='ocr_carea' id='block_1_85' title="bbox 151 5725 1616 5801">
    <p class='ocr_par' dir='ltr' id='par_1_85' title="bbox 151 5725 1616 5801">
     <span class='ocr_line' id='line_1_85' title="bbox 151 5725 1616 5801; baseline -0.005 -12"><span class='ocrx_word' id='word_1_779' title='bbox 151 5732 274 5788; x_wconf 78' lang='lat' dir='ltr'><strong>Puum</strong></span> <span class='ocrx_word' id='word_1_780' title='bbox 293 5741 322 5782; x_wconf 89' lang='lat' dir='ltr'><strong>a</strong></span> <span class='ocrx_word' id='word_1_781' title='bbox 348 5725 652 5801; x_wconf 74' lang='lat' dir='ltr'><strong>Porphyrto</strong></span> <span class='ocrx_word' id='word_1_782' title='bbox 681 5725 920 5784; x_wconf 79' lang='lat' dir='ltr'><strong>numinis</strong></span> <span class='ocrx_word' id='word_1_783' title='bbox 946 5727 1108 5798; x_wconf 89' lang='lat' dir='ltr'><strong>hujus</strong></span> <span class='ocrx_word' id='word_1_784' title='bbox 1133 5727 1348 5798; x_wconf 83' lang='lat' dir='ltr'><strong>insigne</strong></span> <span class='ocrx_word' id='word_1_785' title='bbox 1378 5725 1616 5798; x_wconf 87' lang='lat' dir='ltr'><strong>ponitur.</strong></span> 
     </span>
    </p>
   </div>
  </div>
