3858 6224
484 222 592 282 ἑοῖ

1143 227 1412 285 EUSEBII
1449 227 1924 285 CKESARIENSIS
1961 225 2111 283 OPP.
2149 226 2334 282 PARS
2374 227 2432 281 ll.
2475 256 2547 268 --
2584 226 3085 284 APOLOGETICA.

3633 230 3744 287 208

478 351 768 415 rationem,
801 363 923 417 qua:
953 349 1022 404 ab
1061 350 1194 419 ipsis
1249 349 1433 418 Cneph
1468 348 1727 418 appellari
1769 348 1924 413 solet,
1956 347 2045 400 hu-

2155 345 2680 419 προσαγορεύουσιν,
2737 348 3127 420 ἀνθρωποειδῆ,
3172 348 3271 420 τὴν
3319 349 3377 403 δὲ
3426 351 3615 423 χροιὰν
3673 357 3742 408 ἐκ

479 451 645 495 mana
693 441 875 508 specie
926 443 1290 510 configurant,
1331 440 1511 495 colore
1549 439 1820 504 caeruleo,
1877 452 2051 507 eoque

479 532 806 602 nigricante,
835 532 1112 602 cingulum
1144 547 1208 588 ac
1242 542 1512 602 sceptrum
1548 547 1713 586 manu
1751 540 2046 586 tenentem.

482 621 622 678 Huic
665 624 721 678 in
773 623 948 693 capite
989 623 1173 693 regius
1222 637 1288 677 ex
1338 639 1513 692 penna
1561 623 1889 693 galericulus
1935 626 2047 690 est',

486 715 632 785 quod
666 713 936 783 ejusmodi
964 712 1108 766 ratio
1132 711 1316 766 abdita
1349 711 1460 767 fere
1490 713 1836 782 obscuraque
1861 713 2049 779 lateat,

481 821 808 874 summoque
863 803 1096 858 inveniri
1141 803 1330 858 labore
1373 803 1466 857 vix
1508 805 1703 873 possit,
1750 803 2051 874 eademque

481 899 606 954 vitae
636 897 760 952 fons
788 912 853 952 ac
881 896 1067 966 regina
1096 911 1222 950 cum
1251 896 1342 963 sit,
1378 905 1494 951 tum
1536 912 1668 952 vero
1710 897 2047 968 intelligente

479 991 715 1062 quodam
747 1004 812 1045 ac
854 988 1089 1060 spiritali
1128 996 1284 1044 motu
1328 989 1560 1056 cieatur,
1605 1005 1769 1060 quem
1813 990 2050 1045 maxime

479 1095 659 1151 penna
690 1079 782 1135 illa
807 1079 862 1134 in
897 1079 1076 1148 capite
1112 1078 1219 1134 sita
1247 1077 1471 1135 referat.
1508 1079 1665 1136 Hunc
1696 1095 1860 1151 porro
1887 1081 2046 1136 deum

473 1188 542 1228 ex
581 1187 676 1226 ore
727 1185 891 1227 ovum
930 1170 1187 1226 effudisse
1233 1179 1480 1238 narrant,
1533 1187 1597 1227 ex
1654 1187 1826 1242 eoque
1870 1183 2048 1228 satum

475 1264 644 1318 alium
693 1277 817 1318 esse
861 1263 1054 1328 Deum,
1089 1262 1184 1331 qui
1234 1262 1304 1317 ab
1353 1263 1423 1318 iis
1465 1262 1662 1330 Phtha,
1707 1263 1984 1320 Vulcanus
2016 1279 2049 1318 a

479 1355 684 1410 Griecis
717 1355 1050 1410 nominetur.
1083 1351 1258 1409 Ovum
1287 1363 1468 1410 autem
1501 1355 1634 1409 illud
1667 1356 1934 1410 mundum
1965 1357 2050 1410 in-

476 1453 881 1515 terpretantur,
935 1445 1093 1516 eique
1147 1446 1361 1500 numini
1417 1461 1572 1501 ovem
1615 1455 2047 1514 consecrarunt,

477 1537 624 1606 quod
656 1546 865 1592 veteres
891 1536 959 1592 ad
990 1545 1180 1607 potum
1208 1538 1348 1593 lacte
1379 1546 1682 1592 uterentur.
1713 1536 1892 1608 Ipsius
1917 1555 2048 1594 vero

476 1628 668 1684 mundi
716 1628 987 1698 ejusmodi
1039 1628 1249 1685 ﬁnxere
1308 1629 1686 1685 simulacrum.
1739 1628 2045 1686 Humanam

2154 437 2354 492 κυανοῦ
2409 439 2636 510 μέλανος
2678 440 2889 512 ἔχοντα,
2918 441 3225 512 κρατοῦντα
3256 441 3433 514 ζώνην
3476 445 3570 498 καὶ
3603 448 3741 518 σκῆ-

2156 547 2356 601 πτρονο
2389 532 2482 584 ἐπὶ
2523 532 2579 585 δὲ
2614 532 2716 602 τῆς
2763 533 3005 604 κεφαλῆς
3043 533 3240 604 πτερὸν
3274 534 3539 604 βασίλειον
3574 555 3739 610 περι-

2153 621 2426 692 κείμενον,
2449 622 2530 675 ὄτι
2562 621 2718 690 λόγος
2736 623 3056 696 δυσεύρετος
3083 624 3178 676 καὶ
3211 625 3612 695 κεκρυμμένος,
3641 631 3744 681 καὶ

2152 715 2211 766 ού
2260 715 2443 783 φανὸς,
2493 715 2588 768 καὶ
2627 717 2708 769 ὅτι
2751 715 3032 782 ζωοποιὸς,
3081 718 3176 770 καὶ
3211 718 3293 770 ὅτι
3333 718 3603 788 βασιλεὺς,
3643 723 3746 776 καὶ

2150 807 2231 860 ὅτι
2263 807 2464 878 νοερῶς
2507 811 2770 862 κινεῖται·
2808 808 2889 862 διὸ
2935 810 2971 880 ὴ
3014 808 3107 862 τοῦ
3158 810 3359 882 πτεροῦ
3393 813 3553 880 φύσις
3584 817 3640 868 ὲν
3668 819 3741 886 τῇ

2152 897 2356 969 κεφαλῇ
2395 901 2590 952 κεῖται.
2636 900 2739 953 Τὸν
2764 899 2820 954 δὲ
2855 900 2974 953 Θεὸν
3004 900 3192 954 τοῦτον
3247 904 3312 956 ἐκ
3343 905 3437 956 τοῦ
3473 906 3745 977 στόματος

2150 989 2438 1060 προΐεσθαί
2472 1007 2635 1058 φασιν
2661 989 2787 1054 ὠὸν,
2824 990 2884 1055 ἐξ
2919 985 2979 1044 οὗ
3015 992 3303 1059 γεννᾶσθαι
3335 992 3476 1054 θεὸν,
3499 996 3557 1048 ὅν
3581 996 3744 1048 αὐτοὶ

2149 1080 2614 1151 προσαγορεύουσι
2647 1080 2762 1133 Φθᾶ
2785 1080 2978 1151 (95),οἱ
3010 1081 3066 1134 δὲ
3101 1082 3364 1154 Ἕλληνες
3408 1085 3738 1153 ’Ἥφαιστον-

2149 1170 2470 1242 ὲρμηνεύειν
2501 1171 2559 1224 δὲ
2591 1171 2651 1224 τὸ
2675 1171 2780 1224 ὠὸν
2817 1171 2906 1225 τὸν
2945 1173 3171 1244 κόσμον.
3221 1175 3548 1245 Ἀφιέρωται
3571 1175 3626 1229 δὲ
3654 1175 3742 1246 τῷ

2149 1259 2256 1330 θεῷ
2287 1260 2459 1330 τούτῳ
2498 1259 2790 1332 πρόϐατον,
2816 1261 2904 1314 διὰ
2930 1262 2991 1315 τὸ
3022 1265 3148 1327 τοὺς
3179 1264 3442 1326 παλαιοὺς
3465 1264 3740 1332 γαλακτο-

2148 1352 2351 1402 ποτεῖν.
2383 1351 2556 1403 Αὐτοῦ
2585 1351 2642 1403 δὲ
2669 1351 2761 1404 τοῦ
2797 1351 3002 1422 κόσμου
3030 1353 3092 1405 τὸ
3119 1355 3357 1408 δείκελον
3379 1355 3580 1408 τοιόνδε
3612 1357 3745 1409 ἀνέ-

2149 1444 2380 1497 πλασαν.
2435 1443 2856 1516 Ἀνθρωποειδές
2891 1446 3038 1498 ἐστιν
3067 1445 3309 1516 ἄγαλμα,
3344 1449 3469 1511 τοὺς
3507 1448 3605 1518 μὲν
3637 1449 3744 1502 πό-

2146 1534 2241 1598 δας
2297 1535 2742 1607 συμϐεϐληκότας
2802 1537 2943 1608 ἔχον,
2989 1538 3193 1592 ἄνωθεν
3238 1539 3293 1592 δὲ
3353 1539 3515 1612 μέχρι
3557 1541 3743 1594 ποδῶν

2148 1629 2388 1683 ποικίλον
2411 1630 2622 1701 ἱματίου
2641 1629 3100 1701 περιϐεϐλημένον
3121 1647 3134 1660 ·
3166 1632 3260 1684 ἐπὶ⁹
3289 1631 3344 1684 δὲ
3372 1633 3469 1702 τῆς
3493 1633 3743 1703 κεφαλῆς

476 1721 726 1776 similiter
761 1723 818 1776 in
870 1723 1108 1792 speciem
1143 1720 1544 1777 conformatum
1581 1733 1684 1786 est,
1719 1723 2045 1792 conjunctos

2151 1724 2383 1793 σφαῖραν
2403 1721 2515 1793 ἔχει
2540 1723 2767 1794 χρυσῆν,
2803 1722 2890 1776 διὰ
2923 1722 2983 1775 τὸ
3015 1722 3090 1793 μὴ
3123 1723 3488 1794 μεταϐαίνειν,
3522 1725 3616 1777 καὶ
3644 1724 3742 1777 διὰ

477 1811 621 1866 inter
651 1828 710 1868 se
741 1814 1181 1884 commissosque
1208 1813 1372 1883 pedes
1405 1814 1585 1876 habet,
1626 1823 1830 1868 vestem
1862 1815 2047 1869 multi-

475 1901 604 1974 plici
635 1903 819 1958 colore
846 1911 1076 1970 textam,
1113 1912 1167 1958 et
1199 1904 1266 1958 ab
1293 1903 1539 1958 humeris
1567 1903 1826 1959 deorsum
1856 1905 1920 1959 ad
1954 1919 2047 1974 pe-

477 1995 574 2051 des
623 2011 800 2066 usque
853 1997 1184 2066 promissam
1233 2006 1429 2068 gestat,
1491 2012 1821 2066 summoque
1872 1998 2048 2066 capite

476 2088 746 2157 sphaeram
793 2105 1014 2144 auream
1056 2090 1330 2144 sustinet:
1378 2089 1575 2159 partim
1615 2091 1763 2160 quod
1807 2089 2047 2146 mundus

476 2180 661 2235 sedem
688 2195 968 2250 nunquam
997 2189 1186 2247 mutet,
1215 2182 1415 2250 partim
1449 2182 1593 2251 quod
1620 2182 1911 2238 rotundam
1944 2181 2048 2238 for-

477 2287 622 2326 mam
661 2287 771 2342 prae
803 2288 861 2328 se
887 2273 1045 2337 ferat,
1081 2273 1280 2342 partim
1316 2274 1481 2328 etiam
1516 2282 1576 2329 ut
1614 2274 1823 2329 variam
1869 2283 2048 2330 astro-

474 2377 598 2418 rum
628 2373 879 2419 naturam
917 2365 1326 2419 adumbrat-ent.
1362 2365 1524 2420 Iidem
1556 2366 1848 2436 aliquando
1873 2366 2045 2421 solem

473 2455 720 2512 hominis
769 2455 1058 2526 cujusdam
1093 2455 1371 2527 navigium
1413 2458 1688 2513 crocodilo
1725 2457 2046 2528 impositum

474 2548 899 2604 conscendentis
930 2547 1180 2620 symbolo
1211 2559 1638 2618 reprmsentant:
1673 2565 1739 2605 ac
1765 2549 2046 2619 navigium

471 2640 725 2710 quidem,
774 2639 1087 2695 institutum
1136 2639 1192 2693 in
1244 2639 1492 2695 humida!
1522 2641 1781 2710 mollique
1825 2642 2046 2712 regione

471 2740 683 2788 motum
728 2733 1029 2804 signiﬁcat;
1049 2732 1360 2790 crocodilus
1393 2749 1543 2800 vero,
1571 2749 1768 2805 aquam
1799 2734 1949 2789 illam
1975 2735 2044 2790 ad

470 2824 771 2880 bibendum
805 2823 1041 2892 facilem,
1088 2839 1186 2895 per
1229 2841 1395 2896 quam
1435 2826 1519 2880 sol
1569 2825 1820 2880 feratur:
1860 2826 2045 2895 itaque

468 2932 570 2989 per
611 2917 896 2973 humidum
935 2933 1000 2973 ac
1047 2934 1272 2974 suavem
1322 2933 1502 2973 aerem
1547 2919 1682 2975 solis
1721 2919 2040 2974 conversio-

2146 1812 2246 1883 τὴν
2270 1811 2378 1866 τῶν
2407 1813 2622 1884 ἄστρων
2673 1814 2923 1886 ποικίλην
2974 1813 3134 1882 φύσιν
3166 1814 3297 1884 (96),
3333 1816 3428 1869 καὶ
3457 1817 3539 1870 ὅτι
3567 1833 3742 1885 σφαι-

2152 1901 2358 1974 ροειδὴς
2387 1905 2415 1956 6
2447 1903 2672 1974 κόσμος.
2703 1905 2889 1958 Ἥλιον
2908 1905 2961 1957 δὲ
2986 1903 3094 1974 (97)
3119 1905 3443 1975 σημαίνουσι
3469 1907 3598 1959 ποτὲ
3633 1906 3743 1977 μὲν

2147 1994 2214 2046 δι’
2247 1995 2537 2066 ἀνθρώπου
2576 1996 2966 2068 ὲπιϐεϐηκότος
3017 1996 3344 2060 πλοίου,ὲπὶ
3390 2000 3739 2068 κροκοδείλου

2148 2087 2421 2158 κειμένου.
2457 2089 2618 2160 Δηλοῖ
2655 2088 2714 2142 δὲ
2747 2089 2806 2142 τὸ
2843 2088 2942 2160 μὲν
2972 2090 3154 2142 πλοῖον
3175 2090 3274 2162 τὴν
3309 2092 3366 2142 ἐν
3391 2091 3541 2162 ὑγρῷ
3574 2092 3738 2163 κίνη-

2149 2195 2232 2232 σιν
2253 2195 2268 2210 ’
2295 2181 2324 2232 6
2355 2178 2412 2233 δὲ
2481 2179 2819 2252 κροκόδειλος
2861 2181 3090 2252 πότιμον
3125 2180 3289 2253 ὕδωρ,
3339 2184 3396 2235 ἐν
3435 2175 3480 2250 ᾧ
3509 2183 3743 2255 φέρεται

2146 2270 2363 2340 ὁῆλιος.
2409 2271 2764 2343 Ἐσημαίνετο
2805 2272 2984 2326 τοίνυν
3033 2275 3061 2326 6
3086 2272 3236 2344 ἥλιος
3261 2273 3327 2326 δι’
3370 2274 3530 2346 ἀέρος
3563 2275 3740 2346 ὑγροῦ

2147 2362 2242 2416 καὶ
2275 2361 2504 2432 γλυκέος
2539 2362 2635 2432 τὴν
2685 2363 3042 2436 περιπόλησιν
3090 2363 3378 2419 ποιεῖσθαι.
3421 2366 3530 2436 Τῆς
3562 2365 3620 2419 δὲ
3638 2367 3740 2419 ού-

2149 2453 2338 2527 ρανίας
2365 2454 2468 2524 γῆς
2501 2455 2596 2507 καὶ
2625 2454 2726 2524 τῆς
2757 2455 2973 2525 χθονίας
2996 2455 3096 2526 τὴν
3124 2456 3351 2527 δύναμιν
3391 2452 3532 2511 Ἶσιν
3565 2475 3742 2529 προσ-

2147 2549 2297 2600 εῖπον
2336 2545 2424 2600 διὰ
2472 2546 2571 2619 τὴν
2611 2547 2850 2618 ἰσότητα,
2880 2549 2973 2618 ἀφ’
3023 2543 3090 2619 ἧς
3120 2549 3182 2602 τὸ
3206 2549 3437 2604 δίκαιον’
3475 2552 3740 2622 οὐρανίαν

2145 2639 2202 2692 δὲ
2233 2639 2330 2710 τὴν
2388 2639 2646 2711 σελήνην,
2683 2639 2895 2710 χθονίαν
2943 2640 2998 2693 δὲ
3026 2641 3122 2695 καὶ
3147 2641 3250 2712 γῆν
3272 2643 3639 2714 καρποφόρον,
3674 2645 3738 2697 ἐν

2145 2726 2180 2806 ᾗ
2212 2729 2592 2802 κατοικοῦμεν,
2624 2731 2861 2800 λέγουσι.
2887 2731 2961 2784 Τὸ
2989 2732 3043 2785 δὲ
3067 2733 3197 2785 αὐτὸ
3220 2733 3439 2787 δύναται
3465 2734 3735 2807 Δημήτηρ

2147 2825 2277 2894 παρ’
2310 2823 2556 2893 Ἕλλησι,
2596 2825 2690 2876 καὶ
2736 2820 2877 2889 Ἶσις
2910 2827 3040 2896 παρ’
3060 2825 3396 2891 Αἰγυπτίοις.
3428 2824 3539 2879 Καὶ
3569 2825 3734 2878 πάλιν

2144 2915 2295 2988 Κόρη
2327 2917 2457 2986 παρ’
2488 2915 2825 2988 Ἕλλησικαὶ
2893 2916 3121 2981 ιόνυσος,
3155 2917 3250 2970 καὶ
3279 2913 3418 2982 Ἶσις
3451 2919 3545 2972 καὶ
3579 2921 3736 2971 Ὄσι-

472 3019 601 3060 nem
632 3005 749 3060 fieri
787 3006 1067 3062 declarare
1093 3008 1408 3065 voluerunt.
1437 3007 1672 3064 Telluris
1703 3017 1886 3063 autem
1915 3023 2040 3063 cum

2150 3023 2236 3080 ρις
2303 3007 2434 3078 παρ’
2476 3007 2814 3075 Αἰγυπτίοις.
2869 3006 3016 3078 Αὕτη
3057 3005 3114 3060 δὲ
3171 3008 3444 3080 τρέφουσα
3481 3009 3577 3062 κοιλ⁸
3636 3011 3725 3063 αἱ·

475 3097 734 3164 cmlestis,
787 3105 907 3152 tum
955 3098 1119 3152 etiam
1155 3107 1384 3153 terrenae
1425 3099 1556 3164 vim,
1597 3097 1706 3154 Isin
1751 3113 2040 3168 nuncupa-

468 3195 627 3250 .runt,
663 3186 826 3255 idque
870 3194 1090 3256 propter
1152 3188 1395 3258 ἰσότητα,
1425 3187 1529 3242 Ιιυο
1559 3196 1644 3244 est
1678 3189 2042 3258 aequalitatem

469 3276 746 3346 multatis
783 3277 964 3332 omnis
1006 3291 1071 3331 ac
1105 3277 1330 3347 justitiae
1375 3275 1598 3332 fontem.
1644 3278 1724 3332 Ac
1764 3279 2041 3334 cmlestem

473 3371 694 3440 quidem
730 3370 835 3440 ipsi
867 3370 1085 3438 lunam,
1117 3378 1428 3425 terrestrem
1465 3387 1615 3438 vero,
1644 3379 1845 3427 terram
1877 3373 2040 3439 hanc,

467 3462 533 3517 in
563 3478 670 3532 qua
699 3461 971 3533 degimus,
1008 3460 1339 3533 frugumque
1363 3472 1643 3532 parentem
1677 3479 1801 3520 esse
1828 3465 2039 3521 volunt.

468 3553 740 3609 Caeterum
781 3553 1160 3626 Egyptiorum
1191 3553 1292 3610 Isis
1325 3571 1388 3610 ea
1429 3555 1546 3625 ipsa
1588 3565 1692 3622 est,
1732 3572 1895 3627 quam
1935 3557 2044 3613 Ce-

469 3661 651 3702 rerem
683 3646 858 3702 Graeci
900 3657 1118 3712 vocant,
1149 3647 1610 3718 quemadmodum
1645 3649 1737 3718 qui
1769 3665 1799 3703 a
1838 3648 2041 3705 Graecis

471 3737 798 3809 Proserpina
848 3737 1206 3808 Bacchusque
1251 3739 1643 3801 nominantur,
1693 3739 1857 3794 iidem
1897 3741 2042 3811 apud

473 3829 760 3902 Egyptios
793 3831 893 3886 Isis
941 3840 996 3885 et
1022 3831 1194 3886 Osiris
1238 3831 1501 3898 appellari
1533 3831 1729 3886 solent.
1775 3830 1946 3886 Porro
1979 3840 2041 3886 ut

472 3924 663 3978 eadem
695 3921 798 3976 lsis
821 3936 930 3974 non
961 3921 1125 3976 modo
1152 3921 1421 3976 fructibus
1450 3922 1537 3987 iis,
1575 3936 1714 3990 quos
1754 3936 1856 3976 suo
1895 3932 2039 3978 terra

475 4012 598 4066 sinu
614 4013 1011 4081 complectitur,
1053 4013 1369 4068 alimentum
1386 4013 1709 4083 suppeditat,
1750 4015 1842 4069 sed
1868 4015 2038 4068 etiam

475 4102 633 4156 novis
689 4117 784 4157 eos
844 4103 1198 4158 incrementis
1267 4113 1464 4174 auget,
1515 4103 1596 4158 sic
1661 4102 1834 4160 Osiris
1896 4105 2042 4174 apud

476 4189 784 4262 Egyptios,
818 4194 927 4246 vim
955 4193 1022 4247 ad
1053 4192 1264 4248 fructus
1303 4193 1610 4248 educendos
1642 4202 1917 4264 potentem
1952 4210 2041 4249 re-

2151 3099 2320 3173 ροῦσα
2371 3111 2398 3140 α
2447 3099 2517 3154 τὰ
2567 3099 2663 3152 ἐπὶ
2713 3099 2819 3169 γῆς
2844 3116 2856 3129 ·
2884 3102 2912 3152 6
2947 3099 3004 3152 δὲ
3029 3101 3240 3171 Ὄσιρις
3262 3103 3390 3172 παρ’
3413 3101 3738 3168 Αἰγυπτίοις

2146 3193 2245 3265 τὴν
2277 3191 2556 3262 κάρπιμον
2595 3189 2890 3261 παρίστησι
2945 3189 3193 3260 δύναμιν,
3235 3191 3302 3261 ἢν
3340 3191 3556 3263 θρήνοις
3599 3193 3738 3245 ἀπο-

2149 3285 2514 3357 μειλίσσονται
2563 3286 2643 3346 είς
2689 3283 2792 3353 γῆν
2850 3282 3252 3352 ἀφανιζομένην
3292 3283 3350 3334 ὲν
3398 3282 3477 3352 τῷ
3519 3283 3734 3357 σπόρῳ,

2146 3377 2239 3431 καὶ
2288 3377 2377 3446 ὑφ’
2438 3375 2597 3446 ἡμῶν
2654 3374 3191 3445 καταναλισκομένην
3247 3376 3326 3438 είς
3370 3374 3471 3438 τὰς
3501 3376 3738 3446 τροφάς.

2147 3469 2498 3540 Λαμϐάνεται
2515 3468 2570 3521 δὲ
2593 3470 2688 3522 καὶ
2714 3469 2835 3522 ἀντὶ
2860 3469 2959 3537 τῆς
2987 3467 3261 3537 ποταμίας
3287 3465 3382 3520 τοῦ
3412 3467 3605 3520 Νείλου
3634 3468 3742 3520 δυ-

2148 3561 2363 3631 νάμεως
2386 3578 2400 3590 '
2432 3560 2545 3614 ἀλλ’
2568 3563 2696 3614 ὅταν
2727 3561 2823 3631 μὲν
2851 3559 2948 3630 τὴν
2977 3559 3195 3629 χθονίαν
3226 3559 3331 3630 γῆν
3364 3559 3740 3630 σημαίνωσιν,

2152 3654 2366 3724 Ὄσιρις
2383 3654 2418 3724 ἡ
2449 3653 2725 3724 κάρπιμος
2749 3651 3324 3723 λαμϐάνεταιδύναμις
3351 3669 3364 3682 ο
3396 3653 3522 3704 ὅταν
3552 3650 3611 3704 δὲ
3628 3652 3742 3724 τὴν

2146 3745 2427 3815 οὐρανίαν,
2463 3745 2674 3816 Ὄσιρίς
2719 3745 2867 3797 ἐστιν
2896 3746 2925 3797 6
2952 3743 3162 3806 Νεῖλος,
3193 3743 3252 3796 ὃν
3289 3743 3347 3810 eg
3369 3742 3597 3815 ούρανοῦ
3630 3761 3742 3798 κα-

2146 3835 2478 3908 ταφέρεσθαι
2500 3836 2722 3890 οἴονταιο
2753 3836 3010 3889 πενθοῦσι
3039 3837 3097 3890 δὲ
3129 3837 3221 3889 καὶ
3248 3835 3458 3899 τοῦτον,
3489 3836 3738 3906 ἀπομει-

2146 3927 2452 3999 λισσόμενοι
2481 3927 2580 3997 τὴν
2611 3926 2838 3998 δύναμιν
2860 3927 3130 3999 λήγουσαν
3159 3929 3253 3981 καὶ
3273 3928 3735 3999 ἀναλισκομένην.

2127 4018 2231 4072 ’Ἦ
2249 4017 2308 4071 δὲ
2330 4020 2388 4072 ὲν
2430 4021 2547 4082 τοῖς
2587 4018 2779 4088 μύθοις
2805 4020 3106 4092 μισγομένη
3141 4018 3218 4089 τῷ
3261 4019 3485 4090 Ὀσίριδι
3523 4014 3666 4081 Ἶσις
3697 4023 3736 4091 ἡ

2145 4110 2418 4178 Αἰγυπτία
2466 4111 2585 4162 ἐστὶ
2632 4109 2736 4180 γῆ·
2769 4110 2956 4182 διόπερ
3018 4110 3246 4173 ἰσοῦται,
3303 4111 3397 4162 καὶ
3446 4111 3586 4171 κυεῖ,
3633 4113 3739 4163 καὶ

2148 4204 2292 4254 ποιεί
2337 4202 2465 4264 τοὺς
2517 4203 2784 4272 καρποὺς,
2819 4201 2900 4255 διὸ
2941 4203 3080 4274 ἀνὴρ
3127 4203 3223 4274 τῆς
3259 4202 3455 4266 Ἴσιδος
3489 4202 3734 4274 Ὄσιρις,

473 4290 786 4351 praesentat,
826 4296 990 4350 quam
1037 4281 1139 4352 ipsi
1181 4280 1310 4335 fletu
1344 4281 1515 4337 lenire
1547 4282 1953 4360 quodammodo
1992 4292 2045 4339 et

2152 4288 2246 4340 καὶ
2272 4287 2520 4358 ἁδελφὸς,
2549 4289 2644 4342 καὶ
2665 4290 2779 4353 υίὸς
2808 4291 3188 4362 παραδέδοται.

477 4375 694 4444 placare
760 4385 1050 4443 conantur,
1117 4390 1246 4432 cum
1280 4389 1371 4439 ea,
1420 4377 1617 4445 partim
1670 4373 1830 4447 116
1863 4389 2104 4435 semente
2179 4380 2446 4449 facienda,
2491 4392 2647 4437 terra:
2680 4384 2889 4453 sepulta
2922 4385 3223 4440 visceribus
3252 4383 3556 4452 evanescit,
3593 4399 3736 4455 par-

479 4471 578 4524 tim
625 4469 834 4524 alendis
899 4469 1219 4538 corporibus
1263 4469 1466 4523 nostris
1524 4469 1882 4522 consumitur.
1921 4467 2243 4540 Quanquam
2287 4471 2334 4527 is
2374 4487 2593 4542 quoque
2629 4473 2735 4529 Nili
2798 4476 3170 4532 ellicacitatem
3235 4478 3601 4546 virtutemque
3649 4478 3736 4532 si-

479 4559 731 4630 gniﬁcat;
795 4561 900 4615 hoc
967 4569 1148 4614 tamen
1209 4560 1545 4627 discrimine,
1588 4560 1735 4630 quod
1798 4561 1891 4615 ubi
1956 4571 2226 4618 terrenam
2264 4565 2366 4635 ipsi
2434 4567 2680 4622 tellurem
2730 4568 2991 4625 denotare
3065 4571 3275 4637 volunt,
3326 4579 3442 4625 tum
3491 4568 3740 4626 Osiridis

477 4651 700 4708 nomine
750 4649 1031 4706 fructuum
1091 4666 1289 4722 parens
1335 4650 1506 4706 Terra
1552 4650 1779 4721 intelligi
1821 4651 2014 4707 debeat
2057 4671 2070 4707 :
2113 4655 2205 4708 ubi
2255 4672 2384 4711 vero
2455 4658 2752 4726 caelestem,
2801 4658 2978 4714 Nilum
3031 4661 3173 4716 idem
3217 4661 3392 4716 Osiris
3437 4661 3736 4730 exhibeat,

474 4760 638 4816 quem
703 4743 970 4813 originem
1036 4757 1068 4797 e
1131 4741 1270 4797 coelo
1313 4741 1512 4797 ducere
1553 4752 2002 4809 commemorant,
2041 4759 2216 4815 eoque
2255 4748 2404 4804 luctu
2471 4749 2722 4804 similiter
2789 4760 3214 4821 prosequuntur,
3258 4750 3416 4821 quasi
3453 4751 3564 4805 vim
3602 4752 3738 4820 ejus

475 4841 640 4898 certis
677 4839 1015 4895 deﬁcientem
1082 4847 1134 4893 et
1176 4837 1496 4892 exhaustam
1544 4835 1842 4892 intervallis
1914 4839 2207 4896 conciliare
2250 4843 2354 4897 sibi
2411 4860 2475 4898 ac
2513 4845 2732 4914 placare
2772 4846 2958 4902 velint.
2999 4846 3103 4903 lsis
3167 4856 3350 4902 autem
3407 4847 3520 4909 illa,
3561 4847 3738 4914 cujus

476 4952 604 4994 cum
657 4934 874 4991 Osiride
920 4933 1361 5004 congressionem
1432 4932 1630 4988 fabulae
1692 4933 2004 5003 celebrant,
2044 4935 2299 5008 Egyptia
2355 4948 2499 4996 terra
2549 4951 2654 5007 est,
2702 4957 2766 4996 ac
2825 4951 3110 5013 propterea
3163 4958 3288 4998 cum
3332 4941 3540 5013 aequari
3605 4941 3739 5012 ipsa

476 5045 809 5101 uterumque
855 5037 1090 5101 gestare,
1127 5044 1192 5083 ac
1231 5029 1449 5084 demum
1493 5029 1706 5086 fructus
1743 5045 2030 5101 procreare
2067 5031 2287 5100 dicitur,
2327 5045 2441 5091 tum
2480 5037 2645 5092 etiam
2685 5037 2843 5093 lsidis
2881 5038 3104 5110 conjux,
3140 5039 3416 5110 simulque
3460 5038 3632 5094 frater
3662 5056 3735 5097 ac

476 5132 622 5187 filius
650 5128 824 5185 Osiris
852 5142 974 5182 esse
1008 5126 1340 5196 perhibetur.

555 5235 582 5264 ι
626 5222 708 5275 ἵσ.
745 5219 992 5291 αἴρουσα.

550 5310 663 5382 (95)
692 5308 846 5382 4’06.
890 5307 1064 5382 Ergo,
1089 5308 1182 5382 qni
1229 5306 1583 5382 Phoenicibus
1629 5307 1725 5382 lib.
1755 5321 1794 5382 ι,
1829 5307 1922 5382 tit_._
1953 5307 2042 5372 10,
2155 5306 2327 5382 locus.
2353 5303 2621 5382 Strom.v_,
2640 5306 2820 5382 aliqua
2846 5315 3024 5382 tamen
3048 5316 3294 5382 exparte
3313 5306 3616 5382 dissimilis.
3638 5310 3737 5362 At-

481 5374 722 5453 pag.__35.
762 5374 994 5453 Chryse}
1013 5374 1317 5453 dicebatur,
1345 5377 1617 5453 Egyptiis
1643 5378 1836 5440 Phtha,
1872 5377 2045 5453 dictus

2153 5375 2425 5453 Iu-mtwv,
2450 5374 2645 5453 inquit,
2676 5374 2857 5453 ohplw
2886 5378 2978 5453 ᾲπὶ
3008 5374 3212 5453 πλοίου,
3231 5380 3280 5453 οἱ
3310 5376 3368 5433 δὲ
3397 5378 3499 5453 ἐπ]ἰ
3523 5394 3736 5453 κορκοο

482 5445 579 5507 ἑξεῖ
596 5445 890 5504 Vulcanus:
931 5448 1154 5503 Hebraea
1209 5463 1313 5503 vox
1341 5445 1505 5512 nni,‘
1537 5450 1640 5503 hoc
1685 5457 1769 5503 est
1814 5449 2045 5519 aperire,

2150 5445 2323 5519 6_z-:_E)lou
2380 5445 2468 5519 τὸν
2499 5445 2672 5519 Δήλιον»
2727 5445 3047 5519 δεικνύουσι.
3081 5449 3416 5519 Σημαίνουσι
3457 5447 3534 5511 δὲ,
3582 5449 3674 5502 ὅτι
3705 5453 3737 5503 6

483 5479 564 5507 υδι
610 5479 890 5504 νιιιυειιιυθ.
931 5479 1154 5503 ιιυυιωιι
1213 5479 1313 5503 νυι
1344 5479 1483 5512 Iuli—1,
1537 5479 1640 5503 ιιυυ
1685 5479 1769 5503 ῦθι
1822 5479 2045 5515 apaula,

483 5531 578 5576 aut
621 5521 838 5579 solvere.
885 5522 1040 5584 satis,
1073 5520 1287 5588 opinor,
1337 5529 1391 5573 et
1441 5534 1564 5572 cum
1610 5518 1946 5588 Egyptiaca,
1988 5528 2045 5589 et

2150 5479 2323 5498 υςιΛυυ
2390 5479 2468 5497 νυν
2521 5479 2672 5499 ιΑδυν*
2727 5479 3047 5502 υευινυυυυι.
3082 5479 3412 5519 ῌΙιμυήνυυυι
3457 5479 3534 5511 υῦ,
3582 5479 3674 5502 υ”ϋι
3705 5479 3733 5503 υ

2159 5512 2310 5589 ἥλιος
2392 5513 2457 5566 δι’
2487 5479 2646 5586 ἀέρος
2700 5517 2966 5589 γλυκεροῦ
3020 5519 3113 5571 καὶ
3156 5517 3323 5588 ὑγροῦ
3368 5517 3465 5587 τὴν
3495 5521 3733 5586 πορείαν

481 5607 604 5647 eum
629 5591 768 5659 ignis
793 5590 843 5642 vi
875 5600 1038 5660 atque
1067 5586 1258 5644 natura
1285 5591 1440 5658 plane
1460 5586 1739 5658 διαλυτικῇ
1764 5587 2043 5660 convenit.

2152 5586 2489 5660 ποιούμενος,
2519 5587 2794 5660 γεννᾷντὸν
2821 5586 3028 5660 χρόνον,
3053 5589 3110 5641 ὃν
3141 5586 3438 5660 αἰνίσσεται
3464 5589 3499 5660 ῥ
3527 5591 3735 5656 κροκό-

551 5655 676 5730 (9ϐῖ
702 5661 912 5712 Φύσιν.
944 5655 1146 5730 Non)“,
1178 5655 1346 5724 θέσίν,
1379 5661 1571 5713 melius
1605 5670 1664 5711 ut
1690 5655 1947 5730 videtur._

2150 5655 2324 5730 δειλός
2348 5655 2469 5730 διά.
2495 5673 2616 5730 τινα
2656 5655 3134 5729 ’ἄλληνίερατικὴν
3163 5658 3419 5730 ἱστορίαν,
3451 5655 3733 5713 Caeterum

550 5727 664 5803 (97)
706 5731 908 5786 Ἥλιον
930 5729 1018 5785 δέ.
1059 5728 1320 5786 Geminus
1369 5741 1451 5785 est
1477 5731 1566 5786 ille
1595 5730 1856 5784 Cletnent.
1889 5728 2043 5783 Alex.

2150 5728 2210 5780 τὸ
2242 5729 2367 5780 ποτὲ
2405 5727 2526 5798 μέν,
2561 5727 2655 5783 lin.
2684 5727 2930 5799 sequent.
2960 5727 3184 5800 prorsus
3216 5727 3542 5782 ἀναπόδοτον
3574 5739 3668 5781 est

3570 5968 3592 6015 I
