3858 6224
412 250 514 308 {9|

1071 247 1345 307 El‘SEBll
1384 244 1868 303 CAESARIENSIS
1907 245 2058 301 OPP.
2100 244 2283 301 PARS
2318 241 2383 301 ll.
2424 274 2496 288 --
2532 242 3035 315 ΑΡυιοοΒτιεΑ.

3574 238 3686 294 192

411 382 581 443 quam
633 367 751 441 ipse
796 369 1118 440 procrearit,
1160 379 1257 425 aut
1299 370 1460 441 cujus
1505 384 1663 425 mens
1693 369 1865 424 aether
1900 368 1994 433 sit,

2099 367 2322 438 τοιαύτη
2354 366 2555 432 παντὸς
2588 368 2841 439 σώματος
2877 365 3060 436 φύσις.
3086 365 3287 437 Διόπερ
3318 362 3450 433 ἡμῖν
3477 360 3537 414 ὲν
3558 363 3687 423 ταῖς

412 461 563 518 idem
586 461 715 532 jure
760 461 963 518 mentis
1009 477 1209 517 nomen
1267 463 1516 517 obtinere
1559 463 1758 532 possit.
1800 460 1999 530 Cujus-

413 553 564 609 modi
622 567 789 622 porro
821 552 967 610 Deus
990 552 1092 608 iste
1133 553 1323 620 fuerit,
1355 555 1516 623 cujus
1555 562 1740 623 partes
1766 561 1821 607 et
1851 561 1999 609 terra

412 652 472 703 et
500 655 659 700 terra:
689 654 926 713 montes,
955 645 1214 700 inanima;
1246 646 1521 711 videlicet,
1551 661 1618 701 ac
1642 645 1873 701 rationis
1899 634 1998 699 ex;

411 742 598 808 pertes
627 750 918 806 corporum
947 737 1120 792 moles
1149 736 1384 793 elliciant
1405 738 1428 791 ?
1451 737 1587 804 Quis
1611 747 1791 792 autem
1810 753 1998 794 verum

414 839 657 893 censeat,
710 830 877 901 ignis,
907 831 1055 886 aeris
1085 840 1139 885 et
1169 847 1344 902 aquae,
1384 832 1490 886 hoc
1523 840 1609 887 est
1636 831 1850 886 ratione
1903 846 1997 886 ca-

414 922 587 977 rentis
602 920 870 992 ﬂuxarque
888 924 1133 978 materia:
1161 922 1305 978 fetus
1324 939 1642 994 germanum
1670 939 1734 979 ac
1751 924 1996 991 fratrem,

412 1010 584 1066 Deum
624 1012 959 1081 praedicari?
1005 1011 1151 1078 Jam,
1196 1014 1243 1068 si
1277 1013 1427 1068 Jovis
1458 1030 1613 1069 mens
1661 1014 1809 1069 aliud
1860 1015 1997 1069 nihil

410 1110 554 1168 erat,
588 1118 752 1172 quam
786 1103 956 1158 aether
988 1104 1076 1158 ille
1101 1119 1247 1175 sape
1276 1105 1613 1171 nominatus,
1631 1105 1799 1161 aether
1815 1116 1996 1161 autem

411 1209 670 1263 suprema
701 1203 786 1250 est
812 1196 960 1250 aeris
987 1197 1138 1267 regio
1168 1197 1389 1267 ignique
1413 1198 1728 1266 persimilis,
1755 1198 1850 1269 qui
1888 1198 1998 1252 ἀπὸ

412 1285 504 1338 τοῦ
527 1285 799 1352 αἴθεσθαι,
829 1288 976 1357 quod
1003 1298 1089 1343 est
1105 1289 1317 1353 ardere,
1339 1289 1655 1359 hujusmodi
1686 1300 1878 1346 nactus
1899 1307 1998 1362 ap-

412 1376 765 1447 pellationem
803 1375 969 1443 fuerit
998 1393 1012 1443 ;
1037 1379 1285 1449 adeoque
1306 1380 1556 1444 siambo,
1588 1395 1705 1446 aer,
1738 1381 1992 1455 inquam,

410 1475 575 1535 atque
606 1468 775 1522 aether
809 1482 1041 1537 corpora
1071 1478 1200 1525 sunt
1230 1486 1245 1536 ;
1285 1470 1427 1543 vide,
1458 1471 1709 1537 obsecro,
1741 1460 1852 1541 quo
1899 1472 1996 1527 tibi

412 1571 570 1612 mens
598 1558 686 1611 illa
718 1556 867 1614 Jovis
899 1560 1210 1614 evanuerit.
1263 1558 1533 1616 Pra-terea
1577 1563 1702 1631 quis
1752 1563 1993 1631 tandem,

409 1648 462 1704 si
520 1649 684 1704 modo
737 1650 901 1719 sapit,
958 1648 1127 1705 Deum
1175 1653 1384 1707 vocarit
1422 1668 1547 1708 eum
1602 1655 1697 1725 qui
1759 1666 1995 1711 mentem

2101 460 2423 530 θεολογίαις,
2460 459 2639 513 πάντα
2657 461 2773 520 τοῖς
2798 458 3110 529 εἰρημένοις
3146 454 3217 509 τὰ
3251 452 3466 509 ἐναντία
3502 468 3692 523 παρα-

2099 553 2331 624 ληπτέον
2350 568 2364 581 ·
2385 552 2468 605 ὅτι
2482 568 2543 604 τε
2573 551 2647 622 μὴ
2671 549 2901 622 οὐρανὸς
2923 549 3000 602 ὢν
3020 549 3297 620 τυγχάνει,
3324 547 3461 618 μήτε
3490 544 3685 615 αἰθὴρ,

2102 645 2230 717 μήθ’
2262 644 2434 716 ἥλιος,
2474 644 2610 716 μήτε
2641 643 2861 714 σελήνη,
2893 642 3021 714 μηθ’
3041 640 3310 711 όσύμπας
3327 637 3439 693 τῶν
3463 637 3692 709 ἄστρων

2098 738 2280 809 χορὸς,
2337 737 2461 809 μήτ’
2502 736 2666 800 αὐτὸς
2705 735 2921 808 ἀθρόως
2947 736 2977 787 6
3028 735 3138 797 πᾶς
3164 733 3399 803 κόσμος·
3442 730 3579 803 ἔργα
3623 730 3691 784 δὲ

2098 830 2299 902 χειρῶν
2326 827 2499 882 ταῦτα
2541 826 2716 899 μικρά
2743 826 2823 880 ἔτι
2853 825 2949 880 καὶ
2976 824 3201 896 βραχέα,
3224 824 3344 893 ταῖς
3371 822 3693 893 ἀσωμάτοις

2097 924 2194 977 καὶ
2241 922 2456 993 νοεραῖς
2497 919 2760 991 δυνάμεσι
2804 917 3290 990 παραϐαλλόμεναι
3323 917 3407 983 ὅτι
3452 914 3517 987 δὴ
3572 915 3693 968 πᾶν

2101 1013 2260 1084 σῶμα
2294 1013 2532 1085 φθαρτὸν
2564 1013 2658 1066 καὶ
2684 1011 2896 1080 ἄλογον,
2917 1009 3140 1081 τοιαύτη
3171 1008 3230 1062 δὲ
3249 1007 3357 1062 τῶν
3387 1007 3695 1080 ὁρωμένων

2096 1108 2133 1179 ἡ
2164 1107 2345 1177 φύσις.
2372 1106 2454 1161 Τά
2479 1106 2523 1160 δ’
2558 1105 2815 1159 ὲπέκεινα
2846 1104 2905 1156 ὲν
2925 1103 3177 1174 ἀοράτοις
3209 1099 3403 1170 λογικὰ
3423 1101 3517 1154 καὶ
3544 1098 3697 1153 ἀθά-

2099 1214 2256 1262 νατα,
2292 1197 2761 1262 συνδιαιωνίζοντα
2792 1198 2859 1267 τῇ
2888 1192 2984 1247 τοῦ
3009 1191 3401 1265 παμϐασιλέως
3421 1191 3554 1246 Θεοῦ
3584 1208 3700 1262 μα-

2098 1288 2268 1361 καρίᾳ
2313 1289 2427 1360 ζωῇ
2447 1328 2462 1355 ,
2496 1287 2693 1359 μακρῷ
2712 1287 2908 1357 γένοιτ’
2931 1286 2997 1340 ἂν
3023 1286 3131 1340 τῶν
3160 1284 3459 1357 ὁρωμένων
3504 1285 3694 1340 ἀπάν-

2096 1399 2206 1436 των
2232 1379 2447 1450 βελτίω.
2495 1379 2740 1444 Εἰκότως
2774 1375 2868 1434 οὖν
2915 1380 2987 1434 τά
3026 1379 3145 1434 θεῖα
3182 1380 3339 1451 λόγια
3389 1381 3519 1452 περὶ
3568 1379 3693 1433 τῶν

2095 1473 2393 1547 ὁρωμένων
2445 1472 2543 1525 τοῦ
2589 1472 2793 1543 κόσμου
2840 1472 3022 1543 μερῶν
3081 1466 3186 1526 ὧδέ
3223 1489 3343 1536 πως
3388 1472 3636 1525 παιδεύει
3669 1489 3691 1507 ο

2102 1583 2124 1617 ι
2156 1564 2395 1636 Ὄψομαι
2440 1565 2566 1626 τοὺς
2595 1564 2882 1634 οὐρανοὺς,
2920 1563 3060 1635 ἔργα
3092 1563 3201 1617 τῶν
3244 1563 3523 1619 δακτύλων
3562 1581 3691 1629 σου,

2101 1657 2331 1730 σελήνην
2361 1656 2455 1708 καὶ
2475 1655 2728 1728 ἀστέρας,
2751 1653 2788 1708 ἀ
2816 1655 2880 1707 σὺ
2908 1653 3298 1723 ἐθεμελίωσας·
3328 1672 3349 1707 ι
3374 1655 3469 1707 καὶ
3495 1653 3692 1708 πάλινο

407 1747 680 1795 amentem
724 1751 891 1813 atque
930 1743 1002 1799 ah
1040 1744 1251 1799 ratione
1294 1761 1521 1801 vacuam
1581 1722 1828 1804 habeat?
1876 1764 1997 1804 om-

2102 1768 2122 1803 c
2155 1722 2250 1816 Σύ,
2285 1722 2476 1820 Κύριε,
2497 1722 2621 1801 κατ’,
2643 1746 2818 1819 ἀρχάς
2839 1746 2935 1819 τὴν
2967 1747 3072 1818 γῆν
3100 1746 3501 1817 ἐθεμελίωσας·
3547 1748 3652 1800 καὶ
3671 1765 3690 1781 ·

406 1831 496 1886 nis
555 1832 700 1887 enim
758 1836 1008 1905 corporis
1056 1843 1253 1891 natura
1306 1837 1575 1906 ejusmodi
1641 1848 1747 1897 est.
1814 1839 1997 1908 Quare

411 1924 576 1981 nobis
615 1942 767 1993 sane,
803 1944 927 1983 cum
959 1929 1027 1985 de
1057 1929 1168 1986 Deo
1192 1932 1492 2002 disputatio
1536 1933 1867 2001 instituitur,
1904 1952 1996 1993 as-

408 2018 676 2073 sumenda
709 2020 1091 2089 superioribus
1122 2024 1398 2079 contraria
1429 2026 1615 2081 omnia
1651 2037 1780 2082 sunt
1809 2047 1822 2083 :
1866 2043 1993 2083 eum

408 2126 589 2185 neque
617 2115 821 2171 caelum
868 2132 1011 2185 esse,
1061 2133 1239 2190 neque
1278 2122 1504 2187 aethera,
1552 2138 1734 2193 neque
1796 2125 1991 2189 solem,

408 2218 590 2275 neque
633 2205 842 2274 lunam,
898 2223 1076 2279 neque
1123 2218 1384 2266 cunctum
1424 2222 1701 2268 astrorum
1738 2218 1991 2281 chorum,

412 2307 596 2362 neque
626 2295 818 2350 orbem
846 2296 1012 2352 simul
1043 2298 1381 2355 universum.
1411 2300 1535 2356 Haec
1561 2303 1706 2356 enim
1731 2319 1994 2361 manuum

409 2383 562 2441 illius
598 2399 763 2456 opera
788 2402 1130 2459 sunt,eaque
1155 2391 1352 2461 pusilla
1370 2393 1662 2449 admodum
1690 2404 1746 2450 et
1774 2396 1992 2465 exigua,

410 2476 458 2532 si
480 2491 605 2531 cum
639 2477 978 2549 incorporeis
1002 2481 1111 2537 illis
1136 2482 1679 2555 intelligentibusque
1699 2486 1996 2545 virtutibus

408 2566 800 2636 conferantur;
829 2572 1273 2642 quandoquidem
1307 2588 1470 2629 omne
1498 2590 1702 2646 corpus
1729 2586 1785 2631 et
1814 2577 1993 2633 inter-

409 2656 549 2712 itum
585 2658 809 2728 patitur,
852 2670 908 2717 et
962 2664 1175 2718 ratione
1202 2675 1373 2728 caret,
1427 2665 1740 2735 cuiusmodi
1771 2678 1856 2723 est
1896 2685 1994 2726 eo-

408 2766 558 2822 rum,
595 2768 719 2823 qua:
746 2754 1024 2819 videntur,
1052 2767 1268 2813 natura.
1301 2759 1369 2813 At
1391 2775 1515 2829 quae
1543 2775 1708 2831 supra
1727 2765 1994 2820 mundum

408 2841 561 2901 hunc
583 2846 971 2914 aspectabilem
1001 2860 1201 2904 evecta:
1240 2862 1451 2907 natura:
1481 2863 1634 2919 sunt,
1663 2870 1741 2909 ea:
1769 2871 1879 2909 non
1909 2871 1996 2910 ra-

411 2935 564 2991 tione
603 2946 836 3005 tantum,
871 2941 964 2994 sed
1000 2943 1170 2996 etiam
1212 2942 1624 3000 immortalitate
1668 2949 1992 3017 potiuntur:

409 3038 577 3099 atque
608 3037 669 3084 ut
690 3029 791 3084 aevi
820 3032 1220 3100 perennitatem
1249 3035 1499 3089 obtinent
1525 3050 1648 3090 cum
1699 3037 1857 3123 beata
1901 3055 1996 3095 su-
2024 3071 2069 3130 α

411 3121 588 3191 premi
619 3136 804 3176 rerum
838 3124 1087 3178 omnium
1122 3126 1265 3194 regis
1292 3128 1594 3183 aeternitate
1622 3118 1998 3200 conjunctam,

413 3216 498 3272 sic
528 3215 690 3285 longe
728 3217 989 3272 omnibus
1016 3218 1108 3283 iis,
1151 3234 1274 3289 quae
1307 3232 1628 3288 cernuntur,
1673 3224 2001 3279 antecellant

412 3301 781 3379 praestemque
818 3324 1042 3365 necesse
1080 3319 1181 3366 est.
1212 3309 1578 3393 Quamobrem
1616 3315 1748 3384 quid
1779 3315 1847 3371 de
1879 3333 2001 3372 cor-

412 3403 596 3474 porcis
631 3402 819 3457 mundi
850 3404 1098 3473 partibus
1133 3405 1335 3460 sentire
1362 3422 1464 3462 nos
1512 3417 1783 3477 oporteat,
1814 3409 1999 3467 divina

411 3493 636 3548 oracula
663 3492 787 3563 jure
807 3494 881 3548 ita
914 3494 1115 3549 docent
1140 3513 1152 3549 :
1197 3493 1395 3550 Videbo
1420 3499 1575 3552 caelos
1603 3516 1760 3569 Opera
1803 3502 2001 3572 digito-

414 3601 536 3639 rum
568 3595 800 3653 tuorum,
836 3587 1017 3641 lunam
1059 3597 1108 3642 et
1142 3588 1343 3648 stellas.
1377 3608 1495 3660 qum
1544 3603 1599 3647 tu
1634 3594 1875 3664 fundasti
1932 3595 1997 3649 ¹⁸.

412 3674 483 3730 Et
531 3691 751 3732 rursum
788 3695 803 3731 :
848 3677 949 3740 Tu,
996 3677 1237 3743 Domine,
1289 3682 1443 3734 initio
1476 3692 1675 3737 terram
1712 3684 1995 3755 fundasti;

410 3775 471 3822 et
507 3786 519 3821 ε
554 3766 728 3835 Opera
751 3784 1004 3821 manuum
1024 3781 1240 3822 tuarum
1265 3780 1388 3824 sunt
1414 3771 1529 3824 caeli
1548 3773 1623 3839 u’;
1657 3788 1722 3828 ac
1744 3789 1997 3829 rursum:

415 3856 615 3913 Tollite
641 3858 700 3913 in
736 3859 906 3912 altum
933 3859 1114 3913 oculos
1141 3868 1360 3928 vestros,
1385 3873 1430 3914 et
1449 3862 1638 3926 videte,
1673 3864 1793 3932 quis
1823 3872 2000 3918 osten-

413 3951 498 4005 dit
552 3953 664 4007 hwc
714 3954 893 4008 omnia
935 3954 1004 4008 ⁸ο.
1052 3953 1232 4023 Atque
1273 3956 1386 4009 haec
1435 3955 1724 4011 adversum
1764 3958 2000 4027 priorem

415 4043 725 4098 carminum
753 4045 985 4099 istorum
1015 4046 1397 4113 explicationis
1415 4056 1622 4116 partem
1647 4049 1791 4104 dicta
1814 4060 1997 4107 sunto.

419 4136 533 4204 Age
558 4119 708 4200 vero,
738 4152 968 4205 quaeque
1000 4138 1259 4208 deinceps
1306 4149 1744 4208 consequuntur,
1796 4157 2002 4210 expen-

419 4226 639 4281 damus.
673 4227 833 4299 106
858 4226 1258 4301 «Cum,inquit,
1316 4233 1498 4303 imago
1547 4234 1818 4303 ejusmodi
1868 4234 1999 4305 ﬁngi

421 4331 489 4390 ac
516 4317 845 4388 conﬁgurari
873 4321 1020 4374 nulla
1066 4332 1273 4391 posset,
1327 4325 1544 4393 qualem
1575 4340 1639 4380 ea
1672 4326 1832 4381 nobis
1874 4343 2001 4382 car--

2099 1844 2289 1912 Ἔργα
2303 1840 2423 1895 τῶν
2438 1839 2655 1912 χειρῶν
2673 1856 2788 1894 σου
2805 1839 2968 1893 εἰσιν
2982 1843 3038 1893 οἱ
3053 1839 3319 1908 οὐρανοί·
3359 1837 3453 1891 καὶ
3489 1834 3651 1903 αὖθις
3671 1856 3688 1871 ο

2102 1953 2123 1988 ι
2167 1935 2527 2005 Ἀναὸλέψατε
2555 1936 2634 1998 εἰς
2671 1932 2805 2003 ὕψος
2833 1933 2959 1997 τοὺς
2994 1931 3308 2004 ὀφθαλμοὺς
3357 1931 3546 2004 ὑμῶν,
3587 1934 3695 1987 καὶ

2098 2027 2259 2091 ἴδετε,
2288 2028 2370 2090 τίς
2403 2026 2683 2092 κατέδειξε
2720 2024 2832 2096 (85)
2863 2024 3039 2079 ταῦτα
3072 2026 3268 2080 πάντα.
3316 2043 3335 2077 ›
3367 2025 3553 2079 Ταῦτα
3582 2026 3692 2096 μὲν

2096 2116 2189 2173 οὖν
2218 2121 2299 2183 εἰς
2331 2119 2428 2190 τὴν
2465 2116 2690 2190 πρώτην
2726 2117 2833 2171 τῶν
2878 2118 3025 2172 ἐπῶν
3072 2102 3368 2190 ἑρμηνείαν
3408 2116 3690 2189 εἰρήσθω·

2097 2212 2231 2282 φέρε
2251 2209 2307 2264 δὲ
2339 2212 2434 2264 καὶ
2462 2211 2531 2264 τὰ
2563 2210 2688 2280 ἑξῆς
2705 2209 3185 2281 διασκοπὴσωμεν.
3216 2211 3368 2264 Ἐπεί
3391 2209 3466 2282 μὴ
3492 2205 3607 2263 οἷόν
3639 2226 3675 2263 τ

2095 2299 2184 2375 ἧν,
2211 2303 2397 2374 φησὶν,
2426 2304 2609 2356 εἰκόνα
2634 2302 2896 2375 τοιαύτην
2910 2303 3282 2374 δημιουργεῖν,
3312 2304 3431 2358 οἷαν
3456 2305 3486 2357 6
3527 2292 3691 2372 λψς

2097 2399 2361 2468 ἐμήνυσε,
2388 2397 2478 2450 διὰ
2513 2396 2675 2451 τοῦτο
2703 2397 3168 2469 ἀνθρωπόμορφον
3189 2396 3284 2450 τοῦ
3317 2398 3440 2461 Διὸς
3478 2399 3538 2452 τὸ
3579 2396 3693 2452 δεε-

2097 2490 2261 2561 κηλον
2291 2490 2675 2561 πεποιήκασιν,
2708 2489 2789 2542 ὅτι
2812 2487 2937 2551 νοῦς
2966 2484 3034 2559 ἦν
3059 2488 3180 2541 καθ’
3210 2487 3268 2543 ὃν
3306 2488 3690 2561 ἐδημιούργει,

2107 2582 2202 2636 καὶ
2227 2581 2403 2651 λόγοις
2440 2584 2833 2654 σπερματικοῖς
2875 2581 3125 2635 ἀπετέλει
3164 2578 3234 2632 τά
3283 2579 3475 2632 πάντα.
3519 2598 3536 2629 ι
3569 2579 3687 2631 Καὶ

2105 2673 2227 2736 πῶς
2250 2675 2299 2726 εἰ
2331 2675 2405 2744 μὴ
2439 2669 2550 2727 οἷόν
2574 2691 2634 2726 τε
2676 2671 2743 2745 ἦν
2774 2672 2957 2728 εἰκόνα
2986 2673 3241 2741 τοιαύτην
3272 2672 3465 2732 ποιεῖν,
3501 2668 3623 2722 οἷαν
3656 2672 3688 2723 6

2105 2764 2263 2831 λόγος
2291 2767 2578 2834 ἐμήνυσεν.
2629 2768 2865 2839 ἐμήνυσε
2888 2765 2944 2819 δὲ
2974 2766 3081 2837 ἄρα
3105 2762 3195 2817 τοῦ
3232 2761 3550 2832 φαινομένου
3581 2763 3683 2814 καὶ

2095 2853 2374 2927 ὁρωμένου
2398 2853 2602 2924 κόσμου
2618 2851 2686 2905 τὰ
2714 2851 2876 2923 μέρη,
2900 2852 3148 2923 οὐρανὸν,
3167 2853 3261 2905 καὶ
3276 2851 3343 2903 τὰ
3367 2855 3424 2904 ἐν
3446 2850 3687 2921 οὐρανῷ.

2097 2946 2239 3018 ἀέρα
2283 2962 2342 2998 τε
2368 2986 2382 3008 ,
2410 2948 2506 2999 καὶ
2532 2945 2659 3015 γῆν,
2685 2945 2779 2998 καί¹
2803 2944 2873 2997 τά
2906 2946 2963 2997 ἐν
2990 2945 3203 3007 αὐτοῖς·
3246 2946 3293 2998 εἰ
3338 2943 3401 3014 δὴ
3452 2939 3543 2996 οὖν
3574 2942 3690 2995 τῶν

2097 3034 2390 3107 ὁρωμένων
2414 3034 2508 3088 τοῦ
2535 3033 2741 3105 κόσμου
2791 3032 2973 3103 μερῶν
3014 3033 3112 3103 ούχ
3158 3027 3270 3087 οἷόν
3313 3050 3373 3086 τε
3402 3027 3469 3107 ἦν
3502 3032 3694 3085 εἰκόνα

2103 3126 2494 3197 συστήσασθαι,
2521 3125 2656 3180 καθὸ
2686 3124 2812 3189 νοῦς
2840 3120 2908 3197 ἦν
2931 3128 2959 3178 6
2986 3125 3149 3192 Θεὸς,
3170 3125 3287 3189 πῶς
3311 3124 3375 3180 ἀν
3402 3141 3486 3187 τις
3517 3122 3694 3178 αὐτοῦ

2100 3218 2201 3291 τὴν
2229 3218 2417 3272 εἰκόνα
2461 3219 2926 3290 δημιουργήσειε;
2963 3220 3060 3283 Τίς
3080 3219 3124 3272 δ’
3157 3219 3223 3272 ἂν
3262 3216 3361 3290 ἔχῃ
3409 3216 3565 3288 σῶμα
3590 3217 3699 3271 ἀνε-

2102 3310 2368 3382 θρώπειον
2399 3309 2637 3379 ἐμφερὲς
2663 3310 2802 3381 πρὸς
2820 3310 2914 3363 τὸν
2936 3309 3030 3362 τοῦ
3062 3308 3199 3362 Θεοῦ
3223 3308 3347 3362 νοῦν
3368 3324 3383 3374 ;
3419 3305 3560 3376 Ἐγὼ
3583 3308 3700 3376 μὲν

2101 3403 2211 3476 γὰρ
2238 3402 2359 3457 οὐδὲ
2392 3403 2527 3474 πρὸς
2555 3402 2646 3455 τὸν
2674 3401 3014 3474 ἀνθρώπινον
3044 3401 3285 3473 ἡγοῦμαι
3305 3417 3319 3431 ·
3358 3399 3481 3455 ἐπεὶ
3511 3401 3540 3452 6
3586 3400 3701 3470 μὲν

2102 3493 2392 3565 ἀσώματος
2418 3493 2515 3547 καὶ
2534 3492 2827 3554 ἀσύνθετος
2852 3492 2948 3544 καὶ
2972 3492 3207 3563 ἀμερὴς,
3230 3490 3289 3544 τὸ
3314 3491 3370 3543 δε
3402 3486 3705 3559 βαναύσων

2101 3589 2311 3660 ἀνδρῶν
2337 3588 2517 3659 ἔργον,
2551 3588 2642 3641 καί
2679 3586 2872 3659 θνητοῦ
2915 3585 3167 3656 σώματος
3206 3584 3367 3655 φύσιν
3410 3584 3703 3654 ἀπομεμί-

2105 3694 2293 3750 μηται,
2325 3680 2418 3731 καὶ
2441 3675 2622 3749 ζώσης
2650 3678 2852 3748 σαρκὸς
2892 3678 2949 3729 ὲν
2994 3676 3188 3747 ἀψύχῳ
3237 3676 3332 3730 καὶ
3379 3676 3547 3748 νεκρᾷ
3584 3673 3702 3748 ὕλῃ

2102 3772 2294 3843 κωφὴν
2324 3772 2418 3825 καὶ
2437 3769 2662 3824 ἄναυδον
2685 3769 2868 3823 εἰκόνα
2897 3768 3371 3839 καταγέγραπται.
3399 3766 3561 3838 Ψυχὴ
3589 3768 3704 3837 μὲν

2101 3859 2195 3921 οὖν
2229 3862 2421 3938 λογικὴ
2444 3862 2538 3916 καὶ
2563 3860 2848 3925 ἀθάνατος,
2886 3861 2979 3914 καὶ
3003 3859 3128 3924 νοῦς
3158 3859 3376 3931 ἀπαθὴς
3401 3862 3459 3913 ὲν
3482 3859 3707 3930 ἀνθρώ-

2103 3975 2205 4011 που
2235 3956 2416 4026 φύσει,
2445 3949 2504 4008 εὖ
2534 3972 2625 4025 μοι
2649 3954 2796 4008 δοκεῖ
2825 3952 3079 4022 λέγεσθαι
3105 3951 3288 4007 εἰκόνα
3308 3953 3401 4005 καὶ
3431 3952 3705 4021 ὁμοίωσιν

2101 4046 2406 4110 ἀποσώζειν
2427 4044 2583 4110 Θεοῦ,
2596 4042 2825 4097 καθόσον
2836 4043 2996 4108 ἄῦλος
3009 4044 3103 4096 καὶ
3123 4042 3433 4113 ἀσώματος,
3449 4042 3614 4114 νοερὰ
3635 4059 3705 4097 τε

2095 4119 2196 4194 ’καὶ
2229 4139 2419 4210 λογικὴ
2443 4137 2542 4209 τὴν
2563 4137 2749 4191 ούσίαν
2765 4135 3109 4206 συνέστηκεν,
3128 4130 3469 4207 ἀρετῆςοῦσα
3485 4135 3578 4188 καί⁴
3597 4150 3704 4189 σο-

2105 4232 2233 4303 φίας
2260 4231 2504 4303 δεκτική.
2523 4231 2588 4283 Εἰ
2616 4229 2680 4300 δή
2706 4246 2791 4291 τις
2806 4230 2892 4300 εἴη
2917 4227 3140 4290 δυνατὸς
3160 4227 3339 4297 ψυχῆς
3361 4226 3582 4297 ἄγαλμα
3600 4227 3707 4280 καὶ

2108 4324 2319 4398 μορφὴν
2348 4326 2407 4377 ἐν
2435 4322 2602 4376 εἰκόνι
2618 4320 2999 4393 τεκτήνασθαι,
3028 4319 3229 4373 δύναιτ’
3255 4318 3322 4372 ἂν
3341 4313 3495 4381 οὗτος
3517 4317 3613 4371 καί
3645 4334 3705 4371 τι

418 4410 571 4467 mina
603 4422 1017 4480 repraesentant,
1041 4412 1192 4470 Jovis
1227 4416 1585 4472 simulacrum
1620 4418 1917 4474 humanam
1944 4420 1997 4474 in

2107 4415 2218 4469 τῶν
2249 4413 2593 4487 κρειττόνων.
2621 4414 2685 4467 Εἰ
2718 4412 2774 4466 δὲ
2802 4411 3049 4485 ἄμορφος
3082 4411 3176 4464 καί
3197 4408 3381 4481 ἀειδὴς
3411 4409 3502 4463 καὶ
3527 4411 3709 4481 ἀσχη-

419 4503 659 4572 spcciem
689 4512 971 4573 prepterea
1005 4506 1439 4573 conformarunt,
1470 4510 1618 4580 quod
1652 4527 1806 4566 mens
1836 4521 1997 4579 esset,

2113 4507 2388 4579 μάτιστος,
2411 4505 2534 4559 οὔτε
2567 4505 2711 4577 λόγῳ
2736 4504 2830 4558 καὶ
2853 4505 2988 4575 ἀκοῇ
3019 4503 3116 4575 τὴν
3138 4502 3323 4556 ούσίαν
3350 4501 3708 4573 καταληπτὸς

421 4593 583 4663 cujus
613 4593 667 4648 in
696 4598 1077 4665 procreatione
1127 4613 1310 4654 rerum
1358 4605 1638 4674 exemplar
1672 4604 1997 4672 intueretur,

2109 4603 2137 4654 6
2161 4599 2498 4672 ἀνθρώπινος
2520 4598 2666 4663 νοῦς,
2690 4597 2773 4662 τίς
2796 4596 2861 4651 ἂν
2890 4596 3088 4668 μανείη
3117 4594 3393 4661 τοσοῦτον,
3430 4594 3507 4657 ὡς
3529 4594 3588 4647 τὸ
3604 4596 3710 4647 ἀν-

424 4685 584 4755 cujus
615 4688 973 4745 seminalibus
1002 4693 1159 4760 quasi
1186 4693 1494 4749 rationibus
1524 4706 1721 4752 cuncta
1775 4698 1997 4768 perﬁce-

2109 4693 2383 4767 δρείκελον
2408 4692 2592 4758 ξόανον
2622 4689 2758 4745 Θεοῦ
2784 4688 2879 4742 τοῦ
2914 4690 3192 4743 ἀνωτάτου
3228 4688 3444 4761 μορφὴν
3494 4687 3587 4742 καὶ
3619 4690 3711 4740 εἰ-

424 4779 639 4834 νει.ιεί
656 4793 788 4849 ergo
815 4781 939 4835 talis
975 4780 1157 4852 imago
1210 4782 1341 4853 tingi
1392 4785 1544 4839 nulla
1575 4770 1997 4857 potest,hqualis

2112 4784 2245 4839 κόνα
2278 4784 2465 4856 φέρειν
2491 4780 2907 4852 ἀποφήνασθαι;
2939 4779 3076 4834 Θεοῦ
3115 4780 3212 4852 μὲν
3241 4775 3334 4833 οὖν
3379 4778 3541 4849 φύσις
3591 4776 3709 4843 ἔξω

424 4864 629 4937 Orphei
679 4871 1019 4926 carminibus
1070 4873 1379 4940 exhibetur,
1430 4876 1758 4931 exhibentur
1821 4888 1997 4933 autem

2118 4876 2300 4944 πάσης
2337 4873 2541 4945 θνητῆς
2566 4872 2697 4943 ὕλης
2723 4870 3079 4942 φαντάζεται,
3115 4870 3191 4943 νῷ
3212 4870 3426 4939 διαυγεῖ
3452 4871 3547 4924 καὶ
3567 4874 3705 4943 σιγῇ

423 4960 770 5030 aspectabilis
805 4962 968 5032 hujus
1022 4964 1211 5018 mundi
1257 4973 1460 5034 partes,
1512 4969 1751 5034 cmlum,
1779 4985 1997 5040 quaeque

2117 4968 2317 5040 ψυχαῖς
2374 4965 2819 5037 κεκαθαρμέναις
2856 4963 3237 5036 ἔπινοουμένη.
3290 4962 3365 5017 Τὺ
3407 4962 3463 5016 δέ
3500 4978 3564 5032 γε
3601 4961 3708 5015 τοῦ

424 5053 625 5115 ctelum
657 5054 838 5125 ipsum
868 5056 1061 5121 ambit,
1090 5074 1203 5123 aer,
1237 5068 1405 5125 terra,
1433 5077 1669 5132 quaeque
1719 5065 1997 5118 amborum

2118 5060 2400 5132 ὁρωμένου
2440 5058 2561 5122 Διὸς
2596 5061 2655 5111 έν
2686 5057 2764 5129 τῷ
2807 5057 3032 5128 δεικέλῳ
3059 5058 3243 5128 σχῆμα
3276 5055 3362 5125 εἴη
3402 5053 3468 5109 ἂν
3502 5052 3708 5123 θνητοῦ

427 5146 548 5203 sinu
569 5148 969 5220 complexuque
992 5151 1345 5205 continentur
1374 5171 1385 5205 :
1414 5153 1481 5217 si,
1501 5153 1748 5223 inquam,
1769 5156 1997 5225 partium

2115 5154 2214 5229 τὴν
2247 5153 2408 5223 φύσιν
2455 5152 2647 5224 ἀνδρὸς
2684 5151 2881 5220 εἰκὼν,
2938 5152 3059 5206 οὐδὲ
3103 5151 3196 5206 τὸν
3226 5151 3348 5205 ὅλον
3390 5147 3708 5223 ἄνθρωπον,

498 5350 546 5384 ³⁸
581 5351 730 5406 Psal.
767 5366 889 5419 vm,
923 5352 978 5407 4.
1058 5353 1101 5385 ¹⁹
1143 5351 1288 5409 Psal.
1317 5368 1391 5419 Cl,
1427 5352 1517 5407 26.
1596 5356 1643 5388 ¹⁰
1683 5352 1788 5410 lsa.
1819 5371 1910 5421 XL,
1943 5354 2035 5411 26.

503 5490 761 5567 (83)“1'1;
789 5494 1112 5567 κατέδειξε.
1153 5495 1231 5548 Ita
1277 5494 1632 5567 Septuaginta
1663 5513 1801 5567 quos
1852 5499 1991 5555 habe

2127 5505 2311 5562 natur,
2347 5492 2575 5552 innuere
2609 5497 2869 5552 voluisse.
2904 5495 3058 5551 Adde
3101 5493 3247 5567 quod
3292 5491 3710 5567 καταδεικνύειν

435 5561 580 5637 Inus.
635 5561 885 5637 Vulgata.
937 5565 1067 5630 Quis
1108 5561 1511 5637 creavitqhwc?‘
1552 5576 1610 5621 ut
1658 5561 1712 5624 in
1763 5568 2009 5624 Hebraeo.
2121 5573 2287 5624 etiam
2319 5569 2470 5622 edere
2500 5569 2666 5623 estin
2696 5570 2963 5637 lucemque
2990 5561 3258 5637 proferre.
3289 5567 3399 5620 imo
3426 5575 3483 5637 et
3504 5563 3709 5637 fortasc

438 5631 708 5709 Videntur
753 5632 1131 5709 Septuaginta,
1182 5635 1347 5709 qnml
1382 5639 1659 5706 proprium
1714 5641 1997 5693 ornationis

2120 5640 2451 5709 sis.e,'ficere,
2473 5631 2935 5709 quemadmodum
2956 5631 3349 5709 dmostxvﬁstv
3380 5646 3433 5692 et
3464 5632 3710 5704 ἀποφαίο

439 5710 548 5769 est,
581 5711 637 5760 ut
662 5704 781 5774 ejus
813 5707 884 5771 vi,
915 5709 1059 5778 quod
1087 5715 1211 5764 ante
1239 5704 1447 5763 nullum
1482 5704 1616 5777 erat,
1651 5721 1864 5781 repente
1896 5728 2015 5768 cer-
2122 5704 2391 5779 vstvfscd
2422 5704 2545 5765 cuin
2585 5708 2820 5778 propriis
2854 5708 3093 5765 casibus.
