3858 6224
129 296 227 352 193

1308 289 1628 346 PREPAR.
1664 285 1915 343 EVANG.
1958 285 2086 340 LIB.
2130 284 2218 341 111.

3281 292 3387 350 £96

129 413 291 482 μέρος
316 408 375 463 δέ
399 426 453 461 τι
480 408 543 461 τὸ
563 409 741 479 χεῖρον
772 406 935 460 αὒτοῦ
960 405 1368 477 μεμιμημένον,
1398 409 1483 462 δτι
1531 405 1700 478 μηδὲν

1811 407 2035 461 istarum
2073 405 2283 467 mundi,
2314 420 2438 475 quas
2466 405 2570 461 sub
2595 415 2876 477 aspectum
2927 408 3153 475 cadunt,
3202 411 3386 483 imago

127 503 264 573 [χνος
289 502 442 572 ζωῆς
469 500 563 554 καὶ
592 498 772 570 ψυχῆς
800 500 1082 565 ἐπάγεται.
1112 498 1237 561 Πῶς
1276 493 1371 551 οὖν
1391 500 1420 551 6
1446 498 1540 550 ἐπὶ
1567 497 1702 550 πάν-

125 612 226 647 των
246 593 406 658 Θεὸς,
431 591 528 646 καὶ
555 589 679 655 νοῦς
700 591 730 642 6
748 589 859 643 τῶν
883 590 1019 643 ὅλων
1037 589 1447 661 δημιουργικὺς,
1472 587 1558 659 εἴη
1579 588 1647 642 ἂν
1671 589 1703 641 6

124 686 287 748 αὑτὸς
324 685 357 737 6
410 685 473 737 ὲν
500 681 579 754 τῷ
620 681 809 753 χαλκῷ
841 678 877 753 ἢ
913 680 992 752 τῷ
1029 680 1209 753 νεκρῷ
1236 681 1488 751 ἐλέφαντι
1529 678 1699 744 Ζεῦςῖ

134 778 188 830 Ὅ
219 776 276 829 δὲ
312 774 381 845 δὴ
422 773 537 826 τῶν
580 772 719 825 ὅλων
761 771 1145 844 δημιουργικὸς
1192 770 1319 836 νοῦς
1349 812 1363 836 ,
1407 771 1525 834 πῶς
1569 782 1701 824 ποτε

124 869 226 939 ἄρα
258 865 429 929 αὐτὸς
459 861 531 935 ἦν
557 865 762 927 ἐκεῖνος
811 865 841 915 ὁ
874 864 1008 927 Ζεὺς
1029 903 1045 926 ,
1082 866 1111 917 6
1141 862 1234 916 τοῦ
1282 860 1343 927 ἐξ
1395 860 1703 932 Ἀλκμήνης

133 958 434 1030 Ἡρακλέος
459 957 643 1028 πατὴρ
665 997 680 1021 ,
710 956 807 1009 καὶ
832 956 941 1007 τῶν
974 954 1175 1008 λοιπῶν
1230 955 1295 1008 ὲκ
1342 954 1463 1018 Διὸς
1499 953 1702 1024 μυθευ-

122 1050 333 1122 ομένων
360 1048 606 1119 ἀνδρῶν,
640 1045 721 1111 οἳ,
766 1044 859 1099 τὸν
888 1044 1081 1115 θνητὸν
1115 1043 1227 1114 βίον
1275 1043 1469 1105 κοινῶς
1500 1042 1703 1095 ἅπασιν

124 1140 438 1212 ἀνθρώποις
478 1137 948 1209 καταστρέψαντες
967 1175 982 1201 ,
1013 1135 1222 1199 οἰκείας
1262 1135 1478 1204 φύσεως
1512 1132 1705 1197 ἀνεξά-

122 1232 315 1284 λειπτα
339 1232 458 1292 τοῖς
483 1228 599 1299 μετ’
621 1228 817 1290 αὐτοὺς
847 1228 1085 1297 μνημεῖα
1107 1224 1525 1279 καταλελοίπασι
1548 1225 1703 1288 ;Φοι-

121 1323 286 1376 νίκων
317 1321 420 1391 μὲν
455 1316 551 1373 οὖν
579 1320 628 1371 οί
659 1317 865 1389 πρῶτοι
899 1316 1157 1386 θεολόγοι,
1192 1317 1268 1379 ὡς
1296 1317 1355 1369 ὲν
1382 1314 1459 1384 τῷ
1501 1314 1703 1384 πρώτῳ

121 1412 519 1482 συγγράμματι
559 1410 1018 1480 παρεστήσαμεν,
1043 1407 1133 1461 τὸν
1161 1408 1260 1460 Δία
1293 1407 1456 1459 παῖδα
1492 1406 1701 1477 Κρόνου

122 1502 313 1574 θνητὸν
359 1501 472 1555 ἀπὸ
522 1499 717 1571 θνητοῦ
763 1500 1084 1571 γενόμενον,
1140 1499 1312 1572 ἄνδρα
1367 1500 1589 1552 Φοίνικα
1640 1498 1703 1551 τὸ

120 1595 295 1662 γένος.
335 1594 826 1664 ἀπεμνημόνευοψ
856 1591 1141 1662 Αἰγύπτιοι
1168 1593 1245 1654 δὲ,
1280 1591 1702 1662 ὲξοικειούμενοι

121 1687 207 1741 τὸν
232 1685 417 1757 ἄνδρα
437 1726 455 1749 ,
516 1685 708 1755 θνητὸν
742 1685 903 1740 πάλιν
954 1678 1117 1738 αὑτὸν
1160 1682 1473 1755 ὡμολόγουν
1497 1722 1512 1747 ,
1562 1682 1704 1736 κατὰ

1807 498 2032 552 conﬂari
2064 497 2211 553 nulla
2247 498 2467 567 potuit;
2512 500 2792 568 quomodo
2829 501 3050 555 tandem
3101 502 3390 573 ipsiusmet

1812 588 1930 652 Dei,
1969 605 2077 660 qua
2107 606 2263 645 mens
2286 599 2391 655 est,
2422 591 2649 662 cﬂigicm
2683 593 3038 649 architectari
3088 596 3386 667 quisquam

1808 683 2022 753 possit?
2051 682 2191 749 Quid
2223 698 2388 753 porro
2415 698 2539 738 cum
2575 683 2761 738 divina
2805 696 2986 740 mente
3012 687 3391 745 similitudinis

1808 790 2009 844 corpus
2029 777 2194 829 etiam
2233 777 2531 830 humanum
2578 775 2782 832 habet?
2843 777 2979 848 Ego,
3024 795 3093 834 ne
3122 795 3246 835 cum
3282 781 3391 835 ltu-

1809 881 1972 919 mana
2003 865 2222 935 quidem
2248 865 2449 918 habere
2474 865 2773 934 quidquam
2801 866 3060 920 existimo
3085 884 3101 929 ;
3127 883 3251 922 cum
3275 867 3393 923 hinc

1809 958 2131 1026 incorporea
2165 959 2237 1012 sit
2266 972 2331 1011 ac
2349 956 2600 1027 simplex,
2629 957 2918 1027 nullasque
2946 968 3130 1027 partes
3161 958 3385 1021 habeat,

1808 1050 1941 1106 illud
1969 1059 2184 1114 contra,
2212 1049 2401 1103 vilium
2443 1063 2507 1103 ac
2544 1048 2892 1104 snrdidorum
2922 1049 3193 1103 artiﬁcum
3227 1066 3389 1119 opus,

1809 1143 2316 1213 mortaliscorporis
2343 1150 2595 1197 naturam
2624 1141 2886 1208 imitetur,
2906 1142 3249 1213 viventisque
3272 1158 3394 1197 car-

1811 1235 1899 1289 nis
1943 1234 2164 1290 surdam
2196 1248 2259 1288 ac
2287 1241 2496 1287 mutam
2537 1232 2592 1287 in
2634 1242 2850 1285 mortua
2879 1232 3139 1301 inanique
3165 1234 3393 1287 materia

1809 1327 2045 1398 speciem
2083 1329 2421 1396 ﬁguramque
2455 1332 2827 1395 repraesentet.
2872 1324 2953 1377 Ac
3000 1324 3136 1378 mihi
3167 1324 3392 1393 quidem

1812 1418 2008 1470 merito
2021 1416 2128 1470 dici
2151 1416 2423 1478 videatur,
2455 1416 2701 1470 animum
2723 1416 2873 1470 illum
2908 1416 3139 1471 rationis
3166 1418 3395 1471 immor-

1811 1507 2149 1577 talitatisque
2176 1507 2523 1577 participem,
2574 1524 2640 1563 ac
2674 1518 2914 1563 mentem
2947 1524 3090 1575 eam,
3122 1524 3245 1578 quae
3293 1509 3393 1564 lto-

1810 1598 1976 1653 minis
2008 1598 2064 1652 in
2098 1608 2293 1653 natura
2337 1599 2447 1668 pati
2504 1598 2639 1653 nihil
2687 1599 2881 1669 possit,
2909 1598 3153 1655 divinam
3197 1600 3394 1672 imagi-

1812 1704 1935 1743 nem
1989 1689 2512 1760 similitudinemque
2535 1690 3102 1761 retinere;quatenus
3154 1701 3391 1763 uterque

120 1778 274 1831 ττοῦτό
312 1796 381 1847 γε
414 1778 648 1845 Φοίνιξιν
678 1775 1100 1849 ὁμοφωνοῦντες.
1145 1775 1303 1843 Ἀλλὰ
1342 1776 1437 1829 καὶ
1466 1775 1700 1847 Κρῆτες,

1812 1784 1881 1839 ab
1910 1784 2060 1838 omni
2089 1784 2338 1855 corporis
2358 1794 2413 1840 et
2434 1786 2677 1841 materia:
2705 1787 3054 1842 concretione
3087 1787 3388 1854 seiunctus,

119 1873 289 1942 τάφον
322 1872 424 1926 τοῦ
459 1872 595 1947 Διὸς.
625 1872 755 1942 παρ’
803 1871 1010 1933 ἑαυτοῖς
1041 1867 1346 1931 δεικνύντες
1369 1909 1383 1933 ,
1422 1866 1594 1938 τρίτοι
1639 1866 1706 1919 ἂν

121 1962 225 2019 εἶεν
265 1964 370 2019 τοῦ
422 1962 591 2017 αὑτοῦ
642 1964 936 2035 μάρτυρες.
984 1962 1096 2015 Καὶ
1137 1959 1433 2013 Ἀτλάντιοι
1486 1958 1541 2011 δὲ
1562 1998 1577 2021 ,
1611 1958 1705 2011 καὶ

123 2058 325 2122 πάντες
383 2059 435 2111 οἱ
485 2056 592 2128 πρὸ
641 2055 832 2108 τούτου
884 2052 1278 2124 δεδηλωμένοι,
1336 2050 1456 2103 κατ’
1502 2048 1707 2101 οἰκείαν

123 2152 371 2218 ἱστορίαν
399 2152 824 2221 ὲξοικειούμενοι
850 2150 941 2203 τὸν
969 2149 1088 2213 Δία,
1124 2149 1325 2211 πάντες
1348 2145 1485 2214 ὁμοῦ
1514 2146 1708 2216 θνητὸν

120 2244 498 2315 ἀπεφήναντο,
523 2242 747 2315 πράξεις
777 2240 942 2295 αὐτοῦ
963 2239 1160 2311 θνητὰς
1188 2240 1284 2294 καὶ
1314 2238 1706 2311 ἀνθρωπείους,

119 2335 234 2390 ἀλλ’
265 2335 335 2388 οὐ
370 2334 577 2403 σεμνάς
602 2349 775 2395 τινας,
802 2328 924 2385 οὐδὲ
947 2330 1284 2400 φιλοσόφους,
1320 2327 1709 2400 αἰσχρουργίας

116 2428 173 2481 δὲ
226 2426 467 2495 ἁπάσης
510 2425 606 2478 καὶ
640 2422 934 2485 ἀκολασίας
978 2422 1227 2493 ἔμπλεως
1271 2419 1705 2490 ἀναγράψαντες.

118 2520 244 2583 Τοῖς
260 2520 326 2573 δὲ
358 2519 453 2571 ἐπὶ
479 2517 540 2570 τὸ
569 2515 890 2587 σεμνότερον
908 2514 1033 2577 τοὺς
1064 2512 1266 2584 μύθους
1290 2511 1513 2583 τρέπειν
1536 2513 1713 2581 ὲπηγο

112 2613 414 2682 γελμένοις
443 2609 564 2664 τοτὲ
598 2610 694 2680 μὲν
716 2612 744 2663 6
770 2608 906 2672 Ζεὺς
929 2606 1104 2678 θερμὴ
1123 2623 1206 2668 τις
1232 2600 1301 2675 ἦν
1334 2605 1429 2658 καὶ
1457 2602 1710 2675 πυρώδης

111 2706 381 2775 δύναμις,
412 2704 534 2757 τοτὲ
571 2703 627 2756 δὲ
670 2702 735 2755 τὸ
778 2700 1021 2771 πνεῦμα·
1066 2698 1162 2753 νῦν
1191 2699 1239 2753 δ’
1282 2698 1383 2751 οὐκ
1431 2692 1529 2750 οἷδ’
1562 2697 1709 2758 ὅπως

110 2800 313 2859 αὐτοῖς
345 2796 379 2847 6
399 2796 510 2848 τῶν
545 2795 681 2848 ὅλων
711 2788 1100 2864 δημιουργικὸς
1132 2789 1260 2853 νοῦς
1310 2789 1706 2859 ἀναπέφανται.

109 2888 403 2951 ﬂaua-team
451 2885 738 2958 τοιγαροῦν
759 2925 774 2951 ,
831 2884 953 2938 τίνα
995 2882 1062 2937 ἂν
1111 2882 1316 2936 εἴποιεν
1367 2880 1459 2935 τὸν
1516 2878 1711 2934 τούτου

110 2982 373 3054 πατέρα,
407 2980 505 3032 καὶ
522 2977 617 3031 τοῦ
646 2976 851 3047 πατρὸς
877 2974 968 3029 τὸν
1012 2974 1361 3044 προπάτορας
1394 2973 1548 3027 Ἐπεὶ
1570 2976 1712 3027 κατὰ

109 3073 342 3134 πάντας
366 3070 498 3132 τοὺς
518 3068 795 3136 θεολόγους
811 3067 946 3131 Ζεὺς
966 3065 1173 3136 Κρόνου
1196 3067 1325 3128 παῖς
1346 3062 1709 3134 ὁμολογεῖται,

110 3164 212 3216 καὶ
260 3160 406 3214 τάδε
450 3133 784 3231 προκείμενα
828 3154 922 3210 τοῦ
970 3133 1212 3226 Ὀρφέως
1260 3152 1365 3224 ἔπη
1385 3133 1783 3223 ὑπερμενέοςο

107 3252 445 3325 Κρονίωνος
472 3246 860 3319 ἐμνημόνευσεο
879 3244 1083 3316 Κρόνος
1105 3244 1163 3297 δὲ
1194 3240 1460 3314 Οὐρανοῦ.
1476 3238 1721 3294 Δεδόσθω

110 3345 307 3399 τοίνυν
363 3341 554 3403 αὐτοῖς
580 3335 720 3392 εἶναι
743 3339 879 3402 Ζεὺς
908 3338 938 3391 6
971 3337 1063 3390 ἐπὶ
1105 3337 1324 3391 πάντων
1366 3335 1518 3401 Θεὸς,
1571 3334 1666 3389 καὶ
1689 3335 1719 3387 6

114 3436 249 3501 νοῦς
287 3439 321 3490 6
361 3434 435 3489 τὰ
489 3435 664 3488 πάντα
713 3430 1138 3504 δημιουργήσας.
1171 3430 1267 3494 Τίς
1312 3427 1406 3484 οῦν
1451 3430 1482 3482 6
1527 3431 1717 3483 τούτου

121 3532 358 3601 σπιτήρ;
405 3526 636 3599 Κρόνος.
666 3526 762 3589 Τίς
797 3525 843 3579 δ’
889 3526 919 3578 6
973 3524 1308 3595 προπάτωρ;
1348 3521 1609 3595 Οὐρανός.
1651 3521 1718 3574 Et

121 3623 189 3694 δὴ
217 3622 337 3691 (ει)
377 3618 647 3691 πρῶτοςό
683 3618 816 3681 Ζεὺς
846 3618 923 3681 ὡς
961 3615 1027 3671 ἂν
1068 3615 1397 3689 δημιουργὸς
1438 3614 1714 3682 ἁπάντων,

124 3715 263 3786 χρῆν
297 3714 368 3785 δή
391 3729 500 3767 που
527 3711 813 3782 δευτέρους
841 3709 1257 3778 καταλέγεσθαι,
1281 3710 1378 3763 καὶ
1407 3710 1523 3780 μετ’
1554 3707 1717 3761 αὑτὸν

124 3806 251 3867 τοὺς
279 3805 381 3857 ὑπ’
419 3800 590 3856 αὑτοῦ
635 3801 1054 3872 πεποιημένους.
1093 3800 1218 3853 Εἴτε
1263 3797 1373 3869 γὰρ
1404 3798 1593 3870 χρόνος
1631 3815 1716 3862 τις

124 3897 208 3967 εἴη
238 3898 268 3947 6
294 3893 513 3966 Κρόνος
539 3890 786 3964 υύρανοῦ
818 3890 1074 3960 πεφυκὼς
1097 3891 1362 3961 γέννημα,
1395 3890 1478 3943 ὃτι
1506 3888 1571 3960 δὴ
1602 3888 1718 3960 ἅμα

126 3984 348 4058 οὐρανῷ
403 3984 718 4054 συνυπέστη
758 3982 982 4054 χρόνος·
1017 3979 1105 4050 εἴη
1132 3998 1192 4035 τε
1226 3979 1389 4044 αὐτὸς
1431 3979 1460 4031 6
1507 3978 1716 4051 Κρόνου

128 4080 313 4152 πατὴρ
338 4077 609 4151 Οὐρανὸς,
652 4075 748 4129 καὶ
779 4074 972 4146 χρόνος
1006 4073 1145 4145 μετὰ
1190 4072 1407 4127 τοῦτον·
1442 4071 1578 4126 ἀλλὰ
1611 4070 1719 4143 πρό

127 4191 193 4242 γε
221 4174 434 4227 τούτων
452 4174 483 4226 6
508 4171 618 4225 τῶν
636 4170 775 4224 ὅλων
808 4168 1002 4232 αἴτιος,
1026 4169 1122 4222 καὶ
1148 4165 1374 4238 οὐρανοῦ
1404 4166 1498 4219 καὶ
1522 4165 1717 4237 χρόνου

1808 1884 2057 1930 naturam
2089 1876 2496 1945 essentiamque
2524 1878 2751 1934 sortitus
2772 1888 2853 1934 est
2872 1880 3031 1949 plane
3064 1880 3387 1950 spiritalem,

1808 1981 1871 2021 ac
1902 1966 2116 2021 ratione
2142 1976 2504 2034 constantem,
2533 1984 2761 2039 quasque
2816 1970 3070 2026 virtutem
3096 1972 3271 2042 possit
3296 1988 3388 2027 sa-

1807 2057 2179 2127 pientiamque
2215 2059 2511 2127 suscipere.
2535 2058 2736 2127 Quare,
2773 2062 2818 2116 si
2855 2063 2980 2132 quis
3008 2063 3174 2117 animi
3209 2064 3387 2119 simu-

1808 2148 2016 2203 lacrum
2070 2165 2136 2204 ac
2182 2150 2419 2220 speciem
2472 2151 2727 2222 ﬁngendo
2782 2154 3131 2210 architectari
3182 2166 3387 2226 posset,

1758 2256 1763 2261 ·
1809 2239 1951 2294 idem
2025 2255 2244 2311 quoque
2304 2250 2491 2312 posset
2549 2244 2895 2314 superiorum
2975 2247 3393 2316 cmlestiumque

1809 2332 2072 2386 mentium
2101 2333 2390 2403 imaginem
2425 2335 2663 2404 aliquam
2694 2335 2974 2393 fabricari.
3008 2344 3079 2393 At
3110 2355 3243 2395 vero
3263 2355 3392 2397 cu'n

1810 2419 2050 2475 humana
2084 2435 2243 2477 mens
2270 2420 2539 2492 ejusmodi
2584 2423 2674 2490 sit,
2715 2436 2837 2494 quse
2875 2426 3081 2481 nullam
3126 2426 3388 2496 formam,

1814 2513 2073 2582 speciem,
2105 2512 2449 2586 ﬁguramque
2498 2516 2706 2571 nullam
2756 2517 2976 2582 habent,
3011 2520 3257 2591 adeoque
3288 2538 3391 2579 nec

1809 2603 1931 2658 visu
1964 2604 2170 2675 percipi
2203 2605 2323 2673 ejus
2352 2608 2612 2672 essentia,
2668 2623 2769 2663 nec
2815 2612 3065 2665 oratione
3110 2612 3193 2666 vel
3237 2614 3393 2668 audi-

1810 2695 1958 2750 tione
1977 2695 2363 2766 Comprehendi
2390 2706 2573 2767 queat,
2605 2700 2731 2768 quis
2764 2714 2940 2770 usque
2965 2716 3032 2755 eo
3059 2702 3269 2758 insania
3293 2720 3390 2758 ve-

1811 2786 2107 2858 cordiaque
2136 2786 2431 2853 laborabit,
2459 2788 2757 2841 humanum
2783 2801 2839 2843 ut
2862 2790 3220 2846 simulacrum
3252 2807 3393 2863 pra:-

1810 2878 2049 2949 potentis
2083 2875 2434 2946 supremique
2457 2873 2708 2930 Numinis
2746 2879 2974 2947 ﬁguram
3002 2887 3056 2933 et
3090 2879 3388 2948 imaginem

1811 2978 2207 3041 repraesentare
2236 2969 2532 3025 contendat
2578 2969 2603 3024 ?
2655 2968 2863 3026 Natura
2913 2970 3058 3025 enim
3105 2971 3288 3026 divina
3323 2972 3393 3027 ab

1812 3063 1962 3117 omni
1999 3062 2227 3116 materia
2276 3069 2486 3117 semota
2535 3062 2765 3132 cogitari
2793 3063 2974 3129 debet,
3027 3072 3193 3133 atque
3240 3064 3392 3135 ejus-

1817 3153 1984 3216 modi,
2018 3168 2183 3224 quam
2212 3168 2336 3208 cum
2374 3154 2592 3209 silentio
2631 3154 2903 3210 defaecata:
2945 3155 3166 3221 mentis,
3197 3163 3252 3211 et
3275 3156 3395 3210 ani-

1816 3260 2034 3300 morum
2069 3246 2139 3300 ah
2169 3248 2318 3301 omni
2349 3247 2467 3301 labe
2493 3256 2844 3317 purgaturum
2872 3247 3227 3318 intelligentia
3256 3263 3395 3303 con-

1815 3335 2129 3407 templetur.
2155 3337 2225 3391 At
2246 3336 2397 3393 Jovis
2427 3337 2594 3399 illius,
2622 3352 2787 3408 quem
2839 3338 3138 3402 cernimus,
3190 3337 3395 3409 ﬁgurae

1816 3439 1930 3484 tum
1962 3439 2079 3485 arte
2112 3432 2491 3499 simulacrum,
2520 3431 2667 3485 aliud
2712 3440 2857 3487 certe
2902 3430 3039 3485 nihil
3088 3447 3255 3502 quam
3290 3433 3390 3487 ho-

1814 3522 1981 3578 minis
2026 3532 2221 3578 natura
2255 3524 2371 3594 ipsa
2398 3524 2644 3579 mortalis
2694 3522 2923 3595 elligiem
2980 3524 3242 3589 continet,
3281 3524 3397 3579 imo

1814 3631 1885 3671 ne
1927 3624 2101 3671 totum
2151 3617 2372 3687 quidem
2420 3625 2584 3687 atque
2637 3617 2913 3688 integrum
2963 3616 3263 3682 hominem,
3298 3618 3395 3672 Sed

1814 3714 2028 3761 tantum
2064 3716 2272 3778 partem
2326 3707 2446 3778 ejus
2502 3708 2729 3763 alteram
2788 3723 3019 3778 eamque
3061 3707 3387 3762 deteriorem

1820 3797 2087 3867 imitatur,
2114 3814 2237 3853 cum
2268 3800 2476 3853 nullum
2512 3801 2737 3854 omnino
2784 3800 2907 3854 vitm
2946 3799 3253 3868 animaeque
3304 3813 3397 3852 ve-

1821 3889 2044 3958 stigium
2071 3891 2346 3946 exhibeat.
2393 3890 2680 3957 Quomodo
2709 3890 2874 3962 igitur
2916 3889 3053 3945 deus
3091 3889 3181 3944 ille
3210 3904 3398 3945 rerum

1819 3982 2063 4036 omnium
2087 3984 2415 4051 moderator,
2450 3999 2514 4039 ac
2548 3998 2703 4038 mens
2732 3984 2825 4038 illa
2859 3983 3024 4053 hujus
3061 3983 3396 4038 universita-

1818 4073 1890 4129 tis
1913 4073 2178 4141 eﬂ‘ectrix,
2224 4074 2434 4146 Jupiter
2484 4076 2608 4141 iSte,
2665 4077 2760 4147 qui
2813 4076 2899 4132 vel
2930 4091 2995 4131 ex
3029 4090 3160 4140 tere,
3193 4075 3280 4132 vel
3328 4092 3398 4131 ex

1821 4165 1987 4221 ebore
2019 4170 2238 4222 mortuo
2265 4168 2507 4238 ﬁngitur,
2546 4183 2668 4223 esse
2697 4169 2894 4238 poterit
2925 4168 2947 4221 ?
2992 4168 3149 4239 10']
3194 4168 3399 4224 Deinde

125 4266 467 4338 δημιουργὸς
498 4263 654 4326 Θεός.
678 4261 744 4315 El
770 4260 827 4314 δὲ
848 4259 1025 4325 τοῦτο,
1061 4259 1162 4323 οὐκ
1200 4258 1266 4312 ἂν
1292 4256 1502 4327 γένοιτο
1523 4258 1553 4311 6
1582 4256 1707 4320 Ζεὺς

1820 4274 1976 4315 mens
2007 4260 2197 4316 eadem
2229 4276 2414 4316 rerum
2442 4261 2681 4315 molitrix
2715 4260 3095 4316 universarum
3142 4261 3236 4331 qui
3274 4269 3399 4315 tan—

129 4359 318 4431 τρίτος
344 4357 409 4423 ἐξ
434 4354 707 4429 οὐρανοῦ.
735 4353 861 4417 Πῶς
883 4350 981 4407 οὖν
1007 4351 1157 4424 παρὰ
1201 4354 1369 4404 πᾶσιν
1396 4349 1707 4419 Αἰγυπτίοις

1819 4353 1942 4407 dem
1969 4349 2182 4421 Jupiter
2205 4353 2295 4409 ille
2323 4352 2510 4420 fuerit,
2541 4351 2792 4408 Herculis
2820 4368 2887 4407 ex
2921 4352 3185 4408 Alcmena
3211 4362 3388 4423 pater,

131 4450 233 4502 καὶ
260 4449 532 4513 Φοίνιξιν,
576 4444 803 4514 Ἕλλησί
842 4460 903 4497 τε
953 4443 1048 4496 καὶ
1079 4441 1388 4511 φιλοσόφοις
1423 4439 1607 4510 τρίτος
1658 4436 1707 4504 ἐξ

1821 4461 1887 4501 ac
1906 4454 2226 4500 cancrorum
2259 4446 2528 4510 omnium,
2559 4461 2699 4514 quos
2719 4461 2748 4499 a
2773 4443 2905 4500 Jove
2931 4453 3250 4516 procreatos
3274 4460 3398 4501 esse

134 4537 384 4610 Οὐρανοῦ
438 4535 846 4606 γενεαλογεϊται
898 4533 929 4585 6
983 4531 1090 4585 τῶν
1143 4530 1282 4585 ὅλων
1330 4528 1707 4600 δημιουργικὸς

1823 4534 2156 4602 fabulantur,
2189 4535 2393 4605 quique
2441 4536 2723 4589 mortalem
2755 4536 2898 4592 hanc
2928 4536 3093 4591 vitam
3125 4551 3249 4590 cum
3298 4550 3397 4590 eo-

135 4631 264 4696 νοῦς
281 4649 298 4699 ;
316 4630 731 4702 HscptbpatatSi]
756 4626 849 4681 τοῦ
880 4625 1169 4695 φιλοσόφου
1180 4622 1250 4677 τὰ
1275 4622 1588 4693 πλάσματα,
1624 4620 1707 4675 καΊ

1824 4623 1970 4687 dem,
1996 4638 2108 4692 quo
2128 4622 2322 4693 vulgus
2348 4622 2630 4677 hominum
2659 4623 2806 4677 exitu
2833 4623 3243 4687 terminassent,
3269 4636 3398 4690 pro-

134 4728 223 4782 ἐτι
252 4729 454 4801 μᾶλλον
518 4727 906 4799 φωραθήσεται
935 4724 997 4789 ἐξ
1027 4717 1100 4777 ὧν
1127 4718 1562 4791 ὲπιφέρειλέγων
1590 4710 1707 4768 ὧδε.

1825 4714 1959 4784 priae
1992 4723 2202 4768 natura;
2243 4714 2476 4784 posteris
2525 4715 2676 4768 nullo
2711 4728 2953 4785 unquam
3003 4713 3231 4768 delenda
3264 4720 3403 4768 tem-

135 4833 272 4889 pore
313 4819 653 4872 monimenta
709 4812 1085 4884 reliquerunt?
1138 4810 1432 4864 Enimvero
1472 4806 1747 4876 principes
1798 4803 2119 4860 Phoenicum
2163 4804 2424 4876 theologi,
2454 4803 2664 4872 Jovem,
2698 4814 2759 4861 ut
2799 4806 2978 4876 primo
3002 4804 3141 4860 libro
3169 4804 3400 4858 demon-

138 4911 463 4974 stravimus,
501 4906 727 4963 Saturni
752 4906 948 4970 ﬁlium,
1002 4901 1338 4972 proindeque
1378 4896 1665 4952 mortalem
1727 4910 1794 4951 ex
1832 4897 2053 4951 mortali
2080 4906 2281 4959 satum,
2314 4910 2377 4951 ac
2410 4912 2605 4966 genere
2634 4896 2949 4953 Phoenicem
2990 4912 3112 4952 esse
3143 4895 3402 4965 perhibe-

140 5005 291 5060 bant.
336 5002 604 5057 Eumdem
658 4997 899 5069 Λεωτριῆ
944 5011 1069 5051 cum
1120 5011 1280 5051 suum
1327 5005 1449 5047 esse
1501 4989 1719 5054 vellent,
1760 4988 2044 5042 mortalem
2101 4988 2351 5043 similiter
2391 4986 2721 5054 fatebantur,
2788 4998 2843 5043 et
2880 5004 3005 5043 cum
3048 4985 3403 5041 thnicibus

140 5098 245 5153 hac
279 5100 341 5153 in
375 5104 534 5167 parte
582 5094 907 5150 sentiebant.
956 5090 1241 5145 Cretenses
1269 5094 1549 5155 praeterea,
1598 5083 1692 5153 qui
1730 5079 1882 5137 Jovis
1914 5081 2056 5151 apud
2097 5096 2157 5136 se
2203 5080 2474 5135 tumulum
2505 5081 2887 5144 ostendebant,
2925 5079 3114 5133 tertios
3155 5076 3400 5146 ejusdem

143 5190 225 5243 rei
495 5187 666 5242 citare
710 5185 1007 5255 possimus.
1058 5180 1203 5248 Quin
1253 5180 1419 5234 etiam
1469 5175 1717 5240 Atlantii,
1758 5188 2062 5242 omnesque
2129 5174 2390 5239 demum,
2438 5187 2578 5242 quos
2623 5171 2810 5226 Jovem
2861 5178 3016 5225 aetate
3056 5166 3404 5238 prmeessisse

144 5290 386 5347 constat,
430 5281 636 5352 quique
666 5280 780 5335 suis
807 5292 930 5333 eum
970 5274 1214 5331 historiis
1256 5272 1360 5327 Sibi
1388 5270 1757 5333 vindicarunt,
1801 5266 2088 5322 mortalem
2136 5266 2317 5336 ipsum
2351 5264 2524 5321 fuisse
2553 5280 2662 5318 uno
2694 5263 2857 5318 simul
2883 5276 2977 5316 ore
3018 5256 3400 5352 prodiderunt,

144 5391 347 5446 resque
380 5348 563 5431 ab—eo
596 5383 773 5445 gestas
801 5371 1118 5426 mortalium
1167 5383 1301 5423 sane
1348 5364 1744 5431 hominumque
1781 5361 2055 5431 proprias,
2092 5375 2296 5429 easque
2344 5359 2480 5414 nihil
2523 5359 2605 5413 vel
2653 5354 2890 5424 augusti,
2945 5351 3029 5446 vel
3076 5348 3402 5446 philosopho

144 5440 297 5540 digni
352 5440 719 5532 continentes,
774 5468 868 5520 sed
918 5464 1098 5519 omnis
1152 5461 1335 5532 nouus
1398 5456 1755 5528 turpitudinis
1792 5454 2146 5523 libidinisque
2193 5452 2382 5522 plenas
2433 5450 2898 5540 conscripserunt.
2937 5441 3075 5540 Jam-
3127 5454 3256 5497 vero
3296 5440 3404 5540 qui

147 5535 454 5633 graviorem
480 5570 539 5616 et
566 5560 935 5616 honestiorem
965 5556 1289 5627 inspeciem
1331 5568 1454 5610 sese
1502 5551 1717 5609 fabulas
1754 5557 1967 5606 mutare
1993 5549 2335 5620 proﬁtentur,
2371 5547 2439 5604 iis
2477 5544 2688 5617 Jupiter
2734 5539 2896 5595 modo
2935 5535 3115 5594 calida
3153 5535 3404 5608 quadam

226 5729 336 5801 (ει)
374 5731 446 5784 EI
477 5725 576 5796 δή.
618 5725 861 5798 Uterque
890 5741 1023 5795 mm,
1056 5725 1102 5778 εἰ
1133 5718 1211 5792 δέ,
1248 5720 1474 5777 rectius.
