3858 6224
162 294 266 351 197

1344 236 1663 355 ΡΒᾹΞΡΑΠ.
1705 298 1957 354 EVANG.
2003 298 2131 354 LIB.
2174 298 2264 354 Ill.

3342 296 3446 354 l98

154 419 316 470 εἶπον
358 414 467 487 τὴν
512 415 615 487 τῆς
662 416 973 489 πτρώδους
1011 416 1107 471 καὶ
1150 417 1327 489 ὀρείου
1357 419 1462 488 γῆς
1507 417 1724 489 δύναμιν

1864 419 1935 474 ita
1961 418 2221 487 deinceps
2251 416 2352 471 iste
2381 417 2768 487 prosequitur:
2807 436 2825 469 ι
2854 417 2912 471 1d
2935 415 3082 487 quod
3108 424 3212 479 est,
3244 415 3443 486 inquit.

154 503 253 577 τήν
277 507 337 561 δὲ
369 509 671 579 Δήμητραν
695 510 797 578 τὴν
839 508 940 579 τῆς
981 508 1202 578 πεδινῆς
1244 509 1339 561 καὶ
1370 508 1619 580 γονίμου.
1653 511 1763 580 Δη-

157 600 345 670 μήτηρ
385 598 449 654 δὲ
487 600 559 653 τὰ
592 600 694 671 μὲν
734 601 870 656 ἄλλα
898 601 1038 656 κατά
1077 600 1147 654 τὰ
1181 602 1324 655 αὺτά
1355 601 1468 672 ἔχει
1497 604 1566 673 τῇ
1611 602 1757 673 Ῥέᾳσ

152 689 435 761 διενήνοχε
457 691 537 756 δὲ,
566 693 649 745 ὅτι
673 693 708 763 ἡ
734 692 871 764 αὐτὴ
903 695 1024 747 κυεῖ
1051 693 1150 764 τὴν
1172 694 1360 764 Κόρην
1382 696 1446 748 ὲκ
1466 694 1611 759 Διὸς,
1639 711 1761 747 του-

149 781 303 834 τέστι
353 782 452 835 τὸν
493 783 658 854 κόρον
710 786 777 837 ὲκ
818 783 926 837 τῶν
973 783 1339 855 φρυγανωδῶν
1402 784 1755 855 σπερμάτων.

152 871 241 923 Διὸ
274 872 373 924 καὶ
408 871 783 926 κατέστεπται
814 875 874 926 τὸ
909 874 1107 945 βρέτας
1149 874 1322 953 αὐτῆς
1353 876 1465 937 τοῖς
1503 874 1756 944 στάχυσι,

155 965 414 1036 μήκωνες
446 982 508 1018 τε
545 966 673 1036 περὶ
704 965 875 1037 αὐτὴν
914 966 1014 1035 τῆς
1044 964 1367 1033 πολυγονίας
1402 964 1688 1035 σύμϐολον.
1730 984 1751 1016 ι

151 1054 457 1108 Κάνταῦθα
480 1044 654 1109 ’πάλιν
682 1056 894 1120 σκόπει,
927 1056 1047 1108 τίνα
1080 1056 1285 1127 τρὸπον
1317 1055 1415 1127 τὴν
1459 1057 1617 1110 Ῥέαν
1651 1074 1756 1128 μη-

148 1145 286 1216 τέρα
319 1146 467 1199 θεῶν
504 1146 828 1217 λεγομένην,
859 1147 954 1201 καὶ
982 1146 1144 1201 αὑτοῦ
1172 1147 1268 1201 τοῦ
1296 1149 1438 1212 Διὸς,
1467 1148 1618 1201 κάτω
1652 1166 1754 1202 που

150 1239 281 1309 περὶ
316 1241 531 1310 πέτρας
558 1240 654 1293 καί
678 1239 783 1308 γῆν
811 1238 1206 1309 καταϐέϐληκε,
1232 1239 1327 1292 καὶ
1356 1239 1537 1293 πάντα
1568 1240 1753 1312 φύρων

148 1329 247 1398 τὴν
290 1329 470 1400 αὐτὴν
502 1324 644 1383 εἷναί
687 1346 821 1398 φησι
866 1332 932 1400 τῇ
969 1329 1238 1400 Δήμητρι,
1260 1327 1432 1399 πλὴνι
1459 1331 1539 1383 ὅτι
1574 1330 1752 1402 διενή-

146 1436 292 1490 νοχε,
329 1420 497 1484 καθὸ,
529 1421 718 1490 φησὶν,
749 1422 783 1489 ἡ
817 1423 1082 1493 Δημήτηρ
1108 1423 1173 1474 ἐκ
1210 1422 1332 1484 Διὸς
1364 1426 1485 1475 κυεῖ
1517 1423 1613 1494 τὴν
1641 1425 1751 1478 K6-

148 1529 269 1584 ρηνο
308 1511 502 1583 ὥςπερ
543 1509 639 1565 οὖν
665 1514 699 1583 ἡ
727 1513 918 1577 πεδιὰς
952 1515 1021 1584 γῆ
1050 1513 1141 1567 τὸν
1185 1514 1347 1586 κόρον
1375 1516 1440 1568 ὲκ
1471 1515 1579 1568 τῶν
1613 1534 1751 1588 φρυ-

144 1600 409 1668 γανωδῶν
444 1602 975 1672 σπερμάτων.ι“Ιδού
1013 1619 1095 1656 σοι
1134 1604 1296 1657 πάλιν
1335 1606 1363 1657 6
1395 1606 1529 1670 Ζεὺς
1568 1608 1649 1671 εἰς
1680 1607 1749 1662 τὰ

142 1693 481 1766 φρυγανὼδη
534 1696 826 1768 σπέρματα
881 1697 1296 1769 μεταϐέϐληται.
1351 1699 1574 1764 Τούτοις
1622 1701 1750 1773 ἑξῆς

1866 510 1920 564 in
1962 519 2178 563 terrena
2198 508 2250 562 vi
2286 508 2542 578 princeps
2568 517 2734 579 atque
2763 508 3111 579 primarium,
3152 506 3309 562 Vesta
3345 522 3444 561 no-

1862 601 2124 664 minatur,
2161 598 2323 668 cujus
2359 598 2718 654 simulacrum
2751 600 2991 671 virginea
3045 599 3226 669 specie
3285 599 3442 668 juxta

1861 690 2044 745 focum
2073 688 2300 743 excitari
2330 688 2700 759 collocarique
2725 689 2863 744 solet
2891 707 2906 744 :
2938 699 3214 759 quatenus
3254 698 3439 742 autem

1861 779 2095 835 fecunda
2128 780 2215 833 vis
2243 778 2334 832 illa
2363 787 2468 841 est,
2498 780 2745 835 eamdem
2805 779 3202 834 uberumtenus
3242 779 3443 832 mulie-

1862 873 1942 925 bri
1986 870 2161 925 forma
2187 884 2503 940 expressam
2535 871 2846 925 voluerunt.
2886 867 2953 923 Et
2998 867 3168 939 Opem
3220 870 3440 938 quidem

1860 963 2092 1032 lapidosi
2128 977 2193 1017 ac
2219 962 2484 1026 montani,
2521 961 2777 1016 Cererem
2812 976 2943 1016 vero
2989 962 3135 1030 plani
3164 961 3442 1031 ejusdem-

1857 1069 1964 1124 que
1991 1053 2188 1109 feracis
2219 1055 2320 1109 soli
2370 1056 2482 1109 vim
2524 1054 2886 1123 appellarunt.
2933 1051 3069 1107 Nam
3105 1053 3273 1110 Ceres
3313 1071 3438 1109 cum

1857 1159 2047 1201 caetera
2094 1147 2253 1217 plane
2292 1149 2478 1203 omnia
2523 1162 2648 1200 cum
2691 1145 2805 1215 Ope
2851 1147 3170 1200 communia
3223 1148 3438 1210 habeat,

1857 1246 1972 1291 tum
2005 1239 2108 1293 hoc
2134 1239 2205 1294 ab
2230 1238 2319 1292 illa
2351 1237 2558 1301 diﬂ‘ert,
2581 1237 2725 1305 quod
2761 1238 2877 1306 ipsa
2912 1238 3119 1309 Κόρην,
3154 1237 3437 1307 Ρτοεετρίο

1856 1345 1984 1383 nam
2015 1346 2078 1383 ex
2111 1328 2268 1394 Jove,
2304 1330 2408 1385 hoc
2449 1340 2532 1384 est
2578 1328 2762 1399 κόρον,
2789 1339 3065 1384 recentem
3091 1338 3145 1384 et
3176 1332 3438 1386 tenelluin

1854 1435 1921 1474 ex
1951 1423 2282 1475 cretniorum
2319 1436 2383 1476 ac
2430 1430 2757 1475 cacterorum
2813 1421 3136 1491 hujusmodi
3176 1423 3441 1494 virgulto-

1852 1527 1975 1565 rum
2012 1512 2315 1567 seminibus
2363 1527 2576 1566 ramum
2622 1512 2818 1565 educat
2862 1531 2875 1566 :
2929 1528 3050 1582 quae
3076 1530 3243 1570 causa
3271 1517 3437 1571 etiam

1852 1614 1955 1667 est,
1996 1604 2354 1673 quamobrem
2384 1604 2555 1673 ipsius
2585 1603 2790 1674 efﬁgies
2823 1606 2988 1674 spicis
3023 1616 3341 1671 coronetur,
3373 1624 3438 1665 ac

1850 1695 2251 1763 papaveribus,
2321 1710 2445 1764 qua:
2509 1710 2723 1765 magnae
2783 1694 3136 1753 fecunditatis
3185 1683 3438 1770 symboia

143 1762 512 1842 ὲπισυνάπτει
533 1762 729 1858 λέγῶν·
774 1809 797 1842 ι
844 1762 998 1843 ’ἐπεὶ
1020 1790 1077 1844 δὲ
1102 1762 1195 1844 καλ¹
1218 1790 1326 1843 τῶν
1361 1794 1440 1855 εἰς
1478 1762 1580 1863 γῆν

1850 1794 1998 1850 sunt,
2051 1786 2343 1841 ambiatur.
2389 1805 2409 1837 ι
2480 1784 2580 1841 Hic
2635 1803 2855 1843 rursum
2903 1790 3145 1856 videsis,
3205 1793 3436 1863 amabo,

140 1868 391 1945 λομενων
436 1879 769 1948 σπερμάτων
811 1874 881 1950 ἦν
923 1896 1006 1942 τις
1053 1879 1301 1951 δύναμις,
1332 1881 1399 1952 ἣν
1426 1870 1575 1953 ἥλιος
1620 1887 1748 1956 περὶ

144 1967 204 2019 τὸ
234 1967 392 2021 κάτω
419 1968 779 2040 ήμισῳαίριον
802 1968 896 2023 ἰὼν
925 1970 1071 2024 ἓλκει
1102 1972 1245 2027 κατά
1287 1974 1386 2037 τὰς
1424 1977 1747 2047 χειμερινὰς

142 2059 374 2129 τροπὰς,
403 2062 562 2134 Κόρη
596 2062 696 2133 μὲν
723 2064 757 2133 ἡ
785 2061 1013 2135 δύναμις
1037 2066 1069 2136 ἡ
1104 2065 1539 2138 σπερματοιῆίος,
1575 2067 1747 2121 Πλού-

138 2168 249 2204 των
282 2152 343 2205 δὲ
374 2155 405 2206 6
429 2154 537 2206 ὑπὸ
567 2154 672 2225 γῆν
702 2153 798 2209 ξὼν
833 2154 1005 2225 ἥλιος,
1038 2157 1133 2210 καὶ
1166 2156 1260 2212 τὸν
1305 2159 1489 2230 ἀφανῆ
1530 2176 1747 2235 περινο-

143 2243 288 2297 στῶν
327 2244 560 2314 κόσμον,
606 2246 819 2309 καὶτὰς
846 2248 1161 2320 χειμερίους
1194 2251 1431 2321 τροπάςο
1464 2251 1524 2316 δς
1564 2251 1746 2324 ἀρπά-

136 2331 261 2400 ζειν
310 2335 535 2404 λέγεται
573 2335 673 2407 τὴν
712 2339 920 2410 Κόρην,
961 2340 1027 2411 ἣν
1065 2339 1276 2413 ποθεϊή
1317 2343 1581 2415 Δημήτηρ
1611 2362 1745 2416 κρυ-

135 2422 429 2494 πτομὲνην
460 2423 565 2476 ὑπὸ
586 2424 709 2494 γῆν.
740 2425 864 2479 Τῶν
893 2426 950 2479 δὲ
981 2428 1318 2500 ἀκροδρύων,
1347 2430 1443 2484 καὶ
1470 2432 1608 2497 ὅλως
1631 2433 1744 2488 τῶν

137 2513 487 2579 φυτευτικῶν
534 2517 569 2586 ή
613 2515 863 2586 δύναμις,
921 2517 1170 2579 Διόνυσος
1210 2520 1550 2591 ὀνομάζεται.
1602 2525 1742 2597 Ὅρα

130 2599 195 2654 δὲ
250 2603 351 2655 καὶ
392 2603 601 2657 τούτων
644 2605 744 2667 τὰς
784 2605 1020 2669 εἰκόνας.
1068 2607 1320 2678 Σύμϐολα
1362 2610 1471 2684 γὰρ
1513 2615 1546 2683 ἡ
1588 2613 1739 2687 Κόρη

128 2692 300 2763 φέρει
326 2694 428 2764 τῆς
458 2693 731 2765 προϐολῆς
751 2695 859 2747 τῶν
884 2696 1024 2749 κατὰ
1045 2700 1168 2761 τοὺς
1194 2701 1441 2771 καρποὺς
1473 2703 1612 2774 ὑπὲρ
1640 2706 1741 2777 τὴν

124 2784 246 2854 γῆν
292 2784 598 2852 ἐκφύσεων·
644 2789 674 2839 6
721 2786 779 2839 δὲ
826 2788 1077 2852 Διόνυσος
1130 2790 1287 2844 κοινά
1325 2793 1425 2863 μὲν
1463 2796 1599 2866 πρὸς
1638 2796 1740 2868 τὴν

123 2876 333 2946 Κὸρην
360 2875 477 2946 ἔχει
501 2877 571 2931 τὰ
612 2879 841 2949 κέρατα,
873 2880 989 2934 ἔστι
1025 2881 1082 2935 δὲ
1117 2882 1484 2956 θηλύμορφος,
1520 2887 1739 2958 μηνύων

120 2965 240 3035 τὴν
289 2968 419 3036 περὶ
470 2969 571 3039 τὴν
614 2969 828 3038 γένεσιν
870 2971 975 3023 τῶν
1009 2973 1325 3046 ἀκροδρύων
1372 2977 1738 3051 ἀρῤενόθηλυν

120 3055 393 3159 δύναμιν.
421 3058 693 3159 .Πλούτων
720 3061 776 3114 δὲ
820 3065 849 3115 6
886 3062 1069 3133 Κόρης
1097 3064 1279 3136 ἅρπαξ
1313 3067 1460 3122 κύων
1492 3069 1604 3138 (87)
1638 3070 1738 3142 μὲν
1765 3103 1807 3159 C

122 3144 253 3214 ἔχει
280 3144 380 3199 τοῦ
409 3146 652 3216 ἀφανοῦς
684 3150 847 3204 πόλου
874 3151 1160 3223 σύμϐολον·
1195 3155 1258 3208 τὸ
1284 3156 1344 3209 δὲ
1370 3159 1644 3231 σκῆπτρον
1677 3161 1740 3215 τὸ

124 3237 365 3288 κολοϐὸν
397 3242 625 3308 σημεῖον
654 3240 755 3310 τῆς
787 3241 896 3295 τῶν
920 3244 1070 3298 κάτω
1102 3245 1399 3316 βασιλείαςο
1433 3251 1462 3302 6
1487 3249 1548 3306 δὲ
1590 3250 1738 3306 κύων

125 3327 302 3380 αὐτοῦ
333 3328 490 3400 δηλοί
513 3331 612 3401 τὴν
642 3332 838 3403 κύησιν
865 3335 975 3389 τῶν
1005 3339 1253 3408 καρπῶν,
1284 3343 1364 3405 εὶς
1398 3342 1524 3414 τρία
1551 3343 1739 3418 διῃρη-

135 3419 335 3490 μένην,
364 3422 448 3485 εἰς
480 3422 579 3493 τὴν
603 3424 928 3497 καταϐολὴν,
954 3428 1049 3480 καὶ
1073 3430 1171 3501 τὴν
1206 3431 1492 3503 ὑποδοχὴν,
1517 3435 1611 3489 καὶ
1637 3435 1736 3507 τὴν

132 3512 409 3566 ἀνάδοσιν.
466 3513 543 3566 Οὐ
588 3514 698 3587 γὰρ
746 3518 897 3588 παρὰ
951 3519 1014 3572 τὸ
1052 3518 1151 3583 τὰς
1184 3520 1363 3592 κῆρας
1404 3521 1550 3592 ἔχειν
1599 3526 1737 3598 πρὸς

141 3601 368 3675 βορρᾶν,
390 3606 420 3658 ὸ
445 3606 599 3676 δηλοῖ
621 3608 722 3672 τὰς
743 3609 941 3679 ψυχὰς,
968 3610 1231 3682 κέκληται
1248 3612 1416 3678 κύων,
1433 3614 1568 3668 ἀλλά
1585 3618 1736 3687 παρά

132 3696 196 3749 τὸ
215 3702 395 3761 κυεῖν,
422 3701 459 3768 ἡ
483 3702 713 3771 χορηγὸς
738 3702 849 3774 (88)
879 3705 907 3756 6
928 3703 1201 3772 Πλούτων,
1230 3705 1356 3759 ὅταν
1386 3708 1607 3781 ἁρπάσῃ
1634 3709 1734 3779 τὴν

134 3789 346 3860 Κόρην.
371 3791 565 3854 Ἀττις
601 3791 781 3845 δὲκαὶ
820 3794 1047 3860 ’Ἄδωνις
1089 3800 1155 3869 τῇ
1194 3797 1305 3851 τῶν
1356 3800 1584 3871 καρπῶν
1624 3797 1734 3854 εἶεν

130 3882 403 3955 ἀναλογία
434 3885 825 3955 προσήκοντες.
861 3884 998 3939 Ἀλλ’
1039 3889 1067 3941 6
1102 3890 1200 3960 μὲν
1231 3890 1416 3953 Ἀττις
1454 3890 1561 3944 τῶν
1592 3892 1734 3946 κατά

126 3976 193 4029 τὸ
219 3977 326 4048 ἔαρ
360 3977 812 4048 προφαινομένων
836 3978 1031 4045 ἀνθῶν,
1066 3981 1160 4034 καὶ
1188 3982 1319 4053 πρὶν
1353 3982 1731 4055 τελεσιογονῆ-

133 4087 225 4123 σαι
272 4070 390 4140 (89)
431 4069 815 4139 διαρῤεὸντων.
862 4070 1024 4123 Ὅθεν
1074 4072 1167 4125 καὶ
1224 4071 1323 4143 τὴν
1355 4072 1463 4127 τῶν
1518 4073 1731 4127 αἰδοίων

129 4161 424 4231 (tmasz
457 4160 606 4230 αὐτῷ
640 4160 1061 4231 προσανέθεσαν,
1101 4160 1175 4233 μὴ
1205 4162 1527 4232 φθασάντων
1556 4165 1730 4218 ἐλθεῖν

130 4251 238 4304 τῶν
280 4248 519 4320 καρπῶν
568 4250 647 4311 εἰς
690 4248 784 4320 τὴν
833 4250 1209 4321 σπερματικὴν
1260 4251 1555 4307 τελείωσιν⁹
1597 4257 1625 4306 6
1673 4254 1729 4308 δὲ

139 4340 373 4402 Ἄδωνις
400 4338 503 4407 τῆς
533 4337 644 4390 τῶν
673 4337 892 4390 τελείων
918 4338 1141 4410 καρπῶν
1170 4340 1410 4411 ὲκτομῆς
1440 4341 1723 4413 σύμϐολον.

1847 1875 2307 1945 quemadmodum
2339 1876 2441 1930 iste
2467 1873 2637 1945 Opem
2658 1878 2829 1943 illam,
2860 1896 3002 1950 quae,
3038 1896 3164 1935 cum
3197 1892 3426 1938 caetero-

1846 1982 1970 2021 rum
2003 1971 2293 2023 numinum
2323 2007 2338 2033 ,
2367 1978 2482 2023 tum
2516 1969 2690 2038 ipsius
2716 1968 2868 2027 Jovis
2900 1983 3078 2028 mater
3108 1975 3434 2044 appellatur,

1846 2058 2107 2112 deorsum
2160 2059 2215 2113 in
2274 2074 2407 2114 saxa
2457 2067 2774 2130 terramque
2808 2062 3089 2133 abjecerit,
3140 2067 3436 2137 omniaque

1845 2150 2086 2207 miscens
2137 2161 2301 2222 atque
2341 2150 2707 2221 confundens,
2764 2157 3014 2212 eamdem
3063 2157 3211 2213 illam
3242 2158 3434 2217 fecerit

1845 2256 2012 2310 quam
2039 2241 2324 2311 Cererem,
2359 2244 2465 2299 hoc
2496 2254 2708 2301 tantum
2743 2247 3086 2313 discrimine,
3149 2252 3296 2323 quod
3322 2251 3431 2309 Ce-

1846 2350 1954 2399 res,
1986 2336 2186 2407 inquit,
2216 2335 2602 2408 Proserpinam
2631 2355 2698 2395 ex
2724 2338 2857 2399 Jove
2907 2345 3107 2414 pariat,
3151 2350 3430 2418 quomodo

1845 2427 2056 2483 scilicet
2084 2429 2307 2498 planum
2344 2438 2506 2485 terrae
2533 2432 2713 2487 solum
2742 2449 2810 2489 ex
2842 2438 3177 2493 cremiorum
3212 2441 3428 2510 virgul-

1843 2526 2137 2590 torumque
2168 2522 2472 2580 seminibus
2504 2541 2696 2582 recens
2746 2542 2812 2581 ac
2863 2528 3140 2583 novellum
3198 2547 3423 2599 germen

1842 2610 2044 2666 educit.
2092 2610 2234 2667 Ecce
2277 2613 2375 2667 tibi
2411 2613 2626 2686 Jupiter
2659 2618 2715 2672 in
2747 2619 3079 2672 cremiorum
3139 2621 3305 2675 etiam
3362 2639 3427 2680 ac

1840 2700 2202 2772 virgultorum
2230 2704 2440 2759 semina
2470 2717 2860 2764 commutatus.
2894 2708 3124 2776 Verum,
3152 2728 3274 2783 quae
3295 2715 3426 2769 sub-

1840 2790 2063 2862 jungat,
2125 2794 2464 2851 audiamus:
2518 2816 2537 2849 ι
2580 2797 2646 2853 Ει
2676 2801 2962 2869 quoniam,
2991 2802 3189 2871 inquit,
3230 2819 3423 2861 eorum

1841 2883 2135 2948 seminum,
2168 2901 2290 2953 qua:
2320 2898 2479 2943 terra:
2514 2893 2953 2957 committuntur,
2985 2894 3066 2947 vis
3098 2896 3346 2964 quaedam
3370 2906 3425 2952 et

1839 2971 2134 3028 eﬂicacitas
2160 2984 2264 3040 est,
2298 2992 2462 3047 quam
2496 2980 2578 3033 sol
2614 2981 2679 3033 ad
2706 2979 2939 3035 inferius
2972 2981 3419 3053 hemispbmrium

1840 3065 2226 3134 progrediens,
2271 3067 2418 3121 circa
2466 3069 2703 3125 hiemale
2748 3071 3047 3126 solstitium
3093 3089 3281 3130 secum
3311 3091 3422 3132 una

1840 3155 2066 3221 deferat,
2099 3156 2427 3228 Proserpina
2466 3161 2688 3230 quidem
2729 3162 2811 3218 vis
2870 3163 2960 3218 illa
3009 3174 3092 3219 est
3144 3166 3418 3223 seminum

1839 3251 2234 3318 conservatrix,
2272 3252 2431 3308 Pluto
2466 3269 2596 3309 vero
2623 3256 2727 3321 sol,
2759 3256 2855 3325 qui
2880 3257 3028 3312 circa
3064 3257 3277 3315 bruma:
3310 3261 3420 3314 sol-

1840 3342 2071 3409 stitium,
2100 3343 2204 3398 sub
2235 3352 2438 3399 terram
2491 3361 2832 3414 commeans,
2882 3347 3141 3405 latentem
3175 3360 3231 3405 et
3260 3352 3419 3421 igno-

1840 3441 1953 3486 tum
1985 3434 2175 3488 orbem
2223 3433 2613 3490 circumeundo
2642 3447 2916 3507 peragrat.
2948 3441 3124 3513 Atque
3166 3442 3253 3496 bis
3280 3441 3416 3497 Pro-

1838 3526 2113 3594 serpinam
2149 3528 2399 3597 rapuisse
2430 3537 2717 3598 propterea
2766 3532 2989 3596 dicitur,
3047 3550 3214 3603 quam
3248 3534 3415 3591 Ceres

1836 3618 1939 3671 sub
1972 3628 2114 3672 terra
2144 3619 2520 3673 absconditam
2553 3636 2772 3676 summo
2807 3624 3080 3679 desiderio
3108 3640 3413 3696 prosequa-

1836 3715 1946 3762 tur.
1982 3707 2051 3761 At
2077 3723 2204 3763 vero
2240 3708 2513 3765 fructuum
2543 3711 2676 3778 vim,
2707 3728 2818 3767 non
2857 3730 3048 3770 eorum
3090 3717 3255 3771 modo
3288 3718 3412 3787 (ιυί-

1834 3794 1938 3850 bus
1967 3795 2099 3866 ligni
2129 3797 2308 3852 simile
2342 3808 2600 3868 putamen
2653 3809 2758 3865 est,
2817 3803 2912 3857 sed
2945 3806 3109 3859 etiam
3160 3808 3409 3862 omnium

1838 3888 2063 3943 omnino
2087 3889 2183 3958 qui
2231 3904 2295 3943 ex
2327 3890 2529 3959 plantis
2581 3892 2861 3958 oriuntur,
2907 3892 3181 3950 Bacchum
3227 3898 3409 3967 appel-

1833 3975 1967 4031 lant.
2013 3976 2091 4032 Ac
2130 3978 2265 4031 mihi
2320 3987 2375 4032 tu
2428 3994 2617 4033 eorum
2674 3982 2943 4052 imagines
3014 3988 3405 4056 contemplare.

1830 4064 1966 4121 Nam
1996 4066 2319 4137 Proserpina
2349 4071 2567 4138 quidem
2593 4073 2836 4142 symbola
2884 4074 2989 4129 fert
3023 4077 3407 4133 exsistentium

1831 4174 1994 4229 supra
2028 4168 2226 4215 terram
2258 4178 2287 4216 a
2318 4172 2561 4235 semente
2601 4165 2908 4234 germinum
2952 4185 2966 4221 :
3014 4165 3266 4225 Bacchus
3305 4186 3404 4225 au-

1830 4258 1963 4317 tem,
1998 4249 2087 4304 cui
2142 4254 2455 4306 communia
2509 4263 2638 4307 sunt
2686 4269 2808 4308 cum
2838 4257 3027 4310 eadem
3076 4256 3407 4329 Proserpina

1830 4358 2057 4408 cornua,
2084 4346 2337 4401 muliebri
2366 4348 2544 4417 specie
2578 4347 2819 4416 fingitur,
2849 4359 2908 4402 ut
2938 4349 3046 4403 vim
3081 4350 3249 4414 illam,
3283 4368 3409 4421 qua:

143 4439 202 4491 'O
224 4437 284 4490 δὲ
318 4435 579 4504 Σειληνὸς
608 4433 874 4505 σύμϐολον
900 4435 998 4505 τῆς
1025 4438 1399 4508 πνευματικῆς
1432 4439 1722 4509 κινήσεως,

1841 4438 2137 4505 plantarum
2172 4437 2440 4494 fructibus
2470 4440 2632 4503 inest,
2662 4453 2727 4493 ex
2770 4441 3013 4494 mascula
3062 4440 3408 4513 femineaque

134 4530 231 4582 oin:
244 4529 409 4596 ὀλίγα
434 4525 884 4597 συμϐαλλομένης
915 4525 995 4597 τῷ
1023 4527 1201 4579 παντί.
1237 4527 1489 4599 Σύμϐολα
1524 4529 1581 4582 δέ
1608 4531 1721 4583 ἐστι

134 4623 193 4674 τὸ
225 4623 330 4692 μὲν
359 4619 620 4691 φίλανθον
659 4619 752 4672 καὶ
782 4617 1032 4672 στιλπνὸν
1060 4617 1200 4672 κατά
1232 4618 1328 4690 τὴν
1357 4620 1597 4691 κεφαλὴν
1623 4622 1723 4692 τῆς

133 4714 387 4785 οὐρανίου
444 4712 786 4782 περιφορᾶς,
837 4712 872 4782 ἡ
915 4709 973 4763 δὲ
1014 4711 1371 4783 περικειμένη
1421 4711 1565 4783 κόμη
1609 4714 1723 4775 τοῖς

133 4805 283 4859 κάτω
319 4804 549 4874 μέρεσιν
583 4801 746 4854 αὑτοῦ
780 4802 1085 4872 ὑπόδειγμα
1129 4802 1228 4872 τῆς
1276 4803 1565 4874 προσγείου
1594 4804 1722 4873 περὶ

129 4898 218 4949 τὸν
248 4896 393 4966 ἀέρα
427 4892 762 4962 παχύτητος.
803 4891 958 4943 Ἐπεὶ
992 4891 1047 4943 δὲ
1074 4890 1175 4960 τῆς
1204 4893 1297 4944 καὶ
1332 4891 1596 4962 μαντικῆς
1633 4891 1722 4944 δυ-

131 4984 353 5055 νάμεώς
378 4999 466 5045 τις
496 4982 720 5053 μέτοχος
748 4977 815 5051 ἦν
847 4979 1095 5051 δύναμις,
1130 4980 1298 5051 Θέμις
1333 4982 1431 5051 μὲν
1462 4980 1721 5051 κέκληται

132 5077 442 5147 ἠδύναμις,
468 5073 548 5144 τῷ
576 5073 642 5127 τὰ
668 5072 957 5143 τεθειμένα
986 5073 1081 5126 καὶ
1114 5072 1329 5141 ἑκάστῳ
1375 5073 1602 5143 κείμενα
1633 5072 1721 5125 λέ-

177 5255 317 5346 .(⁸⁷)
595 5250 786 5332 Mm":
816 5247 1346 5346 κδὲσξιδῖἷῗῗηῗὲῗὶξ
1370 5246 1714 5346 ³.¹ξῗῖ;ἠκῖῗῖ³2¹;

131 5319 270 5383 κύνα
294 5319 443 5397 μέν.
473 5322 625 5377 Alter
656 5321 847 5391 κυνῆν,
878 5335 1001 5390 quae
1026 5335 1153 5374 vera
1204 5319 1336 5373 mihi
1394 5320 1553 5373 lectio
1598 5319 1715 5373 visa

134 5409 234 5453 est.
261 5395 397 5451 Orci
449 5394 596 5447 enim
629 5394 850 5469 galeam
896 5390 1167 5469 intelligit.
1204 5388 1350 5469 Sane
1388 5390 1552 5469 paulo
1595 5398 1717 5469 post

133 5470 303 5529 addit,
352 5478 548 5519 canem
595 5458 740 5517 aliud
786 5458 1083 5531 quoddam
1110 5458 1355 5513 Plutonis
1402 5459 1711 5530 symbolum

136 5537 328 5675 “iis?
370 5605 434 5659 Ἠ
471 5604 743 5675 χορῃτός.
789 5602 849 5675 Si
892 5600 1031 5675 nihil
1076 5599 1301 5655 omnino
1329 5598 1500 5675 deest,
1529 5598 1712 5667 legen-

135 5669 261 5751 dam
296 5669 887 5751 ’νίόειιιίῇχορηγρςς
915 5672 968 5751 id
1006 5680 1108 5751 est,
1139 5686 1268 5751 qua,
1294 5669 1393 5751 .vel
1439 5678 1709 5751 quatenus

139 5750 247 5803 vim
268 5764 391 5804 eam
426 5740 763 5817 suppe'iti'tat."
782 5740 1014 5833 Plenius
1046 5742 1180 5797 forte
1208 5741 1310 5812 legi
1340 5740 1531 5811 possit,
1557 5740 1707 5812 παρὰ

1827 4527 2115 4584 conflatam
2142 4531 2430 4602 signiﬁcet.
2459 4530 2619 4586 Pluto
2645 4531 2735 4586 ille
2762 4542 3044 4601 praterea,
3070 4535 3164 4604 qui
3185 4534 3406 4590 Proser-

1824 4622 2006 4691 pinam
2063 4625 2263 4693 rapuit,
2297 4625 2505 4695 galeam
2538 4633 2734 4695 gestat,
2785 4640 2908 4695 quaa
2938 4626 3195 4680 latentem
3243 4627 3404 4697 igno~

1824 4724 2051 4786 tumque
2076 4718 2262 4787 polum
2300 4728 2653 4787 repraesentet
2696 4737 2708 4771 :
2757 4728 3014 4773 truncum
3071 4720 3198 4774 item
3237 4722 3402 4774 muti-

1832 4805 2055 4876 lumque
2105 4817 2402 4877 sceptrum,
2433 4823 2543 4877 quo
2590 4806 2840 4876 ejusdem
2890 4808 2945 4862 in
2997 4823 3188 4864 manes
3240 4810 3401 4880 110

1823 4895 2159 4965 umbrasque
2198 4897 2486 4967 imperium
2520 4898 2814 4952 denotetur
2854 4915 2868 4952 :
2923 4912 3115 4953 canem
3163 4900 3399 4969 denique

1822 4985 2005 5053 habet,
2052 4988 2145 5057 qui
2192 4986 2410 5058 frugum
2463 4989 2711 5059 designet
2750 4990 3223 5059 procreationem,
3277 5008 3399 5061 quae

1820 5078 2006 5134 tribus
2050 5079 2216 5134 veluti
2271 5080 2537 5149 partibus,
2586 5090 2828 5136 semente
2872 5080 3139 5147 facienda,
3179 5084 3399 5139 eadem--

1817 5252 1877 5306 τὸ
1903 5254 2057 5305 κυεῖν
2080 5250 2178 5326 τῂν
2206 5252 2332 5321 γῆν,
2366 5246 2402 5326 ᾗ
2434 5254 2690 5324 χορηγός,
2717 5253 2803 5308 vel
2832 5253 3015 5323 potius
3043 5244 3104 5307 οὗ
3135 5256 3398 5325 χορηγός,

1817 5339 2012 5390 nempe
2042 5323 2136 5376 τοῦ
2163 5326 2333 5377 κυεῖν.

1887 5394 1999 5462 (89)
2044 5391 2561 5462 Τελεσιογονῆσαι.
2605 5392 2759 5447 Haud
2808 5401 3010 5447 temere
3049 5393 3277 5446 verbum
3310 5412 3399 5446 τε-

1814 5462 2139 5534 λεσιογονεῖν
2172 5465 2439 5532 reperias;
2492 5479 2635 5532 saepe
2678 5462 3091 5530 τελεσσιγονεῖν.
3120 5462 3282 5517 Forte
3314 5474 3397 5518 ta-

1812 5549 1936 5605 men
1966 5533 1995 5584 ο
2026 5534 2174 5588 istud
2207 5533 2371 5605 inseri
2408 5534 2700 5603 aliquando
2730 5534 3016 5605 p_ossit,_ut
3061 5535 3115 5587 in
3144 5534 3396 5605 εὑρεσιοέ

1811 5603 1965 5681 λοχία
1999 5619 2096 5681 pro
2124 5601 2701 5681 εὑρεσιλογίαζεμριέ.
2734 5601 3094 5681 'Sanejnfra,
3126 5601 3252 5678 pag.
3290 5604 3393 5661 H9

1811 5675 2003 5730 eodem
2034 5675 2231 5731 iterum
2262 5676 2426 5730 modo
2454 5674 2717 5745 scriptum
2746 5674 3040 5745 reperitur.
