3858 6224
423 221 527 319 499

1075 254 1352 333 EUSEBII
1386 248 1869 310 CAESARIENSIS
1908 247 2059 303 OPP.
2103 242 2284 301 PARS
2321 242 2389 297 11.
2428 271 2498 283 —-
2540 237 3040 296 APOLOGETICA.

3563 242 3667 300 200

419 395 529 449 que
555 393 680 433 cum
706 375 1048 446 excipienda,
1086 385 1200 430 tum
1230 375 1298 429 ad
1325 381 1629 429 extremum
1675 371 1730 424 in
1765 369 1988 424 herbam

2094 381 2234 434 γειν.
2266 362 2445 433 Διάδὴ
2475 361 2691 415 πάντων
2716 360 2919 413 τούτων
2944 362 2978 431 ἡ
3001 358 3129 430 περὶ
3154 357 3257 430 γῆν
3274 358 3523 431 δύναμις.
3552 361 3667 429 ἐξη-

416 483 474 527 et
500 472 742 527 culmum
775 469 1054 524 educenda
1075 463 1418 524 continetur.
1444 462 1630 533 Neque
1650 462 1795 517 enim
1833 476 1897 516 ex
1928 475 1994 514 eo

416 564 568 635 quod
600 564 718 633 ipse
753 563 952 633 κῆρας,
994 561 1097 614 hoc
1143 568 1227 614 est
1273 558 1507 621 animas,
1555 570 1693 626 quas
1748 553 1991 613 devoret,

416 655 620 710 habeat
655 653 824 718 κύων,
852 653 905 707 id
940 661 1025 707 est
1062 651 1239 715 canis,
1279 649 1602 720 appellatur,
1634 645 1727 701 sed
1755 643 1906 714 παρὰ
1933 642 1995 696 τὸ

413 749 590 812 κυεῖν,
627 749 730 803 hoc
770 756 855 801 est
885 760 914 798 a
947 743 1058 799 feto
1104 742 1436 813 gravidoque
1470 749 1628 795 terra).
1682 746 1859 803 utero,
1902 735 1993 790 cui

412 839 777 912 progignendi
830 839 943 892 vim
971 836 1134 892 Pluto
1179 834 1513 904 suppeditat,
1549 848 1676 886 cum
1710 829 1994 899 Proserpi-

413 947 544 986 nam
574 931 738 1001 rapit.
772 928 916 995 Quin
944 928 1110 983 etiam
1140 928 1284 982 Attis
1311 935 1366 980 et
1392 925 1601 980 Adonis
1629 924 1870 994 aliquam
1894 922 1992 975 ha-

412 1019 550 1074 bent
599 1034 724 1073 cum
775 1017 971 1072 iisdem
1016 1015 1268 1085 frugibus
1295 1015 1725 1085 proportionem.
1758 1012 1825 1067 Et
1851 1012 1993 1067 Attis

411 1111 637 1181 quidem
687 1125 812 1164 cum
860 1109 931 1165 iis
976 1106 1208 1162 ﬂoribus
1244 1113 1616 1174 comparatur,
1667 1102 1762 1171 qui
1811 1103 1991 1171 primo

412 1215 541 1255 vere
568 1215 694 1254 cum
724 1198 1109 1264 excludantur,
1144 1197 1377 1252 necdum
1406 1196 1620 1264 integro
1663 1200 1991 1261 maturoquc

410 1289 594 1347 fructu
642 1290 922 1346 decidunt.
977 1289 1039 1344 ld
1088 1288 1235 1359 quod
1280 1286 1336 1340 in
1365 1298 1527 1341 causa
1557 1285 1679 1349 fult,
1705 1300 1804 1339 cur
1832 1298 1991 1338 exse-

411 1393 562 1438 ctum
605 1383 758 1437 illum
801 1382 1067 1445 dicerent,
1102 1395 1214 1450 quo
1245 1378 1456 1435 fructus
1502 1393 1598 1432 eos
1640 1376 1992 1447 designarent

414 1472 511 1541 qui
545 1471 790 1526 nondum
820 1471 903 1526 vis
927 1469 1208 1525 seminalis
1229 1477 1420 1524 essent
1439 1467 1807 1520 maturitatem
1836 1480 1990 1518 asse-

413 1563 547 1618 cuti.
604 1562 811 1617 Adonis
857 1568 1041 1616 autem
1083 1570 1423 1614 maturarum
1477 1558 1694 1627 frugum
1753 1570 1986 1611 messem

418 1661 794 1724 repraesentat.
830 1650 951 1707 Jam
984 1650 1203 1706 Silenus
1237 1648 1500 1720 Spiritalis
1545 1655 1730 1701 motus
1764 1645 1989 1715 symbo—

413 1742 529 1798 lum
553 1752 659 1809 est,
688 1743 784 1812 qui
817 1750 874 1797 et
904 1742 1022 1811 ipse
1054 1755 1165 1795 non
1197 1754 1393 1809 parum
1424 1736 1682 1791 universo
1708 1733 1987 1797 conducit;
2020 1706 2065 1767 Β

415 1841 470 1887 et
524 1832 746 1902 quidem
794 1843 1024 1887 ornatus
1069 1831 1264 1900 capitis
1314 1828 1542 1883 tioribus
1590 1841 1655 1880 ac
1705 1825 1995 1894 splendore

398 1922 769 1991 conspicuus,
797 1921 1073 1976 caelestem
1110 1919 1522 1975 conversionem
1546 1934 1560 1982 ;
1587 1915 1837 1972 caesaries
1867 1929 1996 1968 vero

412 2016 485 2072 ad
516 2024 701 2086 partes
731 2015 980 2085 ejusdem
1013 2014 1302 2069 inferiores
1349 2025 1525 2081 usque
1551 2008 1846 2079 promissa,
1887 2017 1996 2062 ter-

414 2107 582 2162 restri
633 2106 869 2161 similem
909 2106 1052 2161 aeris
1104 2104 1529 2160 crassitudinem
1580 2109 1860 2169 utcunque
1898 2099 1998 2154 ad-

412 2198 652 2254 umbrat.
676 2196 743 2252 Et
764 2197 1026 2267 quoniam
1056 2197 1141 2252 vis
1160 2204 1419 2267 praeterea
1441 2193 1723 2250 divinandi
1747 2191 1993 2262 quaedam

414 2292 612 2356 inerat,
645 2289 879 2345 Themin
911 2290 1031 2359 ipsa
1064 2288 1445 2354 nominarunt,
1478 2284 1640 2355 quasi
1668 2283 1901 2354 singulis
1925 2282 1994 2336 τὰ

394 2384 724 2454 τεθειμένα,
747 2381 853 2437 hoc
874 2389 959 2437 est
985 2395 1074 2435 res
1095 2379 1208 2435 fato
1237 2380 1567 2433 constitutas
1595 2386 1996 2446 eventurasque

411 2474 766 2545 praenuntiet.
792 2471 969 2542 Atque
998 2471 1144 2525 hunc
1172 2469 1229 2523 in
1258 2468 1482 2536 modum
1510 2468 1616 2522 vim
1638 2468 1787 2522 illam
1836 2476 1996 2522 terra:

409 2572 495 2619 tot
526 2563 907 2634 symbolorum
941 2561 1202 2615 varietate
1251 2558 1577 2628 explicatam
1620 2568 1992 2625 venerantur;

412 2671 477 2711 ac
508 2656 735 2726 virginis
765 2654 988 2725 quidem
1012 2650 1301 2720 Vestaeque
1335 2650 1581 2715 nomine,
1628 2658 1901 2720 quatenus
1928 2664 1995 2706 ea

412 2757 667 2803 centrum
697 2747 943 2802 universi
971 2746 1354 2816 complectitur
1378 2760 1395 2810 ;
1433 2745 1695 2814 parentis,
1723 2751 1995 2813 quatenus

412 2840 789 2896 animantibus
819 2840 1077 2895 alimenta
1107 2838 1418 2908 suppeditat
1460 2853 1477 2903 ;
1523 2834 1675 2905 Opis,
1721 2846 1997 2906 quatenus

412 2931 621 3003 lapides
675 2940 923 3003 generat,
961 2930 1350 2999 montibusque
1397 2928 1711 2999 prominet;
1756 2927 1993 2995 Cereris,

2095 459 2311 529 γήσεως
2339 454 2599 527 τυχοῦσα,
2630 451 3012 524 θρησκεύεταιο
3039 452 3115 516 ὡς
3160 453 3260 524 μὲν
3288 453 3551 524 παρθένος
3582 452 3670 505 καὶ

2107 551 2310 613 Ἐστία,
2351 550 2386 620 ἡ
2432 546 2810 619 κεντροφόρος·
2862 546 2937 610 ὡς
2968 546 3026 600 δὲ
3061 547 3247 611 τοκάς,
3280 548 3314 617 ἡ
3357 547 3575 618 τροφός·
3600 544 3674 611 ὡς

2093 643 2152 696 δὲ
2194 641 2341 705 Ῥέα,
2373 642 2406 711 ἡ
2447 640 2790 711 πετροποιὸς,
2835 639 2929 692 καὶ
2956 638 3150 709 ὄρειος·
3189 637 3265 701 ὼς
3296 637 3354 690 δὲ
3386 639 3670 711 Δημήτηρ,

2093 734 2128 803 ἡ
2162 732 2478 804 χλοηφόρος·
2514 731 2590 795 ὡς
2619 731 2678 784 δὲ
2705 729 2893 800 Θέμις,
2924 731 2957 801 ἡ
2985 729 3329 800 χρησμῳδὸς,
3362 727 3455 782 τοῦ
3485 732 3564 793 είς
3586 731 3676 784 αύ-

2092 822 2189 895 τὴν
2217 823 2498 885 κατιόντος
2546 819 2923 893 σπερματικοῦ
2966 819 3126 889 λόγου
3176 822 3255 884 είς
3293 820 3385 874 τὸν
3435 818 3674 891 Πρίαπον

2094 915 2564 985 ὲκτετυπωμένου·
2591 909 2653 968 οῦ
2675 913 2737 967 τὸ
2766 913 2864 983 μὲν
2894 913 3023 984 περὶ
3050 913 3176 976 τοὺς
3205 911 3401 982 ξηροὺς
3427 912 3677 984 καρποὺς

2090 1007 2270 1078 Κόρη,
2300 1007 2365 1061 τὸ
2386 1006 2445 1059 δὲ
2479 1004 2623 1059 κατὰ
2654 1006 2781 1068 τοὺς
2805 1005 3005 1075 ύγροὺς
3033 1003 3129 1056 καὶ
3165 1003 3234 1057 τὰ
3259 1002 3533 1075 ἀκρόδρυα
3556 1002 3676 1056 Διό-

2089 1115 2248 1162 νυσος
2278 1098 2540 1152 καλεῖται·
2580 1096 2680 1167 τῆς
2723 1097 2823 1167 μὲν
2862 1095 3047 1167 Κόρης
3086 1094 3191 1149 ὑπὸ
3228 1093 3543 1158 Πλούτωνος
3578 1091 3673 1148 τοῦ

2092 1192 2199 1245 ὑπὸ
2227 1192 2335 1262 Γῆν
2362 1191 2533 1254 ἰόντος
2588 1189 2771 1243 Ἠλίου
2804 1187 3193 1261 ἁρπαζομένης
3229 1187 3371 1241 κατά
3416 1188 3510 1241 τὸν
3552 1188 3677 1243 σπό-

2092 1298 2204 1353 ρον’
2233 1282 2328 1335 τοῦ
2349 1280 2405 1335 δὲ
2433 1280 2687 1334 Διονύσου
2711 1282 2852 1333 κατά
2875 1279 2945 1333 τὰ
2965 1279 3114 1351 πάθη
3136 1280 3235 1350 τῆς
3258 1278 3538 1350 δυνάμεως
3570 1281 3677 1333 ὑπὸ

2088 1371 2195 1442 γῆν
2230 1371 2330 1442 μὲν
2361 1370 2635 1443 νεωτέρας
2670 1371 2766 1424 καὶ
2803 1370 3131 1441 καλλιγόνης
3162 1368 3482 1424 ϐλαστάνειν
3510 1372 3676 1443 ἀρχο-

2092 1463 2277 1533 μένου,
2305 1465 2396 1517 ὲπι
2404 1463 2576 1534 μάχου
2595 1463 2652 1516 δὲ
2668 1462 2766 1531 τῆς
2782 1461 2925 1516 κατὰ
2945 1461 3041 1533 τὴν
3060 1462 3228 1533 ἄνθην
3247 1461 3526 1533 δυνάμεως
3548 1462 3610 1515 σύ
3618 1481 3680 1534 μ-

2089 1553 2244 1609 ϐολον
2262 1554 2351 1607 τὸν
2378 1554 2563 1607 Ἀττιν
2592 1553 2840 1624 ἐχούσης·
2865 1553 2968 1623 τῆς
2992 1554 3052 1607 δὲ
3079 1553 3221 1607 κατὰ
3241 1552 3341 1625 τὴν
3367 1553 3677 1627 τελεσιουρ-

2088 1648 2215 1715 γίαν
2232 1649 2469 1720 ἐκτομὴν
2482 1648 2575 1701 τὸν
2593 1649 2841 1701 Ἀδωνιν·
2862 1647 2957 1701 καὶ
2972 1647 3068 1719 τῆς
3090 1647 3187 1718 μὲν
3204 1648 3576 1719 πνευματικῆς
3589 1647 3679 1702 διὰ

2093 1740 2311 1794 πάντων
2343 1739 2630 1811 δυνάμεως
2661 1740 2739 1805 ὡς
2779 1739 2859 1803 είς
2887 1734 3141 1811 Σειληνὸν
3172 1735 3674 1811 ἀναπλαττομένης,

2091 1832 2190 1901 τῆς
2204 1832 2260 1884 δὲ
2278 1833 2357 1895 εἰς
2379 1831 2601 1885 ἔκτασιν
2616 1832 2714 1885 ἀπ’
2744 1831 2923 1885 αὐτῶν
2945 1831 3306 1902 παραγωγῆς,
3329 1833 3408 1895 είς
3436 1832 3620 1903 Βάκχη
3632 1851 3677 1885 ν’

2091 1922 2279 1995 ὥσπερ
2313 1922 2379 1977 ἂν
2419 1924 2519 1995 τῆς
2551 1924 2632 1986 εἰς
2659 1922 2726 1976 τὰ
2760 1922 3051 1994 ἀφροδίσια
3087 1922 3437 1994 ἐρεθιζούσης
3476 1925 3678 1995 ὁρμῆς,

2090 2015 2180 2069 διὰ
2220 2014 2328 2069 τῶν
2356 2015 2634 2088 Σατύρων.
2669 2015 2769 2068 Διὰ
2803 2015 2869 2087 δὴ
2911 2014 3117 2069 τούτων
3156 2014 3266 2069 τῶν
3309 2016 3591 2086 συμϐόλων
3639 2020 3677 2089 ἡ

2092 2111 2370 2178 περίγειος
2418 2106 2815 2160 ὲκκαλύπτεται
2869 2105 3120 2178 δύναμις.
3188 2126 3207 2160 ›
3265 2106 3515 2162 Τοσαῦτα
3578 2108 3680 2179 μὲν

2091 2195 2186 2253 οὖν
2218 2198 2314 2252 καὶ
2344 2198 2492 2265 τάδε,
2526 2197 2562 2252 ἃ
2593 2199 2688 2251 καὶ
2724 2198 3038 2267 ἀναγκαίως
3071 2199 3468 2270 ἐπιτεμόμενος
3498 2216 3680 2272 παρα-

2091 2291 2360 2363 τέθειμαι,
2385 2293 2465 2355 είς
2495 2289 2556 2346 τὸ
2591 2291 2665 2362 μὴ
2698 2291 2915 2359 ἀγνοεῖν
2946 2291 3097 2360 ἡμᾶς
3126 2290 3194 2344 τὰ
3238 2291 3413 2360 σεμνὰ
3443 2290 3552 2345 τῶν
3586 2309 3682 2360 φι-

2093 2381 2355 2453 λοσόφων.
2402 2381 2558 2436 Οῦτω
2620 2379 2912 2452 τοιγαροῦν
2958 2380 3102 2434 κατά
3155 2381 3227 2435 τὰ
3281 2381 3677 2452 ἀποδεδομένα,

2092 2471 2247 2543 Κόρη
2283 2472 2381 2542 μὲν
2411 2472 2446 2543 ἡ
2476 2470 2585 2523 τῶν
2607 2470 2912 2541 σπορίμων,
2946 2469 3197 2534 Διόνυσος
3223 2469 3279 2523 δὲ
3308 2471 3342 2541 ἡ
3370 2470 3477 2524 τῶν
3505 2473 3678 2543 ἀκρο-

2091 2563 2269 2635 δρύων
2299 2563 2548 2634 δύναμις·
2574 2562 2669 2616 xal
2693 2560 2802 2616 τῶν
2829 2561 2931 2632 μὲν
2951 2560 3183 2632 ἐαρινῶν
3201 2560 3379 2615 ἀνθῶν
3405 2562 3434 2615 ὁ
3463 2563 3677 2626 Ἀττις,

2091 2654 2204 2709 τῶν
2235 2652 2293 2707 δὲ
2323 2651 2545 2707 τελείων
2583 2651 2810 2723 καρπῶν
2851 2651 2881 2703 ὁ
2916 2650 3144 2714 ’Ἄδωνις
3183 2649 3471 2722 σύμϐολον.
3510 2651 3574 2705 Τί
3605 2650 3679 2726 δὴ

2091 2742 2190 2803 οὖν
2229 2746 2337 2819 χρὴ
2369 2743 2545 2800 ταῦτα
2579 2744 2867 2804 θεοποιεῖν,
2910 2746 2991 2808 είς
3026 2743 3234 2816 τροφὰς
3262 2744 3531 2815 σωμάτων
3560 2745 3680 2799 τῶν

2094 2839 2190 2894 ἐπὶ
2219 2839 2324 2910 γῆς
2353 2838 2509 2904 ζώων
2541 2838 2677 2910 πρὸς
2704 2837 2798 2890 τοῦ
2824 2834 2932 2890 τῶν
2955 2835 3091 2890 ὅλων
3124 2834 3261 2890 Θεοῦ
3291 2820 3676 2909 πεποιημένας

2093 2931 2160 2985 Τί
2190 2932 2248 2986 δὲ
2288 2928 2612 3003 θρησκεύειν
2652 2928 2752 2999 τὴν
2797 2927 3074 3000 περίγειον
3115 2918 3346 2999 δύνᾶμιν
3392 2930 3682 3001 προσῆκόν

416 3033 689 3095 quatenus
725 3024 957 3078 virentia
996 3023 1244 3093 germina
1267 3031 1553 3096 procreat;
1591 3020 1659 3075 ad
1685 3028 1991 3074 extremum

2094 3023 2243 3078 ἔστιν
2283 3025 2437 3094 ἡμῖν,
2489 3019 2571 3085 οἷς
2606 3020 2767 3091 φύσις
2818 3022 2935 3074 ἐστὶ
2980 3020 3156 3091 ψυχῆς
3192 3020 3439 3093 οὐρανία,
3479 3021 3683 3096 λογική

416 3108 722 3181 Themidis,
773 3124 1044 3185 quatenus
1088 3113 1384 3168 fundendis
1422 3111 1664 3166 oraculis
1712 3112 1837 3167 usui
1887 3121 1991 3166 est.

412 3203 538 3261 Vim
570 3216 753 3262 autem
786 3206 1033 3272 seminis,
1065 3205 1214 3275 quod
1243 3204 1417 3273 ipsius
1443 3203 1497 3258 in
1524 3204 1795 3274 gremium
1825 3203 1995 3258 ell‘un-

418 3299 588 3363 ditur,
632 3298 689 3352 in
736 3296 919 3367 Priapi
974 3296 1210 3365 speciem
1248 3294 1524 3361 eﬂinxere,
1576 3295 1655 3349 sic
1699 3303 1881 3349 tamen
1934 3303 1996 3349 ut

414 3392 565 3462 quod
590 3389 753 3445 siccis
778 3387 1028 3460 frugibus
1054 3387 1420 3458 producendis
1448 3395 1632 3457 aptum
1656 3398 1833 3455 esset,
1858 3368 1997 3442 Pro.

416 3483 716 3553 serpinam,
764 3480 913 3551 quod
960 3494 1093 3534 vero
1138 3478 1207 3533 ad
1238 3477 1581 3533 humidiores
1626 3478 1996 3548 arborumque

416 3574 563 3631 fetus
605 3573 927 3646 pertineret,
977 3572 1252 3627 Bacchum
1306 3571 1662 3642 appellarent.
1701 3570 1793 3627 Sic
1829 3573 1996 3643 igitur

414 3668 745 3739 Proserpina
788 3666 1008 3738 quidem
1060 3665 1322 3722 sementis
1367 3675 1615 3734 tempore
1657 3679 1690 3719 a
1740 3664 1992 3730 Plutone,

417 3764 524 3819 hoc
579 3770 668 3817 est
705 3776 739 3815 a
777 3761 894 3816 sole
956 3760 1060 3815 sub
1107 3771 1282 3815 terras
1338 3764 1685 3812 commeante
1739 3756 1992 3827 rapitur;

418 3854 669 3911 Bacchus
694 3860 877 3908 autem
919 3866 1046 3908 cum
1105 3849 1414 3922 germinare
1447 3847 1663 3917 incipit,
1694 3846 1860 3918 idque
1896 3863 1995 3918 pro

418 3945 779 4018 qualitatibus
808 3944 899 4011 iis,
933 3943 1135 4015 quibus
1166 3942 1258 3996 illa
1297 3941 1381 3996 vis
1404 3938 1659 4006 afﬁcitur,
1681 3955 1804 4010 quae
1842 3948 1994 3995 tene-

417 4037 531 4091 rior
568 4034 770 4102 adhuc,
802 4032 1020 4089 tametsi
1048 4031 1117 4086 ad
1167 4029 1384 4085 fructus
1429 4028 1749 4085 excellentis
1791 4030 1997 4100 produ-

419 4128 658 4183 ctionem
698 4124 914 4192 idonea,
975 4122 1078 4178 sub
1130 4131 1275 4178 terra
1328 4121 1599 4177 delitescit
1640 4138 1654 4176 :
1700 4129 1812 4176 tum
1864 4137 1996 4177 vero

419 4234 580 4277 suam
609 4217 662 4273 ei
692 4216 887 4272 virtuti
908 4217 1225 4270 commodat
1252 4228 1497 4283 operam.
1530 4227 1651 4284 qua:
1674 4223 1737 4267 ut
1767 4212 1995 4270 ﬂoribus

418 4309 774 4367 excludendis
806 4316 1024 4378 praeest,
1074 4306 1218 4361 Attis
1252 4304 1504 4376 symbolo
1531 4322 1547 4372 ;
1578 4315 1637 4360 ut
1662 4314 1844 4360 autem
1885 4322 1996 4361 ma-

418 4414 667 4458 turarum
709 4397 927 4470 frugum
973 4396 1165 4463 messi,
1197 4395 1408 4451 Adonis
1448 4395 1669 4450 nomine
1694 4395 1991 4450 adumbra-
2024 4410 2069 4470 ι)

312 4493 321 4504 ’
419 4502 531 4549 tur.
565 4490 832 4546 Praeterea
863 4490 947 4544 vis
975 4488 1067 4543 illa
1099 4488 1389 4559 spiritalis,
1429 4502 1553 4558 qua:
1589 4487 1843 4542 universa
1869 4495 1994 4557 p’er-

419 4593 588 4652 meat,
604 4582 804 4650 Sileni;
820 4596 942 4652 qua:
964 4594 1093 4635 vero
1112 4580 1328 4634 cunctis
1342 4579 1605 4649 paulatim
1621 4580 1919 4635 educendis
1931 4594 1994 4635 ac

420 4682 596 4752 magis
611 4681 895 4750 magisque
923 4675 1267 4748 proferendis
1301 4678 1638 4741 continetur,
1667 4677 1995 4733 Bacchantis

426 4770 582 4844 ιιι
639 4772 695 4825 in
748 4770 987 4840 speciem
1034 4767 1414 4824 conformatur
1463 4787 1476 4821 :
1532 4768 1992 4833 quemadmodum

422 4866 585 4921 etiam
614 4864 870 4933 impetus,
889 4861 985 4931 qui
1018 4862 1086 4917 ad
1107 4859 1371 4917 Venerem
1400 4861 1735 4927 exstimulat,
1765 4860 1992 4932 Satyro-

422 4971 547 5012 rum
596 4952 769 5023 elligie
819 4952 961 5008 solet
1011 4952 1279 5008 exhiberi.
1349 4952 1528 5021 Atque
1583 4952 1699 5006 haec
1749 4949 1995 5022 symbola

423 5055 573 5113 sunt,
618 5045 820 5115 quibus
862 5050 1024 5097 terra:
1057 5043 1140 5096 vis
1169 5041 1334 5096 insita
1376 5042 1703 5096 declaratur.
1747 5058 1766 5090 ι
1803 5037 1998 5093 Hacte-

425 5156 530 5197 nus
556 5154 685 5208 ergo
713 5135 1073 5206 Porphyrius,
1103 5149 1227 5204 quae
1256 5132 1396 5187 mihi
1430 5132 1648 5187 brevius
1674 5131 1913 5202 quidem,
1941 5136 1997 5184 at

424 5230 738 5287 necessario
783 5238 967 5284 tamen
1014 5225 1497 5282 commemoranda
1553 5226 1707 5291 duxi,
1754 5239 1822 5278 ue
1864 5224 1996 5294 quid

426 5320 691 5390 speciosa:
718 5318 1172 5389 philosophorum
1215 5315 1446 5371 istorum
1483 5314 1747 5370 doctrina!
1785 5329 1885 5370 nos
1916 5315 1996 5368 la—

427 5418 558 5464 teat.
582 5408 857 5464 Habemus
881 5410 1026 5463 enim
1055 5422 1206 5473 vero,
1242 5422 1307 5461 ex
1334 5406 1510 5461 nostri
1542 5406 1705 5476 hujus
1732 5406 1996 5476 interpre-

431 5501 504 5554 tis
551 5499 934 5568 explicatione,
1000 5498 1387 5568 Proserpinam
1447 5497 1667 5567 quidem
1718 5495 1993 5552 fructuum

430 5607 621 5647 eorum
658 5590 771 5646 vim
817 5592 1054 5645 nativam
1091 5606 1239 5656 esse,
1275 5590 1371 5661 qui
1409 5590 1558 5660 jacto
1589 5591 1823 5652 semine,
1853 5588 1993 5645 Bac-

432 5682 595 5735 chum
624 5689 805 5735 autem
837 5695 1048 5746 eorum,
1091 5681 1183 5750 qui
1215 5696 1280 5737 ex
1317 5679 1519 5749 plantis
1541 5680 1833 5734 oriuntur:
1875 5694 1995 5734 ver-

2094 3132 2152 3168 τε
2194 3115 2290 3168 καὶ
2322 3114 2586 3177 ἀθάνατος
2623 3111 2778 3183 παρά
2821 3111 2916 3165 τοῦ
2962 3111 3357 3183 παμϐασιλέως
3386 3114 3495 3168 τῶν
3532 3115 3686 3170 ὅλων

2094 3205 2253 3269 Θεοῦ,
2300 3205 2539 3269 διανοίας
2591 3204 2804 3276 ὄμμασι
2854 3204 3289 3277 κεκαθαρμένοις
3338 3205 3687 3279 θεωρητικῆς

2094 3298 2199 3352 Τὸν
2236 3297 2296 3351 δὲ
2325 3297 2578 3366 Σειληνὸν
2616 3296 2831 3351 ἀκούων
2871 3296 2970 3368 τὴν
3004 3296 3383 3369 πνευματικὴν
3415 3293 3553 3352 εἶναι
3588 3300 3691 3352 κί-

2094 3408 2273 3463 νησιν,
2320 3390 2416 3444 καὶ
2445 3389 2544 3461 τὴν
2585 3389 2878 3461 διήκουσαν
2906 3387 2997 3442 διὰ
3026 3388 3240 3444 πάντων
3269 3388 3517 3460 δύναμιν,
3550 3390 3687 3443 τοτὲ

2099 3482 2197 3554 μὲν
2238 3481 2338 3553 τὴν
2373 3482 2625 3554 οὐράνιον
2663 3481 2968 3553 περιφορὰν
3015 3480 3105 3535 διὰ
3147 3481 3248 3551 τῆς
3288 3481 3529 3553 κεφαλῆς
3557 3481 3690 3536 ἐπι-

2093 3575 2459 3646 δεικνύμενον,
2492 3575 2614 3628 τοτὲ
2637 3575 2695 3628 δὲ
2720 3574 2816 3646 τὴν
2839 3573 2968 3644 περὶ
2994 3572 3086 3625 τὸν
3114 3572 3253 3645 ἀέρα
3278 3573 3561 3645 παχύτητα
3581 3572 3687 3629 διὰ

2094 3667 2195 3737 τῆς
2223 3666 2416 3730 λασίας
2441 3666 2618 3738 κόμης
2645 3664 2736 3718 τοῦ
2766 3665 2974 3735 γενείου
2991 3681 3006 3695 ο
3049 3664 3166 3728 πῶς
3187 3665 3254 3719 ἄν
3274 3682 3358 3729 τις
3387 3666 3688 3738 ἀνάσχοιτο

2093 3756 2282 3810 τοῦτον
2318 3756 2418 3828 μὲν
2455 3756 2598 3829 ὁρῶν
2631 3755 2887 3827 οὐδεμιᾶς
2920 3754 3225 3826 ἠξιωμένον
3264 3756 3558 3828 σεϐασμίου
3588 3775 3686 3812 τι-

2101 3847 2229 3918 μῆς,
2266 3847 2325 3900 ὃν
2368 3847 2533 3917 ἐχρῆν
2572 3846 2680 3917 πρὸ
2717 3844 2826 3899 τῶν
2860 3845 3078 3899 πάντων
3120 3842 3406 3912 θεοποιεῖν,
3443 3845 3687 3902 Ἄδωνιν

2097 3942 2157 3996 δὲ
2192 3942 2288 3996 καὶ
2316 3942 2587 4006 Διόνυσον,
2619 3942 2746 4006 τοὺς
2771 3943 3021 4013 καρποὺς
3049 3941 3250 4015 δηλαδὴ
3290 3944 3382 3999 καὶ
3408 3943 3478 3998 τά
3505 3944 3686 4018 ἀκρό-

2094 4033 2254 4106 δρυα,
2279 4032 2760 4103 θεοποιουμένους;
2804 4032 2902 4096 Τίς
2937 4032 2983 4086 δ’
3013 4031 3080 4086 ἂν
3121 4033 3433 4104 ὑπομείνειε
3475 4050 3684 4105 σεμνο-

2093 4126 2454 4198 λογουμένους
2499 4125 2712 4180 ἀκούων
2739 4123 3014 4197 Σατύρους
3069 4125 3166 4178 καὶ
3215 4125 3457 4196 Βάκχας,
3502 4127 3570 4180 τά
3614 4129 3687 4183 ὲν

2093 4219 2402 4290 ἀνθρώποις
2435 4216 2636 4289 αἰσχρὰ
2673 4216 2768 4270 καὶ
2800 4216 3076 4270 ἀκόλαστα
3105 4216 3290 4287 πάθη;
3325 4220 3374 4270 εί
3404 4218 3469 4288 δὴ
3490 4219 3540 4271 οἱ
3568 4219 3687 4289 μὲν

2094 4309 2315 4380 ἐδήλουν
2345 4307 2442 4371 τὰς
2484 4309 2563 4371 εἰς
2594 4305 2666 4360 τὰ
2705 4307 2994 4379 ἀφροδίσια
3022 4307 3368 4379 ὲρεθιξούσας
3412 4307 3589 4380 ὁρμὰς
3625 4301 3687 4366 οἱ

2093 4400 2346 4472 Σάτυροι,
2367 4398 2501 4452 αἰδὲ
2523 4398 2735 4470 Βάκχαι
2758 4397 2857 4462 τὰς
2875 4401 2954 4463 είς
2976 4398 3194 4453 ἔκτασιν
3219 4399 3325 4453 τῶν
3351 4399 3479 4472 περὶ
3498 4398 3688 4456 ταῦτα

2096 4491 2498 4565 συμϐαινούσας
2542 4492 2903 4563 παραγωγάς.
2949 4493 3060 4547 Καὶ
3099 4494 3154 4545 τί
3198 4493 3281 4547 δεῖ
3319 4492 3464 4547 κατά
3504 4493 3688 4564 μέρος

2093 4587 2321 4641 ἕκαστον
2359 4586 2704 4657 ἀπελέγχειν,
2737 4587 3062 4659 ἐπιδραμεῖν
3110 4584 3227 4638 δέον
3268 4585 3344 4650 ὡς
3401 4586 3468 4640 ἂν
3503 4586 3689 4658 μηδὲν

2093 4679 2240 4749 ἡμᾶς
2284 4677 2393 4731 τῶν
2434 4680 2761 4752 ἀπορρήτων
2806 4678 3070 4752 λανθάνῃ,
3113 4677 3209 4731 καὶ
3251 4678 3352 4748 τὴν
3392 4677 3501 4730 τῶν
3541 4678 3690 4751 ἑξῆς

2094 4768 2451 4838 έπιτεμέσθαι
2485 4768 2863 4837 φυσιολογίαν⁴;
2903 4768 2971 4840 ἢν
3012 4768 3318 4823 ὲκτέθειται
3347 4769 3376 4821 ὁ
3410 4767 3694 4839 δηλωθεὶς

2097 4860 2465 4931 συγγραφεὺς,
2507 4859 2656 4915 τόνδε
2700 4858 2931 4925 ἐπεξιὼν
2969 4859 3061 4913 τὸν
3112 4859 3311 4931 τρόπον
3335 4875 3350 4890 ⁸
3388 4877 3408 4911 ι
3458 4858 3570 4931 Τὴν
3618 4860 3691 4914 δὲ

2096 4950 2377 5022 ὑδροποιὸν
2438 4951 2566 5024 ὃλην
2634 4951 2864 5023 δύναμιν
2941 4952 3192 5007 Ὠκεανὸν
3238 4953 3555 5024 προσεῖπον,
3618 4954 3697 5007 τὸ

2098 5041 2363 5113 σύμϐολον
2397 5044 2564 5115 αὐτῆς
2593 5044 2766 5115 Τηθὺν
2793 5044 3180 5115 ὀνομάσαντες
3223 5045 3323 5115 τῆς
3361 5043 3421 5097 δὲ
3460 5042 3615 5114 ὅλης,
3646 5049 3693 5116 ἡ

2101 5137 2197 5207 μὲν
2241 5137 2348 5190 τῶν
2392 5139 2634 5208 ποτίμων
2668 5139 3007 5212 πεποιημένη
3058 5126 3319 5209 Ἆχελῷος
3355 5137 3536 5200 αὐτοῖς
3565 5138 3686 5190 κέ-

2097 5229 2313 5298 κληται,
2348 5230 2381 5300 ἠ
2406 5230 2594 5308 δὲπῶν
2626 5230 2931 5285 θαλασσίων
2963 5230 3235 5284 Ποσειδῶν
3261 5229 3423 5285 πάλιν
3450 5229 3549 5300 τῆς
3572 5227 3694 5283 θα-

2097 5320 2440 5386 λασσοποιοῦ,
2488 5322 2623 5376 καθὸ
2689 5324 3006 5397 γεννητικὴ,
3069 5323 3431 5395 Ἀμφιτρίτης
3480 5319 3692 5393 οὔσης.

2097 5415 2209 5466 Καὶ
2242 5416 2297 5468 αἱ
2334 5414 2431 5484 μὲν
2459 5414 2568 5468 τῶν
2616 5414 2859 5484 γλυκέων
2904 5416 3111 5470 ὑδάτων
3153 5414 3376 5486 μερικαὶ
3417 5412 3698 5484 δυνάμεις

2097 5504 2344 5575 Νύμφαι,
2381 5508 2437 5559 αἱ
2482 5507 2540 5560 δὲ
2570 5508 2679 5561 τῶν
2721 5507 3022 5561 θαλασσίων
3058 5507 3322 5578 Νηρεΐδες
3356 5505 3695 5575 κέκληνται.

2098 5594 2206 5648 Τοῦ
2225 5594 2268 5647 δ’
2289 5591 2355 5649 αὖ
2384 5597 2554 5666 πυρὸς
2568 5596 2666 5668 τὴν
2687 5597 2913 5668 δύναμιν
2933 5597 3321 5669 προσειπόντες
3345 5595 3697 5665 Ἥφαιστον,

2106 5685 2515 5757 ἀνθρωποειδὲς
2578 5689 2675 5757 μὲν
2730 5689 2895 5741 αὐτοῦ
2946 5691 3007 5741 τὸ
3067 5688 3286 5759 ἄγαλμα
3337 5686 3699 5759 πεποιήκασι
