3858 6224
515 241 626 298 205

1179 235 1450 295 EUSEBII
1486 235 1965 296 CESARIENSIS
2001 237 2150 294 OI’P.
2196 239 2378 296 PARS
2413 241 2478 297 Il.
2517 275 2586 286 —
2621 242 3128 302 APOLOGETICA.

3679 250 3791 306 2οι

520 359 648 411 nius
679 361 734 409 et
761 352 830 407 ab
861 351 1012 407 omni
1043 350 1173 407 faece
1207 352 1538 423 purissimus
1572 351 1718 422 ignis
1751 350 2081 406 domicilium

2195 353 2298 422 γῆν
2328 354 2504 423 φωτὸς
2537 356 2628 410 τὸν
2662 357 2976 430 πορφυροῦν
2999 357 3201 429 χιτῶνα
3232 357 3540 430 ποιούμενοι
3576 360 3789 433 σύμϐο-

520 465 682 507 suum
709 448 1018 504 collocavit.
1041 445 1178 500 Nam
1217 446 1308 516 qui
1339 461 1370 500 e
1401 446 1542 501 coelo
1567 445 1784 501 delatus
1825 446 1882 500 in
1914 454 2092 502 terras

519 543 663 614 ignis
689 550 792 604 est.
817 539 961 611 quod
985 546 1208 610 propter
1232 539 1496 608 majorem
1522 538 1950 593 imbecillitatem
1975 554 2094 593 ma-

488 628 672 690 teriae
695 633 855 704 quasi
882 630 1225 686 ﬁrmamento
1254 629 1514 695 indigeat,
1539 630 1868 686 claudicanti
1895 631 2094 686 similis

515 725 826 796 efﬁngitur:
877 737 1000 779 cum
1036 731 1218 778 autem
1270 721 1544 792 ejusmodi
1585 737 1806 793 quoque
1849 723 2092 794 aliquam

515 821 650 876 solis
675 832 796 874 esse
829 816 941 871 vim
969 824 1246 886 putarent,
1285 815 1592 886 Apollinem
1623 816 1801 886 ipsum
1828 816 2087 871 nomina-

517 919 671 976 runt,
720 925 752 964 a
792 909 1024 964 tremula
1069 908 1350 964 radiorum
1391 907 1511 978 ejus
1551 907 1876 975 vibratione,
1924 923 2090 978 quam

514 1003 715 1060 πάλσιν
751 1001 924 1058 Graeci
963 1001 1175 1057 dicunt.
1207 1002 1286 1056 Ac
1312 1015 1509 1056 novem
1541 1000 1761 1071 quidem
1791 999 1979 1065 Musae,
2013 999 2092 1054 illi

514 1095 849 1157 aecinentes,
877 1092 1149 1162 sphaeram
1181 1091 1310 1146 luna
1342 1088 1680 1156 inferiorem,
1723 1106 1847 1146 cum
1882 1099 2088 1162 septem

511 1181 857 1251 planetarum
886 1179 1136 1244 orbibus,
1175 1193 1398 1248 unoque
1426 1188 1687 1249 praeterea
1718 1181 1902 1237 omnis
1932 1196 2089 1237 erro-

513 1272 592 1327 ris
623 1279 844 1341 experte
873 1276 1292 1340 reprasentant.
1331 1268 1576 1326 Laurum
1603 1285 1735 1326 vero
1757 1271 1933 1327 eidem
1964 1287 2091 1328 con-

512 1371 822 1428 secrarunt,
874 1363 1073 1433 partim
1123 1364 1268 1434 quod
1303 1362 1428 1432 igne
1468 1362 1708 1420 abundet
1753 1365 1860 1421 hoc
1891 1367 2090 1437 planta:

512 1472 703 1528 genus,
738 1471 916 1526 eoque
941 1456 1282 1512 daemonibus
1311 1470 1540 1512 exosum
1576 1457 1947 1530 infestumque
1981 1461 2085 1526 sit;

508 1548 710 1618 partim
743 1547 912 1619 quod,
948 1547 1080 1603 dum
1110 1549 1312 1616 uritur,
1347 1549 1538 1605 vocale
1567 1551 1660 1617 sit,
1693 1566 1867 1622 eoque
1898 1551 2086 1608 futura

509 1641 841 1713 praedicendi
879 1641 989 1697 vim
1037 1641 1166 1699 huic
1211 1641 1315 1699 deo
1351 1643 1531 1700 inesse
1577 1644 1868 1717 significet.
1915 1644 2085 1700 Eum-

509 1737 656 1802 dem,
693 1747 968 1807 quatenus
999 1736 1070 1792 ab
1095 1737 1186 1800 iis,
1231 1738 1326 1808 qui
1359 1739 1413 1792 in
1437 1737 1606 1794 terris
1647 1747 1836 1810 agunt,
1874 1739 2086 1796 incom-

510 1829 676 1885 moda
727 1829 1174 1900 calamitatesque
1218 1830 1458 1900 depellit,
1495 1829 1654 1902 quasi
1691 1831 1821 1885 dum
1857 1830 1926 1888 ab
1961 1839 2088 1886 or:u

508 1921 566 1976 in
619 1935 879 1977 occasum
924 1921 1293 1992 prOgreditur,
1328 1921 1561 1976 κλᾶσθαι
1595 1922 1734 1994 πρὸς
1772 1922 1932 1994 ἀέρα,
1981 1923 2088 1980 hoc

506 2022 592 2068 est
619 2012 687 2067 ad
724 2027 906 2067 aerem
944 2010 1122 2083 frangi
1170 2012 1446 2076 videatur,
1491 2012 1764 2084 Ἡρακλέα
1798 2012 2086 2068 Herculem

503 2103 892 2174 appellarunt;
941 2117 1106 2174 quem
1159 2104 1322 2158 etiam
1384 2103 1674 2160 duodecim
1721 2104 2086 2160 certaminum

505 2195 697 2251 labore
739 2193 1055 2250 defunctum
1091 2208 1216 2249 esse
1267 2193 1606 2262 fabulantur,
1659 2194 1898 2251 caelestis
1934 2195 2087 2252 orbis

506 2286 561 2338 in
595 2283 882 2339 duodecim
917 2284 1072 2354 signa
1115 2283 1440 2340 divisionem
1489 2284 1594 2341 hoc
1626 2285 1873 2356 symbolo
1904 2285 2086 2341 decla-

504 2391 630 2430 rare
677 2373 978 2444 cupientes.
1018 2373 1240 2430 Flavam
1291 2375 1392 2445 ipsi
1440 2375 1726 2446 leonisque
1763 2375 1959 2446 pellem
2002 2385 2084 2430 at-

505 2465 778 2531 tribuunt,
811 2473 872 2519 ut
896 2465 1066 2520 altera
1093 2474 1280 2520 motus
1307 2465 1756 2536 inaequalitatem,
1781 2467 1950 2522 altera
1973 2467 2082 2522 vim

503 2551 640 2607 solis
687 2551 744 2606 in
785 2551 961 2607 leonis
1007 2552 1166 2622 signo
1223 2554 1460 2610 maxime
1497 2555 1870 2612 dominantem
1922 2557 2079 2612 exhi-

502 2643 690 2698 beant.
727 2640 847 2698 Jam
883 2642 1142 2698 virtutem
1179 2643 1327 2700 illius
1355 2645 1650 2701 salutarem
1684 2662 1780 2716 per
1827 2645 2083 2702 IEscula-

502 2736 656 2803 pium
709 2749 1031 2804 expressam
1068 2735 1312 2803 voluere,
1361 2737 1524 2807 eique
1568 2737 1824 2794 baculum
1858 2739 1914 2794 in
1963 2755 2084 2794 ma-

504 2840 638 2879 num
664 2825 952 2889 dederunt,
989 2824 1197 2882 scilicet
1228 2840 1338 2895 quo
1371 2824 1684 2881 laborantes
1707 2825 1793 2880 sui
1820 2839 1946 2880 cum
1980 2841 2077 2880 su-

501 2915 796 2980 stentandi,
821 2923 934 2969 tum
953 2915 1116 2970 etiam
1145 2915 1390 2987 erigendi
1417 2915 1592 2986 gratia
1618 2923 1923 2972 uterentur.
1950 2915 2080 2971 Ser-

2198 445 2309 512 λον,
2343 448 2404 500 τὸ
2431 448 2487 500 δὲ
2519 449 3038 522 ἡκρωτηριασμένον
3073 451 3347 522 σκῆπτρον
3369 453 3468 522 τῆς
3509 453 3659 506 κάτω
3686 454 3786 507 δυ-

2197 539 2411 610 νάμεως
2433 541 2520 605 ,τό
2552 558 2612 594 τε
2645 541 2830 613 σχῆμα
2855 544 2953 614 τῆς
2989 542 3171 613 χειρὸς
3200 542 3294 596 τοῦ
3332 547 3662 617 μεταχωρεῖν
3701 547 3788 608 εἰς

2196 630 2257 682 τὸ
2283 631 2502 701 ἀφανές.
2540 633 2597 687 '0
2628 633 2685 686 δὲ
2713 633 2988 706 Κέρϐερος
3015 634 3341 707 τρικέφαλος
3369 636 3487 706 μὲν,
3521 636 3603 688 ὅτι
3631 640 3788 709 τρεῖς

2197 724 2251 776 αἱ
2280 724 2391 777 ἄνω
2415 723 2587 796 χῶραι
2613 725 2789 797 ἡλίου,
2816 726 3072 800 ἀνατολὴ,
3103 721 3437 798 μεσημϐρία,
3468 726 3638 790 δύσις.
3667 727 3786 798 Τὴν

2195 814 2255 868 δὲ
2291 814 2541 887 σελήνην,
2589 816 2739 888 παρά
2771 817 2832 869 τὸ
2880 817 3045 880 σέϐας
3078 817 3461 882 ὑπολαϐόντες,
3512 819 3786 891 ’Ἄρτεμιν

2195 906 2662 976 προσηγόρευσαν,
2709 902 2820 960 οἷον
2854 908 3164 980 ἀερότομιν.
3202 909 3371 979 Λοχία
3401 926 3461 962 τε
3509 913 3542 980 ἡ
3578 911 3784 982 Ἀρτε-

2199 1015 2312 1068 μις,
2331 998 2535 1069 καίπερ
2557 995 2691 1052 οὖσα
2715 998 3002 1070 παρθένος,
3026 1001 3107 1053 ὅτι
3133 1002 3166 1070 ἡ
3197 1000 3294 1071 τῆς
3316 1000 3607 1072 νουμηνίας
3621 1000 3788 1054 δύνα-

2196 1105 2287 1158 μις
2327 1088 2655 1160 προσθετικὴ
2675 1089 2755 1153 εἰς
2780 1090 2840 1143 τὸ
2869 1090 3092 1144 τίκτειν.
3128 1091 3303 1162 Ὅπερ
3325 1090 3381 1142 δὲ
3411 1090 3679 1144 Ἀπόλλων
3717 1091 3786 1142 ἐν

2192 1181 2348 1252 ἡλίῳ,
2374 1181 2531 1235 τοῦτο
2567 1181 2766 1253 Ἀθηνᾶ
2801 1183 2858 1236 ὲν
2901 1181 3117 1255 σελήνῃ·
3150 1182 3267 1235 ἔστι
3305 1183 3415 1255 γὰρ
3441 1184 3539 1254 τῆς
3569 1185 3783 1255 φρονή-

2193 1291 2331 1338 σεως
2355 1273 2638 1346 σύμϐολον,
2680 1274 2879 1345 Ἀθηνᾶ
2903 1293 2988 1339 τις
3007 1272 3163 1330 οὖσα.
3201 1276 3402 1347 Ἑκάτη
3419 1276 3474 1329 δὲ
3507 1279 3542 1348 ή
3576 1276 3784 1349 σελήνη

2192 1366 2374 1432 πάλιν,
2407 1367 2505 1438 τῆς
2543 1368 2672 1438 περὶ
2702 1367 2868 1438 αὐτὴν
2914 1369 3456 1440 μετασχηματίσεως,
3498 1369 3592 1422 καὶ
3631 1369 3787 1422 κατὰ

2189 1458 2316 1522 τοῦς
2346 1459 2757 1530 σχηματισμοὺς
2782 1459 3084 1531 δυνάμεως.
3109 1459 3200 1512 Διὸ
3224 1460 3524 1532 τρίμορφος
3549 1462 3585 1531 ή
3609 1459 3783 1512 δύνα-

2194 1567 2304 1620 μις,
2327 1551 2425 1620 τῆς
2453 1549 2551 1620 μὲν
2591 1551 2883 1622 νουμηνίας
2915 1551 3154 1621 φέρουσα
3181 1550 3280 1621 τὴν
3327 1550 3644 1621 λευχείμονα
3673 1551 3786 1604 καὶ

2189 1643 2638 1715 χρυσοσάνδαλον,
2667 1643 2762 1696 καὶ
2803 1641 2903 1706 τὰς
2937 1641 3226 1713 λαμπάδας
3249 1640 3514 1712 ἡμμένας·
3541 1643 3569 1694 ὁ
3590 1640 3648 1694 δὲ
3673 1643 3786 1695 κάρ

2189 1737 2370 1803 λαθος,
2401 1735 2458 1789 ὂν
2487 1735 2580 1790 ἐπὶ
2607 1738 2720 1799 τοῖς
2753 1733 3047 1806 μετεώροις
3071 1733 3246 1806 φέρει,
3276 1733 3376 1803 τῆς
3395 1733 3501 1786 τῶν
3535 1733 3782 1805 καρπῶν

2190 1829 2576 1901 κατεργασίας,
2632 1827 2726 1892 οὓς
2772 1827 3064 1900 ἀνατρέφει
3122 1827 3265 1881 κατά
3320 1825 3417 1898 τὴν
3455 1823 3550 1879 τοῦ
3590 1826 3783 1896 φωτὸς

2190 1921 2530 1994 παραύξησιν
2549 1938 2562 1952 ’
2590 1921 2688 1993 τῆς
2713 1920 2756 1974 δ’
2803 1915 2870 1975 αῦ
2909 1921 3244 1992 πανσελήνου
3273 1921 3306 1991 ή
3336 1919 3782 1991 χαλκοσάνδαλος

2190 2014 2476 2086 σύμϐολον.
2510 2015 2582 2067 Ἦ
2611 2013 2705 2067 καὶ
2742 2015 2808 2067 ὲκ
2835 2015 2932 2084 μὲν
2963 2012 3058 2066 τοῦ
3085 2012 3280 2067 κλάδου
3310 2012 3408 2084 τῆς
3433 2012 3635 2081 δάφνης
3667 2012 3782 2066 λά-

2188 2107 2270 2161 ϐοι
2298 2107 2362 2161 ἄν
2393 2124 2478 2171 τις
2509 2107 2692 2170 αὐτοῖς
2725 2119 2751 2148 ι
2791 2106 2855 2160 τὺ
2880 2105 3147 2179 ἔμπυρον,
3181 2107 3248 2160 ὲκ
3279 2106 3337 2160 δὲ
3374 2105 3469 2159 τοῦ
3514 2107 3782 2178 μήκωνος

2185 2202 2246 2254 τὸ
2296 2200 2540 2270 γόνιμον,
2600 2199 2780 2254 καὶτὸ
2809 2199 3012 2271 πλῆθος
3046 2199 3154 2252 τῶν
3196 2198 3636 2268 είσοικιζομένων
3687 2201 3782 2262 εἰς

2185 2293 2354 2364 αὐτὴν
2373 2291 2580 2363 ψυχῶν,
2618 2290 2805 2364 ῶσπερ
2826 2293 2906 2355 είς
2934 2289 3108 2355 πόλιν,
3142 2291 3225 2344 ὅτι
3280 2289 3487 2354 πόλεως
3519 2292 3547 2342 ὁ
3576 2291 3782 2362 μήκων

2187 2381 2473 2454 σύμϐολον.
2516 2381 2681 2448 Τόξον
2732 2382 2790 2435 δὲ
2822 2381 2978 2453 φέρει
3022 2379 3274 2452 καθάπερ
3309 2382 3342 2452 ή
3378 2381 3642 2451 ’Ἄρτεμις
3678 2380 3779 2434 διὰ

2184 2473 2282 2546 τὴν
2300 2474 2408 2527 τῶν
2444 2473 2648 2528 ὠδίνων
2694 2472 2945 2544 ὀξύτητα.
2997 2471 3165 2525 Πάλιν
3194 2471 3237 2524 δ’
3271 2466 3336 2524 αὖ
3367 2472 3421 2524 αί
3447 2460 3641 2542 Μοῖραι
3671 2473 3778 2524 ἐπὶ

2182 2567 2282 2632 τὰς
2310 2567 2568 2638 δυνάμεις
2597 2565 2771 2637 αὐτῆς
2799 2564 3196 2636 ἀναφέρονται·
3227 2565 3260 2634 ἡ
3291 2564 3388 2636 μὲν
3423 2563 3626 2617 Κλωθὼ
3673 2565 3777 2617 ἐπὶ

2182 2659 2281 2732 τὴν
2325 2659 2668 2732 γεννητικὴν,
2727 2658 2962 2730 Λάχεσις
3007 2657 3064 2710 δὲ
3109 2656 3252 2710 κατὰ
3293 2657 3391 2728 τὴν
3442 2657 3772 2729 θρεπτικὴν,

2185 2754 2454 2826 Ἀτροπος
2477 2754 2536 2808 δὲ
2559 2755 2592 2824 ἡ
2619 2751 2761 2806 κατά
2792 2753 2854 2805 τὸ
2875 2752 3248 2823 ἀπαραίτητον
3277 2750 3368 2804 τοῦ
3411 2749 3554 2805 θεοῦ.
3586 2750 3772 2805 Συνοι-

2182 2843 2392 2910 κίζουσι
2415 2844 2474 2898 δὲ
2525 2843 2662 2914 αὐτῇ
2690 2843 2783 2896 καὶ
2820 2841 2918 2913 τὴν
2945 2841 3053 2895 τῶν
3078 2841 3306 2913 καρπῶν
3333 2841 3653 2912 γεννητικὴν
3675 2842 3771 2894 δύ-

2181 2952 2366 3006 ναμιν,
2413 2934 2560 3004 ἥπερ
2626 2933 2745 2986 ἐστὶ
2800 2933 3098 3004 Δημήτηρ,
3152 2931 3382 3004 δύναμιν
3429 2934 3768 3004 ἐμποιοῦσαν

499 3023 635 3078 pens
665 3017 846 3063 autem
877 3007 1052 3064 eidem
1095 3005 1527 3062 circumvolutus
1557 3008 1805 3078 corporis
1839 3008 2074 3063 salutem

2185 3005 2340 3098 αὐτῇ.
2412 3025 2525 3079 Καὶ
2575 3025 2692 3078 ἐστι
2750 3024 3041 3095 συνεκτικὴ
3091 3023 3190 3095 τῆς
3241 3025 3424 3097 Κόρης
3462 3029 3496 3098 ή
3540 3026 3765 3099 σελήνη,

439 3153 443 3158 .
500 3100 772 3171 s‘igniflcat
817 3099 999 3170 (enim
1032 3112 1163 3153 vero
1187 3097 1401 3168 physici
1435 3097 1536 3164 illi,
1571 3098 1666 3168 qui
1702 3099 1861 3154 nobis
1887 3098 2075 3153 mundi

2185 3097 2595 3186 Προσοικίζουσι
2640 3114 2698 3168 δὲ
2747 3116 2842 3168 καὶ
2897 3115 2988 3169 τὸν
3020 3118 3270 3170 Διόνυσον
3311 3115 3402 3168 διά
3433 3097 3491 3168 τε
3519 3117 3615 3188 τὴν
3649 3097 3768 3170 τῶν

499 3194 667 3263 hujus
704 3192 1040 3248 molitionem
1078 3188 1442 3257 tradiderunt,
1490 3190 1638 3259 quod
1679 3188 1826 3244 circa
1874 3197 2076 3245 terram

501 3288 697 3355 aliqua:
731 3299 854 3341 sese
879 3282 1147 3337 volvendo
1177 3281 1399 3336 trahant
1446 3281 1776 3347 animantes,
1822 3281 1876 3335 in
1925 3297 2079 3336 cras-

502 3377 704 3429 siorcm
761 3373 978 3428 illarum
1027 3380 1454 3441 terrestremque
1509 3380 1764 3426 naturam
1819 3371 1940 3442 ejus
1998 3372 2077 3427 rei

499 3481 723 3521 causam
756 3462 1145 3533 contulerunt),
1179 3463 1324 3532 quod
1364 3463 1468 3518 hoc
1507 3461 1798 3518 animantis
1825 3477 1997 3533 genus
2023 3471 2078 3518 et

497 3558 690 3627 spiritu
704 3570 815 3626 prae
829 3555 1037 3610 cazteris
1055 3554 1311 3620 abundet,
1329 3563 1383 3609 et
1395 3554 1638 3624 corporis
1657 3553 2078 3609 imbecillitatem

495 3660 680 3706 exuat.
711 3647 854 3715 Quin
887 3648 1050 3702 etiam
1077 3646 1349 3718 prmciptto
1377 3646 1612 3715 quodam
1635 3655 1688 3700 et
1713 3645 1976 3716 singulari
2009 3646 2078 3700 ad

495 3742 823 3797 medicinam
876 3738 1139 3793 instinctu
1183 3736 1314 3791 ferri
1340 3735 1573 3800 videtur,
1608 3736 1808 3806 quippe
1839 3735 1933 3806 qui
1965 3749 2076 3790 non

497 3844 710 3890 tantum
729 3832 974 3888 acuendo
993 3832 1047 3887 vi
1078 3830 1163 3886 sui
1182 3827 1640 3884 medicamentum
1666 3827 1950 3898 repererit,
1981 3828 2078 3884 sed

494 3926 659 3978 etiam
678 3923 900 3979 herbam
929 3922 1188 3993 aliquam,
1203 3929 1264 3976 ut
1286 3919 1483 3976 fabulae
1495 3920 1799 3990 perhibent,
1817 3936 2077 3976 revocan-

493 4019 576 4070 dae
601 4019 720 4072 vita:
737 4017 1021 4086 perutilem
1048 4014 1280 4070 noverit.
1296 4014 1365 4067 At
1397 4029 1522 4068 vero
1543 4020 1767 4084 propter
1780 4013 2074 4068 motionem

494 4111 636 4163 illam
654 4108 971 4164 circularem
989 4122 1053 4162 ac
1066 4103 1340 4161 saltationi
1353 4104 1817 4174 persimilem,qua
1829 4105 2073 4175 visignea

490 4196 758 4252 fructibus
771 4196 1131 4250 maturitatem
1146 4192 1483 4264 affert,ll3
1501 4193 1788 4266 Dionysius
1802 4195 1958 4266 longe
1970 4195 2074 4251 alia

490 4291 704 4343 ratione
719 4302 880 4357 quam
897 4285 1168 4341 fructuum
1186 4285 1552 4339 humidiorum
1580 4285 1683 4351 vis,
1707 4295 2072 4356 nuncupatur,

2180 3210 2427 3280 κεράτων
2477 3207 2706 3278 ἔκφυσιν
2753 3208 2848 3261 καὶ
2891 3207 2980 3262 διὰ
3009 3209 3100 3263 τὸν
3134 3208 3243 3262 τῶν
3262 3207 3440 3277 νεφῶν
3473 3209 3638 3262 τόπον
3667 3211 3766 3263 τὸν

2181 3300 2535 3371 ὑποκείμενον
2555 3301 2667 3363 τοῖς
2699 3298 2852 3353 κάτω
2909 3299 3120 3371 μέρεσι.
3181 3299 3291 3372 Τὴν
3312 3299 3368 3352 δὲ
3399 3299 3492 3354 τοῦ
3544 3301 3768 3372 Κρόνου

2178 3394 2408 3465 δύναμιν
2435 3375 2644 3464 νωχελῆ
2697 3391 2792 3446 καλ⁸
2824 3391 3079 3463 βραδεῖαν
3124 3391 3217 3445 καὶ
3248 3390 3461 3463 ψυχρὰν
3490 3393 3771 3457 κατεῖδον,

2179 3485 2260 3539 διὸ
2310 3485 2408 3556 τὴν
2456 3483 2548 3539 τοῦ
2595 3483 2786 3555 χρόνου
2835 3482 3066 3554 δύναμιν
3119 3481 3268 3553 αὐτῷ
3318 3481 3769 3553 προσανέθεσαν·

2179 3575 2520 3633 ἀποτυποῦσί
2569 3593 2624 3629 τε
2676 3575 2838 3629 αὐτὸν
2879 3575 3109 3638 ἑστῶτα,
3148 3573 3329 3627 πολιὸν
3356 3574 3491 3644 πρὸς
3520 3572 3774 3644 ἔμφασιν

2178 3669 2273 3723 τοῦ
2313 3667 2612 3740 γηράσκειν
2657 3667 2747 3720 τὸν
2795 3666 2984 3739 χρόνον
3005 3683 3018 3695 ·
3053 3664 3162 3718 τῶν
3189 3665 3247 3718 δὲ
3279 3664 3485 3735 καιρῶν
3513 3663 3774 3733 σύμϐολα.

2178 3761 2228 3813 οἱ
2271 3759 2571 3831 Κούρητες,
2604 3757 2697 3811 τὸν
2739 3757 2945 3828 Κρόνον
2969 3756 3366 3826 βουκολοῦντες,
3395 3757 3477 3809 ὅτι
3526 3754 3613 3808 διὰ
3646 3756 3774 3809 τῶν

2178 3849 2387 3922 καιρῶν
2437 3852 2466 3902 ὁ
2499 3848 2687 3920 χρόνος
2729 3845 3034 3919 παροδεύει.
3071 3846 3192 3899 Τῶν
3238 3845 3296 3898 δὲ
3341 3845 3530 3918 Ὡρῶν,
3561 3845 3618 3897 αί
3655 3847 3770 3914 μὲν

2177 3935 2506 4012 ὀλυμπιάδες
2565 3940 2672 3992 εἰσὶ
2723 3938 2817 3992 τοῦ
2853 3938 3026 4009 ήλίου,
3071 3939 3127 3991 αἳ
3191 3937 3286 3990 καὶ
3329 3937 3603 4006 ἀνοίγουσι
3651 3938 3768 4003 τὰς

2176 4034 2318 4088 κατά
2346 4033 2437 4086 τὸν
2461 4032 2598 4104 ἀέρα
2627 4031 2821 4096 πύλας,
2840 4032 2896 4084 αί
2915 4031 2972 4084 δὲ
2998 4029 3402 4101 ἐπιχθόνιοιτῆς
3428 4031 3722 4102 Δήμητρος
3745 4050 3764 4064 -

2177 4126 2271 4178 καὶ
2297 4123 2529 4178 κάλαθον
2588 4123 2792 4195 ἔχουσι,
2839 4123 2930 4176 τὸν
2981 4122 3078 4194 μὲν
3119 4121 3227 4175 τῶν
3268 4123 3443 4176 ἀνθῶν
3484 4121 3769 4193 σύμϐολον

2176 4218 2269 4272 τοῦ
2303 4217 2484 4290 ἔαρος,
2536 4216 2627 4270 τὸν
2670 4217 2726 4270 δὲ
2758 4215 2865 4269 τῶν
2910 4215 3155 4285 σταχύων
3194 4215 3288 4269 τοῦ
3321 4215 3526 4286 θέρους.
3559 4215 3667 4268 Τοῦ
3695 4217 3768 4271 δὲ

2179 4311 2374 4382 Ἀρεος
2405 4309 2502 4380 τὴν
2523 4308 2751 4378 δύναμιν
2779 4306 3174 4371 καταλαϐόντες
3193 4308 3471 4379 διάπυρον,
3497 4307 3768 4379 πολέμων

491 4382 618 4450 quia
648 4379 731 4433 sol
753 4387 855 4433 aut
886 4373 1168 4445 περιδινεῖ,
1190 4377 1295 4431 hoc
1316 4384 1398 4432 est
1424 4376 1477 4429 in
1511 4375 1696 4430 orbem
1731 4377 2069 4448 circumagit,

2185 4401 2462 4474 ποιητικὴν
2490 4401 2585 4454 καὶ
2613 4402 3001 4472 αἱματουργὺν,
3029 4400 3284 4471 βλάπτειν
3315 4417 3374 4452 τε
3406 4400 3498 4453 καὶ
3521 4400 3767 4470 ὠφελεῖν

492 4481 587 4525 aut
643 4469 918 4526 caelestem
961 4468 1371 4523 conversionem
1402 4465 1868 4530 otavdetmonflcit.
1901 4467 2065 4537 Idem,

491 4574 759 4635 quatenus
795 4579 896 4634 per
946 4561 1188 4632 singulas
1214 4558 1490 4614 inferioris
1521 4558 1711 4614 mundi
1757 4558 1926 4632 ὥρας,
1961 4562 2068 4619 hoc

490 4668 595 4722 est,
628 4663 979 4726 tempestates
1009 4668 1110 4709 suo
1140 4663 1287 4706 motu
1332 4649 1716 4707 circumfertur
1739 4691 1754 4715 ,
1786 4661 2065 4725 statasque

489 4750 616 4801 anni
653 4745 1082 4812 vicissitudines,
1120 4742 1303 4809 efficit,
1332 4741 1511 4797 Horus
1551 4752 1839 4814 propterea
1880 4749 2061 4803 nomi-

2173 4494 2480 4564 δυναμένην
2533 4492 2816 4562 ἐποίησαν.
2849 4493 2951 4546 Τὸν
2971 4493 3027 4545 δὲ
3062 4491 3164 4562 τῆς
3210 4493 3524 4564 Ἀφροδίτης
3546 4494 3770 4566 ἀστέρα

2173 4587 2549 4658 θεωρήσαντες
2599 4585 2996 4656 γενεσιουργὸν,
3045 4585 3336 4656 ἐπιθυμίας
3365 4603 3426 4638 τε
3463 4587 3556 4639 καὶ
3585 4589 3768 4660 γονῆς

2171 4676 2364 4740 αἴτιον,
2423 4677 2655 4744 γυναῖκα
2705 4676 2801 4745 μὲν
2851 4675 3162 4729 ἀνέπλασαν
3203 4675 3292 4729 διὰ
3345 4675 3443 4729 τ’ὶπν
3492 4676 3719 4745 γένεσιν
3744 4721 3763 4746 ,

2168 4769 2376 4842 ὡραίαν
2400 4767 2480 4831 δὲ,
2512 4768 2594 4819 ὅτι
2624 4768 2718 4820 καὶ
2747 4767 3038 4837 Ἕσπερος,

488 4873 672 4919 natur.
727 4859 818 4917 Vis
843 4869 1025 4915 autent
1058 4858 1198 4929 ejus,
1247 4873 1410 4928 quam
1449 4857 1504 4911 in
1550 4873 1803 4928 agrorum
1856 4860 2070 4918 cultura
2111 4863 2331 4934 promit,
2398 4875 2615 4930 quaque
2677 4858 2904 4912 πλοῦτον
2935 4860 3152 4915 divitias
3185 4875 3424 4931 opesque
3466 4863 3762 4929 conciliat,

489 4962 647 5013 Pluto
678 4954 982 5028 symbolum
1027 4963 1130 5009 est.
1175 4952 1280 5006 Sed
1321 4950 1580 5021 quoniam
1634 4951 1752 5021 ipse
1805 4953 1914 5006 vim
1971 4955 2136 5011 etiam
2189 4952 2571 5023 corrumpendi
2622 4952 2804 5012 habet,
2853 4951 3072 5006 Plutoni
3121 4949 3434 5022 Serapidem
3482 4954 3764 5024 adjunxe-

489 5061 654 5106 runt:
683 5064 749 5104 ac
788 5045 1012 5102 luminis
1037 5045 1254 5115 qnident
1306 5045 1408 5099 sub
1466 5052 1670 5099 terram
1728 5045 2026 5102 subeuntes
2079 5056 2282 5104 vestem
2343 5059 2707 5117 purpuream;
2740 5043 3015 5098 inferioris
3040 5054 3218 5098 autem
3248 5043 3304 5098 in
3326 5042 3512 5100 Manes
3539 5045 3761 5114 princi-

492 5156 668 5211 patus,
735 5151 1009 5214 sceptrum
1044 5155 1259 5196 summa
1295 5147 1449 5210 parte
1508 5139 1759 5192 mutilum
1789 5157 1804 5207 ;
1861 5141 1980 5211 ejus
2045 5143 2276 5213 denique
2314 5142 2369 5196 in
2399 5141 2666 5196 occultam
2691 5139 3054 5209 latentemque
3119 5140 3330 5209 plagam
3363 5153 3612 5195 secessus
3646 5157 3762 5211 pe-

489 5237 747 5291 culiarem
787 5250 982 5290 manus
1043 5233 1489 5306 compositionem
1550 5230 1856 5301 symbolum
1896 5248 2015 5288 esse
2053 5234 2363 5290 voluerunt.
2396 5233 2465 5286 At
2501 5231 2740 5287 Cerbero
2793 5231 2895 5285 tria
2951 5231 3130 5300 capita
3164 5230 3500 5292 tribuuntur,
3540 5232 3760 5300 quibus

489 5343 596 5384 tres
656 5329 788 5385 solis
821 5331 877 5383 in
904 5326 1053 5384 ccelo'
1081 5327 1346 5397 regiones,
1413 5332 1586 5389 ortus,
1652 5324 1928 5389 meridies,
1967 5332 2021 5377 et
2060 5339 2286 5378 occasus
2356 5323 2703 5377 denotentur.
2749 5319 2870 5374 Jam
2914 5335 3040 5374 vero
3085 5319 3271 5374 lunam
3315 5322 3597 5390 Ἄρτεμιν,
3637 5323 3759 5379 hoc

488 5432 569 5474 est
627 5420 874 5487 Dianam,
933 5419 1092 5490 quasi
1147 5416 1460 5488 ἀερότομιν,
1521 5429 1703 5468 aerem
1775 5423 2076 5480 secantem,
2112 5413 2480 5471 venerationis
2511 5413 2682 5483 gratia
2729 5420 3131 5481 nuncuparunt.
3166 5411 3245 5466 Ac
3289 5413 3464 5481 partui
3495 5413 3752 5483 quidem,

490 5518 700 5571 tametsi
767 5518 942 5587 virgo,
1013 5516 1181 5570 Diana
1233 5519 1448 5583 praeest,
1494 5513 1640 5580 quod
1682 5511 1966 5567 novilunio
2015 5512 2097 5568 vis
2158 5511 2406 5582 qumdam
2462 5509 2616 5579 insit,
2671 5524 2794 5580 quae
2847 5509 3093 5580 pariendi
3144 5508 3456 5564 facultatem
3525 5509 3752 5573 afferat.

557 5694 584 5722 ι
625 5683 689 5734 ῑσ
735 5684 922 5753 αὐτῆς.
