3858 6224
1129 125 1198 178 ν.

1339 255 1660 312 ΡΒιΕΡΑΒ.
1703 253 1713 308 1

1826 252 1960 310 tNG.
2004 253 2131 308 LIB.
2174 251 2266 309 111.
3301 256 3408 310 9οῧ

148 262 250 317 205

148 373 300 441 Quod
331 383 524 431 autem
561 376 618 431 in
651 375 767 432 sole
797 375 1010 445 Apollo,
1052 375 1156 431 hoc
1202 374 1385 445 ipsum
1413 374 1650 430 Minerva
1681 375 1737 428 in
1788 374 1918 429 luna
1980 381 2087 440 est,
2117 373 2264 444 quod
2306 373 2395 427 illa
2439 371 2740 442 prudentia
2765 373 3073 445 symbolum
3110 375 3283 430 instar
3314 390 3412 429 cu-

143 468 361 538 jusdam
391 468 654 523 Minerva:
683 469 772 524 sit.
816 466 1073 522 Eamdem
1104 483 1327 523 rursum
1380 465 1618 522 Hecaten
1687 467 1991 531 nominant,
2059 466 2131 520 ob
2165 465 2376 530 forma,
2437 481 2600 536 quam
2637 467 2692 521 in
2743 481 2809 521 ea
2841 468 3143 535 cernimus,
3180 469 3413 524 varieta-

147 571 273 625 tem,
299 561 391 614 cui
422 561 511 614 vis
535 561 701 615 etiam
733 559 948 615 diversa
977 560 1320 628 respondeat.
1343 558 1526 629 Itaque
1560 559 1639 614 sic
1661 573 1724 613 ea
1783 559 1867 612 vis
1916 558 2116 628 triplici
2178 557 2354 612 forma
2393 558 2672 629 ﬁguraque
2695 559 3068 630 distinguitur,
3097 569 3157 615 ut
3204 560 3413 615 novilu-

147 650 304 706 nium.
342 651 569 721 quidem
636 652 760 706 alba
822 660 989 716 veste,
1052 651 1236 706 aureis
1274 650 1557 713 sandaliis,
1624 648 1946 720 facibusque
1997 650 2278 705 succensis
2332 660 2716 719 repraesentet;
2780 652 3032 708 calathus
3089 661 3268 707 autem
3327 653 3410 719 is,

145 755 306 809 quem
339 744 460 813 ipsa
495 753 694 814 gestat,
730 742 823 797 ubi
861 742 1107 804 altiorem
1143 742 1203 796 in
1246 743 1429 797 locum
1465 743 1722 796 subvecta
1770 742 1885 812 jam
1941 751 2043 805 est,
2089 741 2306 813 frugum
2354 743 2704 806 maturitatis,
2765 758 2932 812 quam
2967 743 3036 799 iis
3067 745 3211 799 circa
3244 745 3412 799 lumi-

145 837 228 890 nis
284 836 691 891 incrementum
750 837 959 893 alendis
1013 836 1208 903 eﬂicit;
1257 850 1431 891 aereus
1491 835 1727 904 denique
1793 834 2164 890 sandaliorum
2214 835 2364 890 color
2415 834 2695 904 plenilunii
2757 835 3064 907 symbolum
3122 835 3408 897 habeatur.

144 929 275 986 Nam
311 933 456 987 lauri
498 933 723 1003 quidem
788 949 1026 999 ramum,
1093 932 1329 1003 speciem
1390 931 1510 1001 ejus
1555 932 1790 1000 igneam,
1832 945 2067 1002 papaver
2112 940 2316 994 autem,
2380 945 2504 985 cum
2551 931 2798 1001 ejusdem
2844 930 3252 1000 fecunditatem,
3295 942 3411 988 tum

143 1038 268 1080 vero
297 1028 642 1092 animorum,
676 1027 771 1098 qui
823 1043 944 1082 eam
997 1027 1144 1083 velut
1187 1028 1378 1082 urbem
1414 1027 1652 1097 aliquam
1689 1026 1957 1090 incolunt,
2005 1027 2407 1081 multitudinem
2460 1027 2808 1097 interpretari
2858 1028 3145 1084 commode
3192 1027 3410 1098 possit:

144 1120 292 1174 urbis
327 1121 479 1175 enim
530 1121 838 1192 symbolum
886 1135 1120 1191 papaver
1169 1129 1272 1176 est.
1313 1118 1513 1174 Eadem
1552 1134 1739 1174 arcum
1779 1126 1840 1172 ut
1865 1117 2034 1174 Diana
2087 1118 2229 1174 ferre
2274 1119 2432 1182 solet,
2469 1133 2578 1188 quo
2608 1119 2908 1176 acutissimi
2963 1130 3152 1191 partus
3193 1122 3413 1176 dolores

141 1215 567 1269 adumbrantur.
605 1215 915 1281 Quinetiam
959 1213 1143 1270 Parca:
1169 1215 1236 1269 ad
1276 1213 1387 1268 vim
1444 1214 1590 1269 illius
1651 1213 2005 1284 multiplicem
2055 1213 2386 1271 referuntur.
2419 1213 2554 1268 Nam
2612 1214 2806 1271 Clotho
2859 1215 2925 1270 ad
2959 1217 3274 1286 generandi,
3310 1215 3412 1271 La-

139 1308 318 1364 chesis
371 1309 443 1363 ad
488 1308 669 1363 alendi
724 1308 834 1362 vim
886 1307 1138 1378 pertinet,
1195 1306 1432 1376 Atropos
1482 1305 1716 1376 denique
1775 1306 2113 1361 inexorabile
2161 1306 2326 1376 hujus
2362 1306 2478 1362 dea:
2530 1322 2733 1362 numen
2791 1307 3081 1378 signiﬁcat.
3140 1307 3412 1362 Praeterea

138 1397 354 1469 frugum
388 1399 798 1454 educendarum
840 1399 950 1452 vim
992 1399 1061 1454 ad
1104 1398 1290 1454 lunam
1340 1399 1664 1468 adjungunt,
1693 1412 1889 1468 nempe
1934 1399 2209 1463 Cererem,
2255 1414 2377 1469 qua:
2416 1399 2574 1456 novis
2614 1400 2787 1470 ipsam
2830 1400 3040 1455 viribus
3069 1409 3297 1471 augeat;
3333 1401 3412 1456 si-

136 1493 359 1563 mulque
419 1492 807 1563 Proserpinam
880 1508 913 1548 a
962 1493 1089 1549 luna
1165 1493 1435 1549 contineri
1494 1493 1704 1548 volunt.
1771 1492 1931 1566 ιιά.
1994 1493 2269 1549 Bacchum
2319 1495 2482 1550 etiam
2548 1511 2673 1551 cum
2726 1511 2790 1551 ea
2844 1496 2972 1551 sede
3024 1497 3411 1566 domicilioque

134 1585 504 1654 eonjungunt,
563 1585 762 1654 partim
813 1584 884 1638 ob
922 1587 1208 1639 cornuum'
1228 1584 1591 1655 eruptionem,
1639 1584 1836 1653 partim
1865 1585 1936 1638 ob
1985 1585 2211 1640 nubium
2275 1585 2553 1657 regionem
2588 1585 2942 1642 inferioribus
3000 1588 3248 1657 partibus
3290 1589 3411 1642 sub-

134 1671 438 1739 jacentem,
477 1671 548 1727 ad
595 1673 651 1728 id
700 1671 1008 1727 faciendum
1071 1672 1311 1728 adducti.
1371 1674 1441 1728 At
1465 1688 1594 1728 vero
1639 1674 1938 1728 Saturnum
2007 1674 2238 1731 lentiore
2282 1691 2346 1732 ac
2390 1677 2639 1748 segniore
2680 1678 2734 1732 vi
2779 1679 3080 1750 eademque
3127 1679 3411 1752 frigidiora

135 1766 434 1837 praeditum
510 1779 636 1820 esse
701 1780 827 1819 cum
870 1765 1134 1831 viderent,
1201 1765 1464 1833 temporis
1529 1764 1640 1819 vim
1709 1765 2097 1834 assignandam
2147 1767 2254 1838 ipsi
2303 1777 2358 1824 et
2409 1773 2834 1827 consecrandam
2900 1782 3182 1843 putarunt,
3233 1788 3411 1843 eoque

135 1859 439 1930 imaginem
485 1857 636 1914 illius
683 1867 918 1913 stantem
970 1871 1272 1926 canamque
1319 1856 1616 1925 ﬁnxerunt,
1663 1867 1723 1914 ut
1769 1863 2054 1930 proprium
2121 1862 2386 1931 temporis
2430 1863 2643 1918 senium
2692 1865 3016 1920 indicarent.
3083 1863 3150 1918 Et
3197 1864 3410 1934 καιρῶν

133 1953 380 2022 quidem,
434 1951 546 2007 hoc
585 1959 670 2006 est
718 1950 1069 2006 occasionum
1117 1948 1434 2004 varietatem
1484 1948 1712 2005 Curetes
1775 1949 1997 2005 Saturni
2053 1951 2267 2006 nutritii
2298 1961 2709 2022 repraesentant,
2761 1955 2907 2024 quod
2937 1971 3034 2026 per
3073 1955 3222 2009 illam
3249 1957 3411 2026 quasi

133 2043 498 2099 occasionum
571 2038 1006 2095 vicissitudinem
1072 2045 1288 2107 tempus
1316 2061 1338 2107 ι
1350 2038 1601 2093 incedere
1648 2039 2014 2109 progredique
2082 2040 2354 2096 videatur.
2414 2043 2682 2098 Horarum
2749 2054 2928 2099 autem
2971 2046 3090 2100 aliae
3129 2047 3406 2103 caelestes.

130 2144 185 2191 et
240 2135 508 2206 quadam
561 2133 697 2188 solis
747 2131 1082 2187 administras
1135 2141 1287 2198 sunt,
1341 2132 1540 2203 quippe
1595 2148 1716 2204 quae
1747 2133 1873 2189 caeli
1911 2143 2100 2204 portas
2165 2145 2448 2204 reserent;
2496 2146 2781 2194 terrestres
2855 2139 2994 2206 aliae,
3038 2156 3161 2211 quae
3221 2140 3408 2200 Cereri

127 2233 476 2298 tribuuntur,
531 2230 875 2301 duplicisque
924 2229 1136 2299 generis
1191 2228 1436 2284 calathos
1495 2228 1699 2296 ferunt,
1757 2231 1926 2286 alium
1981 2231 2211 2289 ﬂoribus
2270 2233 2513 2303 plenum,
2545 2234 2640 2303 qui
2677 2235 2842 2301 veris,
2879 2235 3048 2290 alium
3084 2236 3274 2306 spicis,
3305 2238 3399 2307 qui

127 2326 334 2380 aestatis
387 2323 705 2397 symbolum
749 2323 838 2377 sit.
890 2320 1046 2388 Quod
1097 2335 1229 2375 vero
1277 2320 1462 2376 Martis
1505 2321 1721 2392 igneam
1752 2336 1876 2378 esse
1899 2323 2007 2377 vim
2041 2325 2425 2397 intelligerent,
2456 2327 2702 2381 eamdem
2748 2327 2851 2396 ipsi
2907 2328 3246 2384 concitandis
3297 2329 3412 2384 bel-

123 2419 192 2473 lis
223 2427 281 2473 et
319 2416 514 2473 cruori
562 2414 887 2470 eﬂ'undendo
940 2427 1192 2483 praeesse,
1246 2411 1528 2482 adeoque,
1573 2413 1873 2483 plurimum
1943 2415 2029 2470 vel
2087 2416 2399 2471 detrimenti
2454 2417 2538 2470 vel
2577 2417 2826 2473 utilitatis
2875 2419 3089 2483 afferre,
3123 2420 3401 2476 dixerunt.

127 2507 359 2563 Stellam
403 2517 588 2564 autem
625 2504 853 2560 Veneris
885 2519 1007 2558 cum
1039 2501 1337 2557 ellicienda:
1377 2504 1715 2572 generationi
1749 2513 1954 2574 aptam,
1995 2513 2052 2560 et
2101 2505 2416 2575 cupiditatis
2447 2506 2780 2576 seminisque
2841 2522 3062 2562 causam
3107 2523 3230 2566 esse
3284 2515 3406 2570 ani-

122 2601 566 2662 madverterent,
593 2612 714 2652 eam
757 2594 1004 2650 mulieris
1052 2592 1270 2665 quidem
1334 2593 1518 2663 specie
1583 2596 1952 2665 generationis
2009 2596 2378 2668 exprimenda:
2421 2597 2596 2669 gratia
2627 2597 2852 2663 finxere,
2901 2597 3080 2653 forma
3112 2614 3244 2656 vero
3273 2618 3403 2672 per.

118 2693 391 2766 eleganti,
419 2689 572 2761 quod
602 2689 790 2744 eadem
821 2681 1026 2757 Vesper
1051 2700 1268 2756 quoque
1300 2685 1394 2751 sit,

121 2814 236 2875 Ὀς
264 2808 604 2870 κάλλιστος
627 2804 697 2858 ἐν
716 2801 950 2872 οὐρανῷ
969 2803 1201 2855 ἵσταται
1224 2799 1441 2869 ἀστήρ.

114 2925 234 2980 Καὶ
293 2923 521 2992 Ἔρωτα
577 2917 678 2989 μὲν
720 2915 1069 2987 παρέστησαν
1123 2912 1212 2966 διὰ
1249 2911 1348 2984 τὴν
1379 2911 1715 2982 ὲπιθυμίανο

115 3016 358 3069 σκέπειν
385 3013 446 3066 δὲ
477 3009 719 3080 μαστοὺς
774 3007 870 3060 καὶ
897 3006 957 3060 τὸ
989 3005 1196 3076 μόριον,
1243 3004 1326 3058 ὅτι
1367 3003 1530 3074 γονῆς
1574 3001 1721 3056 αἰτία

112 3110 215 3162 καί
287 3105 606 3177 ἐκθρέψεως
645 3104 678 3173 ὴ
726 3099 974 3172 δύναμις.
1012 3099 1132 3152 Ἔτι
1186 3097 1244 3151 δὲ
1287 3096 1396 3152 ἀπὸ
1425 3095 1716 3166 θαλάττης,

116 3198 402 3269 στοιχείου
450 3195 674 3267 διὺγρου
699 3194 794 3247 καὶ
820 3190 1046 3264 θερμοῦ,
1064 3191 1158 3244 καὶ
1178 3189 1350 3242 πολλὰ
1379 3188 1718 3258 κινουμένου,

117 3293 212 3346 καὶ
247 3290 344 3345 διὰ
387 3288 493 3360 τὴν
548 3286 862 3356 συγκίνησιν
887 3281 1214 3354 ἀφριῶντος,
1244 3282 1307 3334 τὸ
1348 3280 1718 3352 σπερματικὸν

120 3383 518 3453 αἰνιττόμενοι.
545 3377 650 3432 Τοῦ
677 3379 734 3431 δὲ
763 3376 947 3444 λόγου,
967 3373 1062 3428 τοῦ
1099 3374 1315 3428 πάντων
1340 3371 1624 3442 ποιητικοῦ
1658 3388 1719 3424 τε

126 3477 222 3529 καὶ
255 3468 687 3545 ἑρμηνευτικοῦ,
719 3470 749 3522 6
793 3467 1000 3540 Ἐρμῆς
1050 3467 1478 3536 παραπατικὸς.
1558 3465 1616 3519 '0
1661 3465 1719 3519 δὲ

130 3563 489 3634 ὲντεταμὲνος
525 3559 735 3632 Ἐρμῆς
776 3558 926 3630 δηλοί
962 3555 1059 3628 τὴν
1083 3556 1359 3610 εὐτονίανο
1396 3557 1635 3610 δείκνυσι
1662 3556 1720 3609 δὲ

131 3655 338 3708 καὶτὸν
368 3650 748 3722 σπερματικὸν
771 3648 926 3717 λόγον
949 3646 1041 3700 τὸν
1072 3646 1329 3716 διήκοντα
1359 3645 1446 3702 διὰ
1479 3647 1716 3700 πάντων.

130 3746 332 3800 Λοιπὸν
388 3744 452 3796 δὲ
509 3739 761 3803 σύνθετος
809 3737 1037 3806 λόγος,ὁ
1069 3737 1166 3808 μὲν
1213 3739 1270 3790 ὲν
1303 3737 1439 3807 ἡλίῳ
1480 3735 1713 3808 Ἑρμῆς·

139 3838 346 3908 Ἑκάτη
373 3835 437 3888 δὲ
465 3835 494 3886 6
525 3835 584 3886 ὲν
615 3831 812 3903 σελήνῃ
837 3847 850 3860 ·
899 3829 1175 3900 Ἐρμόπαν
1204 3828 1260 3882 δὲ
1286 3829 1315 3880 6
1335 3829 1392 3880 ὲν
1415 3825 1493 3898 τῷ
1523 3827 1713 3880 παντί⁶

127 3932 272 3984 κατὰ
333 3928 560 3982 πάντων
620 3925 716 3996 γὰρ
767 3923 797 3976 6
847 3920 1219 3992 σπερματικὸς
1273 3919 1369 3972 καὶ
1414 3919 1715 3988 ποιητικός.

130 4022 398 4083 Σύνθετος
432 4018 492 4071 δὲ
537 4017 634 4070 καὶ
662 4010 773 4069 οἷον
805 4013 1079 4084 μιξέλλην,
1115 4012 1211 4065 καὶ
1243 4011 1373 4082 παρ’
1402 4011 1717 4079 Αἰγυπτίοις

130 4113 158 4164 6
192 4106 587 4182 Ἑρμάνουϐις.
653 4104 895 4176 Ἐπειδὴ.
928 4116 954 4143 ει
982 4105 1073 4157 καὶ
1105 4103 1202 4173 τῆς
1226 4102 1436 4174 ἐρώσης
1463 4097 1530 4174 ἦν
1562 4102 1718 4156 δυνά-

377 4161 565 4268 λόγος,
616 4161 870 4267 ratiqu
903 4197 1080 4267 Ἔρως
1112 4197 1140 4248 6
1159 4161 1594 4266 ’παραστατικόφ
1627 4196 1718 4247 Διὸ
1749 4161 1792 4216 Β

131 4302 258 4362 παῖς
278 4299 379 4368 μὲν
410 4295 505 4348 τοῦ
549 4293 751 4366 Ἑρμοῦ
792 4295 821 4344 6
869 4293 1068 4364 Ἔρως,
1095 4291 1284 4362 νήπιος
1313 4291 1371 4344 δὲ
1389 4289 1478 4343 διὰ
1507 4290 1603 4352 τὰς
1631 4291 1714 4342 al-

132 4392 371 4460 φνιδξους
405 4388 536 4460 περὶ
570 4386 667 4449 τὰς
721 4384 1015 4454 ἐπιθυμίας
1050 4381 1359 4455 ἐμπτώσεις
1391 4381 1576 4435 αὐτοῦ.
1608 4380 1715 4434 Τοῦ

131 4482 184 4536 δὲ
244 4481 456 4543 παντὸς
514 4479 606 4531 τὸν
634 4479 786 4530 Πᾶνα
839 4475 1102 4547 σύμϐολον
1142 4473 1356 4527 ἔθεντο*
1392 4472 1462 4526 τὰ
1496 4473 1594 4544 μὲν
1626 4472 1717 4525 κέ-

137 4593 267 4647 ρατα
292 4574 484 4634 δόντες
525 4568 768 4640 σύμϐολα
810 4568 964 4638 ἡλίου
1015 4567 1109 4620 καὶ
1138 4565 1389 4637 σελήνης,
1421 4565 1518 4633 τὴν
1546 4564 1603 4616 δὲ
1634 4579 1720 4616 νε-

133 4665 286 4736 ερίδα
311 4664 429 4716 τῶν
479 4659 600 4714 κατ’
641 4658 865 4728 οὐρανὸν
913 4657 1175 4728 ἀστέρων,
1208 4655 1241 4726 ἢ
1273 4657 1370 4726 τῆς
1393 4653 1485 4708 τοῦ
1517 4651 1718 4716 παντὸς

136 4754 436 4816 ποικιλίας.
477 4771 497 4804 ›
522 4751 637 4805 Καὶ
664 4750 734 4804 τὰ
757 4749 855 4821 μὲν
896 4745 1184 4814 Ἑλληνικὰ
1208 4745 1453 4799 τοιαῦτα.

1749 2799 1799 2857 A

2013 2792 2120 2863 Qui
2155 2806 2261 2850 stat
2297 2797 2352 2850 in
2394 2796 2613 2851 (Etherio
2639 2797 3026 2866 pulcherrimus
3060 2805 3183 2858 orbe
3215 2845 3231 2860 .

1823 2910 1962 2968 Huic
1987 2911 2246 2967 Amorem
2291 2919 2515 2981 propter
2541 2911 2890 2980 cupiditatem
2931 2914 3248 2984 adjunxere.
3293 2920 3399 2978 Ea-

1825 3003 1951 3059 dem
2017 3004 2184 3058 ubera
2237 3010 2529 3074 partesque
2577 3003 2995 3061 verecundiores
3044 3011 3197 3080 tegit,
3253 3030 3400 3084 quo-

1823 3095 1970 3150 niam
2001 3095 2070 3151 iis
2106 3095 2411 3166 praesertim
2442 3094 2568 3150 fons
2615 3095 2840 3151 seminis
2884 3113 2948 3153 ac
2994 3103 3265 3160 nutriendi
3313 3110 3397 3164 vis

1822 3197 1877 3244 et
1917 3187 2150 3244 facultas
2189 3188 2524 3243 continetur.
2577 3185 2711 3241 Eam
2757 3189 2992 3260 denique
3033 3207 3064 3248 e
3107 3197 3245 3250 mari
3297 3215 3398 3254 ex-

1823 3280 2033 3336 stitisse
2081 3288 2327 3346 narrant,
2385 3281 2531 3351 quod
2575 3279 2896 3350 bujusmodi
2947 3283 3280 3345 elementum
3330 3309 3397 3348 ex

1823 3371 2052 3427 humido
2132 3373 2420 3442 calidoque
2496 3380 2856 3442 temperatum
2915 3386 3178 3446 perpetuo
3245 3394 3398 3440 motu

1822 3465 2078 3534 agitetur,
2114 3479 2289 3536 eoque
2337 3481 2586 3534 spumam
2625 3478 2830 3538 egerat,
2865 3487 2974 3540 qua
3004 3473 3114 3528 vim
3156 3477 3398 3533 semina-

1821 3555 1927 3612 lem
1973 3556 2356 3612 adumbratam
2410 3573 2533 3613 esse
2597 3559 2907 3616 voluerunt.
2962 3563 3034 3618 At
3093 3564 3398 3626 Mercurius

1821 3649 2127 3703 orationem
2161 3649 2408 3716 exhibet,
2444 3665 2568 3719 qua:
2600 3651 2735 3706 nihil
2764 3668 2874 3707 non
2904 3653 3090 3720 efﬁcit,
3121 3658 3258 3714 nihil
3286 3676 3397 3716 non

1821 3738 2063 3793 illustrat
2097 3738 2441 3806 explicando.
2480 3739 2655 3809 Atque
2682 3740 2729 3794 is
2759 3751 2942 3797 erecto
2974 3745 3194 3814 quidem
3228 3756 3281 3803 et
3321 3750 3398 3803 in-

1823 3839 1972 3885 tento
2003 3830 2250 3901 corporis
2279 3839 2424 3886 statu
2473 3845 2595 3885 cum
2637 3832 2747 3886 vim
2791 3833 3058 3892 orationis
3093 3840 3396 3895 contentio-

1821 3937 2056 3992 nemque
2115 3931 2490 3992 repraasentat,
2555 3931 2670 3977 tum
2722 3940 2853 3980 vero
2888 3927 3208 3983 seminalem
3251 3945 3396 4001 quo-

1821 4029 1928 4084 que
1958 4014 2225 4069 rationem
2270 4015 2509 4070 ostendit
2550 4025 2748 4071 cuncta
2790 4027 3178 4086 permeantem.
3216 4021 3396 4100 Cate-

1820 4121 1945 4161 rum
1997 4107 2144 4176 quod
2189 4121 2253 4161 ea
2301 4107 2416 4162 sive
2465 4109 2644 4164 oratio
2685 4109 2798 4164 sive
2843 4111 2986 4166 ratio
3031 4115 3394 4182 compositum

1824 4195 2082 4265 quiddam
2116 4195 2206 4262 sit,
2253 4211 2416 4266 quam
2450 4196 2504 4250 in
2553 4197 2670 4252 sole
2706 4199 2997 4265 collocant,
3039 4200 3392 4271 Mercurium,

1825 4300 1990 4354 quam
2040 4285 2096 4339 in
2148 4285 2300 4352 luna,
2357 4285 2616 4353 Hecaten,
2671 4303 2836 4358 quam
2888 4289 2941 4343 in
2994 4291 3118 4360 ipso
3159 4295 3397 4364 denique

1825 4377 2082 4432 universo
2128 4375 2437 4447 Hermopan
2491 4380 2876 4446 nominarunt;
2926 4383 3072 4450 quod
3116 4384 3396 4439 seminalis

1824 4468 1916 4522 illa
1939 4469 2294 4538 eﬂ‘ectrixque
2318 4470 2460 4523 ratio
2491 4470 2745 4525 universa
2776 4473 3056 4540 pervadat.
3081 4471 3394 4539 Quinetiam

1826 4573 1893 4614 ex
1927 4559 2134 4628 duplici
2165 4575 2297 4614 voce
2325 4559 2660 4628 compositus
2689 4568 2790 4624 est,
2829 4569 2882 4615 et
2913 4560 3076 4616 Graio
3108 4563 3269 4618 veluti
3301 4582 3394 4634 ge-

1825 4665 1955 4705 nere
1985 4650 2210 4717 mixtus,
2262 4650 2312 4705 is
2338 4665 2501 4720 quem
2546 4648 2916 4705 Hermanubin
2944 4650 3183 4724 Aﬂgyptii
3210 4654 3394 4708 nami-

1821 4749 1975 4796 nant.
2020 4739 2087 4796 Et
2129 4742 2390 4812 quoniam
2423 4741 2657 4796 orationi
2703 4743 2964 4796 amatoria
3009 4745 3095 4798 vis
3143 4746 3392 4814 qumdam

134 4854 296 4918 inest,
342 4853 395 4905 ei
444 4843 898 4919 repraesentanda}
943 4843 1266 4913 Cupidinem
1313 4840 1700 4896 adhibuerunt.
1738 4835 1928 4906 Itaque
1970 4835 2224 4892 Mercurii
2281 4837 2500 4908 quidem
2549 4837 2694 4891 ﬁlius
2745 4837 2956 4908 Cupido
3012 4849 3112 4900 est,
3143 4840 3393 4909 idemque

134 4946 317 5016 pusio,
353 4951 585 5014 propter
616 4939 928 5010 repentinos
966 4937 1089 4992 illos
1141 4936 1398 5006 impetus,
1448 4935 1542 5004 qui
1573 4933 1753 4988 varias
1793 4933 1847 4987 in
1902 4932 2224 5002 cupiditates
2275 4932 2607 5002 praecipitem
2654 4948 2778 4988 eum
2826 4934 3062 5004 rapiunt.
3097 4933 3166 4988 At
3214 4947 3394 4990 extre-

132 5053 282 5092 mum
364 5035 542 5088 totius
615 5029 921 5100 symbolum
989 5027 1229 5082 universi
1274 5025 1434 5096 115
1492 5023 1642 5080 Pana
1693 5033 1950 5088 statuere,
2005 5024 2094 5079 cui
2160 5025 2422 5078 attributa
2471 5040 2680 5078 cornua
2731 5025 2900 5079 solem
2946 5033 3108 5094 atque
3179 5025 3390 5089 lunam,

141 5131 359 5188 hinnuli
413 5143 552 5184 vero
589 5127 748 5198 pellis
793 5133 889 5180 aut
953 5122 1256 5178 caalestium
1306 5122 1569 5183 siderum,
1616 5128 1710 5174 aut
1773 5118 2143 5175 universitatis
2191 5118 2355 5189 hujus
2421 5119 2738 5174 varietatem
2811 5125 3215 5189 repraesentem.
3258 5137 3279 5170 ι
3315 5119 3393 5176 Ac

133 5223 196 5278 de
222 5223 551 5278 Graecarum
572 5217 876 5272 fabularum
901 5213 1262 5284 explicatione
1286 5213 1548 5267 hactenus
1574 5209 1932 5282 Porphyrius.

196 5317 284 5370 Τὰ
316 5316 378 5367 δὲ
431 5313 544 5366 τῶν
581 5309 894 5380 Αἰγυπτίων
921 5309 1081 5363 πάλιν
1115 5305 1340 5361 τοιαῦτά
1367 5321 1532 5376 φησιν
1575 5303 1718 5375 ἔχειν

133 5408 405 5480 σύμϐολα.
444 5405 549 5458 Τὸν
584 5401 932 5476 δημιουργὸν,
949 5399 1008 5454 ὃν
1029 5401 1187 5470 Κνήφ
1219 5398 1328 5472 (94)
1363 5400 1410 5451 oi
1431 5395 1717 5466 Αἰγύπτιοι

205 5559 232 5587 ι
275 5546 367 5599 ῑσ.
399 5542 528 5598 ἐπεὶ
555 5541 633 5599 δέ.

1896 5303 2016 5359 Jam
2064 5319 2194 5359 vero
2236 5303 2606 5376 [Egyptiorum
2656 5301 2982 5368 theologiam
3037 5301 3392 5370 sequentibus

1824 5397 1969 5452 notis
2015 5396 2392 5452 adumbratam
2436 5411 2559 5452 esse
2614 5395 2794 5450 tradit.
2849 5393 3184 5449 Eﬂectricem
3240 5394 3388 5451 illam

204 5662 323 5725 (93)
366 5657 565 5742 [ff/ip.
606 5655 723 5712 Non
754 5655 956 5731 Eum.
997 5664 1290 5742 _ut.ut.est
1349 5655 1490 5742 apud
1526 5654 1708 5742 Pierio

1833 5657 2022 5714 Afﬁnis
2072 5654 2315 5730 Hebraea.
2347 5669 2451 5711 vox
2481 5663 2601 5742 ιρ),
2636 5652 2688 5708 id
2755 5662 2837 5708 est
2865 5651 2988 5717 ala;
3035 5665 3149 5721 qua
3191 5657 3388 5722 βῖκοι.

142 5747 304 5803 puum
330 5747 363 5787 a
393 5729 704 5803 Porphyrto
730 5727 970 5786 numinis
997 5728 1160 5799 hujus
1186 5729 1400 5799 insigne
1431 5727 1668 5799 ponitur.
