3858 6224
505 221 613 281 ἱοῗ

1164 225 1434 284 EUSEBII
1469 226 1945 284 CASSARIENSIS
1981 224 2132 282 OPP.
2171 225 2356 281 PARS
2395 226 2452 280 ll.
2497 255 2567 268 —-
2605 225 3105 283 APOLOGETICA.

3655 229 3765 286 208

499 349 790 413 rationem,
821 362 944 416 quae
975 346 1043 402 ab
1081 348 1215 418 ipsis
1270 347 1454 417 Cneph
1489 347 1747 418 appellari
1789 346 1944 412 solet,
1977 345 2065 399 hu-

2176 344 2700 417 προσαγορεύουσιν,
2758 347 3148 418 ἀνθρωποειδῆ,
3191 347 3291 419 τὴν
3339 349 3397 401 δὲ
3446 350 3636 421 χροιὰν
3695 355 3764 407 ἐκ

500 450 664 494 mana
714 439 896 507 specie
946 442 1310 509 conﬁgurant,
1351 439 1532 494 colore
1569 438 1841 503 caeruleo,
1897 451 2071 505 eoque

500 531 826 601 nigricante,
855 530 1132 601 cingulum
1165 546 1228 586 ac
1262 541 1533 600 sceptrum
1569 545 1733 585 manu
1773 538 2066 585 tenentem.

503 621 643 677 Huic
686 623 742 676 in
793 621 968 692 capite
1009 622 1193 692 regius
1243 636 1308 676 ex
1358 637 1534 691 penna
1582 621 1910 692 galericulus
1955 626 2067 689 est',

507 714 652 784 quod
687 711 956 782 ejusmodi
984 711 1129 765 ratio
1152 710 1337 765 abdita
1369 710 1481 766 fere
1512 711 1856 780 obscuraque
1881 712 2069 779 lateat,

502 819 828 873 summoque
883 802 1118 857 inveniri
1162 801 1350 856 labore
1395 803 1486 856 vix
1529 803 1724 872 possit,
1771 802 2071 874 eademque

502 898 626 954 vitae
657 896 782 951 fons
809 911 872 950 ac
901 894 1089 964 regina
1116 909 1241 950 cum
1271 895 1363 962 sit,
1398 903 1514 950 tum
1557 911 1688 950 vero
1731 895 2068 967 intelligente

499 990 736 1060 quodam
767 1003 832 1044 ac
874 987 1108 1059 spiritali
1148 995 1305 1042 motu
1349 988 1580 1054 cieatur,
1625 1003 1790 1059 quem
1833 989 2070 1044 maxime

499 1094 680 1150 penna
711 1078 802 1134 illa
827 1078 882 1133 in
918 1079 1096 1146 capite
1133 1077 1240 1133 sita
1267 1076 1491 1134 referat.
1529 1077 1686 1134 Hunc
1718 1095 1880 1150 porro
1908 1080 2066 1135 deum

494 1187 563 1226 ex
602 1185 697 1225 ore
748 1185 911 1226 ovum
950 1169 1208 1225 effudisse
1254 1178 1501 1237 narrant,
1554 1185 1618 1225 ex
1675 1186 1847 1241 eoque
1890 1180 2068 1228 satum

496 1263 665 1318 alium
714 1275 836 1317 esse
881 1261 1075 1327 Deum,
1109 1261 1205 1330 qui
1255 1260 1324 1315 ab
1374 1261 1444 1316 iis
1486 1260 1683 1328 Phtha,
1728 1262 2005 1318 Vulcanus
2037 1277 2069 1317 a

500 1354 706 1409 Graecis
737 1354 1071 1409 nominetur.
1103 1350 1278 1408 Ovum
1308 1362 1489 1409 autem
1522 1353 1654 1408 illud
1688 1355 1954 1408 mundum
1985 1355 2070 1408 in-

497 1452 902 1514 terpretantur,
955 1444 1114 1515 eique
1168 1445 1381 1499 numini
1437 1460 1592 1500 ovem
1636 1454 2068 1512 consecrarunt,

497 1536 646 1605 quod
677 1545 886 1590 veteres
912 1534 980 1590 ad
1011 1545 1201 1606 potum
1229 1537 1368 1592 lacte
1400 1545 1703 1592 uterentur.
1734 1535 1912 1606 Ipsi-us
1937 1553 2068 1592 vero

497 1627 689 1682 mundi
737 1627 1008 1698 ejusmodi
1060 1627 1270 1684 ﬁnxere
1328 1629 1707 1683 simulacrum.
1760 1627 2066 1684 Humanam

2174 436 2376 491 κυανοῦ
2430 437 2656 508 μέλανος
2699 438 2910 510 ἔχοντα,
2938 441 3244 511 κρατοῦντα
3276 440 3452 512 ζώνην
3496 444 3591 496 καὶ
3625 447 3762 516 σκῆ-

2177 546 2377 600 πτρον·
2410 530 2504 582 ἐπὶ
2544 530 2601 584 δὲ
2635 530 2737 601 τῆς
2783 531 3025 603 κεφαλῆς
3063 532 3260 603 πτερὸν
3295 533 3560 602 βασίλειον
3595 554 3761 608 περι-

2173 620 2447 690 κείμενον,
2471 621 2551 674 ὅτι
2583 619 2739 689 λόγος
2756 621 3078 694 δυσεύρετος
3103 623 3198 675 καὶ
3231 623 3634 693 κεκρυμμένος,
3664 629 3764 680 καὶ

2172 713 2232 765 ού
2281 713 2464 782 φανὸς,
2514 714 2609 766 καὶ
2648 715 2729 767 ὅτι
2771 713 3053 780 ζωοποιὸς,
3101 717 3196 768 καὶ
3231 717 3313 768 ὅτι
3354 716 3624 786 βασιλεὺς,
3665 722 3764 774 καὶ

2170 807 2251 858 ὅτι
2283 806 2485 878 νοερῶς
2528 809 2791 861 κινεῖται·
2829 807 2909 860 διὸ
2957 808 2991 878 ἡ
3034 807 3128 860 τοῦ
3178 808 3379 880 πτεροῦ
3413 811 3573 878 φύσις
3605 815 3662 865 ὲν
3690 817 3760 884 τῇ

2172 897 2377 968 κεφαλῇ
2417 900 2611 952 κεῖται.
2657 899 2760 952 Τὸν
2785 898 2841 952 δὲ
2875 898 2994 952 θεὸν
3024 898 3213 952 τοῦτον
3267 903 3332 954 ἐκ
3363 903 3456 954 τοῦ
3491 903 3762 976 στόματος

2171 988 2458 1059 προῖεσθαί
2493 1005 2655 1057 φασιν
2682 988 2808 1052 ὠὸν,
2844 988 2905 1053 ἐξ
2940 983 3000 1043 οὗ
3035 990 3324 1057 γεννᾶσθαι
3356 991 3496 1053 θεὸν,
3519 994 3578 1046 δν
3602 995 3762 1047 αὐτοὶ

2169 1079 2635 1150 προσαγορεύουσι
2668 1078 2782 1132 Φθᾶ
2805 1079 2998 1149 (95),οί
3031 1079 3087 1132 δὲ
3122 1081 3384 1152 ’Έλληνες
3428 1084 3756 1151 ”Ηφαιστον·

2169 1169 2490 1241 ἑρμηνεύειν
2523 1170 2580 1223 δὲ
2611 1169 2671 1222 τὸ
2695 1169 2800 1222 ὠὸν
2837 1170 2927 1223 τὸν
2966 1171 3192 1242 κόσμον.
3241 1173 3568 1244 Ἀφιέρωται
3591 1174 3648 1228 δὲ
3677 1174 3760 1245 τῷ

2170 1257 2276 1330 θεῷ
2308 1259 2480 1328 τούτῳ
2519 1259 2810 1331 πρόϐατον,
2836 1260 2924 1312 διὰ
2950 1261 3011 1314 τὸ
3043 1263 3168 1325 τοὺς
3200 1262 3462 1325 παλαιοὺς
3485 1263 3756 1331 γαλακτο-

2168 1351 2371 1401 ποτεῐν.
2403 1349 2576 1402 Αὐτοῦ
2605 1349 2662 1402 δὲ
2689 1349 2781 1402 τοῦ
2817 1350 3023 1420 κόσμου
3051 1351 3112 1404 τὸ
3139 1353 3378 1406 δείκελον
3400 1354 3602 1407 τοιόνδε
3633 1355 3762 1408 ἀνέ-

2170 1443 2400 1495 πλασαν.
2456 1442 2876 1514 Ἀνθρωποειδές
2911 1445 3058 1497 ἐστιν
3087 1443 3330 1515 ἄγαλμα,
3365 1447 3490 1508 τοὺς
3528 1446 3626 1516 μὲν
3658 1448 3761 1500 πό⁴

2167 1533 2262 1597 δας
2318 1533 2762 1605 συμϐεϐληκότας
2822 1535 2963 1607 ἕχον,
3009 1536 3214 1590 ἄνωθεν
3258 1538 3314 1590 δὲ
3374 1537 3536 1611 μέχρι
3577 1539 3760 1592 ποδῶν

2169 1627 2408 1682 ποικίλον
2431 1628 2642 1700 ἱματίον
2660 1627 3120 1700 περιϐεϐλημένον
3141 1645 3155 1659 ο
3187 1630 3279 1683 ἐπὶ
3309 1629 3365 1683 δὲ
3392 1631 3490 1701 τῆς
3514 1630 3760 1701 κεφαλῆς

497 1720 747 1776 similiter
781 1722 839 1774 in
891 1722 1129 1790 speciem
1164 1719 1566 1776 conformatum
1601 1731 1705 1784 est,
1740 1722 2065 1791 conjunctos

2172 1723 2403 1792 σφαῖραν
2423 1719 2535 1791 ἔχει
2560 1722 2786 1793 χρυσῆν,
2823 1721 2910 1774 διὰ
2943 1720 3003 1774 τὸ
3036 1721 3110 1792 μὴ
3143 1721 3509 1792 μεταϐαίνειν,
3543 1724 3636 1775 καὶ
3665 1722 3759 1776 διὰ

498 1810 642 1866 inter
672 1826 731 1867 se
761 1812 1201 1882 commissosque
1229 1812 1394 1882 pedes
1426 1813 1606 1875 habet,
1647 1821 1850 1867 vestem
1884 1814 2068 1868 multi-

495 1901 624 1972 plici
655 1901 839 1957 colore
867 1911 1097 1968 textam,
1133 1911 1188 1957 et
1219 1903 1287 1958 ab
1314 1903 1560 1957 humeris
1588 1901 1847 1958 deorsum
1876 1904 1940 1958 ad
1974 1919 2067 1973 pe-

497 1995 594 2050 des
644 2010 821 2066 usque
873 1995 1204 2065 promissam
1254 2005 1450 2066 gestat,
1511 2011 1842 2066 summoque
1892 1997 2068 2066 capite

497 2087 766 2156 sphaeram
813 2103 1035 2143 auream
1077 2089 1351 2143 sustinet:
1399 2088 1597 2158 partim
1636 2089 1783 2159 quod
1828 2089 2068 2145 mundus

497 2179 682 2234 sedem
710 2195 989 2248 nunquam
1018 2188 1208 2246 mutet,
1236 2181 1435 2250 partim
1469 2181 1614 2250 quod
1641 2181 1931 2236 rotundam
1965 2181 2068 2237 for-

498 2285 644 2326 mam
681 2287 792 2340 prae
823 2287 882 2327 se
909 2272 1066 2335 ferat,
1103 2273 1301 2341 partim
1337 2273 1502 2326 etiam
1537 2281 1597 2328 ut
1635 2273 1844 2328 variam
1889 2281 2068 2329 astro-

494 2376 619 2418 rum
649 2372 900 2418 naturam
938 2363 1347 2418 adumbrat-ent.
1382 2363 1545 2419 fidem
1577 2365 1868 2434 aliquando
1895 2365 2066 2420 solem

495 2454 741 2511 hominis
791 2455 1079 2524 cujusdam
1115 2454 1391 2526 navigium
1434 2457 1708 2512 crocodilo
1747 2455 2065 2526 impositum

495 2547 920 2603 eonscendenlis
951 2547 1202 2620 symbolo
1231 2558 1658 2617 repraesentant:
1694 2564 1760 2604 ac
1787 2548 2067 2618 navigium

493 2639 746 2709 quidem,
796 2638 1108 2693 institutum
1155 2637 1213 2692 in
1265 2638 1514 2694 humida!
1543 2640 1802 2710 mollique
1845 2641 2067 2711 regione

493 2739 704 2786 motum
749 2732 1380 2803 signiﬁcat;crocodilus
1413 2748 1563 2799 vero,
1591 2748 1789 2804 aquam
1820 2733 1969 2788 illam
1996 2735 2065 2789 ad

491 2823 792 2878 bibendum
826 2821 1062 2890 facilem,
1109 2839 1207 2894 per
1250 2840 1416 2895 quam
1456 2825 1539 2879 sol
1590 2824 1840 2879 feratur:
1880 2825 2065 2894 itaque

489 2930 591 2988 per
633 2915 917 2971 humidum
956 2931 1021 2972 ac
1069 2932 1292 2973 suavem
1343 2932 1523 2972 aerem
1568 2917 1702 2973 solis
1741 2917 2061 2973 conversio-

2167 1811 2267 1882 τὴν
2291 1811 2398 1865 τῶν
2427 1811 2643 1884 ἄστρων
2693 1813 2944 1884 ποικίλην
2993 1811 3155 1881 φύσιν
3186 1812 3317 1883 (96),
3354 1815 3448 1868 καὶ
3477 1815 3559 1867 ὅτι
3588 1831 3759 1883 σφαιο

2173 1900 2378 1972 ροειδὴς
2408 1904 2436 1955 6
2467 1902 2692 1973 κόσμος.
2723 1904 2909 1958 Ἥλιον
2928 1903 2982 1956 δὲ
3006 1903 3114 1972 (97)
3140 1904 3463 1974 σημαίνουσι
3490 1905 3618 1958 ποτὲ
3654 1905 3760 1976 μὲν

2168 1993 2234 2046 δι’
2268 1993 2557 2064 ἀνθρώπου
2596 1995 2986 2067 ὲπιϐεϐηκότος
3038 1995 3364 2060 πλοίου,ἐ.πὶ
3409 1998 3755 2068 κροκοδείλου

2168 2086 2442 2157 κειμένου.
2478 2087 2639 2159 Δηλοῖ
2676 2087 2734 2141 δὲ
2767 2087 2826 2140 τὸ
2862 2087 2962 2160 μὲν
2992 2089 3174 2142 πλοῖον
3195 2089 3294 2161 τὴν
3330 2091 3387 2142 ἐν
3411 2089 3561 2161 ὑγρῷ
3594 2091 3753 2162 κίνη-

2170 2194 2252 2231 σιν
2274 2194 2288 2208 ’
2316 2180 2345 2231 6
2375 2177 2433 2232 δὲ
2502 2179 2839 2251 κροκόδειλος
2881 2180 3110 2250 πότιμον
3145 2179 3308 2252 ὕδωρ,
3360 2183 3417 2235 ἐν
3456 2174 3500 2249 ᾧ
3529 2182 3758 2254 φέρεται

2167 2269 2384 2340 ὁῆλιος.
2431 2270 2784 2341 Ἐσημαίνετο
2825 2272 3004 2325 τοίνυν
3053 2274 3081 2325 ὁ
3107 2272 3256 2343 ἥλιος
3281 2272 3348 2324 δι’
3390 2273 3549 2345 ἀέρος
3582 2273 3755 2345 ὑγροῦ

2168 2361 2263 2414 καὶ
2296 2360 2524 2431 γλυκέος
2559 2361 2656 2432 τὴν
2705 2362 3062 2434 περιπόλησιν
3111 2363 3399 2418 ποιεῖσθαι.
3441 2365 3551 2435 Τῆς
3582 2364 3639 2418 δὲ
3658 2366 3756 2418 ού-

2169 2452 2359 2525 ρανίας
2387 2453 2489 2524 γῆς
2521 2453 2616 2506 καὶ
2647 2453 2747 2522 τῆς
2777 2453 2993 2524 χθονίας
3017 2454 3116 2526 τὴν
3144 2455 3372 2526 δύναμιν
3411 2451 3551 2510 Ἶσιν
3585 2475 3757 2528 προσ-

2167 2547 2318 2599 εῖπον
2357 2544 2445 2598 διὰ
2493 2545 2592 2617 τὴν
2631 2546 2870 2616 ἰσότητα,
2901 2548 2993 2617 ἀφ’
3043 2542 3110 2619 ἦς
3141 2548 3202 2600 τὸ
3226 2548 3458 2602 δίκαιον*
3495 2551 3755 2621 οὐρανίαν

2166 2638 2222 2692 δὲ
2254 2637 2350 2709 τὴν
2409 2638 2666 2710 σελήνην,
2703 2638 2916 2710 χθονίαν
2963 2639 3019 2692 δὲ
3047 2639 3142 2694 καὶ
3166 2640 3271 2710 γῆν
3293 2642 3659 2712 καρποφόρον,
3693 2644 3753 2696 ἐν

2165 2725 2200 2805 ᾗ
2233 2729 2612 2802 κατοικοῦμεν,
2644 2730 2881 2799 λέγουσι.
2907 2730 2981 2784 Τὸ
3009 2731 3064 2784 δὲ
3087 2731 3217 2784 αὐτὸ
3240 2730 3460 2785 δύναται
3485 2733 3750 2805 Δημήτηρ

2167 2824 2297 2894 παρ’
2331 2822 2577 2892 Ἕλλησι,
2616 2823 2710 2876 καὶ
2757 2819 2896 2888 Ἶσις
2931 2825 3060 2895 παρ’
3081 2824 3416 2890 Αἰγυπτίοις.
3449 2823 3559 2877 Καὶ¹
3589 2824 3750 2876 πάλιν

2164 2913 2316 2987 Κόρη
2347 2915 2476 2986 παρ’
2509 2914 2845 2987 Ἕλλησικαὶ
2913 2915 3141 2980 ιόνυσος,
3175 2916 3270 2969 καὶ⁴
3299 2911 3438 2981 Ἶσις
3471 2917 3566 2971 καὶ
3601 2919 3750 2970 Ὄσι-

493 3018 621 3059 nem
653 3004 770 3059 fieri
807 3005 1088 3061 declarare
1113 3007 1428 3063 voluerunt.
1457 3006 1693 3062 Telluris
1724 3015 1906 3061 autem
1937 3021 2061 3062 cum

2171 3023 2256 3079 ρις
2323 3006 2455 3077 παρ’
2496 3006 2835 3074 Αἰγυπτίοις.
2889 3005 3036 3078 Αὕτη
3079 3004 3134 3059 δὲ
3191 3007 3465 3079 τρέφουσα
3502 3008 3598 3061 καὶ
3656 3009 3740 3062 αἱ·

496 3097 756 3162 ccelestis,
808 3104 927 3150 tum
976 3097 1140 3151 etiam
1176 3105 1404 3152 terrenae
1445 3098 1576 3162 vim,
1617 3096 1728 3153 Isin
1772 3112 2060 3167 nuncupa-

489 3194 648 3248 sunt,
684 3185 846 3254 idque
891 3193 1110 3255 propter
1173 3187 1416 3257 ἰσότητα,
1444 3186 1549 3242 hoc
1580 3195 1664 3243 est
1699 3187 2064 3257 aequalitatem

491 3275 767 3345 aequitatis
805 3275 985 3330 omnis
1028 3290 1092 3330 ac
1126 3275 1351 3346 justitiae
1396 3275 1620 3331 fontem.
1665 3277 1744 3331 Ac
1785 3277 2062 3333 caelestem

489 3369 716 3439 quidem
752 3369 856 3438 ipsi
889 3369 1107 3435 lunam,
1138 3377 1449 3424 terrestrem
1486 3385 1635 3436 vero,
1664 3378 1866 3426 terram
1898 3372 2061 3438 hanc,

489 3461 553 3516 in
584 3476 691 3530 qua
721 3460 992 3532 degimus,
1029 3459 1360 3532 frugumque
1386 3470 1664 3531 parentem
1697 3477 1822 3518 esse
1849 3464 2061 3520 volunt.

490 3551 760 3608 Craterum
803 3551 1181 3624 Egyptiorum
1213 3552 1313 3609 Isis
1346 3570 1408 3609 ea
1450 3554 1567 3624 ipsa
1608 3563 1712 3621 est,
1753 3571 1916 3626 quam
1956 3556 2064 3612 Ce-

490 3660 672 3700 rerem
705 3645 879 3700 Graeci
920 3655 1139 3712 vocant,
1171 3645 1630 3716 quemadmodum
1665 3647 1758 3716 qui
1789 3664 1819 3702 a
1859 3647 2062 3704 Grzecis

492 3735 819 3807 Proserpina
869 3735 1227 3807 Bacchusque
1272 3737 1664 3800 nominantur,
1713 3737 1878 3793 iidem
1918 3740 2064 3810 apud

493 3828 780 3901 Egyptios
815 3829 914 3884 Isis
962 3839 1017 3883 et
1043 3829 1216 3885 Osiris
1259 3829 1522 3897 appellari
1553 3830 1749 3885 solent.
1796 3828 1967 3886 Porro
2000 3839 2063 3886 ut

493 3922 684 3977 eadem
716 3920 818 3975 Isis
843 3935 951 3974 non
982 3919 1146 3974 modo
1173 3919 1442 3974 fructibus
1470 3921 1558 3985 iis,
1595 3935 1735 3990 quos
1775 3935 1877 3976 suo
1916 3931 2060 3976 terra

495 4011 618 4065 sinu
635 4011 1032 4081 complectitur,
1074 4012 1389 4066 alimentum
1407 4012 1730 4082 suppeditat,
1771 4015 1862 4068 sed
1888 4014 2059 4068 etiam

495 4101 654 4155 novis
710 4115 805 4156 eos
865 4101 1220 4157 incrementis
1287 4111 1485 4172 auget,
1535 4103 1617 4156 sic
1682 4101 1854 4158 Osiris
1917 4104 2062 4174 apud

497 4189 804 4261 Egyptios,
839 4193 948 4244 vim
976 4192 1043 4246 ad
1074 4190 1284 4246 fructus
1323 4192 1632 4247 educendos
1664 4201 1938 4262 potentem
1973 4209 2062 4248 re-

2172 3097 2341 3171 ροῦσα
2391 3110 2419 3140 α
2468 3099 2537 3152 τὰ
2587 3098 2683 3152 ἐπὶ
2733 3099 2838 3168 γῆς
2864 3115 2876 3129 ’
2905 3101 2932 3151 6
2967 3099 3023 3150 δὲ
3049 3100 3259 3170 Ὄσιρις
3283 3101 3410 3171 παρ’
3433 3100 3751 3168 Αἰγυπτίοις

2167 3192 2266 3262 τὴν
2298 3189 2576 3261 κάρπιμον
2615 3189 2910 3261 παρίστησι
2965 3189 3213 3260 δύναμιν,
3255 3190 3322 3260 ἢν
3361 3190 3576 3262 θρήνοις
3618 3191 3753 3244 ἀπο-

2170 3284 2535 3356 μειλίσσονται
2584 3284 2663 3345 είς
2709 3283 2812 3352 γῆν
2870 3281 3272 3352 ἀφανιζομένην
3313 3283 3370 3334 ὲν
3418 3281 3497 3351 τῷ
3540 3281 3749 3355 σπόρῳ,

2167 3376 2260 3430 καὶ
2309 3376 2398 3444 ὑφ’
2459 3373 2618 3445 ἡμῶν
2674 3373 3211 3445 καταναλισκομένην
3267 3375 3346 3437 είς
3390 3373 3490 3437 τὰς
3522 3375 3752 3446 τροφάς.

2167 3467 2520 3539 Λαμϐάνεται
2535 3467 2591 3520 δὲ
2614 3468 2708 3520 καὶ
2735 3468 2855 3520 ἀντὶ
2881 3467 2979 3536 τῆς
3007 3467 3282 3537 ποταμίας
3307 3465 3402 3519 τοῦ
3432 3467 3624 3519 Νείλου
3653 3467 3755 3519 δυ-

2170 3561 2384 3631 νάμεως
2407 3577 2421 3590 ο
2453 3558 2566 3613 ἀλλ’
2589 3561 2716 3613 ὅταν
2748 3560 2844 3630 μὲν
2871 3558 2968 3630 τὴν
2998 3558 3216 3628 χθονίαν
3247 3558 3351 3629 γῆν
3384 3558 3754 3629 σημαίνωσιν,

2173 3653 2439 3723 Ὀσιριςὴ
2471 3651 2745 3723 κάρπιμος
2770 3650 3344 3722 λαμϐάνεταιδύναμις
3371 3667 3384 3680 α
3416 3652 3542 3703 ὅταν
3573 3649 3630 3703 δὲ
3647 3652 3756 3723 τὴν

2168 3743 2448 3814 οὐρανίαν,
2483 3743 2696 3814 Ὄσιρίς
2740 3744 2888 3795 ἐστιν
2917 3745 2946 3796 6
2972 3742 3183 3806 Νεῖλος,
3213 3743 3272 3795 ὃν
3309 3743 3367 3808 ἐξ
3389 3742 3617 3814 οὐρανοῦ
3649 3761 3756 3796 κα-

2168 3834 2499 3907 ταφέρεσθαι
2521 3834 2742 3889 οἴονταιο
2773 3835 3030 3888 πενθοῦσι
3060 3835 3118 3888 δὲ
3149 3836 3242 3888 καὶ
3268 3834 3478 3898 τοῦτον,
3509 3835 3753 3905 ἀπομει-

2168 3925 2474 3998 λισσόμενοι
2501 3926 2600 3996 τὴν
2631 3925 2858 3996 δύναμιν
2882 3925 3150 3998 λήγουσαν
3179 3927 3273 3980 καὶ
3293 3926 3751 3997 ἀναλισκομένην.

2148 4034 2157 4056 ν
2183 4015 2330 4070 Ἡδὲ
2351 4019 2409 4071 ὲν
2451 4019 2568 4080 τοῖς
2608 4016 2799 4086 μύθοις
2825 4018 3126 4090 μισγομένη
3161 4016 3238 4087 τῷ
3282 4017 3505 4088 Ὀσίριδι
3543 4012 3684 4079 Ἶσις
3713 4020 3753 4089 ἡ

2166 4109 2440 4176 Αἰγυπτία
2487 4109 2606 4161 ἐστὶ
2653 4108 2757 4179 γῆ·
2789 4109 2977 4180 διόπερ
3038 4108 3267 4171 ἱσοῦται,
3323 4109 3418 4161 καὶ
3466 4109 3606 4169 κυεῖ,
3651 4110 3756 4161 καὶ

2169 4203 2313 4252 ποιεῖ
2358 4201 2486 4264 τοὺς
2538 4202 2804 4270 καρποὺς,
2839 4201 2920 4254 διὸ
2961 4201 3101 4272 ἀνὴρ
3147 4202 3244 4272 τῆς
3280 4200 3474 4264 Ἴσιδος
3509 4201 3751 4271 Ὄσιρις,

494 4289 808 4350 ρηεεεηιιιι,
847 4295 1010 4349 quam
1057 4280 1161 4350 ipsi
1201 4279 1330 4334 fletu
1365 4280 1536 4335 lenire
1568 4281 1974 4360 quodammodo
2013 4291 2065 4338 et

2173 4287 2268 4339 καὶ
2294 4286 2541 4357 ἀδελφὸς,
2570 4287 2665 4341 καὶ
2685 4289 2799 4352 υἱὸς
2829 4289 3208 4361 παραδέδοται.

499 4373 715 4443 placare
782 4385 1072 4441 conantur,
1137 4389 1266 4431 cum
1301 4388 1392 4439 ea,
1440 4375 1638 4444 partim
1691 4371 1851 4445 116
1884 4387 2126 4433 semente
2200 4379 2468 4447 facienda,
2512 4391 2668 4435 terra:
2700 4383 2910 4452 sepulta
2942 4383 3244 4438 visceribus
3272 4381 3576 4450 evanescit,
3611 4396 3754 4453 par-

500 4470 599 4522 t'tm
647 4467 855 4523 alendis
921 4468 1240 4537 corporibus
1283 4469 1487 4522 nostris
1545 4467 1904 4520 consumitur.
1943 4465 2264 4538 Quanquam
2308 4470 2355 4525 is
2395 4486 2614 4541 quoque
2650 4471 2755 4528 Nili
2819 4475 3190 4531 elIicacitatem
3255 4476 3618 4544 virtutemque
3667 4476 3753 4530 si-

501 4557 753 4628 gnificat;
817 4560 921 4613 hoc
988 4568 1169 4613 tamen
1229 4558 1566 4626 discrimine,
1609 4558 1756 4628 quod
1819 4559 1913 4613 ubi
1978 4570 2247 4617 terrenam
2285 4563 2387 4633 ipsi
2455 4565 2702 4620 tellurem
2751 4567 3011 4623 denotare
3086 4570 3296 4636 volunt,
3346 4577 3462 4624 tum
3511 4567 3758 4624 Osiridis

498 4650 723 4706 nomine
772 4649 1052 4705 fructuum
1113 4665 1310 4721 parens
1356 4648 1527 4704 Terra
1574 4649 1800 4719 intelligi
1842 4648 2037 4705 debeat
2078 4670 2091 4705 :
2135 4653 2226 4707 ubi
2276 4670 2406 4708 vero
2476 4657 2772 4724 caelestem,
2820 4657 2999 4714 Nilum
3051 4659 3193 4715 idem
3237 4659 3412 4715 Osiris
3457 4659 3754 4729 exhibeat,

495 4759 659 4814 quem
725 4741 992 4812 originem
1057 4756 1089 4795 e
1151 4741 1291 4795 caalo
1333 4740 1534 4795 ducere
1574 4750 2023 4807 commemorant,
2063 4757 2237 4813 eoque
2276 4746 2426 4802 luctu
2492 4747 2742 4802 similiter
2809 4759 3235 4821 prosequuntur,
3278 4749 3436 4821 quasi
3473 4750 3583 4803 vim
3619 4751 3755 4819 ejus

496 4839 662 4897 certis
699 4837 1037 4893 deﬁcientem
1103 4845 1154 4892 et
1196 4835 1518 4890 exhaustam
1565 4833 1864 4890 intervallis
1935 4837 2228 4894 conciliare
2271 4841 2375 4895 sibi
2432 4858 2496 4897 ac
2534 4843 2754 4913 placare
2793 4845 2978 4901 velint.
3021 4845 3124 4902 Isis
3187 4854 3372 4901 autem
3427 4845 3540 4908 illa,
3581 4845 3755 4912 cujus

498 4950 625 4992 cum
679 4933 895 4990 Osiride
941 4932 1382 5003 congressionem
1453 4930 1651 4986 fabulae
1713 4931 2026 5000 celebrant,
2066 4933 2320 5006 Egyptia
2376 4947 2521 4994 terra
2570 4951 2675 5006 est,
2722 4956 2787 4996 ac
2845 4951 3130 5012 propterea
3183 4957 3308 4998 cum
3352 4940 3561 5012 aequari
3623 4939 3756 5010 ipsa

497 5044 830 5100 uterumque
876 5035 1111 5100 gestare,
1149 5042 1212 5082 ac
1251 5027 1470 5082 demum
1513 5027 1727 5084 fructus
1764 5043 2052 5098 procreare
2088 5029 2308 5098 dicitur,
2348 5043 2463 5090 tum
2501 5036 2666 5091 etiam
2706 5036 2864 5092 Isidis
2902 5038 3124 5108 conjux,
3160 5038 3437 5109 simulque
3481 5037 3651 5093 frater
3681 5054 3753 5096 ac

498 5131 643 5186 ﬁlius
671 5127 845 5184 Osiris
874 5141 995 5181 esse
1029 5124 1362 5195 perhibetur.

576 5234 604 5263 ι
647 5222 730 5274 τσ.
765 5218 1013 5290 αἴρουσα.

572 5307 867 5382 (95)__¢0_c"t.
911 5305 1085 5382 Ergo,
1110 5306 1202 5382 qui
1251 5304 1604 5382 thrjcihug
1651 5305 1747 5382 lib.
1776 5319 1815 5382 ι,
1850 5304 1944 5382 tit.
1975 5305 2064 5370 10,
2176 5305 2348 5382 locus.
2375 5301 2643 5382 Strenui,
2662 5305 2841 5382 aliqua
2866 5314 3045 5382 tamen
3068 5321 3148 5382 ex_
3162 5315 3314 5382 parte
3333 5305 3634 5382 dissimilis.
3657 5308 3756 5361 Αι-

502 5373 744 5451 pag.__35.
783 5373 1015 5451 Chryse]-
1033 5373 1338 5451 dicebatur,
1366 5375 1638 5451 Egyptiis
1664 5376 1858 5437 l’htha,
1894 5374 2065 5451 dictus

2175 5373 2447 5451 γυπτίων,
2472 5373 2668 5451 inquit,
2697 5373 2877 5451 0:er
2907 5378 2999 5451 ᾂπὶ
3029 5373 3232 5451 πλοίου,
3251 5379 3300 5451 οἱ
3330 5376 3388 5431 δὲ
3417 5377 3519 5451 tu].
3543 5393 3754 5451 κροκο-

504 5442 602 5506 est"
618 5442 912 5503 Vulcanus:
952 5446 1175 5501 Hebraea
1229 5462 1334 5500 vox
1363 5442 1526 5510 nni),—
1556 5447 1661 5501 hoc
1706 5455 1790 5500 est
1844 5447 2065 5514 aperire.

505 5529 592 5552 ιηιι
646 5520 838 5552 “almum
906 5520 1036 5552 mnia
1094 5518 1288 5552 nninnn
1357 5527 1406 5552 ..ι
1462 5532 1584 5552 mur.
1642 5516 1945 5552 Elmhtiqnn
2018 5527 2064 5552 οι

2171 5442 2345 5496 δείλου
2402 5442 2490 5495 τὸν
2536 5445 2694 5552 ηλιον·
2749 5442 3067 5501 δεικνύουσι.
3101 5449 3432 5518 Σημαίνουσι
3477 5446 3554 5510 δὲ,
3603 5447 3694 5500 ὅτι
3724 5452 3754 5502 6

2181 5510 2333 5552 ἧλωξ
2414 5512 2479 5552 δι’
2510 5514 2541 5552 ἦ
2581 5531 2668 5552 nn»
2721 5517 2986 5552 adnue-nm:
3040 5518 3129 5552 νηῒ
3177 5516 3343 5552 hvmi-1
3389 5516 3484 5552 mir-lu
3515 5519 3752 5552 mne-5n.

505 5529 600 5574 aut
643 5520 858 5578 soluere.
906 5520 1060 5583 satis,
1094 5518 1308 5587 opinor,
1357 5527 1411 5571 et
1462 5532 1584 5588 cum
1631 5510 1968 5586 Egyptia‘cn,
2008 5527 2065 5588 get

2181 5510 2333 5588 ἥλιος
2414 5512 2479 5565 δι’
2509 5510 2986 5588 ἀέροςίγλυκεροῦ
3040 5518 3134 5570 καὶ
3165 5510 3343 5586 ’ὗγροῦ
3389 5516 3484 5586 τὴν
3515 5519 3752 5586 πορείαν

503 5605 626 5644 Cum
651 5589 789 5657 ignis
813 5589 864 5640 vi
897 5597 1058 5656 atque
1087 5585 1280 5642 natura
1305 5589 1461 5656 plane
1481 5585 1760 5657 διαλυτικῇ
1793 5585 2064 5640 convenit.

2173 5585 2512 5658 ποιούμενος,
2540 5586 2814 5658 γεννᾷντρν
2841 5585 3048 5658 χρόνον,
3073 5588 3130 5640 ὃν
3161 5585 3458 5658 αἰνίσσεται
3484 5589 3519 5658 ῥ
3547 5585 3754 5657 κροκό-

572 5653 696 5727 (96Ῐ
723 5659 934 5711 Φύσιν.
966 5653 1167 5728 Nunt”
1199 5653 1366 5722 θέσίν,
1400 5659 1592 5711 melius
1626 5668 1685 5710 ut
1711 5653 1968 5728 videtur,

2171 5653 2346 5728 δειλός
2370 5653 2491 5728 ,διάΔ
2517 5671 2638 5728 τινα
2678 5653 3154 5728 ἄλληνίερατικὴν
3183 5657 3439 5728 ἱστορίαν,
3471 5653 3752 5712 Caeterum

571 5725 686 5801 (97)
727 5729 929 5784 Ἥλιον
951 5727 1038 5784 δέ.
1080 5727 1340 5784 Geminus
1389 5740 1471 5784 cst
1499 5729 1587 5784 ille
1616 5729 1878 5783 Clentent.
1911 5727 2064 5781 Alex.

2171 5726 2231 5778 τὸ
2264 5727 2390 5778 ποτὲ
2427 5725 2548 5796 μέν,
2585 5725 2677 5780 lin.
2706 5725 2951 5796 sequent.
2981 5725 3205 5798 prox-Sus
3237 5725 3562 5780 ἀναπόδοτον
3595 5738 3688 5780 est

3590 5966 3612 6011 Ι
