3858 6224
455 403 559 459 9.11
1130 399 1404 458 EUSEBII
1433 397 1915 456 CIESARIENSIS
1951 399 2101 455 OPP.
2139 397 2324 455 PARS
2355 397 2418 452 11.
2449 429 2516 438 -
2538 393 3036 454 APOLOGETICA.
3607 395 3718 450 212

460 518 628 591 gyptii
655 517 954 584 hominem,
994 517 1086 573 cui
1128 531 1284 573 sacra
1335 517 1570 587 faciant,
1623 519 1858 588 deligere
1899 533 1983 573 cor

2226 520 2349 581 ταῖς
2380 516 2738 589 ἱερομηνίαις,
2782 515 2878 570 καὶ
2912 518 3032 579 ταῖς
3059 515 3195 588 πρὸς
3226 514 3352 580 τοὺς
3392 513 3550 578 θεοὺς
3591 511 3729 586 θρη-

460 621 774 668 sueverunt.
836 610 1063 666 Anamis
1108 611 1252 666 enim
1302 610 1524 682 IEgypti
1562 627 1736 682 pagus
1780 619 1884 677 est,
1935 611 1983 664 ul

1159 611 1252 664 tim
1302 610 1524 682 [Egypti
1562 627 1736 682 pagus
1780 619 1884 677 est,
1935 611 2030 666 ubi
2142 609 2350 674 σκείαις
2385 609 2682 680 βουθυτεῖν.

460 703 627 757 homo
667 701 1018 772 religionibus
1053 712 1106 757 ct
1146 703 1431 760 sacriﬁciis
1469 705 1686 768 colitur,
1735 705 1896 774 eique
1937 703 2173 758 victima:
2212 703 2572 758 in-altaribus
2615 709 2955 770 cremantur;
2986 700 3101 770 ipse
3146 709 3326 755 tamen
3375 699 3538 770 paulo
3583 705 3728 767 post,

459 812 582 865 quae
619 794 720 850 subi
771 803 1030 865 tanquam
1067 795 1277 849 homini
1312 803 1735 866 apponerentur,
1773 797 2001 850 libenter
2045 809 2273 850 omnino
2304 794 2632 850 comederet.
2679 791 2818 847 Nam
2879 791 3026 863 quod
3069 791 3146 845 illi
3186 791 3377 846 brutas
3416 790 3730 845 animantes

460 890 592 943 deos
638 903 761 943 esse
797 902 1141 958 nequaquam
1178 890 1530 956 arbitrentur,
1579 891 1665 945 vel
1724 905 1791 945 ex
1833 906 1900 946 eo
1927 891 2120 960 liquet,
2167 889 2313 960 quod
2376 889 2433 943 in
2471 887 2743 959 plerisque
2791 887 2926 944 locis
2970 887 3138 942 boves
3181 886 3286 942 diis
3344 894 3721 951 consecratos,

461 979 804 1051 solemnibus.
839 975 990 1036 feriis
1037 982 1373 1052 deorumque
1412 983 2072 1054 religionibus-immolare
2114 982 2515 1039 consueverint.

1056 1075 1286 1132 CAPUT
1347 1077 1487 1131 XIII.

2671 1071 3065 1127 ΚΕΦΑΛΑΙΟΝ
3106 1073 3183 1126 II"
3191 1113 3205 1127 .

530 1165 610 1219 De
649 1166 793 1234 bove,
835 1169 927 1239 qui
963 1168 1105 1234 apud
1135 1167 1458 1238 Heliopolim
1486 1166 1600 1222 Soli
1640 1168 1966 1221 immolatur.

2210 1165 2286 1236 rp}.
2321 1163 2512 1219 τοῦέν
2543 1163 2741 1221 Ἡλίου
2762 1163 3252 1234 πόλειθυομένου
3284 1160 3365 1228 τῷ
3391 1159 3733 1229 ἧλίῳβοός.

539 1276 558 1309 ‹
611 1257 726 1313 Soli
771 1259 992 1330 quidem
1028 1268 1192 1330 atque
1221 1257 1389 1314 Lunae
1416 1259 1583 1315 boves
1620 1270 2031 1316 consecrarunt.

2220 1274 2240 1309 ι
2273 1255 2437 1327 Ἡλίῳ
2457 1253 2555 1326 μὲν
2579 1253 2687 1325 γὰρ
2712 1253 2805 1308 καὶ
2829 1252 3027 1325 σελήνη
3051 1253 3174 1324 βοῦς
3197 1251 3504 1324 ἀνιέρωσαν
3521 1268 3535 1280 ·
3553 1251 3676 1304 ἀλλ’
3706 1253 3736 1304 ὅ

463 1346 567 1413 Qui
603 1365 767 1419 porro
811 1351 913 1406 soli
946 1351 1088 1420 apud
1131 1349 1455 1420 lleliopolim
1492 1364 1647 1407 sacer
1693 1361 1796 1417 est,
1829 1349 1983 1405 Mnev

2227 1350 2362 1422 ἡλίῳ
2400 1348 2755 1420 ἀνακείμενος
2815 1350 2872 1403 ὲν
2902 1348 3083 1402 Ἡλίου
3109 1346 3263 1399 πόλει
3295 1344 3369 1416 (5)
3396 1344 3736 1414 καλούμενος

463 1439 717 1504 nomine,
774 1446 1003 1495 czeteros
1056 1439 1430 1510 magnitudine
1482 1448 1725 1509 superat,
1779 1440 1986 1510 idemqu

2214 1439 2344 1504 ιεῦις
2379 1439 2515 1512 βοῶν
2549 1441 2664 1493 ἐστι
2701 1439 2976 1511 μέγιστος,
3013 1438 3219 1510 σφόδρα
3265 1437 3452 1508 μέλας,
3491 1435 3737 1507 μάλιστα

463 1528 648 1584 colore
685 1531 1001 1602 nigerrimo,
1049 1532 1194 1602 quod
1242 1531 1664 1586 vehementioris
1714 1531 1986 1602 assiduiqu

2216 1553 2225 1587 ι
2254 1533 2349 1587 καὶ
2387 1535 2416 1586 6
2454 1532 2604 1604 ἥλιος
2635 1534 2664 1586 ὁ
2698 1531 2865 1596 πολὺς
2899 1531 3140 1603 μελαίνει
3186 1529 3257 1582 τὰ
3286 1527 3600 1600 ἀνθρώπεια
3627 1527 3739 1580 σώ-

464 1625 599 1680 solis
645 1626 809 1680 ardor
850 1627 1121 1695 nigrorem
1164 1627 1423 1682 humanis
1462 1626 1784 1696 corporibus
1843 1626 1987 1682 aﬁ‘en

2213 1643 2314 1679 ιτα.
2349 1627 2502 1696 Ἔχει
2548 1625 2606 1679 δὲ
2652 1625 2753 1696 τὴν
2797 1624 2965 1696 οὐρὰν
2999 1622 3152 1694 παρά
3190 1622 3316 1685 τοὺς
3349 1620 3539 1682 ἄλλους
3578 1617 3736 1690 βοῦς,

463 1717 654 1772 soleat.
709 1717 979 1775 Praeterea
1031 1721 1219 1777 caudae
1277 1719 1553 1789 totiusque
1598 1719 1844 1789 corporis
1892 1719 1986 1790 pilt

2218 1721 2232 1771 ι
2280 1716 2342 1770 τὸ
2377 1718 2486 1770 πᾶν
2531 1715 2688 1788 σῶμα
2730 1716 3044 1786 ἀνάτριχον,
3084 1713 3335 1782 καθάπερ
3377 1714 3405 1765 6
3447 1710 3602 1782 ἥλιος
3639 1710 3741 1763 τὸν

467 1827 880 1870 sursumversus
943 1812 1195 1882 rcjectos,
1234 1821 1430 1884 praeter
1471 1814 1704 1869 aliorum
1741 1813 1908 1868 boum
1940 1828 1990 1867 n:

2217 1809 2377 1864 ιντίον
2423 1807 2500 1880 τῷ
2550 1808 2696 1879 πόλῳ
2743 1810 2976 1860 ποιεῖται
3014 1807 3242 1880 δρόμον’
3290 1802 3418 1868 τούς
3450 1819 3510 1855 τε
3541 1801 3740 1873 ὄρχεις

463 1912 643 1959 turam
677 1905 862 1968 habet,
909 1905 1371 1975 quemadmodum
1419 1907 1499 1962 sol
1531 1906 1866 1963 contrarium
1907 1906 1986 1976 pol

2216 1903 2458 1972 γίστους,
2527 1899 2820 1974 ἐπειδήπερ
2858 1900 2886 1952 6
2923 1899 3052 1970 περὶ
3095 1898 3164 1952 τά
3209 1894 3500 1968 ἀφροδίσια
3539 1894 3739 1965 ἵμερος

463 2012 689 2052 cursum
728 1997 986 2052 instituit.
1033 1997 1287 2054 Testibus
1339 2007 1424 2053 est
1462 1999 1738 2063 maximis,
1777 1997 1924 2069 quod
1959 2014 1983 2051 r

2218 2011 2349 2048 ιεται
2375 1991 2481 2046 ὑπὸ
2514 1989 2867 2062 θερμότητος,
2915 1990 3004 2044 ὅτε
3053 1991 3082 2044 6
3122 1988 3271 2059 ἥλιος
3320 1999 3347 2027 ει
3372 1983 3741 2056 σπερμαίνειν

461 2101 712 2142 venereae
741 2087 1010 2156 cupiditas
1030 2087 1084 2141 vi
1114 2087 1313 2142 caloris
1335 2089 1622 2154 excitetur,
1651 2089 1875 2158 ipseque
1904 2088 1984 2143 adt

2216 2102 2353 2155 (εται
2386 2083 2484 2155 τὴν
2525 2081 2708 2152 φύσιν.
2745 2082 2953 2155 Σελήνῃ
2993 2081 3051 2134 δὲ.
3099 2079 3299 2150 ταῦρον
3346 2076 3629 2140 ἀνέθεσαν,
3673 2075 3739 2129 ὃν

462 2176 548 2232 sol
580 2187 835 2232 naturam
867 2177 1160 2232 fecundare
1185 2178 1421 2234 dicatur.
1461 2179 1628 2233 Luna:
1663 2194 1791 2233 vero
1818 2186 1985 2233 tauru:

2217 2195 2307 2231 πιν
2327 2173 2741 2247 ἐπονομάζουσι,
2770 2174 2976 2245 μέλανα
3001 2173 3098 2243 μὲν
3123 2171 3217 2224 καὶ
3243 2168 3404 2224 αὑτὸν
3433 2167 3576 2239 ὑπὲρ
3602 2166 3739 2230 τοὺς

466 2267 744 2332 dicarunt,
802 2281 966 2340 quem
1015 2267 1176 2339 Apim
1231 2269 1546 2334 nominant,
1595 2269 1808 2338 nigrum
1858 2268 1989 2337 ipsu:

2216 2269 2354 2332 λους,
2384 2268 2615 2339 φέροντα
2643 2265 2700 2320 δὲ
2725 2268 2926 2338 σημεῖα
2953 2263 3103 2335 ἡλίου
3134 2263 3228 2316 καὶ
3253 2262 3500 2333 σελήνης,
3527 2260 3613 2313 ὅτι
3637 2259 3739 2313 καὶ

469 2375 687 2430 quoque
717 2374 830 2430 prae
857 2359 1088 2423 caeteris,
1123 2361 1376 2430 quodque
1405 2359 1533 2414 luna
1569 2374 1728 2414 suum
1761 2373 1789 2411 a
1817 2359 1930 2413 sole
1959 2358 1992 2412 Ιι

2217 2380 2243 2426 ς
2279 2361 2506 2434 σελήνης
2535 2360 2598 2414 τδ
2630 2360 2747 2432 φῶς
2777 2360 2837 2426 ἐξ
2879 2357 3027 2430 ἡλίου
3048 2374 3061 2387 ·
3095 2356 3246 2427 ἡλίου
3281 2354 3339 2407 δὲ
3392 2355 3643 2425 σημεῖον,
3673 2352 3739 2405 τὸ

469 2461 596 2500 men
625 2446 875 2516 accipiat,
905 2447 1036 2501 solis
1064 2456 1326 2516 prieterea
1364 2447 1615 2518 Iunmque
1640 2447 1878 2518 insignia
1901 2462 1992 2517 pra

2218 2450 2429 2504 λαντοῦ
2459 2449 2728 2522 σώματος,
2760 2449 2856 2503 καὶ
2899 2450 2927 2501 6
2961 2447 3065 2500 ὑπὸ
3091 2448 3156 2517 τῇ
3185 2443 3398 2518 γλώττῃ
3433 2441 3740 2515 κάνθαρος·

468 2537 755 2595 ferentem.
781 2539 861 2594 Αε
889 2539 1021 2595 solis
1065 2539 1286 2610 quidem
1325 2540 1540 2612 insigne
1567 2549 1670 2606 est,
1709 2556 1834 2596 cum
1870 2540 1988 2611 ipsi:

2216 2541 2378 2614 λήνης
2421 2543 2478 2596 δὲ
2520 2540 2785 2613 σύμϐολον
2809 2541 2869 2594 τό
2895 2557 2956 2593 τε
2994 2539 3276 2610 διχότομον
3315 2537 3408 2590 καὶ
3451 2536 3739 2608 ἀμφίκυρ-

463 2629 713 2698 corporis
739 2629 947 2699 nigror,
990 2639 1106 2684 tum
1157 2627 1321 2684 etiam
1353 2629 1420 2696 is,
1452 2630 1546 2699 qui
1577 2630 1680 2686 sub
1713 2630 1898 2696 lingua
1930 2630 2040 2686 haa—
2147 2652 2258 2689 τον.
2302 2655 2320 2688 ι

459 2729 565 2784 ret,
601 2722 940 2778 scarabaeus:
971 2721 1180 2777 Lunam
1210 2739 1336 2778 vero
1367 2721 1566 2792 partim
1606 2722 1836 2777 orbiculi
1863 2723 2154 2794 dimidiati,
2191 2726 2386 2796 partim
2414 2726 2696 2782 dimidiato
2724 2725 2949 2796 majoris
2977 2724 3146 2795 ﬁgura
3179 2729 3581 2793 repraesentat.»

534 2813 713 2884 Atque
743 2813 858 2869 haec
893 2831 922 2870 a
947 2816 1106 2871 nobis
1140 2831 1206 2871 ex
1245 2814 1537 2886 Porphyrii
1582 2815 1802 2885 scriptis
1836 2815 1890 2870 in
1919 2817 2036 2886 epi-

2207 2817 2392 2871 Ταῦτά
2425 2836 2515 2890 μοι
2551 2820 2617 2872 ἐκ
2646 2819 2747 2890 τῆς
2776 2815 2870 2870 τοῦ
2917 2815 3317 2888 προειρημένου
3365 2814 3554 2885 ἀνδρὸς
3589 2829 3730 2886 γρα-

462 2913 648 2961 tomen
683 2905 903 2961 redacta
931 2906 1224 2974 suﬁiciant,
1258 2907 1397 2962 nihil
1436 2915 1494 2960 ut
1521 2922 1713 2961 eorum
1748 2908 1911 2978 118
1935 2923 1985 2963 nt

2208 2913 2247 2980 ig
2294 2909 2709 2981 ὲπιτετμήσθω,
2761 2910 2838 2973 ὡς
2882 2909 2949 2963 ἂν
3004 2908 3169 2980 μηδὲν
3217 2908 3364 2978 ἡμᾶς
3407 2905 3556 2958 λάθοι
3619 2905 3731 2958 τῶν

462 2995 650 3063 lateat,
687 3012 809 3067 quae
837 2999 1117 3054 recondita
1156 2999 1243 3054 vel
1277 2997 1595 3054 Graecorum
1629 3000 1715 3054 vel
1751 2998 1985 3071 Egyptit

2208 3003 2465 3074 εορρήτων
2511 3002 2614 3072 τῆς
2651 3001 2968 3072 Ἑλληνικῆς
3037 2999 3172 3072 ὁμοῦ
3213 3000 3309 3054 καὶ
3349 2997 3731 3068 Αἰγυπτιακῆς

464 3103 589 3142 rum
628 3088 899 3159 theologia
940 3090 1310 3144 continentur.
1350 3089 1523 3160 Cujus
1560 3089 1804 3160 profecto
1854 3091 1987 3144 dese:

2208 3093 2420 3162 ολογίας
2439 3111 2452 3124 ·
2483 3089 2553 3166 ἧς
2582 3093 2892 3156 ἀποστάτας
2937 3093 3178 3155 ἑαυτοὺς
3203 3091 3297 3144 καὶ
3325 3089 3565 3160 φυγάδας
3598 3091 3731 3159 ὁμο·

466 3187 616 3234 tores
653 3194 753 3234 uos
798 3195 862 3235 ac
889 3179 1205 3251 transfugas
1235 3189 1430 3250 sponte
1460 3181 1804 3247 conﬁtemur,
1839 3181 1989 3250 quip]

2209 3187 2610 3259 γοῦμεν,κρίσει
2635 3186 2730 3240 καὶ
2763 3183 3007 3256 λογισμῷ
3037 3181 3270 3253 σώφρονι
3303 3181 3397 3234 καὶ
3427 3180 3548 3234 τάδε
3586 3197 3732 3252 παρ-

465 3270 561 3338 qui
605 3271 871 3339 castigato
915 3271 1076 3340 plane
1126 3280 1452 3342 maturoque
1494 3273 1725 3327 consilio
1773 3288 1881 3327 una
1912 3287 1988 3326 ειιι

2210 3280 2509 3352 ιησάμενοι.
2572 3275 2648 3333 Οὐ
2685 3277 2793 3349 γάρ
2830 3294 2897 3348 με
2930 3279 2963 3348 ἠ
3009 3273 3224 3340 ἀλαζὼν
3258 3273 3516 3347 ἐκπλήξει
3548 3273 3733 3345 φωνὴ,

464 3360 677 3416 caeteris
724 3362 829 3415 ista
881 3376 1099 3431 quoque
1133 3361 1507 3430 rejecerimus.
1556 3361 1742 3432 Neque
1784 3378 1916 3417 vero
1951 3377 2040 3417 me

467 3465 734 3522 arrogans
761 3451 865 3506 ista
891 3452 1113 3506 terrebit
1136 3454 1334 3520 oratio,

503 3562 616 3618 Fas
647 3565 836 3635 quibus
865 3573 943 3620 est
979 3565 1228 3632 narrabo,
1273 3566 1410 3635 fares
1440 3566 1732 3622 claudunto
1762 3568 1998 3638 profani.

2218 3563 2541 3635 Φθέγξομαι
2583 3558 2674 3628 οῖς
2723 3560 2888 3630 θέμις
2928 3560 3088 3626 ἐστι,
3129 3559 3312 3626 θύρας
3350 3554 3741 3699 ἴβὲἓῑὲθίῗθε,

3609 3645 3653 3692 ιι

465 3718 689 3778 Profani
732 3723 921 3794 utique
973 3738 1084 3778 non
1127 3739 1252 3791 nos,
1297 3724 1392 3780 sed
1438 3725 1533 3794 qui
1580 3733 1767 3795 turpes
1805 3725 1988 3781 adeo:

2223 3743 2382 3781 σασα.
2433 3726 2660 3798 Βέϐηλοι
2702 3725 2832 3795 γοῦν
2881 3724 2981 3795 οὐχ
3037 3724 3218 3795 ἡμεῖς,
3271 3721 3386 3776 ἀλλ’
3425 3721 3479 3774 οῖ
3518 3737 3583 3790 γε
3625 3722 3741 3788 τὰς

465 3815 685 3887 putidas
728 3815 797 3871 de
836 3816 1151 3882 scarabaeis.
1191 3833 1256 3872 ac
1290 3817 1502 3872 caeteris
1534 3817 1588 3872 id
1618 3833 1790 3888 genus
1828 3819 1988 3873 anim:

2216 3818 2352 3872 ιάσδε
2385 3818 2618 3890 αἰσχρὰς
2646 3817 2742 3872 καὶ
2775 3817 3042 3887 ἀπρεπεῖς
3075 3813 3401 3887 μυθολογίας
3435 3813 3739 3886 κανθάρων

465 3908 609 3964 libus
643 3907 712 3975 ab
743 3909 892 3963 omni
923 3909 1133 3964 ratione
1167 3910 1357 3966 vacuis
1386 3909 1598 3966 fabulas
1632 3924 1730 3979 pro
1760 3911 1988 3980 sapienti

2219 3926 2269 3980 ρι
2305 3909 2401 3962 καὶ⁴
2444 3907 2648 3979 θηρίων
2693 3906 2903 3974 ἀλόγων
2943 3906 3136 3974 σοφίας
3181 3903 3431 3972 θεολόγου
3482 3903 3742 3974 νοήματα

467 4001 668 4055 divina:
710 3999 888 4055 sensis
932 3999 1316 4066 venditarum;
1362 4001 1479 4070 qui,
1522 4009 1584 4054 ut
1630 3999 1848 4056 divinus
1890 3999 1990 4070 Apt

2223 4018 2279 4054 αι
2307 3999 2735 4070 ἀποφηνάμενοι·
2759 3998 2830 4062 οἳ,
2857 3995 2997 4052 κατά
3015 3996 3107 4050 τὸν
3138 3995 3436 4067 θαυμάσιον
3473 3994 3744 4049 ’Δπόστο-

467 4091 655 4145 stolus.
692 4089 965 4159 loquitur,
1003 4089 1244 4144 Dicentes
1293 4107 1347 4144 se
1385 4106 1500 4145 esse
1546 4090 1838 4159 sapientes,
1888 4091 1990 4145 stul

2218 4109 2256 4157 ι,
2286 4091 2626 4161 φάσκοντες
2647 4086 2802 4145 εἶναι
2831 4089 3032 4159 σοφοὶ,
3059 4086 3518 4158 ἐμωράνθησαν·
3554 4086 3636 4139 ὅτι
3663 4087 3741 4160 δὴ

469 4182 602 4253 facti
637 4191 792 4245 sunt;
837 4190 1027 4253 utpote
1053 4183 1148 4262 qui
1177 4191 1516 4237 mutaverunt
1546 4182 1774 4252 gloriam
1801 4185 1992 4238 incorrt

2223 4183 2425 4248 λαξαν
2437 4182 2550 4252 τὴν
2569 4181 2757 4248 δόξαν
2782 4181 2890 4236 τοῦ
2915 4178 3218 4249 ἀφθάρτου
3259 4179 3409 4233 Θεοῦ
3441 4177 3746 4246 ὲνόμοιὼ-

470 4274 673 4346 ptibilis
712 4274 811 4329 Dei
849 4276 908 4329 in
946 4274 1353 4329 similitudinem
1390 4275 1640 4343 imaginis
1676 4274 1990 4345 corruptibil

2222 4292 2282 4329 ιτι
2296 4278 2530 4342 εἰκόνος
2553 4275 2814 4344 φθαρτοῦ
2832 4272 3168 4342 ἀνθρώπου,
3183 4271 3285 4326 καὶ
3299 4269 3606 4338 πετεινῶν,
3626 4276 3745 4326 καί.

469 4370 717 4434 hominis,
753 4377 804 4422 et
834 4368 1124 4434 volucrum,
1174 4378 1224 4423 et
1271 4368 1696 4440 quadrupedum,
1742 4375 1793 4422 et
1829 4383 1992 4437 serpet

2224 4368 2548 4436 κραπόδων,
2576 4367 2672 4421 καὶ
2723 4364 3004 4435 ἑρπετῶν.
3061 4364 3198 4418 Ἀλλ’
3246 4364 3370 4417 ἐπεὶ
3412 4363 3588 4417 πάντα
3634 4363 3747 4419 τὸν

471 4466 605 4519 tium
631 4464 696 4515 ³⁸.
724 4461 793 4515 At
825 4462 994 4528 enim,
1024 4460 1284 4530 quoniam
1314 4459 1636 4514 fabellarum
1667 4459 1896 4514 istarum
1921 4474 1994 4514 εει

2230 4464 2276 4532 p‘t
2296 4480 2498 4515 τουτων
2518 4462 2826 4532 ἀπόρρητον
2842 4459 2905 4530 δὴ
2923 4459 3015 4512 καὶ
3043 4457 3445 4528 μυστικώτερον
3467 4456 3625 4525 λόγον
3647 4459 3753 4519 εἰς

472 4570 569 4610 sus
599 4565 828 4609 arcanos
854 4551 1062 4608 scilicet
1101 4567 1166 4606 ac
1203 4550 1476 4622 mysteriis
1515 4550 1814 4620 pleniores,
1856 4550 1914 4604 in
1943 4565 1995 4604 ιιι

2225 4555 2469 4627 ωμάτους
2495 4554 2751 4624 δυνάμεις
2793 4549 3173 4623 μεταφορικῶς
3214 4549 3437 4619 ἀνῆγον,
3473 4547 3616 4600 ὥστε
3644 4548 3748 4603 δο-

470 4656 622 4700 turas
656 4643 899 4714 corporis
939 4652 1190 4713 expertes
1231 4643 1518 4698 tralatione
1565 4641 1802 4712 quadam
1851 4652 1993 4696 εοηιι

2225 4651 2261 4702 ἵν
2292 4647 2481 4718 μηκέτ’
2509 4647 2602 4700 ἐπὶ
2642 4644 2712 4698 τὰ
2738 4643 2990 4717 ὁρώμενα
3041 4643 3182 4714 μέρη
3225 4641 3320 4694 τοῦ
3367 4641 3574 4710 κόσμου
3627 4644 3748 4715 τὴν

471 4735 672 4802 lerunt,
726 4735 914 4799 utique
958 4747 1029 4786 ne
1069 4732 1138 4786 ad
1182 4746 1276 4787 eas
1317 4733 1372 4786 in
1407 4742 1708 4802 posterum,
1755 4746 1877 4801 quae
1921 4746 1994 4785 εει

2226 4741 2417 4794 ιποιῖαν
2443 4737 2619 4792 αὐτῶν
2649 4737 2960 4799 συντείνειν,
2987 4734 3102 4788 ἀλλ’
3141 4732 3233 4786 ἐπί
3275 4750 3431 4796 τινας
3461 4733 3749 4804 άοράτους

467 4836 698 4892 nuntur,
733 4824 922 4880 mundi
960 4834 1163 4894 partes,
1203 4824 1297 4878 sed
1341 4825 1527 4894 potius
1559 4823 1628 4878 ad
1677 4831 1901 4877 naturas
1945 4823 1990 4876 al

2226 4834 2240 4885 ι
2273 4831 2596 4901 ἀσωμάτους
2621 4830 2908 4899 δυνάμεις·
2959 4825 3287 4898 σκεψώμεθα
3319 4827 3368 4878 εί
3401 4824 3477 4896 μὴ
3508 4825 3608 4877 καὶ
3639 4825 3749 4878 οὖ-

474 4933 615 4987 quas
644 4931 745 4971 nec
774 4914 1049 4984 subiectas
1081 4912 1277 4979 oculis,
1309 4929 1410 4968 nec
1441 4913 1494 4966 in
1525 4927 1727 4982 corpus
1754 4911 1997 4966 immers:

2225 4941 2252 4986 ς
2284 4921 2411 4994 μίαν
2444 4921 2547 4994 χρὴ
2575 4921 2672 4992 τὴν
2702 4920 2850 4975 θείαν
2885 4920 3115 4990 δύναμιν
3147 4917 3579 4987 ἀποθαυμάζειν,
3613 4916 3746 4969 ἀλλ’

473 5010 701 5064 deorum
757 5023 986 5062 suorum
1037 5007 1375 5062 molitionem
1437 5003 1642 5060 referre
1693 5005 1996 5059 viderentur

2233 5012 2432 5076 πολλὰς
2475 5011 2744 5084 ἡγεῖσθαι.
2778 5009 2914 5064 Οὐδὲ
2954 5009 3064 5080 γὰρ
3109 5008 3227 5061 ἐπεὶ
3263 5005 3434 5059 πολλά
3470 5004 3751 5074 σχήματα.

474 5109 783 5170 spectemus
834 5099 968 5153 illud
1014 5099 1201 5162 etiam,
1238 5111 1369 5153 num
1405 5096 1564 5165 longe
1611 5105 1832 5167 praestet
1877 5110 1997 5150 una:

2221 5106 2239 5159 ἱ
2275 5106 2412 5177 μέρη
2448 5105 2541 5158 καὶ
2577 5104 2709 5176 μέλη
2744 5105 2832 5174 ὑφ’
2870 5104 2950 5156 ἑνὶ
2986 5101 3197 5172 σώματι
3241 5096 3744 5170 δεδημιούργηται,

473 5192 656 5260 potius
697 5191 938 5246 divinam
968 5189 1148 5245 colere
1182 5204 1248 5243 ac
1289 5187 1538 5243 venerari
1571 5196 1843 5251 naturam,
1879 5201 1996 5256 qua]

2220 5197 2413 5260 ταύτας
2442 5196 2579 5269 χρῆν
2620 5195 2697 5268 (4)
2734 5196 2883 5267 ἡμᾶς
2921 5193 3020 5256 τὰς
3049 5192 3227 5263 ψυχὰς
3272 5191 3417 5260 ἔχειν
3451 5187 3743 5260 ἡγεῖσθαι,

473 5281 660 5349 plures
709 5297 831 5337 esse
864 5280 1140 5336 arbitrari.
1191 5278 1328 5334 Nam
1377 5279 1424 5334 si
1470 5280 1656 5334 multae
1691 5279 1746 5332 in
1792 5294 1904 5332 uno
1950 5293 1996 5332 et

2227 5289 2266 5342 se
2289 5289 2574 5354 τοσούτους
2601 5288 2830 5360 ποιητὰς
2849 5288 2944 5341 καὶ
2969 5284 3336 5358 δημιουργοὺς
3355 5283 3450 5336 τοῦ
3474 5280 3750 5352 σώματος

472 5374 707 5443 demque
747 5389 978 5444 corpore
1029 5375 1238 5444 ﬁgurae,
1271 5379 1458 5443 partes
1493 5371 1681 5437 variae,
1723 5370 1995 5441 diversaqt

2221 5381 2416 5452 μίζειν·
2445 5381 2578 5435 ἀλλά
2609 5380 2703 5434 καὶ
2737 5379 2914 5452 ψυχὴν
2944 5379 3072 5450 μίαν
3112 5377 3174 5431 τὸ
3206 5377 3315 5431 πᾶν
3346 5374 3505 5446 σῶμα
3530 5374 3744 5441 κινεῖν,

543 5489 588 5521 ²¹
627 5487 787 5542 Rom.
829 5505 870 5551 ι.
909 5489 999 5543 9.2.

538 5593 568 5623 ι
588 5581 694 5636 Ἴσ.
717 5583 806 5636 ὅτε
828 5581 915 5653 ἤλ.
959 5601 962 5604 ’

542 5687 621 5750 (5)
674 5670 777 5742 Ἐν
810 5691 1009 5744 Ἡλίου
1032 5691 1223 5745 πόλει.
1265 5689 1401 5746 Vide
1433 5705 1598 5759 supra
1627 5705 1748 5759 pag.
1778 5689 1848 5743 47
1875 5697 1928 5743 et
1952 5689 2041 5744 51.

772 5706 777 5720 ν
810 5691 1009 5744 Ἡλίου
1032 5691 1223 5745 πόλει.
1265 5689 1401 5746 Vide
1433 5705 1598 5759 supra
1627 5705 1748 5759 pag.
1778 5689 1848 5743 47
1875 5697 1928 5743 et
1952 5689 2041 5744 51.
2148 5699 2295 5753 λίων.

474 5751 734 5841 Herodot.
753 5759 844 5812 lib.
865 5775 924 5825 ιι,
947 5776 977 5815 a
998 5762 1137 5841 mari
1164 5777 1382 5841 sursum
1404 5761 1471 5816 ad
1489 5751 1814 5841 Helioptflim
1844 5775 2039 5841 usque,
2151 5751 2296 5841 mle)
2336 5766 2521 5839 Χρῆν,
2565 5765 2714 5825 Auer-
2738 5779 2769 5822 ε
2796 5777 3098 5827 manuscr.,
3127 5777 3256 5833 χρη,
3288 5773 3348 5816 ιιι
3380 5756 3543 5831 paulo
3571 5768 3745 5817 ante.

463 5830 813 5888 lutervallum
865 5846 986 5886 esse
1031 5832 1108 5887 ait
1151 5832 1382 5890 σταδίων
1429 5830 1799 5888 πεντακοσίων
1832 5830 1925 5887 καὶ
1958 5848 2041 5902 χι-
