3858 6224
198 266 287 323 215

1379 256 1708 315 PMPAR.
1744 254 2019 314 EVANG..
2042 255 2181 311 LIB;
2207 254 2298 312 Ill:

3334 259 3442 317 Ἧι

198 386 279 439 καὶ
303 382 426 455 μίαν
453 382 785 455 δημιουργὸν
812 381 1055 454 δύναμιν
1084 382 1144 436 τὸ
1191 383 1302 437 πᾶν
1332 379 1471 447 ζῶον
1501 381 1729 455 τεκτήνα

1835 427 1841 438 .
1867 378 2113 435 membra
2142 379 2419 435 elaborata
2449 387 2599 444 sunt,
2623 393 2731 436 non
2758 383 2945 436 tamen
2972 379 3234 437 continuo
3252 396 3441 435 verum

200 475 323 530 σθαι.
356 473 512 528 Οὕτω
551 474 620 545 δὴ
654 473 723 526 τά
767 474 861 526 καὶ
899 473 992 525 ἐπὶ
1034 472 1128 526 τοῦ
1174 471 1489 544 σύμπαντος
1526 473 1754 543 κόσμου,

198 570 296 633 ἑνὸς
324 570 418 639 μὲν
444 568 623 633 δντος,
670 570 765 623 καὶ
812 570 881 623 ἐκ
931 569 1063 639 μιᾶς
1104 567 1204 639 τῆς
1251 568 1572 639 σωματικῆς
1626 568 1757 638 ὕλης

201 659 523 725 συνεστῶτος,
575 662 657 724 είς
704 660 847 732 μέρη
897 660 955 713 δὲ
1000 659 1226 713 πλεῖστα
1263 658 1620 732 διῃρημένου,
1661 661 1757 713 καὶ

202 750 310 821 μίαν
351 751 456 803 τῶν
493 750 636 804 ὅλων
679 751 913 823 φυσικὴν
970 750 1310 822 συμπάθειαν
1366 750 1755 819 ὑποφαίνοντος

200 843 365 913 κρᾶσίν
381 861 438 896 τε
457 844 551 897 καὶ
576 843 721 914 μίξιν
740 842 852 897 τῶν
875 846 932 898 ὲν
953 840 1103 913 αὐτῷ
1121 842 1420 915 στοιχείων,
1440 840 1754 907 ἀλλοιώσεις

198 952 247 990 τε
271 937 352 989 καὶ
384 935 684 1007 μεταδολὰς
710 934 892 989 αὐτῶν
932 936 1012 998 εἰς
1041 934 1240 988 ἑαυτά·
1286 934 1408 989 ὅλον
1449 935 1507 988 δὲ
1553 937 1649 990 καὶ
1691 935 1754 990 τὸ

201 1031 308 1091 πᾶν,
333 1029 420 1080 ’ἐνα
448 1027 656 1099 κόσμον
688 1028 784 1082 καὶ
818 1027 948 1098 μίαν
973 1026 1240 1099 ἁρμονίαν
1271 1027 1748 1099 ἐπιδεικνυμένου*

199 1122 248 1175 ού
272 1120 451 1186 πολλὰς
490 1121 633 1192 χρῆν
670 1120 1022 1174 ὑποτίθεσθαι
1064 1119 1433 1191 δημιουργοὺς
1473 1119 1749 1191 δυνάμεις,

200 1213 341 1284 μόνην
356 1212 411 1265 δὲ
434 1213 563 1282 μίαν
584 1210 877 1280 θεολογεῖν,
894 1211 994 1282 τὴν
1024 1210 1102 1275 ὡς
1120 1210 1338 1283 ἀληθῶς
1361 1210 1497 1265 Θεοῦ
1522 1210 1751 1283 δύναμιν

200 1304 277 1357 καὶ
301 1302 425 1356 Θεοῦ
455 1303 671 1373 σοφίαν.
704 1303 764 1356 '0
797 1303 857 1355 δὲ
882 1302 1095 1367 καὶτὰς
1119 1302 1500 1371 Αἰγυπτιακὰς
1521 1303 1749 1376 μυθολο-

198 1393 299 1461 γίας
314 1394 463 1446 πάλιν
482 1394 576 1447 ἐπὶ
597 1393 931 1465 ἀσωμάτους
958 1394 1249 1467 μεταφέρει
1270 1394 1549 1467 δυνάμεις,
1571 1395 1751 1452 λαθὼν

197 1489 222 1539 6
263 1486 551 1556 σοφώτατος
598 1488 765 1552 αὐτὸς
817 1487 1028 1543 ἑαυτόν.
1074 1489 1344 1561 Ἀκήκοας
1382 1490 1492 1562 γὰρ
1537 1492 1596 1545 ὲν
1634 1495 1750 1557 τοῖς

198 1580 415 1651 πρόσθεν,
447 1581 598 1644 ὅπως
644 1580 741 1635 τὸν
777 1581 1101 1653 Χαιρήμονα
1145 1582 1242 1636 καὶ
1285 1582 1505 1648 πλείους
1555 1582 1748 1649 ἄλλους

198 1670 435 1741 ὡμολόγει
465 1669 590 1743 μηδ’
628 1671 761 1726 ἄλλο
805 1688 859 1724 τι
894 1672 1000 1743 πρὸ
1047 1670 1155 1727 τῶν
1185 1672 1481 1745 ὁρωμένων
1524 1674 1746 1745 κόσμων

1862 472 1954 537 sit,
2002 482 2098 528 aut
2138 488 2242 529 nos
2287 472 2510 529 totidem
2550 472 2843 530 animabus
2889 472 3168 544 praeditos,
3217 482 3313 537 aut
3364 483 3446 529 tot

1858 566 2026 622 unius
2069 565 2315 636 corporis
2345 574 2598 621 auctores
2617 573 2782 636 atque
2817 565 3149 621 architectos
3176 581 3300 622 esse
3325 565 3444 635 opi-

1857 658 2012 713 nari:
2052 657 2146 713 sed
2195 674 2321 714 cum
2367 658 2587 713 unicam
2623 672 2748 714 esse
2788 657 3055 721 animam,
3098 672 3223 729 quae
3262 666 3438 712 totum

1857 763 2061 819 corpus
2088 756 2327 817 moveat,
2351 758 2471 804 tum
2503 764 2667 804 unam
2700 764 2923 821 quoque
2952 748 3059 804 vim
3086 748 3436 815 eﬂectricem,

1856 857 1981 914 quae
2022 850 2198 897 totum
2254 842 2591 899 animantem
2647 841 2838 898 molita
2888 841 2979 898 sit.
3027 840 3232 899 Eodem
3278 842 3439 912 plane

1855 934 2021 990 modo
2065 932 2133 989 de
2166 933 2271 990 hac
2300 949 2486 991 rcrum
2514 933 2872 990 universitate
2899 932 3267 990 sentiendum.
3297 933 3436 989 Cum

1853 1041 2002 1081 unus
2027 1025 2101 1082 sit
2138 1026 2401 1092 mundus,
2426 1041 2493 1081 ex
2523 1041 2634 1081 una
2674 1025 2924 1082 similiter
2960 1025 3261 1097 eademque
3321 1042 3436 1082 cor-

1852 1132 2020 1188 porea
2051 1117 2286 1173 materia
2326 1115 2620 1186 conflatus,
2663 1116 2869 1188 quique
2894 1130 3021 1172 cum
3068 1116 3335 1188 plurimas
3379 1118 3433 1170 in

1852 1221 2037 1281 partes
2066 1210 2363 1278 dividatur,
2398 1218 2514 1265 tum
2559 1224 2690 1266 vero
2723 1224 2891 1264 unam
2927 1208 3222 1281 quamdam
3268 1218 3434 1279 atque

1850 1299 2164 1356 naturalem
2206 1298 2591 1355 universarum
2642 1296 3063 1373 consensionem
3113 1313 3226 1369 pra:
3263 1313 3324 1353 se
3354 1297 3434 1353 fe-

1850 1397 1959 1457 rat,
1997 1403 2064 1446 ae
2103 1397 2300 1455 praeter
2341 1401 2534 1443 eorum
2581 1386 3012 1452 elementorum,
3056 1399 3181 1457 quae
3222 1382 3430 1438 ambitu

1849 1495 1954 1538 suo
1982 1479 2363 1548 continentur,
2382 1479 2582 1550 partim
2610 1477 3061 1549 temperationem
3096 1483 3264 1547 atque
3295 1474 3432 1529 mix-

1848 1577 2080 1641 tionem,
2127 1573 2326 1645 partim
2359 1573 2540 1629 varias
2573 1572 2805 1628 aliorum
2842 1571 2899 1626 iu
2927 1570 3034 1625 alia
3071 1568 3429 1633 mutationes,

1849 1668 2170 1723 universum
2203 1665 2384 1738 ipsum
2428 1673 2716 1737 praeterea,
2750 1662 3015 1719 mundum
3045 1677 3215 1717 unum
3264 1670 3429 1731 atque

195 1737 430 1832 ⁴ίῖγεῖσιεθέτιιι,
455 1737 516 1818 έν
528 1737 728 1836 ’ἀρχῆς
740 1782 802 1817 τε
817 1737 960 1836 λόγιρ
984 1737 1364 1831 τίθεσθαιυτονξδς
1392 1737 1729 1836 Αἰγυπτίους

1849 1775 1956 1817 una
2000 1774 2186 1815 rerum
2226 1737 2485 1815 omnium
2529 1754 2900 1813 concinnitate
2939 1754 3289 1825 aptissimum
3331 1766 3429 1807 ex-

198 1854 382 1920 soti'uoug
408 1856 515 1929 γὰρ
550 1859 735 1913 πάντα
760 1862 841 1922 εἰς
861 1858 932 1912 τὰ
953 1859 1177 1929 φυσικὰ,
1201 1861 1297 1915 καὶ
1326 1860 1482 1917 οὐδὲν
1503 1864 1583 1927 είς
1598 1863 1742 1917 ἀσω-

201 1946 367 2016 μάτους
394 1950 486 2003 καὶ
543 1950 731 2015 ζώσας
788 1952 977 2017 οὐσίας
1022 1954 1367 2026 ἑρμηνεύειν.
1424 1957 1489 2011 El
1525 1956 1593 2030 δὴ
1622 1952 1738 2023 οὖν,

198 2038 311 2091 ma
332 2041 420 2111 τὴν
436 2041 616 2096 αὐτῶν
667 2044 980 2114 ὁμολογίαν,
1010 2045 1323 2114 Αἰγυπτίων
1349 2042 1418 2120 ἦν
1478 2046 1555 2101 ab,
1571 2049 1739 2122 μηδὲν

196 2131 379 2201 ἀνάγειν
397 2137 473 2198 είς
498 2135 831 2208 ἀσωμάτους
877 2139 973 2192 καὶ
998 2139 1181 2206 ζώσας
1228 2141 1443 2207 οὐσίας,
1471 2141 1651 2198 πάντα
1679 2143 1738 2199 δὲ

195 2224 250 2278 τὰ
264 2228 373 2298 περὶ
398 2227 531 2283 θεῶν
556 2231 749 2294 αὐτοῖς
806 2231 1267 2305 μυθολογούμενα·
1298 2234 1392 2288 ἐπὶ
1422 2234 1492 2290 τὰ
1531 2236 1738 2305 φυσικὰ

194 2315 270 2369 τοῦ
290 2318 474 2390 κόσμου
506 2322 651 2392 μέρη
687 2322 1036 2394 μεταφέρειν,
1066 2325 1119 2378 τί
1140 2324 1207 2396 δὴ
1249 2324 1310 2390 ἐξ
1362 2325 1617 2398 ὑπαρχῆς
1640 2327 1735 2381 εύ-

195 2407 572 2477 ςπσιλογοῦντες,
601 2412 929 2480 Αἰγυπτίοις
958 2413 1027 2469 τὰ
1056 2415 1324 2489 μηδαμῶς
1346 2417 1527 2474 αὐτῶν
1558 2420 1735 2475 οἰκεῖα

194 2503 549 2572 προσ-γράφετε,
615 2503 718 2557 ἐπὶ
759 2503 1016 2577 δυνάμεις
1057 2507 1382 2579 ἀσωμάτους
1430 2511 1733 2580 φάσκοντες

190 2590 352 2653 αὐτοὺς
366 2594 458 2664 τὴν
485 2595 775 2667 ἀναφορὰν
799 2597 903 2667 τῆς
932 2597 1207 2668 θεολογίας
1228 2600 1410 2655 αὐτῶν
1436 2603 1728 2671 ποιεῖσθαι;

189 2681 393 2737 Καθόλου
432 2686 527 2755 μὲν
558 2683 655 2741 οὖν
685 2686 859 2742 ταῦτα
885 2691 1170 2747 αἰτιατέον.
1194 2693 1309 2748 Καὶ
1337 2693 1431 2763 ἐπὶ
1460 2695 1569 2752 τῶν
1588 2697 1730 2752 κατὰ

192 2768 331 2842 μέρος
354 2773 407 2826 δὲ
433 2774 567 2846 ήγοῦ
575 2793 678 2846 μαι
709 2777 802 2831 τὸν
822 2778 1041 2851 ἔλεγχον
1064 2781 1165 2853 τῆς
1199 2786 1730 2861 κατηναγκασμένης

188 2862 454 2930 ἀποδόσεως
473 2867 656 2922 αὐτῶν
690 2868 754 2922 ού
791 2873 1007 2943 μακρᾶς
1024 2872 1334 2945 ἀναπευῆς
1356 2875 1586 2933 δεῖσθαι.
1612 2879 1730 2935 Ἵνα

189 2952 280 3024 γὰρ
294 2956 373 3011 τὸν
400 2959 772 3028 Δίγυπτιακὺν
797 2962 1083 3034 παρελθών
1124 2983 1209 3030 τις
1264 2966 1450 3040 λῆρον,
1505 2971 1601 3025 καὶ
1630 2970 1730 3045 τήν

572 3055 674 3109 καὶ
705 3056 993 3155 ἀδόλεσχον
1045 3059 1335 3133 φλυαρίαν,
1371 3063 1466 3117 ἐπὶ
1493 3062 1594 3129 τὰς
1618 3064 1728 3120 τῶν
1755 3096 1799 3155 c

196 3138 339 3207 σοφῶν
384 3139 647 3217 Ἑλλήνων
706 3148 952 3219 μετέλθοι
1010 3151 1376 3222 φυσιολογίας·
1402 3154 1489 3220 τίς
1512 3157 1615 3211 οὐκ
1658 3156 1727 3212 ἂν

194 3227 278 3282 τῶν
300 3230 351 3285 εὖ
374 3236 713 3306 φρονούντων
765 3239 992 3295 αὐτόθεν
1042 3244 1468 3316 καταμέμψαιτο
1514 3249 1628 3312 τοῖς
1653 3247 1726 3301 τά

197 3324 373 3412 τοιαῦτα
395 3329 825 3400 παρεξηγεῖσθαι
877 3334 1272 3406 πειρωμένοις;
1330 3338 1512 3394 Ἔστω
1548 3339 1659 3412 γάρ
1695 3341 1726 3394 6

199 3410 299 3502 Ζεὺς
321 3417 496 3487 μηκέθ’
531 3423 566 3491 ή
595 3419 862 3494 πυρώδης
887 3424 983 3477 καὶ
1028 3424 1266 3496 αἰθέριος
1311 3426 1492 3492 οὐσία,
1534 3410 1724 3502 ὥσπερ

200 3498 267 3555 οὖν
287 3510 379 3570 tot;
411 3511 655 3575 παλαιοῖς
714 3512 994 3584 ἐνομίζετο
1049 3515 1191 3570 κατά
1230 3517 1323 3571 τὸν
1353 3498 1721 3590 Πλούταρχον,

199 3591 284 3646 ἀλλ’
305 3597 446 3664 αὐτὸς
465 3601 494 3654 6
525 3602 794 3656 ἀνωτάτω
823 3604 969 3670 νοῦς,
1019 3608 1048 3660 6
1074 3606 1182 3662 τῶν
1211 3607 1347 3663 ὅλων
1369 3608 1720 3682 δημιουργὸς,

197 3683 289 3738 (itit
309 3689 467 3745 πάντα
494 3691 804 3763 ζωογονῶν·
841 3696 961 3760 πῶς
1010 3692 1104 3752 οὖν
1145 3698 1298 3753 ἔσται
1326 3700 1519 3755 τούτου
1539 3704 1723 3775 πατὴρ

201 3776 272 3843 μὲν
290 3780 314 3832 6
332 3781 544 3852 Κρόνος,
584 3786 646 3840 δν
681 3804 848 3856 φασιν
876 3784 1016 3843 εἶναι
1043 3791 1134 3843 τὸν
1153 3791 1366 3863 χρόνον,
1394 3792 1520 3847 Ῥέα
1538 3793 1597 3850 δὲ
1624 3798 1725 3868 μή·

198 3882 290 3959 ξηρ,
318 3872 374 3942 ἢν
401 3877 428 3927 6
452 3878 730 3949 ἑρμηνεὺς
783 3878 984 3951 ἔφησεν
1038 3877 1179 3936 εῖναι
1212 3882 1312 3956 τὴν
1343 3885 1593 3959 πετρώδη
1628 3890 1722 3943 καὶ

198 3955 330 4027 δρειον
346 3962 595 4038 δύναμιν;
649 3968 768 4040 Τὴν
795 3968 906 4042 γὰρ
930 3971 1109 4043 Ἥραν
1138 3972 1241 4026 οὐκ
1272 3955 1384 4027 οἷδ’
1425 3955 1592 4041 6mg-
1627 3977 1722 4033 τὸν

198 4048 317 4120 ἀέρα.
343 4057 424 4111 τὸν
451 4061 542 4113 καὶ
560 4059 763 4132 αἰθέρα
784 4062 1116 4134 προσειπὼν,
1157 4065 1393 4139 ἀδελφὴν
1442 4067 1583 4141 ὁμοῦ
1626 4071 1722 4125 καὶ

199 4148 378 4206 γυναῖκα
405 4167 562 4223 φησιν
612 4146 757 4207 ἐῖναι
797 4151 895 4206 τοῦ
944 4157 1279 4227 κοσμοποωῦ
1330 4159 1426 4212 καὶ
1454 4158 1719 4225 ζωοποιοῦ

200 4231 367 4291 πάντων
383 4241 487 4294 νοῦ.
525 4243 693 4297 Ἀλλά
722 4242 817 4298 καὶ
837 4246 872 4316 ἡ
907 4244 1068 4316 Λητὼ
1112 4246 1277 4302 πάλιν
1327 4247 1478 4321 ληθώ
1505 4266 1591 4314 τις
1615 4267 1720 4305 κα-

199 4320 346 4381 λείσθω
362 4331 441 4384 διὰ
463 4333 560 4406 τὴν
589 4332 739 4388 κατά
755 4334 849 4387 τὸν
879 4333 1064 4403 ὕπνον,
1110 4336 1187 4402 ὥς
1218 4320 1406 4408 φασιν,
1460 4340 1720 4413 ἀναισθη-

200 4414 305 4483 σίαν,
330 4424 412 4474 καὶ
426 4423 505 4478 ὅτι
533 4424 675 4497 λήθη
711 4425 1036 4499 ξυνομαρτεῖ
1060 4430 1183 4493 ταῖς
1230 4431 1338 4485 ὑπὸ
1362 4431 1594 4504 σελήνην
1628 4450 1721 4503 γε-

200 4511 395 4580 νῦμέναις
425 4516 639 4589 ψυχαῖς
702 4517 824 4582 πῶς
857 4516 950 4574 οὖν
979 4522 1013 4593 ή
1047 4520 1191 4595 λήθη
1227 4522 1426 4592 γένοιτ’
1467 4524 1535 4579 ἂν
1560 4525 1714 4596 ἡλίου

200 4605 269 4655 καὶ
290 4607 487 4682 σελήνης
527 4613 742 4686 μήτηρ,
779 4613 1114 4679 ’Λπόλλωνος
1136 4615 1235 4670 καὶ
1273 4617 1588 4689 Ἀρτέμιδος
1604 4618 1715 4672 τῶν

198 4693 359 4765 Λητοῦς
385 4703 578 4759 παίδων
632 4709 718 4771 εἰς
745 4707 898 4779 ἦλιον
924 4709 1018 4762 καὶ
1047 4709 1276 4781 σελήνην
1312 4712 1714 4784 μετενηνεγμέε

198 4799 302 4854 νωνῖ
329 4792 384 4845 Τί
403 4795 455 4849 δὲ
476 4796 579 4871 χρὴ
613 4799 798 4854 σέϐειν
816 4801 899 4864 ὡς
929 4800 1050 4855 θεὸν
1078 4801 1179 4874 τὴν
1223 4801 1380 4856 Ῥέαν
1413 4803 1447 4876 ἢ
1470 4803 1571 4876 τὴν
1605 4806 1714 4878 Δή-

202 4893 382 4970 μητραν,
405 4890 450 4942 εἰ
475 4892 507 4961 ή
537 4891 637 4962 μὲν
664 4892 767 4963 τῆς
814 4892 1122 4965 πετρώδους
1153 4896 1248 4949 καὶ
1294 4894 1475 4968 ὀρείου
1517 4897 1641 4967 γῆς,
1678 4899 1713 4970 ὴ

199 4966 338 5059 ξἐντῆς
361 4977 592 5044 πεδιάδος
610 4981 686 5037 τά
718 4981 966 5054 σύμϐολα
991 4983 1177 5056 φέρειν
1200 4966 1419 5054 ἐλέγετο
1439 5002 1456 5053 ;
1509 4966 1629 5059 Τήν.
1652 4966 1713 5042 τε

200 5055 339 5132 Κόρην
361 5065 445 5121 τὸν
467 5069 624 5142 κόρον
650 5055 1098 5144 ἀλληγοροῦντες,
1138 5074 1245 5129 τίνι
1286 5075 1431 5149 λόγῳ
1467 5076 1565 5130 καὶ
1577 5055 1714 5131 ταύ-

201 5165 274 5242 την
293 5156 468 5215 οἴονται
495 5163 603 5218 δεῖν
623 5166 691 5236 τῇ
722 5164 1007 5238 σεϐασμίῳ
1038 5169 1382 5241 προσηγορίᾳ
1407 5172 1612 5242 τιμᾷνς
1645 5171 1712 5225 Τί

201 5241 244 5296 δὲ
267 5249 545 5328 μᾶλλοντην
574 5257 998 5330 σπερματοῖαον
1021 5258 1272 5331 δύναμιν,
1315 5261 1412 5315 καὶ
1602 5262 1712 5321 τῶν

203 5334 455 5411 ἀκροδρύων
480 5348 690 5417 γένεσιν
719 5350 885 5423 ἢτῶν
927 5350 1068 5406 κατὰ
1092 5351 1157 5406 τὸ
1210 5351 1317 5424 ἔαρ
1345 5357 1713 5428 προφαινομιδ

203 5438 280 5524 “in
469 5441 561 5494 καὶ
589 5442 743 5515 πρὶν·
766 5442 1206 5516 τελεσιογονῆσαι
1221 5510 1230 5518 _
1247 5444 1631 5519 διαρῤεόντων.
1674 5448 1709 5521 ἢ

204 5522 278 5584 τῆς
296 5522 387 5577 τῶν
404 5528 610 5586 τελείων
646 5534 873 5605 καρπῶν
896 5536 1135 5607 ὲκτομῆς
1167 5535 1240 5591 τὰ
1295 5537 1561 5609 σύμϐολα,
1594 5541 1711 5601 Διό-

214 5621 324 5701 om
353 5618 436 5670 καὶ
466 5621 650 5676 Ἄττιν
699 5627 789 5680 καὶ
836 5627 1067 5681 ’Δδωνιν
1112 5628 1547 5701 ἐπονομάζοντες
1564 5670 1581 5696 .
1631 5632 1708 5699 ὡς

211 5694 321 5768 θεοὺς
342 5709 519 5780 χρῆναι
556 5715 732 5775 σέϐειν
750 5737 763 5751 '
793 5720 913 5790 οὐχὶ
933 5720 987 5775 δὲ
1017 5721 1225 5777 τούτων
1252 5694 1506 5781 ἀπάντων
1527 5694 1595 5779 ab
1622 5694 1710 5782 6v:

1848 1851 2072 1919 hibeat;
2129 1864 2239 1906 non
2280 1850 2393 1921 jam
2442 1848 2630 1920 plures
2661 1846 2951 1904 facultates
2998 1845 3147 1903 illius
3185 1843 3425 1902 εσθαι-ἰ-

1846 1961 1939 2004 ces
1983 1959 2222 2017 ponere,
2270 1944 2367 2001 sed
2412 1957 2581 1999 unam
2623 1950 2837 1998 tantum
2881 1954 3116 2011 eamque
3154 1954 3284 1995 vere
3328 1938 3424 1996 Dei

1844 2040 1981 2106 vim,
2013 2038 2222 2110 Deique
2249 2035 2577 2108 sapientiam
2604 2034 2792 2091 divino
2817 2048 3038 2104 quoque
3076 2032 3301 2087 nomine
3336 2046 3427 2089 ce-

1843 2131 2057 2188 lehrare
2107 2128 2372 2201 oportuit.
2414 2127 2488 2183 At
2523 2136 2711 2183 noster
2734 2125 2825 2182 ille
2860 2124 3222 2196 philosophus
3250 2122 3423 2196 Egy-

1842 2222 2054 2295 ptiacas
2099 2222 2266 2279 etiam
2310 2219 2527 2277 fabulas
2573 2218 2642 2275 ad
2665 2218 2887 2275 easdem
2933 2227 3160 2273 naturas
3189 2232 3423 2286 corpore

1842 2332 2052 2374 vacuas
2082 2316 2377 2373 traducere
2400 2319 2656 2370 conatur.
2682 2311 2743 2367 ln
2776 2325 2889 2382 quo
2922 2310 3300 2380 suimetipsius
3322 2311 3421 2364 ho-

1840 2423 1934 2465 mo
1959 2407 2406 2465 consultissimus
2433 2406 2638 2461 oblitus
2658 2411 2763 2459 est.
2782 2401 2994 2475 Quippe
3023 2402 3246 2461 audiisti
3270 2403 3418 2457 enim

1840 2501 2120 2571 superius,
2155 2514 2282 2555 cum
2311 2506 2367 2555 et
2395 2498 2810 2555 Chaeremonem
2836 2504 2893 2553 et
2936 2495 3077 2551 alios
3123 2494 3419 2565 plerosque

1843 2591 2007 2664 119
2037 2590 2321 2659 fateretur,
2354 2591 2490 2646 nihil
2513 2590 2741 2647 omnino
2765 2595 2962 2660 praeter
3008 2586 3247 2642 mundos
3271 2585 3419 2652 illos,

1837 2699 1979 2755 quos
1994 2699 2193 2740 sensus
2212 2682 2534 2754 perciperet,
2559 2681 2867 2754 agnovisse,
2889 2678 3136 2750 adeoque
3152 2686 3415 2748 tanquam

1836 2777 2085 2834 omnium
2111 2776 2387 2848 principes
2417 2774 2706 2847 Egyptios
2734 2772 3006 2845 posuisse,
3052 2771 3200 2842 quod
3224 2770 3292 2826 ad
3325 2785 3416 2826 re-

1835 2885 1961 2927 rum
1985 2869 2319 2927 naturalium
2370 2869 2609 2925 rationes
2645 2868 2851 2935 omnia,
2898 2866 3036 2923 nihil
3065 2866 3134 2923 ad
3158 2873 3414 2935 expertes

1834 2963 2082 3036 corporis
2102 2963 2458 3032 viventesque
2483 2970 2710 3017 naturas
2729 2958 3053 3032 explicando
3067 2966 3412 3023 revocarent;

1832 3056 1885 3113 si
1910 3072 2063 3129 ergo,
2077 3055 2163 3113 vel
2200 3056 2435 3112 istorum
2461 3053 2830 3121 confessione,
2857 3051 3142 3124 proprium
3164 3049 3218 3106 id
3241 3048 3414 3123 Egy-

1830 3147 2071 3218 ptiorum
2103 3145 2228 3212 fuit,
2261 3146 2399 3201 nihil
2439 3155 2499 3203 ut
2529 3146 2596 3202 ad
2630 3153 2895 3216 expertes.
2922 3145 3172 3217 corporis
3216 3146 3411 3201 viven-

1832 3246 2024 3309 tesque
2054 3248 2283 3296 naturas
2303 3239 2675 3307 traducerent,
2715 3238 2812 3295 sed
2837 3253 3182 3311 quaecunque
3206 3238 3275 3295 de
3302 3239 3412 3295 diis

1830 3327 2238 3398 fabulabantur,
2268 3345 2332 3387 ea
2362 3330 2431 3386 ad
2470 3340 2655 3403 partes
2690 3329 2880 3387 mundi
2910 3330 3193 3388 naturales
3225 3331 3411 3388 omnia

1829 3434 2189 3490 revocarent;
2214 3438 2480 3495 quorsum
2512 3425 2902 3481 tandem-nova
2925 3441 2995 3482 ex
3020 3426 3233 3498 integro
3261 3440 3411 3485 com-

1830 3522 2014 3570 menta
2043 3515 2406 3584 somniantes,
2454 3515 2726 3589 Egyptiis
2772 3517 2951 3573 aliena
3001 3532 3236 3590 qumque
3265 3517 3409 3575 assi-

1830 3606 2032 3678 gnatis,
2058 3621 2277 3678 eosque.
2293 3607 2626 3679 theologiam
2644 3623 2801 3664 suam
2838 3608 2893 3663 in
2908 3619 3135 3666 naturas
3160 3609 3231 3665 ab
3255 3609 3408 3664 omni

1828 3700 2106 3770 sejunctas
2139 3700 2699 3757 materiacontulisse
2722 3700 3028 3757 dictitatis?
3068 3700 3248 3771 Atque
3302 3700 3411 3755 hoc

1827 3793 1993 3849 modo
2039 3793 2307 3866 quidquid
2336 3794 2407 3851 ab
2444 3794 2570 3850 istis
2590 3793 2960 3865 excogitatum
2988 3803 3097 3858 est,
3127 3791 3406 3850 confutari

1827 3886 2146 3945 universum
2168 3896 2366 3959 potest.
2400 3885 2523 3944 Jam
2539 3902 2670 3945 vero
2697 3896 2759 3944 ut
2790 3887 3134 3959 singularum
3161 3888 3402 3958 partium

1826 3989 2073 4036 coactam
2120 3979 2260 4036 adeo
2310 3987 2476 4052 atque
2511 3979 2807 4036 violentam
2839 3979 3404 4037 accommodationem

1828 4071 2162 4141 refellamus,
2196 4087 2308 4129 non
2337 4073 2501 4144 longa
2533 4073 2692 4130 nobis
2724 4072 2976 4130 oratione
2998 4087 3139 4144 opus
3170 4088 3408 4130 esse-ar-

1825 4164 2019 4221 bitror.
2059 4165 2219 4221 Enim
2247 4180 2400 4236 vero,
2433 4175 2493 4223 ut
2515 4165 2896 4239 Egyptiorum
2921 4166 3319 4237 deliramentis,
3342 4183 3408 4225 ac
3493 4211 3505 4220 .

1825 4259 2024 4315 stolida
2048 4276 2319 4333 nugarum
2341 4261 2572 4316 anilium
2602 4262 2859 4333 congerie
2889 4262 3290 4333 praetermissa,
3335 4263 3407 4320 ad

1823 4349 2126 4420 politorum
2175 4350 2490 4407 Graecorum
2549 4352 2951 4424 physiologiam
3005 4360 3402 4411 transeamus:

1746 4458 1800 4522 ι)
1826 4441 1974 4512 quis,
2007 4442 2264 4510 obsecro,
2324 4457 2475 4499 sanat
2506 4444 2709 4499 mentis
2733 4458 2853 4511 eos,
2886 4444 3131 4516 qui~tam
3162 4445 3405 4501 alienum

1824 4534 1880 4589 in
1909 4549 2133 4591 sensum
2166 4535 2440 4606 ejusmodi
2494 4535 2710 4592 fabulas
2750 4535 3077 4608 detorquere
3102 4544 3404 4603 conantur,

1822 4640 1932 4679 non
1959 4625 2386 4696 suopteingenio
2412 4625 2721 4692 confutare,
2743 4635 2908 4699 atque
2926 4627 3405 4700 extigmentorum
3488 4686 3497 4695 ,

1822 4715 2070 4786 ipsorum
2112 4717 2327 4774 ratione
2366 4719 2579 4789 possit?
2610 4717 2747 4774 Nam
2795 4728 2919 4776 esto
2950 4735 3086 4777 sane
3146 4717 3402 4791 Jupiter,
3488 4711 3500 4725 “

1821 4821 1932 4861 non
1954 4807 2068 4878 jam
2098 4808 2255 4880 ignea
2293 4809 2630 4880 tetheriaque
2672 4819 2909 4877 natura,
2944 4820 3003 4866 ut
3048 4818 3262 4867 veteres
3298 4825 3401 4865 au-

1821 4904 1970 4953 ctore
1994 4896 2290 4954 Plutarcho
2319 4899 2655 4969 statuebant,
2685 4901 2780 4957 sed
2798 4900 2980 4970 potius
3000 4916 3156 4957 mens
3183 4900 3275 4956 illa
3309 4916 3405 4956 su-

1822 5005 2006 5062 prema
2039 5006 2224 5046 rerum
2251 4990 2492 5046 molitrix
2519 4992 2927 5059 universarum,
2964 5005 3102 5061 quas
3147 4992 3202 5045 vi
3232 4991 3401 5046 etiam

1818 5083 1972 5138 vitali
1996 5082 2178 5138 foveat
2198 5100 2212 5138 :
2233 5084 2517 5154 quomodo
2537 5083 2707 5155 igitur
2737 5083 3033 5149 Saturnus,
3065 5096 3227 5153 quem
3256 5091 3400 5137 tem-

1818 5191 1925 5247 pus
1947 5190 2070 5232 esse
2094 5176 2268 5244 aiunt,
2293 5185 2447 5248 pater
2462 5176 2582 5248 ejus
2597 5175 2850 5246 erit,.0ps
2862 5181 3210 5241 veromater,
3232 5189 3401 5244 quam

1816 5267 2093 5339 interpres
2122 5277 2309 5324 noster
2353 5268 2658 5339 lapidosam
2690 5282 2756 5323 ac
2780 5273 3104 5324 montanam
3133 5265 3246 5320 vim
3277 5280 3401 5322 esse

1819 5359 2152 5416 conﬁrmat?
2184 5358 2321 5415 Nam
2354 5358 2626 5417 Junonem
2654 5375 2808 5429 sane,
2836 5374 3003 5431 quam
3031 5359 3149 5415 sive
3173 5374 3357 5415 aerem
3375 5397 3396 5428 ,

1818 5451 1934 5508 sive
1960 5451 2164 5507 aethera
2192 5467 2413 5523 quoque
2437 5450 2765 5519 nominavit,
2796 5450 3073 5522 quomodo
3094 5449 3296 5506 mentis
3330 5450 3398 5506 il-

1818 5541 1925 5599 lius
1957 5542 2148 5599 mundi
2167 5542 2483 5607 eﬂ'ectricis,
2508 5543 2784 5613 rebusque
2807 5541 3065 5599 omnibus
3089 5542 3258 5598 vitam
3285 5542 3397 5597 lar-

1817 5635 2018 5705 gientis
2048 5649 2293 5691 sororem
2329 5634 2496 5691 simul
2527 5641 2582 5688 et
2631 5648 2857 5689 uxorem
2902 5648 3027 5691 esse
3053 5633 3206 5699 velit,
3232 5632 3361 5703 equi
3388 5664 3394 5668 -

1818 5725 1941 5783 dem
1963 5741 2074 5783 non
2104 5727 2367 5798 intelligo.
2423 5727 2692 5785 Practer-ca
2738 5725 2948 5784 Latona
3002 5742 3099 5799 per
3124 5742 3212 5782 me
3242 5720 3391 5793 ληθώ
