3858 6224
462 289 572 346 215
1133 292 1401 349 EUSEBII
1439 293 1922 349 C.~ESARIENSlS
1959 292 2109 348 OPP.
2143 288 2323 347 PARS
2362 289 2511 346 H.—-—
2540 285 3036 344 APOLOGETICA.
3613 287 3743 342 216

466 408 737 478 quaedam,
765 407 814 462 id
849 417 933 465 est
979 411 1215 479 oblivio,
1265 423 1630 482 nuncupetur,
1664 409 1862 484 partim
1891 412 2037 481 quod

2154 408 2404 481 >ρώπειον
2433 407 2589 476 γένος
2616 407 2906 478 προτιμᾷν,
2938 398 2983 474 ᾧ
3005 403 3177 459 ταῦτα
3211 404 3346 476 πρὸς
3379 404 3580 476 χρῆσιν
3624 407 3740 461 καὶ

473 500 746 554 sentiendi
780 501 884 567 vis,
921 510 980 555 ut
1007 502 1181 568 aiunt,
1219 504 1399 558 somni
1443 513 1688 573 tempore
1741 503 1889 558 nulla
1924 503 1996 558 sit
2018 544 2035 570 ,

2154 500 2341 573 τροφὴν
2374 502 2403 554 6
2429 499 2535 552 τῶν
2562 500 2698 552 ὅλων
2754 498 3085 571 δημιουργὸς
3132 497 3266 561 Θεὸς
3322 499 3684 569 ὑπεστήσατο
3716 519 3736 567 ;

469 591 666 662 partim
692 593 837 662 quod
871 594 1070 649 animis
1104 595 1250 659 illis,
1301 611 1441 666 quos
1482 595 1622 652 infra
1667 597 1853 652 lunam
1907 611 2036 666 pro-

2154 595 2392 658 ιΙεταϐὰς
2417 594 2474 647 δὲ
2501 593 2566 649 ὲκ
2585 593 2806 659 τούτων,
2829 592 2924 647 καὶ
2953 593 3022 646 τὰ
3041 591 3206 645 λοιπὰ
3231 588 3373 643 κατὰ
3401 590 3492 642 τὸν
3523 591 3738 660 ὅμοιον

467 683 642 738 creari
667 685 954 755 contingit,
987 686 1191 741 oblivio
1222 689 1516 742 comitetur
1549 708 1561 743 :
1604 690 1698 758 qui
1751 703 1882 758 ergo
1921 687 2037 744 ﬁeri

2154 685 2336 756 τρόπον
2367 686 2466 756 τῆς
2494 684 2749 753 γενναίας
2789 683 3108 752 ἀπελέγξεις
3164 681 3530 752 φυσιολογίας,
3558 681 3737 734 εὐλό-

466 780 666 842 potcst,
692 781 751 828 ut
801 775 934 832 solis
966 788 1028 831 ac
1051 776 1194 833 luna:
1226 788 1400 833 mater
1427 778 1632 832 oblivio
1666 778 1756 844 sit,
1787 778 2038 848 Apolline

2154 794 2250 844 (ως
2276 777 2374 848 τῆς
2407 776 2790 846 ἀναισχυντίας
2819 773 3270 845 ἐπιμεμψάμενος
3293 775 3426 836 τοῖς,
3457 772 3594 843 φέρε
3613 771 3730 841 (5),

468 879 536 920 ac
570 864 741 921 Diana
786 865 1009 922 Latonae
1033 869 1222 924 liberis
1271 871 1326 924 in
1363 870 1529 925 solem
1581 871 1877 941 lunamque
1923 878 2038 925 tra—

2154 868 2229 921 τὸν
2249 867 2401 939 ἥλιον
2425 866 2587 920 αὐτὸν
2637 862 2777 920 εἶναι
2824 866 2915 918 τὸν
2958 863 3215 929 Ἀπόλλω,
3251 863 3346 916 καὶ
3401 862 3563 916 πάλιν
3625 863 3733 914 τὸν

467 957 692 1013 ductis?
721 956 839 1012 Jam
879 974 978 1015 cur
1005 969 1264 1030 tanquam
1303 960 1470 1015 Deum
1500 970 1593 1016 aut
1623 963 1787 1030 Opem
1819 970 1912 1016 aut
1938 961 2026 1016 Ce-

2154 959 2441 1032 Ἠρακλέα,
2471 959 2565 1013 καὶ
2598 954 2754 1021 αὖθις
2781 958 2873 1011 τὸν
2919 957 3192 1015 Διόνυσον.
3224 955 3317 1009 καὶ
3361 954 3452 1007 τὸν
3482 955 3734 1025 Ἀσκλη-

466 1062 643 1102 rerem
675 1049 925 1103 venerari
955 1058 1223 1118 oporteat,
1255 1051 1299 1104 si
1336 1051 1505 1107 altera
1537 1051 1758 1120 quidem
1804 1050 2037 1118 lapidosi

2154 1051 2260 1104 τιὸν
2287 1053 2488 1122 ὁμοίως
2517 1049 2979 1121 ἀποφηναμένοις.
3004 1047 3130 1111 Πῶς
3152 1046 3260 1118 γὰρ
3288 1048 3316 1100 6
3341 1045 3501 1109 αὐτὸς
3530 1047 3733 1117 πατὴρ

465 1151 534 1191 ac
558 1137 827 1200 montani,
855 1138 1026 1191 altera
1051 1154 1180 1193 vero
1220 1139 1368 1208 plani
1401 1141 1743 1210 patentisque
1771 1141 1872 1195 soli
1898 1155 2038 1212 sym-

2154 1141 2205 1194 ἰν
2233 1140 2442 1210 γένοιτο
2468 1140 2562 1194 καὶ
2584 1140 2719 1202 υίὸς,
2761 1137 3084 1207 Ἀσκληπιὸς
3109 1135 3243 1207 ὁμοῦ
3273 1137 3367 1188 καὶ
3406 1135 3728 1201 Ἀπόλλων;

470 1227 659 1282 bolum
694 1230 966 1298 quoddam
1009 1245 1130 1286 esse
1151 1231 1404 1286 dicatur?
1436 1231 1555 1297 Qua
1587 1233 1798 1287 ratione
1827 1231 2034 1303 Κόρην,

2154 1231 2262 1296 ῖίῶς
2291 1231 2348 1286 δὲ
2373 1231 2533 1284 πάλιν
2584 1233 2665 1294 εἰς
2708 1229 2982 1302 Ἡρακλέα
3035 1223 3398 1298 μετενεχθείη,
3457 1229 3505 1279 εἰ
3553 1227 3617 1298 δὴ
3650 1229 3731 1280 ὲκ

465 1317 572 1372 hoc
592 1329 674 1374 est
697 1318 1081 1391 Proserpinam
1111 1362 1130 1389 ,
1158 1338 1353 1392 quam-
1375 1323 1478 1392 ipsi
1521 1323 1702 1394 κόρον,
1733 1324 2037 1379 satietatem

2154 1323 2337 1394 Ινητῆς
2369 1321 2626 1391 γυναικὸς
2657 1321 2758 1390 τῆς
2816 1320 3124 1390 Ἀλκμήνης
3154 1321 3183 1373 6
3225 1317 3496 1390 Ἡρακλῆς
3526 1319 3729 1380 αὐτοῖς

465 1408 912 1479 interpretantur,
946 1413 1254 1468 venerando
1283 1413 1376 1468 illo
1409 1413 1630 1468 nomine
1657 1413 2036 1482 appellandam

2154 1415 2513 1486 ὃμολογεῖταη
2540 1413 2663 1477 Πῶς
2687 1413 2733 1466 δ’
2757 1412 2823 1468 ἂν
2853 1412 3106 1485 ἐμμανὴς
3164 1411 3393 1480 γένοιτο,
3429 1410 3524 1463 καὶ
3573 1411 3730 1478 σφά-

463 1512 588 1552 esse
616 1500 956 1569 opinentur?
983 1502 1094 1557 Cur
1123 1503 1248 1557 item
1307 1502 1607 1566 Bacchum,
1645 1502 1807 1571 120
1854 1498 2039 1556 'Attin

2154 1507 2247 1571 ξειε
2273 1506 2400 1567 τοὺς
2421 1501 2614 1558 ἑαυτοῦ
2646 1502 2838 1567 παῖδας
2863 1503 2892 1555 ὀ
2919 1500 3141 1564 Ἤλιος;
3174 1501 3257 1552 ὅτι
3289 1497 3353 1570 δὴ
3401 1500 3496 1552 καὶ
3538 1497 3728 1551 ταῦτα.

474 1598 526 1644 et
559 1590 776 1646 Adonin
809 1592 997 1648 divino
1027 1593 1178 1650 cultu
1216 1596 1625 1665 prosequendos
1657 1609 1779 1650 esse
1817 1601 2039 1649 conten-

2154 1592 2784 1666 τροσαναγέγραπταιτῷ
2827 1591 3102 1664 Ἠρακλεῖ.
3157 1591 3315 1644 Ἀλλὰ
3364 1592 3489 1654 τοὺς
3516 1591 3726 1654 ἄθλους

466 1680 626 1748 dunt,
667 1697 805 1752 quos
837 1685 999 1740 modo
1024 1685 1132 1739 vim
1165 1686 1506 1752 seminalem,
1533 1701 1598 1740 ac
1625 1684 1905 1742 fructuum
1937 1699 2034 1741 eo-

2154 1685 2486 1741 ιπιτελοῦντα
2519 1685 2643 1748 τοὺς
2665 1683 2870 1737 δώδεκα
2897 1683 2988 1737 τὸν
3034 1680 3306 1754 Ἠρακλέα
3330 1681 3430 1752 τῆς
3457 1683 3576 1735 κατ’
3621 1683 3728 1734 οὐ-

463 1747 618 1838 rum,
641 1747 844 1845 quibus
873 1775 1002 1846 ligni
1055 1777 1234 1834 simile
1270 1747 1530 1849 putamen
1559 1786 1680 1843 est,
1734 1777 1898 1832 modo
1947 1777 2034 1830 vel

2154 1779 2299 1833 »ανδν
2329 1776 2643 1848 διαιρέσεως
2662 1776 2755 1829 τοῦ
2792 1772 3053 1840 ζωδιακοῦ
3084 1747 3307 1838 κύκλου,
3339 1747 3400 1825 ὄν
3461 1787 3593 1841 φασι
3616 1772 3724 1825 τὸν

463 1862 684 1932 ﬂorum,
718 1867 812 1938 qui
842 1869 1019 1937 primo
1039 1884 1166 1926 vere
1193 1885 1317 1924 cum
1345 1869 1726 1934 excludantur,
1799 1869 2032 1924 necdum

2154 1871 2284 1941 ιιλιον
2309 1869 2638 1942 περιπολεῖν,
2681 1867 2742 1920 τὸ
2785 1865 3051 1936 σύμϐολον
3085 1866 3288 1936 φέρειν.
3339 1865 3436 1929 Τίς
3489 1859 3580 1917 οὖν
3627 1863 3724 1917 ἔτι

463 1955 678 2027 integro
705 1967 1027 2030 maturoque
1056 1959 1234 2016 fructu
1266 1961 1559 2026 decidunt,
1585 1961 1670 2015 vel
1705 1961 1902 2016 messis
1922 1958 2038 2014 fru-

2154 1960 2326 2029 révon’
2361 1960 2427 2014 ἂν
2485 1957 2812 2029 Εὐρυσθεὺς,
2877 1959 2906 2011 6
2953 1955 3032 2027 τῷ
3098 1955 3258 2027 Ἡλίῳ
3288 1953 3473 2026 ὥσπερ
3514 1948 3606 2006 οὖν
3628 1953 3722 2024 τῷ

463 2056 654 2102 οιυυιη
682 2057 1025 2104 maturorum
1060 2051 1302 2122 symbola
1329 2059 1685 2121 nuncupant;
1735 2066 1858 2114 nec,
1888 2050 2036 2120 quod

2154 2053 2424 2128 Ἠρακλεῖ,
2455 2051 2580 2114 τοὺς
2607 2050 2801 2112 ἄθλους
2832 2049 3071 2132 ἐκτελεῖν
3117 2048 3453 2112 ὲπιτάττων;
3482 2045 3604 2109 Πῶς
3649 2045 3720 2098 δὲ

463 2137 626 2209 longe
649 2140 833 2195 verius
855 2152 993 2209 erat,
1026 2142 1324 2197 humanum
1352 2143 1530 2212 ipsum
1556 2158 1726 2214 genus
1749 2143 1913 2198 rebus
1944 2143 2032 2208 iis,

2154 2147 2228 2200 ιπὶ
2253 2145 2342 2199 τὸν
2377 2143 2565 2197 ’Ἠλιον
2589 2141 2874 2211 ἀναχθεῖεν
2903 2142 2960 2194 αί
2995 2141 3330 2210 πεντήκοντα
3361 2138 3579 2191 Θεστίου
3614 2136 3722 2190 θυ-

464 2244 607 2298 quas
636 2231 881 2287 universi
904 2233 1153 2289 conditor
1181 2233 1325 2288 Deus
1347 2249 1412 2289 eo
1438 2243 1650 2289 tantum
1682 2249 1804 2290 esse
1837 2234 2032 2298 voluit,

2154 2236 2385 2308 πατέρες,
2415 2235 2509 2289 καὶ
2539 2235 2602 2288 τὸ
2634 2233 2743 2287 τῶν
2769 2232 2971 2286 λοιπῶν
3020 2231 3430 2302 αἰχμαλωτίδων
3481 2229 3714 2300 πλῆθος,

464 2331 527 2375 ut
556 2322 605 2376 ei
630 2323 698 2376 ad
739 2340 896 2379 usum
955 2335 1010 2380 et
1055 2326 1376 2381 alimentum
1410 2327 1466 2381 in
1506 2336 1760 2396 promptu
1815 2333 2034 2392 essent,

2154 2323 2224 2392 ιῖς
2251 2328 2344 2381 τὸν
2368 2326 2638 2398 Ἠρακλέα
2665 2325 2821 2393 λόγος
2849 2324 2959 2394 ἔχει
2991 2323 3212 2394 μιγῆναι
3234 2339 3248 2386 ;
3273 2320 3334 2385 ἐξ
3357 2315 3431 2373 ὧν
3459 2319 3552 2374 καὶ
3580 2319 3716 2390 θνη-

465 2415 830 2472 aestimatione
863 2419 1240 2487 anteponunt?
1271 2417 1348 2472 Ex
1390 2418 1497 2484 bis,
1528 2419 1576 2474 si
1611 2419 1678 2473 ad
1711 2419 1920 2487 reliqua
1951 2418 2038 2472 de-

2154 2421 2217 2474 :ol
2243 2420 2430 2483 παῖδες
2455 2417 2606 2488 αὐτῷ
2626 2417 2906 2486 γενόμενοι
2958 2415 3314 2484 ἐπιμήκιστον
3341 2411 3439 2482 τὴν
3462 2410 3568 2464 τῶν
3614 2427 3715 2478 γε-

466 2507 727 2563 seendere
757 2509 960 2574 lubeat,
1006 2511 1269 2579 quidquid
1299 2526 1366 2566 ex
1409 2511 1668 2579 praeclara
1696 2511 2036 2581 physiologia

2154 2511 2244 2567 μῶν
2269 2512 2594 2582 παρέτειναν
2622 2509 2888 2579 διαδοχήν.
2918 2507 3012 2570 Τίς
3051 2507 3094 2559 δ’
3122 2505 3187 2559 ἂν
3218 2506 3302 2574 εἴη
3327 2507 3355 2558 ὁ
3388 2505 3709 2575 κένταυρος.

467 2607 735 2667 superest,
760 2600 991 2654 similem
1027 2601 1078 2653 in
1107 2601 1326 2654 modum
1366 2600 1524 2655 facile
1562 2616 1848 2670 coargues,
1874 2600 2038 2655 adeo-

2154 2598 2196 2661 ἱῦ
2224 2605 2302 2676 τῷ
2329 2605 2521 2674 αἵματι
2549 2603 2638 2656 τὸν
2667 2602 2868 2672 χιτῶνα
2898 2599 3170 2671 μολύνασα
3204 2600 3237 2668 ἡ
3273 2597 3582 2667 Δηϊάνειρα,
3613 2595 3710 2648 τὸν

464 2707 573 2762 que
605 2691 858 2745 homines
897 2691 1032 2744 istos
1065 2689 1415 2760 impudentia:
1439 2691 1557 2759 jure
1590 2689 1916 2759 postulabis,
1942 2691 2037 2760 qui

2154 2699 2345 2762 Ἠλιον,
2377 2696 2564 2768 ὥσπερ
2623 2691 2716 2749 οὖν
2770 2693 2862 2746 τδν
2903 2691 3194 2763 Ἡρακλέα,
3243 2693 3310 2762 τῇ
3362 2688 3704 2758 δεδηλωμὲνῃ

467 2799 635 2837 unum
660 2782 910 2837 eumdem
948 2782 1150 2849 Solem,
1205 2790 1265 2836 ut
1319 2783 1422 2837 hoc
1467 2783 1740 2853 praecipue
1769 2781 1992 2852 seligam
2018 2821 2035 2848 ,

2154 2790 2448 2862 τεριόάλλοι
2497 2802 2524 2831 ι
2559 2789 2624 2842 ἂν
2683 2786 2969 2857 συμφορᾷ;
3014 2782 3171 2837 Ἀλλὰ
3202 2782 3309 2854 γὰρ
3345 2780 3530 2853 μηκέτ’
3565 2779 3706 2832 ἔστω

465 2888 573 2928 non
607 2873 912 2943 Apollinem
943 2873 1129 2937 modo,
1155 2874 1249 2929 sed
1278 2875 1443 2928 etiam
1492 2871 1802 2936 Herculem,
1834 2881 1889 2928 et
1909 2870 2040 2927 Bae-

2154 2881 2401 2945 l"H).to;
2481 2881 2666 2942 αὐτοῖς
2737 2875 3028 2947 Ἡρακλῆςο
3099 2875 3238 2928 ἔστω
3298 2872 3356 2926 δὲ
3428 2873 3700 2933 Διόνυσος·

464 2961 652 3024 cllum,
700 2970 752 3015 et
804 2959 1180 3031 IEsculapium
1224 2976 1345 3016 esse
1380 2971 1706 3018 statuerunt.
1738 2959 1874 3016 Nam
1901 2977 2040 3032 quo—

2154 2975 2232 3030 ιαὶ
2281 2973 2453 3027 ταῦτα
2513 2970 2647 3042 πρὸς
2701 2968 2791 3021 τὸν
2845 2966 3094 3019 Διόνυσον
3161 2964 3292 3034 φαίη
3360 2980 3441 3026 τις
3498 2962 3562 3015 ἂν
3626 2963 3705 3014 εί-

464 3053 628 3107 modo
651 3063 806 3121 pater
829 3053 968 3106 idem
997 3052 1160 3108 fuerit
1189 3053 1468 3124 simulque
1495 3053 1659 3117 lilius,
1705 3053 1920 3124 Apollo,
1952 3058 2038 3109 in—

2154 3065 2332 3128 ιιότως·
2358 3065 2442 3128 τίς
2469 3063 2577 3132 γὰρ
2609 3063 2642 3132 ἡ
2676 3060 2863 3112 τοῦτον
2883 3058 3215 3127 γεννήσασα;
3245 3054 3354 3107 εἴτε
3391 3053 3589 3124 Σελήνη
3622 3069 3707 3114 τις

465 3158 655 3212 quam,
691 3151 746 3198 et
784 3141 1174 3213 {Esculapius‘l
1203 3144 1489 3210 Quomodo
1550 3145 1668 3214 ipse
1725 3147 1793 3199 ad
1826 3144 2028 3202 Hercu-

2154 3157 2369 3227 λέγοιτο,
2401 3155 2510 3208 εἴτε
2539 3150 2873 3222 Περσεφόνη.
2940 3146 3062 3211 Πῶς
3111 3147 3153 3199 δ’
3185 3145 3250 3198 ἂν
3290 3145 3372 3214 εἴη
3403 3145 3431 3198 ὀ
3459 3143 3709 3202 Διόνυσος

465 3235 574 3288 lem
607 3235 962 3302 traducatur,
1014 3251 1140 3291 cum
1171 3236 1432 3291 Alcmena
1459 3245 1636 3292 matre
1675 3237 1896 3292 mortali
1931 3238 2025 3291 uti-

2154 3247 2277 3320 5μοῦ
2315 3247 2410 3300 καὶ
2441 3245 2648 3307 Ἤλιος,
2675 3242 2769 3297 καὶ
2793 3244 2826 3310 ἠ
2870 3241 3008 3292 κατὰ
3055 3239 3180 3300 τοὺς
3211 3236 3411 3304 ὑγροὺς
3441 3232 3708 3303 καρποὺς,

464 3343 573 3396 que
602 3327 830 3382 muliere
857 3337 1045 3382 natum
1081 3329 1300 3398 ipsimet
1343 3326 1636 3384 Herculem
1673 3345 1795 3384 esse
1821 3328 2036 3385 fatean-

2154 3339 2233 3392 ιαὶ
2251 3338 2319 3392 τὰ
2341 3335 2613 3410 ἀκρόδρυα
2635 3331 2917 3404 βλαστῶσα
2939 3328 3164 3398 δύναμις
3190 3343 3204 3392 ;
3259 3326 3322 3378 Τί
3346 3325 3388 3378 δ’
3410 3324 3474 3376 ἂν
3498 3322 3714 3410 γένοιτο

465 3417 908 3483 tur?Quomodo
933 3419 1027 3474 Sol
1069 3421 1125 3475 in
1173 3419 1417 3476 furorem
1471 3428 1626 3476 actus
1660 3420 1862 3476 liberos
1906 3435 2038 3476 suos

2154 3428 2247 3481 τῶν
2277 3407 2830 3496 συστρατευσαμένων
2875 3416 3024 3486 αὐτῷ
3073 3413 3346 3484 γυναικῶν
3385 3410 3446 3462 τὸ
3471 3407 3711 3478 πλῆθος;

463 3513 770 3583 jugularit?
801 3528 927 3568 nam
977 3521 1272 3585 utrumque
1297 3529 1429 3569 sane
1446 3511 1666 3569 Herculi
1691 3513 2032 3570 attribuitur.

2154 3516 2237 3579 Γίς
2267 3514 2323 3570 δὲ
2390 3513 2484 3567 καὶ
2541 3515 2575 3582 ἠ
2634 3509 2727 3563 τοῦ
2790 3507 2988 3569 Ἡλίου,
3021 3502 3298 3573 ὠσπεροῦν
3327 3502 3362 3571 ή
3396 3498 3487 3553 τοῦ
3524 3497 3710 3550 Διονύ-

467 3605 537 3659 At
563 3602 848 3661 Herculem
876 3605 1157 3671 nimirum,
1184 3606 1278 3676 qui
1305 3606 1592 3661 duodecim
1621 3604 1711 3660 illa
1735 3605 2036 3661 certamina

2154 3625 2272 3670 sou,
2331 3605 2611 3676 Ἀριάδνη;
2652 3602 2716 3656 Τί
2745 3600 2802 3654 δὲ
2853 3597 3050 3670 μᾶλλον
3102 3594 3268 3656 οἴνου,
3320 3591 3440 3661 οὐχὶ
3474 3591 3527 3642 δὲ
3560 3590 3707 3641 σίτου

468 3695 790 3761 confecerit,
825 3696 1044 3754 Zodiaci
1092 3697 1304 3764 circuli,
1341 3713 1504 3769 quem
1539 3697 1708 3754 solem
1758 3699 1913 3753 aiunt
1938 3713 2036 3752 sua

2154 3699 2236 3752 καὶ
2259 3698 2519 3767 ὀσπρίων,
2544 3694 2638 3748 καὶ
2669 3692 2776 3746 τῶν
2803 3691 2909 3744 ἀπὸ
2949 3689 3052 3759 γῆς
3090 3687 3340 3740 ἁπάντων
3375 3685 3595 3754 καρπῶν
3615 3683 3710 3747 γέ-

469 3789 832 3845 conversione
891 3789 1147 3860 lustrare,
1193 3791 1247 3844 in
1284 3789 1573 3845 duodecim
1623 3790 1922 3844 animantia
1952 3789 2038 3842 di-

2154 3791 2272 3842 νοιτ’
2319 3787 2386 3840 ἂν
2407 3785 2638 3857 χορηγὸς
2671 3786 2699 3836 6
2733 3783 2980 3843 Διόνυσος
3011 3779 3102 3831 ἐπὶ
3141 3779 3232 3830 τὸν
3266 3777 3453 3828 Ἥλιον
3485 3772 3712 3842 μετοιγό-

467 3881 737 3938 visionem
766 3891 1155 3952 reprzesentare
1193 3881 1472 3937 dictitant.
1507 3881 1679 3947 Quem
1711 3895 1841 3952 ergo
1882 3882 2042 3937 nobis

2154 3894 2345 3948 μενος;
2392 3878 2455 3929 Εἰ
2497 3876 2555 3928 δὲ
2601 3874 2696 3926 καὶ
2740 3871 3062 3941 Ἀσκληπιὸς
3106 3870 3287 3931 αὐτοῖς
3340 3865 3499 3919 πάλιν
3544 3864 3625 3934 εἴη
3678 3866 3713 3916 6

469 3970 841 4043 Eurystheum
879 3972 1262 4044 assignabunt,
1297 3973 1394 4042 qui
1419 3970 1634 4036 Solem,
1683 3971 2044 4042 quemadmo-

2154 3959 2353 4032 ΙΗλιος,
2377 3965 2494 4030 πῶς
2525 3958 2678 4026 οὗτος
2711 3963 2816 4015 ὑπὸ
2865 3961 2956 4014 τοῦ
2991 3959 3110 4022 Διὸς
3145 3955 3500 4029 κεραυνοῦται
3535 3958 3710 4024 ῥυπα-

470 4063 602 4119 dum
635 4073 688 4120 et
728 4063 1022 4121 Herculem
1049 4102 1066 4129 ,
1111 4063 1384 4134 ejusmodi
1437 4064 1738 4118 certamina
1774 4062 2044 4120 coniicere

2154 4063 2246 4134 ρᾶς
2271 4060 2454 4113 ἕνεκεν
2490 4054 2951 4127 αἰσχροκερδείας,
2981 4053 3122 4106 κατὰ
3159 4051 3249 4107 τὸν
3281 4047 3530 4104 Βοιώτιον
3562 4045 3714 4117 μελο-

467 4155 700 4225 iubeat?
729 4156 1018 4222 Quomodo
1067 4166 1246 4211 autem
1283 4157 1680 4226 quinquaginta
1707 4155 1942 4214 Thestias
1985 4158 2046 4212 li-

2154 4153 2298 4207 ποιὸν
2331 4149 2594 4221 Πίνδαρον
2620 4141 2724 4202 ὧδέ
2752 4163 2868 4209 πως
2903 4145 3156 4213 λέγοντα⁶

472 4249 578 4312 liae,
629 4262 694 4304 ac
730 4249 998 4318 reliquum
1020 4249 1359 4317 captivarum
1409 4249 1601 4319 vulgus
1629 4288 1645 4310 .
1676 4248 2003 4318 quibuscum
2041 4261 2156 4302 rem
2178 4243 2440 4300 habuisse
2474 4239 2757 4297 Herculem
2787 4238 2931 4292 fama
2966 4247 3068 4302 est,
3103 4236 3171 4290 ad
3205 4233 3385 4291 Solem
3427 4233 3598 4293 ipsum
3625 4244 3715 4284 re—

471 4340 759 4396 ferentur?
787 4339 999 4405 Quibus
1017 4354 1085 4395 ex
1106 4338 1364 4395 omnibus
1396 4340 1633 4409 suscepti
1675 4339 1745 4395 ab
1772 4354 1841 4394 eo
1873 4339 2026 4394 liberi
2063 4338 2238 4410 gentis
2270 4349 2384 4390 sua:
2440 4333 2636 4389 seriem
2699 4330 3018 4399 longissimo
3062 4336 3302 4397 tempore
3342 4324 3709 4394 propagariut.

474 4434 648 4501 Quem
707 4448 874 4503 porro
931 4433 1091 4488 nobis
1119 4441 1440 4489 centaurum
1493 4434 1740 4503 ﬁngent,
1788 4433 1947 4501 cujus
2000 4431 2262 4501 sanguine
2304 4426 2562 4484 infectum
2613 4440 2643 4478 a
2677 4423 2928 4493 Dejauira
2988 4421 3262 4475 indusium
3304 4415 3505 4480 Solem,
3549 4415 3716 4470 veluti

474 4525 761 4588 Herculem
789 4529 844 4583 in
872 4538 1213 4585 oecantatam
1244 4529 1392 4583 illam
1437 4529 1797 4584 calamitatem
1837 4527 2212 4582 induerit?At
2257 4525 2450 4579 demus
2510 4521 2655 4576 enim
2711 4521 2853 4583 istis,
2888 4516 3067 4572 Solem
3137 4531 3246 4569 non
3311 4512 3546 4577 amplius
3591 4527 3720 4566 esse

477 4621 786 4690 Herculem,
813 4622 1088 4678 Bacchum
1117 4635 1258 4677 esse.
1305 4620 1422 4676 Non
1473 4621 1743 4678 absimilia
1791 4621 2036 4692 profecto
2106 4620 2248 4674 circa
2315 4615 2584 4670 Bacchum
2621 4614 2856 4683 objicere
2890 4611 3072 4680 quivis
3140 4609 3335 4663 merito
3375 4606 3562 4676 possit.
3605 4603 3699 4658 Pri

477 4729 631 4769 mum
688 4723 855 4778 enim,
901 4729 1009 4785 qua
1061 4725 1232 4768 matre
1284 4716 1523 4785 genitum
1589 4715 1860 4770 Bacchum
1899 4731 2022 4771 esse
2082 4711 2306 4768 dicent?
2351 4707 2522 4775 Luna,
2570 4723 2640 4762 an
2679 4705 3040 4773 Proserpina,
3089 4716 3294 4772 susque
3346 4701 3538 4769 deque.
3579 4697 3718 4754 Nam

545 4818 573 4846 ι
618 4822 710 4875 γρ.
744 4803 1046 4874 περιϐάλοι.

543 4925 620 4996 (5)
653 4925 824 4996 φέρε.
868 4913 1020 4980 Hanc
1063 4939 1250 4996 vocem
1295 4925 1508 4981 duabus
1564 4927 1760 4996 inclusi
1796 4926 2041 4996 virgulis,
2076 4930 2120 4985 D
2147 4922 2361 4978 etiamsi
2386 4921 2446 4974 τὸ
2473 4919 2605 4992 φέρε
2639 4933 2737 4990 pro
2761 4925 2993 4986 utroque
3026 4914 3319 4996 coniuncto
3344 4911 3491 4996 sumi
3525 4911 3720 4996 possit,

471 4980 802 5057 ac‘reddidi,
833 5004 891 5048 ut
920 4997 1016 5048 hoc
1040 4995 1302 5064 precipue
1332 4980 1570 5066 adigam.
1605 4980 1694 5051 Sic
1725 4980 2044 5050 enimuhaud
2076 4980 2109 4985 —
2152 4980 2557 5066 potestdameu'
2577 4980 2776 5066 et'pro
2801 4980 3032 5066 utroque
3061 4980 3310 5066 seorsim.
3342 4980 3526 5035 Obiter
3559 4985 3721 5066 etiam

473 5066 638 5120 dubie
666 5068 925 5130 sumitur,
960 5081 1060 5136 pro
1081 5066 1214 5135 φέρε
1238 5067 1433 5136 εἰπεῖν,
1467 5068 1570 5120 hoc
1610 5075 1715 5131 est,
1745 5067 1884 5120 verbi
1916 5083 2043 5136 grae-

477 5137 574 5208 εἰς.
609 5134 1068 5208 quemadmodum
1123 5134 1323 5208 μικροῦ
1376 5146 1428 5190 et
1480 5136 1683 5205 ὀλίγου,
1714 5151 1812 5208 pro
1844 5135 2039 5208 μικροῦ

471 5204 606 5271 δεῖν,
622 5204 818 5276 ίρλίγου
849 5205 978 5270 δεῖν,
1008 5204 1211 5276 passim
1243 5204 1602 5276 usurpantur,
1629 5217 1690 5260 ut
1714 5204 1856 5260 alios
1885 5204 2048 5260 omit-

474 5284 586 5329 tam
614 5275 982 5340 ἐλλειπτικοὺς
1010 5275 1215 5344 λόγους.
1242 5275 1420 5330 Rarus
1446 5285 1624 5330 tamen
1652 5278 1753 5330 istc
1775 5285 1857 5330 est
1882 5277 2048 5344 hujus

476 5345 629 5399 vocis
661 5362 816 5410 usus,
845 5357 900 5407 et
932 5347 1267 5401 subobscure
1314 5356 1523 5400 tantum
1574 5362 1603 5400 a
1641 5346 1808 5400 Suida
1838 5347 2046 5401 indica-

474 5423 585 5484 tus.
612 5414 741 5470 dum
793 5422 865 5470 ita
915 5417 1101 5470 scribit
1133 5434 1145 5469 :
1178 5415 1326 5484 Φέρε
1349 5433 1361 5446 ·
1393 5412 1506 5469 οἷον
1546 5415 1767 5480 ὑπόθου,
1803 5416 1900 5484 ἄγε
1931 5413 2044 5470 οὖν.

477 5481 950 5552 Ὡὲειὶηςξυοιιόυπι,
986 5488 1199 5553 opinor,
1233 5483 1342 5540 οἷον
1392 5488 1460 5540 ab
1510 5487 1737 5538 ὑπόθουο
1782 5481 2053 5553 distincta:

479 5553 645 5617 enim,
681 5556 804 5608 licet
851 5551 1057 5617 allincs,
1090 5557 1210 5610 duae
1256 5559 1360 5611 illae
1409 5559 1752 5624 acceptiones
1784 5574 1796 5608 :
1830 5551 1940 5608 οἷον
1971 5564 2052 5608 est

475 5624 699 5696 sumpti
733 5627 943 5693 gratia;
976 5626 1196 5690 ὑπόθου,
1220 5642 1368 5694 pone,
1393 5627 1529 5696 [inge
1557 5627 1651 5679 hoc
1677 5644 1786 5680 esse
1816 5628 1890 5696 vel
1919 5626 2046 5678 dici.

479 5694 590 5747 hec
619 5694 802 5748 minus
839 5696 1281 5764 distinguendum
1328 5694 1539 5752 videtur
1567 5696 1667 5765 ἄγε
1699 5697 1768 5750 ab
1803 5694 2046 5769 oSquia

2151 5052 2427 5118 notandus
2454 5071 2536 5115 est
2564 5052 2696 5114 usus
2727 5061 2814 5112 ille
2839 5052 3100 5124 τοῦ“φέρε
3127 5053 3337 5114 εἰπεῖν,
3367 5068 3525 5124 quem
3563 5052 3724 5103 habet

2153 5133 2426 5188 interdum
2479 5131 2634 5186 initio
2681 5129 2908 5202 periodi,
2955 5121 3154 5202 proﬁt
3192 5125 3363 5202 filim,
3394 5121 3631 5202 atnforte,
3667 5129 3723 5171 at

2152 5219 2290 5267 vero,
2327 5219 2394 5254 an
2430 5217 2546 5256 vero
2567 5202 2592 5254 ?
2619 5191 2819 5254 ac'ferc
2845 5191 3154 5270 ennium.
3189 5192 3413 5270 D_i_or_tys.
3444 5191 3718 5270 Halicarn.

2152 5275 2248 5327 lib.
2278 5261 2352 5335 iv,
2399 5273 2478 5326 sic
2527 5278 2777 5339 usurpat,
2809 5265 3182 5340 ubi__Servi_us
3213 5261 3726 5340 Tull-ius,_t‘_efutatis

2153 5332 2480 5398 criminibus
2535 5332 2680 5395 aliis“
2711 5332 2833 5407 qua:
2884 5337 2987 5407 sibi
3019 5351 3050 5388 a
3086 5332 3581 5407 Tarquinioobjici
3625 5346 3723 5407 po.

2155 5418 2406 5475 tuissent,
2452 5413 2524 5464 ita
2574 5400 2746 5478 pergit
2777 5427 2791 5462 :
2825 5406 2964 5476 Φέρε
3010 5400 3347 5478 είπείνεξὰλᾈ
3381 5400 3722 5478 ὑπερήφανός

2160 5487 2297 5554 εἰμι,
2343 5474 2437 5535 καὶ
2471 5480 2558 5533 διὰ
2576 5474 2870 5550 ’βαρύτητα
2897 5474 3158 5546 ἐπαχθής.
3305 5474 3547 5541 fortassis
3576 5486 3726 5554 urrof

2160 5546 2288 5622 guns
2320 5569 2456 5614 sum,
2485 5563 2532 5604 et
2579 5546 2790 5618 propter
2831 5563 3037 5622 quorum
3083 5546 3420 5622 acerbitatem
3461 5546 3627 5622 gravis
3662 5553 3725 5591 ac

2156 5611 2451 5687 molestus;
2493 5611 2614 5686 vel',
2661 5611 2787 5675 cum
2832 5615 3252 5685 interrogatione
3282 5632 3295 5668 :
3323 5614 3404 5666 Au
3455 5611 3611 5667 vero?
3655 5624 3723 5663 an

2156 5695 2331 5762 forte?
