3858 6224
228 362 339 418 117
1388 361 1710 420 ΡΒΔΕΡΑΒ.
1745 358 1760 420 Ι

1861 364 2000 423 lNG.
2032 366 2162 423 LIB.
2202 366 2289 425 ΙΙΙ.
3358 378 3468 433 ιιι

234 472 498 547 quomodo
542 471 790 531 Bacchus
844 474 988 532 idem
1030 483 1088 530 et
1118 472 1235 539 Sol,
1288 483 1344 531 et
1366 476 1451 532 vis
1501 477 1667 533 simul
1698 477 1791 533 illa
1836 477 2021 546 fuerit,
2051 498 2175 553 qua:
2212 497 2336 540 sese
2389 484 2586 554 partim
2633 485 2689 541 in
2735 486 3139 547 humidioribus
3169 490 3470 559 fructibus,

235 572 416 641 partim
443 571 499 623 in
530 569 758 624 nucibus
781 566 994 623 exerit?
1039 565 1262 634 Deinde,
1304 582 1568 638 quorsum
1624 569 1716 625 illa
1776 570 2067 635 mulierum
2098 574 2220 644 ejus
2272 575 2483 632 militiae
2508 578 2772 633 comitum
2816 580 3108 639 multitudo
3147 584 3468 656 pertineat?

233 664 473 730 Quanam
516 663 678 727 Solis,
724 660 1185 732 quemadmodum
1216 660 1307 716 illa
1332 660 1553 728 Bacchi,
1586 661 1826 719 Ariadne
1871 669 2291 723 commemorari
2324 668 2529 738 queat?
2588 667 2703 726 Cur
2750 672 2864 727 vini
2896 674 3080 743 potius
3106 714 3122 741 ,
3173 692 3340 747 quam
3374 684 3472 731 aut

233 755 513 822 frumenti,
563 761 659 810 aut
720 752 1090 825 leguminum,
1148 766 1214 807 ac
1279 760 1600 807 ceterorum
1644 753 1915 819 omnium,
1946 770 2088 825 quos
2149 767 2296 814 terra
2328 767 2616 829 procreat,
2665 758 2947 818 fructuum
3013 774 3207 820 auctor
3265 767 3313 822 si
3377 781 3471 822 se-

233 849 328 904 mel
378 848 521 903 idem
547 887 563 913 ,
608 845 704 916 qui
765 844 861 901 Sol
908 843 1112 909 fuerit,
1152 842 1403 900 Bacchus
1457 843 1768 899 habeatur?
1808 845 1962 916 121
1991 844 2148 914 Quod
2179 848 2227 905 si
2270 849 2649 921 Esculapium
2682 851 2865 907 Solem
2922 868 3046 910 esse
3094 855 3285 922 velint,
3331 873 3470 928 quo-

232 942 374 997 modo
390 941 435 996 is
463 941 535 996 ob
556 950 773 1009 turpem
810 947 867 994 et
892 936 1150 993 infamem
1203 946 1476 1009 quaestum
1495 936 1648 996 lovis
1691 937 1924 997 fulmine
1976 944 2357 1017 conﬂagravit,
2420 947 2564 1003 sicut
2622 945 2712 1003 his
2768 947 3021 1005 versibus
3077 948 3325 1008 Boeotius
3380 952 3470 1008 ills

232 1053 287 1092 ac
308 1037 499 1108 lyricus
517 1043 670 1090 vates
695 1033 967 1089 Pindarus
997 1032 1217 1099 cecinit,

352 1174 597 1252 Ἕτραπε
610 1169 691 1293 (63
705 1169 983 1226 κάκεῖνον
995 1164 1237 1239 ἀγάνορι
1242 1189 1354 1295 [u-

352 1248 468 1308 σθῳ
497 1258 659 1308 χρυσ
696 1261 729 1307 ς
755 1242 826 1295 ὲν
844 1241 1059 1308 χερσὶν
1086 1257 1239 1308 φανε
1264 1260 1317 1308 ς.

1861 1179 1863 1186 ’
2170 1167 2413 1236 Perpulit
2448 1167 2623 1239 ipsum
2646 1167 2839 1239 grandi
2867 1170 3038 1237 pretio

2165 1241 2371 1294 Ardens
2393 1240 2596 1308 patenti
2620 1255 2813 1292 aurum
2840 1242 2895 1293 in
2924 1256 3038 1295 man

346 1342 623 1354 ..ι-..ῤ-

348 1242 468 1308 σθῷ
496 1240 729 1312 χρυσὸς
755 1242 826 1295 ὲν
844 1241 1059 1312 χερσὶν
1086 1240 1317 1310 φανείς.

2165 1241 2371 1294 Ardens
2393 1240 2596 1308 patenti
2620 1255 2813 1292 aurum
2840 1242 2895 1293 in
2924 1256 3107 1296 manu.

346 1384 407 1436 σί
444 1383 499 1436 δ’
526 1328 944 1448 ωκὲἴονιων

2165 1372 2300 1448 [μοι
2326 1372 2560 1429 Saturno
2584 1383 2737 1448 strtus

354 1443 585 1522 Ῥίψαιξι
614 1450 689 1505 δι’
711 1443 955 1522 ἀμφοῖν,
988 1450 1268 1521 ἀμπνοὰν

2163 1443 2515 1522 ξηιηιεη-ρεν
2541 1446 2720 1522 ambos
2748 1446 2968 1501 dextera

341 1514 607 1585 EtéW
633 1514 887 1575 καθῖένῖεν
1020 1514 1041 1521 ⁷

2163 1514 2454 1585 Torquati,
2482 1517 2719 1569 animum

2163 1585 2324 1639 Illico
2354 1585 2472 1640 tolli
2478 1596 2520 1651 ι,
2550 1587 2770 1655 [eraque

352 1586 557 1658 Ὠκέως
578 1608 592 1622 ·
620 1591 806 1645 ατθων
842 1591 912 1644 δὲ
936 1586 1150 1660 respui)-

2157 1654 2267 1710 Dat
2297 1672 2385 1710 eos

338 1662 438 1728 νὸς
472 1655 787 1732 ἐνέσκηψε
818 1655 1028 1731 μόρον.

2157 1655 2267 1710 Dat
2297 1672 2385 1710 eos
2415 1657 2635 1725 ﬂantma
2666 1655 2799 1709 neci.

223 1792 358 1856 Τίνες
384 1791 438 1845 δὲ
463 1792 561 1845 καὶ
595 1794 643 1846 οἱ
680 1791 740 1857 ἐξ
779 1789 961 1845 Ἠλίου
998 1789 1409 1863 ’Δσκληπιάδαι,
1447 1793 1529 1858 είς
1562 1793 1776 1867 μακρὸν

220 1885 297 1938 τοῦ
322 1884 427 1955 βίου
456 1884 933 1956 διαφυλαχθέντες,
959 1885 1053 1937 καὶ
1084 1881 1295 1956 θνητῶν
1328 1885 1537 1959 ἀνδρῶν
1558 1886 1774 1957 γένεσιν

220 1978 357 2029 πᾶσιν
376 1975 682 2048 ἀνθρώποις
703 1975 1092 2049 παραπλησίαν
1117 1977 1556 2050 ὑποστησάμενοι
1579 1997 1596 2047 ;
1622 1978 1772 2052 Πλὴν

1872 1787 2113 1856 Quinam
2162 1803 2193 1844 a
2237 1789 2364 1845 Sole
2395 1791 2502 1846 orti
2532 1790 2892 1863 Asclepiade,
2918 1793 3013 1864 qui
3046 1809 3174 1850 cum
3203 1793 3272 1850 ad
3301 1793 3460 1865 plura

1872 1881 2076 1936 saecula
2100 1896 2272 1952 genus
2288 1898 2448 1938 suum
2467 1884 2843 1954 propagarint,
2860 1893 2975 1941 tum
2993 1899 3124 1942 vero
3147 1887 3462 1942 mortalium

1872 1973 2117 2029 virorum
2134 1974 2334 2030 seriem
2351 1976 2566 2032 cunctis
2582 1976 2898 2034 hominibus
2913 1978 3173 2034 nascendi
3191 1979 3462 2034 conditio-

220 2067 332 2121 ἀλλὰ
354 2069 504 2121 πάλιν
530 2069 739 2133 αὐτοῖς,
778 2066 965 2140 ὥσπερ
989 2068 1079 2123 διὰ
1111 2069 1383 2142 μηχανῆς,
1412 2070 1512 2137 τὰς
1538 2072 1760 2144 αίσχράς

1872 2081 1943 2122 ne
1954 2066 2187 2122 similem
2208 2065 2533 2138 affinemque
2543 2068 2908 2138 procrearint?
2921 2068 3270 2141 Quanquam,
3287 2068 3462 2125 homi-

204 2150 295 2211 ’καὶ
320 2157 540 2230 μυθικὰς
574 2159 704 2231 περὶ
736 2157 874 2212 θεῶν
908 2158 1189 2230 διηγήσεις
1222 2159 1645 2232 ἀποφεύγουσιν,
1689 2163 1760 2228 είς

1871 2173 2004 2214 num
2032 2160 2262 2215 istorum
2296 2175 2428 2217 sane
2458 2160 2590 2215 dum
2624 2159 2930 2232 ﬂagitiosus
2959 2177 3025 2218 ac
3043 2170 3236 2233 turpes
3271 2161 3458 2219 numi-

222 2250 341 2320 ῆλιον
379 2250 466 2303 καὶ
505 2250 765 2321 σελήνην,
796 2250 892 2304 καὶ
928 2250 996 2305 τά
1039 2248 1201 2304 λοιπὰ
1237 2246 1335 2305 τοῦ
1381 2252 1588 2325 κόσμου
1628 2254 1760 2326 μέρη

1871 2267 2003 2307 num
2032 2268 2258 2309 suorum
2289 2252 2505 2310 fabulas
2532 2254 2691 2323 quasi
2716 2255 2970 2310 machina
3017 2255 3256 2326 quadam
3318 2252 3459 2311 elu-

220 2342 632 2412 ἀνατρέχοιᾶν.ὁ
676 2341 867 2410 λόγος·
902 2346 959 2400 εἴ
996 2358 1061 2411 γε
1106 2341 1217 2414 πῦρ
1264 2344 1365 2414 μὲν
1412 2340 1482 2417 ἦν
1515 2346 1700 2411 αὐτοῖς
1740 2348 1760 2401 ἐ

1872 2344 2048 2416 giunt,
2089 2345 2159 2400 ad
2223 2345 2407 2400 Solem
2446 2344 2773 2417 Lunamque
2816 2347 3048 2412 scilicet,
3093 2360 3160 2401 ac
3229 2352 3459 2402 caeteras

219 2433 502 2502 Ἥφαιστος,
575 2436 677 2489 καὶ
725 2437 760 2507 ἡ
810 2425 987 2506 θερμὴ
1029 2435 1275 2507 δύναμις,
1322 2437 1593 2492 Ποσειδῶν
1635 2439 1693 2492 δὲ
1732 2440 1760 2511 ή

1873 2437 2063 2491 mundi
2090 2446 2275 2507 partes
2305 2445 2556 2492 recurrat
2596 2438 2797 2497 oratio.
2824 2434 3054 2501 Tamen,
3076 2438 3123 2492 si
3150 2435 3458 2492 Vulcanum

1876 2527 2049 2547 ,ηω

218 2524 334 2596 δτρᾶ
359 2526 528 2591 οὐσία,
568 2527 725 2598 Ἥρα
771 2526 829 2581 δὲ
874 2528 903 2580 ὀ
948 2526 1076 2599 ἀὴρ,
1107 2529 1204 2582 καὶ
1244 2529 1315 2601 γῆ
1372 2529 1534 2584 πάλιν
1582 2532 1618 2602 ή
1671 2529 1760 2602 μὲν

1875 2527 2054 2597 ignem
2106 2527 2451 2596 calidamque
2479 2527 2591 2583 vim
2622 2544 2746 2585 esse
2806 2528 3019 2596 volunt,
3045 2528 3095 2584 si
3142 2528 3457 2598 Neptunum

213 2618 360 2685 ὄρειος
389 2618 477 2670 καὶ
518 2617 809 2690 πετρώδης
859 2617 1003 2682 Ῥέα,
1044 2620 1078 2690 ἡ
1120 2619 1177 2672 δὲ
1202 2618 1389 2692 πεδινὴ
1426 2621 1523 2674 καὶ
1551 2621 1773 2691 γόνιμος

219 2709 460 2780 Δημήτηρ,
486 2709 648 2779 Κδρη
678 2725 739 2762 τε
781 2712 816 2781 ή
849 2707 1283 2780 σπερματοῦχος,
1319 2712 1413 2764 καὶ
1454 2712 1705 2777 Διόνυσος
1733 2714 1768 2784 ή

220 2804 471 2874 θυτευτικὴ
493 2803 604 2856 τῶν
629 2803 949 2875 ἀκροδρύων
978 2805 1203 2878 δύναμις
1229 2826 1242 2838 ·
1275 2807 1369 2860 καὶ
1396 2806 1545 2878 ἣλιος
1582 2806 1774 2860 Ἀπόλ-

221 2902 301 2945 λων
340 2894 428 2946 σὺν
471 2897 582 2958 τοῖς
636 2894 1110 2968 κατειλεγμένοιςο
1156 2898 1358 2970 σελήνη
1403 2897 1460 2951 δὲ
1504 2898 1627 2952 τοτὲ
1670 2898 1770 2970 μὲν

220 2980 463 3055 Ἄρτεμις,
503 2986 630 3039 τοτὲ
678 2985 736 3039 δὲ
791 2986 1011 3060 Ἀθηνᾶ,
1063 2990 1157 3043 καὶ
1206 2989 1367 3043 πάλιν
1409 2989 1630 3061 Ἑκάτη,
1674 2991 1770 3043 καὶ

220 3076 452 3146 εἰλήθυιαο
494 3077 699 3133 οὐκοῦν
741 3078 904 3134 πάλιν
954 3081 1053 3151 τὴν
1091 3080 1268 3135 κτίσιν
1315 3080 1468 3154 παρά
1512 3080 1605 3135 τὸν
1654 3081 1770 3135 κτί-

220 3185 343 3242 στην,
377 3173 466 3227 καὶ
494 3174 596 3246 τὴν
627 3173 992 3246 δημιουργίαν
1032 3173 1126 3228 τοῦ
1175 3174 1395 3239 παντὸς,
1436 3172 1551 3228 ἀλλ’
1581 3174 1642 3227 οὐ
1674 3173 1768 3227 τὸν

220 3266 501 3339 δημιουργὸν
534 3269 919 3339 θεολογοῦντες
950 3270 1344 3342 ἀπελέγχονται
1377 3271 1497 3325 λίαν
1532 3273 1767 3340 ἐπισφα-

220 3358 301 3422 λῶς
322 3363 407 3414 καὶ
434 3362 815 3428 ἐπικινδύνως,
851 3364 945 3417 καὶ
971 3365 1065 3417 ἐπὶ
1091 3363 1248 3435 κακῷ
1287 3363 1388 3433 τῆς
1420 3364 1555 3427 ίδίας
1586 3363 1768 3417 αὐτῶν

222 3453 440 3523 κεφαλῆς.
464 3457 526 3509 Εἰ
554 3456 613 3509 δὲ
653 3456 729 3527 μὴ
755 3457 825 3509 τὰ
849 3454 1098 3527 ὁρώμενα
1132 3456 1360 3527 σώματα
1382 3456 1533 3527 ⁴ἡλίου
1555 3456 1650 3510 καὶ
1677 3473 1766 3510 σε·

221 3543 349 3613 Αήνης
391 3546 480 3598 καὶ
524 3547 767 3617 ἄστρων,
807 3545 945 3616 μηδέ
990 3560 1053 3613 γε
1093 3544 1163 3598 τὰ
1214 3546 1446 3617 αἰσθητά
1496 3544 1635 3617 μέρη
1669 3543 1765 3599 τοῦ

220 3634 385 3703 κόσμου
411 3638 642 3708 φήσουσι
675 3636 964 3700 θεοποιεῖν,
996 3636 1132 3690 ἀλλά
1163 3637 1259 3701 τὰς
1286 3639 1344 3691 ἐν
1366 3636 1575 3701 τούτοις
1607 3637 1767 3709 ἀορά-

217 3741 316 3789 τους
337 3728 602 3799 δυνάμεις,
633 3729 803 3782 αὐτοῦ
825 3728 889 3800 δὴ
914 3729 1008 3782 τοῦ
1032 3730 1124 3782 ἐπὶ
1151 3731 1315 3783 πᾶσιν
1340 3748 1353 3760 ·
1387 3731 1506 3803 (ἕνα
1535 3731 1644 3803 γὰρ
1676 3731 1765 3785 δν-

1873 2617 2157 2673 humidam
2190 2627 2471 2687 naturam,
2499 2616 2769 2674 lunonem
2793 2634 2997 2685 aerem,
3032 2615 3202 2689 Opem
3230 2626 3452 2675 monta-

1872 2724 2006 2764 num
2039 2708 2459 2779 lapidosumque
2502 2710 2705 2776 solum,
2738 2708 2994 2765 Cererem
3049 2725 3181 2765 vero
3226 2709 3454 2780 planum

1872 2816 1938 2856 ac
1968 2799 2146 2855 fertile
2179 2818 2193 2855 :
2233 2801 2281 2856 si
2313 2801 2699 2873 Proserpinam
2761 2802 2870 2856 vim
2928 2801 3273 2867 seminalem,
3308 2800 3448 2859 Bac-

1871 2893 2035 2949 chum
2056 2908 2186 2949 vero
2207 2909 2410 2949 nucum
2436 2895 2811 2967 similiumque
2835 2896 3146 2966 plantarum
3163 2896 3447 2952 virtutem:

1870 2986 1919 3040 si
1952 2985 2122 3041 solem
2158 2985 2486 3057 Apollinem,
2515 3003 2580 3043 ac
2616 2988 2865 3058 reliquos
2895 2989 3151 3059 superius
3194 2989 3453 3044 nomina-

1877 3086 1986 3141 tos,
2022 3079 2215 3133 lunam
2251 3090 2433 3135 autem
2465 3080 2629 3135 modo
2672 3079 2923 3147 Dianam,
2955 3078 3121 3134 modo
3151 3076 3450 3145 Palladem,

1870 3172 2035 3227 modo
2061 3172 2147 3226 vel
2190 3171 2452 3240 Hecaten,
2484 3175 2569 3228 vel
2605 3172 2870 3228 Lucinam
2904 3192 2918 3228 :
2973 3172 3224 3243 profecto
3256 3188 3451 3244 agsos-

1869 3269 1998 3316 cant
2030 3277 2254 3317 necesse
2284 3271 2387 3329 est,
2421 3278 2542 3319 sese
2582 3265 2788 3334 rejecto
2835 3263 3097 3320 Creatore
3129 3274 3447 3331 creaturas,

1868 3353 2152 3425 ipsamque
2180 3356 2423 3412 universi
2448 3356 2813 3424 molitionem,
2842 3371 2954 3412 non
2984 3356 3109 3426 ejus
3132 3356 3442 3411 molitorem

1866 3444 1963 3502 Dei
1985 3446 2106 3504 loco
2134 3449 2380 3503 venerari
2412 3466 2427 3504 :
2459 3449 2555 3520 qui
2585 3449 2807 3521 quidem
2838 3448 3022 3520 gravis
3056 3448 3288 3501 nimium
3342 3463 3438 3517 pe-

1866 3539 2251 3611 riculosusque
2270 3540 2458 3607 lapsus
2472 3547 2574 3607 est,
2590 3545 2755 3607 atque
2771 3535 3065 3606 ejusmodi,
3083 3537 3180 3608 qui
3212 3538 3444 3593 salutem

1863 3631 2143 3702 propriam
2170 3639 2378 3686 certum
2410 3630 2468 3685 in
2491 3630 2722 3685 exitium
2768 3627 3047 3697 conjiciat.
3107 3627 3203 3681 Sin
3256 3638 3442 3683 autem

1865 3722 2271 3792 responderint,
2304 3736 2364 3776 se
2386 3734 2736 3791 nequaquam
2766 3725 2864 3773 aut
2890 3732 2976 3782 ea,
3013 3731 3136 3786 quae
3167 3715 3441 3783 videntur,

221 3816 419 3884 ταΘεὸν,
454 3821 742 3883 παντοίαις
774 3820 1036 3891 δυνάμεσι
1063 3819 1133 3873 τὰ
1164 3819 1341 3874 πάντα
1372 3819 1634 3893 πληροῦν,
1668 3822 1760 3875 καὶ

1868 3811 2015 3870 Solis
2039 3830 2103 3869 ac
2130 3813 2300 3869 Luna:
2328 3813 2683 3881 siderumque
2708 3823 2942 3878 corpora
2968 3847 2984 3873 ,
3011 3819 3108 3862 aut
3135 3809 3294 3874 alias,
3319 3823 3441 3877 quae

218 3909 287 3962 διὰ
308 3913 501 3968 πάντων
524 3915 760 3986 διήκειν,
791 3913 886 3966 καὶ
906 3915 1016 3977 τοῖς
1045 3915 1209 3967 πᾶσιν
1241 3914 1553 3967 ἐπιστατεῖν
1573 3931 1586 3945 ο
1616 3913 1761 3968 ἀσω-

222 4002 370 4071 μάτως
397 4005 450 4058 δὲ
494 4008 588 4060 καί
617 4004 846 4073 ἀφανῶς
887 4006 943 4058 ὲν
986 4007 1151 4058 πᾶσιν
1181 4005 1329 4071 ὄντα,
1365 4007 1460 4061 καὶ
1504 4006 1594 4060 διὰ
1625 4007 1760 4062 πάν-

220 4108 302 4146 των
319 4093 573 4166 διήκοντα,
606 4096 705 4149 καὶ
731 4093 921 4147 τοῦτον
949 4095 1173 4159 εἰκότως
1200 4095 1286 4151 διὰ
1318 4095 1425 4150 τῶν
1456 4097 1760 4168 δεδηλωμέ-

222 4201 303 4237 νων
335 4187 494 4240 σέϐειν
527 4187 710 4258 φασί·)
750 4187 803 4239 τί
848 4187 982 4257 δῆτα
1024 4188 1316 4261 τοιγαροῦν
1348 4190 1472 4260 οὐχὶ¹
1521 4188 1621 4253 τὰς
1670 4192 1756 4243 αί-

223 4276 356 4345 σχρὲς
396 4279 481 4331 καὶ¹
510 4280 784 4350 ἀπρεπεῖς
829 4279 956 4349 περὶ
1000 4277 1139 4332 θεῶν
1187 4278 1531 4350 μυθολογίας,
1568 4281 1643 4346 ὡς
1691 4281 1759 4335 ἂν

221 4361 441 4436 nam;
470 4371 563 4425 καὶ
596 4369 818 4433 ἀσεϐεῖς
853 4370 1345 4441 παραιτησάμενοι,
1375 4372 1468 4427 καὶ
1494 4372 1664 4436 αὐτάς
1691 4389 1756 4441 γε

220 4455 296 4519 τὰς
328 4461 439 4532 περὶ
472 4462 681 4515 τούτων
722 4459 955 4531 βίϐλους,
989 4461 1064 4524 ὠς
1090 4460 1326 4532 δυσσεϐῆ
1363 4461 1458 4514 καὶ
1483 4461 1757 4518 ἀκόλαστα

223 4554 552 4623 περιεχούσας,
583 4557 815 4626 ἀφανεῖς
847 4555 1195 4625 ποιήσαντες,
1228 4554 1318 4607 τὸν
1344 4554 1441 4607 ἕνα
1473 4556 1566 4609 καὶ
1596 4556 1755 4627 μόνον

222 4641 407 4713 ἀόρατον
433 4646 561 4701 eam
592 4645 821 4718 γυμνῶς
863 4646 957 4700 καὶ
988 4644 1265 4717 καθαρῶς,
1303 4646 1399 4701 καὶ
1439 4645 1568 4700 ἄνευ
1611 4647 1756 4713 τινὸς

222 4735 409 4805 αἰσχρᾶς
436 4738 772 4810 περιπλοκῆς
813 4737 1106 4810 ἀνυμνοῦσι
1133 4754 1148 4800 ;
1199 4736 1370 4790 Τοῦτο
1399 4737 1509 4810 γὰρ
1540 4737 1660 4792 δέον
1687 4735 1756 4811 ἦν

223 4831 358 4881 ποιεῖν
376 4834 478 4895 τοῖς
507 4834 556 4885 τ’
580 4830 784 4903 ἀληθὲς
816 4829 1172 4899 ἐπεγνωκόσι,
1202 4828 1336 4901 μηδὲ
1366 4829 1629 4898 κατάγειν
1663 4831 1756 4883 καὶ⁵

222 4920 529 4976 καταϐάλλειν
562 4925 643 4987 είς
686 4921 919 4993 αἰσχρὰς
948 4923 1043 4976 καὶ
1066 4920 1334 4992 ἐμπαθεῖς
1362 4921 1757 4997 ἀρῤητολογίας

222 5007 297 5080 τὴν
330 5013 601 5087 σεϐάσμιον
636 5014 733 5068 τοῦ
784 5012 920 5066 Θεοῦ
970 5013 1304 5085 πρόσρησιν·
1356 5012 1494 5067 ἀλλά
1544 5011 1665 5083 μηδ’
1695 5012 1754 5065 ἐν

222 5101 437 5169 οίκίσκοις
479 5106 570 5159 καὶ
608 5106 804 5159 σκότου
841 5107 1052 5176 μυχοῖς,
1096 5102 1307 5174 ἀνδρῶν
1350 5120 1411 5154 τε
1442 5102 1754 5172 οἰκοδομαῖς

226 5195 336 5262 σφᾶς
372 5198 552 5262 αὐτοὺς
576 5198 970 5261 ὲναποκλείειν,
1001 5197 1076 5260 ὡς
1113 5196 1260 5250 ἔνδον
1304 5197 1635 5268 εύρήσοντας
1661 5194 1752 5248 τὸν

223 5282 345 5353 Θεὸν,
383 5290 492 5363 μηδ’
524 5295 580 5346 ἐν
612 5291 820 5358 ξοάνοις
852 5289 912 5355 ἐξ
940 5288 1148 5360 ἀψύχου
1187 5287 1578 5359 πεποιημένοις
1618 5285 1750 5357 ὕλης

225 5377 300 5442 τὰς
323 5381 454 5449 θείας
492 5388 656 5459 τιμᾷν
685 5385 893 5440 οἴεσθαι
924 5385 1202 5456 δυνάμεις,
1250 5383 1385 5455 μηδὲ
1421 5381 1528 5455 μὴν
1556 5377 1753 5452 γεώδε-

279 5491 343 5567 (θ)
380 5496 642 5565 Ἔτραπε.
686 5497 948 5567 Sumptus
997 5498 1087 5553 hic
1126 5497 1293 5567 locus,
1332 5504 1418 5551 est
1464 5492 1748 5567 exAPyth"

315 5565 361 5629 5,
389 5560 590 5644 an_t:istr.
628 5570 683 5633 '5,
711 5560 872 5644 quem
920 5584 1086 5644 nunc
1104 5566 1454 5644 emendatum
1481 5560 1670 5644 habes,
1694 5572 1752 5644 _et

225 5635 316 5688 suis
339 5638 567 5693 versibus
590 5635 942 5709 numerisque
962 5638 1304 5709 distinctum;
1334 5635 1485 5709 Quos
1505 5635 1749 5709 etiamin

229 5714 279 5780 go
298 5709 530 5780 vertendo
569 5704 1232 5780 utcunque—servavimus.
1264 5705 1527 5760 Eumdem
1556 5704 1752 5780 laudat

228 5767 840 5846 Cyrill._5klexandrin.'in
879 5778 1156 5833 lulianum
1185 5779 1522 5846 Apostatam,
1556 5775 1652 5830 lib.
1683 5790 1747 5841 ιι,

230 5847 335 5899 tom.
385 5844 451 5911 V,
500 5865 619 5916 pag.
689 5851 809 5917 H8,
865 5849 1036 5907 Graeci
1088 5844 1296 5906 codiéis
1364 5845 1746 5915 manuscripti,

1861 3905 1919 3960 in
1948 3920 2169 3962 sensum
2198 3907 2512 3970 incurrunt,
2540 3900 2732 3957 mundi
2765 3908 2973 3970 partes,
3008 3898 3103 3954 sed
3139 3906 3347 3953 tantum
3373 3896 3441 3952 iis

1859 3997 2103 4054 inclusas
2135 4006 2522 4067 aspectnmque
2548 3994 2816 4065 fugientes
2862 3991 2974 4047 veri
3018 3989 3269 4046 Numinis
3307 4005 3440 4044 cun-

1858 4099 2053 4161 ctaque
2103 4088 2436 4144 moderantis
2465 4088 2610 4142 vires
2639 4098 2963 4141 consecrare
3016 4081 3209 4152 (Deum
3252 4081 3399 4136 enim
3424 4121 3441 4148 ,

1857 4199 1983 4238 cum
2012 4197 2153 4237 unus
2185 4181 2300 4251 ipse
2337 4179 2429 4245 sit,
2466 4179 2647 4233 omnis
2685 4177 2902 4249 generis
2962 4175 3258 4229 virtutibus
3309 4172 3439 4229 uni-

1856 4289 2014 4329 versa
2039 4273 2333 4342 complere,
2371 4286 2436 4326 ac
2468 4285 2566 4340 per
2586 4270 2770 4324 omnia
2800 4267 3083 4332 diﬂusum,
3122 4265 3289 4320 rebus
3309 4279 3440 4334 quo-

1857 4381 1963 4436 que
1984 4365 2241 4420 omnibus
2270 4363 2597 4434 praesidere;
2623 4361 2871 4431 adeoque
2930 4360 3136 4429 ipsum,
3191 4357 3287 4427 qui
3319 4356 3439 4411 sine

1856 4472 2085 4526 corpore
2110 4455 2363 4511 sensibus
2392 4453 2634 4509 obnoxio
2659 4453 2824 4507 rebus
2869 4452 3002 4505 insit
3035 4450 3295 4505 omnibus
3325 4462 3439 4502 um-

1856 4562 2062 4618 nesque
2090 4545 2353 4617 pervadat
2409 4559 2475 4599 ac
2529 4553 2791 4613 permeet,
2839 4556 2961 4597 sese
3010 4558 3106 4612 per
3168 4557 3254 4607 ea,
3312 4554 3436 4611 quae

1855 4640 2113 4706 diximus,
2132 4638 2258 4705 jure
2303 4651 2367 4692 ac
2388 4635 2585 4691 merito
2619 4635 2801 4689 colere
2855 4633 3218 4704 venerarique
3242 4631 3435 4688 defen-

1855 4724 2261 4800 dunt):quidni
2294 4742 2446 4800 ergo,
2509 4727 2761 4797 turpibus
2793 4735 2849 4781 et
2906 4725 3147 4796 indignis
3207 4725 3435 4780 deorum

1856 4819 2076 4882 fabulis,
2107 4830 2368 4890 tanquam
2395 4818 2633 4873 infandis
2681 4826 2735 4873 et
2761 4816 2947 4887 impiis
2966 4817 3145 4872 valere
3165 4816 3436 4886 jussis,ac

1856 4912 2020 4968 simul
2051 4912 2206 4968 libris
2237 4911 2517 4977 omnibus,
2546 4910 2749 4981 quibus
2776 4917 2985 4964 tantum
3026 4908 3323 4978 impietatis
3370 4921 3435 4961 ac

1853 5004 2181 5077 ﬂagitiorum
2200 5004 2531 5067 continetur,
2550 5002 2798 5057 funditus
2828 4999 3225 5061 exterminatis,
3262 5014 3433 5052 unum

1855 5098 2143 5168 solumque
2166 5095 2360 5164 Deum,
2396 5096 2553 5166 122
2583 5110 2745 5166 quem
2777 5107 2973 5150 sensus
2996 5107 3106 5146 non
3163 5089 3381 5159 attingit
3414 5130 3432 5157 ,

1857 5188 1999 5245 nude
2026 5204 2092 5244 ac
2119 5189 2353 5253 sincere,
2392 5197 2446 5244 et
2479 5189 2685 5259 absque
2724 5186 2872 5243 foedo
2920 5197 3249 5255 quocunque
3287 5183 3432 5237 invo-

1857 5283 2010 5338 lucro
2068 5277 2394 5350 praedicant?
2424 5277 2539 5335 Hoc
2591 5279 2736 5335 enim
2783 5292 2879 5333 eos
2927 5276 3109 5330 facere
3168 5273 3429 5342 oportuit,

1856 5374 1952 5445 qui
1977 5388 2167 5428 verum
2208 5374 2609 5443 cognovissent,
2640 5387 2752 5425 non
2811 5377 2993 5424 autem
3054 5365 3429 5421 venerandum

1856 5502 2020 5558 quem
2073 5486 2256 5555 accepi
2286 5501 2332 5558 _a
2374 5484 2538 5558 R.P.
2568 5484 2774 5558 Iacobo
2820 5481 3148 5558 Sirmondo.
3175 5477 3431 5558 _Habetur

1855 5552 1953 5625 lib.
1991 5572 2044 5610 v1
2077 5552 2253 5612 codic.
2285 5555 2486 5620 Latini,
2514 5571 2637 5625 pag.
2669 5554 2794 5608 62f.
2825 5554 2933 5609 Sed
2960 5568 3082 5606 cum
3117 5552 3188 5605 ibi
3212 5564 3430 5625 quoque

1854 5624 2027 5682 Graeci
2054 5642 2244 5682 versus
2271 5629 2413 5680 male
2454 5618 2696 5681 distincti
2740 5632 2904 5689 sunt;
2932 5632 3049 5677 tum
3078 5618 3275 5681 versff
3310 5618 3365 5673 et
3395 5618 3431 5689 2

1854 5712 2141 5768 perperam
2195 5698 2388 5768 legitur
2420 5695 2575 5767 θυμῷ
2623 5711 2722 5765 pro
2776 5693 2984 5767 μισθῷ’
3015 5708 3160 5749 vers.
3187 5688 3429 5768 autem-5

1855 5757 2417 5838 ἓοχίάμπνοάννιηοιο
2450 5757 2789 5838 ρξἰιὲιεῐςὶιυιξ
2821 5757 2961 5823 vers.
2994 5772 3268 5836 postremo
3299 5757 3417 5813 trct-

1858 5832 2047 5910 σκηψέ
2064 5839 2260 5909 legitur
2284 5851 2383 5908 pro
2413 5832 2703 5909 ἐνέσκηψε.
