3858 6224
370 373 478 430 219

372 491 508 547 illud
538 488 636 545 Dei
674 501 874 544 nomen
937 487 1004 543 ad
1035 495 1246 557 turpes,

376 583 678 640 horrendas
712 581 926 637 fabulas
975 580 1213 650 abjicere
1247 598 1260 633 :
1295 579 1426 645 imo,
1458 592 1561 633 nec
1596 578 1654 632 in
1697 577 1932 649 tuguriis

376 677 688 747 abditisque
711 675 1056 730 tenebrarum
1085 673 1348 737 latibulis,
1376 679 1471 727 aut
1497 671 1750 726 excitatis
1778 669 1957 725 homi-

377 785 509 825 num
543 776 658 823 arte
703 766 1051 822 domunculis
1078 764 1403 834 semetipsos
1433 763 1734 825 includere,
1793 761 1957 832 quasi

379 861 551 915 Deum
583 861 730 914 intus
758 857 1026 928 reperturi
1051 865 1278 923 essent;
1317 870 1418 910 nec
1443 855 1500 910 in
1539 854 1851 910 simulacris
1888 868 1957 907 ex

380 953 623 1010 inanima
652 949 896 1006 conﬂatis
923 947 1169 1013 materia,
1197 947 1410 1002 divinas
1439 946 1668 1002 virtutes
1703 945 1958 1001 colendas

381 1064 526 1113 esse,
580 1046 782 1101 nedum
837 1043 1072 1099 terrenis
1125 1041 1452 1112 quibusdam
1501 1039 1630 1096 foedi
1676 1038 1957 1109 sanguinis

380 1140 699 1213 vaporibus,
734 1153 799 1193 ac
850 1151 1116 1194 caesarum
1142 1133 1505 1189 animantium
1549 1148 1766 1200 cruore,
1790 1131 1959 1187 veluti

378 1233 626 1306 jucundo
665 1230 906 1301 quodam
938 1227 1115 1284 oliicio
1143 1226 1568 1295 [conciliandum
1628 1224 1732 1280 sibi
1787 1223 1959 1278 Deum

383 1325 659 1381 arbitrari.
694 1321 899 1376 Verum
949 1328 1068 1375 erat
1090 1319 1281 1387 utique
1313 1318 1588 1387 sapientes
1609 1315 1767 1383 istos,
1798 1315 1962 1368 nihil-

385 1433 492 1490 que
519 1416 627 1471 nisi
656 1414 883 1470 arduum
911 1426 976 1467 ac
997 1411 1219 1467 cmleste
1245 1409 1558 1480 loquentes,
1593 1408 1744 1463 hisce
1781 1407 1962 1463 omni-

383 1511 490 1566 bus
518 1508 678 1579 quasi
703 1520 954 1562 errorum
1006 1502 1242 1558 vinculis
1279 1502 1610 1572 expeditos,-
1651 1502 1958 1556 humanum

384 1617 558 1673 genus
587 1601 795 1668 absque
823 1596 1030 1651 invidia
1076 1594 1244 1664 hujus
1276 1594 1332 1648 in
1377 1592 1648 1649 naturalis
1712 1591 1964 1660 specula-

383 1691 551 1746 tionis
577 1697 783 1758 partem
813 1701 876 1741 ac
909 1685 1225 1741 societatem
1255 1698 1483 1750 vocare;
1512 1681 1769 1752 nudoque
1830 1696 1963 1752 pro-

387 1800 455 1855 pe
484 1781 715 1839 dixerim
771 1778 950 1850 capite
1010 1778 1268 1832 omnibus
1329 1774 1650 1846 praedicare,
1700 1788 1812 1828 non
1847 1773 1962 1844 jam

1048 367 1326 428 EUSEBll
1358 364 1846 424 CAESARIENSIS
1883 364 2034 422 OPP.
2078 364 2259 422 PARS
2288 363 2365 420 ll.
2392 394 2461 406 --
2494 363 2998 422 APOLOGETICA.

3528 368 3637 428 220

1323 485 1644 556 ﬂagitiosus,
1697 484 1957 554 dictuque

2078 500 2142 536 ςιν
2185 483 2377 554 ἀτμοῖς
2415 482 2683 553 αἱμάτων,
2713 485 2806 536 καὶ
2849 483 3070 556 λύθρου,
3099 483 3194 537 καὶ
3236 485 3444 557 νεκρῶν
3483 486 3638 551 ζώων

2058 573 2275 645 αἵμασι,
2302 573 2673 644 κεχαρισμένα
2694 574 2772 645 τῷ
2801 573 2919 645 Θεῷ
2943 575 3203 646 πράττειν
3228 578 3486 648 νομίζειν.
3510 579 3642 634 Τού-

2057 682 2166 718 των
2194 665 2250 717 δὲ
2278 665 2553 729 ἁπάντων,
2579 665 2655 728 ὡς
2687 665 2754 718 ἂν
2783 665 2993 736 πλάνης
3017 665 3230 738 δεσμῶν
3252 667 3637 738 ἀπολυθέντας,

2058 755 2197 827 χρῆν
2229 755 2399 826 δήπου
2445 755 2573 818 τοὺς
2617 757 2813 826 σοφοὺς
2857 757 2952 810 καὶ
3003 758 3444 830 μετεωρολέσχας
3477 762 3642 815 πᾶσιν

2059 845 2370 918 ἀνθρώποις
2397 849 2498 918 τῆς
2527 849 2763 920 φυσικῆς
2795 848 3029 919 θεωρίας
3062 849 3308 919 ἀφθόνως
3345 855 3638 919 κοινωνεῖν,

2063 942 2343 1013 μονονουχὶ
2372 941 2593 1013 γυμνῶς
2620 942 3096 1014 προκηρύττοντας
3118 943 3289 997 ἅπασι
3322 944 3396 1015 μὴ
3427 945 3496 998 τά
3515 963 3644 1015 φαι-

2061 1034 2283 1104 νόμενα,
2325 1033 2416 1087 τὸν
2455 1035 2500 1087 δ’
2547 1035 2729 1106 ἀφανῆ
2777 1036 3106 1107 δημιουργὸν
3151 1037 3260 1090 τῶν
3303 1039 3644 1108 φαινομένων

2063 1125 2224 1198 μόνον
2265 1125 2696 1197 ἀποθαυμάζειν,
2738 1127 2834 1180 καὶ
2877 1126 2976 1191 τὰς
3019 1128 3283 1199 ἀοράτους
3329 1129 3493 1183 αὑτοῦ
3545 1132 3644 1184 καὶ

2061 1217 2386 1288 ἀσωμάτους
2429 1217 2688 1289 δυνάμεις
2729 1218 2975 1291 ἀοράτως
3018 1220 3115 1273 καὶ
3155 1219 3464 1291 ἀσωμάτως
3506 1221 3643 1294 θρη-

2063 1309 2298 1375 σκεύειν,
2330 1309 2392 1362 οὑ
2422 1309 2536 1381 πῦρ
2577 1310 2842 1382 ἅψαντας,
2877 1311 2998 1365 οὐδέ
3031 1329 3094 1382 γε
3124 1311 3276 1383 κριὸν
3323 1312 3419 1367 καὶ
3443 1312 3646 1385 ταῦρον

2063 1403 2418 1475 θυσαμένους,
2469 1403 2584 1458 ἀλλ’
2634 1404 2757 1458 οὐδὲ
2807 1405 3091 1474 στεφάνοις
3140 1405 3238 1458 καὶ
3287 1404 3514 1471 ξοάνοις,
3547 1406 3644 1459 καὶ

2062 1495 2204 1551 ναῶν
2232 1495 2538 1566 οἰκοδομαῖς
2567 1494 2629 1549 τὸ
2655 1496 2808 1549 Θεῖον
2835 1498 3001 1568 τιμᾷν
3023 1497 3330 1568 οἰομένους’
3364 1498 3648 1568 λογισμοῖς

2062 1584 2120 1638 δὲ
2161 1585 2590 1658 κεκαθαρμένοις
2617 1586 2712 1640 καὶ
2748 1587 3015 1659 δόγμασιν
3063 1589 3246 1660 ὀρθοῖς
3290 1591 3385 1645 καὶ
3421 1591 3648 1662 ἀληθέσι

2063 1678 2223 1731 τοῦτο
2257 1679 2617 1750 πράττοντας,
2655 1681 2714 1734 ὲν
2759 1681 2997 1754 ἀπαθείᾳ
3043 1682 3220 1754 ψυχῆς
3262 1683 3354 1738 καὶ
3395 1687 3460 1757 τῇ
3511 1685 3652 1755 πρὸς

2065 1769 2225 1824 αὐτὸν
2263 1770 2406 1824 κατὰ
2436 1771 2497 1825 τὸ
2541 1771 2765 1826 δυνατὸν
2803 1772 2906 1843 τῆς
2951 1773 3154 1844 ἀρετῆς
3192 1771 3468 1843 ὁμοιώσει.
3508 1772 3655 1825 Ἀλλ’

385 1877 488 1932 ista
524 1890 602 1940 se,
651 1887 774 1943 quae
819 1877 1118 1926 cernuntur
1176 1866 1372 1935 oculis,
1429 1866 1526 1922 sed
1570 1881 1698 1920 eum
1761 1866 1961 1933 solum,

2078 1861 2241 1926 )ὐδείς
2271 1879 2336 1931 γε
2383 1861 2624 1930 πώποτε,
2665 1865 2726 1918 ού
2767 1865 3063 1937 βάρϐαρος,
3094 1865 3194 1937 οὐχ
3227 1865 3447 1937 Ἕλλην,
3483 1867 3656 1919 πᾶσιν

385 1980 548 2036 quem
580 1977 741 2018 nemo
772 1960 973 2025 videat,
1025 1959 1254 2015 istorum
1318 1956 1562 2010 omnium
1606 1956 1963 2011 architectum

388 2054 686 2124 suspicere,
713 2065 778 2106 ac
799 2048 964 2105 simul
990 2045 1282 2103 facultates
1311 2045 1431 2115 ejus
1478 2045 1830 2113 incorporeas
1869 2058 1964 2099 as-

387 2154 717 2218 pectumque
746 2141 1036 2212 fugientes,
1070 2138 1222 2193 cultu
1251 2136 1456 2206 pariter
1486 2149 1662 2205 neque
1678 2149 1964 2204 corporeo,

389 2251 569 2308 neque
605 2235 852 2291 sensibus
891 2236 1054 2292 obvio
1089 2229 1333 2286 venerari
1367 2247 1382 2283 :
1457 2240 1638 2297 neque
1685 2225 1798 2297 jam
1841 2224 1966 2294 igne

390 2343 678 2394 succenso,
725 2341 903 2396 neque
959 2323 1220 2379 arietibus
1254 2320 1492 2377 taurisve
1535 2316 1812 2384 mactatis,
1857 2320 1967 2370 imo

391 2435 572 2490 neque
597 2418 854 2482 coronis,
908 2430 1083 2485 neque
1119 2412 1310 2485 signis,
1380 2425 1557 2482 neque
1638 2409 1966 2478 templorum

387 2510 890 2570 substructionibus
949 2507 1196 2562 divinum
1223 2502 1437 2558 Numen
1485 2502 1774 2558 colendum
1818 2507 1974 2570 puta-

387 2619 474 2668 re,
507 2608 601 2658 sed
632 2608 857 2671 purgata
880 2606 1063 2653 mente
1089 2612 1224 2652 sana
1246 2609 1482 2664 veraque
1509 2594 1969 2658 doctrina,vacuo

389 2693 896 2769 perturbationibus
925 2692 1128 2756 animo,
1156 2689 1266 2744 vita
1292 2687 1525 2758 denique
1552 2701 1672 2753 sua,
1700 2693 1968 2755 quantum

392 2789 603 2846 homini
637 2787 719 2843 fas
747 2794 852 2851 est,
876 2785 943 2840 ad
969 2784 1208 2840 divinam
1245 2783 1390 2838 illius
1414 2780 1707 2852 imaginem
1747 2779 1966 2833 virtutis

390 2895 495 2953 0pc
510 2879 1086 2945 conformanda,suum
1105 2877 1154 2930 ci
1179 2875 1384 2930 cultum
1409 2873 1685 2929 exhibere.
1709 2871 1780 2926 At
1807 2886 1968 2926 nemo

392 2989 547 3040 sane,
584 2974 698 3028 sive
733 2973 1019 3036 barbarus,
1045 2969 1161 3025 sive
1195 2969 1438 3032 Graecus,
1459 2968 1700 3021 humano
1723 2979 1964 3034 unquam

393 3066 579 3136 generi
602 3066 818 3136 signum
850 3065 918 3120 ad
946 3062 1194 3118 veritatis
1224 3061 1387 3130 hujus
1424 3058 1674 3113 notitiam
1699 3056 1923 3112 sustulit
1949 3075 1963 3110 :

2070 1953 2378 2026 ἀνθρώποις
2407 1954 2613 2027 ταύτης
2643 1957 2880 2029 κατῆρξε
2913 1957 3013 2028 τῆς
3035 1952 3320 2029 ἆληθείας,
3357 1957 3389 2030 ἢ
3427 1957 3582 2029 μόνος
3623 1958 3658 2012 ὁ

2069 2045 2339 2116 ἡμέτερος
2371 2046 2591 2119 Σωτὴρο
2622 2047 2681 2110 ὃς
2724 2047 2810 2119 δὴ,
2837 2048 2938 2120 τῆς
2991 2048 3232 2113 παλαιᾶς
3261 2048 3470 2118 πλάνης
3517 2050 3659 2102 πᾶσι

2069 2139 2183 2200 τοῖς
2207 2137 2413 2191 ἔθνεσιν
2437 2138 2723 2211 ἀποφυγὴν
2751 2139 3124 2212 προκηρύξας,
3150 2144 3264 2206 τοῖς
3291 2143 3458 2196 πᾶσιν
3485 2141 3662 2211 ἀφθό-

2071 2245 2176 2291 νως
2197 2227 2394 2299 εὕρατο
2421 2229 2518 2301 τὴν
2547 2229 2686 2300 πρὸς
2712 2231 2802 2284 τὸν
2833 2231 3010 2303 ἀληθῆ
3036 2232 3130 2286 καὶ
3153 2233 3312 2304 μόνον
3343 2232 3450 2286 τῶν
3481 2233 3662 2286 ἁπάν-

2071 2337 2180 2375 των
2211 2320 2343 2375 Θεὸν
2374 2323 2711 2395 ἐπιστροφήν
2739 2342 2801 2379 τε
2823 2325 2918 2378 καὶ
2940 2325 3240 2380 εὐσέϐειαν.
3276 2329 3338 2380 Οἱ
3365 2327 3422 2380 δέ
3447 2343 3530 2379 τοι
3559 2325 3663 2380 ἄλ-

2071 2410 2153 2465 λοι
2185 2411 2337 2480 σοφοὶ
2377 2411 2472 2466 τοῦ
2513 2412 2627 2483 βίου
2661 2413 2759 2485 τὴν
2831 2415 3094 2471 ἀνωτάτω
3115 2416 3432 2486 φιλοσοφίαν
3479 2417 3660 2487 αὐχή-

2075 2520 2284 2569 σαντες,
2377 2523 2540 2577 φησιν
2567 2508 2594 2558 ό
2622 2507 2764 2572 θεῖος
2784 2509 3134 2574 Ἀπόστολος,
3184 2513 3434 2580 γνόντες
3478 2511 3652 2572 Θεὸν,

2072 2597 2186 2666 οὐχ
2214 2598 2293 2664 ὡς
2337 2599 2484 2652 Θεὸν
2522 2600 2850 2667 ἐδόξασαν,
2887 2601 2925 2672 ἣ
2971 2604 3468 2672 ηὐχαρίστησαν
3513 2604 3664 2660 ἀλλ’

2071 2686 2523 2756 ἐματαιώθησαν
2549 2691 2617 2744 ἐν
2639 2692 2763 2758 τοῖς
2777 2695 3094 2763 λογισμοῖς
3116 2695 3336 2760 αὐτῶν,
3360 2697 3457 2750 καὶ
3480 2699 3666 2752 ἐσκο-

2073 2780 2248 2847 τίσθη
2273 2781 2311 2849 ἡ
2344 2781 2640 2850 ἀσύνετος
2675 2785 2873 2839 αὐτῶν
2901 2788 3133 2854 καρδία.
3166 2788 3479 2856 Φήσαντες
3509 2791 3666 2860 γοῦν

2073 2868 2226 2928 εἶναι
2249 2874 2449 2943 σοφοὶ,
2473 2875 2926 2946 ἐμωράνθησαν,
2957 2881 3056 2934 καὶ
3084 2881 3527 2949 ἐσεϐάσθησαν,
3557 2883 3667 2936 καὶ

2073 2964 2448 3034 ἐλάτρευσαν
2491 2968 2569 3037 τῇ
2609 2971 2803 3024 κτίσει
2843 2975 3006 3040 παρὰ
3055 2975 3162 3028 τὸν
3211 2977 3538 3042 κτίσαντα,
3595 2976 3667 3045 ὃς

2075 3057 2245 3110 ἐστιν
2271 3059 2598 3128 εὐλογητὸς
2623 3063 2710 3127 εἰς
2732 3062 2872 3128 τοὺς
2896 3065 3135 3131 αἰῶνας.

393 3159 491 3214 uni
518 3160 632 3214 haec
667 3158 944 3214 Servatori
991 3165 1181 3211 nostro
1213 3155 1385 3226 gratia
1415 3153 1658 3219 debetur,
1708 3151 1953 3221 quicum
1989 3152 2193 3208 erroris
2253 3155 2463 3223 antiqui
2496 3155 2681 3226 fugam
2742 3159 3013 3215 universis
3039 3161 3290 3232 gentibus
3323 3161 3675 3231 praedicavit,

393 3263 509 3309 tum
545 3254 707 3308 etiam
735 3253 942 3322 absque
971 3250 1171 3305 invidia
1191 3257 1393 3304 rectam
1425 3247 1682 3303 omnibus
1725 3245 1793 3300 ad
1842 3260 2034 3300 verum
2073 3246 2352 3312 omnium,
2389 3250 2676 3321 solumque
2695 3253 2862 3308 Deum
2886 3253 3026 3307 viam
3050 3265 3212 3323 atque
3239 3253 3490 3323 pietatem
3519 3253 3665 3306 indi-

394 3347 561 3402 cavit.
595 3345 796 3400 Contra
844 3356 985 3399 vero‘
1026 3341 1298 3412 sapientes
1365 3340 1478 3404 isti,
1525 3339 1619 3409 qui
1654 3345 1807 3391 tanto
1839 3335 1983 3391 fastu
2023 3338 2298 3392 caelestem
2358 3343 2651 3410 quamdam
2681 3343 2736 3397 in
2797 3345 3128 3400 moderanda
3171 3345 3279 3399 vita
3323 3345 3674 3414 prudentiam

392 3435 741 3507 iactitabant,
792 3451 912 3488 cum
944 3432 1114 3486 Deum
1176 3430 1534 3501 cognovissent
1567 3429 1587 3497 (
1617 3437 1677 3482 ut
1702 3426 1920 3481 divinus
1978 3425 2218 3497 loquitur
2274 3429 2616 3504 Apostolus)
2655 3451 2758 3489 non
2802 3436 2940 3489 sicut
3001 3435 3168 3490 Deum
3215 3436 3674 3506 gloriﬁcarcrunt.

396 3537 493 3585 aut
539 3529 741 3597 gratias
792 3535 1026 3597 egerunt,
1051 3523 1141 3578 sed
1185 3529 1508 3576 evanuerunt
1567 3521 1623 3574 in
1648 3518 2056 3589 cogitationibus
2097 3521 2229 3587 suis,
2267 3531 2316 3576 et
2356 3522 2704 3592 obscuratumj
2734 3537 2811 3581 est
2864 3527 3118 3597 insipiens
3171 3544 3262 3581 (or
3312 3544 3510 3582 eorum.
3575 3527 3683 3582 Di—

395 3631 568 3676 centes
625 3622 765 3674 enim
814 3636 868 3674 se
904 3635 1014 3672 esse
1069 3618 1349 3687 sapientes,
1411 3612 1563 3668 stulti
1617 3613 1747 3684 [acti
1822 3621 1944 3667 sunt
1971 3620 2006 3677 ;‘
2059 3624 2108 3668 et
2171 3601 2467 3687 coluerunt,
2505 3628 2556 3673 et
2609 3621 2902 3676 servierunt
2969 3602 3227 3677 creatura:
3272 3623 3447 3694 potius
3506 3638 3679 3692 quam

398 3716 659 3784 Creatori,
689 3717 779 3786 qui
817 3725 897 3770 est
935 3714 1234 3769 benedictus
1261 3713 1316 3766 in
1343 3710 1538 3768 swcula
1563 3710 1630 3764 “.

891 3807 1047 3877 123
1095 3803 1321 3860 CAPUT
1353 3803 1494 3859 xw.

400 3900 700 3962 Fabuloaas
733 3900 797 3955 de
827 3899 932 3954 diis
964 3900 1296 3953 narrationes
1336 3897 1400 3950 ab
1431 3896 1552 3952 aliis
1577 3895 1708 3964 ipsis
1741 3896 1981 3968 coargui,

887 3970 978 4040 qui
1000 3980 1183 4023 contra
1193 3969 1275 4022 ria
1301 3968 1526 4038 faciant.

473 4063 768 4118 Enimvero
797 4072 920 4133 post
946 4063 1164 4133 longam
1208 4061 1359 4115 illam
1387 4068 1443 4115 et
1476 4061 1711 4130 spissam
1742 4060 1986 4131 philoso-

401 4157 545 4228 phiae
594 4156 1146 4222 commentationem,
1196 4163 1321 4223 post
1379 4154 1658 4222 spcciosas
1713 4153 1780 4208 de
1823 4154 1988 4210 rebus

404 4251 522 4304 sive
573 4247 887 4303 coelestibus
917 4289 933 4315 ,
997 4247 1110 4302 sive
1159 4245 1504 4300 naturalibus
1565 4244 1984 4314 disputationes,

403 4355 471 4396 ex
499 4339 591 4393 illo
619 4339 858 4393 culmine
881 4377 896 4403 ,
937 4337 1018 4392 sic
1067 4347 1323 4408 tanquam
1353 4353 1419 4392 ex
1449 4336 1718 4392 altissimo
1749 4336 1988 4406 quodam

405 4431 610 4486 montis
653 4430 855 4484 vertice
892 4429 1166 4500 prolapsi,
1208 4429 1363 4483 humi
1407 4429 1666 4498 deinceps
1700 4443 1826 4482 cum
1868 4426 1988 4495 ipsa

405 4522 684 4596 plebecula
718 4521 948 4575 volutari
975 4559 990 4586 ,
1036 4521 1346 4590 promiscue
1389 4520 1460 4575 ad
1493 4529 1738 4575 veterum
1771 4519 1838 4572 de
1869 4518 1991 4588 plu-

405 4615 561 4673 ribus
601 4613 707 4668 diis
749 4627 990 4667 errorem
1017 4627 1136 4667 sese
1174 4625 1503 4682 aggregare,
1534 4609 1770 4679 denique
1799 4609 1988 4663 eadem

406 4720 468 4763 se
509 4719 633 4773 quae
677 4701 871 4772 vulgus
919 4700 1098 4770 ipsum
1138 4697 1387 4767 opinari,
1433 4696 1630 4767 partim
1680 4694 1987 4762 sacriﬁciis,

407 4796 605 4869 partim
665 4793 1088 4849 simulacrorum
1137 4791 1287 4846 cultu
1339 4789 1639 4854 simulare;
1690 4802 1800 4857 quo
1863 4787 1988 4857 qui-
2036 4803 2039 4805 ·

407 4890 532 4946 dem
591 4885 840 4955 exemplo
905 4884 1184 4955 vulgarem
1256 4881 1539 4936 hominum
1598 4879 1667 4935 de
1725 4877 1990 4933 fabulosis

407 4983 635 5039 deorum
701 4977 1108 5034 narrationibus
1165 4991 1386 5031 sensum
1435 4983 1489 5030 et
1533 4972 1988 5029 existimationem

408 5074 682 5144 augebant
719 5071 924 5135 simul,
977 5083 1042 5124 ac
1085 5069 1258 5140 magis
1306 5065 1590 5138 magisque
1635 5063 1988 5120 roborabant.

2601 3805 2996 3862 ΚΕΦΑΛΑΙΟΝ
3042 3811 3163 3863 ΙΔ’.’

2090 3898 2208 3952 ’Ότι
2249 3896 2357 3964 τὰς
2378 3897 2637 3966 μυθικὰς
2680 3903 2818 3974 περὶ
2865 3899 3028 3974 θεῶν
3058 3903 3380 3974 διηγήσεις
3412 3903 3678 3974 ἁπελέγκ

2408 3986 2628 4038 χουσιν
2667 3971 2912 4025 ἐναντία
2953 3971 3330 4041 πράττοιτες.

2157 4059 2314 4114 Μετὰ
2338 4060 2470 4130 γοῦν
2502 4063 2600 4134 τὴν
2620 4063 2846 4141 ,μακρὰν
2869 4066 2962 4118 καὶ
2991 4065 3190 4138 πολλὴν
3213 4065 3550 4137 φιλοσοφίαν,
3577 4066 3685 4120 καὶ

2091 4151 2230 4224 μετά
2271 4152 2372 4216 τὰς
2427 4154 2630 4224 σεμνάς
2679 4158 3110 4228 μετεωρολογίας
3154 4160 3249 4213 καὶ
3300 4159 3682 4230 φυσιολογίας,

2089 4249 2294 4303 ἄνωθέν
2328 4248 2512 4316 ποθεν,
2548 4249 2624 4313 ὡς
2648 4250 2742 4319 ἀφ’
2769 4251 3110 4324 ὑψηλοτάτης
3141 4252 3467 4324 ἀκρωρείας,
3504 4268 3690 4304 κατα-

2089 4341 2399 4406 πίπτοντες,
2428 4344 2525 4396 σὺν
2551 4345 2667 4405 τοῖς
2699 4341 2922 4414 πλήθεσι
2945 4343 3328 4414 κατεσύροντο,
3357 4343 3451 4396 καὶ
3470 4345 3536 4413 τῇ
3562 4342 3687 4396 τῶν

2091 4432 2336 4487 παλαιῶν
2369 4432 2615 4504 πολυθέῳ
2658 4431 2834 4504 πλάνῃ
2885 4433 3268 4504 συνεφύροντο,
3310 4433 3377 4486 τὰ
3402 4436 3516 4496 τοῖς
3546 4433 3688 4485 πο).-

2088 4525 2199 4590 λοῖς
2219 4527 2399 4598 ὅμοια,
2419 4525 2507 4580 διὰ
2527 4526 2621 4580 τοῦ
2640 4526 2788 4580 θύειν
2815 4527 2906 4580 καὶ
2923 4530 3034 4590 τοῖς
3050 4527 3258 4593 ξοάνοις
3283 4527 3682 4597 προσπίπτειν,

2089 4617 2333 4682 δοξάζειν
2371 4616 2812 4689 ὑποκρινόμενοι,
2845 4616 3098 4682 αὖξοντές
3130 4634 3190 4670 τε
3224 4618 3315 4671 καϊ
3353 4616 3432 4670 ἔτι
3475 4617 3689 4687 μᾶλλον

2091 4709 2449 4782 κρατύνοντες
2490 4712 2590 4782 τὴν
2633 4709 2854 4782 δημώδη
2891 4710 2999 4764 τῶν
3041 4710 3284 4782 μυθικῶν
3321 4709 3688 4782 διηγημάτων

2092 4803 2221 4874 περὶ
2249 4803 2386 4857 θεῶν
2418 4803 2705 4873 ὑπόληψιν.
2746 4802 2871 4867 Πῶς
2908 4797 3000 4858 οὖν
3037 4804 3138 4857 οὐκ
3167 4802 3232 4856 ἂν
3258 4799 3366 4856 εἷεν
3392 4806 3503 4867 τοῖς
3539 4805 3690 4857 πᾶσι

2091 4892 2366 4965 πρόδηλοι,
2393 4892 2873 4964 σεμνολογούμενοι
2902 4894 3000 4964 μὲν
3025 4896 3145 4957 ταῖς
3169 4893 3554 4963 φυσιολογίαις,
3580 4896 3690 4951 καὶ

2095 4983 2254 5054 μέχρι
2278 4983 2451 5052 λόγων
2476 4983 2544 5037 τά
2566 4984 2766 5056 αἰσχρὰ
2792 4983 3221 5049 καλλωπίζοντες
3247 4987 3313 5056 τῇ
3344 4989 3683 5058 παρατροπῇ

2092 5077 2190 5147 τῆς
2231 5076 2504 5148 ἀληθείας,
2557 5077 2738 5149 ἔργοις
2780 5077 2825 5130 δ’
2866 5079 3049 5141 αὐτοῖς
3099 5079 3200 5150 τὴν
3247 5078 3480 5150 μυθικὴν
3527 5097 3689 5134 συνι-

411 5163 614 5235 Ecquis
641 5164 808 5235 igitur
847 5177 960 5217 non
1002 5161 1164 5232 plane
1203 5158 1423 5225 videat,
1459 5155 1693 5227 speciem
1745 5169 1841 5210 eos
1891 5153 1971 5206 ali-

2097 5168 2328 5232 στῶντες
2370 5169 2579 5239 πλάνην
2632 5171 2727 5224 καὶ
2771 5169 2869 5242 τὴν
2908 5169 3191 5242 πάνδημον
3222 5170 3686 5242 δεισιδαιμονίαν;

412 5271 576 5326 quam
602 5255 882 5326 gravitatis
918 5267 1018 5309 sua
1049 5251 1153 5307 ista
1179 5248 1520 5321 physiologia
1543 5246 1990 5316 quaesiisse,ver-

412 5347 606 5416 bisque
633 5355 791 5400 tenus
813 5344 1141 5416 ﬂagitiorum
1173 5339 1588 5411 turpitudinem,
1620 5335 1989 5406 detorquenda

413 5454 598 5493 rerum
627 5439 858 5492 veritate
886 5437 1182 5501 colorasse,
1217 5434 1311 5504 qui
1344 5448 1506 5502 opere
1535 5432 1652 5502 ipso
1680 5430 1988 5485 fabulosum

413 5543 656 5583 errorem
685 5568 700 5592 ,
747 5540 1207 5597 communemque
1257 5524 1503 5580 omnium
1549 5521 1990 5592 superstitionem

417 5619 848 5677 confirmarent?
913 5618 1238 5688 Quanquam
1287 5617 1488 5674 mirum
1537 5614 1592 5672 id
1642 5628 1775 5673 sane
1820 5611 1993 5670 videri

489 5807 537 5842 ”
565 5803 722 5861 Rom.
757 5819 795 5870 ι,
832 5801 916 5868 12,
952 5800 1042 5868 Q2,
1076 5800 1168 5856 25.

2096 5259 2208 5311 Καὶ
2239 5259 2450 5312 οὐδέπω
2481 5258 2640 5313 τοῦτο
2673 5259 3017 5331 θαυμαστὸν,
3061 5263 3149 5315 ὅτι
3191 5262 3287 5316 καὶ¹
3320 5262 3517 5326 αὐτοὺς
3546 5263 3692 5317 ἀνα-

2096 5349 2367 5421 γράφουσι
2390 5352 2518 5414 τοὺς
2535 5352 2748 5406 ἑαυτῶν
2779 5352 2934 5418 θεοὺς
2961 5355 3084 5417 ταῖς
3111 5353 3242 5426 περὶ
3261 5353 3441 5407 αὐτῶν
3471 5371 3696 5424 συμφε-

2100 5437 2361 5510 ρομένους
2401 5440 2765 5512 μυθολογίαις.
2811 5443 3012 5497 Ἀκουε
3050 5443 3201 5513 γοῦν,
3235 5445 3385 5509 ὅπως
3415 5447 3444 5498 ὁ
3489 5445 3694 5500 Ἀπόλ-

2097 5532 2205 5587 λων
2227 5533 2390 5598 αὑτὸς
2418 5535 2548 5607 περὶ
2579 5535 2774 5590 ἑαυτοῦ
2806 5536 3044 5590 διδάσκει
3079 5537 3269 5608 ὕμνον,
3295 5537 3354 5592 ὃν
3382 5537 3461 5601 εἰς
3487 5538 3691 5594 ἑαυτὸν

2097 5625 2376 5695 ἐξέδωκεν,
2398 5627 2676 5700 ὁμολογῶν
2701 5631 2759 5684 ἐν
2784 5629 2939 5703 Δήλῳ
2961 5634 3027 5703 τῇ
3049 5631 3198 5704 νήσῳ
3225 5631 3331 5685 ὑπὸ
3352 5630 3560 5703 Λητοῦς
3587 5649 3695 5702 γε-
