3858 6224
232 421 314 476 εει
1345 409 1668 470 PREPAR.
1709 409 1823 466 EVl

1928 409 1965 463 ἶ.
2009 406 2136 462 LIB.
2170 404 2256 461 lll.
3357 400 3467 456 9.22

231 539 503 608 τεννῆσθαιο
531 538 623 592 καὶ
652 537 812 590 πάλιν
841 538 870 590 6
907 536 1231 607 Ἀσκληπιὸς
1253 537 1308 590 ὲν
1338 530 1667 606 Τρίκκῃ(7)·
1698 529 1775 593 ὡς
1807 551 1823 587 Α

1928 545 1994 584 οη
2051 526 2255 591 debet,
2303 538 2430 579 cum
2483 537 2553 578 ex
2615 537 2805 578 eorum
2854 521 3073 592 scriptis
3119 518 3468 584 habeamus,

231 637 310 686 καὶ
341 629 534 701 Ἐρμῆς
562 631 810 700 τετέχθαι
842 628 1118 701 ὁμολογῶν
1141 627 1250 681 ἀπὸ
1271 627 1371 696 τῆς
1401 625 1601 686 Μαίας.
1636 621 1778 694 Γρά-

1928 635 2101 676 )arsas
2146 617 2213 672 de
2260 616 2366 672 diis
2412 615 2627 670 fabulas
2675 615 2904 670 deorum
2957 614 3202 683 ipsorum
3240 611 3469 665 vocibus

231 741 304 794 φει
333 723 383 776 δὲ
408 725 434 775 6
461 722 764 794 Πορφύριος
791 723 884 776 καὶ
911 721 1104 784 ταῦτα,
1135 722 1192 773 ὲν
1220 715 1301 782 οἷς
1332 716 1612 788 ἐπέγραψε
1646 713 1777 785 περὶ

1928 708 2250 780 improbari.
2303 707 2446 762 Audi
2497 722 2671 778 ergo,
2724 705 3188 777 quemadmodum
3238 703 3469 774 ipsemet

232 816 313 884 τῆς
341 816 397 866 ἐκ
431 813 620 882 λογίων
667 813 1003 882 φιλοσοφίας,
1052 811 1183 866 ἔνθα
1229 809 1326 866 καὶ
1362 808 1470 862 τῶν
1513 805 1779 880 χρησμῶν

1930 803 2093 874 pollo,
2127 815 2290 870 quem
2321 799 2389 854 de
2429 813 2489 853 se
2523 798 2644 867 ipso
2690 797 2956 868 hymnum
2988 796 3199 862 edidit,
3243 804 3472 849 caeteros

233 908 602 976 ἐμνημόνευσεν
631 901 734 960 ὧδέ
770 925 886 970 πως
915 907 1165 977 ἐχόντων·

1928 904 2116 957 oeeat,
2166 891 2260 946 ubi
2306 905 2366 944 se
2415 889 2470 943 in
2517 887 2650 943 Delo
2704 888 2884 943 insula
2939 896 3128 941 natum
3169 903 3237 941 ex
3263 885 3472 940 Latona

234 1003 507 1064 conﬁtetur,
535 1003 622 1057 cui
651 1002 1020 1071 Esculapium
1047 1017 1113 1056 ac
1141 999 1468 1056 Mercurium
1497 996 1892 1067 adjungemus,
1958 1002 2193 1058 quorum
2225 985 2378 1056 alter;
2400 982 2643 1047 Tricca,
2691 983 2830 1036 alter
2883 996 2952 1036 ex
3012 980 3153 1035 Maia
3213 995 3472 1050 procrea-

236 1108 328 1152 tum
372 1114 424 1152 se
477 1113 596 1153 esse
641 1098 979 1168 pronuntiat.
1041 1095 1214 1153 liabet
1241 1097 1415 1170 etiam
1456 1095 1561 1151 ista
1607 1087 1986 1161 Porphyrius,
2045 1083 2101 1138 in
2144 1082 2214 1137 iis
2240 1120 2255 1146 ,
2311 1094 2434 1150 quae
2469 1079 2537 1134 de
2578 1079 2776 1134 hausta
2837 1092 2905 1132 ex
2969 1076 3197 1132 deorum
3248 1088 3480 1145 respou-

237 1192 300 1247 sis
357 1192 694 1262 philosophia
744 1192 1004 1262 scripsit,
1050 1191 1145 1246 ubi
1198 1191 1544 1259 sequentium
1587 1185 1939 1243 oraculorum
1975 1175 2251 1240 meminit,

437 1285 604 1363 μέγα.
614 1282 764 1363 sitiat
783 1283 994 1363 χάρμα
1013 1283 1352 1363 βροτοῖσιζ,

366 1355 490 1408 Ἀπὸ
521 1355 653 1426 σῶν
684 1355 858 1422 ιερῶν
876 1355 1147 1426 ⁸ματέρος
1178 1355 1370 1426 ἁγνᾶς

355 1425 664 1494 Προθορὼν
688 1424 963 1479 τοκετῶν.

241 1534 320 1604 οἷς
341 1540 594 1608 ἐπιλέγει·

370 1657 513 1722 Ἀλλ’
546 1657 649 1710 ὅτε
679 1656 850 1711 Λατὼ
872 1657 1012 1724 ὠδὶς
1044 1655 1170 1726 ἱερὰ

357 1727 593 1787 Adfecta
621 1727 811 1790 πᾶσα,
844 1726 1299 1796 όροθυνομένων

361 1797 623 1864 Διδύμων
648 1795 907 1851 τοκετῶν
941 1795 1148 1851 ἐνδοθε
1175 1797 1251 1867 (8)
1278 1795 1514 1867 σηκῶν,

366 1869 594 1954 ζέοντατο
625 1868 744 1946 yet:
770 1868 908 1937 γαῖα
934 1867 1030 1954 (9),
1061 1865 1280 1947 ἵστατο
1297 1865 1510 1954 δ’γάὴρ,

358 1937 632 2006 Πάγνυτο
663 1937 873 2004 νᾶσος,
910 1937 1176 2006 miri-vro
1208 1937 1386 2006 κῦμα·

372 2007 496 2060 Ἇνὰ
525 2007 584 2059 δ’
613 2007 909 2078 ἐξέθορες,
930 2007 1108 2078 μάντι
1142 2007 1446 2078 Λυκωρεῦ,

367 2079 587 2141 Τοξότα
614 2077 808 2142 Φοῖϐε,
843 2076 994 2132 κατὰ
1023 2076 1469 2148 χρησμολὰλαη·

365 2148 625 2202 Barzala)
659 2147 971 2216 τριπόδων.

245 2346 338 2400 Καὶ
364 2349 392 2400 ὁ
433 2347 768 2418 Ἀσκληπιὸς
799 2347 960 2401 πάλιν
992 2348 1120 2401 περὶ
1147 2347 1362 2402 ἑαυτοῦο

306 2461 538 2527 Τρίκκης
575 2459 646 2523 ἐξ
672 2458 836 2527 ἱερῆς
867 2461 989 2524 ῆκω
1025 2462 1179 2524 θεὸς,
1209 2458 1281 2512 ὅν
1314 2473 1458 2512 ποτε
1476 2458 1695 2528 μήτηρ,

303 2533 474 2596 φοίϐῳ
495 2530 973 2591 ὐετευνασθεῑσα,
1005 2530 1141 2582 κυεῖ
1171 2531 1392 2597 σοφίας
1409 2528 1705 2596 βασιλῆα,

307 2601 482 2668 Ἰδριν
503 2601 774 2668 ὶητορίης
809 2600 1189 2668 Ἀσκληπιόν,
1227 2601 1403 2654 Ἀλλὰ
1423 2600 1481 2653 τί
1503 2601 1734 2668 πεύθῃ;

254 2753 304 2810 '0
333 2757 375 2810 δ’
416 2757 623 2829 Ἐρμῆς
656 2773 840 2828 φησιν·

223 2907 230 2914 -
311 2875 400 2938 Ὃς
417 2873 469 2927 δ’
492 2872 632 2942 ἐγὼ,
660 2871 735 2925 ὃν
755 2873 1010 2937 καλέεις,
1038 2871 1232 2942 Ζηνὸς
1252 2869 1355 2924 καὶ
1371 2870 1635 2942 Μαιάδος
1656 2871 1804 2937 υίὸς,

317 2943 517 3013 Ἑρμῆς
534 2940 648 3014 (10)
675 2941 1008 3010 προϐέϐηκα
1027 2941 1222 2996 λιπὼν
1243 2941 1533 3010 ἁστραῒον
1560 2940 1808 2996 ἄνακτα.

251 3039 346 3094 Καὶ
373 3041 429 3093 τὸ
457 3038 596 3104 εἶδος
633 3039 694 3092 δὲ
741 3037 952 3092 ἑαυτῶν
989 3037 1366 3110 ὑπογράφουσι
1393 3036 1489 3090 τοῦ
1515 3039 1814 3108 σχήματος,

252 3131 418 3206 ὥσπερ
447 3136 474 3186 6
499 3133 619 3186 Πὰν
642 3132 740 3186 καὶ
761 3130 922 3194 αὐτὸς
945 3131 1002 3184 ὲν
1026 3132 1296 3201 χρησμοῖς
1313 3129 1442 3200 περὶ
1471 3128 1664 3181 ἑαυτοῦ
1689 3128 1812 3182 τάδε

253 3216 381 3285 λέγει
406 3219 678 3272 διδάσκων
697 3236 712 3250 ’
743 3220 1006 3288 Εὔχομαι
1025 3219 1248 3286 ,βροτὸς
1273 3217 1456 3288 γεγὼς
1482 3215 1635 3270 Πανὶ
1661 3231 1814 3286 συμ·
1841 3263 1883 3319 C

255 3313 401 3378 ρύτῳ
439 3311 568 3377 θεῷ,
595 3309 1006 3378 δισσοκέρατι,
1029 3307 1371 3373 δισσόποδι,
1398 3305 1811 3377 τραγοσκελεῖ,

255 3397 546 3470 τρυφῶντι.
584 3401 777 3455 Ταῦτα
810 3403 868 3455 ἐν
898 3402 1229 3474 ἀπορρήτοις
1261 3400 1359 3470 τῆς
1398 3403 1462 3453 ἐκ
1498 3399 1692 3468 λογίων
1726 3417 1816 3468 φιο

257 3493 487 3563 λοσοφίας
536 3497 565 3546 ὁ
607 3493 872 3564 δηλωθεὶς
913 3493 1051 3564 ἀνὴρ
1089 3493 1346 3546 τέθειται.
1390 3492 1582 3546 Οὐκέτ’
1631 3493 1739 3566 ἄρα
1787 3493 1818 3545 6

258 3584 358 3637 113w
393 3585 664 3656 σύμὸολον
694 3581 763 3656 ἦν
809 3583 903 3637 τοῦ
939 3583 1156 3647 παντὸς,
1185 3583 1394 3654 δαίμων
1434 3583 1479 3636 δ’
1521 3582 1588 3636 ἂν
1620 3583 1705 3654 εἴη
1735 3600 1819 3646 τις

257 3676 472 3742 τοιοῦτος
489 3719 504 3742 ,
531 3672 649 3742 οἷος
683 3678 777 3730 καὶ
815 3677 1250 3748 ὑπογέγραπται,
1275 3677 1304 3728 6
1331 3675 1422 3728 καὶ
1447 3675 1538 3729 τὸν
1570 3675 1818 3748 χρησμὸν

258 3769 442 3834 ἐκδούς.
481 3770 557 3824 Οὐ
593 3768 710 3840 γὰρ
745 3768 810 3840 δὴ
852 3768 914 3821 τὸ
954 3771 1096 3834 πᾶν,
1124 3769 1218 3821 καὶ
1265 3769 1294 3820 6
1345 3767 1566 3840 σύμπας
1616 3768 1819 3838 κόσμος

259 3860 436 3932 ἔχρησε
471 3862 542 3916 τὰ
581 3861 944 3932 προκείμενα.
983 3860 1184 3913 Τούτου
1230 3860 1518 3932 τοιγαροῦν
1567 3860 1660 3914 τοῦ
1703 3860 1822 3914 δαί-

261 3969 421 4022 μονος,
449 3954 567 4007 ἀλλ’
598 3953 666 4007 οὐ
696 3953 790 4006 τοῦ
826 3953 1022 4016 παντὸς
1057 3952 1157 4024 τὴν
1187 3952 1368 4006 εἰκόνα
1407 3952 1824 4016 ὲκτυπώσαντες

259 4045 447 4116 ἄνδρες,
471 4047 534 4100 τὸ
558 4046 1054 4118 προγεγραμμένον
1093 4045 1432 4116 ἐμιμήσαντο
1473 4044 1680 4116 σχῆμα.
1711 4045 1825 4097 Καὶ

261 4133 286 4185 6
318 4134 514 4205 Ἐρμῆς
541 4136 601 4188 δὲ
632 4134 752 4198 πῶς
781 4134 848 4188 ἂν
871 4138 1039 4187 νοοῖτο
1066 4135 1095 4188 6
1121 4134 1232 4207 τῶν
1258 4134 1513 4188 ἁπάντων
1543 4135 1824 4205 ποιητικός

261 4241 312 4277 τε
342 4227 428 4279 καὶ
462 4227 861 4298 ἐρμηνευτικὸς
896 4227 1080 4295 λόγος,
1111 4225 1320 4298 μητέρα
1350 4229 1533 4281 Μαῖαν
1572 4227 1668 4298 τὴν
1695 4229 1826 4281 Ἀτ-

261 4316 427 4382 λαντος
453 4317 740 4390 ὁμολογῶν
771 4320 1078 4390 ἐσχηκέναι,
1108 4320 1206 4390 τήν
1232 4336 1295 4388 γε
1323 4320 1452 4390 περὶ
1476 4319 1640 4373 αὐτοῦ
1667 4320 1822 4388 λεγο·

266 4413 413 4484 μένην
462 4412 830 4483 μυθολογίαν,
880 4412 992 4466 ἀλλ’
1036 4413 1096 4465 οὐ
1147 4411 1489 4482 φυσιολογίαν
1532 4411 1823 4484 ὲγκρίνας;

263 4490 399 4554 Οὕτω
432 4503 527 4554 καὶ
559 4501 896 4571 Ἀσκληπιὸς
923 4500 1040 4564 πῶς
1072 4502 1139 4554 ἂν
1181 4502 1467 4571 μετάγοιτο
1501 4503 1580 4566 είς
1614 4501 1826 4568 ’Ἢλιον,

1829 2088 1880 2146 Β

2014 1272 2174 1325 Omni
2195 1288 2225 1323 o
2253 1269 2446 1338 populo
2479 1284 2674 1339 magna
2699 1266 2960 1339 voluptas,

2008 1342 2178 1396 Sacra
2209 1337 2356 1408 ρατω
2383 1337 2585 1394 matris
2603 1338 2668 1392 ab
2702 1337 2818 1392 aluo

2010 1411 2325 1465 Prosiliens.

1895 1548 2106 1616 Quibus
2132 1555 2207 1602 tta
2235 1544 2441 1612 subdit,

2001 1662 2202 1717 Partus
2229 1662 2352 1717 saevi
2385 1669 2498 1716 tota
2523 1659 2724 1714 doloris

2004 1734 2144 1787 Dum
2171 1732 2432 1785 Latonam
2467 1731 2541 1784 vis
2565 1731 2656 1784 dia
2687 1735 2899 1797 premit,

2005 1804 2319 1872 Sancteque
2342 1802 2502 1855 simul
2534 1796 2717 1854 clausa
2756 1796 2993 1872 parentis

2009 1872 2214 1926 Gemini
2235 1871 2488 1942 quatiunt
2520 1873 2719 1925 viscera
2745 1871 2884 1939 fctus
2908 1885 2926 1922 :

2006 1942 2182 1997 Tellus
2213 1943 2372 2005 sistit,
2406 1943 2550 1995 sistit
2581 1950 2632 1995 et
2663 1957 2776 2004 aer,

2005 2012 2200 2067 Insula
2231 2014 2382 2078 sidit,
2411 2011 2641 2082 siditque
2669 2026 2836 2076 mare,

2019 2082 2099 2137 Tu
2127 2084 2379 2137 continuo
2414 2080 2570 2136 Vates
2611 2080 2792 2150 Lycie,

2010 2153 2090 2216 Is,
2123 2154 2417 2208 arcitenens
2449 2151 2662 2216 Phttbe,
2691 2154 2786 2204 sub
2823 2167 3006 2214 auras,

2012 2222 2157 2278 Fata
2185 2224 2489 2294 loquentum
2525 2238 2718 2292 praeses
2750 2221 3036 2291 tripodum.

1908 2359 2170 2416 Similter
2194 2357 2545 2429 Esculapius
2569 2356 2645 2412 ita
2673 2355 2740 2413 de
2767 2371 2826 2413 se
2854 2357 2993 2426 ipso,
3041 2352 3201 2426 125.

2011 2478 2094 2533 En
2120 2479 2307 2534 Tricca
2332 2495 2359 2533 e
2381 2496 2536 2533 sacra
2560 2479 2704 2532 venio
2734 2478 2830 2531 tibi
2859 2477 3067 2530 Numen
3094 2477 3346 2540 amicum,

2024 2549 2136 2620 Ille
2150 2549 2520 2619 Esculapius,
2544 2565 2696 2620 quem
2720 2548 2914 2601 Phoebo
2933 2558 3084 2615 patre
3107 2555 3362 2620 creatum,

2015 2619 2085 2673 Et
2106 2618 2314 2688 SOphiw
2340 2617 2533 2689 regem,
2556 2617 2642 2672 cui
2669 2619 2757 2689 gis
2779 2628 2856 2672 est
2879 2627 3004 2671 nota
3029 2617 3291 2689 medendi,

2017 2682 2251 2745 Sustulit
2266 2682 2638 2759 almaparens.
2655 2687 2759 2742 Sed
2775 2689 2900 2756 quid
2921 2704 3032 2741 mea
3048 2687 3266 2740 numina
3287 2682 3495 2754 poscis?

1913 2781 2216 2839 Mercurius
2247 2792 2428 2838 autem
2463 2783 2610 2838 hunc
2638 2783 2693 2836 in
2725 2781 2972 2846 modum,

2023 2873 2317 2944 Mercurius
2343 2891 2496 2944 quem
2527 2890 2646 2928 voce
2668 2890 2842 2939 vocas,
2874 2872 3135 2944 Maiaque
3161 2869 3408 2941 Iovisque

2025 2943 2206 3000 Filius
2232 2946 2331 2998 huc
2355 2943 2490 3011 ueni,
2534 2944 2729 2998 cwlesti
2752 2961 2866 3013 rege
2897 2943 3100 2996 relicto.

1919 3038 2230 3107 Quinetiam
2258 3055 2484 3095 suorum
2515 3039 2618 3108 ipsi
2650 3053 2944 3108 corporum
2977 3037 3213 3108 speciem
3248 3034 3499 3106 ﬁguram-

1917 3147 2025 3202 que
2050 3131 2390 3197 describunt,
2418 3131 2565 3186 velut
2588 3130 2676 3186 ille
2701 3129 2837 3195 Pan,
2861 3129 2956 3201 qui
2983 3129 3294 3200 cujusmodi
3313 3127 3499 3197 fuerit,

1916 3238 1983 3276 ex
2002 3222 2120 3293 ejus
2144 3222 2386 3278 oraculis
2413 3222 2486 3276 ita
2503 3221 2766 3277 docemur
2794 3241 2807 3277 :
2839 3220 3086 3276 Mortalis
3111 3237 3202 3292 ego
3229 3236 3347 3274 cum
3373 3221 3498 3286 sim,

1919 3329 2162 3384 nuncupo
2191 3323 2311 3367 uota
2340 3313 2480 3367 Pani
2507 3354 2522 3379 ,
2555 3314 2732 3367 nativo
2780 3313 2873 3368 deo
2892 3353 2907 3378 ,
2942 3329 3106 3367 cornu
3133 3312 3338 3384 gemino
3363 3351 3379 3376 ,
3409 3328 3501 3383 ge-

1918 3405 2062 3457 mino
2096 3404 2246 3474 pede,
2278 3405 2604 3474 hircinisque
2625 3405 2869 3457 cruribus
2895 3404 3111 3474 insigni,
3141 3403 3498 3472 uoluptuario.

1920 3493 2206 3565 Ejusmodi
2233 3503 2380 3561 sunt,
2409 3511 2532 3566 quae
2558 3497 2814 3551 laudatus
2846 3503 3038 3551 auctor
3068 3495 3122 3548 in
3154 3495 3353 3550 abditis
3380 3495 3504 3564 phi-

1920 3587 2184 3657 losophiae
2234 3588 2462 3642 deorum
2510 3603 2579 3642 ex
2629 3588 2909 3658 responsis
2967 3587 3180 3642 hausta:
3230 3586 3504 3658 mysteriis

1923 3679 2219 3734 recensuit.
2262 3677 2378 3733 Pan
2418 3694 2550 3749 ergo
2598 3695 2706 3734 non
2744 3679 2858 3749 jam
2905 3679 3150 3734 universi
3195 3678 3504 3750 symbolum

1921 3778 2006 3826 est
2024 3811 2040 3836 ,
2067 3769 2160 3825 sed
2189 3769 2402 3824 daemon
2433 3767 2614 3838 potius
2637 3809 2651 3834 ,
2684 3768 2903 3838 qualem
2932 3783 2992 3823 se
3035 3768 3153 3838 ipse
3180 3768 3503 3838 descripsit,

1925 3863 2018 3934 qui
2044 3863 2328 3918 oraculum
2362 3863 2501 3918 istuc
2526 3862 2734 3918 effudit.
2786 3859 2974 3932 Neque
2997 3862 3144 3917 enim
3169 3863 3503 3928 universum,

1927 3965 2140 4011 totusve
2174 3955 2413 4010 mundus
2447 3955 2550 4010 ista
2596 3953 2895 4022 respondit.
2939 3952 3119 4018 Quare
3151 3951 3254 4022 ipsi
3287 3967 3508 4022 quoque

1926 4049 2163 4107 artiﬁces
2185 4087 2199 4111 ,
2233 4057 2502 4118 quotquot
2530 4062 2636 4102 non
2673 4045 2935 4112 universi,
2971 4045 3065 4100 sed
3095 4045 3258 4115 hujus
3299 4045 3506 4099 daemo—

1925 4142 2013 4196 nis
2041 4139 2335 4210 imaginem
2384 4153 2745 4208 expressere,
2794 4137 3124 4207 descriptam
3173 4136 3338 4207 paulo
3381 4146 3509 4191 ante

1927 4232 2156 4303 ﬁguram
2188 4229 2386 4285 imitati
2418 4240 2564 4286 sunt.
2594 4227 2712 4284 Jam
2740 4229 3068 4295 Mercurius,
3101 4229 3378 4298 quomodo
3417 4244 3508 4284 re-

1926 4339 2051 4378 rum
2105 4321 2352 4377 eli'eetrix
2399 4322 2646 4376 omnium
2701 4322 3079 4392 interpresque
3131 4321 3271 4375 ratio
3321 4320 3508 4374 haberi

1928 4415 2122 4486 possit,
2151 4430 2275 4470 cum
2308 4414 2426 4485 ipse
2455 4413 2651 4468 Maiam
2678 4413 2914 4468 Atlantis
2939 4413 3104 4468 tiliam
3130 4427 3251 4470 sese
3279 4422 3508 4466 matrem

1931 4506 2191 4562 habuisse
2221 4504 2474 4571 fateatur,
2504 4505 2704 4574 quippe
2733 4505 2826 4574 qui
2857 4505 3117 4573 jactatam
3158 4504 3224 4558 de
3252 4513 3373 4557 ortu
3411 4518 3512 4557 suo

263 4595 475 4663 πατρίδα
494 4595 598 4666 τὴν
622 4594 872 4666 Τρίκκην
900 4594 1358 4666 ἐπιγραφόμενος,
1382 4595 1478 4648 καὶ
1501 4594 1607 4648 ἀπὸ
1630 4595 1823 4666 θνητῆς

1933 4594 2199 4661 fabulam,
2230 4609 2339 4649 non
2370 4595 2603 4650 istorum
2641 4595 3041 4666 physiologiam
3075 4593 3386 4650 testimonio
3418 4594 3512 4663 ju-

266 4687 526 4756 ὁμολογῶν
559 4686 848 4757 γεγονέναι
889 4687 1124 4759 μητρός;
1149 4686 1274 4751 Πῶς
1309 4687 1365 4740 δὲ
1389 4688 1576 4751 ’Ἥλιος
1601 4686 1700 4754 ὢν,
1732 4690 1831 4742 αὐ-

264 4776 342 4840 τὸς
401 4781 496 4832 τοῦ
556 4779 742 4832 Ἡλίου
791 4779 908 4842 υίὸς
951 4780 1112 4832 πάλιν
1159 4780 1526 4851 ἀποφανθείη;
1569 4782 1690 4834 ἐπεὶ
1735 4780 1830 4834 καὶ

265 4869 344 4922 τὸν
389 4871 554 4925 αὐτοῦ
606 4872 826 4944 πατέρα
862 4872 951 4926 τὸν
991 4871 1180 4926 Φοῖϐον
1219 4875 1320 4926 οὐκ
1357 4873 1516 4928 ἄλλον
1563 4869 1702 4928 εἶναι
1735 4874 1828 4928 τοῦ

275 4959 438 5016 Ἠλίου
464 4963 920 5035 ἐφυσιολόγησαν.
963 4965 1050 5029 Ἐξ
1087 4964 1264 5018 Ἠλίου
1298 4965 1354 5018 δὲ
1385 4966 1480 5019 καὶ
1505 4964 1706 5037 θνητῆς
1733 4983 1832 5036 γυ-

266 5051 432 5116 ναικὸς
458 5054 629 5122 φάναι
661 5052 821 5106 αὐτὸν
858 5051 975 5116 πῶς
1007 5053 1068 5104 οὐ
1111 5053 1326 5106 πάντων
1362 5052 1830 5120 καταγελαστότα-

265 5158 374 5209 τον;
395 5145 551 5198 Ἐπεὶ
580 5147 680 5199 καὶ
700 5145 860 5199 αὐτὸν
881 5145 973 5197 τὸν
1003 5144 1215 5216 πατέρα
1239 5143 1449 5208 Ἥλιον,
1471 5143 1529 5196 ὃν
1550 5142 1613 5214 δὴ
1635 5144 1831 5197 ’Λπόλ-

268 5234 397 5291 λωνά
439 5255 608 5308 φασιν
647 5235 818 5301 εἶναι,
853 5237 970 5301 πῶς
1000 5238 1146 5301 εἰκὸς
1187 5239 1244 5290 ὲν
1278 5237 1434 5308 Δήλῳ
1474 5237 1832 5308 γεγεννῆσθαι

266 5330 325 5400 τῇ
352 5331 494 5402 νήσῳ
521 5332 634 5385 ὑπὸ
668 5331 867 5403 θνητῆς
896 5330 1053 5384 πάλιν
1088 5330 1293 5402 μητρὸς
1319 5331 1416 5402 τῆς
1444 5329 1687 5402 Λητοῦς;
1717 5330 1835 5385 Ἐν-

266 5419 427 5474 ταῦθα
466 5438 559 5493 μοι
601 5422 760 5492 τήρει
807 5422 1035 5486 ὁπόσους
1069 5421 1328 5494 Ἕλληνες
1359 5421 1515 5486 θεοὺς
1541 5421 1833 5495 γεννητοὺς

268 5512 530 5578 γυναικῶν
575 5512 955 5586 ὲθεολόγησαν,
988 5516 1068 5579 είς
1096 5515 1431 5586 παράθεσιν,
1468 5513 1522 5566 εῐ
1544 5531 1675 5567 ποτε
1708 5531 1831 5568 πει-

269 5606 453 5668 ρῶνται
469 5607 758 5662 σκώππειν
780 5607 882 5679 τὴν
904 5607 996 5661 τοῦ
1016 5607 1288 5680 ἡμετέρου
1313 5608 1566 5681 Σωτῆρος
1596 5608 1830 5679 γένεσιν,

333 5747 405 5817 (7)
448 5749 696 5819 Τρικκῃ.
730 5747 1024 5804 Thessalia:
1074 5747 1332 5819 Oppidum
1380 5753 1485 5814 est,
1533 5759 1680 5816 quoa
1741 5744 1831 5800 alii

275 5815 494 5880 Tricam,
527 5815 763 5886 simplici
798 5835 848 5872 c.

337 5900 410 5959 (δ)
453 5890 723 5943 Ἐνδοθε.
765 5889 861 5959 Γρ.
900 5888 1089 5945 ἔνδοθι.

1928 4688 2184 4759 dicioque
2241 4704 2344 4744 suo
2381 4688 2804 4758 comprobarit?
2849 4686 3202 4757 Esculapius
3235 4688 3469 4756 denique
3493 4729 3510 4755 ,

1929 4782 2206 4850 quomodo
2241 4781 2306 4836 ad
2337 4779 2518 4834 Solem
2550 4779 2890 4844 traducatur,
2928 4780 3021 4850 qui
3051 4789 3104 4834 et
3133 4777 3378 4834 Triccam
3408 4779 3512 4834 sibi

1928 4874 2162 4943 patriam
2193 4875 2452 4938 vindicet,
2482 4880 2538 4928 et
2572 4873 2788 4926 mortali
2840 4887 2900 4928 se
2945 4881 3120 4927 matre
3166 4882 3352 4926 natum
3392 4886 3514 4926 esse

1928 4965 2292 5035 pronuntiet?
2341 4965 2478 5029 lmo,
2515 4965 2562 5019 si
2598 4964 2681 5019 sol
2734 4965 2849 5034 ipse
2893 4971 3022 5031 est,
3070 4963 3342 5034 quomodo
3381 4963 3514 5019 solis

1929 5059 2075 5114 ﬁlius
2108 5073 2232 5114 esse
2277 5058 2543 5114 dicatur?
2572 5056 2710 5112 Nam
2760 5055 3029 5112 Phoebum
3078 5055 3298 5125 quidem
3342 5054 3513 5125 ipsius

1929 5159 2140 5220 patrem
2165 5191 2180 5216 ,
2212 5165 2320 5208 non
2355 5150 2524 5205 alium
2567 5165 2596 5203 a
2647 5149 2764 5204 sole
2807 5163 2931 5204 esse
2976 5144 3282 5217 physiologi
3325 5146 3516 5201 volue-

1930 5250 2079 5296 runt.
2111 5239 2293 5295 Solem
2332 5255 2497 5310 porro
2541 5237 2920 5308 Esculapium
2951 5252 3018 5292 ex
3051 5235 3266 5290 mortali
3310 5234 3515 5292 femina

1931 5333 2262 5402 suscepisse,
2297 5332 2386 5387 cui
2417 5348 2527 5386 non
2562 5330 2808 5385 omnium
2838 5329 3077 5383 maxime
3110 5327 3399 5384 ridiculum
3430 5328 3514 5382 vi-

1931 5423 2168 5479 deatur?
2197 5422 2336 5478 Nam
2367 5424 2547 5494 ipsum
2578 5436 2796 5492 quoque
2846 5420 3027 5476 Solem
3069 5419 3376 5492 Esculapii
3415 5435 3518 5490 pa-

1932 5523 2096 5580 trem,
2131 5530 2296 5586 quem
2327 5516 2538 5571 scilicet
2565 5513 2873 5582 Apollinem
2899 5528 3021 5568 esse
3047 5513 3381 5578 defendunt,
3420 5513 3515 5568 cui

1932 5611 2149 5666 tandem
2184 5610 2239 5664 in
2271 5610 2450 5665 insula
2481 5608 2634 5674 Delo,
2670 5615 2833 5676 atque
2866 5621 2898 5660 a
2927 5605 3137 5662 Latona
3179 5605 3395 5663 mortali
3437 5603 3514 5662 σίν

2005 5748 2081 5889 ἓθ)
2122 5748 2248 5804 Μὲν
2279 5747 2433 5818 γαῖα.
2475 5747 2572 5819 Γρ.
2604 5748 2696 5816 γᾶ,
2731 5755 2896 5802 recte.
2927 5745 3036 5810 Al.,
3063 5745 3158 5815 γῆ.

2033 5820 2118 5889 10)
2171 5818 2410 5889 Ἑρμῆς.
2457 5817 2662 5874 Versus
2696 5817 2931 5888 postulat
2962 5817 3158 5872 inserit

2033 5815 2118 5890 f0)
2171 5815 2410 5889 Ἑρμῆς.
2457 5815 2662 5874 Versus
2696 5817 2931 5888 postulat
2962 5817 3126 5872 inseri
3151 5815 3229 5881 ὗς.
