3858 6224
355 401 458 457 225

356 518 557 573 militer
601 527 778 574 matre
823 525 1169 589 procreatum
1211 534 1334 575 esse
1372 519 1770 589 persuadeant?
1817 521 1938 577 Ca9-

359 617 533 664 terum
582 609 952 666 animadverte
980 609 1150 678 mihi,
1188 625 1351 681 quam
1397 610 1602 665 multos
1650 612 1826 668 Graeci
1870 629 1938 668 ex

1016 398 1288 457 EUSEBll
1324 399 1807 458 CIESARIENSIS
1850 400 2001 458 OPP.
2044 399 2224 456 PARS
2262 397 2326 458 ll.
2350 429 2421 440 —
2443 395 2939 455 APOLOGE'I’ICA.

3521 391 3627 444 224

2044 521 2126 574 ὅτι
2168 520 2226 574 δὲ
2268 518 2474 591 (11)οὑ
2514 519 2753 591 ποιητῶν
2795 520 2932 572 εἰσιν
2976 516 3033 571 αἱ
3069 513 3263 586 φωναὶ,
3305 509 3422 567 ἀλλ’
3447 507 3626 565 αὐτῶν

2045 612 2156 667 τῶν
2181 612 2320 666 θεῶν
2345 613 2401 667 αἱ
2428 612 2784 683 προκείμεναι
2811 609 3158 682 σημειώσεις.

368 687 695 742 mulieribus
724 695 936 759 genitos
964 698 1193 744 deorum
1263 691 1319 745 in
1353 692 1476 746 loco
1524 708 1861 764 numeroque
1922 698 2225 767 posuerint,
2293 710 2352 752 ut
2387 697 2431 752 si
2475 698 2695 766 quando
2743 697 3048 753 Serratoris
3087 701 3259 753 nostri
3307 699 3606 767 generatio-

364 792 491 836 nem
521 777 696 832 ridere
726 791 1069 834 conabuntur
1091 821 1108 848 ,
1141 781 1284 835 hanc
1309 781 1376 836 iis
1426 782 1686 836 continuo
1717 783 1928 838 turbam
1968 802 2338 856 opponainus;
2401 785 2643 856 illudque
2700 794 2978 854 praeterea,
3009 800 3118 840 non
3155 793 3434 856 poetarum
3457 801 3618 845 voces

367 883 401 924 ι
432 870 609 937 nobis,
642 869 738 925 sed
766 870 1010 942 ipsorum
1039 885 1266 926 deorum
1301 877 1610 927 testimonia
1643 873 1882 928 recitari.

866 982 1022 1054 125
1058 979 1288 1036 CAPUT
1330 977 1444 1035 xv.

363 1088 502 1146 Deos
543 1091 684 1158 ipsos
725 1090 1155 1159 philosophorum
1200 1092 1663 1146 commentationes
1713 1093 1946 1146 oraculis

435 1161 772 1232 conﬁrmasse
794 1200 809 1222 ,
839 1172 1131 1232 pugnantes
1167 1177 1286 1213 cum
1329 1163 1530 1230 sparsis
1570 1162 1636 1215 de
1666 1179 1719 1216 se
1751 1163 1946 1232 fabulis

437 1229 721 1299 allegorias
747 1229 1048 1285 statuendo.

439 1343 515 1396 Ac
541 1351 712 1411 poetae
741 1342 986 1412 quidem,
1015 1359 1139 1398 cum
1175 1343 1410 1408 fabulas,
1445 1354 1506 1400 ut
1534 1346 1706 1413 aiunt,
1741 1347 1808 1401 de
1842 1347 1947 1402 diis

365 1431 700 1503 conﬁngant,
724 1421 1194 1503 philosophi'vero
1210 1450 1393 1489 rerum
1416 1436 1748 1491 naturalium
1779 1436 1948 1490 ratio-

367 1538 469 1577 nes
497 1539 620 1577 cum
650 1524 718 1578 ad
748 1524 894 1593 ipsos
929 1524 1374 1592 accommodent;
1404 1541 1617 1596 aequum
1647 1541 1778 1582 sane
1803 1535 1948 1581 esset

367 1613 493 1670 illos
520 1615 825 1688 aspernari,
851 1615 952 1670 hos
977 1624 1235 1685 tanquam
1264 1617 1621 1686 philosophos
1647 1617 1944 1686 suspicere,

365 1707 706 1775 similemque
731 1722 862 1760 vero
894 1707 1278 1762 excellentium
1308 1709 1605 1779 {hominum
1639 1709 1943 1762 orationem

365 1797 547 1868 potius
589 1812 754 1866 quam
795 1798 1039 1868 poeticas
1071 1799 1325 1870 amplecti
1359 1815 1554 1870 nugas.
1579 1797 1734 1853 Nunc
1763 1805 1944 1853 autem

367 1903 492 1942 cum
525 1887 630 1957 ipsi
659 1903 879 1959 quoque
911 1889 987 1944 dii
1013 1890 1068 1943 in
1103 1890 1508 1945 contentionem
1548 1904 1672 1945 cum
1704 1889 1945 1960 philoso-

363 1984 491 2054 phis
555 1992 943 2054 certamenque
1015 1985 1387 2049 descendant,
1438 2000 1674 2055 cumque
1723 2000 1813 2040 res
1867 1983 1946 2038 illi

367 2091 518 2140 suas,
554 2077 755 2147 quibus
783 2079 970 2148 utique
1000 2081 1244 2136 notiores
1285 2095 1363 2136 eae
1399 2089 1546 2147 sunt,
1584 2079 1822 2134 oraculis
1850 2094 1944 2134 ac-

365 2175 553 2221 curate
583 2168 852 2239 planeque
896 2170 1162 2239 doceant,
1194 2172 1251 2226 hi
1283 2187 1412 2226 vero
1438 2172 1700 2241 quasdam
1733 2178 1944 2225 tantum

1980 969 2029 1025 Α
2566 980 2963 1035 ΚΕΦΑΛΛΙΟΝ
2986 982 3086 1037 ΙΕ’.

2047 1093 2306 1176 "093cm-
2324 1091 2430 1160 τὰς
2470 1093 2590 1147 τῶν
2613 1095 2980 1176 φιλοσόφων
3020 1095 3266 1176 θεωρίας
3304 1095 3617 1176 ἐᾷέϐαίορν

2113 1163 2207 1216 διὰ
2234 1162 2371 1234 τῶν-γ
2395 1162 2704 1234 χρησμῶν,
2751 1162 3035 1231 ἐναντίως
3079 1167 3204 1231 τοῖς
3240 1167 3373 1234 περὶ
3415 1167 3616 1221 αὐτῶν

2112 1234 2318 1298 μύθοις
2344 1233 2845 1303 ἀλληγοροῦντες.

2107 1330 2353 1402 Ποιητῶν
2378 1329 2476 1400 μὲν
2500 1325 2613 1395 οὖν,
2636 1329 2712 1394 ὥς
2733 1348 2885 1400 φασι,
2913 1331 3114 1403 μύθους
3139 1332 3268 1404 περὶ
3291 1333 3428 1388 θεῶν
3450 1335 3624 1390 πλατ-

2035 1421 2297 1491 τομένων,
2329 1421 2632 1492 φιλοσόφων
2652 1422 2729 1486 δὲ,
2755 1423 3235 1491 φυσιολογοῦντων·
3261 1427 3400 1497 χρῆν
3427 1426 3489 1498 δή
3514 1445 3621 1481 που

2035 1513 2260 1576 εἰκότως
2284 1513 2393 1568 τῶν
2435 1514 2533 1584 μὲν
2561 1518 2941 1585 καταφρονεῖν,
2971 1518 3097 1579 τοὺς
3119 1516 3177 1569 δὲ
3214 1516 3515 1589 θαυμάζειν
3540 1521 3623 1586 ὡς

2034 1604 2389 1680 φιλοσόφους’,
2424 1606 2520 1659 καὶ
2565 1607 2765 1677 μᾶλλον
2803 1607 2909 1660 τῶν
2952 1607 3249 1679 ποιητικῶν
3291 1608 3471 1682 λήρων
3517 1613 3623 1676 τὰς

2033 1696 2143 1750 τῶν
2168 1697 2491 1768 κρειττόνων
2524 1699 2840 1768 ἐκδέχεσθαι
2867 1700 3266 1770 πιθανολογίας.
3301 1704 3451 1758 Θεῶν
3479 1705 3524 1758 δ’
3546 1702 3619 1760 αὖ

2033 1788 2195 1842 πάλιν
2223 1789 2316 1841 καὶ
2342 1789 2646 1860 φιλοσόφων
2673 1793 2754 1854 εἰς
2781 1791 3014 1863 ἅμιλλαν
3038 1795 3352 1862 κατιόντων,
3381 1799 3474 1852 καὶ
3503 1800 3619 1854 τῶν

2037 1882 2137 1954 μὲν
2161 1884 2253 1936 ἐπὶ
2278 1886 2546 1956 χρησμοῖς
2585 1883 2656 1938 τὰ
2679 1886 2801 1939 καθ’
2826 1887 3070 1955 ἑαυτοὺς,
3101 1889 3176 1952 ὡς
3203 1889 3268 1943 ἂν
3308 1891 3509 1962 μᾶλλον
3536 1895 3623 1947 εί-

2034 1974 2221 2044 δότων,
2251 1976 2490 2048 ἀκριϐῶς
2517 1977 2893 2043 διδασκόντων,
2926 1981 3034 2036 τῶν
3061 1981 3119 2035 δὲ
3145 1983 3226 2047 εἰς
3249 1985 3624 2056 ἀσυμφώνους

2036 2069 2132 2123 καὶ
2179 2068 2601 2133 ἀναποδείκτους
2647 2071 3020 2142 εὑρεσιλογίας
3069 2073 3170 2137 τὰς
3220 2077 3350 2149 περὶ
3401 2072 3476 2133 ὧν
3539 2082 3622 2152 μὴ

2035 2160 2214 2214 ἴσασιν
2256 2161 2512 2224 ὑπονοίας
2565 2165 3034 2234 περιτρεπόντωνο
3089 2168 3230 2220 τίσιν
3290 2171 3406 2241 ἐρεῖ
3458 2171 3625 2242 λόγος

365 2257 434 2312 iis
463 2258 531 2312 de
577 2258 743 2314 rebus
776 2261 1116 2329 suspiciones
1141 2304 1156 2329 ,
1187 2275 1328 2332 quas
1355 2262 1580 2318 minime
1626 2270 1932 2332 perspectas

2043 2252 2346 2319 πείθεσθαι;
2375 2256 2445 2308 Ἦ
2486 2254 2643 2308 τοῦτο
2687 2256 2807 2310 οὐδὲ
2839 2258 3050 2331 ἐρωτᾷν
3098 2260 3282 2329 ἄξιον;
3312 2264 3375 2316 Εἰ
3419 2264 3483 2335 δὴ
3517 2264 3621 2319 οῦν

365 2347 588 2414 habent,
631 2349 684 2404 in
718 2327 984 2408 absurdas
1026 2368 1091 2408 ac
1122 2327 1304 2411 futiles
1347 2327 1778 2424 disputationum
1825 2353 1932 2408 inc-

2043 2343 2388 2416 ΞιληΟεύουσιν
2425 2347 2475 2399 oi
2529 2345 2641 2399 θεοὶ
2674 2327 2966 2418 κυροῦντες
2993 2327 3096 2414 τὰς
3140 2327 3275 2426 περὶ»
3303 2327 3483 2410 αὐτῶν
3520 2358 3622 2412 ἁν-

365 2450 518 2511 ptias
574 2440 897 2500 conferant:
955 2446 1097 2503 utris
1141 2446 1370 2501 obsecro
1421 2446 1583 2500 ﬁdem
1637 2441 1940 2497 habendam

367 2545 492 2584 esse
524 2531 664 2586 ratio
697 2532 967 2588 suadeat?
992 2535 1132 2604 lmo,
1163 2537 1446 2605 indignum
1473 2542 1619 2590 certe
1649 2532 1813 2588 fuerit
1858 2531 1944 2586 vel

366 2618 474 2674 hoc
509 2635 770 2689 quaerere.
809 2621 914 2678 Sed
947 2633 1148 2687 tamen,
1185 2625 1229 2680 si
1260 2625 1334 2680 dii
1375 2637 1567 2679 verum
1609 2623 1819 2687 dicunt,
1845 2619 1940 2690 qui

364 2710 471 2766 sibi
519 2710 652 2780 ipsis
696 2714 985 2771 attributes
1033 2715 1287 2772 humana:
1339 2713 1674 2770 conditionis
1708 2710 1938 2767 allectus

363 2801 910 2873 perturbationesque
951 2804 1276 2860 confirmant
1305 2817 1518 2871 ;vanos
1566 2802 1826 2858 continuo
1873 2812 1937 2853 ac

2033 2433 2472 2506 θρωποπαθείας,
2509 2437 2723 2507 ψευδεῖς
2751 2439 2818 2494 ἂν
2851 2437 2959 2496 εἶεν
2987 2444 3038 2496 οἱ
3071 2443 3388 2512 ἀθετοῦντες
3415 2447 3614 2512 αὑτάςο

2032 2526 2163 2582 εἰδὲ
2191 2526 2300 2609 τῶν
2327 2527 2628 2598 φιλοσόφων
2660 2530 2881 2604 ἀληθεῖς
2913 2535 2974 2588 αἱ
3003 2535 3364 2606 φυσιολογίαι,
3392 2537 3630 2609 ψευδεῖς

2031 2617 2098 2673 ἂν
2123 2608 2363 2689 γένοιντο
2388 2635 2446 2676 αι
2469 2622 2575 2676 τῶν
2603 2619 2740 2679 θεῶν
2766 2628 3083 2702 μαρτυρίαι.
3123 2630 3284 2685 Ἀλλὰ
3303 2608 3620 2702 καὶίαῦτὸς,

2032 2711 2178 2800 εἴποι
2206 2728 2313 2776 τις,
2345 2714 2375 2766 ό
2405 2714 2679 2771 Ἀπόλλων
2723 2718 2828 2792 ἔφη
2858 2741 2960 2776 που
2991 2725 3049 2778 ὲν
3084 2729 3355 2796 χρησμοῖς
3401 2729 3626 2800 ἐρωτη-

2035 2797 2149 2862 θεὶς
2182 2801 2311 2873 περὶ
2338 2804 2502 2858 αὑτοῦ
2532 2807 2679 2869 ὅστις
2710 2806 2819 2872 εἴη.

357 2880 648 2934 mendaces
695 2896 836 2942 esse,
871 2880 966 2947 qui
1011 2896 1106 2938 eas
1145 2895 1437 2954 respuunt,
1483 2904 1708 2946 necesse
1760 2895 1844 2942 est
1893 2901 1910 2940 :
1949 2889 2033 2939 sin
2075 2893 2257 2940 autem
2306 2901 2434 2941 vera
2482 2886 2930 2956 philosophorum
2968 2884 3305 2957 physiologia
3342 2892 3459 2949 est,
3492 2883 3638 2940 falsa

359 2962 584 3018 deorum
620 2974 741 3015 esse
787 2966 1097 3030 testimonia
1133 2976 1401 3040 sequitur.
1437 2977 1622 3047 Atqui,
1655 2975 1799 3029 dicat
1835 2975 2000 3030 etiam
2031 2975 2249 3046 aliquis,
2284 2975 2478 3054 Apollo
2510 2979 2627 3046 ipse
2668 2978 2954 3034 consultus
2982 2977 3278 3048 aliquando
3308 2976 3431 3047 quis:
3460 2985 3644 3047 esset,

373 3046 479 3098 hoc
510 3051 758 3119 responsi
782 3051 948 3120 dedit,

399 3156 515 3232 Sol,
542 3163 779 3235 idemque
811 3165 1008 3233 Horas,
1043 3167 1178 3236 Rex,
1205 3168 1467 3234 Bacchus,
1506 3169 1699 3239 Osiris,
1728 3169 1932 3240 Apollo,

2049 3164 2278 3231 ἽῙλιος,
2308 3160 2511 3236 ⁷Ωρος,
2543 3169 2792 3236 Ὄσιρις,
2829 3170 3029 3236 Ἀναξ,
3054 3172 3364 3258 didi-vocs,
3411 3171 3627 3258 14:16.!-

401 3290 556 3372 I_dem
583 3293 763 3359 horas,
805 3297 1030 3366 annique
1053 3301 1208 3372 vices,
1243 3310 1416 3354 ventos
1442 3301 1768 3372 pluviasque,

400 3363 725 3437 (iamneque
750 3382 891 3434 rego,
928 3363 973 3420 et
1005 3369 1229 3423 stellam:
1262 3363 1712 3437 noctis-habenas,

400 3431 515 3484 Rea:
542 3431 700 3486 simul
730 3431 1016 3503 ast—rerum,
1048 3439 1208 3493 simul
1238 3441 1553 3495 immortalis
1579 3452 1628 3495 et
1659 3431 1828 3514 Ignis.

363 3542 508 3614 Ergo
529 3546 602 3600 dii
627 3563 750 3603 cum
780 3549 943 3604 iidem
975 3560 1029 3605 et
1053 3562 1334 3621 poetarum
1365 3555 1584 3623 fabulis,
1611 3567 1666 3614 et
1693 3559 1936 3629 philoso-

359 3636 594 3706 phorum
617 3640 1022 3709 suspicionibus
1043 3645 1413 3702 testimonium
1435 3651 1733 3720 adjungant
1750 3668 1933 3718 suum,

367 3727 532 3781 simul
562 3727 804 3798 profecto
828 3731 1276 3790 dissentientibus
1304 3740 1784 3810 pugnantibusque
1809 3757 1940 3796 con-

362 3817 624 3872 sentiunt.
688 3818 981 3877 Enimvero
1014 3825 1061 3878 si
1097 3827 1358 3882 mortales
1393 3827 1493 3883 sibi
1526 3839 1727 3885 matres
1764 3829 1938 3884 vindi-

358 3917 506 3972 cant,
543 3925 771 3981 seseque
817 3922 1031 3969 terrena
1067 3931 1133 3971 ex
1179 3920 1357 3987 patria
1406 3927 1562 3976 natos
1653 3921 1934 3991 fatentur,

358 4003 632 4068 quomodo
677 4003 944 4073 ejusmodi
980 4023 1100 4063 esse
1142 4018 1431 4078 poterunt,
1489 4011 1678 4082 quales
1709 4016 1934 4086 physio-

359 4090 608 4160 logorum
637 4108 732 4149 ore
759 4097 1147 4154 celebrantur?
1174 4101 1374 4157 Demus
1413 4103 1718 4174 Apollinem
1750 4107 1930 4162 Solem

360 4196 504 4243 esse,
533 4179 749 4242 (rursus
775 4187 921 4240 enim
949 4189 1176 4244 istorum
1205 4195 1381 4247 oratio
1405 4209 1625 4250 sursum
1655 4197 1934 4252 deorsum-

357 4284 464 4338 que
496 4269 693 4338 jaclala
728 4277 976 4331 eumdem
1013 4279 1066 4332 in
1097 4281 1360 4336 circulum
1396 4285 1572 4340 redire
1623 4297 1878 4357 cogetur,
1909 4286 1930 4358 )

357 4363 637 4429 quomodo
670 4363 836 4434 igitur
859 4367 1016 4426 Delos
1038 4370 1246 4439 insula,
1277 4388 1439 4442 quam
1476 4375 1528 4430 in
1564 4379 1743 4432 medio
1791 4381 1928 4434 mari

354 4463 656 4508 exstantem
674 4456 937 4528 hodieque
951 4463 1414 4540 cernimus,126
1428 4470 1569 4525 Solis
1581 4471 1774 4540 patria,
1791 4488 1930 4542 quo-

356 4545 518 4629 modo
548 4544 748 4600 Latona
779 4559 950 4604 mater
976 4552 1216 4622 ejusdem
1239 4560 1377 4614 erit?
1397 4561 1516 4631 Ipse
1541 4563 1684 4617 enim
1715 4573 1922 4618 utrum-

353 4650 460 4704 que
490 4652 676 4690 verum
708 4654 849 4706 esse,
883 4643 999 4697 suis
1033 4645 1195 4713 paulo
1216 4658 1344 4706 ante
1369 4654 1603 4709 oraculis
1631 4658 1924 4712 conlirma—

353 4725 464 4780 bat.
516 4725 801 4792 Quomodo
843 4731 1076 4802 denique
1108 4735 1486 4810 [Esculapium
1525 4745 1668 4799 idem
1704 4751 1922 4804 mortali

353 4827 547 4872 natura
577 4821 860 4888 praeditum
902 4839 968 4878 ex
997 4828 1216 4881 mortali
1245 4845 1465 4902 quoque
1509 4833 1710 4892 femina
1737 4854 1922 4895 susce-

350 4908 430 4978 pit
456 4910 479 4962 ?
508 4908 708 4965 Verum
744 4913 843 4968 ista
869 4919 1366 4984 praetermittamus.

915 5007 1143 5062 CAPUT
1191 5011 1327 5068 XVI.

351 5091 500 5147 Fieri
536 5111 639 5172 non
667 5114 837 5166 posse,
870 5110 926 5153 ut
958 5104 1142 5155 mundi
1183 5116 1378 5172 partes,
1407 5116 1498 5161 aut
1527 5108 1719 5167 divinw
1752 5113 1918 5166 virtu-

425 5175 522 5250 tes.
560 5166 934 5250 illecebrarum
979 5166 1285 5250 necessilale
1312 5166 1686 5250 deducantur,
1713 5192 1764 5237 et
1795 5200 1920 5236 con-

421 5235 711 5293 sulentibus
739 5256 831 5308 per
854 5243 1073 5296 oracula
1102 5245 1463 5313 respondeant.

422 5409 713 5471 Enimvero
740 5417 902 5488 hujus
947 5423 1154 5478 oraculi
1187 5426 1400 5482 vanitas
1433 5426 1535 5482 alia
1567 5445 1784 5499 quoque
1829 5447 1917 5487 ra-

3291 3245 3417 3294 λων

2057 3305 2242 3380 ξΩρῷν
2266 3310 2365 3362 καὶ
2387 3309 2606 3378 καιρῶν
2629 3312 2858 3380 ταμίης,
2889 3311 3125 3380 ἀνέμων
3148 3328 3212 3364 τε
3237 3241 3626 3379 καὶῖιιὲάὸἰροη,

2055 3377 2234 3460 ξμοῦς
2260 3381 2356 3460 καὶ
2393 3377 2612 3460 νγκτὸς
2639 3377 3060 3460 agnuampr
3249 3377 3485 3460 νωμῶν,
3523 3450 3551 3460 υ

2040 3448 2396 3518 Ζαφλεγέων
2420 3450 2656 3518 ἄστρων
2680 3448 2997 3518 βασιλεὺς,
3029 3451 3121 3520 ἠδ’
3150 3448 3449 3506 ἀθάνατον
3470 3450 3620 3520 πῦρ.

2041 3561 2252 3614 Οὐκοῦν
2294 3564 2344 3615 οἱ
2389 3564 2540 3617 αὐτοὶ
2573 3566 2665 3620 καὶ
2713 3569 2823 3630 τοῖς
2852 3565 2959 3618 τῶν
2993 3566 3231 3638 ποιητῶν
3280 3565 3465 3636 μύθοις
3515 3567 3624 3618 καὶ

2039 3654 2158 3714 ταῖς
2207 3652 2315 3706 τῶν
2349 3654 2649 3723 φιλοσόφων
2701 3657 2976 3720 ὑπονοίαις
3019 3657 3403 3727 συμφέρονται,
3445 3673 3623 3727 μαχο.

2041 3743 2222 3811 μένοις
2263 3747 2656 3816 συνιστάμενοι.
2693 3749 2754 3801 El
2788 3749 2897 3820 γὰρ
2949 3749 3188 3819 μητέρας
3219 3748 3621 3819 ἐπιγράφονται

2039 3833 2260 3903 θνητὰς,
2297 3838 2392 3892 καὶ
2430 3839 2695 3910 πατρίδας
2732 3839 2831 3902 τὰς
2867 3840 2961 3891 ὲτιὶ
2989 3839 3093 3908 γῆς
3122 3838 3460 3908 ὁμολογοῦσι,
3492 3838 3620 3903 πῶς

2033 3927 2102 3982 ἂν
2128 3925 2237 3983 εἷεν
2268 3931 2414 3994 οἵους
2447 3930 2886 4001 φυσιολογοῦσιν;
2920 3932 3099 3984 Ἔστω
3124 3929 3231 4002 γὰρ
3271 3931 3300 3982 ὁ
3337 3928 3624 3985 Ἀπόλλων

2037 4016 2242 4082 ’Ἦλιοςο
2261 4022 2444 4091 (πάλιν
2469 4022 2576 4094 γὰρ
2607 4023 2719 4078 ἄνω
2754 4023 2846 4076 καὶ
2877 4023 3027 4076 κάτω
3064 4024 3142 4085 εἰς
3174 4021 3243 4074 τὰ
3272 4019 3410 4074 αὐτὰ
3450 4035 3621 4090 περι-

2033 4129 2243 4184 τρεχων
2276 4115 2457 4180 αὐτοῖς
2492 4119 2521 4170 ὁ
2548 4116 2703 4184 λόγος
2734 4113 3025 4168 ἁλώσεται’
3051 4114 3070 4187 )
3102 4113 3218 4177 πῶς
3257 4109 3348 4166 οῦν
3377 4115 3410 4184 ἡ
3441 4111 3617 4182 Δῆλος

2031 4203 2067 4271 ἡ
2116 4202 2256 4256 κατὰ
2308 4203 2580 4258 θάλασσαν
2633 4205 2802 4258 εἰσέτι
2845 4203 2939 4258 νῦν
2992 4203 3394 4276 προφαινομένη
3444 4201 3617 4272 νῆσος

2032 4293 2227 4361 γένοιτ’
2263 4296 2328 4349 ἂν
2362 4295 2454 4349 τοῦ
2513 4296 2692 4349 Ἡλίου
2736 4298 2955 4368 πατρὶς,
3010 4297 3191 4367 μήτηρ
3239 4294 3296 4346 δὲ
3337 4296 3371 4365 ἡ
3407 4290 3610 4364 Antei);

2032 4384 2201 4438 Ταυτὶ
2231 4386 2338 4458 γὰρ
2388 4388 2588 4458 ἀρτίως
2613 4389 2839 4460 ὲκύρουν
2867 4388 2942 4450 ὡς
2968 4387 3142 4457 ἀληθῆ
3179 4404 3241 4456 γε
3267 4385 3394 4439 ὄντα
3419 4387 3466 4438 οἱ
3507 4387 3614 4438 αό-

2033 4476 2126 4528 τοῦ
2175 4479 2431 4548 χρησμοί.
2484 4479 2609 4543 Πῶς
2650 4480 2706 4532 δὲ
2747 4479 2840 4532 καὶ
2884 4481 2978 4531 τοῦ
3039 4475 3364 4548 Ἀσκληπιοῦ
3411 4475 3614 4546 ἀνδρὸς

2031 4564 2227 4638 θνητοῦ
2259 4568 2356 4638 τὴν
2385 4569 2544 4638 φύσιν
2576 4569 2769 4637 γένοιτ’
2796 4568 2861 4623 ἂν
2880 4571 2908 4622 ὁ
2934 4568 3116 4632 Ἤλιος
3147 4567 3344 4639 πατὴρ,
3373 4567 3444 4619 ὲκ
3474 4564 3613 4634 Buri-

2025 4659 2126 4729 τῆς
2176 4661 2339 4715 αὐτὸν
2382 4662 2638 4729 γυναικὸς
2674 4660 3068 4732 πεποιημένος;
3115 4658 3273 4714 Ἀλλὰ
3321 4656 3618 4729 παρείσθω.

2024 4767 2215 4805 ταυτα.

2526 5010 2919 5066 ΚΕΦΑΛΑΙΟΝ
2944 5011 3060 5079 ις’.

2025 5103 2156 5157 ’Ὀτι
2178 5101 2294 5156 τῶν
2312 5103 2625 5164 ἀδυνάτων
2653 5104 2882 5173 πέφυκε
2899 5143 2913 5166 ,
2940 5103 3011 5155 τὰ
3033 5103 3184 5174 μέρη
3204 5102 3310 5174 τοῦ
3337 5106 3596 5174 κόσμου,

2091 5175 2269 5255 ᾓᾷτὰς
2291 5175 2465 5255 Αθείας
2493 5174 2776 5255 δ’μνρρεις
2797 5172 3098 5254 τυητίκαῖς
3127 5173 3420 5255 gnificat};
3445 5172 3593 5255 550.0—

2091 5247 2403 5373 ἐλθῖἓὲϐαι,
2457 5244 2557 5298 καὶ
2595 5243 2695 5297 διὰ
2728 5243 3017 5313 χρησμῶν
3057 5243 3180 5310 τοῖς
3212 5244 3469 5312 ἐρωτῶσι
3498 5247 3599 5300 θε-

2092 5327 2183 5368 σπ
2270 5331 2348 5367 ιν.

2100 5426 2202 5484 Ϊοῦ
2227 5427 2283 5480 δὲ
2311 5427 2558 5500 χρησμοῦ
2583 5425 2644 5481 τὸ
2662 5427 2854 5498 ψεῦδος
2883 5443 2976 5481 και
2999 5425 3173 5489 ἄλλως
3199 5427 3588 5496 ἁπελεγκτέον.

420 5541 807 5635 ρυμνρςι-δέξ.
848 5550 999 5635 Alter
1047 5570 1078 5608 e
1129 5572 1430 5623 manuscr.,
1485 5559 1578 5613 καὶ
1621 5561 1725 5635 δτι.
1760 5561 1915 5635 Quod

2043 5564 2268 5635 Ιοιητῶν
2293 5565 2390 5635 μὲν
2419 5559 2511 5619 οῦν
2531 5566 2772 5620 inchoari
2792 5566 3001 5629 debeat,
3027 5566 3225 5630 namfet
3248 5567 3396 5620 nullo
3420 5582 3593 5622 sensu

348 5627 480 5668 sane
529 5615 722 5669 melius
763 5620 1333 5702 duoshoscerersus,
1365 5615 1915 5702 usqueiad‘eqpfaub:

349 5699 484 5764 σεις,
511 5698 634 5737 cum
670 5691 963 5764 superioris
988 5697 1178 5764 capitis
1205 5698 1312 5752 fine
1343 5691 1604 5754 contexit.
1637 5691 1758 5757 Nec
1778 5706 1912 5758 mihi

350 5752 572 5808 dubium
619 5765 703 5810 est
739 5752 875 5827 quin
925 5752 1156 5833 sequens
1207 5768 1273 5822 ab
1306 5769 1412 5825 illis
1439 5752 1652 5827 tantum
1682 5752 1906 5831 ὗόοἷιὶὶὶξ

2020 5635 2389 5708 praecedentes
2423 5637 2595 5692 lineas
2617 5639 2922 5707 excipiunt;
2951 5643 3004 5688 et
3038 5639 3212 5705 φωναὶ
3243 5638 3346 5692 illa:
3362 5637 3585 5708 προκείο

2021 5721 2205 5830 pergit,
2236 5705 2459 5828 d‘eorum
2508 5705 2767 5776 responsa
2803 5708 3070 5778 superiori
3100 5709 3276 5783 capite
3316 5705 3478 5762 allata
3515 5707 3604 5763 si-

2021 5793 2086 5830 au
2135 5790 2254 5830 ican
2286 5815 2299 5830 .

2018 5790 2299 5845 gutncant.
