3858 6224
189 274 300 331 125

1336 267 1661 326 PREPAR.
1701 265 1956 323 EVANG.
1993 264 2123 323 LIB.
2162 265 2252 322 lll.

3350 279 3462 337 2‘36

188 392 265 445 Οὐ
317 391 435 464 γὰρ
489 389 557 464 δὴ
604 391 636 444 ό
690 388 881 456 Ἥλιος
929 388 1219 462 οὐρανόθεν
1268 388 1452 453 αὐτοῖς
1499 386 1744 453 καταδὰς

1876 385 2027 441 tione
2058 387 2280 459 coargui
2302 384 2464 444 facile
2483 388 2677 460 possit.
2708 386 2894 461 Neque
2914 391 3060 447 enim
3085 390 3180 449 Sol
3209 395 3275 451 ad
3302 396 3462 463 istos,

188 483 385 536 ἔπειτα
420 481 516 535 τὸν
549 481 857 551 δοχέα“(12)
884 479 1199 552 πληρώσας,
1224 480 1318 534 τὸν
1351 478 1601 551 χρησμὸν
1633 480 1770 531 ἀπε-

187 574 451 644 φοξεαζεν
479 574 590 645 (15)
610 592 623 603 ·
657 573 779 626 ἐπεὶ
818 570 940 626 οὔτε
965 572 1210 635 δυνατὸν,
1252 570 1375 625 οὔτε
1414 570 1573 642 θέμις
1602 570 1771 638 ἀνάγ-

188 684 314 730 καις
363 663 675 736 ἀνθρώπων
712 664 805 718 τὸν
849 662 1163 735 τηλικοῦτον
1211 661 1610 716 ὑποτάσσεσθαι
1662 678 1774 729 φω-

188 759 385 829 στῆρα.
435 756 575 809 Ἀλλ’
599 757 661 813 ού
689 756 757 827 δὴ
787 754 899 826 (14)
924 757 1085 823 φαῖεν
1108 753 1207 826 τὴν
1236 756 1295 806 ὲν
1321 752 1470 821 αύτῷ
1498 750 1649 807 θείαν
1681 751 1773 804 καὶ

186 848 381 919 νοερέω
419 846 676 916 δύναμιν,
706 847 791 898 ὅτι
838 844 970 915 μηδὲ
1021 843 1226 914 ταύτης
1261 842 1471 911 ,γένοιτ’
1520 841 1585 895 ἄν
1637 856 1770 893 ποτε

186 939 410 1010 δεκτικὴ
444 936 766 1009 ἀνθρωπεία
810 936 978 1007 ψυχή.
1024 935 1082 988 ’0
1123 934 1167 986 δ’
1205 933 1367 996 αὐτὸς
1404 931 1470 987 ἂν
1502 932 1587 1003 εἴη
1617 929 1774 999 λόγος

189 1026 285 1078 καὶ
306 1025 403 1077 ἐπὶ
443 1026 706 1096 Σελήνης.
741 1027 807 1080 Εἰ
846 1026 955 1096 γὰρ
989 1026 1090 1099 τὴν
1133 1026 1367 1097 Ἑκάτην
1407 1026 1578 1097 afnhv
1631 1021 1771 1080 εἶναι

191 1116 447 1186 φήσουσι,
480 1115 576 1169 καί
596 1134 717 1180 πως
749 1116 1015 1185 ἀνάγκαις
1050 1114 1355 1189 ἀνθρώπων
1385 1115 1767 1182 καθέλκεσθαι,

191 1207 287 1260 καὶ
308 1206 399 1260 διὰ
435 1208 534 1261 τοῦ
568 1208 768 1281 δοκέως
798 1210 960 1282 χρᾷν,
993 1209 1074 1274 εἷς
1105 1227 1164 1264 τε
1194 1212 1426 1282 αἰσχρὰς
1450 1208 1546 1263 καὶ
1576 1210 1768 1280 ἐρωτι-

193 1298 295 1364 κάς
338 1299 622 1365 διακονίας
661 1299 1186 1372 παραλαμϐάνεσθαι
1226 1302 1397 1374 αὐτὴν
1440 1300 1589 1372 (l5),
1630 1297 1773 1373 ἀρχή

179 1385 286 1456 γὰρ
320 1382 466 1439 οὖσα
508 1385 620 1440 τῶν
669 1389 923 1459 πονηρῶν
959 1389 1263 1459 δυνάμεων,
1307 1390 1426 1459 ήτοι
1476 1389 1769 1460 δαιμόνων.

180 1477 323 1541 εἰκὸς
360 1475 432 1531 ἂν
480 1478 568 1549 εῐη
615 1478 715 1550 τὴν
776 1478 1009 1551 Ἑκάτην
1054 1483 1228 1538 ταῦτα
1277 1482 1556 1553 πράττειν·
1608 1482 1638 1535 ὂ
1675 1484 1771 1536 καὶ

180 1567 339 1631 αὐτὸς
388 1569 651 1639 ὁμολογεῖ
697 1573 1066 1642 συγγραφεὺς,
1108 1574 1185 1637 ὡς
1236 1572 1378 1627 κατὰ
1418 1573 1608 1643 καιρὸν
1656 1570 1767 1644 (16)

177 1661 572 1733 ὲπελὲγξομεν.
608 1661 735 1726 Πῶς
765 1662 823 1716 δὲ
871 1664 900 1719 ὁ
934 1664 1188 1721 Πλούτων
1220 1667 1315 1719 καὶ
1353 1668 1381 1720 ό
1416 1665 1662 1737 Σάραπις
1690 1667 1769 1728 εἰς

1888 479 2073 545 credo,
2104 479 2321 535 coalitus
2346 479 2747 549 descendebat,
2778 496 2843 537 ac
2872 482 3129 554 deinceps
3160 502 3254 557 per
3290 503 3416 543 eum
3440 529 3460 557 ,

1874 571 1970 641 qui
1998 585 2198 625 numen
2225 571 2557 641 excepisset,
2599 571 2913 629 thbzeum
2976 578 3257 633 oraculum
3289 579 3465 637 eﬂ‘un—

1875 663 2039 718 debat
2064 680 2078 716 :
2109 678 2235 717 cum
2264 677 2441 733 neque
2463 664 2580 718 fieri
2601 676 2804 735 posset,
2820 682 2997 737 neque
3024 684 3153 724 vero
3181 670 3266 728 fas
3294 682 3462 741 esset,

1877 761 1938 807 ut
1965 760 2179 806 tantum
2215 752 2370 808 sidus
2419 753 2675 810 humana:
2705 756 2788 811 vis
2822 759 3136 813 necessitati
3174 762 3367 817 cedere
3395 779 3462 819 ac

1874 861 2066 917 parere
2091 856 2375 918 cogeretur
2399 865 2413 900 :
2445 847 2499 902 id
2524 848 2671 918 quod
2697 863 2767 905 ne
2796 850 2864 905 de
2890 851 2979 906 illa
3011 852 3253 921 quidem,
3284 870 3451 924 quam

1876 939 1982 1009 ipsi
2013 939 2295 1005 tribuunt,
2325 939 2507 994 divina
2552 940 2888 1010 spirita'lique
2936 943 3133 997 virtute
3174 944 3457 1010 dixerint,

1875 1048 2000 1087 cum
2041 1046 2162 1087 eam
2190 1031 2365 1087 nihilo
2394 1032 2571 1103 magis
2606 1033 2880 1089 humanus
2913 1035 3133 1091 animus
3161 1051 3358 1107 capere
3389 1054 3456 1094 ac

1877 1121 2151 1176 sustinere
2180 1121 2375 1190 possit.
2405 1120 2583 1191 Atque
2609 1125 2799 1177 eodem
2837 1139 3062 1194 prorsus
3106 1126 3269 1181 modo
3298 1127 3459 1185 liceat

1874 1211 1942 1266 de
1973 1210 2129 1265 Luna
2178 1219 2436 1267 statuere.
2484 1209 2641 1277 Quod
2670 1212 2718 1267 si
2757 1211 2993 1269 Hecaten
3029 1216 3177 1270 illam
3224 1232 3346 1273 esse
3370 1218 3457 1273 di-

1873 1310 2020 1365 cent,
2049 1319 2171 1375 quae
2209 1320 2334 1360 cum
2362 1304 2619 1358 humana:
2648 1304 2919 1359 cantionis
2972 1315 3067 1360 aut
3111 1307 3306 1365 similis
3338 1309 3457 1364 ille-

1872 1393 2048 1450 cebrae
2092 1394 2418 1450 necessitate
2448 1394 2774 1461 deducatur,
2808 1406 2926 1451 tum
2953 1411 3085 1453 vero
3112 1407 3166 1453 et
3199 1414 3298 1469 per
3324 1415 3454 1456 eum

1870 1501 1902 1541 a
1957 1502 2066 1556 quo
2108 1486 2272 1541 fuerit
2322 1497 2616 1556 suscepta,
2666 1489 3032 1558 respondeat,
3092 1499 3147 1545 et
3199 1492 3454 1549 obscenis

1872 1575 2161 1629 amoribus
2204 1590 2267 1631 ac
2297 1575 2584 1630 lenociniis
2640 1589 2861 1645 operam
2893 1591 3047 1631 suam
3075 1588 3235 1635 navet
3265 1596 3281 1647 ;
3332 1588 3454 1636 esto

1871 1681 2022 1721 sane.
2055 1666 2190 1722 Cum
2222 1666 2366 1720 enim
2402 1666 2776 1736 improbarum
2801 1668 3088 1736 virtutum,
3119 1679 3215 1726 aut
3245 1672 3453 1727 dmmo—

177 1751 265 1806 τδν
286 1756 484 1809 "mm
511 1755 733 1810 δυνατοὶ
773 1756 843 1812 ἂν
886 1752 995 1811 εἷεν
1041 1758 1508 1827 φυσιολογείσθαις
1544 1760 1632 1812 ὅτε
1676 1758 1751 1811 τὸς

1871 1767 1999 1806 num
2032 1753 2212 1823 potius
2236 1753 2489 1824 princeps
2515 1752 2713 1810 Hecate
2740 1755 2831 1811 illa
2857 1757 2946 1823 sit,
2971 1758 3086 1814 haec
3112 1775 3237 1814 cum
3264 1761 3454 1818 fecerit

175 1845 414 1915 ἄρχοντα
448 1846 565 1901 τῶν
596 1846 854 1921 πονηρῶν
878 1850 1146 1922 δαιμόνων
1172 1852 1202 1905 ὁ
1243 1850 1405 1914 αὐτὸς
1446 1850 1605 1904 πάλιν
1632 1851 1768 1904 ἁπο-

176 1934 427 1999 φαίνεται
482 1936 578 1991 τὸν
622 1939 873 2013 Σάραπιν
926 1937 1063 1995 εἶναι
1085 1980 1101 2004 ,
1147 1940 1242 1994 τὸν
1297 1941 1458 1994 αὐτὸν
1508 1939 1638 1993 ὄντα
1686 1938 1766 2010 τῷ

175 2024 474 2082 Πλούτωνι.
514 2030 627 2084 Καὶ
658 2032 944 2103 χρησμοὺς
984 2033 1041 2086 δὲ
1077 2030 1172 2085 τοῦ
1211 2032 1541 2103 Σαράπιδος⁵
1564 2031 1766 2104 ἐγγράη

174 2136 307 2187 φων,
351 2120 478 2184 πῶς
525 2121 595 2175 ἂν
627 2122 845 2177 δύναιτο
884 2123 976 2178 τοῦ
1025 2124 1207 2178 Ἠλίου
1250 2124 1447 2187 αὐτοὺς
1479 2121 1659 2191 λέγειν
1694 2117 1763 2174 εἷ-

173 2228 295 2276 ναις
355 2212 524 2266 Ἀλλά
572 2212 681 2286 γὰρ
716 2215 829 2287 (i7)
876 2215 935 2283 ἐξ
971 2215 1228 2271 ἁπάντων
1272 2214 1476 2269 τούτων
1514 2213 1759 2267 λείπεται

176 2306 338 2377 μηδὲν
366 2306 472 2377 μὲν
505 2305 705 2375 ἀληθὲς
750 2306 935 2378 φέρειν
972 2307 1253 2379 ὁμολογεῖν
1287 2304 1389 2370 τὰς
1422 2304 1759 2378 δηλωθείσας

171 2396 550 2465 φυσιολογίας,
599 2397 907 2467 σοφίσματα
952 2396 997 2450 δ’
1043 2392 1182 2452 εἶναι
1231 2396 1497 2467 σοφιστῶν
1544 2395 1756 2464 ἀνδρῶν

169 2488 266 2541 καὶ
299 2486 702 2558 εὑρεσιλογίας.

1869 1844 2050 1901 omnia
2078 1886 2094 1911 ,
2142 1839 2398 1901 nihil‘ab
2447 1861 2566 1901 sese
2612 1847 2850 1903 alienum
2898 1847 3108 1905 fecerit.
3156 1849 3345 1922 Neque
3394 1853 3453 1909 id

1866 1934 2032 1988 etiam
2082 1933 2337 1990 laudatus
2381 1935 2619 2005 scriptor
2668 1952 2780 1992 non
2808 1935 3051 1996 fatetur.
3084 1948 3146 1995 ut
3196 1957 3299 1997 suo
3326 1941 3450 1998 loco

1866 2024 2386 2080 demonstrabimus.
2424 2024 2586 2080 Pluto
2620 2036 2801 2083 autem
2835 2039 2890 2084 et
2915 2028 3154 2100 Serapis,
3185 2048 3291 2102 qua
3323 2042 3449 2089 tan—

1822 2104 1990 2170 'dem
2036 2116 2376 2188 physiologia
2419 2118 2487 2172 ad
2522 2119 2690 2174 solem
2734 2122 2980 2177 revocari
3009 2125 3259 2194 queant?
3302 2124 3450 2181 Prte-

1866 2208 2053 2263 sertim
2087 2224 2212 2264 cum
2253 2209 2357 2264 iste
2389 2208 2705 2281 Serapidem
2755 2214 3011 2271 eumdem
3059 2230 3185 2271 cum
3218 2215 3449 2274 Plutone

1865 2299 2096 2363 faciens,
2149 2301 2421 2357 malorum
2450 2304 2613 2358 etiam
2648 2304 2953 2362 daemonum
2989 2308 3286 2379 principem
3325 2325 3449 2367 esse

1863 2388 2037 2444 velit“!
2078 2388 2214 2444 Dum
2261 2406 2392 2447 vero
2448 2389 2741 2463 Serapidos
2783 2395 3003 2449 oracula
3056 2399 3275 2467 scriptis
3330 2401 3448 2458 suis

1860 2479 2080 2548 inserit,
2103 2497 2214 2552 quo
2232 2498 2399 2539 sensu
2423 2484 2613 2538 eadem
2640 2481 2784 2540 Solis
2808 2499 2930 2541 esse
2955 2485 3241 2544 defendat?
3266 2491 3445 2546 Enim-

166 2595 295 2635 vero
322 2621 339 2641 ,
374 2580 464 2635 his
491 2579 750 2634 omnibus
778 2579 937 2649 plane
977 2577 1263 2634 conﬁcitur
1285 2619 1301 2645 ,
1330 2578 1409 2633 uti
1438 2593 1534 2633 eos
1585 2575 1743 2632 fateri
1777 2580 2026 2643 oporteat
2050 2573 2167 2628 veri
2214 2573 2352 2627 nihil
2395 2581 2510 2628 tota
2577 2573 2684 2630 ista
2749 2575 3090 2649 physiologia
3122 2581 3390 2636 contineri
3417 2621 3435 2650 ,

162 2677 547 2747 sophistarum
597 2677 698 2731 has
727 2690 850 2731 esse
880 2676 1122 2744 argutias
1144 2717 1161 2742 ,
1190 2682 1246 2729 et
1280 2682 1589 2731 commenta
1622 2672 1912 2728 verborum
1941 2668 2148 2724 inania.

697 2770 1094 2823 ΚΕΦΔΛΑΙΟΝ
1131 2771 1228 2823 ΙΖ’.

199 2884 335 2937 Ὅτι
384 2881 747 2953 δαιμονικῆς
794 2883 1095 2969 ἐνεργείας
1147 2881 1346 2939 πάντα
1398 2881 1471 2938 τὰ
1518 2880 1717 2937 τοιάδε

808 2969 1110 3023 τυγχάνει.

2310 2763 2469 2834 127
2499 2762 2732 2819 CAPUT
2781 2763 2946 2822 xvu.

1861 2875 1993 2932 Hec
2025 2878 2204 2931 omnia
2228 2877 2527 2933 daemonum
2553 2880 2661 2933 arti
2692 2896 2754 2933 ac
2785 2882 3074 2953 praestigiis
3115 2884 3439 2956 auignanda

2591 2965 2703 3004 8888

231 3048 377 3109 τοὺς
408 3045 477 3114 γέ
504 3062 591 3098 τοι
617 3043 725 3097 τῶν
757 3045 1021 3116 χρησμῶν
1052 3044 1348 3116 ὑπηρέτας,
1378 3043 1571 3117 άληθεῖ
1605 3043 1748 3116 λόγῳ

1922 3038 1994 3094 At
2037 3038 2382 3096 oraculorum
2431 3039 2803 3109 administros,
2832 3042 2881 3098 si
2910 3058 3037 3100 vere
3066 3044 3219 3117 loqui
3247 3046 3436 3104 volue-

160 3139 437 3207 φάσκειν,
493 3136 754 3207 δαίμονας
801 3129 939 3188 εἶναι
988 3134 1223 3204 φαύλους
1246 3175 1262 3199 ,
1318 3137 1405 3188 ἐπ’
1451 3134 1751 3207 ἀνθρώπων

1857 3130 2004 3198 rint,
2041 3130 2333 3200 improbos-
2353 3146 2472 3187 esse
2503 3132 2802 3198 damones,
2836 3134 2932 3204 qui
2961 3136 3029 3189 ad
3059 3136 3339 3194 hominem
3376 3141 3433 3197 in

163 3232 355 3304 ἀπάτῃ
379 3230 456 3284 τὰ
504 3228 793 3299 ἀμφότερα
835 3227 1155 3293 παίζοντας,
1190 3228 1282 3280 καὶ
1318 3227 1439 3280 τοτὲ
1485 3227 1584 3298 μὲν
1627 3243 1753 3279 συνι-

162 3322 487 3393 τιθεμένους
534 3323 654 3384 ταῖς
698 3317 1097 3390 μυθικωτέραις
1153 3318 1282 3389 περὶ
1321 3316 1501 3371 αὐτῶν
1548 3315 1749 3387 ὑπολή-

165 3415 321 3485 ᾴσιν
350 3414 450 3466 ἐπὶ
483 3416 551 3484 τῇ
583 3412 852 3482 πανδήμῳ
880 3410 1084 3484 πλάνῃ,
1118 3409 1241 3462 τοτὲ
1272 3408 1330 3461 δὲ
1360 3407 1430 3460 τὰ
1460 3407 1559 3478 τῆς
1597 3407 1748 3477 φιλο-

168 3508 329 3576 σόφου
373 3504 637 3576 γοητείας
678 3500 1075 3574 ἑπικυροῦντας
1138 3500 1231 3553 ἐπὶ
1288 3501 1357 3570 τῇ
1404 3498 1499 3552 καὶ
1543 3497 1747 3552 τούτων

167 3596 419 3669 ἑπιτριὸῇ
456 3596 553 3648 καὶ
609 3592 904 3664 φυσιώσει,
955 3592 1094 3646 ῶστε
1136 3588 1596 3659 καὶπανταχόθεν
1632 3589 1748 3643 ἁλί-

168 3690 391 3742 σκεσθαι
446 3686 616 3757 μηδὲν
664 3686 861 3748 αὐτοὺς
921 3682 1237 3754 ἀληθεύειν·
1295 3681 1564 3736 τοσούτων
1614 3682 1745 3750 ἡμῖν

166 3778 468 3851 εἰρημένων
490 3816 508 3840 ,
539 3774 731 3846 καιρὸς
777 3773 881 3844 ήδη
917 3771 1252 3843 μεταϐάντας
1282 3770 1344 3824 τὺ
1384 3769 1565 3840 τρίτον
1604 3765 1744 3834 εἶδος

164 3869 410 3922 ἐπελθεῖν
436 3867 543 3937 τῆς
584 3864 849 3935 Ἐλλήνων
882 3862 1155 3931 θεολογίας
1173 3902 1189 3927 ,
1221 3861 1251 3915 ὃ
1293 3862 1357 3932 δή
1394 3877 1557 3930 φασιν
1603 3856 1743 3914 εἶναι

164 3959 437 4013 πολιτικόν
465 3973 530 4009 τε
562 3956 659 4010 καὶ
686 3955 934 4026 νόμιμον.
958 3955 1209 4009 Μάλιστα
1226 3953 1336 4024 γὰρ
1366 3952 1551 4006 ἱκανὸν
1586 3951 1743 4005 τοῦτο

164 4051 293 4122 πρὸς
327 4047 599 4118 ἔκπληξιν
629 4046 735 4100 τῶν
766 4045 976 4099 πολλῶν
1014 4042 1153 4099 εἶναι
1193 4045 1536 4115 νενόμισται,
1565 4043 1655 4098 διά
1680 4060 1741 4097 τε

162 4140 225 4193 τά
251 4137 635 4211 θρυλλούμενα
670 4137 896 4206 μαντεῖα
927 4135 1020 4188 καὶ
1050 4133 1148 4198 τὰς
1184 4132 1274 4188 διὰ
1315 4131 1579 4205 χρησμῶν
1609 4131 1739 4185 ἀκέ-

163 4249 270 4296 σεις
311 4248 375 4284 τε
420 4230 519 4284 καὶ
568 4227 867 4299 θεραπείας
909 4225 1016 4281 τῶν
1051 4224 1395 4280 πεπονθότων
1444 4225 1736 4297 σωμάτων,

160 4324 250 4387 τὰς
278 4341 339 4377 τε
372 4323 522 4377 κατά
568 4339 730 4376 τινων
761 4321 1083 4391 ἐπισκήψεις
1123 4317 1255 4388 (l8).
1294 4312 1396 4372 Ὧν
1440 4316 1505 4388 δὴ
1536 4317 1598 4370 τὸ
1642 4316 1739 4370 καὶ

1851 3220 2096 3276 fraudem
2129 3220 2467 3277 inducendos
2510 3222 2564 3276 in
2611 3232 2844 3293 utroque
2874 3224 3156 3294 luderent;
3183 3244 3245 3284 ac
3272 3231 3436 3287 modo

1850 3324 1908 3364 se
1932 3309 1999 3363 ad
2028 3307 2307 3364 fabulosas
2335 3307 2403 3363 de
2429 3324 2488 3364 se
2536 3309 2671 3380 ipsis
2701 3311 2989 3381 opiniones
3028 3325 3385 3387 aggregareut
3407 3358 3426 3384 ,

1848 3406 1910 3453 ut
1938 3398 2244 3453 communis
2278 3412 2343 3454 ac
2386 3398 2641 3468 publicus
2684 3415 2841 3455 error
2892 3402 3170 3459 foveretur
3196 3442 3214 3471 ,
3262 3407 3428 3464 modo

1847 3489 2300 3560 philosophorum
2331 3489 2496 3545 etiam
2531 3491 2836 3562 praestigias
2873 3494 3334 3565 comprobarent,
3369 3508 3428 3554 ut

1846 3579 1994 3635 factu
2019 3588 2075 3636 et
2099 3580 2408 3651 arrogantia
2442 3580 2639 3637 inflatis
2666 3582 2891 3637 exitium
2922 3584 3213 3653 afferrent;
3243 3589 3430 3658 sicque

1845 3672 1985 3729 nihil
2029 3687 2275 3743 unquam
2304 3672 2511 3729 dixisse
2541 3673 2653 3729 veri
2681 3675 2863 3731 modis
2912 3678 3169 3735 omnibus
3196 3682 3426 3738 convin-

1845 3771 2064 3820 cuntur.
2093 3762 2217 3818 Jam
2244 3779 2376 3819 vero
2403 3763 2488 3820 his
2531 3779 2560 3819 a
2592 3766 2751 3821 nobis
2780 3767 3046 3825 hactenus
3089 3760 3380 3841 disputatis
3402 3815 3419 3841 ,

1843 3863 2058 3926 tempus
2092 3864 2196 3920 est,
2219 3864 2281 3910 ut
2305 3855 2372 3912 ad
2401 3856 2616 3912 tertiam
2646 3856 2959 3914 Graecorum
2989 3860 3272 3934 theologia:
3300 3880 3423 3935 spe-

1841 3950 1979 4004 ciem
2006 3989 2022 4015 ,
2050 3964 2213 4019 quam
2244 3948 2459 4005 civilem
2506 3949 2611 4020 ipsi
2649 3965 2714 4006 ac
2760 3951 3055 4023 legitimam
3089 3956 3379 4012 nominaut
3401 3997 3418 4022 ,

1842 4041 2070 4110 gradum
2106 4039 2397 4096 faciamus.
2431 4038 2568 4095 Nam
2619 4041 2673 4097 id
2709 4041 2932 4098 demum
2964 4044 3032 4099 ad
3065 4046 3245 4102 stultae
3270 4049 3417 4105 mul-

1839 4130 2089 4185 titudinis
2115 4129 2531 4186 admirationem
2561 4145 2626 4186 ac
2653 4138 2932 4203 stuporem
2970 4133 3129 4205 longe
3157 4147 3418 4207 opportu-

1840 4221 2130 4277 nissimum
2158 4236 2281 4277 esse
2310 4229 2658 4290 statuerunt;
2701 4222 2749 4278 si
2783 4225 2982 4294 partim
3019 4225 3239 4296 jactatis
3283 4230 3416 4284 vati-

1837 4314 1997 4370 ciniis
2032 4353 2048 4380 ,
2100 4315 2301 4385 partim
2357 4315 2734 4371 morbidorum
2784 4331 3079 4387 corporum
3132 4323 3415 4379 curatione

160 4413 243 4467 διὰ
270 4415 473 4487 πείρας
517 4412 691 4466 ἐλθεῖν
732 4413 1063 4483 φάσκοντες,
1098 4406 1158 4464 εὖ
1206 4408 1352 4480 μάλα
1406 4408 1734 4462 πεπείκασιν

1857 4405 2068 4460 leorum
2125 4406 2357 4476 qumsita
2398 4407 2679 4477 responsis
2705 4449 2721 4476 ,
2759 4410 2957 4478 partim
3006 4412 3307 4481 repentinis
3359 4424 3413 4469 et

160 4504 382 4568 ἑαυτοὺς
402 4506 506 4575 μὲν
527 4503 887 4567 εὐσεϐοῦντας
911 4505 990 4567 εἰς
1008 4504 1134 4566 τοὺς
1162 4500 1318 4564 θεοὺς
1344 4499 1529 4555 δίκαια
1561 4500 1735 4570 πράτ-

160 4612 297 4647 τειν’
344 4597 499 4667 ήμᾶς
532 4595 589 4649 δὲ
625 4594 697 4649 τὰ
737 4594 972 4667 μέγιστα
1011 4592 1259 4657 ἀσεϐεῖν,
1294 4592 1394 4656 τὰς
1429 4590 1602 4655 οὕτως
1634 4593 1735 4664 ἑμ-

161 4689 339 4753 φανείς
369 4687 468 4740 καὶ
500 4685 850 4756 εὐεργετικὰς
867 4684 1123 4754 δυνάμεις
1156 4684 1231 4756 μὴ
1267 4686 1389 4747 ταῖς
1420 4682 1731 4755 προσηκού-

161 4793 273 4840 σαις
321 4777 649 4849 θεραπείαις
692 4775 989 4847 τιμῶντας.
1032 4775 1144 4829 Καὶ
1204 4776 1341 4847 πρὸς
1403 4775 1552 4830 ταῦτ’
1599 4771 1726 4839 οὖν,

159 4870 343 4942 ἑτέραν
373 4870 537 4939 λόγου
559 4868 736 4940 ἀρχὴν
756 4866 1136 4930 ἁναλαὸόντες,
1156 4866 1578 4938 ὑπαντήσωμεν.

1836 4498 2096 4568 gravibus
2124 4498 2512 4553 nonnullorum
2557 4500 2736 4569 poenis
2782 4510 3070 4558 teneretur.
3102 4502 3233 4571 Quae
3277 4505 3408 4562 dum

1834 4602 1894 4643 se
1922 4589 2070 4658 ipsos
2097 4588 2261 4643 etiam
2289 4597 2542 4657 expertos
2567 4605 2691 4647 esse
2718 4592 2939 4659 dicunt,
2976 4601 3091 4648 tum
3124 4610 3254 4651 vero
3281 4595 3409 4667 jure

1831 4679 2091 4734 nimirum
2138 4682 2509 4750 persuadent,
2559 4697 2618 4737 se
2675 4683 2893 4751 quidem
2948 4684 3038 4754 pie
3079 4684 3229 4756 justo
3273 4703 3403 4760 erga

1834 4771 1966 4827 deos
1998 4771 2264 4841 obsequio
2301 4773 2561 4840 cultuque
2594 4771 2839 4844 defungi,
2875 4790 2977 4830 nos
3006 4791 3135 4832 vero
3175 4794 3402 4837 summa;

1828 4861 2126 4932 impietatis
2154 4876 2281 4919 reos
2311 4877 2452 4929 esse,
2491 4863 2586 4934 qui
2615 4864 2924 4921 manifestis
2950 4864 3088 4921 adeo
3116 4866 3401 4925 beneﬁcis-

220 5065 329 5137 (12)
368 5064 584 5136 Aegea.
624 5062 765 5130 Vox,
796 5064 853 5119 ni
901 5063 1079 5131 fallor,
1126 5078 1318 5134 parum
1360 5062 1606 5129 usitata;
1637 5062 1725 5120 his

220 5152 325 5186 men
357 5137 650 5186 numinum
700 5135 986 5186 ὐποδογαῖς
1008 5134 1289 5186 aptissima
1319 5152 1333 5186 :
1368 5149 1533 5186 uuam
1562 5134 1724 5186 paulo

1857 5054 2007 5147 ὗσαν,
2033 5060 2161 5149 licet
2184 5060 2353 5133 ἀρχή,
2389 5076 2497 5116 non
2524 5057 2697 5186 m3?
2726 5061 2888 5144 legat.
2982 5031 2992 5041 .

1893 5130 2004 5186 (lo)
2065 5131 2151 5186 ac
2177 5133 2326 5185 κατὰ
2352 5132 2580 5186 καιρόν.
2671 5129 2759 5186 ide
2799 5133 2943 5186 infra
2984 5145 2992 5186 ι

157 5134 325 5190 tamen
357 5134 650 5207 numinum
698 5135 986 5207 ὑποδοχαῖς
1008 5134 1289 5207 aptissima
1319 5149 1533 5207 aquam
1561 5134 1724 5203 paulo

155 5217 265 5274 post
287 5221 340 5261 c.
373 5205 409 5257 7
440 5205 661 5275 repetit.
694 5203 935 5275 itemque
1117 5204 1223 5257 194
1253 5211 1308 5257 et
1333 5203 1456 5259 195.

217 5277 326 5347 (l5)
380 5272 822 5342 Ἀκεςροιϐαζεν.
844 5272 979 5347 Non
1023 5272 1204 5347 minus
1233 5288 1355 5347 rara
1378 5289 1526 5347 vox,
1551 5288 1717 5347 quam

155 5340 324 5400 me
354 5360 513 5401 omn.
529 5340 819 5400 'manuscr.
844 5344 1096 5401 retinent.
1120 5343 1194 5396 Τὸ
1217 5340 1532 5413 φοιϐάζὲιν,
1560 5340 1719 5414 longe

154 5429 518 5471 communitis.
828 5429 835 5430 ί

215 5486 320 5556 (ιε)
364 5488 451 5556 ρῠ
486 5483 585 5549 δή.
627 5484 721 5552 Γρ.
748 5483 859 5537 οὐδ’
896 5486 967 5547 ει,
996 5485 1298 5556 ιιοηίωειε.

216 5551 320 5625 (15)
360 5554 500 5610 Post
547 5551 717 5624 αὐτήν
760 5557 916 5625 deeSt
958 5555 1197 5625 aliquid;
1236 5563 1388 5625 puta,
1415 5553 1516 5607 οὑκ
1548 5551 1711 5625 ἃνίδὴ

157 5704 246 5761 tur,
270 5697 415 5769 ἁρχὴ

1893 5130 2004 5202 (16)
2057 5130 2151 5196 Ὠς
2177 5129 2330 5185 ριαέἰὶ
2352 5129 2580 5200 καιρόνζ
2628 5129 2759 5187 Vide
2786 5129 2943 5186 infra
2984 5145 3039 5202 p.
3070 5129 3175 5186 175
3203 5138 3257 5186 et
3288 5131 3394 5188 174

1820 5199 1996 5255 initio.

1892 5269 2003 5340 (l7)
2054 5268 2239 5323 Ἀλλὰ
2263 5268 2395 5338 γάρ.
2433 5267 2641 5337 Malim,
2668 5270 2715 5326 si
2737 5269 2846 5326 ulla
2870 5268 3222 5326 distinctione
3247 5286 3387 5397 opus

1892 5348 1923 5397 ι.
1953 5341 2022 5394 ab
2048 5339 2135 5394 his
2163 5339 2390 5395 vocibus
2414 5355 2615 5394 novum
2643 5341 2807 5395 ordiri
2837 5351 3000 5397 caput
3033 5357 3046 5392 :
3077 5340 3223 5397 quod
3248 5358 3279 5396 a
3304 5344 3387 5397 io-

3304 5360 3387 5399 10·

1818 5348 1923 5404 est,
1953 5339 2022 5394 ab
2048 5339 2135 5394 his
2163 5339 2390 5395 vocibus
2414 5355 2615 5394 novum
2643 5341 2807 5395 ordiri
2837 5351 3046 5409 caput:
3077 5340 3223 5409 quod
3248 5358 3279 5396 a

1816 5412 1909 5478 qui
1941 5410 2180 5477 pendens
2210 5409 2476 5478 hiansque
2506 5411 2771 5465 sententia
2801 5408 3099 5465 inchoabit.

2048 5478 2450 5547 Ἐπισκήψεις.
2491 5478 2688 5541 Credo,
2713 5478 3003 5563 θεηλάτους
3040 5478 3253 5548 πληγάς
3304 5482 3388 5574 in:

1886 5558 2037 5602 ηιαιι.
2071 5547 2529 5602 quemadmodum
2569 5558 2623 5602 et
2663 5565 2716 5602 ι).
2751 5531 2875 5602 138.
2905 5547 3232 5602 επισκήώεις
3261 5568 3366 5602 κατ

1816 5531 1931 5604 telli
1952 5531 2006 5601 ἶι
2020 5590 2037 5615 ,
2112 5531 2547 5603 uemai'tinoauxn
2569 5531 2875 5619 3.3.133,
2905 5531 3383 5618 ὲπῖσκήῷἑίξκᾶὲι

1816 5565 2045 5673 ἀσεὸϐῶν.
2071 5565 2349 5673 qSequitur
2395 5612 2469 5671 ὧν
2501 5618 2563 5673 δὴ
2590 5619 2650 5671 τὸ
2680 5619 2793 5673 καί.
2826 5618 3121 5673 Delendum
3170 5619 3383 5673 videtur

153 5618 456 5696 ἁμάρτοιεν,
490 5635 587 5696 aut
617 5618 821 5696 aliquid
848 5618 1059 5679 εἱωίιε.’
1075 5618 1212 5680 Tum
1239 5618 1526 5695 legendum
1550 5618 1711 5696 AvideJ

1857 5618 2045 5696 oeﬁc'bv:

416 5714 447 5748 ν
474 5695 586 5767 γὰρ
618 5688 807 5762 οὖσαν,
851 5709 978 5749 nam
1015 5696 1149 5751 alter
1174 5712 1205 5753 e
1233 5688 1513 5752 mattuscr.
1547 5693 1708 5749 habet

1857 5690 1947 5747 lud
1977 5689 2059 5755 τό,
2093 5704 2195 5747 nec
2221 5689 2470 5756 habetur,
2501 5704 2555 5758 p.
2584 5688 2706 5756 150,
2742 5689 2833 5744 ubi
2865 5688 3054 5744 eadem
3094 5692 3308 5759 repetit.

2167 5619 2349 5688 quitur
2395 5612 2469 5671 ὧν
2501 5618 2564 5688 δὴ
2590 5612 2793 5673 τὸόιαί.
2826 5612 3134 5673 Βοιρῐιόυιὶί
3170 5619 3383 5676 videtur
