3880 6218
239 259 348 316 229

780 407 1174 464 ΚΕΦΑἉΑῙΟΝ
1200 411 1260 464 Α¹
1272 452 1284 464 .

236 515 379 598 Περὶ
399 514 713 598 τῶν-,κατα
727 524 938 598 πόεῑεις
966 526 1368 598 χρηστηρίων,
1407 527 1504 581 καὶ
1532 520 1622 582 ὧν
1647 529 1826 598 μάλι-

306 589 498 667 έισξιξ
517 589 1017 667 διατεθρύγζληταῖ
1060 589 1131 650 τὰ
1161 589 1413 665 ﬂat-refrt
1451 598 1520 650 ἐν
1561 589 1823 667 παραὸόο

309 656 441 744 ξοιις
465 656 764 729 δαιμόνων
808 656 1214 744 ἐπέφανείαιξο
1255 667 1373 722 τίνι
1409 684 1476 722 τε
1516 656 1677 741 λόγῷ
1723 671 1822 725 καὶ

306 734 539 782 τούτων
570 734 1122 804 κατεφρονήσαμεν.

821 849 1252 905 ΠΡΟΟΙΜΙΟΝ.

304 948 381 1002 Τὸ
410 951 593 1022 τρίτον
621 949 761 1022 εἶδος
792 957 892 1029 τῆς
913 959 1173 1014 πολυθέου
1196 959 1424 1034 πλάνης,
1450 963 1542 1034 ἀφ’
1574 957 1643 1038 ἦς
1663 963 1823 1019 δυνά-

234 1056 327 1109 μει
349 1040 446 1095 καὶ
471 1043 764 1120 εὐεργεσίᾳ
789 1048 882 1102 τοῦ
906 1047 1197 1122 Λυτρωτοῦ
1241 1054 1337 1108 καὶ
1374 1056 1627 1128 Σωτῆρος
1661 1058 1820 1130 ἡμῶν

243 1132 418 1204 Ἰησοῦ
446 1137 683 1207 Χριστοῦ
714 1141 1186 1216 ἠλευθερώθημεν,
1204 1145 1261 1198 ἐν
1275 1146 1354 1217 τῷ
1379 1149 1626 1220 τετάρτῳ
1645 1135 1820 1223 τούτῳ

233 1239 370 1292 συγγ
378 1227 732 1302 ράμματιτῆς
761 1235 1179 1306 Εὐαγγελικῆς
1193 1242 1702 1312 προπαρασκευῆς
1713 1263 1825 1298 και-

231 1318 324 1389 ρὸς
355 1321 652 1391 ἀπελέγξαι
683 1325 860 1380 καλεῖ.
907 1327 1124 1400 Ἐπειδὴ
1150 1329 1260 1402 γὰρ
1283 1329 1345 1384 τὸ
1369 1333 1479 1386 πᾶν
1507 1333 1612 1404 τῆς
1639 1334 1818 1390 θεολο-

224 1411 352 1477 γίας
385 1413 568 1468 αὐτῶν
613 1412 756 1482 εἶδος
789 1419 871 1482 είς
912 1421 1040 1492 τρία
1083 1423 1446 1496 γενικώτερον
1481 1424 1812 1498 διαιροῦσιν

223 1499 305 1564 εἰς
343 1519 403 1554 τε
434 1503 495 1556 τὸ
525 1504 778 1575 μυθικὸν,
825 1509 932 1562 ὖπδ
961 1511 1071 1564 τῶν
1114 1512 1356 1583 ποιητῶν
1389 1516 1814 1588 τετραγῳδημέ-

221 1608 333 1660 νον,
371 1593 470 1648 ita}.
508 1597 590 1659 είς
624 1596 686 1649 τὺ
719 1599 977 1668 φυσικὸν,
1007 1600 1068 1654 τὸ
1095 1603 1160 1674 δὴ
1191 1603 1329 1672 πρὸς
1361 1603 1473 1658 τῶν
1508 1593 1815 1676 φιλοσόφων

220 1681 600 1756 ἐφευρημένω
621 1727 637 1752 ,
679 1686 760 1752 εἷς
809 1708 869 1744 τε
896 1691 957 1744 τδ
1001 1692 1137 1764 πρὸς
1163 1693 1272 1746 τῶν
1300 1693 1480 1766 νόμων
1517 1695 1814 1752 διεκδικού-

221 1791 404 1844 μενον,
457 1778 514 1830 ἐν
565 1778 773 1854 ἑκάστῃ
821 1783 975 1837 πόλει
1011 1786 1106 1838 καὶ
1150 1783 1305 1857 χώρᾳ
1358 1788 1774 1862 πεφυλαγμένον
1795 1811 1809 1824 σ

213 1865 426 1920 τούτων
448 1867 504 1920 δὲ
536 1869 680 1941 μέρη
702 1870 795 1924 δύο
821 1872 921 1945 ἤδη
955 1874 1219 1946 πρότερον
1244 1874 1335 1928 διὰ
1357 1876 1466 1930 τῶν
1489 1879 1594 1948 πρὸ
1619 1880 1807 1935 τούτου

216 1962 677 2032 συγγραμμάτων
726 1967 860 2036 ἡμῖν
903 1966 1236 2038 ἐξήπλωται,
1268 1968 1330 2021 τό
1361 1985 1422 2021 τε
1449 1970 1741 2043 ἱστορικὸν,
1781 1975 1809 2028 ὃ

210 2051 278 2121 δὴ
315 2053 544 2121 μυθικὸν
589 2055 702 2128 (19)
752 2057 1119 2126 ἀποκαλοῦσι,
1155 2064 1250 2118 καὶ
1294 2066 1357 2120 τὸ
1398 2066 1808 2138 ἐπαναϐεϐηκὸς

208 2144 342 2206 τοὺς
386 2144 590 2214 μύθους
611 2187 626 2212 ,
660 2147 689 2200 ὃ
720 2149 785 2220 δὴ
818 2152 1078 2220 φυσικὸν,
1120 2155 1152 2226 ἢ
1207 2155 1540 2230 θεωρητικὸν
1561 2199 1576 2224 ,
1632 2159 1665 2229 ἢ
1699 2161 1806 2230 ὅπη

207 2233 350 2307 ἄλλῃ
401 2237 681 2308 χαίρουσιν
716 2245 1250 2316 προσαγορεύοντες·
1306 2249 1498 2321 καιρὸς
1538 2251 1604 2306 ἂν
1629 2250 1714 2323 εἴη
1745 2252 1806 2304 τὸ

206 2330 397 2399 τρίτον
428 2332 522 2385 ἐπὶ
551 2333 646 2386 τοῦ
679 2335 947 2407 παρόντος
989 2339 1250 2406 διελθεῖν,
1289 2342 1448 2397 τοῦτο
1492 2344 1550 2398 δέ
1589 2348 1706 2399 ἐστι
1744 2345 1805 2398 τὸ

204 2421 356 2476 κατὰ
397 2423 582 2487 πόλεις
629 2428 724 2480 καὶ
769 2427 955 2499 χώρας
1001 2426 1294 2497 συνεστὸς,ῗ
1316 2434 1593 2490 πολιτικὸν
1622 2436 1804 2500 αὐτοῖς

205 2517 762 2588 προσαγορευόμενον
785 2535 799 2550 ο
849 2519 878 2572 ὃ
905 2521 1001 2574 καὶ
1037 2522 1269 2593 μάλιστα
1310 2526 1448 2597 πρὸς
1485 2526 1592 2580 τῶν
1623 2527 1804 2598 νόμων

201 2603 584 2670 διεκδικεῖται,
622 2606 700 2670 ὡς
739 2607 808 2661 ἂν
849 2609 1078 2663 παλαιὸν
1124 2611 1261 2683 ὁμοῦ
1295 2615 1391 2668 καὶ
1427 2615 1674 2685 πάτριον,
1707 2618 1802 2670 καὶ

199 2696 314 2766 τῆς
345 2696 455 2750 τῶν
483 2697 924 2772 θεολογουμένων
948 2703 1230 2774 δυνάμεως
1267 2706 1494 2760 αὐτόθεν
1535 2707 1636 2780 τὴν
1675 2709 1804 2780 ἀρε-

194 2788 310 2859 τὴν
343 2789 662 2859 ὑποφαῖνον.
689 2793 1148 2866 Διατεθρύλληται
1177 2795 1308 2865 γοῦν
1339 2797 1523 2861 αὐτοῖς
1570 2803 1803 2868 μαντεῖα

194 2880 302 2933 καὶ
326 2881 586 2952 χρησμοὶ,
624 2880 988 2956 θεραπεῖαίτε
1020 2887 1114 2938 καὶ
1138 2885 1356 2952 ἀκέσεις
1397 2889 1663 2942 παντοίων
1696 2908 1804 2946 πα-

195 2973 341 3037 θῶν,
377 2975 706 3047 ἐπισκήψεις
729 2993 788 3029 τε
813 2979 955 3031 κατὰ
981 2979 1192 3034 ἁσεόῶν
1213 2997 1227 3011 ο
1257 2974 1331 3035 ὧν
1353 2981 1416 3054 δὴ
1446 2983 1540 3036 καὶ
1561 2981 1649 3037 διὰ
1675 2983 1799 3037 πεί-

1422 276 1749 334 ΡΒΕΡΑΒ.
1791 279 2049 338 EVANG.
2091 282 2219 339 LIB.
2249 283 2339 342 IV.

1849 399 1899 457 Α

3396 296 3501 352 250

1927 510 2005 566 De
2032 513 2364 568 diversarum
2386 517 2599 596 urbium
2624 520 2877 583 oraculis,
2898 521 3074 596 iisque
3099 523 3350 596 nzaxime,
3368 542 3500 596 quo-

1996 600 2246 664 rumpra:
2275 589 2477 640 ca'teris
2528 605 2774 664 responsa
2830 589 3197 664 celebrantur,
3241 589 3500 652 daemoni-

1995 653 2101 734 bus
2116 654 2472 738 inexspectata
2495 653 2618 713 sese
2641 660 2816 728 forma
2836 653 3227 738 ostendentibus
3252 679 3270 718 :
3295 681 3500 738 quaque

1996 730 2200 779 ratione
2230 730 2477 796 permoti,
2502 745 2563 782 ea
2588 745 2791 800 quoque
2816 733 3182 800 spreverimus.

2485 841 2943 900 PROOEMIUM.

1995 950 2274 1023 Susceptze
2292 955 2676 1026 disputationis
2699 961 2836 1014 ordo
2855 963 3116 1030 postulat,
3162 973 3224 1020 ut
3276 966 3496 1022 tertiam

1922 1040 2070 1098 illius
2101 1046 2305 1101 erroris
2327 1056 2534 1117 partem
2567 1049 2661 1118 qui
2701 1050 2926 1105 deorum
2959 1054 3362 1112 multitudinem
3405 1059 3494 1113 in-

1921 1136 2088 1199 vexit,
2115 1136 2272 1206 130
2287 1153 2504 1208 quoque
2522 1139 2735 1193 liberati
2764 1140 3136 1212 Redemptoris
3163 1144 3497 1204 Servatoris-

1920 1240 2028 1295 que
2059 1227 2231 1282 nostri
2261 1226 2390 1282 Jesu
2429 1229 2634 1285 Christi
2657 1231 2856 1287 virtute
2879 1234 3252 1308 beneﬁcioque
3283 1255 3495 1309 sumus,

1919 1328 2118 1390 quarto
2142 1321 2249 1378 hoc
2275 1319 2696 1394 Prwparationis
2721 1325 3050 1398 Evangelia:
3076 1315 3215 1386 libro
3243 1334 3498 1391 confute-

1917 1427 2062 1467 mus.
2093 1411 2232 1467 Cum
2261 1415 2406 1469 enim
2435 1417 2748 1472 universam
2775 1419 3055 1491 theologia:
3085 1439 3198 1478 suae
3225 1427 3494 1482 rationem

1918 1503 1974 1556 in
1999 1503 2104 1558 tria
2128 1505 2296 1560 veluti
2328 1508 2711 1564 communiora
2735 1525 2934 1580 genera
2965 1516 3292 1583 partiantur,
3343 1517 3495 1572 fabu-

1917 1591 2119 1661 losum,
2149 1597 2295 1665 quod
2341 1606 2626 1667 poetarum
2655 1603 2906 1659 versibus
2939 1621 3112 1675 usque
3146 1608 3283 1662 adeo
3313 1608 3492 1677 jacta-

1917 1696 2032 1742 tum
2057 1698 2140 1745 est
2164 1707 2179 1755 ;
2216 1692 2484 1760 naturale,
2509 1694 2654 1764 quod
2693 1711 2724 1750 a
2752 1697 3094 1768 philosophis
3117 1700 3491 1770 excogitatum

1914 1779 2055 1846 fuit;
2089 1791 2144 1837 et
2179 1783 2333 1849 illud,
2361 1785 2507 1855 quod
2547 1787 2727 1857 legum
2764 1790 3089 1845 auctoritate
3127 1806 3377 1846 sanctum
3407 1803 3492 1848 at-

1912 1887 2019 1942 que
2040 1878 2334 1941 munitum,
2360 1876 2414 1929 in
2433 1876 2663 1946 singulis
2685 1879 2913 1936 urbibus
2945 1897 3008 1936 ac
3035 1883 3348 1953 regionibus
3375 1900 3492 1939 ser-

1909 1965 2024 2018 vari
2053 1968 2370 2022 consuevit:
2403 1983 2470 2024 ex
2503 1970 2570 2025 iis
2597 1979 2777 2026 autem
2810 1973 2919 2027 duo
2953 1973 3067 2042 jam
3111 1977 3489 2044 superioribus

1908 2056 2064 2112 libris
2098 2058 2151 2111 in
2179 2061 2426 2114 omnium
2472 2061 2646 2118 oculis
2678 2064 3052 2133 posuerimus.
3088 2081 3212 2120 cum
3266 2067 3490 2121 histori-

1909 2164 2054 2215 cum,
2072 2150 2216 2219 quod
2247 2151 2552 2208 fabulosum
2576 2156 2884 2221 nominant,
2910 2164 3026 2210 tum
3047 2158 3210 2212 etiam
3233 2159 3486 2224 alterum,

1907 2241 2052 2310 quod
2087 2241 2298 2298 fabulas
2336 2259 2529 2300 omnes
2556 2256 2872 2316 exsuperat,
2928 2249 3046 2304 sive
3105 2249 3159 2304 id
3215 2251 3484 2314 naturale,

1906 2333 2021 2387 sive
2046 2335 2486 2404 contemplationi
2532 2338 2831 2405 addictum,
2867 2342 2981 2394 sive
3013 2355 3340 2412 quocunque
3374 2343 3485 2398 alio

1905 2425 2129 2480 nomine
2151 2429 2422 2496 appellare
2446 2429 2639 2483 malint
2673 2449 2685 2484 :
2725 2431 2974 2500 sequitur
3007 2433 3258 2500 omnino,
3289 2444 3349 2489 ut
3373 2446 3485 2490 ter»-

1905 2515 2041 2570 tium
2100 2516 2204 2572 hoc
2237 2518 2496 2588 deinceps
2567 2520 2846 2575 volumine
2878 2537 3294 2592 persequamur.
3348 2525 3486 2580 Illud

1906 2617 2089 2662 autem
2127 2617 2232 2676 est,
2270 2611 2417 2679 quod
2471 2610 2598 2680 quia
2626 2627 2722 2680 per
2747 2613 2992 2684 singulas
3024 2615 3276 2671 civitates
3307 2632 3370 2671 ac
3404 2635 3490 2672 re-

1905 2697 2094 2767 giones
2124 2699 2486 2754 constitutum
2516 2699 2640 2768 fuit,
2673 2701 2830 2756 civile
2855 2703 2926 2758 ab
2969 2704 3036 2760 iis
3086 2715 3435 2776 nuncupatur
3465 2725 3481 2774 ;

1905 2804 2082 2860 eoque
2112 2792 2413 2860 praesertim
2438 2793 2617 2863 legum
2646 2800 2699 2848 vi
2744 2795 3109 2866 praesidioque
3134 2798 3442 2854 defenditur
3464 2840 3482 2866 ,

1904 2883 2050 2952 quod
2087 2899 2196 2936 non
2244 2883 2531 2955 antiquum
2580 2886 2743 2940 modo
2771 2887 3118 2958 patriumque
3169 2889 3261 2957 sit,
3291 2906 3482 2946 verum

1902 2975 2065 3029 etiam
2091 2990 2308 3042 eorum,
2335 2989 2471 3047 quos
2497 2977 2602 3046 ipsi
2648 2978 2877 3032 deorum
2905 2979 2958 3032 in
2994 2980 3114 3035 loco
3143 2997 3482 3053 numeroque

197 3080 316 3135 ρας
346 3064 520 3119 ἐλθεῖν
545 3067 868 3134 φάσκοντες,
900 3064 960 3123 εὖ
992 3070 1138 3140 μάλα
1171 3071 1502 3128 πεπείκασιν
1546 3075 1794 3141 ἑαυτοὺς,

1909 3075 2134 3136 ponunt,
2157 3067 2335 3124 virtus
2366 3075 2528 3138 atque
2549 3069 2811 3139 potentia,
2849 3069 2952 3126 hoc
2983 3081 3241 3144 tanquam
3277 3074 3355 3128 rei
3385 3089 3484 3144 per

193 3156 272 3210 τὰ
301 3156 422 3210 θεῖα
445 3158 744 3229 τιμῶντας,
776 3161 848 3215 τὰ
879 3162 1065 3217 δίκαια
1107 3165 1370 3240 πράττειν
1391 3183 1404 3198 ·
1439 3168 1595 3239 ’ἡμᾶς
1631 3169 1689 3222 δὲ
1727 3169 1798 3224 τὰ

200 3247 447 3319 μέγιστα
472 3249 713 3314 ἀσεϐεῖν,
732 3251 832 3316 τὰς
855 3252 1026 3317 οὕτως
1045 3256 1308 3325 ἐμφανεῖς
1328 3256 1422 3309 καὶ
1441 3258 1798 3330 εὐεργετικὰς

196 3339 474 3411 δυνάμεις
504 3341 564 3394 ἐν
583 3343 758 3396 οὐδενὶ
788 3344 933 3416 λόγῳ
959 3346 1296 3418 τιθεμένους,
1319 3347 1578 3420 ἄντικρυς
1599 3349 1657 3403 δὲ
1686 3365 1796 3404 πα-

205 3432 585 3502 ρανομοῦντας
603 3450 618 3465 ο
643 3434 762 3490 δέον
799 3436 976 3491 σέϐειν
1003 3437 1234 3493 ἕκαστον
1265 3438 1336 3492 τὰ
1366 3440 1573 3512 πάτρια
1591 3481 1606 3506 ,
1659 3441 1796 3512 μηδὲ

202 3525 379 3576 κινεῖν
407 3522 478 3577 τὰ
499 3523 756 3597 ἀκίνητα,
795 3531 1027 3599 στοιχεῖν
1052 3527 1112 3580 δὲ
1131 3529 1228 3582 καὶ
1255 3529 1554 3598 ἐφέπεσθαι
1589 3533 1656 3602 τῇ
1685 3531 1797 3585 τῶν

202 3617 580 3690 προπατόρων
633 3617 921 3692 εὐσεϐείᾳ,
978 3619 1115 3673 ἀλλὰ
1180 3619 1254 3692 μὴ
1316 3621 1793 3694 πολυπραγμονεῖν

204 3711 370 3782 ἔρωτι
405 3713 779 3784 καινοτομίας.
815 3711 1002 3785 Ταύτῃ
1037 3710 1168 3779 γοῦν
1213 3729 1374 3781 φασιν
1413 3713 1652 3780 ἐπαξίως
1698 3714 1795 3768 καὶ

202 3807 439 3862 θάνατον
470 3806 578 3859 ὑπὸ
621 3805 731 3859 τῶν
759 3805 940 3876 νόμων
968 3805 1201 3877 ὡρίσθαι
1247 3809 1362 3871 τοῖς
1409 3805 1794 3878 πλημμελοῦσι

199 3897 304 3966 τὴν
332 3896 565 3966 ζημίαν.
599 3897 674 3949 Τὸ
707 3896 805 3968 μὲν
829 3891 921 3950 οὗν
945 3895 1162 3968 πρῶτον
1197 3898 1469 3970 ἱστορικόν
1499 3915 1562 3951 τε
1605 3897 1664 3953 ὃν
1698 3898 1793 3951 καὶ

197 3983 433 4054 μυθικὸν
467 3983 571 4053 τῆς
603 3983 882 4052 θεολογίας
905 3982 1043 4049 εἶδος
1061 4027 1076 4053 ,
1104 3988 1212 4057 ὅπη
1241 4005 1324 4050 τις
1355 3987 1599 4058 βούλεται
1624 4005 1790 4073 ποιηη

197 4071 305 4124 τῶν
331 4071 572 4126 τιθέσθω
589 4089 602 4103 ο
631 4071 821 4145 ῶσπερ
849 4069 942 4128 οὖν
970 4077 1064 4130 καὶ
1093 4077 1394 4147 φιλοσόφων
1416 4079 1475 4132 τὸ
1508 4078 1779 4151 δεύτερον,

197 4163 285 4215 διὰ
313 4163 421 4234 τῆς
447 4163 557 4217 τῶν
603 4164 788 4235 μύθων
830 4170 1210 4241 φυσικωτὲρας
1241 4170 1562 4243 ἀλληγορίας
1602 4172 1783 4242 ἁπηγ-

201 4257 489 4328 γελμένον·
518 4258 580 4311 τὸ
604 4257 660 4311 δὲ
691 4257 904 4330 τρίτον,
934 4261 962 4313 ὃ
987 4261 1081 4314 καὶ
1112 4263 1246 4333 πρὸς
1272 4263 1378 4316 τῶν
1412 4263 1684 4334 ἀρχόντων
1707 4263 1784 4327 ὡς

207 4350 270 4404 ἂν
299 4353 538 4406 παλαιὸν
559 4352 693 4423 ὁμοῦ
714 4354 808 4406 καὶ
829 4353 1120 4416 πολιτικὸν,
1144 4356 1400 4425 τιμητέον
1421 4373 1479 4407 τε
1501 4356 1596 4408 καὶ
1624 4355 1788 4423 φυλα-

1899 3175 1960 3216 se
1984 3161 2158 3228 ipsam
2175 3160 2450 3230 loquentis
2477 3160 2794 3215 testimonio
2811 3162 3137 3218 declaretur.
3166 3164 3480 3230 Enimvero,

1898 3253 2109 3323 pridem
2141 3253 2284 3323 apud
2304 3252 2438 3308 istos
2470 3253 2689 3308 oracula
2716 3253 2964 3323 quaedam
2997 3263 3160 3325 atque
3191 3271 3478 3327 responsa,

1898 3345 2214 3400 morborum
2249 3345 2430 3400 omnis
2462 3348 2677 3416 generis
2708 3347 3046 3415 curationes,
3073 3349 3344 3419 illatasque
3366 3365 3481 3404 οω-

1897 3437 2028 3493 litus
2056 3437 2110 3492 in
2135 3437 2332 3507 impios
2367 3437 2705 3508 gravissimae
2725 3439 3064 3495 calamitates
3101 3441 3478 3509 celebrantur;

1898 3547 2021 3603 qua:
2041 3531 2171 3586 dum
2197 3546 2255 3584 se
2281 3530 2432 3600 ipsos
2457 3533 2623 3586 etiam
2663 3532 2999 3602 experientia
3023 3548 3186 3589 nosse
3219 3535 3481 3604 proﬁten-

1898 3631 2008 3688 tur,
2034 3632 2148 3676 tum
2179 3635 2308 3675 vero
2330 3620 2455 3690 jure
2484 3621 2587 3676 sibi
2619 3621 2875 3675 nimirum
2896 3622 3245 3691 persuadent,
3271 3638 3329 3678 se
3350 3623 3474 3693 qui-

1898 3713 2044 3778 dem,
2074 3712 2221 3783 quod
2251 3714 2383 3768 deos
2409 3713 2616 3780 colant,
2664 3713 2814 3782 juste
2851 3713 3077 3767 omnino
3103 3713 3322 3770 facere:
3373 3731 3476 3772 nos

1897 3812 2078 3858 autem
2103 3803 2394 3857 admodum
2427 3803 2613 3872 impie,
2644 3803 2737 3872 qui
2771 3812 2880 3856 tam
2913 3813 3226 3872 perspectas
3271 3805 3476 3860 beneﬁ-

1896 3907 2099 3962 casque
2125 3892 2354 3946 virtutes
2382 3892 2539 3946 nihili
2577 3891 2884 3957 faciamus;
2917 3893 3161 3971 adeoque
3192 3893 3336 3964 leges
3372 3910 3472 3963 pa-

1894 3985 2002 4038 lam
2029 3999 2059 4038 a
2091 3984 2251 4039 nobis
2277 3993 2570 4054 aperteque
2597 3983 2828 4047 violari,
2862 3999 2985 4038 cum
3019 3984 3228 4054 patrios
3273 4001 3470 4055 quem-

1894 4093 2001 4148 que
2028 4075 2167 4131 ritus
2191 4075 2444 4146 religiose
2472 4075 2654 4130 colere
2690 4084 2915 4144 oportea
2948 4107 2964 4131 φ
3023 4083 3198 4137 neque
3267 4073 3470 4132 intacta

1893 4169 2100 4224 dudum
2135 4167 2380 4223 instituta
2406 4167 2732 4234 convellere,
2758 4167 2852 4222 sed
2882 4167 3088 4237 pressis
3117 4169 3277 4238 quasi
3301 4171 3471 4225 vesti-

1893 4262 1996 4333 giis
2031 4261 2301 4332 majorum
2333 4260 2589 4330 pietatem
2630 4260 2702 4314 ita
2729 4261 3056 4323 consectari,
3087 4260 3224 4314 nihil
3253 4268 3312 4315 ut
3338 4275 3472 4330 pra:-

1892 4363 2041 4409 terea
2093 4368 2278 4407 rerum
2312 4367 2577 4407 novarum
2634 4353 2817 4408 studio
2867 4352 3140 4406 curiosius
3185 4353 3468 4408 moliatur.

199 4444 358 4497 κτέον
401 4439 543 4498 εἶναι
588 4444 1022 4516 νενομοθέτηται,
1053 4446 1192 4517 μήτε
1216 4462 1302 4508 τις
1325 4445 1586 4517 ποιητῶν,
1631 4447 1784 4516 φασὶ,

1909 4445 2073 4514 Quare
2100 4460 2319 4516 poenam
2349 4445 2512 4500 etiam
2545 4445 2738 4515 capitis
2766 4445 2821 4499 in
2857 4445 3022 4516 hujus
3057 4446 3310 4500 maleﬁcii
3341 4463 3468 4502 reos

201 4539 341 4607 μήτε
375 4535 682 4606 φιλοσόφων
711 4537 932 4591 κιθείτω
954 4553 968 4568 ·
1002 4540 1116 4601 τοῖς
1142 4537 1190 4590 δ’
1220 4539 1284 4591 ἐκ
1313 4537 1546 4592 παλαιοῦ
1577 4541 1788 4612 κρατή-

1918 4548 2037 4595 uste
2082 4539 2293 4608 legibus
2351 4537 2705 4592 constitutam
2750 4553 2872 4593 esse
2920 4539 3294 4608 pronuntiant.
3329 4536 3464 4592 Nam

197 4645 325 4682 σασι
376 4629 600 4701 θεσμοῖς
640 4630 697 4684 ἐν
735 4647 795 4683 τε
836 4630 1026 4702 ἀγροῖς
1063 4630 1160 4685 καὶ
1191 4631 1376 4686 πόλεσι
1424 4633 1629 4703 μενέτω
1675 4636 1788 4699 πᾶς

1909 4631 2131 4700 πίῐηιιῐη
2159 4646 2292 4687 sane
2324 4629 2610 4697 theologia:
2636 4630 2956 4685 historicum
2979 4629 3359 4685 fabulosumve
3385 4645 3470 4699 εει

196 4720 453 4791 στοιχῶν,
490 4721 677 4793 νόμοις
721 4723 972 4792 πατρίοις
999 4722 1340 4794 πειθόμενος.
1393 4725 1537 4805 Πρὸς
1584 4725 1649 4797 δὴ
1689 4724 1786 4781 οὖν

194 4813 372 4867 ταῦτα
405 4815 594 4885 καιρὸς
626 4815 916 4869 ἀποδοῦναι
939 4815 1030 4868 τὸν
1055 4818 1187 4888 παρ’
1213 4818 1347 4888 ἡμῖν
1374 4816 1552 4886 λόγον,
1583 4819 1783 4873 ἀπολοκ

193 4907 398 4976 γισμόν
425 4923 484 4960 τε
508 4907 764 4976 ὑποσχεῖν
794 4908 896 4978 τῆς
918 4906 1012 4961 τοῦ
1062 4908 1314 4980 Σωτῆρος
1355 4909 1515 4980 ἡμῶν
1547 4912 1780 4980 εὐαγγε-

192 4999 355 5069 λικῆς
381 5000 765 5071 πραγματείας
788 5000 1286 5074 ἀντικηρυττούσης
1310 5005 1422 5065 τοῖς
1444 5002 1775 5075 εἰρημένοις,

191 5092 288 5144 καὶ
331 5095 444 5155 τοῖς
479 5092 586 5147 τῶν
623 5092 793 5147 ἐθνῶν
821 5093 1076 5148 ἁπάντων
1114 5093 1301 5165 νόμοις
1335 5093 1776 5166 ὰντινομοθετού-

190 5200 313 5254 σηςο

1891 4736 2018 4786 nus,
2050 4737 2152 4778 suo
2203 4731 2362 4792 poeta
2414 4722 2643 4792 quilibet
2702 4722 2871 4792 tingat
2915 4723 3185 4777 arbitrio:
3233 4722 3466 4776 alterum

1891 4815 2020 4871 item
2046 4817 2198 4880 illud,
2233 4817 2460 4887 propius
2500 4816 2568 4870 ad
2618 4824 2872 4870 naturam
2935 4816 3223 4886 allegorica
3252 4814 3465 4869 fabula-

1888 4922 2010 4961 rum
2045 4907 2402 4976 explicatione
2435 4906 2769 4973 traductum,
2805 4906 3254 4976 philosophorum
3283 4905 3465 4960 disce-

1886 5000 2223 5071 ptationibus
2250 5000 2616 5069 permittatur.
2649 4997 2718 5050 At
2750 5013 2878 5053 vero
2916 4998 3136 5053 tertium
3167 4997 3290 5060 hoc,
3317 4995 3464 5065 quod

1885 5102 2074 5162 utpote
2109 5091 2554 5162 antiquissimum
2580 5104 2645 5144 ac
2665 5089 2824 5144 civile
2850 5089 3095 5159 ipsorum
3122 5087 3284 5140 etiam
3314 5086 3463 5155 prin-

1884 5188 2066 5256 cipum
2091 5184 2302 5254 legibus
2335 5183 2572 5237 retinere
2608 5189 2663 5238 et
2694 5182 2984 5237 observare
3029 5180 3285 5250 iubemur
3309 5220 3325 5247 ,
3360 5194 3463 5234 nec

188 5288 500 5349 poetarum,
534 5279 810 5350 inquiunt,
849 5295 948 5336 nec
998 5281 1450 5352 philosophorum
1511 5280 1656 5336 ullus
1711 5283 1984 5353 attingat:
2021 5279 2115 5334 sed
2161 5277 2255 5348 qui
2284 5275 2397 5346 jam
2430 5275 2560 5370 olim
2591 5285 2701 5330 tam
2738 5274 2793 5328 in
2825 5275 2992 5370 agris,
3029 5286 3192 5342 quam
3313 5271 3464 5370 urbi-

186 5374 293 5428 bus
314 5374 456 5426 ritus
484 5373 743 5436 obtinuit,
767 5373 835 5429 ad
857 5389 982 5430 eum
1013 5381 1325 5428 constanter
1347 5385 1561 5437 omnes,
1616 5372 1812 5440 patriis
1851 5370 2052 5425 addicti
2091 5370 2322 5440 legibus,
2391 5367 2788 5423 adhaerescant.
2823 5364 2950 5420 Haec
2983 5370 3145 5429 sunt,
3177 5362 3378 5432 quibus
3406 5362 3460 5414 in

185 5463 480 5535 praesentia
523 5466 605 5521 sic
657 5465 810 5535 131
844 5466 1003 5522 nobis
1048 5463 1489 5537 respondendum
1551 5473 1656 5532 est,
1716 5472 1777 5519 ut
1814 5463 2112 5536 evangelici
2177 5463 2436 5532 instituti,
2477 5462 2625 5534 quod
2665 5477 2696 5516 a
2728 5459 3018 5516 Servatore
3069 5465 3260 5512 nostro
3319 5453 3458 5509 alla-

260 5623 374 5692 (19)
419 5623 484 5674 Ὃ
537 5621 616 5689 δὴ
662 5624 942 5691 μυθικόν,
989 5633 1095 5680 etc.
1134 5621 1374 5681 Paucula
1426 5621 1623 5688 verba,
1674 5620 1772 5678 sed
1806 5623 1964 5680 valde
2011 5623 2341 5690 necessaria,
2391 5621 2760 5692 supplevimus
2811 5633 2877 5675 ex
2929 5622 3099 5674 altero
3151 5628 3457 5678 manuscr»

189 5710 310 5760 una:
341 5695 506 5750 etiam
541 5695 786 5763 agnoscit
820 5692 992 5750 Mont.
