3858 6224
354 285 457 344 231

1030 277 1300 336 EUSEBlI
1333 267 1812 333 CIESARIENSIS
1851 262 2002 319 OPP.
2043 257 2219 316 PARS
2264 255 2327 311 ll.
2352 287 2422 300 —
2446 254 2948 314 APOLOGETICA.

3497 245 3606 299 232

348 411 460 454 tum
489 405 594 466 est,
624 395 889 452 rationem
909 409 1033 450 cum
1059 393 1240 462 aliqua
1256 390 1570 445 defensnone
1613 382 1926 442 reddamus,
1967 375 2024 429 in
2061 389 2170 444 quo
2198 373 2344 444 leges
2373 373 2494 428 Istis
2519 372 2776 428 omnibus
2827 383 2894 425 ac
2952 365 3192 438 gentium
3222 359 3606 417 universarum

344 488 562 561 legibus
581 487 870 542 contrariae
905 484 1156 539 feruntur
1187 489 1351 550 atque
1374 475 1808 549 promulgantur.

415 539 559 560 ,———~
588 539 767 542 ----κη
829 539 861 540 η
1262 539 1280 550 ,
1374 539 1392 549 -
1594 539 1619 544 _

415 580 662 636 Primum
727 579 911 651 itaque
937 615 953 638 ,
995 575 1290 630 simulacra
1361 572 1603 625 inanima
1637 567 1769 621 deos
1799 576 1911 617 non

2093 555 2213 609 Ὅτι
2243 552 2342 624 μέν
2370 547 2462 604 οῦν
2505 549 2564 603 οὑ
2601 548 2716 602 θεοὶ
2753 545 2823 600 τά
2860 545 3045 616 ἄψυχα
3085 543 3282 610 ξόανα,
3329 539 3605 612 προφανὲς

350 691 494 739 esse,
529 675 629 745 ipsi
649 687 868 744 quoque
901 669 1061 726 facile
1101 667 1456 741 agnoverint:
1507 664 1720 728 deinde,
1781 659 1918 716 nihil

351 783 599 839 prorsus,
629 765 770 835 quod
795 765 1028 834 speciem
1063 762 1298 832 aliquam
1325 760 1435 814 Deo
1457 759 1676 828 dignam
1702 754 1916 817 haheat,

351 859 598 915 fabulosa
629 872 816 912 eorum
876 854 1148 924 theologia
1205 851 1493 914 contineri,
1552 849 1729 918 primo
1778 846 1919 899 libro

353 950 486 1005 satis
524 947 895 1012 ostendimus;
966 953 1284 1014 postremo,
1341 957 1410 996 ne
1472 941 1647 1009 ipsam
1701 935 1919 1005 quidem

353 1049 563 1096 natura:
589 1039 896 1109 propiorem
939 1053 1002 1092 ac
1031 1035 1465 1106 philosophicam
1499 1031 1804 1086 fabularum
1832 1030 1920 1082 in-

354 1130 820 1200 terpretationem,
873 1143 984 1182 non
1013 1136 1230 1181 coactas
1257 1125 1458 1179 habere
1483 1121 1785 1192 explicandi
1835 1133 1922 1172 ra-

355 1224 552 1286 tiones,
581 1223 635 1275 in
671 1219 910 1275 secundo
946 1221 1214 1289 tertioque
1247 1217 1617 1287 probavimus.
1651 1210 1924 1281 Nuncigi—

355 1323 468 1379 tur,
501 1315 576 1379 id,
609 1313 754 1383 quod
781 1313 1000 1366 tertium
1031 1319 1134 1376 est,
1160 1309 1463 1375 videamus,
1487 1305 1618 1377 quid
1648 1304 1718 1360 de
1747 1304 1921 1357 virtu-

356 1408 503 1463 tibus
525 1406 580 1460 in
605 1405 915 1460 simulacris
938 1402 1382 1458 delitescentibus
1403 1399 1715 1455 existimare
1763 1411 1925 1464 Opor-

357 1507 502 1565 teat;
547 1513 711 1553 easne
765 1496 1010 1551 moribus
1067 1493 1318 1550 liberales
1350 1532 1366 1558 ,
1435 1492 1654 1561 probas,
1688 1501 1925 1556 vereque

359 1596 571 1650 divinas
604 1606 744 1656 esse,
775 1607 842 1645 an
875 1591 1100 1646 omnino
1146 1598 1352 1643 contra.
1404 1585 1726 1653 Quanquam
1783 1581 1924 1635 alius

360 1687 521 1750 forte,
536 1685 629 1754 qui
649 1684 788 1738 hanc
806 1681 1228 1752 disputationem
1252 1679 1544 1740 insisteret,
1557 1673 1818 1746 quidquid
1835 1671 1925 1726 isti

361 1786 606 1840 narrant,
638 1774 885 1829 fraudem
922 1780 976 1827 et
1010 1785 1248 1826 errorem
1291 1784 1433 1835 esse,
1460 1783 1526 1822 ac
1556 1764 1925 1821 veneﬁcorum

363 1880 529 1930 artes,
561 1866 974 1937 praestigiasqtze
1006 1861 1381 1927 contenderet,
1433 1861 1618 1928 itaque
1646 1858 1924 1926 vulgarem

2020 646 2114 700 κάὶ
2151 646 2370 708 αὑτοῖς·
2407 644 2488 696 ὅτι
2529 641 2575 695 δ’
2611 640 2734 694 οὑδὲ
2764 639 2834 692 τὰ
2879 638 2977 708 τῆς
3013 634 3250 708 μυθικῆς
3279 632 3461 688 αὐτῶν
3489 632 3606 686 θεο-

2018 740 2207 807 λογίας
2237 737 2393 807 φέροι
2424 733 2546 788 τινά
2576 731 2772 803 σεμνὸν
2806 729 2901 784 καὶ
2926 727 3201 798 θεοπρεπῆ
3235 725 3412 794 λόγον,
3442 726 3500 778 ἐν
3525 723 3608 794 τῷ

2019 832 2220 901 πρώτῳ
2251 827 2515 880 δέδεικται
2538 824 2964 894 συγγράμματι·
2989 819 3179 890 ὥσπερ
3201 814 3293 872 οὖν
3317 818 3411 871 καὶ
3443 818 3501 869 ἐν
3525 816 3608 887 τῷ

2017 921 2290 992 δευτέρῳ,
2327 919 2422 972 καὶ
2463 917 2667 988 τρίτῳ,
2694 916 2776 968 ὅτι
2810 913 2946 985 μηδὲ
2976 913 3044 966 τὰ
3082 913 3182 983 τῆς
3223 907 3609 980 φυσικωτέρας

2019 1014 2114 1067 καὶ
2146 1010 2433 1081 φιλοσόφου
2462 1007 2568 1060 τῶν
2601 1003 2784 1077 μύθων
2815 1003 3108 1074 ἑρμηνείας
3137 1001 3395 1054 ἀϐίαστον
3420 997 3610 1062 αὐτοῖς

2021 1104 2265 1176 περιέχει
2291 1102 2386 1172 τὴν
2406 1099 2686 1170 ἐξήγησιν.
2705 1097 2776 1149 Τὸ
2798 1097 2862 1166 δὴ
2886 1095 3066 1168 τρίτον
3088 1094 3223 1165 φέρε
3249 1088 3606 1161 σκεψώμεθα,

2019 1197 2072 1250 τί
2103 1214 2232 1250 ποτε
2264 1195 2372 1266 χρὴ
2415 1190 2654 1264 νομίζειν
2682 1189 2781 1253 τὰς
2812 1191 2868 1242 ἐν
2895 1191 3006 1250 τοῖς
3039 1185 3245 1251 ξοάνοις
3270 1181 3613 1255 ἐμφωλευού-

2023 1304 2121 1352 σας
2152 1286 2409 1358 δυνάμεις
2430 1301 2442 1314 ·
2477 1283 2684 1354 πότερα
2721 1280 2814 1332 τὸν
2843 1278 3042 1349 τρόπον
3073 1275 3294 1339 ἀστείας
3336 1276 3430 1328 καὶ
3463 1276 3608 1343 ἀγα-

2022 1379 2150 1443 θάς,
2203 1378 2298 1431 καὶ
2329 1376 2403 1439 ὡς
2446 1373 2666 1444 ἀληθῶς
2711 1370 2860 1434 θείας
2882 1409 2898 1435 ,
2945 1371 2978 1439 ἦ
3014 1368 3216 1422 τούτων
3250 1367 3504 1420 ἁπάντων
3537 1363 3612 1416 τὰ

2022 1472 2259 1526 ἐναντία.
2320 1470 2512 1532 Ἀλλος
2564 1468 2660 1538 μὲν
2694 1463 2785 1521 οῦν
2831 1467 2971 1536 τάχα
3016 1464 3083 1518 ἂν
3134 1464 3264 1526 ἴσως
3288 1503 3302 1527 ,
3350 1461 3442 1514 τὸν
3477 1458 3612 1529 περὶ

2021 1565 2226 1620 τούτων
2268 1561 2536 1631 ἐφοδεύων
2579 1558 2771 1626 λόγον,
2803 1556 3010 1626 πλάνην
3045 1549 3183 1607 εἶναι
3225 1551 3285 1604 τὸ
3320 1552 3460 1614 πᾶν,
3511 1548 3614 1601 καὶ

2023 1660 2230 1730 γοήτων
2260 1653 2467 1724 ἀνδρῶν
2497 1648 2846 1722 τεχνάσματά
2879 1664 2938 1699 τε
2981 1647 3073 1699 καὶ
3118 1642 3469 1715 ῥᾳδιουργίας
3507 1641 3614 1692 ὑπ-

2023 1754 2321 1820 εστήσατο,
2369 1747 2600 1801 καθόλου
2629 1741 2988 1814 περιγράφων
3033 1738 3133 1809 τὴν
3186 1737 3373 1802 δόξαν,
3421 1735 3497 1796 ὡς
3534 1733 3613 1803 μὴ

2025 1846 2106 1898 ὅτι
2127 1841 2260 1897 Θεοῦ
2281 1883 2296 1908 ,
2323 1840 2459 1894 ἀλλά
2492 1839 2624 1910 μηδέ
2652 1833 2892 1906 πονηροῦ
2920 1833 3172 1903 δαίμονος
3204 1825 3343 1882 εἶναι
3368 1825 3615 1897 νομίζειν

363 1920 610 2014 funditus
632 1920 939 2025 opinione-tn
961 1953 1235 2018 evelleret,
1268 1959 1328 2004 ut
1351 1965 1462 2004 non
1487 1920 1660 2003 solum
1686 1920 1814 2011 Deo,
1831 1945 1925 1998 sed

2040 1936 2096 1989 ιὰ
2129 1935 2254 2006 περὶ
2287 1929 2451 1986 αὑτοῦ
2484 1928 2876 2001 θρυλλούμενα.
2911 1924 2993 1977 Τά
3042 1922 3142 1994 μὲν
3183 1921 3293 1991 γὰρ
3327 1920 3616 1988 ποιήματα.

364 2068 434 2107 ne
459 2051 604 2105 malo
635 2048 852 2118 quidem
915 2044 1149 2100 daemoni
1179 2085 1195 2110 ,
1232 2058 1353 2112 quae
1391 2040 1592 2110 passim
1623 2039 1688 2093 de
1727 2038 1818 2091 illo
1843 2038 1928 2106 ja-

365 2151 601 2205 ctantur,
626 2138 952 2209 assignanda
976 2151 1096 2191 esse
1122 2141 1402 2190 statueret.
1430 2130 1634 2200 Quippe
1669 2143 1928 2198 responsa

366 2234 511 2288 enim
543 2232 768 2286 deorum
793 2227 1102 2282 artiﬁciosis
1128 2225 1376 2280 versibus
1399 2224 1620 2291 illigata,
1646 2221 1926 2274 hominum

367 2325 555 2392 utique
580 2338 688 2376 non
710 2321 1006 2375 bardorum
1037 2327 1198 2388 atque
1223 2317 1536 2378 stultorum,
1571 2314 1666 2368 sed
1715 2313 1781 2367 ad
1832 2312 1932 2367 fal-

366 2416 535 2470 lacias
562 2414 824 2482 dolosque
854 2411 1155 2466 moliendos
1205 2408 1450 2478 apprime
1477 2405 1745 2460 factorum
1776 2419 1930 2458 com-

367 2517 550 2562 menta
576 2521 697 2561 esse
723 2523 738 2572 ;
772 2520 892 2574 quae
918 2503 1138 2572 ancipiti
1172 2510 1225 2555 et
1250 2499 1506 2569 ambiguo
1532 2511 1780 2553 sermone
1809 2510 1934 2550 con-

366 2606 536 2664 texta,
569 2597 626 2650 in
680 2605 963 2663 utramque
999 2590 1295 2661 exspectati
1327 2603 1507 2643 rerum
1555 2594 1780 2642 eventus
1812 2600 1935 2654 par-

367 2695 478 2743 tem
506 2701 610 2741 non
633 2686 811 2753 inepte
839 2683 1030 2736 cadere
1059 2688 1113 2734 et
1137 2678 1406 2749 quadrare
1427 2675 1660 2746 possint.
1681 2671 1756 2726 Ea
1783 2685 1931 2736 vero,

371 2779 570 2849 quibus
592 2777 713 2832 rudi
740 2773 1030 2845 plebeculae
1062 2770 1378 2841 imponitur,
1409 2767 1792 2822 circulatorum
1807 2777 1935 2832 pro-

371 2871 537 2941 digia,
567 2882 692 2924 cum
724 2866 1070 2921 naturalibus
1099 2861 1283 2917 causis
1310 2875 1432 2916 esse
1466 2857 1779 2927 conjuncta.
1807 2854 1937 2909 Plu-

373 2961 512 3014 rima
534 2959 681 3012 enim
713 2955 966 3010 universa
991 2954 1044 3006 in
1074 2960 1268 3006 natura
1299 2950 1561 3004 exsistere
1589 2987 1606 3014 ,
1647 2946 1890 3000 radicum
1917 2980 1938 3007 ,

375 3050 688 3112 herbarum,
721 3046 1053 3114 plantarum,
1079 3040 1375 3106 fructuum,
1403 3037 1667 3107 lapidum,
1696 3036 1938 3104 itemque

377 3137 608 3191 aliarum
649 3150 714 3188 ex
743 3133 891 3187 omni
944 3129 1193 3192 materia,
1220 3131 1332 3182 sive
1359 3128 1650 3192 siccarum,
1681 3126 1797 3182 sive
1830 3127 1937 3180 bu-

379 3227 648 3281 tnidarunt
673 3224 934 3277 virtutum
965 3235 1184 3290 genera,
1211 3233 1443 3287 quarum
1465 3218 1584 3272 alia:
1607 3217 1937 3286 propellendi

378 3325 434 3370 et
460 3313 709 3384 ejiciendi
744 3311 854 3366 vim
877 3311 1135 3375 habeant,
1160 3307 1282 3362 aliae
1309 3308 1622 3363 secernendi
1666 3324 1730 3363 ac
1778 3309 1941 3364 dissi-

379 3407 564 3481 pandi,
615 3405 736 3460 aliaa
789 3411 979 3459 contra
1022 3401 1108 3456 vel
1165 3399 1509 3470 constipandi
1565 3400 1648 3455 vel
1677 3400 1939 3467 sistendi,

380 3500 620 3566 itemque
647 3492 886 3560 laxandi,
928 3490 1274 3547 humectandi
1303 3529 1320 3556 ,
1376 3488 1733 3544 rarefaciendi
1764 3507 1777 3543 :
1813 3505 1942 3544 rur-

383 3605 612 3659 sumque
634 3575 886 3644 servandi
921 3584 1062 3647 aliaa,
1122 3581 1241 3636 aliae
1272 3581 1593 3650 perimendi,
1625 3596 1689 3635 ac
1713 3595 1946 3651 praesen-

383 3695 490 3740 tem
531 3680 774 3752 corporis
807 3687 1009 3734 statum
1043 3675 1208 3730 modo
1238 3673 1294 3728 in
1325 3674 1494 3737 hunc,
1531 3674 1692 3728 modo
1724 3682 1944 3727 contra-

382 3780 526 3832 rium
559 3777 771 3845 penitus
801 3770 1124 3827 immutandi
1151 3787 1164 3822 :
1209 3777 1372 3837 atque
1398 3768 1627 3821 aliarum
1655 3766 1946 3821 eﬂicacita-

383 3879 492 3924 tem
513 3866 765 3939 longiori,
785 3864 1017 3918 aliarum
1036 3860 1270 3916 breviori
1283 3870 1522 3930 tempore
1538 3858 1910 3914 circumscribi
1929 3877 1944 3926 ;

386 3957 741 4025 similiterque
772 3954 1003 4008 aliarum
1036 3951 1104 4006 ad
1136 3951 1340 4020 plures,
1391 3949 1458 4004 ad
1500 3950 1788 4019 pauciores
1813 3951 1950 4004 alia-

386 4064 509 4106 rum
540 4061 658 4102 sese
687 4044 1019 4110 diffundere;
1052 4051 1314 4112 praeterea
1345 4041 1479 4096 alias
1528 4042 1720 4110 praeire
1739 4083 1754 4106 ,
1794 4042 1949 4111 sequi

387 4142 544 4206 alias,
576 4138 712 4192 alias
730 4136 964 4206 denique
985 4149 1310 4190 concurrere
1337 4149 1459 4189 cum
1484 4135 1627 4200 aliis,
1661 4143 1857 4190 etcum
1884 4135 1951 4189 iis

389 4234 572 4306 augeri
593 4233 815 4303 pariter,
832 4230 1143 4301 pariterque
1166 4229 1462 4297 corrumpi.
1487 4227 1782 4299 thuidem
1804 4229 1952 4299 quod

389 4324 618 4384 sanandi
650 4323 734 4377 vis
765 4321 1044 4376 nonnullis
1068 4321 1220 4388 insit,
1253 4320 1374 4375 aliis
1404 4329 1584 4374 autem
1618 4320 1775 4390 132
1805 4336 1953 4374 mor-

393 4415 494 4470 bos
523 4420 682 4480 atque
705 4409 930 4464 exitium
955 4409 1196 4476 creandi,
1232 4410 1370 4463 nihil
1400 4410 1601 4464 habere
1631 4425 1663 4463 a
1704 4409 1954 4465 medendi

393 4515 508 4559 arte
532 4503 792 4557 alienum.
827 4498 948 4554 lam
993 4513 1124 4554 vero
1157 4499 1417 4570 pleraque
1446 4499 1682 4554 naturali
1717 4500 1951 4570 quadam

2030 2030 2124 2083 καὶ
2157 2029 2254 2090 τάς
2283 2024 2392 2078 τῶν
2413 2021 2677 2095 χρησμῶν
2713 2019 3010 2080 συνθέσεις,
3037 2015 3136 2068 οὑκ
3159 2013 3347 2082 ἀφυῶν
3379 2010 3614 2083 ἀνδρῶν,

2030 2119 2089 2176 εὖ
2126 2121 2270 2194 μάλα
2312 2106 2369 2173 δέ
2406 2117 2542 2190 πρὸς
2575 2116 2789 2186 ἀπάτην
2820 2109 3286 2182 ἐσκευωρημένων
3319 2107 3619 2176 πλάσματα

2029 2211 2316 2282 τυγχάνειν
2337 2248 2351 2271 ,
2398 2208 2547 2278 μέσῳ
2581 2206 2675 2258 καὶ¹
2704 2203 2989 2275 ἀμφιϐόλῳ
3023 2199 3361 2270 συγκείμενα
3389 2197 3572 2269 τρόπῳ
3595 2236 3615 2263 ,

2033 2293 2168 2375 πρὸς
2213 2300 2448 2371 ἑκάτερά
2474 2317 2533 2352 τε
2565 2298 2671 2351 τῶν
2701 2297 2810 2350 ἀπὸ
2850 2295 2951 2365 τῆς
2991 2293 3271 2356 ἐκϐάσεως
3303 2290 3619 2361 προσδοκω-

2035 2398 2211 2468 μένων
2241 2393 2341 2445 οὑκ
2368 2390 2555 2460 ἀφυῶς
2587 2385 2949 2462 ἐφαρμόζεινο
2980 2385 3050 2438 τά
3077 2385 3132 2437 δέ
3161 2384 3251 2437 τὸν
3284 2383 3452 2436 πολὺν
3473 2385 3620 2436 ἀπα-

2032 2489 2207 2542 τῶντα
2231 2487 2317 2541 διά
2341 2502 2499 2539 τινων
2520 2501 2576 2537 τε
2585 2480 2812 2554 ρατειῶν
2837 2479 3093 2549 θαύματα
3126 2480 3383 2546 φυσικαῖς
3414 2475 3620 2538 αἰτίαις

2033 2579 2289 2650 ἀνῆφθαι.
2318 2576 2496 2629 Πόλλά
2521 2574 2629 2646 γὰρ
2659 2569 2795 2626 εἶναι
2828 2571 2944 2639 εἴδη
2978 2569 3145 2642 ῥιζῶν
3165 2611 3181 2635 ,
3222 2570 3317 2622 καὶ
3353 2567 3619 2638 βοτανῶν,

2035 2669 2132 2722 καὶ
2158 2668 2339 2738 φυτῶν
2357 2706 2372 2730 ,
2401 2666 2495 2719 καὶ
2518 2663 2766 2735 καρπῶν,
2798 2661 2892 2716 καὶ
2922 2661 3108 2729 λίθων,
3137 2659 3317 2732 ξηρῶν
3355 2677 3416 2712 τε
3442 2657 3625 2713 ἄλλων

2037 2761 2132 2814 καὶ
2173 2758 2356 2830 ὑγρῶν
2393 2755 2653 2817 παντοίας
2687 2752 2820 2823 ὑλης
2850 2751 3131 2822 δυνάμεων
3161 2751 3220 2803 ἐν
3247 2753 3311 2820 τῇ
3343 2748 3450 2802 τῶν
3482 2747 3627 2800 ὅλων

2039 2851 2230 2920 φύσει·
2260 2850 2328 2902 τὰ
2361 2847 2458 2918 μὲν
2492 2843 2922 2916 ἀποκρουστικά,
2945 2841 3038 2896 καί
3067 2859 3226 2896 τινων
3258 2839 3624 2904 ἀπελαστικά,

2038 2945 2107 3000 τά
2136 2943 2193 2997 δέ
2217 2942 2468 3010 συνάγειν
2495 2940 2776 3010 πεφυκότα
2799 2937 2894 2990 καὶ
2925 2935 3271 3006 ἐφέλκεσθαι,
3317 2933 3387 2987 τά
3420 2933 3475 2987 δέ
3502 2933 3628 2985 δια-

2040 3037 2246 3108 κρίνειν
2293 3034 2386 3087 καὶ
2439 3030 2820 3094 σκεδαννύναι,
2853 3028 3092 3082 πυκνοῦν
3139 3044 3198 3080 τε
3250 3025 3342 3079 καὶ
3384 3024 3631 3077 στέλλειν

2040 3127 2310 3197 δυνάμενα
2330 3142 2344 3156 ο
2373 3125 2537 3196 ἐτερα
2562 3123 2618 3176 δέ
2637 3123 2808 3194 χαλᾷν
2832 3122 2927 3176 καὶ
2954 3120 3234 3192 ὑγραίνειν
3259 3119 3352 3171 καὶ
3373 3116 3628 3188 ἀραιοῦν,

1963 3250 2010 3310 c
2045 3217 2237 3282 σώζειν
2271 3235 2329 3270 τε
2360 3211 2426 3270 αὖ
2461 3215 2623 3269 πάλιν
2666 3213 2802 3268 ἄλλα
2823 3254 2838 3279 ,
2883 3213 2978 3267 καὶ⁸
3012 3213 3174 3283 ἕτερα
3199 3209 3467 3272 κτείνειν,
3501 3208 3632 3280 τρέ-

2041 3327 2166 3364 πειν
2195 3321 2254 3362 τε
2294 3307 2466 3361 διόλου
2487 3348 2502 3372 ,
2545 3305 2641 3359 καὶ
2668 3305 2730 3358 τὸ
2758 3304 2932 3376 παρὸν
2971 3303 3312 3357 ἐναλλάττειν
3332 3342 3347 3366 ,
3381 3300 3476 3354 καὶ
3502 3299 3633 3352 τοτὲ

2047 3404 2142 3475 μὲν
2169 3401 2295 3472 τῇδε
2325 3401 2637 3470 μεταποιεῖν
2657 3438 2672 3463 ,
2715 3397 2839 3451 τοτὲ
2868 3396 2926 3449 δὲ
2957 3395 3112 3466 τῇδε·
3138 3394 3232 3448 καὶ
3260 3393 3330 3448 τὰ
3359 3393 3454 3464 μὲν
3488 3391 3636 3463 πρὸς

2044 3496 2215 3548 πλείω
2240 3494 2428 3564 χρόνον
2449 3533 2463 3557 ,
2501 3490 2571 3545 τά
2595 3491 2651 3543 δέ
2685 3489 2821 3561 πρὸς
2855 3488 3060 3560 βραχὺν
3088 3485 3245 3540 τοῦτο
3284 3489 3454 3538 ποιεῖν
3473 3500 3488 3514 ·
3529 3483 3634 3536 καὶ

2045 3587 2204 3640 πάλιν
2230 3585 2299 3638 τά
2321 3585 2416 3655 μέν
2447 3585 2526 3646 είς
2561 3580 2782 3652 πλῆθος,
2812 3579 2878 3632 τὰ
2910 3579 2966 3632 δέ
2999 3577 3192 3649 μέχρις
3213 3577 3391 3644 ὀλίγον
3411 3587 3437 3616 ι
3464 3575 3633 3646 μόνον

2050 3677 2284 3748 ἰσχύειν·
2329 3674 2422 3730 καὶ
2455 3672 2564 3727 τῶν
2603 3671 2700 3742 μὲν
2733 3670 2861 3724 τάδε
2906 3669 3186 3740 ἡγεῖσθαι,
3229 3668 3340 3721 τισὶ
3380 3667 3436 3720 δέ
3466 3666 3636 3738 ἕτερα

2047 3765 2447 3828 ἐπακολουθεῖν,
2477 3762 2788 3834 συντρέχειν
2823 3779 2882 3814 τε
2909 3759 3042 3814 ἄλλα
3069 3759 3277 3822 ἄλλοις,
3305 3759 3398 3811 καὶ
3434 3756 3637 3810 συναύ-

2051 3859 2160 3926 ξειν
2191 3859 2282 3913 καὶ
2315 3854 2763 3927 συμφθείρεσθαι.
2811 3854 2920 3906 Ναὶ
2977 3851 3081 3922 μὴν
3117 3851 3212 3904 καὶ
3253 3849 3460 3919 ὑγιείας
3492 3845 3639 3903 εἶναί

2049 3969 2171 4006 τινα
2196 3948 2453 4020 ποιητικὰ
2471 3987 2485 4010 ,
2515 3945 2763 4016 ἰατρικῆς
2793 3944 2893 3997 οὑκ
2938 3942 3158 3997 ἄπωθεν
3185 3943 3524 4012 ἐπιστήμης’
3561 3939 3639 3994 τὰ

2051 4043 2108 4096 δέ
2153 4039 2406 4097 νοσοποιά
2435 4039 2721 4109 τυγχάνειν
2767 4037 2861 4089 καὶ
2907 4035 3227 4105 δηλητήρια.
3262 4033 3403 4102 Ἠδη
3437 4033 3493 4086 δὲ
3535 4032 3637 4086 καὶ

2054 4135 2309 4204 φυσικαῖς
2354 4131 2620 4198 ἀνάγκαις
2649 4126 2964 4198 συμϐαίνειν
2991 4125 3152 4188 τινὰ,
3196 4125 3290 4178 καὶ
3329 4128 3397 4196 τῇ
3436 4122 3636 4194 σελήνῃ

2056 4224 2336 4291 συναύξειν
2361 4224 2454 4276 καὶ
2478 4219 2797 4291 συμφθίνειν
2815 4235 2828 4248 ο
2863 4217 3016 4282 ζώων
3041 4234 3100 4268 τε
3125 4213 3284 4278 εἶναι,
3304 4217 3399 4268 καὶ
3427 4214 3634 4282 φυτῶν,

2056 4321 2149 4373 καὶ
2179 4317 2340 4390 ῥιζῶν
2370 4313 2720 4374 ἀντιπαθείας
2754 4311 2952 4381 μυρίας
2973 4351 2987 4376 ,
3021 4309 3117 4361 καὶ
3155 4306 3325 4361 πολλὰ
3355 4305 3638 4377 θυμιαμά-

2055 4427 2161 4463 των
2187 4405 2505 4478 καρωτικῶν
2533 4420 2592 4455 τε
2627 4403 2720 4456 κοιλ⁴
2747 4398 3090 4462 ὑπνωτικῶν,
3115 4397 3316 4468 ἐτέρων
3341 4397 3397 4449 δὲ
3431 4412 3642 4465 φαντα-

2061 4503 2182 4564 σίας
2221 4496 2538 4570 ποιητικῶν.
2576 4493 2930 4564 Συναίρεσθαι
2978 4491 3034 4545 δέ
3078 4491 3178 4561 οὑχ
3206 4491 3405 4560 ἥκιστα
3438 4488 3533 4541 καὶ
3563 4487 3642 4542 τὰ

393 4595 713 4652 necessitate
742 4594 1076 4663 contingere,
1106 4607 1341 4663 cumque
1377 4593 1496 4663 ipsa
1540 4594 1670 4649 luna
1713 4609 1936 4649 crescert

2061 4595 2268 4668 χωρία,
2301 4589 2547 4652 καὶτοὺς
2591 4587 2789 4649 τόπους
2832 4586 2888 4636 ἐν
2916 4578 2996 4647 οἷς
3030 4583 3337 4636 τελίσκεται
3380 4580 3448 4634 τά
3485 4581 3641 4648 γινό-

393 4687 559 4746 simul
581 4685 852 4755 simulque
880 4683 1194 4739 decrescere
1224 4702 1237 4740 :
1274 4687 1551 4754 oppositas
1574 4685 1952 4750 animantium,

393 4781 724 4852 plantarum,
747 4785 912 4848 atque
943 4776 1187 4832 radicum
1209 4777 1521 4834 affectiones
1540 4779 1780 4834 infinitas
1802 4795 1954 4836 esse:

395 4885 655 4941 vaporum
683 4868 853 4923 multa
903 4880 1022 4921 esse
1051 4880 1279 4936 genera,
1310 4882 1436 4921 cum
1474 4882 1664 4921 eorum
1691 4909 1707 4934 ,
1758 4870 1956 4938 quibus

398 4960 654 5034 gravedo,
694 4973 759 5013 ac
812 4970 977 5027 sopor
1024 4955 1321 5023 inducitur,
1359 4966 1473 5011 tum
1523 4959 1686 5013 etiam
1721 4975 1910 5014 eorum
1941 4999 1956 5024 ,

397 5053 598 5122 quibus
617 5049 870 5120 cogitatio
909 5047 1293 5118 perturbatur:
1346 5048 1468 5104 loca
1501 5050 1628 5105 item
1659 5061 1822 5120 atque
1869 5065 1959 5106 re-

400 5150 609 5215 giones,
630 5146 686 5200 in
714 5145 916 5216 quibus
943 5141 1154 5212 singula
1175 5141 1545 5212 perﬁciantur,
1571 5143 1820 5200 conferre
1843 5145 1964 5214 plu—

402 5239 603 5293 rimum
634 5256 651 5294 :
688 5237 939 5292 homines
982 5234 1114 5289 istos
1169 5242 1429 5304 praeterea
1478 5233 1966 5292 instrumentorum

404 5343 557 5383 suam
594 5327 662 5382 ad
680 5337 852 5382 artem
883 5325 1083 5381 ail‘abre
1101 5324 1507 5380 elaboratorum
1530 5326 1742 5395 c0piam
1768 5327 1969 5384 habere

406 5419 566 5488 longe
599 5427 723 5474 ante
747 5419 1060 5489 provisam;
1091 5418 1293 5472 multos
1326 5417 1489 5472 etiam
1509 5418 1737 5474 diversis
1757 5435 1823 5476 ex
1845 5436 1970 5490 par—

2059 4705 2225 4761 μενα·
2262 4684 2469 4757 δργανά
2513 4699 2574 4735 τε
2613 4677 2751 4733 εἶναι
2784 4679 2878 4732 καὶ
2911 4678 3107 4748 σκεύη,
3140 4675 3420 4748 πόρρωθεν
3453 4673 3642 4735 αὑτοῖς

2059 4777 2379 4850 ἐπιτηδείως
2405 4779 2472 4846 τῇ
2505 4773 2666 4843 τέχνῃ
2714 4769 3252 4843 προηυτρεπισμένα.
3297 4765 3536 4828 Πολλοὺς
3579 4764 3644 4817 δὲ

2064 4874 2157 4926 καὶ
2175 4842 2576 4942 συνεργοὺςντῆς
2604 4842 2938 4936 μαγγανείας
2963 4857 3482 4934 παραλαμϐάνεσθαι
3505 4842 3655 4921 tam;

2067 4965 2180 5028 θεν,
2201 4956 2782 5032 πολυπραγμονοῦντας
2805 4955 2931 5016 τοὺς
2956 4951 3402 5022 ἀφικνουμένους,
3421 4950 3515 5003 καὶ
3539 4947 3646 5012 τὰς

2068 5056 2295 5109 ἑκάστου
2323 5051 2530 5123 χρείας,
2555 5041 2628 5100 ὧν
2657 5040 2760 5118 ἦκέ
2785 5062 2868 5107 τις
2894 5043 3218 5113 δεησόμενος
3237 5057 3250 5069 ο
3272 5038 3442 5092 πολλά
3469 5035 3646 5090 δὲκαὶ

2068 5145 2136 5198 τά
2169 5143 2355 5207 ἄδυτα,
2388 5139 2627 5201 καὶτοὺς
2658 5140 2771 5199 τοῖς
2796 5134 3010 5198 πολλοῖς
3037 5133 3270 5195 ἀϐάτους
3296 5130 3496 5202 μυχοὺς
3528 5126 3643 5180 τῶν

2065 5212 2226 5309 ἱερῶν
2248 5234 2399 5296 ἐντὸς
2431 5230 2824 5301 ἀποκρύπτειν.
2848 5227 2959 5280 Καὶ
2985 5225 3045 5278 τὸ
3073 5225 3264 5286 σκότος
3295 5222 3350 5276 δέ
3379 5221 3437 5274 οὑ
3470 5217 3648 5290 μικρά

2069 5308 2345 5398 συνεργεῖν
2377 5326 2444 5394 τῇ
2485 5322 2606 5376 καθ’
2652 5319 2878 5381 ἑαυτοὺς
2923 5316 3196 5370 ὑποθέσει.
3236 5314 3344 5368 Kal
3376 5311 3544 5382 αὑτὴν
3581 5308 3648 5363 δὲ

2066 5422 2165 5492 οὐχ
2193 5420 2389 5488 ἥκιστα
2421 5414 2518 5486 τὴν
2547 5410 2920 5484 προλαϐοῦσαν
2956 5407 3220 5478 ὑπόληψιν
3239 5446 3254 5470 ,
3286 5406 3378 5458 καὶ
3403 5401 3500 5473 τὴν
3533 5398 3649 5454 τῶν

408 5510 554 5564 tibus
583 5511 684 5564 sibi
721 5527 1038 5582 comparare
1065 5511 1466 5584 praestigiarum
1506 5527 1730 5568 suarum
1757 5513 1936 5585 adjutc

2069 5513 2144 5577 ὡς
2176 5511 2316 5574 θεοῖς
2341 5505 2878 5582 προσιόντωναὺτοῖς
2904 5499 3344 5572 δεισιδαιμονίαν,
3366 5496 3467 5569 τήν
3492 5510 3552 5547 τε
3579 5492 3651 5547 ἐκ

483 5674 510 5702 ⁸
548 5679 639 5734 ῃο.
666 5662 878 5734 ὀλίγων.

1983 5619 2042 5630 ,ι’-
