3858 6224
166 258 270 312 275

1332 256 1651 315 PREPAB.
1696 258 1947 316 EVANG.
1979 258 2107 316 LIB.
2151 259 2238 318 IV.

3323 269 3433 325 εει

167 380 449 453 προγόνων
480 380 967 452 προκατασχοὼαν
989 383 1048 435 ἐν
1073 381 1255 446 αὐτοῖς
1284 382 1460 447 δόξαν.
1486 382 1744 452 Προσκεί-

1853 398 1944 438 res
1969 398 2034 439 ac
2068 384 2274 448 socios.
2311 385 2407 455 qui
2442 398 2562 441 sese
2593 385 3011 444 advenientibus
3048 386 3430 453 obtrudentes,

168 476 274 529 σθω
301 476 401 528 καὶ
424 475 486 528 τὸ
509 476 619 528 τῶν
650 475 861 529 πολλῶν
884 475 1090 545 ἠλίθιον
1129 476 1227 546 τῆς
1265 476 1508 540 διανοίας
1527 517 1543 538 ,
1584 477 1648 529 τό
1692 493 1750 529 τε

165 567 389 637 ἀδρανὲς
421 566 519 619 τοῦ
551 565 816 637 λογισμοῦ
844 569 937 620 καὶ
965 566 1332 620 ἀϐασάνιστον
1362 566 1454 620 τοῦ
1489 567 1747 639 πλήθους*

165 662 253 712 καὶ
282 659 525 730 ἔμπαλιν
555 660 619 712 τὸ
642 660 817 712 δεινὸν
847 659 942 713 καὶ
974 661 1341 732 κακεντρεχές
1364 660 1472 714 τῶν
1503 660 1631 734 περὶ
1653 660 1752 731 τὴν

166 750 489 820 κακότεχνον
510 748 720 819 ταύτην
749 748 1032 821 διατριϐὴν
1052 750 1419 815 τευταζόντων
1438 770 1450 780 ’
1480 750 1543 803 τό
1566 767 1623 803 τε
1643 750 1753 802 τῶν

165 844 371 911 γοήτων
404 842 693 911 ἀπατηλὸν
736 842 829 894 καὶ
875 841 1184 912 πανοῦργον
1225 842 1318 895 τοῦ
1355 842 1585 916 τρόπον’
1629 842 1751 895 τοτέ

166 935 259 1004 μὲν
288 934 357 988 τά
392 936 538 1006 πρὸς
579 934 775 1005 ἡδονὴν
804 934 1019 1003 ἑκάστῳ
1051 932 1626 1006 προῦπισχνουμένων,
1655 935 1752 988 καὶ

163 1027 219 1079 τὸ
239 1028 414 1099 παρὸν
442 1030 541 1081 ἐπὶ
579 1029 845 1099 χρησταῖς
867 1026 1044 1079 ἐλπίσι
1082 1026 1492 1099 θεραπευόντων
1507 1066 1523 1089 ,
1546 1027 1667 1080 τοτὲ
1690 1026 1751 1080 δὲ

159 1117 248 1171 τοῦ
297 1119 595 1189 μέλλοντος
645 1118 1201 1189 καταστοχαζομένων
1220 1160 1236 1183 ,
1283 1119 1379 1173 καὶ
1426 1120 1507 1183 είς
1556 1118 1752 1188 ἄδηλον

160 1211 764 1282 καταμαντευομένων,
804 1212 903 1281 τήν
943 1228 1001 1263 τε
1044 1210 1282 1263 διάνοιαν
1328 1209 1436 1263 τῶν
1485 1210 1751 1282 χρησμῶν

158 1303 518 1372 ἀμφιϐολίαις
548 1305 811 1375 ῥημάτων
839 1305 933 1358 καὶ
973 1304 1262 1374 ἀσαφείαις
1297 1301 1747 1365 ἐπισκοπούντων,

154 1396 226 1459 ὡς
250 1398 325 1467 μή
347 1415 477 1450 τινα
506 1398 749 1451 συνιέναι
768 1397 832 1450 τὸ
862 1398 1096 1470 χρησθὲν
1117 1437 1132 1462 ,
1160 1399 1226 1468 τῇ
1260 1395 1317 1449 δὲ
1349 1395 1443 1450 τοῦ
1468 1395 1751 1466 λεχθέντος

156 1488 344 1558 ἀδηλία
385 1488 484 1541 τὸν
518 1487 741 1558 ἔλεγχον
780 1488 1086 1556 ἐκφεύγειν.
1139 1487 1317 1540 Πολλά
1343 1487 1402 1540 δὲ
1430 1486 1749 1557 συμϐαίνειν

155 1582 241 1634 καὶ
266 1580 463 1643 ἄλλαις
492 1580 639 1634 τισὶν
668 1580 908 1644 ἀπάταις
941 1580 1033 1633 καὶ
1071 1579 1379 1650 τερατείαις
1400 1619 1416 1642 ,
1451 1595 1745 1649 συμπαρα-

154 1673 585 1743 λαμϐανομένων
632 1676 744 1737 τοῖς
794 1674 1100 1744 γινομένοις
1149 1672 1377 1742 ἐπῳδῶν
1423 1672 1489 1742 δή
1546 1689 1741 1735 τινων,

1853 492 1963 547 quo
1987 477 2223 548 quisque
2252 478 2510 550 indigeat,
2540 478 2760 534 curiose
2802 494 2870 543 ac
2910 479 3203 551 diligenter
3250 481 3435 552 inqui-

1854 580 1997 624 rant.
2046 569 2355 638 Quinetiam
2412 571 2672 642 pleraque
2714 573 2942 628 secretis
2994 573 3049 629 in
3105 573 3431 644 templorum

1852 662 2051 734 adytis,
2080 672 2136 717 et
2165 663 2259 731 iis,
2294 678 2531 734 quorum
2554 666 2626 718 ab
2644 679 2870 720 accessu
2900 665 3221 735 prohibetur
3243 666 3435 722 multi-

1851 755 2006 820 tudo,
2064 756 2437 826 penetralibus
2484 757 2784 823 occultari;
2837 772 3140 829 eorumque
3198 760 3429 813 consilia

1851 847 2049 914 partim
2082 848 2188 901 loci
2214 847 2480 914 tenebris,
2515 849 2714 918 partim
2738 849 3051 916 hominum,
3072 849 3165 920 qui
3205 864 3265 906 se
3295 849 3431 905 deos

1852 936 2001 1007 ipsos
2025 935 2179 991 adire
2204 935 2452 1001 credant,
2495 939 2908 1007 superstitione,
2942 942 3140 1008 partim
3189 938 3431 1009 denique

1850 1030 2093 1085 derivata
2111 1030 2320 1101 pridem
2348 1047 2379 1087 a
2405 1031 2709 1100 majoribus
2736 1032 3016 1101 opinione,
3038 1048 3161 1103 qum
3177 1031 3430 1088 omnium

1851 1122 2068 1177 animos
2105 1122 2404 1191 occuparit,
2433 1137 2543 1177 non
2576 1121 2923 1178 mediocriter
2959 1123 3289 1193 permoveri.
3331 1123 3435 1180 Ae-

1851 1213 2010 1269 cedat
2034 1227 2200 1283 porro
2232 1229 2358 1270 cum
2380 1214 2719 1284 plebeiorum
2769 1213 3114 1286 ingeniorum
3155 1215 3386 1271 stultitia
3410 1255 3430 1282 ,

1852 1307 2115 1378 rudisque
2159 1307 2529 1363 multitudinis
2560 1306 2915 1375 imbecillum,
2940 1324 3007 1364 ac
3034 1308 3184 1365 nulla
3232 1308 3433 1378 proba-

1852 1409 1965 1455 tum
1987 1401 2321 1470 experientia
2358 1402 2665 1471 judicium;
2703 1410 2820 1457 tum
2846 1417 2979 1457 vero
3007 1403 3203 1458 callida
3236 1419 3431 1459 versu-

1851 1502 2015 1567 taque
2035 1507 2250 1557 eorum,
2282 1493 2377 1563 qui
2408 1492 2713 1548 maleﬁcam
2740 1502 2912 1549 artem
2939 1494 3163 1551 assidue
3190 1502 3429 1550 tractant

1851 1593 2181 1654 versantque
2234 1584 2458 1639 solertia
2490 1624 2506 1649 ,
2570 1584 3045 1655 impostorumque
3101 1600 3285 1641 mores
3356 1584 3427 1641 ad

1851 1690 2072 1732 omnem
2092 1674 2364 1732 fallaciam
2393 1676 2763 1747 astutiamque
2786 1677 3073 1746 compositi
3100 1695 3116 1745 ;
3145 1678 3239 1748 qui
3262 1678 3430 1734 modo

157 1740 291 1833 μετά
313 1740 466 1827 τινος
492 1765 710 1835 ἀσήμου
745 1740 839 1818 καὶ
869 1740 1210 1837 βαρϐαρικῆς
1240 1740 1621 1836 ἐπιρρήσεως,
1656 1764 1744 1815 ἵνα

1853 1769 1973 1824 laeta
2006 1768 2206 1839 cuique
2231 1776 2360 1824 ante
2402 1784 2469 1823 ac
2511 1740 2753 1838 jucunda
2809 1740 3428 1841 pollicetttur,-praesen-

154 1857 215 1929 δὴ
249 1858 357 1911 ὑπὸ
397 1859 612 1911 τούτων
661 1856 1058 1921 σπουδάζεσθαι
1083 1858 1262 1911 δοκεῖν
1303 1857 1370 1910 τά
1416 1856 1536 1927 μηδ’
1564 1855 1742 1909 ὁτιοῦν

155 1951 287 2021 πρὸς
308 1952 499 2006 αὐτῶν
521 1952 783 2022 γινόμενα
804 1970 818 1982 ο
856 1952 1093 2023 μάλιστα
1121 1950 1179 2004 δὲ
1211 1951 1337 2014 τοὺς
1366 1948 1614 2013 πολλοὺς,
1647 1950 1739 2002 καὶ

152 2044 254 2097 τῶν
304 2044 422 2098 ἀπὸ
472 2045 722 2108 παιδείας
756 2045 1030 2117 ὁρμᾶσθαι
1085 2044 1459 2116 νομιζομένων
1503 2042 1739 2116 ἐκπλήτ-

152 2148 259 2189 τειν
290 2138 406 2207 (20)
439 2137 627 2190 αὐτῶν
675 2134 742 2206 δὴ
773 2138 881 2191 τῶν
928 2136 1192 2211 χρησμῶν
1233 2136 1301 2189 τά
1334 2137 1614 2207 ποιήματα
1635 2177 1649 2199 ,
1680 2132 1740 2189 εὖ

154 2228 248 2296 μὲν
272 2232 340 2299 τῇ
380 2228 636 2281 συνθέσει
665 2227 778 2280 τῶν
808 2228 1067 2299 ῥημάτων
1118 2225 1638 2295 κεκαλλωπισμέναι,
1679 2219 1741 2278 εὖ

148 2321 203 2374 δὲ
236 2320 315 2392 τῷ
340 2322 449 2392 τῆς
496 2320 918 2392 μεγαλοφωνίας
961 2319 1110 2390 ὄγκῳ
1138 2318 1495 2388 τετυφωμένα
1517 2358 1531 2381 ,
1564 2316 1744 2388 πολλῷ

147 2411 201 2464 δέ
222 2414 317 2466 καὶ
349 2411 434 2482 τῷ
458 2412 562 2483 τῆς
598 2413 912 2475 ἀνατάσεως
941 2410 1159 2480 κόμπῳ,
1180 2408 1260 2479 τῷ
1288 2425 1347 2463 τε
1376 2406 1744 2478 πεπλασμένῳ

149 2503 298 2574 τύπῳ
334 2505 442 2575 τῆς
495 2504 789 2576 θεοφορίας
835 2502 1327 2574 ἐσχηματισμένα,
1373 2499 1469 2553 καὶ
1514 2499 1604 2553 διὰ
1642 2500 1744 2571 τῆς

144 2596 456 2667 ἀμφιϐόλου
486 2597 677 2668 φωνῆς
701 2596 794 2650 τὸν
822 2596 1003 2650 πάντα
1040 2594 1228 2665 σχεδὸν
1262 2591 1558 2646 ἀπατῶντα
1583 2591 1739 2645 λεών.

1854 1869 2077 1930 temque
2108 1858 2387 1916 fortunam
2436 1860 2650 1915 meliori
2709 1874 2805 1930 spe
2858 1860 3234 1929 consolantur,
3262 1862 3428 1916 modo

1846 1953 2010 2009 etiam
2032 1952 2100 2008 de
2120 1952 2305 2008 futuro
2331 1953 2711 2024 conjicientes,
2735 1953 2945 2009 incerto
2959 1953 3236 2025 dubioque
3260 1969 3428 2010 sensu

1847 2045 2109 2100 vaticinia
2148 2043 2405 2110 fundunt,
2467 2047 2828 2116 responsique
2857 2056 3095 2102 mentem
3130 2047 3426 2102 verborum

1848 2136 2200 2203 amphiboliis
2231 2150 2298 2191 ac
2326 2135 2569 2192 tenebris
2599 2136 2904 2202 involvunt,
2934 2138 3014 2192 uti
3039 2153 3108 2194 ne
3145 2138 3271 2207 quis
3304 2152 3430 2193 ora-

1846 2227 2029 2282 culum
2056 2226 2342 2297 intelligat,
2369 2226 2472 2296 ipsi
2500 2240 2627 2281 vcro
2657 2226 3012 2298 ambiguitate
3033 2227 3305 2282 dictorum
3327 2241 3428 2281 an-

1846 2333 1965 2373 sam
1992 2318 2441 2389 reprehensionis
2467 2316 2749 2388 eﬁ'ugiant.
2790 2318 3074 2374 Addiderit
3096 2318 3262 2374 etiam
3307 2318 3426 2390 ple-

1846 2425 2016 2479 raque
2048 2410 2173 2466 aliis
2198 2410 2485 2465 fraudibus
2516 2409 2921 2481 praestigiisque
2942 2410 3262 2481 contingere
3288 2450 3303 2473 ,
3369 2419 3431 2465 ut

1845 2503 1993 2572 quod
2027 2503 2116 2569 iis,
2150 2517 2274 2573 qua:
2315 2512 2430 2557 tum
2482 2502 2644 2566 fiunt,
2677 2502 2980 2569 cautiones,
3026 2503 3212 2559 nescio
3239 2515 3381 2573 quas
3408 2543 3427 2569 ,

1845 2593 2313 2658 adhibeant,cum
2337 2593 2522 2664 ignota
2555 2593 2791 2664 quadam
2840 2603 2895 2649 et
2935 2594 3169 2650 barbara
3209 2594 3433 2651 invoca-

143 2694 291 2751 tione
314 2695 680 2763 conjunctas,
710 2700 773 2745 ut
796 2693 1068 2761 praecipuo
1097 2689 1283 2745 studio
1312 2687 1367 2742 in
1407 2702 1493 2753 ea,
1524 2702 1647 2757 qua:
1702 2686 1841 2742 nihil
1871 2702 2100 2758 prorsus
2165 2689 2233 2744 ad
2283 2689 2407 2743 illos
2443 2688 2768 2758 pertineant,
2829 2688 3145 2745 incumbere
3207 2692 3432 2748 vidcan-

140 2802 235 2845 tur
261 2807 275 2843 :
306 2787 454 2843 nihil
481 2795 669 2841 tamen
693 2800 849 2854 atque
879 2782 1247 2838 multitudinis
1298 2781 1515 2837 animos
1548 2781 1868 2851 percellere,
1904 2788 2068 2851 atque
2130 2782 2457 2837 concinnata
2507 2782 2888 2846 oraculorum,
2941 2797 3064 2852 quae
3121 2797 3246 2838 cum
3299 2782 3431 2839 libe-

144 2883 322 2939 berali
344 2881 669 2937 eruditione
697 2877 854 2934 fundi
906 2886 1168 2948 putantur
1215 2876 1509 2941 carmina;
1566 2881 1756 2944 utpote
1792 2890 1916 2946 qua
1964 2892 2090 2931 cum
2156 2884 2432 2932 structura
2475 2876 2766 2930 verborum
2787 2883 3001 2942 ornata,
3037 2885 3151 2930 tum
3188 2890 3316 2931 vero
3343 2884 3430 2930 tu-

140 2991 299 3032 more
327 2986 386 3030 et
408 2972 725 3045 granditate
755 2969 1021 3024 orationis
1051 2968 1235 3037 inﬂata
1271 2969 1380 3023 sint
1401 3008 1418 3032 ,
1447 2967 1732 3037 multoque
1770 2966 1923 3022 vocis
1951 2982 2017 3023 ac
2051 2967 2276 3039 reliquae
2312 2967 2697 3024 ostentationis
2753 2966 2903 3033 fuco,
2963 2968 3193 3040 ipsaque
3245 2971 3429 3041 specie

143 3070 437 3140 praesentis
500 3066 743 3121 adlatum
809 3064 1050 3118 numinis
1112 3065 1464 3130 mentiantur,
1520 3073 1684 3135 atque
1722 3062 2040 3119 universum
2090 3062 2203 3120 fere
2233 3064 2496 3136 populum
2564 3063 2730 3119 dubia
2786 3079 2985 3119 vocum
3032 3065 3431 3136 signiﬁcatione

141 3166 445 3236 decipiant.

691 3255 1090 3309 ΚΕΦΛΛΑῘΟΝ
1128 3255 1182 3308 B'
1192 3295 1206 3309 .

154 3374 271 3425 Ὅτι
319 3371 453 3437 τοῖς
496 3369 798 3426 θέλουσιν
846 3369 1094 3438 εὐχερὲς
1144 3367 1452 3438 ἀποφῆναι
1498 3367 1743 3436 πλάνην

218 3440 371 3497 εἶναι
421 3439 545 3506 τὴν
597 3440 729 3506 περὶ
793 3438 913 3492 τῶν
957 3440 1336 3508 χρηστηρίων
1376 3439 1741 3509 ἐπαγγελίαν

219 3515 313 3567 καὶ
347 3511 593 3583 γοήτων
619 3508 858 3577 ἀνδρῶν
877 3511 1280 3579 ῥᾳδιουργίαν.

226 3629 360 3681 Ὅσα
383 3623 526 3695 γοῦν
557 3624 744 3688 αὐτοῖς
791 3623 887 3695 τὴν
931 3623 1260 3694 ἀμφιὸολίαν
1294 3622 1602 3693 ἐκπέφευγε
1631 3621 1738 3676 τῶν

156 3722 434 3793 metamur,
469 3719 534 3773 οὐ
583 3718 725 3771 κατὰ
770 3717 1077 3788 πρόγνωσιν
1121 3716 1214 3770 τοῦ
1262 3716 1564 3787 μέλλοντος,
1597 3715 1737 3769 κατά

152 3814 208 3868 δέ
235 3832 352 3867 τινα
392 3811 713 3883 στοχασμὸν
742 3809 1104 3881 ἑξηνεγμένα·
1136 3810 1341 3862 τούτων
1374 3810 1561 3882 μυρία,
1600 3809 1737 3880 μᾶλ-

154 3909 237 3963 λον
264 3911 322 3964 δὲ
351 3909 426 3963 τά
472 3909 658 3963 πάντα
699 3906 883 3978 σχεδὸν
912 3906 1026 3976 ἥλω
1070 3905 1326 3969 πολλάκις
1364 3906 1464 3976 τῆς
1496 3907 1739 3977 προρρή-

161 4019 284 4067 σεως
324 4000 803 4061 άποπεπτωκότα,
849 3998 1103 4061 ἐναντίως
1145 3997 1177 4070 ἢ
1222 3997 1361 4052 κατὰ
1414 4010 1475 4050 το
1505 3996 1742 4070 χρησθὲν

157 4093 241 4147 τοῦ
261 4094 368 4146 τῶν
400 4091 754 4164 πραγμάτων
780 4090 967 4152 τέλους
996 4090 1093 4159 τὴν
1116 4088 1338 4143 ἔκϐασιν
1362 4087 1740 4158 ἀπειληφότος,

164 4187 205 4239 εί
246 4190 320 4259 μή
355 4187 479 4239 ποτ’
500 4184 615 4256 ἄρα
664 4183 908 4246 σπανίως
935 4182 993 4235 ἓν
1033 4199 1163 4235 ποτε
1204 4184 1269 4234 ἐκ
1293 4181 1501 4253 μυρίων
1532 4180 1745 4253 συμϐάν

162 4281 291 4335 κατά
314 4297 436 4333 τινα
465 4277 648 4347 φορὰν
684 4275 1028 4346 συντυχικὴν,
1065 4276 1098 4345 ἢ
1134 4275 1275 4328 κατά
1297 4275 1397 4345 τὴν
1431 4272 1745 4344 στοχασθεῖ-

164 4387 251 4425 σαν
280 4372 375 4425 τοῦ
425 4370 721 4442 μέλλοντος
765 4366 1110 4439 προσδοκίαν,
1136 4366 1227 4418 τὸν
1266 4366 1512 4437 χρησμὸν
1544 4365 1746 4436 ἐπαλη-

162 4462 325 4516 θεύειν
370 4459 644 4531 ἐνομίσθη
696 4460 890 4512 ποιεῖν.
932 4458 996 4507 Ὃ
1040 4456 1103 4526 δὴ
1159 4456 1254 4509 καὶ
1302 4456 1536 4527 μάλιστα
1586 4455 1747 4527 θρυλ-

164 4555 373 4619 λοῐιντας
421 4554 493 4609 ἂν
542 4552 706 4615 ἴδοις,
747 4551 840 4603 καὶ
878 4549 1101 4618 στήλαις
1148 4549 1615 4620 ἐγχαράττοντας,
1652 4550 1748 4602 καὶ

165 4647 460 4719 πανταχόσε
494 4645 603 4714 γῆς
651 4640 909 4712 βοῶντας·
945 4641 1026 4692 ὅτι
1076 4640 1195 4710 μὲν,
1244 4641 1293 4692 εί
1342 4638 1514 4709 τύχοι,
1540 4637 1745 4692 τοσοίδε
1778 4621 1822 4674 ι)

164 4741 243 4793 τὸν
270 4739 511 4812 ἀριθμὸν
542 4735 963 4806 ἀπεσφάλησαν,
1013 4733 1235 4806 μηδαμῆ
1281 4732 1510 4805 μηδενὸς
1540 4731 1747 4784 ἐθέλον-

165 4848 245 4894 τες
274 4829 385 4899 (iii
419 4825 810 4899 μνημονεύειν·
841 4825 926 4877 ὅτι
966 4823 1022 4875 δὲ
1053 4823 1189 4894 τῷδε
1219 4823 1328 4877 ἀπὸ
1358 4822 1569 4894 μυρίων
1605 4838 1743 4874 συν-

166 4920 309 4991 έτυχέ
337 4939 392 4974 τι
440 4917 555 4973 τῶν
597 4916 979 4990 χρησθέντων,
1026 4916 1138 4970 ἄνω
1181 4915 1276 4969 καὶ
1323 4915 1474 4968 κάτω
1519 4913 1745 4984 περιφέ-

166 5006 364 5083 ροντας·
393 5013 473 5076 ὡς
516 5012 572 5065 εί
612 5027 696 5084 τις
734 5009 832 5061 καὶ
871 4995 964 5061 ἐπὶ
993 5007 1084 5061 δύο
1127 5007 1485 5078 λαγχάνουσιν
1510 5007 1617 5060 ἀπὸ
1644 5024 1743 5077 μυ-

166 5107 304 5175 ρίων,
334 5108 385 5160 εί
428 5105 545 5177 ἄρα
590 5102 725 5156 ποτὲ
754 5102 991 5164 εἰσάπαξ
1031 5101 1226 5165 αὐτοὺς
1264 5098 1407 5153 κατά
1430 5097 1538 5152 τῶν
1566 5097 1745 5152 αὐτῶν

165 5201 458 5270 συμπεσεῖν
502 5196 686 5266 ἔτυχε,
735 5193 1038 5265 θαυμάζοι,
1070 5193 1145 5256 ὡς
1186 5191 1327 5245 κατά
1363 5190 1619 5262 μαντείαν
1648 5190 1748 5244 ικαὶ

166 5294 467 5364 πρόγνωσιν
520 5290 621 5343 ἕνα
669 5288 763 5341 καὶ
810 5287 905 5340 τὸν
961 5286 1121 5339 αὐτὸν
1175 5284 1505 5356 ἀμφοτέροις
1548 5283 1743 5355 συνέϐη

225 5450 334 5521 (ω)
388 5444 805 5521 Ἐκελήττειν.
849 5438 1393 5521 lliustrior_fortassis
1408 5438 1590 5521 oratio
1604 5439 1747 5521 vide-

170 5510 327 5584 retur,
349 5521 397 5574 si
424 5518 490 5572 τὸ
510 5510 900 5582 ἐκπλήττειν,
928 5513 1264 5585 praecedente
1282 5525 1451 5585 versu
1475 5516 1598 5585 post
1617 5510 1744 5585 τοὺς

413 5579 772 5644 scriberetur.
812 5579 972 5640 Levis
1006 5595 1185 5639 tamen
1216 5584 1322 5637 ista
1352 5580 1600 5651 traiectio
1626 5579 1745 5634 fue—

173 5663 251 5721 rit.
276 5665 321 5717 si
356 5675 488 5716 cum
526 5658 722 5712 Atticis
750 5655 1087 5711 conferatur.

234 5732 341 5801 (τι)
382 5725 648 5797 Πηδαμῆ
691 5726 959 5797 μηδενὸς
1014 5724 1347 5790 ἐθέλοντες.
1386 5722 1464 5778 Ita
1530 5736 1741 5778 omnes.

400 5829 685 5886 ΡΑτιιοι.
730 5826 852 5884 Gtt.
900 5824 1076 5887 ΧΧΙ.
1122 5862 1134 5875 ~

2377 3246 2535 3319 133
2566 3244 2798 3302 CAPUT
2827 3246 2895 3301 ιι.

1849 3365 2163 3434 Promptum
2214 3378 2325 3417 esse
2365 3364 2529 3416 cuivis
2561 3363 2868 3428 ostendere,
2903 3362 3158 3432 quidquid
3210 3369 3430 3418 oracula

1918 3436 2237 3506 pollicentur
2262 3474 2278 3499 ,
2330 3443 2378 3487 et
2412 3434 2760 3502 veneﬁcarum
2800 3434 3074 3486 hominum
3128 3436 3427 3505 praestigias

1922 3522 2123 3561 meram
2152 3507 2504 3574 imposturam
2523 3520 2654 3558 esse.

1922 3618 2216 3674 Enimvero
2246 3630 2592 3688 quaecunque
2637 3615 2708 3669 ab
2737 3614 2859 3669 istis
2890 3614 3009 3670 sine
3033 3614 3142 3669 ulla
3175 3617 3426 3686 responsi

1851 3713 2209 3784 ambiguitate
2246 3710 2504 3780 praedicta
2562 3707 2715 3771 sint,
2761 3720 2872 3761 non
2933 3722 3002 3763 es
3057 3710 3429 3777 prmsensione

1852 3806 2090 3877 quadam
2118 3818 2183 3859 ac
2203 3802 2430 3859 scientia
2466 3799 2777 3855 futurorum
2797 3839 2813 3863 ,
2842 3798 2935 3853 sed
2970 3813 3037 3853 ex
3081 3798 3263 3868 aliqua
3306 3807 3428 3855 tan-

1852 3906 1967 3951 tum
2016 3893 2344 3965 conjiciendi
2402 3891 2454 3945 vi
2511 3889 2913 3962 pronuntiata;
2961 3903 3029 3943 ex
3100 3889 3169 3944 iis
3214 3889 3428 3946 infinita

1851 3988 2011 4058 plane
2045 3986 2448 4054 deprehensum
2470 3997 2613 4049 esse,
2642 3982 2753 4035 imo
2769 3997 2940 4052 prope
2964 3983 3198 4039 dixerim
3219 3986 3427 4053 omnia,

1848 4079 2219 4149 praedictionis
2252 4077 2452 4145 saepius
2480 4080 2710 4131 veritate
2735 4075 3002 4141 caruisse,
3033 4091 3159 4130 cum
3184 4091 3272 4133 res
3295 4092 3430 4134 con-

1848 4173 2077 4227 trarium
2107 4172 2336 4227 oraculo
2369 4170 2532 4224 ﬁnem
2568 4178 2625 4223 et
2669 4169 2875 4223 exitum
2930 4169 3289 4225 habuissent:
3319 4172 3430 4228 nisi

1849 4282 2000 4332 vero,
2034 4267 2183 4337 quod
2202 4281 2329 4321 raro
2361 4265 2681 4329 admodum,
2712 4272 2876 4334 atque
2908 4280 3077 4320 unum
3100 4279 3167 4319 ex
3198 4263 3429 4319 infinitis

1849 4359 2076 4429 aliquid,
2107 4367 2203 4413 aut
2236 4374 2367 4414 casu
2393 4357 2638 4423 fortuito,
2685 4366 2780 4411 aut
2812 4370 2908 4425 spe
2963 4356 3148 4426 aliqua
3182 4354 3426 4410 futurum

1850 4461 2117 4522 augurata
2138 4450 2449 4520 contigerit,
2490 4449 2543 4503 id
2586 4448 2835 4504 veritatis
2861 4448 3179 4518 opinionem
3204 4450 3431 4504 oraculo

1851 4546 2126 4601 conciliet.
2160 4543 2297 4599 Nam
2330 4544 2461 4598 illud
2508 4544 2729 4599 demum
2758 4556 2901 4607 esse,
2942 4543 3089 4613 quod
3115 4542 3185 4597 ab
3212 4540 3434 4613 istisja-

1852 4638 1990 4693 ctari
2025 4638 2283 4700 maxime,
2313 4647 2585 4691 terrarum
2617 4636 2821 4705 ubique
2845 4650 3044 4707 magna
3066 4650 3202 4689 voce
3226 4634 3430 4703 praedi-

1854 4732 1993 4794 cari,
2021 4730 2076 4784 in
2107 4731 2297 4799 cippos
2325 4738 2382 4784 et
2407 4729 2695 4783 columnas
2722 4728 2890 4784 incidi
2909 4728 3097 4783 videas
3120 4748 3136 4794 ;
3162 4727 3427 4798 quicum,

1857 4823 1903 4877 si
1928 4822 2149 4894 quando
2168 4837 2257 4877 res
2287 4822 2358 4876 ita
2394 4820 2599 4883 tulerit,
2637 4822 2784 4891 quod
2820 4830 2930 4876 tam
2963 4820 3121 4875 multi
3143 4828 3433 4890 exspecta-

1853 4919 2003 4974 tione
2021 4931 2122 4973 sua
2151 4914 2363 4985 decepti
2389 4914 2609 4980 fuerint,
2637 4915 2862 4970 verbum
2889 4915 3049 4985 plane
3072 4915 3280 4970 nullum
3313 4914 3433 4971 ﬁeri

1852 5008 2061 5074 velint;
2096 5015 2215 5062 tum
2238 5019 2389 5071 vero,
2423 5006 2568 5077 quod
2594 5007 2690 5061 uni
2714 5021 2782 5061 ex
2817 5005 3045 5061 inﬁnitis
3074 5006 3238 5061 alicui
3268 5021 3434 5076 prout

1852 5104 1922 5159 ab
1958 5102 2185 5158 oraculo
2235 5115 2557 5170 responsum
2610 5100 2822 5165 fuerat,
2876 5100 3159 5162 acciderit,
3194 5099 3248 5153 id
3279 5099 3434 5153 nullo

1854 5213 1963 5251 non
1997 5197 2119 5252 loco
2143 5193 2552 5251 circumferant.
2587 5192 2706 5260 Qua
2722 5194 2776 5247 in
2809 5208 2870 5248 re
2891 5190 3118 5262 perinde
3135 5205 3194 5246 se
3218 5202 3432 5260 gerant,

1854 5304 1920 5345 ac
1949 5288 1993 5343 si
2034 5288 2180 5357 quis,
2214 5301 2339 5342 eum
2367 5302 2438 5343 ex
2483 5285 2698 5341 inﬁnita
2724 5284 3012 5340 hominum
3063 5282 3387 5340 micantium
3416 5324 3433 5349 ,

1856 5444 1961 5500 Sed
1994 5444 2260 5515 profecto,
2296 5447 2487 5500 saltem
2536 5443 2821 5504 ἐθέλοντας
2870 5440 3244 5510 reponendum
3279 5438 3434 5493 vide-

1852 5526 2184 5591 tnr,‘utcum
2214 5516 2645 5591 praecedentibus
2672 5521 2915 5591 accusat.
2945 5521 2999 5567 et
3024 5519 3307 5591 sequente,
3338 5526 3437 5591 πε-

1891 5581 2537 5669 ιφέροντας,’ςρηνθιιίθι.
2578 5584 2776 5669 Vig._in
2829 5599 2948 5638 mar
2974 5620 3003 5655 ν.
3034 5581 3122 5636 ῑσ.
3155 5581 3435 5653 Μηδαμῶς

1853 5603 2157 5711 ἕθέλονταε.
2188 5659 2319 5711 Ain.
2355 5656 2594 5711 Μηδενὸς
2623 5655 2922 5711 ἐθελοντος.
2945 5598 3114 5707 Et)”.

1884 5652 2157 5723 θέλοντας.
2188 5658 2319 5725 Alii,
2355 5656 2594 5727 Μηδενὸς
2623 5652 2922 5717 ἐθέλοντος.
2953 5652 3114 5707 Eutr.

2986 5814 3026 5875 8
