3858 6224
421 215 528 270 235

1100 215 1370 272 EUSEBll
1409 213 1890 272 CAESARIENSIS
1929 212 2077 267 OPP.
2118 211 2299 266 PARS
2335 211 2396 266 ll.
2426 242 2493 251 ——
2523 211 2796 268 APOLOG
2812 211 3035 268 ETICA.

3577 213 3673 266 236

423 341 600 395 aliove
630 341 794 395 sortis
819 355 1014 412 genere
1059 343 1327 397 utentium
1369 343 1734 408 multitudine,
1761 342 1870 396 duo
1897 340 1983 394 ali-

2105 339 2406 410 περιελθεῖν
2437 337 2686 409 ἀριθμόν.
2724 338 2879 390 υῦτω
2910 337 3018 407 γάρ
3051 337 3194 407 ἔχειν
3235 337 3293 388 τὺ
3336 335 3445 388 ἀπὸ
3473 335 3672 406 μυρίων

424 433 518 501 qui
545 432 626 486 vel
673 433 840 489 semel
880 441 1089 487 tantum
1143 435 1197 486 in
1226 435 1414 488 eadem
1447 450 1575 489 casu
1609 435 1949 488 incurrerent
1980 471 1996 496 ,

424 520 626 576 factum
657 520 969 588 miraretur,
999 523 1158 592 quasi
1178 537 1240 576 ex
1267 522 1601 578 divinatione
1625 524 1860 593 quadam
1887 538 2001 578 sor-

426 613 604 683 tisque
655 611 850 668 futurae
883 614 1134 676 scientia.
1188 630 1336 671 unus
1373 624 1538 685 atque
1583 616 1723 669 idem
1781 615 2000 686 utrique

423 721 684 760 numerus
717 705 1020 777 obtigisset.
1046 705 1306 762 Eamdem
1338 708 1485 762 enim
1526 707 1648 778 ejus
1677 709 2001 763 csse.ratioo

420 810 567 862 nem,
603 799 748 864 quod
781 811 953 851 unum
986 811 1053 851 ex
1089 797 1319 853 inﬁnitis
1347 807 1533 854 vatum
1562 799 1880 869 responsis,
1934 813 2000 854 ac

418 886 563 942 circa
591 903 680 942 res
718 904 948 945 numero
990 889 1233 946 inﬁnitas
1266 891 1451 958 editis,
1487 891 1630 949 forte
1662 893 1878 948 fortuna
1913 908 1998 948 se-

417 979 525 1034 mel
543 981 784 1036 evenerit
814 999 829 1037 :
861 981 916 1036 id
947 983 1094 1052 quod
1131 983 1223 1038 ubi
1257 983 1382 1053 quis
1415 984 1744 1040 intellexerit
1768 1027 1782 1050 ,
1839 985 1998 1055 cujus

414 1071 634 1128 animus
658 1073 794 1127 nihil
813 1073 962 1128 intus
992 1073 1175 1139 solidi,
1236 1076 1374 1130 nihil
1404 1079 1708 1135 constantis
1757 1079 1954 1134 habeat
1979 1122 2006 1160 ,⁷

414 1173 530 1220 tum
562 1181 692 1220 vero
723 1167 1002 1221 hominem
1033 1168 1241 1223 oraculi
1293 1170 1676 1227 certitudinem
1733 1173 1994 1244 obstupe-

414 1272 606 1324 scere;
635 1273 797 1327 quem
825 1274 958 1314 sane
991 1260 1152 1331 longe
1181 1271 1486 1330 praestaret,
1511 1265 1763 1320 vecordia
1790 1267 1992 1336 posita,

414 1360 600 1401 secum
627 1347 944 1418 diligentius
978 1359 1266 1419 reputare,
1318 1367 1483 1421 quam
1521 1355 1710 1411 multis
1739 1357 1864 1413 aliis
1907 1359 1993 1413 vel

411 1439 715 1505 interitum,
741 1441 825 1496 vel
853 1441 1226 1498 dissensiones
1254 1454 1308 1499 et
1345 1444 1485 1500 bella
1528 1461 1700 1516 genus
1731 1447 1784 1502 id
1816 1448 1997 1502 homi-

413 1547 545 1585 num
566 1531 914 1600 consciverit,
938 1548 1001 1589 ac
1032 1543 1276 1590 veterum
1295 1535 1650 1592 historiarum
1669 1539 1992 1594 memoriam

411 1622 743 1693 cogitatione
766 1626 1082 1695 repetendo,
1114 1629 1580 1695 animadvertere,
1628 1645 1698 1685 ne
1727 1641 1840 1686 tum
1868 1635 1992 1702 qui-

412 1715 533 1769 dem
565 1717 736 1772 ullum
764 1718 834 1772 ab
853 1717 920 1774 iis
947 1718 1146 1774 divinae
1165 1720 1385 1778 virtutis
1401 1738 1539 1794 opus
1563 1723 1768 1779 editum
1792 1723 1987 1794 fuisse,

410 1823 536 1862 cum
571 1818 625 1864 et
674 1826 762 1866 res
795 1809 1018 1867 Gracia:
1065 1813 1304 1869 maxime
1356 1814 1633 1880 ﬂorerent,
1683 1825 1738 1873 et
1785 1819 1990 1889 jactata

409 1900 687 1969 quondam
716 1903 961 1965 oracula,
1017 1920 1140 1974 quae
1195 1906 1299 1962 hoc
1339 1915 1584 1977 tempore
1614 1909 1766 1964 nulla
1813 1920 1987 1978 sunt,

409 1995 636 2065 integra:
692 1997 1038 2053 auctoritatis
1067 2008 1250 2053 essent
1275 2039 1292 2066 ,
1337 2010 1390 2054 et
1431 2000 1500 2055 ab
1532 1999 1805 2072 indigenis
1837 2007 1987 2060 omni

408 2086 592 2141 studio
617 2101 860 2158 curaque
887 2087 1094 2154 habita,
1119 2091 1314 2160 patriis
1365 2092 1562 2149 ritibus
1587 2103 1751 2163 atque
1780 2106 1988 2168 myste-

412 2179 512 2233 riis
545 2179 799 2249 religiose
830 2180 1124 2236 admodum
1148 2183 1478 2240 colerentur.
1505 2184 1571 2240 Et
1597 2201 1730 2244 sane
1753 2189 1860 2243 vim
1890 2205 1988 2246 eo-

406 2285 530 2325 rum
563 2271 766 2325 nullam
809 2287 931 2329 esse
963 2281 1078 2329 tum
1115 2276 1388 2346 praecipue
1439 2279 1686 2334 constitit
1724 2295 1792 2336 ex
1817 2282 1988 2337 bello-

407 2377 530 2417 rum
583 2362 1026 2420 calamitatibus:
1075 2365 1232 2439 134
1289 2367 1342 2421 in
1397 2369 1620 2439 quibus,
1666 2373 1813 2440 quod
1848 2373 1986 2427 nihil

411 2451 533 2521 opis
561 2463 615 2506 et
635 2452 823 2506 auxilii
853 2452 1103 2508 conferre
1129 2463 1352 2524 possent
1388 2456 1590 2529 egregii
1637 2456 1877 2512 fatorum
1901 2459 1988 2513 in-

405 2554 690 2614 terpretes,
739 2559 1130 2614 responsorum
1173 2546 1528 2618 ambiguitate
1583 2547 1808 2606 clientes
1854 2565 1986 2606 suos

403 2634 661 2692 fefellisse
681 2637 914 2693 convicti
940 2646 1089 2704 sunt,
1119 2641 1583 2710 quemadmodum
1614 2657 1716 2698 suo
1745 2643 1868 2699 loco
1899 2644 1987 2700 de-

404 2729 834 2784 monstrabimus
857 2769 872 2793 ,
915 2745 1040 2785 cum
1103 2731 1346 2788 omnium
1381 2733 1735 2802 subjiciemus
1765 2735 1939 2791 oculis
1966 2777 1982 2802 ,

403 2836 515 2892 quo
542 2831 703 2892 pacto
731 2837 852 2890 eos,
887 2823 981 2894 qui
1014 2823 1298 2878 oraculum
1325 2825 1704 2892 consulebant,
1730 2837 1984 2882 mutuum

404 2913 461 2966 in
489 2913 692 2968 bellum
719 2915 1002 2981 acuerint;
1031 2930 1130 2970 nec
1159 2915 1226 2971 de
1253 2916 1412 2971 seriis
1435 2931 1656 2987 quoque
1685 2918 1852 2974 rebus
1896 2935 1985 2976 ne-

403 3007 676 3078 gotiisque
696 3007 932 3063 consulti
971 3008 1371 3077 responderint,
1402 3010 1496 3065 sed
1528 3011 1711 3078 potius
1743 3013 1984 3069 oraculis

404 3093 521 3148 suis
553 3095 969 3150 consulentibus
1002 3096 1303 3162 illuserint,
1339 3097 1419 3152 sic
1456 3107 1673 3167 tamen,
1711 3110 1770 3156 ut
1801 3101 1982 3159 dubiae

402 3183 819 3255 signiﬁcationis
856 3187 1188 3242 obscuritate
1230 3203 1385 3244 suam
1434 3189 1678 3260 ipsorum
1724 3193 1982 3264 ignoran-

402 3277 532 3330 tiam
556 3278 913 3332 occultarent.
963 3277 1155 3350 Cogita
1196 3297 1327 3337 vero
1358 3283 1476 3353 ipse
1510 3292 1688 3340 tecum
1731 3290 1978 3358 exempla

401 3378 584 3424 vetera
612 3372 924 3440 repetendo,
958 3388 1121 3442 quam
1161 3374 1250 3429 isti
1277 3390 1440 3446 saepe,
1469 3392 1596 3432 cum
1639 3377 1846 3435 affectas
1885 3398 1980 3436 va-

401 3461 656 3516 letudinis
679 3461 994 3517 hominibus
1022 3465 1209 3528 robur,
1250 3465 1450 3534 vitam,
1484 3469 1830 3541 salutemque
1856 3489 1980 3543 pro-

399 3551 702 3620 misissent,
728 3553 906 3622 iisque
934 3563 1122 3624 postea
1158 3571 1266 3611 non
1296 3573 1454 3615 secus
1478 3577 1543 3616 ac
1570 3562 1676 3619 dlis
1715 3563 1850 3620 ﬁdes
1879 3569 1981 3622 ha-

401 3646 637 3711 beretur,
693 3646 856 3715 paulo
922 3655 1046 3716 post
1099 3648 1306 3720 ingenti
1364 3653 1610 3721 pecunia:
1658 3655 1711 3710 vi
1752 3673 1819 3712 ex
1874 3659 1979 3716 hoc

398 3736 592 3791 adlata:
612 3737 878 3794 divinitus
908 3749 1229 3795 mercatura;
1255 3757 1452 3812 genere
1491 3755 1810 3817 corrogata,
1843 3765 1980 3819 qua-

398 3829 476 3882 les
514 3830 732 3890 tandem
779 3840 983 3896 essent,
1022 3832 1312 3889 manifeste
1347 3838 1738 3905 reprehensum
1789 3839 1975 3906 fuerit,

399 3921 725 3990 impostores
751 3924 959 3979 scilicet
989 3940 1054 3981 ac
1079 3927 1456 3995 circulatores,
1501 3946 1609 3985 non
1651 3942 1832 3989 autem
1876 3937 1975 4002 dii,

399 4029 525 4070 cum
556 4015 768 4086 decepti
806 4017 875 4072 ab
903 4018 970 4074 iis
1007 4018 1258 4074 homines
1301 4020 1601 4077 infaustum
1641 4025 1845 4081 exitum
1877 4028 1976 4082 ha-

399 4111 664 4165 buissent.
699 4109 839 4176 Quid
870 4127 1032 4182 porro
1063 4113 1254 4168 attinet
1283 4113 1483 4181 dicere,
1522 4131 1590 4171 ne
1619 4119 1976 4188 popularibus

397 4203 619 4271 quidem
653 4203 789 4268 suis,
819 4213 872 4258 et
904 4204 1149 4272 ejusdem
1193 4220 1380 4260 secum
1420 4208 1658 4264 civitatis
1703 4212 1974 4283 indigenis

399 4305 551 4351 vates
580 4297 827 4366 egregios
865 4297 1163 4367 quidquam
1204 4299 1442 4367 prazsidii
1474 4303 1558 4356 vel
1592 4303 1710 4374 opis
1753 4305 1965 4373 all‘erre,

2103 432 2194 483 ἐπὶ
2245 429 2457 502 μυρίοις
2499 429 2863 500 χρησθέντων,
2913 429 3060 493 ἅπαξ
3103 429 3233 481 ποτέ
3289 428 3504 498 συμϐὰν
3545 428 3673 480 κατὰ

2100 521 2286 592 τύχην·
2329 522 2358 574 ὃ
2391 521 2487 575 καὶ
2521 520 2796 574 συνιδόντα
2832 521 2920 574 τὸν
2957 521 3122 592 μηδὲν
3171 520 3397 592 στερρὸν
3443 521 3502 571 ἐν
3530 519 3672 588 βάθει

2101 609 2278 681 ψυχῆς
2301 611 2635 682 κεκτημένον
2668 611 3205 684 ὑπερεκπλήττεσθαι
3239 612 3302 664 τὸ
3335 612 3672 683 χρηστήριον,

2101 697 2146 770 ᾦ
2177 702 2312 756 πολὺ
2339 707 2589 774 κρεῖττον
2615 699 2684 774 ἦν
2705 704 2767 758 τὸ
2802 705 2877 776 μὴ
2899 705 3208 776 ἀφραίνειν,
3244 704 3678 774 συλλογισαμένῳ

2099 797 2242 862 ὅσοις
2277 797 2456 861 ἄλλοις
2500 797 2733 850 θανάτου
2777 797 3064 866 γεγόνασιν
3107 797 3289 860 αἴτιοι,
3343 795 3586 859 στάσεώς
3619 813 3676 849 τε

2099 889 2193 942 καὶ
2227 889 2477 961 πολέμων
2520 892 2568 944 οἱ
2600 889 2974 962 δεδηλωμένοι·
3008 888 3311 958 σκέψασθαι
3341 907 3400 942 τε
3437 889 3546 942 τῶν
3578 907 3678 942 πα-

2099 982 2267 1036 λαιῶν
2298 982 2398 1047 τὰς
2431 982 2691 1053 ἱστορίας,
2741 984 2836 1036 καὶ
2887 983 3118 1037 συνιδεῖν
3159 982 3234 1046 ὡς
3279 981 3403 1035 οὐδὲ
3443 981 3505 1034 τὸ
3533 999 3679 1053 τηνι-

2098 1073 2229 1127 κάδε
2280 1073 2483 1144 ἀρετῆς
2525 1090 2579 1126 τι
2627 1073 2779 1138 θείας
2823 1073 2981 1146 ἔργον
3027 1073 3397 1140 ἀπεδείξαντο,
3445 1076 3678 1145 ὁπηνίκα

2096 1164 2248 1235 ἤνθει
2303 1164 2401 1234 μὲν
2451 1165 2520 1217 τὰ
2575 1165 2895 1237 Ἑλληνικὰ,
2950 1169 3288 1237 συνειστήκει
3339 1166 3397 1219 δὲ
3437 1165 3506 1218 τά
3551 1167 3678 1238 πρὶν

2099 1254 2376 1327 βοώμενα,
2432 1255 2527 1310 νῦν
2587 1256 2642 1310 δὲ
2696 1257 2888 1328 μηκέτ’
2933 1258 3062 1311 ὄντα
3116 1260 3443 1330 χρηστήρια,
3498 1259 3679 1330 πάσης

2097 1349 2356 1419 προνοίας
2389 1351 2482 1403 καὶ
2536 1350 2771 1422 σπουδῆς
2816 1349 3096 1422 ἠξιωμένα
3143 1351 3279 1423 πρὸς
3321 1352 3427 1404 τῶν
3475 1353 3678 1421 ἐπιχω-

2097 1441 2261 1513 ρίων,
2297 1441 2404 1494 τῶν
2453 1442 2516 1514 δὴ
2551 1448 2826 1514 πατρῴοις
2872 1445 3058 1515 νόμοις
3110 1462 3168 1498 τε
3217 1445 3313 1498 καὶ
3361 1446 3682 1517 μυστηρίοις

2097 1535 2360 1588 σεϐόντων
2404 1553 2464 1588 τε
2507 1536 2644 1588 αὐτὰ
2681 1537 2775 1590 καὶ
2806 1536 3238 1608 θεραπευόντων,
3270 1537 3366 1590 καὶ
3397 1538 3516 1591 τότε
3547 1538 3682 1606 γοῦν

2098 1627 2332 1701 μάλιστα
2373 1628 2436 1681 τὸ
2487 1628 2651 1700 μηδὲν
2689 1627 2946 1684 δύνασθαι
2994 1629 3420 1701 ἀπηλέγχθησαν
3453 1632 3510 1684 ἐν
3555 1632 3681 1694 ταῖς

2090 1698 2201 1772 τῶν
2227 1698 2824 1790 πολέμωνμφοραῖς·
2848 1721 2905 1772 ἐν
2931 1717 3018 1785 αἷς
3047 1698 3259 1791 βοηθεῖν
3289 1698 3682 1785 ἀδυνατοῦντες

2092 1811 2142 1863 οἱ
2171 1813 2408 1879 γενναῖοι
2442 1809 2758 1881 θεσπιῳδοὶ,
2792 1811 2859 1864 δι’
2887 1812 3218 1882 ἀμφιϐολίας
3264 1812 3371 1866 τῶν
3411 1812 3684 1885 χρησμῶν

2090 1905 2308 1975 ἥλωσαν
2375 1905 2727 1976 σοφισάμενοι
2775 1905 2902 1968 τοὺς
2956 1905 3304 1975 πρόσφυγαςο
3348 1903 3535 1975 ὥσπερ
3579 1899 3682 1956 οὖν

2091 1996 2234 2050 κατά
2279 1996 2372 2050 τὸν
2409 1996 2599 2050 δέοντα
2653 1996 2842 2066 καιρὸν
2892 1996 3264 2066 ἐπιδείξομεν,
3303 1995 3680 2068 παριστῶντες

2089 2087 2237 2152 ὅπως
2277 2088 2374 2141 καὶ
2415 2088 2496 2150 είς
2538 2085 2630 2140 τὸν
2677 2085 2796 2140 κατ’
2831 2085 3072 2158 ἀλλήλων
3107 2085 3341 2158 πόλεμον
3368 2087 3496 2150 τοὺς
3527 2103 3677 2158 χρω-

2093 2178 2290 2249 μένους
2336 2176 2688 2248 παρώξυνον,
2743 2177 2837 2232 καὶ
2884 2178 2959 2241 ὡς
3011 2178 3132 2232 οὐδὲ
3182 2179 3314 2250 περὶ
3367 2179 3679 2232 σπουδαίων

2090 2269 2432 2341 πραγμάτων
2458 2269 2557 2332 τάς
2587 2269 2906 2341 ἀποκρίσεις
2948 2269 3249 2332 ἐποιοῦντο,
3279 2269 3375 2323 καὶ
3401 2269 3478 2332 ὡς
3505 2267 3679 2322 ἐπλά-

2072 2377 2197 2413 ·νων
2246 2359 2333 2413 διὰ
2375 2359 2488 2414 τῶν
2523 2360 2787 2432 χρησμῶν
2828 2359 3114 2423 παίζοντες
3159 2361 3288 2423 τοὺς
3327 2360 3675 2432 ἐρωτῶντας,

2088 2453 2182 2506 καὶ
2222 2452 2298 2516 ὼς
2341 2451 2419 2524 τῷ
2452 2453 2550 2524 τῆς
2595 2453 2863 2522 ἀσαφείας
2911 2452 3088 2524 σκότῳ
3127 2453 3226 2522 τὴν
3265 2452 3413 2521 σφῶν
3446 2453 3677 2521 ἄγνοιαν

2089 2545 2525 2617 ἀπεκρύπτοντο.
2573 2544 2777 2614 Σκέψαι
2824 2544 2883 2598 δὲ
2921 2545 3014 2598 καὶ
3042 2544 3202 2607 αὐτὸς
3232 2543 3551 2614 πυθόμενος,
3593 2544 3677 2608 ὡς

2087 2637 2181 2691 καὶ
2221 2637 2524 2710 ἀρρώστοις
2552 2637 2810 2702 πολλάκις
2858 2636 3025 2709 ρῶσιν
3057 2637 3150 2690 καὶ
3179 2637 3322 2708 ζωὴν
3366 2638 3458 2690 καὶ
3491 2654 3675 2708 σωτηο

2089 2727 2211 2799 ρίαν
2243 2727 2624 2800 ὑποσχόμενοι,
2653 2729 2888 2782 κᾶπειτα
2921 2728 3299 2792 πιστευθέντες
3326 2729 3400 2792 ὡς
3433 2729 3497 2800 δὴ
3526 2728 3669 2792 θεοὶ,

2087 2821 2178 2874 καὶ
2210 2822 2308 2892 τῆς
2333 2820 2518 2874 ἐνθέου
2552 2820 2756 2893 ταύτης
2796 2820 3066 2891 ἐμπορίας
3111 2820 3376 2891 μεγάλους
3407 2822 3533 2884 τοὺς
3581 2839 3674 2892 μι-

2088 2910 2248 2977 σθοὺς
2282 2912 2729 2985 εἰσπραξάμενοι,
2752 2913 2812 2966 οὐ
2845 2911 2985 2983 μετά
3019 2912 3265 2965 πλεῖστον
3304 2913 3498 2976 οἵτινες
3524 2909 3678 2983 ἦσαν

2085 3005 2468 3078 ἐφωράθησαν,
2500 3007 2694 3077 γόητες
2732 3005 2942 3078 ἄνδρες,
2967 3005 3080 3058 ἀλλ’
3106 3007 3165 3058 οὐ
3201 3006 3313 3059 θεοὶ
3332 3005 3676 3076 διελεγχθέν-

2082 3115 2197 3162 τες,
2222 3099 2321 3152 οῦκ
2348 3098 2530 3161 αίσίας
2555 3097 2936 3169 καταστροφῆς
2974 3098 3102 3160 τοὺς
3129 3097 3517 3168 ἠπατημένους
3547 3097 3675 3151 δια-

2082 3185 2370 3256 λαϐούσης.
2400 3186 2464 3238 Τί
2509 3185 2574 3257 δὴ
2600 3187 2811 3256 λέγειν,
2843 3187 2918 3250 ὼς
2959 3186 3082 3239 οὐδὲ
3115 3188 3227 3250 τοῖς
3255 3186 3462 3240 ἐαυτῶν
3493 3188 3679 3240 συνοί-

2081 3293 2219 3341 κοις,
2244 3279 2357 3340 τοῖς
2378 3275 2440 3348 δὴ
2487 3278 2625 3331 κατά
2657 3279 2755 3349 τὴν
2802 3278 2969 3350 αὐτὴν
2997 3277 3151 3331 πόλιν
3187 3277 3581 3348 διατρίϐουσιν,
3622 3282 3680 3332 οἱ

2083 3368 2376 3440 θαυμάσιοι
2423 3369 2646 3440 μάντεις
2677 3370 2776 3434 τὰς
2815 3369 2874 3434 ἐξ
2915 3370 3094 3424 αὐτῶν
3139 3369 3411 3442 παρέσχον
3440 3371 3680 3425 ἐπικου-

2085 3465 2226 3536 ρίας,
2273 3462 2410 3518 ἀλλὰ
2447 3463 2542 3517 καὶ
2585 3463 2874 3527 νοσοῦντας
2908 3463 2974 3516 ἂν
3015 3463 3144 3526 ἴδοις
3179 3462 3372 3516 αὐτόσε
3405 3463 3500 3516 καὶ
3532 3464 3684 3517 ἀνα-

2081 3554 2312 3624 πήρους,
2356 3553 2450 3606 καὶ
2491 3554 2600 3606 πᾶν
2637 3552 2698 3605 τὸ
2741 3553 2898 3623 σῶμα
2942 3552 3354 3624 λελωϐημένους
3403 3554 3683 3626 μυρίους;

2081 3643 2146 3696 Τί
2179 3643 2241 3714 δή
2277 3659 2408 3695 ποτε
2435 3638 2528 3696 οὖν
2554 3644 2669 3706 τοῖς
2701 3642 2799 3713 μὲν
2831 3641 2936 3708 ἔξω
2979 3643 3073 3696 καὶ
3112 3643 3395 3715 πόρρωθεν
3420 3643 3478 3709 ἐξ
3510 3642 3688 3698 ἀλλο-

2079 3733 2258 3804 δαπῆς
2295 3734 2712 3804 ἀφικνουμένοις
2753 3732 2851 3796 τὰς
2882 3733 3125 3805 χρηστὰς
3168 3734 3481 3806 ὑπέγραφον
3514 3735 3687 3788 ἐλπί-

2079 3824 2193 3889 δας,
2220 3826 2320 3878 οὐκ
2345 3826 2504 3879 ἔτιδὲ
2535 3826 2628 3880 καὶ
2655 3829 2765 3889 τοῖς
2796 3827 2935 3880 κατά
2977 3827 3038 3880 τὸ
3083 3827 3212 3881 αὐτὸ
3257 3829 3542 3894 συνοίκοις,
3587 3825 3688 3896 οἷς

2079 3916 2144 3989 δὴ
2171 3918 2264 3971 καὶ
2297 3918 2405 3988 πρὸ
2443 3918 2660 3972 πάντων
2699 3919 2884 3990 ἐχρῆν,
2910 3919 2986 3982 ὡς
3015 3919 3081 3972 ἂν
3111 3920 3332 3990 οἰκείοις
3362 3921 3537 3990 φίλοις
3571 3925 3688 3978 καὶ

2083 4009 2461 4082 συμπολίταις,
2487 4011 2549 4064 τὸ
2595 4013 2660 4064 ἐκ
2685 4011 2786 4082 τῆς
2816 4012 2924 4066 τῶν
2958 4011 3095 4066 θεῶν
3129 4015 3431 4085 παρουσίας
3458 4015 3686 4084 ἀγαθὸν

2081 4102 2360 4174 παρέχεινο
2389 4101 2503 4155 ἀλλ’
2530 4102 2612 4154 ὅτι
2658 4102 2785 4164 τοὺς
2829 4102 2928 4173 μὲν
2980 4101 3191 4169 ξένους,
3221 4104 3470 4173 ἀγνῶτας
3507 4106 3688 4172 ὄντας

2078 4195 2178 4267 τῆς
2221 4195 2605 4266 ῥᾳδιουργίας,
2649 4196 2776 4266 ῥᾷον
2810 4194 2876 4248 ἂν
2922 4196 3017 4248 καὶ
3065 4197 3423 4267 ἀπατήσαιεν,
3478 4198 3685 4253 οὐκέτι

2082 4285 2141 4339 δέ
2184 4287 2310 4350 τοὺς
2340 4285 2608 4356 συνήθεις,
2645 4285 2721 4348 ὡς
2757 4285 2824 4339 ἂν
2869 4286 2970 4356 τῆς
3014 4287 3207 4358 τέχνης
3247 4289 3347 4341 οὐκ
3379 4289 3686 4360 ἀπείρους,

397 4403 523 4440 cum
583 4386 826 4441 inﬁnitos
873 4387 1070 4442 ibidem
1117 4389 1302 4445 videas
1364 4393 1573 4448 morbis
1621 4396 1972 4465 laborantes,

2092 4377 2399 4450 συνίστορας
2420 4377 2476 4430 δὲ
2497 4377 2656 4440 ὄντας
2677 4377 2775 4448 τῆς
2796 4379 3218 4451 ἐπιτελουμένης
3243 4379 3479 4446 παιδιᾶς;
3507 4382 3694 4438 Οὕτω

397 4478 646 4542 claudos,
700 4483 875 4534 cascos
924 4494 987 4533 ac
1033 4488 1145 4534 toto
1197 4497 1338 4551 saepe
1383 4499 1616 4554 corpore
1655 4489 1976 4545 mutilatos?

397 4568 540 4634 Quid
572 4585 700 4624 vero
741 4571 794 4624 in
823 4585 990 4624 causa
1034 4570 1232 4638 fuerit,
1269 4589 1367 4627 cur
1413 4578 1715 4647 peregrinis
1751 4581 1973 4650 quidem

397 4661 746 4727 hominibus,
791 4671 846 4716 et
889 4677 954 4716 ex
1004 4662 1300 4733 longinqua
1365 4667 1588 4738 regione
1629 4672 1974 4730 venientibus

397 4767 580 4807 rerum
629 4753 917 4808 meliorum
952 4769 1076 4823 spes
1120 4755 1388 4822 quasdam
1431 4759 1749 4817 umbratiles
1783 4779 1847 4818 ac
1887 4764 1975 4819 fu-

397 4857 550 4902 catas
596 4847 978 4916 ostenderent,
1017 4847 1229 4904 civibus
1275 4861 1456 4905 autem
1511 4855 1975 4928 popularibusque

397 4941 512 4994 suis
539 4955 647 4993 non
697 4939 844 5002 item.
879 4940 1208 5009 quibuscum
1234 4951 1414 4997 tamen
1442 4959 1537 5000 eos
1562 4956 1748 5017 utpote
1786 4949 1974 5004 dome-

397 5030 552 5084 sticis
591 5029 816 5094 amicis,
853 5045 917 5084 ac
955 5029 1168 5084 civibus
1223 5032 1526 5087 derivatum
1571 5050 1636 5090 ex
1683 5039 1970 5094 numinum

396 5127 682 5195 praesentia
711 5125 914 5180 bonum
935 5125 1344 5181 communicare
1367 5137 1671 5197 oporteret;
1697 5132 1801 5186 nisi
1825 5133 1973 5202 quod

395 5229 682 5274 extraneos
729 5220 976 5274 homines
1009 5220 1352 5274 veteratoria:
1398 5221 1711 5278 calliditatis
1755 5225 1974 5303 ignaros

467 5393 577 5464 (293
619 5395 975 5461 Δωδωναῖος.
1019 5394 1093 5450 Ita
1129 5411 1440 5462 omnes,ncc
1476 5406 1688 5453 mutare
1715 5414 1836 5454 sum
1870 5415 1971 5453 au-

392 5481 512 5520 sus.
542 5465 622 5518 An
654 5465 984 5520 Dodonaeum
1007 5464 1194 5520 Jovem
1199 5467 1464 5589 [pluribus
1488 5469 1753 5537 Apollinis
1775 5485 1973 5537 cogno-

397 5535 635 5589 minibus
683 5537 921 5589 inserere
966 5537 1178 5589 voluit?
1249 5554 1280 5589 n
1312 5538 1505 5589 Apollo
1536 5539 1802 5589 auisniam
1844 5540 1970 5589 fuit.

397 5535 635 5589 minibus
683 5537 921 5608 inserere
966 5535 1280 5608 voluit?ﬁAn
1312 5538 1505 5606 Apollo
1536 5535 1802 5608 quispiam
1843 5535 1970 5605 fuit,

397 5616 757 5678 cognomento
798 5605 1142 5678 Dodonaaus?
1173 5605 1377 5678 Legere
1424 5625 1511 5663 me
1551 5605 1674 5664 non
1722 5611 1970 5665 memini.

396 5675 543 5731 Sane
580 5675 843 5745 Διδ·;μεύς
871 5681 1052 5747 potius
1080 5675 1365 5751 legerciur,
1396 5679 1536 5736 idem
1582 5681 1675 5752 qui
1720 5690 1774 5738 et
1819 5680 1970 5737 Mile-

2079 4470 2137 4523 δὲ
2167 4469 2227 4522 τὸ
2263 4471 2368 4522 πᾶν
2394 4469 2455 4522 οὐ
2489 4468 2652 4534 θεῖον,
2680 4469 2802 4523 οὐδὲ
2830 4469 3177 4541 ἀνθρωπίνης
3212 4471 3454 4534 ἐπινοίας
3490 4477 3693 4543 κρεῖτο

2078 4579 2168 4614 τον
2199 4555 2302 4631 ἦν’
2349 4559 2488 4613 ὥστε
2527 4561 2633 4614 κάν
2681 4564 2803 4624 ταῖς
2853 4562 3139 4631 μεγίσταις
3183 4566 3507 4636 συμφοραῖς,
3544 4570 3691 4631 ταῖς

2077 4653 2142 4723 δὴ
2197 4651 2400 4705 ἀνωθεν
2460 4653 2524 4704 ἐκ
2568 4651 2663 4704 τοῦ
2728 4652 3115 4723 παμϐασιλέως
3170 4652 3306 4706 Θεοῦ
3362 4655 3504 4707 κατά
3555 4657 3690 4710 τῶν

2076 4742 2288 4798 ἀσεϐῶν
2339 4743 2805 4814 ἐπαιωρουμέναις
2833 4783 2846 4806 ,
2900 4744 3079 4807 αὐτοῖς,
3141 4743 3490 4818 ἀφιερώμασι
3575 4751 3689 4803 καὶ

2079 4835 2284 4899 ξοάνοις
2338 4835 2543 4908 φθορὰν
2578 4837 2813 4908 ἐσχάτην
2861 4839 2955 4890 καὶ
3006 4837 3245 4901 πτώσεις
3279 4837 3483 4910 ἀθρόας
3534 4842 3687 4906 τοὺς

2075 4927 2213 4992 νεὼς
2257 4928 2436 4981 αὐτῶν
2470 4930 2778 5000 ὑπομεῖναι.
2812 4928 2922 4982 Ποῦ
2966 4931 3074 5001 γάρ
3117 4947 3200 4982 σοι
3231 4930 3292 4982 τὸ
3336 4932 3394 4984 ὲν
3438 4931 3688 5002 Δελφοῖς

2078 5021 2222 5093 ἱερὸν
2269 5021 2420 5092 παρά
2470 5022 2636 5074 πᾶσιν
2665 5020 2920 5091 Ἕλλησιν
2951 5019 3012 5086 ἐξ
3053 5021 3248 5084 αἰῶνος
3292 5021 3682 5094 βεϐοημένον;

2076 5112 2178 5165 ποῦ
2218 5115 2247 5165 ὁ
2293 5112 2527 5177 Πύθιος;
2581 5115 2610 5166 ὁ
2651 5113 2928 5184 Κλάριος;
2980 5113 3082 5166 ποῦ
3131 5114 3225 5167 καὶ
3273 5115 3301 5166 ὁ
3350 5115 3686 5180 Δωδωναῖος

2077 5203 2225 5275 (22);
2265 5204 2326 5256 τὸ
2372 5203 2470 5275 μέν
2509 5220 2574 5272 γε
2619 5204 2878 5273 Δελφικὸν
2925 5205 3290 5277 χρηστήριον,
3332 5206 3516 5278 τρίτον
3559 5209 3690 5262 ὑπὸ

2076 5399 2213 5464 sius,
2252 5409 2304 5476 et
2352 5399 2706 5476 Branchides.
2739 5411 2799 5456 ut
2836 5403 3320 5476 notissimumest.
3352 5403 3417 5458 Et
3448 5420 3690 5476 cogno—

2077 5481 2258 5543 menta
2292 5473 2393 5526 ista
2422 5474 2583 5542 vulgo
2621 5474 3117 5543 conjungebantur.
3152 5475 3320 5528 Clem.
3357 5473 3682 5532 Alexa'ndr-

2078 5541 2131 5594 in
2165 5540 2454 5626 ξνοινςρρη
2565 5543 2595 5594 7
2619 5561 2632 5596 :
2659 5540 2928 5626 Διήγησαι
2947 5546 3084 5626 ῂμῖν
3109 5546 3202 5597 καὶ
3220 5546 3318 5615 τῆς
3343 5545 3512 5626 ἄλλης
3536 5565 3698 5626 μαλν-

2075 5612 2251 5686 τικῆς,
2273 5613 2471 5686 μᾶλλον
2483 5612 2830 5686 δέᾐμανικῆς,
2847 5613 2913 5666 τὰ
2937 5612 3186 5686 ἀχρηστα
3212 5612 3548 5686 χρηστήριαί
3572 5619 3698 5673 τὸν

2079 5631 2251 5681 τικης,
2273 5631 2471 5681 μαλλον
2493 5631 2547 5666 οε
2618 5631 2827 5685 ανικης,
2847 5631 2913 5666 τα
2940 5631 3186 5685 ἀχρηστα
3212 5631 3544 5686 χρηστηριαο
3572 5631 3698 5673 τὸν

2079 5682 2334 5754 Κλάριον,
2365 5683 2455 5738 τὸν
2487 5631 2708 5753 Πύθιον,
2749 5685 2838 5739 τὸν
2865 5685 3121 5754 Διδυμέα.
3148 5686 3320 5752 Quem
3351 5686 3536 5742 locum
3573 5705 3700 5743 su-
