3858 6224
172 300 284 360 25⁷7

175 421 417 490 Θρᾳκῶν
477 419 866 490 ἐμπρησθῆναι
924 419 1141 488 κατέχει
1205 419 1360 486 λόγος
1393 460 1408 481 ,

179 512 442 580 μαντείου
469 514 550 574 εἰς
581 513 679 582 τὴν
705 511 800 563 τοῦ
831 510 1113 581 μέλλοντος
1135 510 1358 578 γνῶσιν,
1389 511 1501 564 ἀλλ’
1527 510 1644 564 οὐδὲ
1674 509 1764 561 τοῦ

175 601 382 654 Πυθίου
422 602 493 655 τὰ
525 605 700 656 οἰκεῖα
732 601 1175 674 προφυλάξασθαι
1210 601 1587 672 δεδυνημένου.
1619 601 1765 654 Ταυ-

174 694 270 745 τὸν
298 694 498 747 παθεῖν
544 695 637 747 καὶ
668 695 728 746 τὸ
769 696 828 747 ἐν
873 694 1060 766 Ῥώμῃ
1087 693 1432 747 Καπιτώλιον
1475 696 1766 765 ἱστορεῖται

175 786 316 839 κατᾶ
345 787 477 849 τοὺς
501 787 611 839 τῶν
637 786 989 857 Πτολεμαίων
1014 788 1260 858 χρόνους,
1283 787 1403 840 καθ’
1426 787 1520 850 οὓς
1547 786 1764 854 λέγεται

176 877 272 929 καὶ
312 877 378 930 τὸ
421 877 519 948 τῆς
565 878 784 942 Ἑστίας
829 878 973 948 ἱερὸν
1021 879 1113 930 ἐπὶ
1164 879 1381 948 Ῥώμης
1435 878 1765 950 ἐμπρησμὸν

178 970 496 1039 ὑπομᾰναι.
539 969 707 1041 ’ἀμφὶ
750 970 806 1023 δὲ
849 971 1060 1025 Ἰούλιον
1096 972 1188 1024 τὸν
1227 971 1480 1043 Καίσαρα
1519 971 1580 1024 τὸ
1626 971 1766 1041 μέγα

179 1063 286 1114 τῶν
321 1061 598 1131 Ἑλλήνων
627 1062 719 1116 καὶ
755 1063 1121 1132 Ὀλυμπιακὸν
1154 1063 1396 1132 ἄγαλμα,
1414 1063 1474 1116 τὸ
1496 1065 1553 1116 ὲν
1575 1063 1765 1126 αὐταῖς

191 1151 549 1220 Ὀλυμπιάσι,
580 1151 832 1222 κεραυνῷ
860 1153 996 1224 πρὸς
1026 1152 1120 1205 τοῦ
1141 1152 1275 1206 Θεοῦ
1307 1152 1499 1222 βληθὲν
1528 1154 1767 1224 ἀναγρά-

176 1260 358 1309 φουσι.
396 1245 510 1296 Καὶ
564 1244 690 1296 ἄλλο
715 1258 742 1285 ει
771 1245 833 1297 τέ
862 1245 890 1284 δ
923 1263 1053 1313 φασι
1083 1245 1172 1298 τὸν
1216 1243 1352 1296 νεὼν
1383 1245 1476 1298 τοῦ
1506 1249 1765 1299 Καπιτω-

176 1333 290 1386 λίου
330 1334 459 1397 Διὸς
488 1333 912 1406 ἐμπρησθῆναι·
945 1335 1040 1388 καὶ
1067 1335 1127 1388 τό
1153 1352 1217 1403 γε
1252 1335 1490 1388 Πάνθεον
1521 1336 1630 1406 (25)
1660 1337 1766 1389 ὑπὸ

173 1425 449 1497 κεραυνοῦ
484 1425 876 1498 διαφθαρῆναιθ
908 1426 968 1478 τό
999 1443 1058 1479 τε
1087 1429 1146 1479 ὲν
1185 1424 1558 1496 Ἀλεξανδρείᾳ
1587 1427 1765 1496 Σαρα-

175 1518 326 1567 πέον
354 1515 564 1584 ὁμοίως
594 1515 1058 1586 καταφλεχθῆναι.
1077 1517 1183 1569 Καὶ
1202 1515 1404 1569 τούτων
1435 1518 1563 1587 παρ’
1584 1517 1765 1580 αὐτοῖς

177 1607 436 1678 Ἕλλησιν
489 1608 830 1678 ἀνάγραπτοι
871 1609 1122 1679 φέρονται
1174 1609 1489 1680 μαρτυρίαι.
1541 1609 1764 1681 Μακρὸς

170 1699 216 1750 δ’
250 1699 318 1751 ἂν
344 1699 435 1768 εἴη
470 1698 652 1766 λόγος,
683 1699 731 1751 εί
767 1699 948 1768 μέλλοι
978 1717 1061 1763 τις
1085 1700 1152 1754 τὰ
1191 1699 1313 1753 καθ’
1343 1701 1548 1754 ἕκαστα
1586 1700 1764 1771 ἐξαρι-

171 1790 471 1860 θμεῖσθαι,
529 1793 865 1864 παριστάναι
911 1792 1282 1864 πειρώμενος,
1327 1794 1409 1846 ὅτι
1466 1794 1601 1863 μηδὲ
1655 1797 1766 1857 τοῖς

169 1884 392 1945 οἰκείοις
431 1884 602 1953 ἱεροῖς
655 1882 931 1952 ἐπαμῦναι
962 1885 1009 1934 οἱ
1053 1883 1356 1954 θαυμαστοὶ
1400 1885 1766 1954 χρησμοδόται

169 1976 384 2028 δυνατοὶ
421 1974 809 2046 πεφώρανται·
847 1975 897 2027 οἱ
941 1975 997 2028 δὲ
1038 1975 1179 2046 μηδὲ
1217 1974 1330 2045 (24)
1360 1975 1542 2044 σφίσιν
1585 1976 1766 2039 αὐτοῖς

171 2075 228 2122 ἐν
253 2071 572 2140 συμφοραῖς
615 2068 900 2137 γενόμενοι
933 2069 1194 2140 χρήσιμοι
1235 2068 1397 2138 σχολῇ
1439 2069 1489 2135 γ’
1519 2067 1585 2120 ἄν
1634 2083 1765 2120 ποτε

169 2162 268 2216 κᾶν
325 2161 519 2223 ἄλλοις
566 2160 949 2230 ὲπαρκέσειαν.
1001 2161 1095 2213 ’Ἐν
1142 2159 1199 2212 δέ
1253 2177 1305 2213 τι
1355 2159 1610 2232 προσθεὶς
1654 2161 1764 2223 τοῖς

168 2253 508 2323 εἰρημένοις,
551 2253 804 2322 μέγιστον
836 2251 901 2303 ἂν
932 2252 1016 2320 εἴη
1059 2248 1426 2320 καθεωρακὼς
1450 2249 1763 2317 κεφάλαιον,

163 2344 240 2406 ὡς
262 2344 366 2413 ήδη
404 2344 506 2396 καὶ
550 2343 657 2395 τῶν
697 2341 837 2410 ἄγαν
878 2341 1171 2413 θεοφόρων,
1205 2340 1383 2394 αὐτῶν
1421 2340 1485 2410 δὴ
1520 2339 1628 2392 τῶν
1665 2338 1768 2410 μά-

164 2437 320 2490 λιστα
358 2435 724 2508 ἱεροφαντῶν,
758 2435 1021 2502 θεολόγων
1053 2451 1112 2487 τε
1143 2435 1326 2498 αὐτοῖς
1357 2433 1452 2486 καὶ
1473 2431 1765 2504 προφητῶν

168 2528 388 2591 πλείους
418 2527 486 2579 οὐ
525 2526 686 2596 μόνον
713 2525 902 2586 πάλαι,
927 2522 1063 2577 ἀλλὰ
1092 2523 1186 2576 καὶ
1220 2521 1448 2590 ἔναγχος
1470 2519 1592 2573 καθ’
1617 2520 1765 2590 ἡμᾶς

164 2620 403 2682 αὐτοὺς,
438 2618 538 2670 ἐπὶ
585 2620 650 2687 τῇ
687 2616 946 2686 θεοσοφίᾳ
976 2614 1148 2684 ταύτῃ
1185 2612 1497 2683 βοηθέντες,
1544 2610 1633 2664 διὰ
1665 2611 1764 2680 βα-

163 2713 344 2765 σάνων
398 2710 593 2772 αἰκίας
624 2709 718 2762 ἐπὶ
763 2707 870 2761 τῶν
900 2705 1226 2776 Ῥωμαϊκῶν
1267 2702 1630 2773 δικαστηρίων
1665 2703 1764 2773 τὴν

157 2808 348 2858 πᾶσαν
398 2802 759 2872 ἐξεφώνησαν
785 2813 807 2838 ε
848 2799 1054 2868 πλάνην
1100 2796 1306 2867 ἀνδρῶν
1350 2795 1584 2858 ἀπάταις
1625 2795 1767 2862 γίνε-

155 2895 289 2948 σθαι
308 2935 323 2956 ,
373 2894 475 2947 καὶ
501 2891 530 2930 ἀ
587 2891 842 2960 γοητείαν
893 2888 1321 2958 τετεχνασμένην
1367 2886 1427 2938 τὸ
1470 2887 1578 2938 πᾶν
1627 2881 1765 2938 εἶναι

153 2986 614 3056 ὁμολογήσαντες
634 2999 647 3010 ·
679 2982 732 3034 οἵ
749 3003 808 3051 γε
829 2981 924 3033 καὶ
949 2981 1039 3033 τὸν
1073 2979 1252 3032 πάντα
1292 2977 1492 3048 τρόπον
1519 2977 1618 3047 τῆς
1667 2993 1766 3030 κα·-

1344 304 1664 360 ΡιιΑεΡΑιει.
1711 302 1959 359 EVANG.
1996 303 2126 358 LIB.
2169 303 2256 360 IV.

1468 418 1619 471 οὐδὲν
1670 419 1762 469 τοῦ
1793 425 1839 477 Α
1870 416 2084 472 facilius
2131 417 2184 470 in
2228 429 2493 480 errorem,
2526 430 2690 486 quam
2727 415 2863 470 alios
2896 417 3002 469 sibi
3050 415 3348 474 familiares
3377 435 3442 474 ac

3332 304 3444 361 238

1873 517 2030 562 notos
2060 507 2419 578 impellerent,
2453 509 2657 578 quippe
2697 508 2792 577 qui
2839 508 2976 563 artis
3007 508 3171 578 hujus
3205 509 3444 579 imperiti

1870 615 1978 652 non
2007 608 2212 666 essent,
2259 601 2353 654 sed
2394 601 2606 655 usitata:
2661 600 3050 656 ludiﬁcationis
3081 601 3286 670 optime
3315 617 3417 657 con

1869 690 1967 744 scii
1990 690 2014 742 ’ἐ
2037 688 2218 756 Quare
2246 697 2421 744 totum
2458 689 2602 744 istud
2639 687 2882 758 profecto
2911 704 3010 744 nec
3053 689 3223 745 divini
3281 692 3444 760 quid-

1867 795 2057 850 quam,
2086 796 2186 834 nec
2213 781 2451 834 humana
2486 779 2754 835 industria
2785 781 2963 850 majus
3010 781 3242 838 habuit:
3274 786 3444 839 adeo-

1867 887 1974 942 que
2007 872 2193 927 videas
2230 872 2568 943 gravissimis
2594 872 2755 926 etiam
2805 873 3228 941 calamitatibus,
3254 877 3446 945 quales

1868 964 2056 1033 ulique
2097 965 2314 1020 caelitus
2351 978 2379 1016 a
2427 979 2646 1017 summo
2695 979 2878 1018 rerum
2911 965 3159 1020 omnium
3195 967 3443 1037 principe

1868 1053 1978 1109 Deo
2009 1055 2300 1124 impiorum
2322 1055 2629 1110 cervicibus
2657 1056 2964 1121 imminent,
2985 1072 3301 1126 supremum
3330 1059 3443 1114 exi-

1863 1147 2331 1218 tium,ruinasque
2353 1144 2665 1217 frequentes
2690 1161 2754 1202 ac
2779 1148 3108 1217 repentinas,
3126 1149 3288 1204 simul
3315 1166 3440 1205 cum

1867 1239 2000 1307 ipsis
2028 1239 2272 1294 donariis
2299 1247 2463 1308 atque
2495 1239 2823 1304 simulacris,
2858 1254 3048 1294 eorum
3084 1242 3282 1312 templa
3312 1243 3442 1298 sub-

1877 1329 2029 1385 iisse.
2094 1329 2199 1386 Ubi
2236 1333 2382 1386 enim
2444 1330 2759 1400 Delphicum
2797 1331 2928 1385 illud
2978 1333 3238 1402 templum
3309 1346 3438 1402 est,

1867 1419 2011 1487 apud
2057 1417 2277 1474 Grmcos
2340 1434 2531 1473 omnes
2584 1418 2847 1488 omnique
2899 1423 3158 1476 memoria
3200 1423 3443 1475 Celebra—

1867 1509 2032 1564 tum?
2066 1510 2157 1563 ubi
2189 1509 2460 1580 Pythius?
2510 1509 2601 1563 ubi
2635 1507 2894 1564 Clarius?
2955 1511 3047 1566 uli
3100 1501 3441 1564 Dodonaeus?

1866 1599 2002 1654 Nam
2059 1599 2376 1670 Delphicum
2430 1615 2561 1655 sane
2617 1600 2903 1654 oraculum
2959 1599 3070 1669 jam
3133 1601 3355 1654 tertium

1873 1693 2184 1748 Thracibus
2241 1694 2523 1748 incensum
2581 1691 2751 1747 fuisse
2832 1701 3090 1747 constans
3140 1691 3286 1745 fama
3316 1699 3422 1756 est,

1874 1786 2034 1856 135
2057 1801 2182 1840 cum
2218 1801 2395 1856 neque
2425 1785 2777 1840 divinationis
2818 1784 3153 1841 domicilium
3181 1784 3246 1838 ad
3277 1783 3446 1840 futwi

1867 1879 2289 1948 praesensionem
2313 1916 2328 1940 ,
2377 1893 2552 1947 neque
2583 1875 2810 1948 Pythius
2841 1876 2956 1946 ipse
3000 1875 3068 1930 ad
3110 1892 3290 1932 rerum
3317 1893 3447 1932 sua-

1867 1985 1989 2024 rum
2021 1969 2493 2023 conservationem
2538 1969 2836 2038 quidquam
2871 1969 3095 2024 omnino
3125 1979 3328 2038 posset.
3390 1969 3449 2024 ld

1869 2061 2046 2130 ipsum
2089 2057 2338 2114 Romano
2373 2061 2499 2114 item
2547 2059 2816 2130 Capitolio
2851 2061 2996 2114 circa
3031 2059 3446 2116 Ptolemaeorum

1870 2162 2114 2220 tempora
2149 2151 2448 2222 contigisse
2483 2152 2666 2221 prodit
2717 2151 2941 2205 historia
2965 2194 2980 2218 ,
3031 2153 3233 2224 quibus
3279 2153 3448 2207 etiam

1869 2240 2204 2308 temporibus
2246 2239 2425 2295 Vesta:
2497 2241 2786 2295 delubrum
2834 2242 3031 2296 ibidem
3082 2242 3450 2313 conflagrasse

1867 2330 2070 2386 ferunt.
2110 2330 2378 2388 Praeterea
2425 2331 2554 2387 Julii
2597 2333 2830 2388 Caesaris
2877 2344 3036 2390 mtate
3076 2335 3281 2406 grande
3314 2335 3447 2389 illud

1867 2433 1922 2480 et
1944 2423 2320 2495 Olympiacum
2346 2423 2570 2480 Graecia:
2599 2426 2978 2492 simulacrum,
3012 2428 3159 2498 quod
3187 2427 3449 2499 Olympia-

1869 2517 2150 2573 visebatur
2173 2557 2189 2583 ,
2239 2517 2469 2573 fulmine
2513 2519 2776 2576 divinitus
2815 2521 2980 2575 ictum
3011 2537 3132 2576 esse
3156 2561 3170 2587 ,
3197 2520 3448 2590 aliudque

1869 2611 2033 2665 simul
2058 2610 2214 2666 Jovis
2239 2611 2531 2681 Capitolini
2552 2613 2812 2682 templum
2841 2613 3115 2677 incendio,
3147 2612 3448 2668 Pantheum

1868 2702 1992 2771 igne
2024 2701 2292 2766 fulminis,
2331 2702 2615 2774 Ser-apium
2664 2704 3007 2759 Alexandria:
3056 2720 3165 2758 non
3211 2705 3448 2760 absimili

1867 2794 2291 2866 conﬂagratione
2337 2797 2592 2852 haustum
2639 2797 2873 2867 periisse
2922 2795 3162 2851 tradunt.
3203 2795 3448 2863 Quorum

1867 2888 2089 2957 quidem
2135 2888 2381 2942 omnium
2430 2890 2730 2959 perscripta
2777 2897 2994 2944 exstant
3043 2887 3187 2958 apud
3231 2889 3446 2945 Graecos

1871 2981 2020 3050 ipsos
2067 2980 2400 3035 testimonia.
2461 2981 2539 3035 Ac
2588 2979 2810 3051 longum
2865 2978 3107 3050 profecto
3139 2994 3446 3037 sermonem

155 3077 469 3146 τασκευῆς,
509 3075 605 3127 καὶ
644 3073 744 3135 τὰς
781 3071 1034 3142 μεθόδους
1068 3072 1168 3140 τῆς
1217 3069 1605 3139 κακοτεχνίας,
1647 3071 1762 3133 ταῖς

1870 3073 2145 3128 ordiretur
2166 3112 2184 3140 ,
2218 3072 2312 3143 qui
2345 3073 2559 3141 singula
2587 3087 2869 3130 recensere
2893 3073 3234 3126 numerando
3266 3072 3446 3139 vellet,

159 3172 300 3241 πρὸς
334 3168 526 3224 αὐτῶν
565 3169 625 3219 ὲν
658 3166 1042 3235 ὑπομνήμασιν
1076 3162 1390 3233 ἀφεθείσαις
1417 3164 1618 3231 φωναῖς
1647 3163 1761 3214 ἐνε-

161 3263 471 3332 γράψαντο.
509 3259 604 3311 Διὸ
624 3258 690 3328 δὴ
723 3257 816 3310 καὶ
845 3255 944 3326 τήν
966 3254 1121 3320 ἀξίαν
1148 3254 1246 3324 τῆς
1277 3252 1520 3324 ὀλεθρίου
1555 3251 1761 3322 πλάνης

165 3355 316 3423 δίκην
351 3352 678 3413 ἐκτίσαντες
699 3389 713 3411 ,
755 3347 932 3401 πάντα
970 3347 1126 3414 λόγον
1165 3343 1543 3413 ἀνεκάλυψαν,
1577 3345 1761 3408 αὐτοῖς

169 3446 347 3516 ἔργοις
370 3446 479 3514 τὴν
504 3443 616 3496 τῶν
654 3440 996 3512 δηλουμένων
1028 3436 1302 3501 ἀπόδειξιν
1337 3436 1759 3505 πιστωσάμενοι.

180 3539 381 3592 ’(ιποίοι
416 3536 480 3588 δὲ
519 3530 665 3605 ἦσαν
693 3525 876 3595 obeat;
924 3529 999 3601 μὴ
1044 3529 1107 3601 δὴ
1141 3527 1327 3600 νόμιζε
1355 3531 1462 3581 τῶν
1495 3531 1765 3600 ἀπερριμ-

174 3631 344 3698 μένων
383 3629 487 3680 καὶ
520 3624 748 3693 ἀφανῶν
778 3639 948 3684 τινας.
981 3623 1042 3674 Οἱ
1078 3621 1175 3692 μέν
1207 3637 1270 3687 γε
1303 3621 1487 3684 αὐτοῖς
1517 3620 1626 3673 ἀπὸ
1663 3620 1764 3689 τῆς

171 3720 497 3792 θαυμαστῆς
517 3716 729 3786 ταύτης
758 3715 852 3768 καὶ
874 3712 1125 3783 γενναίας
1148 3711 1462 3781 φιλοσοφίας
1480 3711 1767 3785 ὡρμῶντο,

167 3813 274 3866 τῶν
297 3812 448 3882 ἀμφὶ
481 3809 575 3862 τὸν
600 3807 861 3880 τρίϐωνα,
892 3805 985 3858 καὶ
1005 3805 1102 3876 τὴν
1135 3803 1300 3873 ἀλλην
1335 3801 1505 3873 ὀφρῦν
1525 3804 1764 3856 ἀνεσπα-

169 3905 338 3958 κότων
359 3922 373 3934 ’
411 3905 464 3956 οἱ
498 3902 558 3954 δὲ
605 3900 716 3954 ἀπὸ
748 3899 857 3951 τῶν
890 3900 950 3950 ὲν
977 3896 1120 3950 τέλει
1160 3897 1259 3966 τῆς
1298 3893 1612 3964 Ἀντιοχέων
1645 3893 1764 3965 ήλί-

170 4013 359 4049 σκοντο
390 3994 641 4056 πόλεως,
686 3994 734 4044 oi
768 3991 833 4062 δὴ
880 3989 1114 4060 μάλιστα
1164 3988 1257 4040 καὶ
1288 3989 1408 4048 ταῖς
1450 3984 1571 4038 καθ’
1608 3985 1765 4056 ήμῶν

169 4089 389 4161 ὕϐρεσιν
444 4090 508 4140 ἐν
556 4083 638 4154 τῷ
670 4083 792 4137 καθ’
834 4083 982 4153 ήμᾶς
1025 4078 1251 4150 διωγμῷ
1297 4077 1762 4150 λαμπρυνόμενοι.

174 4184 356 4251 Ἰσμεν
389 4180 450 4232 δὲ
483 4177 582 4232 καὶ
619 4177 710 4229 τὸν
744 4175 1032 4244 φιλόσοφον
1072 4171 1208 4242 ὁμοῦ
1243 4173 1341 4226 καὶ
1376 4172 1661 4242 προφήτην
1697 4171 1765 4224 τὰ

170 4277 326 4344 ὃμοια
346 4277 464 4335 τάς
495 4269 810 4340 εἰρημένοις
839 4267 980 4320 κατὰ
1001 4266 1096 4336 τὴν
1118 4264 1354 4334 Μίλητον
1376 4264 1760 4333 ὑπομείναντα.

171 4365 351 4419 Ταῦτα
387 4366 456 4434 δή
489 4379 578 4425 τις
608 4362 704 4414 καὶ
735 4360 906 4412 πλείω
942 4360 1145 4411 τούτων
1173 4355 1253 4409 ἐτι
1308 4354 1552 4422 συνάγων
1572 4396 1588 4420 ,
1620 4355 1763 4407 είποι

1865 3176 1925 3220 ut
1950 3165 2199 3238 omnium
2234 3165 2532 3235 subiiceret
2559 3165 2757 3229 oculis,
2789 3165 2911 3220 luce
2933 3165 3110 3236 palam
3141 3163 3444 3234 deprehen-

1863 3273 1983 3313 sum
2027 3273 2189 3320 esse,
2235 3272 2304 3314 ne
2345 3271 2376 3310 a
2425 3257 2660 3327 propriis
2712 3256 2936 3328 quidem
2992 3256 3207 3326 templis
3239 3264 3446 3325 pestem

1865 3359 2110 3404 avertere
2155 3348 2452 3417 fatiloquos
2481 3348 2728 3418 egregios
2758 3361 2998 3416 unquam
3032 3345 3277 3414 potuisse
3305 3363 3320 3399 :
3355 3345 3446 3414 qui

1863 3442 1910 3496 si
1964 3457 2031 3494 ne
2082 3441 2184 3496 sibi
2219 3441 2439 3510 quidem
2487 3441 2653 3495 tantis
2689 3440 2742 3493 in
2799 3439 3044 3494 cladibus
3104 3436 3226 3492 usui
3275 3436 3445 3501 fuere,

1864 3533 2002 3588 alios
2027 3534 2224 3602 opinor
2249 3547 2393 3602 aegre
2418 3532 2712 3586 admodum
2740 3529 2934 3600 juvare
2965 3529 3259 3600 potuerint.
3302 3526 3444 3582 Idem

1864 3634 2044 3679 tamen
2073 3625 2240 3680 totius
2269 3625 2345 3678 rei
2377 3639 2648 3680 summam
2675 3632 2944 3692 caputque
2975 3619 3135 3676 facile
3159 3635 3432 3690 perspexe-

1864 3719 1956 3781 rit,
1995 3717 2039 3771 si
2069 3717 2135 3771 ad
2164 3717 2449 3787 superiora
2483 3715 2588 3770 hoc
2613 3730 2782 3768 unum
2818 3713 3106 3776 addiderit,
3130 3713 3247 3781 jam
3273 3711 3453 3768 homi-

1867 3824 1966 3864 nes
1999 3808 2050 3862 id
2081 3824 2252 3878 genus
2281 3807 2738 3878 quamplurimas,
2775 3805 2866 3875 qui
2897 3804 3228 3875 singularem
3265 3803 3441 3857 numi-

1866 3899 1954 3954 nis
1985 3897 2225 3954 amatum
2269 3913 2380 3967 pra:
2409 3912 2468 3952 se
2498 3895 2723 3956 ferrent,
2772 3910 2910 3964 quos
2937 3893 3024 3948 isti
3061 3893 3364 3963 pracipuos
3392 3901 3441 3946 et

1867 4005 2150 4045 sacrorum
2181 3989 2524 4058 interpretes,
2549 3996 2605 4041 et
2631 3987 2914 4056 theologos
2947 3995 3000 4039 et
3030 3983 3322 4055 prophetas
3350 3984 3444 4039 har

1865 4083 2076 4144 berent,
2106 4095 2212 4136 non
2244 4080 2420 4135 solum
2454 4079 2704 4142 antehac,
2723 4078 2818 4132 sed
2849 4091 3022 4147 nuper
3046 4076 3209 4131 etiam
3232 4083 3433 4131 nostra-

1868 4189 1976 4242 que
2023 4170 2287 4226 memoria
2335 4169 2531 4224 divina:
2574 4168 2740 4238 hujus
2772 4168 3051 4237 sapientia:
3083 4165 3303 4220 nomine
3330 4166 3441 4220 cla-

1865 4264 2116 4320 rissimos
2140 4305 2155 4328 ,
2204 4278 2330 4318 cum
2366 4262 2432 4315 ad
2464 4260 2708 4316 Romana
2743 4259 3033 4314 tribunalia
3065 4258 3204 4328 rapti
3239 4267 3442 4323 essent,

1867 4355 2229 4426 qumstionum
2259 4357 2311 4407 vi
2340 4354 2562 4408 adactos
2587 4393 2602 4418 ,
2633 4353 2950 4407 universum
2979 4351 3081 4406 hoc
3105 4349 3314 4405 fraudis
3348 4365 3442 4419 ge-

171 4461 235 4512 ἆν
264 4460 339 4530 μὴ
380 4430 547 4520 θεοὺς
602 4450 764 4518 εἶναι,
801 4452 938 4524 μηδὲ
994 4450 1098 4521 μὴν
1143 4450 1438 4519 δαίμονας,
1488 4449 1614 4510 τοὺς
1654 4447 1762 4498 τῶν

1869 4463 1973 4502 nus
2023 4447 2089 4500 ad
2140 4446 2389 4500 homines
2430 4445 2781 4514 decipiendos
2828 4451 3204 4512 comparatum
3258 4442 3440 4496 decla-

170 4551 308 4606 κατὰ
352 4550 547 4610 πόλεις
606 4542 958 4616 χρηστηρίων
1011 4541 1248 4602 αἰτίους·
1303 4537 1511 4608 πλάνην
1558 4537 1614 4590 δὲ
1669 4537 1762 4590 καὶ

171 4643 386 4714 ἀπάτην
417 4639 642 4711 ἀνδρῶν
685 4637 919 4707 γοήτων.
963 4635 1072 4687 Καὶ
1113 4629 1253 4704 ἦσάν
1296 4647 1359 4698 γε
1404 4632 1533 4702 παρ’
1580 4630 1762 4692 αὐτοῖς

173 4736 426 4807 Ἕλλησιν
475 4733 601 4786 ὅλαι
646 4730 736 4783 διὰ
771 4726 1087 4797 φιλοσοφίας
1133 4725 1454 4793 διαπρεπεῖς
1494 4719 1757 4792 αἱρέσεις,

170 4830 368 4898 ταύτης
423 4824 834 4898 προῖστάμεναι
887 4821 984 4889 τῆς
1040 4817 1229 4889 δόξηςο
1280 4815 1356 4878 ὡς
1412 4815 1460 4867 οἱ
1504 4813 1612 4866 ἀπὸ
1666 4811 1760 4864 τοῦ

181 4921 592 4994 Ἀριστοτέλους
623 4917 716 4969 καὶ
744 4915 946 4975 πάντες
970 4913 1020 4964 οἱ
1045 4909 1280 4978 καθεξῆς
1310 4907 1403 4960 τοῦ
1428 4905 1758 4977 Περιπάτου,

167 5016 393 5069 Κυνικοί
418 5032 484 5067 τε
517 5013 616 5066 καὶ
655 5007 1040 5078 Ἐπικούρειοι,
1071 5004 1163 5068 οὓς
1193 5005 1288 5058 καὶ
1317 5002 1547 5073 μάλιστα
1587 5000 1760 5068 ἔγωγε

231 5194 257 5222 ι
299 5183 390 5236 Io‘.
424 5177 612 5235 ἄλλον.
685 5175 714 5215 δ
756 5175 842 5227 τσ.
882 5172 958 5225 δέ.
1035 5182 1057 5210 ε
1098 5187 1190 5239 γρ.
1232 5165 1517 5236 ἐξέφηναν.
1593 5163 1618 5202 ά
1661 5163 1766 5218 del.

162 5342 253 5394 pra
305 5322 587 5394 laudavit
611 5317 922 5394 Euseb._._p.
959 5312 1059 5377 61;
1085 5304 1435 5394 A’rrnlobJjb.
1470 5321 1488 5359 ι
1512 5303 1757 5394 Laetius

161 5374 488 5460 ῖιρᾎιὶὅξὲἐι
516 5382 760 5460 Clarius,
795 5374 1102 5460 ρίἱίῃεηωριδ
1155 5377 1460 5460 ΡΙιίίωίιιεμ.
1489 5374 1756 5460 Ῥῃιίιίιιῇ

162 5444 424 5520 ἔιὶῗιὲιίό
440 5444 544 5515 ἐι
575 5444 885 5526 Didymafus
904 5444 1148 5526 vlupiter
1171 5449 1375 5526 potius"
1396 5444 1522 5526 dici.
1557 5444 1757 5526 potuit,

165 5515 567 5604 (ﬁdibus)
589 5519 922 5604 podouaeus.
957 5515 1031 5578 Ita
1051 5515 1207 5604 enim
1235 5515 1564 5604 glalli‘maeb,
1595 5515 1757 5604 :n

165 5583 337 5666 ἒξ,
357 5583 618 5658 ’ἑέιῐΖεῡ
664 5597 914 5671 statim?
939 5593 1208 5671 γενάρχας
1229 5588 1298 5671 5‘
1329 5596 1558 5671 "mm?"
1591 5583 1758 5671 Didy?

171 5658 302 5731 magi
323 5658 553 5746 praeses
583 5658 813 5746 oraculi:
844 5658 1150 5746 Stephan.’i
1168 5658 1759 5746 ‘Af6ulfa,u'._t')17‘:9;u¥a't

175 5725 725 5816 Μιλήτου,
754 5725 1131 5808 ἁφιερώμένον
1157 5728 1238 5782 Διῒ
1266 5725 1360 5782 καὶ
1407 5725 1754 5798 Ἀπόλλωνας

1869 4555 2058 4603 rasse,
2124 4549 2405 4607 totumque
2475 4537 2749 4607 negotium
2808 4534 3110 4605 praestigias
3162 4548 3283 4589 esse
3317 4529 3444 4586 'arte

1867 4631 2200 4699 compositas
2233 4627 2410 4683 lassos
2438 4627 2624 4682 fuisse.
2668 4628 2842 4696 Atque
2872 4625 2928 4679 hi
2954 4639 3171 4679 omnem
3206 4625 3434 4681 molitio-

1866 4722 1952 4775 nis
1975 4721 2201 4775 occulta:
2252 4720 2540 4783 rationem,
2585 4727 2865 4787 totamque
2892 4717 3152 4772 maleficae
3196 4718 3331 4772 artis
3357 4717 3442 4772 lu-

1867 4814 2229 4869 dilicationem
2260 4813 2441 4867 verbis
2472 4809 2764 4881 ipsissimis
2784 4850 2800 4875 ,
2832 4809 3033 4879 quibus
3057 4823 3172 4862 rem
3196 4818 3322 4863 ante
3345 4825 3442 4879 pa-

1864 4904 2179 4970 tefecerant,
2214 4904 2268 4956 in
2292 4909 2410 4956 acta
2437 4902 2652 4972 publica
2675 4899 2980 4954 retulerunt
3010 4917 3024 4953 :
3052 4899 3242 4968 sicque
3264 4897 3442 4966 justas

1863 4995 2100 5050 exitialis
2129 4994 2337 5048 fraudis
2370 5007 2561 5062 ptenas
2589 4991 2833 5054 luentes,
2895 4988 3158 5059 quidquid
3215 4987 3440 5055 latebat,

1799 5163 1910 5215 καί.

1937 5298 2381 5370 (25)]A1dr080r.
2422 5291 2781 5370 communior
2827 5303 2892 5343 ac
2946 5285 3141 5342 melior
3168 5283 3438 5353 scriptura

1861 5363 1964 5431 est,
1993 5363 2276 5426 Πάνθειον,
2311 5367 2516 5436 penult.
2547 5363 2872 5436 dipltthong.

1936 5427 2046 5511 (24)
2090 5441 2153 5511 οι
2193 5436 2270 5511 es
2306 5427 2482 5506 λιηδέ,
2527 5427 2644 5511 etc-.-
2675 5427 3004 5511 laeve’satis
3028 5433 3436 5511 argumentum,

1861 5495 1987 5566 cum
2022 5495 2076 5563 et
2106 5495 2416 5563 Judaeorur‘n
2447 5495 2501 5560 et
2519 5502 2954 5575 Christianorum
2990 5495 3188 5575 templa
3215 5509 3328 5575 non
3353 5509 3439 5548 se-

1864 5563 1971 5635 mel
1999 5580 2162 5634 etiam
2179 5575 2567 5647 conflagrarint
2591 5591 2604 5647 ξ
2634 5571 2740 5624 nisi
2773 5567 3071 5647 addideris,
3087 5563 3235 5647 quod
3252 5563 3359 5646 .lib.
3383 5579 3436 5617 ιί

1866 5639 2452 5722 pluribus,__d:emoﬁes
2513 5643 2609 5698 fati
2667 5640 2994 5722 necessitate
3024 5639 3217 5704 victos,
3251 5639 3436 5689 incen-

1869 5711 2020 5779 dium
2054 5721 2123 5778 ab
2152 5719 2219 5777 iis
2247 5718 2516 5789 depellere
2547 5729 2655 5770 non
2684 5711 2953 5789 potuisse:
