3858 6224
184 404 262 459 2M

1272 386 1596 448 PREPAR.
1637 386 1891 442 EVANG.
1934 384 2062 440 LIB.
2102 383 2190 438 IV.

3282 374 3388 431 242

184 511 631 588 προαγορευθέντα,
656 508 853 580 μᾶλλον
875 507 931 561 δὲ
951 506 1022 560 τὰ
1050 505 1275 560 πλεῖστα
1301 504 1480 559 αὐτῶν
1508 504 1542 576 ή
1567 504 1701 576 ἐνέρ

1823 504 2071 558 nuntiata
2118 508 2269 567 sunt,
2321 497 2561 564 evenire,
2606 496 2718 551 imo
2765 509 2923 553 secus
2948 492 3166 549 evenire
3195 508 3391 563 quam-

184 626 280 677 γεια
305 606 403 676 (27)
421 603 703 656 δείκνυσιν.
723 599 880 654 Οὕτω
894 600 993 671 τὴν
1014 596 1287 662 ἀπόδειξιν
1319 598 1450 668 ἡμῖν
1467 594 1582 667 Χρύ
1592 612 1713 648 σιπ-

180 716 260 762 τος
296 697 557 766 κεκόμικε,
603 694 671 746 δι’
704 692 946 763 ἀλλήλων
977 689 1402 753 κατασκευάζων
1450 686 1708 759 ἑκάτερα.

179 793 238 844 Τὸ
265 791 349 860 μὲν
372 788 473 858 γὰρ
494 787 674 840 πάντα
704 782 952 852 γίνεσθαι
993 781 1119 836 καθ’
1151 779 1492 852 εἱμαρμένην
1521 780 1586 832 ἐκ
1616 778 1711 832 τοῦ

180 880 405 951 μαντικὴν
430 876 564 933 εἶναι
587 877 861 931 δεικνύναι
893 875 1139 946 βούλεται
1162 891 1175 904 ο
1205 873 1267 927 τὺ
1296 872 1354 926 δὲ
1398 867 1536 925 εἶναι
1573 888 1709 941 μαν-

179 973 304 1043 τικήν
330 973 420 1025 οὐκ
446 970 509 1024 ἂν
540 970 718 1032 ἄλλως
742 967 1022 1034 ἀποδεῖξαι
1046 965 1284 1031 δύναιτο,
1314 965 1360 1017 εί
1403 962 1477 1035 μὴ
1506 962 1709 1033 προλά-

180 1066 245 1117 ϐοι
279 1064 330 1117 τὺ
371 1064 538 1117 πάντα
571 1061 891 1133 συμϐαίνειν
922 1059 1045 1113 καθ’
1088 1057 1451 1129 εἱμαρμένην.
1482 1057 1640 1119 Ποίος
1665 1055 1709 1108 δ’

181 1155 232 1207 ἂν
257 1152 631 1224 μοχθηρότερος
666 1151 869 1223 τρόπος
891 1146 1219 1212 ἀποδείξεως
1243 1144 1436 1198 τούτου
1462 1144 1708 1213 γένοιτο;

178 1248 235 1300 Τὸ
259 1247 351 1317 γὰρ
371 1244 679 1300 ἀποϐαίνειν
709 1242 831 1295 τινὰ
861 1240 1003 1295 κατά
1029 1240 1126 1311 τὴν
1160 1239 1439 1310 ἐνέργειαν
1475 1230 1551 1292 ὧν
1577 1253 1710 1308 προ-

177 1337 378 1403 λέγουσιν
398 1337 444 1388 οί
470 1335 713 1405 μάντεις,
733 1332 796 1385 οὐ
817 1331 911 1385 τοῦ
942 1329 1209 1402 μαντικὴν
1234 1328 1547 1399 ἐπιστήμην
1568 1320 1709 1379 εἶναι

176 1433 359 1498 σημεῖον
400 1426 461 1481 ἂν
509 1426 621 1497 εἴη,
654 1424 794 1479 ἀλλά
835 1423 929 1478 τοῦ
958 1422 1195 1493 τυχικῶς
1226 1421 1559 1493 συμπίπτειν
1587 1422 1708 1482 ταῖς

174 1519 562 1590 προαγορεύσεσι
596 1514 921 1587 συμφώνους
946 1513 1046 1578 τὰς
1076 1512 1364 1575 ἐκϐάσειςο
1398 1512 1536 1583 ὅπερ
1564 1510 1709 1564 οὐδε-

175 1613 277 1681 μίαν
302 1614 420 1682 ἡμῖν
457 1611 777 1680 ἐπιστήμην
806 1607 1202 1661 ὑποδείκνυσιν.
1238 1605 1375 1658 Οὐδὲ
1418 1604 1529 1675 γὰρ
1557 1602 1707 1669 τοξό-

171 1721 248 1774 την
271 1704 328 1757 ἂν
352 1704 596 1775 εἴποιμεν
625 1701 965 1772 ἐπιστήμονα
994 1699 1086 1753 τὸν
1123 1696 1273 1763 ἅπαξ
1302 1698 1434 1751 ποτέ
1472 1697 1705 1767 τυχόντα

170 1794 244 1847 τοῦ
274 1795 478 1860 σκοποῦ,
526 1793 795 1856 πολλάκις
842 1792 901 1846 δὲ
944 1790 1392 1862 ἀποτυγχάνοντα
1414 1804 1429 1820 °
1461 1787 1582 1842 οὐδὲ
1616 1788 1702 1841 ία-

1815 595 2052 666 plurima
2094 593 2269 649 oculis
2307 591 2442 662 ipsis
2485 589 2726 659 quotidie
2770 587 3071 641 videamus.
3129 581 3221 640 Sic
3258 599 3389 656 ergo

1815 688 1976 743 nobis
2001 700 2162 743 suum
2188 682 2322 739 illud
2347 680 2684 752 Chrysippus
2722 685 3100 749 argumentum
3123 675 3388 741 obtrudit,

1815 790 1876 835 ut
1899 778 2135 834 alterum
2174 771 2417 829 vicissim
2448 787 2512 827 ex
2540 770 2712 826 altero
2744 768 2983 839 colligat.
3038 763 3175 821 Nam
3200 775 3254 820 et
3280 766 3391 821 fato

1815 882 2011 929 cuncta
2041 869 2157 926 fleri
2182 883 2249 924 ex
2277 880 2365 931 eo,
2407 863 2552 935 quod
2586 861 2848 917 divinatio
2888 859 2980 923 sit,
3032 858 3266 929 probare
3295 874 3388 913 co-

1814 974 1996 1028 natur,
2028 978 2129 1017 nec
2155 969 2335 1016 tamen
2364 954 2753 1012 divinationem
2798 966 2921 1007 esse
2960 950 3115 1005 aliter
3144 965 3387 1021 unquam

1813 1057 2047 1127 probare
2075 1051 2269 1124 possit,
2301 1049 2408 1105 nisi
2434 1048 2585 1119 prius
2608 1045 2763 1110 illud,
2799 1042 2979 1097 omnia
3008 1042 3119 1097 fato
3146 1041 3386 1107 evenire,

1812 1157 2013 1206 sumat.
2044 1146 2177 1213 Quae
2204 1152 2384 1200 autem
2429 1136 2846 1210 argumentandi
2873 1136 3014 1190 ratio
3037 1134 3120 1190 vel
3148 1133 3390 1204 iniquior

1811 1240 1896 1294 vel
1917 1238 2150 1309 ineptior
2194 1248 2319 1291 esse
2346 1231 2548 1303 queat?
2580 1228 2717 1283 Nam
2751 1226 2898 1298 quod
2934 1225 3117 1292 exiis,
3161 1239 3284 1296 quae
3306 1223 3391 1280 di-

1812 1333 1921 1387 vini
1957 1328 2345 1402 pramuntiant,
2378 1323 2639 1382 nonnulla
2665 1319 2995 1391 quandoque
3023 1332 3084 1373 re
3113 1316 3230 1387 ipsa
3257 1332 3392 1373 cou-

1811 1426 2043 1496 tingant,
2062 1423 2115 1479 id
2136 1437 2247 1477 non
2271 1420 2384 1491 jam
2415 1414 2767 1472 divinationis
2802 1420 2974 1467 artem
3004 1410 3244 1482 aliquam
3267 1425 3390 1467 esse

1810 1526 2133 1591 argumento
2160 1524 2282 1581 est,
2331 1512 2424 1570 sed
2450 1510 2634 1582 potius
2671 1522 2801 1563 casu
2831 1504 2946 1561 ﬁeri
2968 1544 2984 1571 ,
3019 1503 3066 1561 si
3098 1503 3222 1574 quis
3250 1520 3390 1559 non-

1810 1625 2091 1683 nunquam
2125 1616 2355 1665 eventus
2387 1620 2513 1662 cum
2535 1617 2726 1659 eorum
2765 1597 3117 1670 praedictione
3151 1609 3389 1650 consen-

1810 1704 1928 1758 tiat.
1968 1700 2027 1757 ld
2055 1699 2200 1771 quod
2228 1698 2433 1753 nullam
2478 1709 2613 1752 sane
2661 1690 2943 1749 scientiam
2970 1702 3095 1744 esse
3124 1685 3385 1754 declarat.

1806 1795 1918 1852 Nec
1936 1794 2082 1850 enim
2107 1834 2123 1858 ,
2174 1794 2367 1863 opinor
2389 1829 2405 1856 ,
2448 1788 2707 1845 scientem
2739 1785 2891 1840 illum
2922 1780 3263 1852 peritumque
3293 1793 3386 1835 sa-

167 1887 269 1958 τρὸν
294 1887 374 1939 τὸν
415 1883 747 1957 ἀναιροῦντα
788 1885 914 1947 τοὺς
944 1883 1164 1946 πλείους
1190 1881 1300 1935 τῶν
1332 1878 1701 1952 θεραπευομέ-

1807 1886 2087 1959 gittarium
2119 1884 2442 1946 dixerimus,
2479 1879 2572 1949 qui
2602 1892 2726 1934 eum
2756 1873 2924 1932 semel
2947 1869 3241 1943 aliquando
3266 1868 3385 1925 col-

169 1996 251 2031 νων
270 1977 348 2030 ὑπ’
368 1974 551 2035 αὐτοῦ.
574 1977 677 2030 ἕνα
701 1976 758 2029 δέ
789 1993 920 2029 ποτε
940 1975 1204 2028 διασῶσαι
1229 1971 1556 2044 δυνηθέντα·
1583 1970 1704 2024 οὐδὲ

165 2068 272 2132 ὅλως
315 2071 617 2140 ἐπιστήμην
664 2068 898 2139 λέγομεν
938 2065 1038 2139 τὴν
1089 2067 1165 2137 μὴ
1211 2062 1472 2135 πάντα,ἢ
1525 2063 1595 2117 τά
1637 2078 1703 2131 γε

165 2161 349 2213 πλεῖστα
388 2161 497 2214 τῶν
537 2160 766 2213 οἰκείων
813 2159 989 2231 ἔργων
1032 2156 1424 2229 κατορθοῦσαν.
1476 2155 1599 2208 Ὅτι
1646 2153 1704 2207 δὲ

163 2251 549 2323 ἀποτογχάνεται
583 2252 659 2305 τὰ
686 2250 858 2305 πολλὰ
889 2253 1000 2314 τοῖς
1031 2249 1200 2304 καλου
1208 2248 1390 2320 μένοις
1422 2246 1699 2319 μάντεσιν,

162 2346 185 2399 ὁ
208 2346 293 2408 πᾶς
314 2346 417 2398 τῶν
442 2344 754 2417 ἀνθρώπιον
786 2342 899 2413 βίος
937 2342 1145 2413 μάρτυς
1198 2339 1266 2394 ἂν
1292 2338 1401 2410 εἴη,
1437 2339 1532 2393 καὶ
1559 2332 1703 2392 οὗτοί

156 2455 205 2490 τε
242 2440 395 2503 αὐτοὶ,
424 2440 474 2491 οἱ
517 2438 627 2509 τὴν
681 2433 946 2507 μαντικὴν
997 2431 1455 2503 ἐπαγγελλόμενοι
1486 2429 1702 2500 τέχνην,
1741 2443 1744 2447 '

156 2529 254 2598 οὐχὶ
272 2528 351 2583 διὰ
369 2529 569 2598 ταύτης
600 2529 821 2589 ἑαυτοῖς
858 2524 1175 2595 βοηθοῦντες
1205 2524 1264 2577 ἐν
1291 2526 1412 2586 ταῖς
1442 2520 1585 2576 κατά
1612 2518 1702 2573 τδν

153 2620 247 2689 βίον
272 2620 487 2691 χρείαις,
514 2619 660 2673 ἀλλὰ
681 2616 877 2688 γνώμῃ
908 2632 968 2669 τε
999 2614 1108 2687 ἰδία
1130 2616 1264 2668 ποτὲ
1295 2611 1587 2684 χρώμενοι,
1610 2611 1704 2664 καὶ

150 2710 388 2783 σνμῦουλῇ
412 2712 505 2764 καὶ
543 2709 840 2780 συνεργεέα
866 2707 973 2762 τῶν
1005 2711 1064 2762 ὲν
1093 2706 1344 2769 ἑκάστοις
1396 2704 1507 2758 τῶν
1559 2720 1700 2775 πρα-

147 2803 341 2872 γμάτων
375 2803 682 2874 ἐμπειρίαν
729 2799 1029 2870 κεκτῆσθαι
1056 2796 1481 2870 νενομισμένων.
1544 2793 1704 2848 Ἀλλὰ

146 2892 254 2963 περὶ
278 2892 368 2963 μὲν
398 2892 491 2946 τοῦ
540 2894 625 2963 μὴ
660 2890 982 2945 συνεστάναι
1008 2887 1187 2954 τοῦτο,
1219 2886 1250 2941 ὃ
1292 2883 1703 2956 προειλήφαμεν

148 2985 375 3053 μαντικὴν
400 2984 610 3047 καλεῖν,
641 2983 699 3035 ὲν
721 2981 901 3045 ἄλλοις
925 2979 1279 3049 ἀποδώσομεν
1309 2975 1700 3049 πληρέστερον,

144 3077 529 3149 παρατιθέμενοι
580 3076 661 3130 τὰ
715 3072 1026 3144 Ἐπικούρῳ
1069 3072 1165 3125 καὶ
1206 3068 1338 3141 περὶ
1378 3065 1571 3121 τούτου
1616 3064 1704 3118 ὁο-

145 3170 338 3235 κοῦντα·
372 3172 490 3224 νυνὶ
515 3171 576 3225 δὲ
608 3165 873 3221 τοσοῦτον
910 3168 1021 3228 τοῖς
1054 3162 1366 3235 εἰρημένοις
1399 3156 1703 3230 προσθήσο-

1806 1958 2026 2033 linearit
2070 1975 2125 2029 in
2168 1986 2433 2043 scopum,
2475 1968 2547 2025 ab
2585 1966 2777 2023 eodem
2827 1961 3028 2033 saapius
3081 1958 3387 2024 aberrarit;

1805 2080 1902 2127 aut
1927 2069 2197 2126 medicum
2232 2081 2379 2131 eum,
2406 2064 2501 2134 qui
2527 2077 2666 2133 quos
2697 2060 2811 2130 ipse
2840 2063 3016 2120 curet,
3037 2062 3247 2126 partem
3268 2067 3385 2106 ma-

1805 2165 2009 2220 ximam
2047 2176 2172 2216 cum
2220 2158 2527 2220 interimat,
2579 2168 2748 2208 unum
2804 2148 3040 2204 fortasse
3070 2144 3384 2216 quempiam

1806 2270 2026 2312 servare
2069 2252 2307 2324 potuerit
2356 2269 2369 2304 :
2422 2264 2524 2304 nec
2565 2244 2790 2302 omnino
2821 2240 3105 2298 scientiam
3134 2236 3388 2292 nomina-

1806 2362 1931 2403 mus
1954 2346 2118 2401 ullam
2138 2385 2154 2411 ,
2187 2342 2294 2401 nisi
2322 2355 2444 2412 quae
2463 2381 2479 2405 ,
2506 2339 2553 2394 si
2582 2352 2693 2392 non
2729 2334 2912 2390 omnia
2935 2373 2950 2399 ,
3000 2346 3123 2402 qua:
3142 2328 3227 2385 sui
3256 2334 3388 2384 sunt

1806 2436 2090 2500 muneris,
2147 2442 2204 2489 at
2249 2432 2504 2504 pleraque
2547 2428 2682 2484 scite
2723 2425 3062 2494 feliciterque
3112 2419 3381 2492 perficiat.

1803 2529 1925 2585 lam
1967 2543 2098 2585 vero
2129 2541 2230 2584 sua
2273 2532 2422 2579 vates
2462 2523 2597 2578 istos
2639 2519 2696 2573 in
2745 2514 2998 2587 plurimis
3046 2513 3385 2571 divinatione

1804 2620 1958 2687 falli,
1994 2633 2107 2675 non
2139 2615 2303 2672 modo
2343 2616 2454 2669 vita
2497 2609 2808 2666 mortalium
2838 2606 3127 2672 universa,
3168 2603 3264 2659 sed
3304 2601 3382 2656 illi

1802 2712 1966 2767 etiam
1994 2708 2139 2779 ipsi,
2173 2705 2270 2777 qui
2300 2701 2579 2760 divinandi
2609 2706 2780 2753 artem
2811 2694 3166 2766 proﬁtentur,
3216 2700 3383 2746 testes

1804 2816 1928 2857 esse
1951 2798 2202 2870 possint,
2235 2794 2437 2866 quippe
2481 2790 2577 2860 qui
2608 2787 2676 2844 ab
2702 2801 2765 2841 ea
2808 2784 2946 2840 nihil
2988 2783 3107 2851 epis
3139 2779 3206 2835 ad
3247 2794 3384 2835 usus

1804 2892 1929 2948 vitae
1954 2888 2308 2962 quotidianos
2346 2883 2650 2952 accipiant,
2680 2878 2774 2935 sed
2807 2884 3030 2933 utantur
3064 2872 3261 2944 partim
3291 2871 3383 2943 ju-

1802 2983 1950 3041 dicio
1990 2995 2094 3037 suo
2113 2970 2365 3049 ,‘partim
2409 2974 2642 3031 aliorum
2689 2969 2923 3027 consilio
2968 2967 3171 3039 pariter
3217 2974 3385 3036 atque

1802 3074 2047 3140 auxilio,
2082 3072 2177 3142 qui
2219 3084 2403 3125 rerum
2457 3065 2795 3135 singularum
2837 3059 3179 3131 experientes
3225 3073 3381 3114 com-

1804 3165 1956 3221 muni
1982 3163 2240 3234 opinione
2262 3160 2588 3216 habeantur.
2627 3154 2831 3211 Verum
2864 3151 3001 3207 nihil
3027 3150 3187 3222 plane
3210 3148 3382 3203 ﬁrmi-

148 3279 247 3332 μεν,
270 3264 345 3317 ὅτι
390 3263 638 3335 μάλιστα
684 3259 800 3331 (28)
851 3259 949 3330 μὲν
976 3257 1038 3310 τὸ
1084 3253 1368 3326 ἀληθεύειν
1400 3250 1532 3305 ποτὲ
1572 3250 1697 3313 τοὺς

1802 3256 1928 3313 tatis
1970 3255 2208 3319 habere,
2252 3265 2419 3321 quam
2466 3247 2627 3317 vulgo
2676 3244 3066 3299 divinationem
3108 3240 3381 3310 appellare

146 3354 470 3426 καλουμένους
525 3354 760 3425 μάντεις
782 3353 840 3405 έν
882 3352 1004 3412 ταῖς
1053 3343 1539 3418 προαγορεύσεσιν,
1595 3339 1696 3392 οὐκ

149 3447 432 3520 ἐπιστήμης,
477 3446 623 3502 ἀλλὰ
667 3444 895 3515 ωχικῆς
937 3441 1116 3504 αἰτίας
1164 3439 1325 3509 ἔργον
1353 3435 1420 3490 ἂν
1468 3433 1576 3505 εἴη.
1619 3431 1695 3485 Οὐ

149 3534 232 3606 γὰρ
262 3536 311 3589 τὺ
365 3537 498 3609 μηδὲ
553 3533 789 3589 πώποτε
834 3531 930 3586 τοῦ
972 3528 1336 3601 προκειμένου
1383 3523 1694 3595 τυγχάνειν,

151 3625 253 3679 ἀλλὰ
288 3629 342 3681 τὸ
390 3631 464 3701 μὴ
520 3629 772 3682 πάντοτε
841 3622 963 3695 μηδ’
1015 3623 1092 3687 ὡς
1142 3621 1237 3675 ἐπὶ
1289 3618 1350 3673 τὸ
1404 3616 1654 3670 πλεῖστον
1678 3652 1693 3676 ,

154 3718 245 3788 μηδ’
292 3720 344 3785 ἐξ
392 3722 747 3793 ἐπιστήμης,
804 3717 931 3771 ὅταν
961 3732 1045 3779 τις
1089 3714 1183 3768 καί
1239 3727 1370 3765 ποτε
1424 3706 1690 3778 τυγχάνῃ,

150 3806 279 3877 τύχης
310 3810 459 3881 ἔργον
479 3810 676 3864 καλεῖν
711 3806 1141 3880 προειλήφαμεν,
1164 3803 1213 3855 οἱ
1245 3796 1578 3867 διειληφότες
1598 3795 1696 3857 τάς

152 3898 218 3967 ὕφ’
238 3900 445 3956 ἕκαστον
472 3902 657 3973 ὄνομα
683 3897 1028 3969 τεταγμένας
1059 3896 1310 3967 ἐναργεῖς
1341 3889 1546 3954 ἐννοίας
1578 3890 1699 3942 ἑαυ-

148 3991 246 4045 τῶν.
286 3996 506 4049 Ἔπειτα
535 3997 587 4048 εἰ
624 3996 729 4048 καὶ
756 3992 878 4045 καθ’
905 3990 1159 4044 ὑπόθεσιν
1197 3984 1267 4059 ἦν
1299 3984 1517 4056 ἀληθὲς,
1541 3980 1604 4035 τὸ
1632 3980 1697 4052 δὴ

148 4086 222 4155 τὴν
249 4091 496 4162 μαντικὴν
529 4090 643 4143 τῶν
695 4085 999 4158 μελλόντων
1027 4082 1282 4137 ἁπάντων
1314 4076 1455 4132 εἶναι
1488 4076 1697 4146 θεωρη-
1732 4066 1733 4071 η

149 4179 268 4249 τικήν
302 4197 357 4231 τε
382 4183 477 4233 καὶ
514 4177 1031 4254 προαγορευτικήν·
1083 4173 1142 4227 τὸ
1205 4171 1305 4243 μὲν
1345 4169 1523 4223 πάντα
1573 4163 1694 4218 καθ’

149 4268 436 4342 εἱμαρμένην
487 4268 634 4325 εἶναι
704 4269 970 4340 συνήγετο
1022 4265 1086 4320 ἀν
1133 4262 1340 4326 οὕτως·
1391 4260 1450 4314 τὸ
1512 4256 1698 4329 μέντοι

148 4362 352 4429 Χρειῶδες
371 4363 542 4431 αὐτῆς
576 4363 681 4418 καὶ
718 4359 981 4432 βιωφελὲς
1011 4360 1109 4412 οὐκ
1129 4357 1198 4412 ἀν
1231 4371 1364 4409 ποτε
1393 4351 1689 4414 ἐδείκνυτο,

147 4449 210 4502 διῦ
240 4454 323 4506 καὶ
349 4455 584 4525 μάλιστα
624 4452 962 4526 Χρύσιππος
992 4451 1138 4506 δοκεῖ
1160 4451 1350 4522 ὑμνεῖν
1377 4446 1475 4517 τὴν
1508 4456 1698 4515 μαντι-

147 4542 239 4612 κήν.
258 4545 312 4597 Τί
330 4546 432 4617 γὰρ
452 4547 654 4616 ὄφελος
688 4546 828 4616 ἡμῖν
858 4539 926 4615 ἦν
950 4542 1351 4615 προμανθάνειν
1378 4539 1449 4592 τὰ
1480 4535 1696 4593 πάντως

146 4632 332 4703 ἐσόμενα
358 4639 614 4710 δυσχερῆ,
647 4638 688 4692 ἃ.
725 4636 851 4690 οὐδὲ
892 4634 1338 4708 προφυλαξασθαι
1368 4630 1593 4686 δυνατὸν
1626 4629 1693 4683 ἂν

146 4723 239 4795 atri;
259 4729 318 4783 τὰ
343 4731 446 4802 γὰρ
473 4730 603 4785 καθ’
633 4728 981 4800 εἱμαρμένην
1015 4739 1042 4768 ιι
1070 4726 1344 4797 γενέσθαι,
1378 4723 1495 4789 πῶς
1520 4723 1586 4778 ἀν
1609 4739 1694 4785 τις

147 4818 434 4885 φυλάξασθαι
474 4823 748 4886 δύναιτος
798 4820 948 4873 Ἵλατ’
987 4819 1138 4873 οὐδὲν
1177 4818 1370 4888 ὄφελος
1415 4817 1547 4889 ἡμῖν

148 4912 383 4984 μαντικῆς,
428 4915 637 4986 μᾶλλον
683 4911 747 4966 δὲ
781 4912 877 4966 καὶ
909 4912 1044 4983 πρὸς
1090 4910 1262 4966 κακοῦ
1303 4927 1447 4973 τινος
1489 4906 1695 4977 ἐγίνετο

144 4997 193 5049 ἂν
232 5003 371 5077 αὕτη,
410 5006 474 5060 τὸ
533 5003 948 5078 προλυπεῖσθαι
996 5003 1173 5076 μάτην
1225 5002 1545 5074 παρέχουσα
1572 5002 1691 5063 τοῖς

143 5091 400 5163 ἀνθρώποις
442 5101 538 5153 ἐπὶ
577 5101 711 5161 ταῖς
752 5094 1153 5168 προλαεούσαις
1199 5094 1540 5166 δυσχερείαις
1573 5094 1692 5147 κατ’

144 5181 344 5257 ἀνάγκην
370 5190 685 5261 ἐσομέναις.
731 5188 806 5241 Οὐ
831 5185 941 5259 γὰρ
971 5185 1070 5259 τήν
1098 5186 1219 5257 ῐσην
1255 5185 1418 5240 πάλιν
1437 5182 1696 5255 εὐφροσύ-

144 5289 220 5343 νην
259 5281 499 5350 παρέχειν
530 5298 620 5345 τις
670 5281 840 5352 φήσει
877 5281 976 5353 τὴν
1016 5279 1123 5334 τῶν
1155 5278 1434 5349 ἐσομένων
1474 5275 1694 5346 ἀγαθῶν

141 5369 517 5443 προαγόρευσιν·
547 5372 860 5445 ἐπειδήπερ
885 5375 987 5445 οὐχ
1015 5372 1187 5437 οὕτως
1221 5371 1470 5441 πέφυκεν
1493 5367 1697 5440 ἀνθρω⁴

196 5507 217 5533 ⁸
250 5499 363 5552 add.
402 5502 691 5572 μέλλοντα.

199 5628 300 5722 θη
324 5637 532 5722 digni»!
643 5634 939 5722 ἐνέργειατ
979 5635 1184 5722 Pendet
1211 5637 1500 5722 sententia.
1515 5636 1695 5722 Quare

146 5710 245 5753 mst
286 5707 453 5779 αὐτῶν
498 5708 629 5762 addi
669 5710 847 5777 possit
876 5708 951 5779 μὴ
994 5708 1285 5778 ἀποϐῆναι,
1336 5708 1420 5763 vel
1463 5707 1694 5762 ἀποϐαί-

144 5775 489 5849 νειέΔτ--ιεερ
518 5775 724 5849 gyan:
732 5793 804 5831 ια.

204 5838 295 5914 (9-³)
334 5838 455 5902 Ὅτῖ
491 5838 778 5920 liti-12676
818 5849 953 5917 μέν.
998 5849 1158 5907 Forte
1209 5851 1425 5916 melius,
1464 5848 1696 5920 μάλιστα

1796 3346 2182 3406 consuevimus
2206 3384 2221 3410 ,
2273 3341 2401 3397 alibi
2448 3338 2623 3394 fusius
2669 3336 3019 3392 ostendemus
3042 3373 3057 3399 ,
3090 3332 3181 3387 ubi
3214 3332 3380 3386 etiam
3456 3347 3460 3351 ‘

1797 3437 2018 3509 Epicuri
2059 3436 2162 3491 hac
2210 3433 2279 3489 de
2315 3448 2375 3487 re
2426 3428 2754 3486 sententiam
2800 3423 3158 3497 proferemus.
3223 3421 3381 3477 Nunc

1796 3540 1979 3585 autem
2013 3542 2183 3583 unum
2212 3526 2390 3583 solum
2421 3530 2518 3579 aut
2548 3521 2780 3578 alterum
2827 3518 2895 3574 ad
2925 3532 2990 3572 ea
3012 3557 3028 3583 ,
3080 3530 3203 3587 quae
3234 3515 3379 3570 dicta

1798 3630 1959 3686 sunt,
2008 3619 2407 3690 adiungemus;
2449 3628 2614 3687 atque
2660 3615 2763 3669 hoc
2804 3612 2858 3667 in
2904 3608 3131 3681 primis,
3160 3607 3307 3679 quod
3338 3606 3377 3659 il

1797 3727 2192 3783 nonnunquam
2216 3725 2344 3767 vera
2369 3706 2733 3780 prmuuntient
2749 3747 2765 3771 ,
2792 3703 2888 3775 qui
2914 3711 3065 3759 vates
3094 3700 3378 3756 norninan-

1799 3817 1889 3865 tur
1913 3847 1929 3873 ,
1960 3807 2014 3862 id
2045 3821 2154 3861 non
2188 3804 2430 3862 scientias
2452 3843 2468 3867 ,
2503 3801 2597 3857 sed
2627 3799 2781 3855 casui
2818 3794 3207 3867 assignandum
3232 3808 3374 3847 esse.

1797 3898 1909 3955 Nec
1929 3898 2075 3954 enim
2104 3897 2226 3968 eius
2248 3896 2350 3960 rei,
2374 3908 2537 3966 quam
2563 3890 2895 3961 propositam
2920 3886 3195 3948 habueris,
3225 3897 3380 3938 com-

1797 3998 1978 4061 potem
2011 3987 2128 4043 tleri
2155 4000 2460 4056 nunquam,
2495 3982 2658 4057 138
2678 3979 2773 4036 sed
2806 3993 2983 4049 neque
3017 3990 3252 4048 semper,
3281 3988 3378 4029 ne-

1797 4096 1906 4152 que
1938 4088 1998 4135 ut
2028 4078 2325 4149 plurimum
2349 4117 2366 4143 ,
2393 4091 2570 4146 neque
2594 4115 2611 4142 ,
2646 4074 2694 4130 si
2736 4071 2956 4142 quando
2993 4082 3218 4140 compos
3252 4067 3373 4131 tias,

1798 4172 2025 4229 scientia
2054 4170 2207 4236 fieri;
2241 4169 2348 4225 hoc
2374 4169 2593 4224 demum
2621 4178 2739 4233 est,
2774 4166 2921 4237 quod
2942 4162 3175 4220 fortuna:
3202 4162 3376 4218 tribu-

1796 4266 1999 4322 endum
2024 4265 2220 4321 merito
2247 4272 2512 4329 censent,
2559 4262 2654 4333 qui
2698 4271 2914 4332 apertas
2950 4257 3376 4330 signiﬁcationes

1798 4358 1916 4414 suis
1943 4373 2192 4428 quasque
2216 4357 2444 4412 vocibus
2475 4355 2767 4411 attributas
2796 4352 3130 4422 distinguere
3155 4348 3258 4404 rite
3285 4362 3378 4403 no-

1798 4459 1947 4503 runt.
2004 4445 2211 4503 Deinde
2235 4446 2399 4501 etiam
2435 4444 2566 4499 illud
2592 4486 2607 4512 ,
2644 4442 2861 4499 tametsi
2887 4442 3141 4496 daremus
3183 4454 3373 4494 verum

1798 4554 1944 4606 esse,
1969 4538 2115 4609 quod
2146 4553 2178 4593 a
2198 4537 2503 4608 Chrysippo
2525 4535 2761 4590 sumitur
2780 4574 2795 4600 ,
2846 4531 3165 4587 divinationi
3193 4531 3375 4585 futura

1800 4635 1985 4691 omnia
2020 4632 2402 4704 praesentiendi
2450 4646 2513 4686 ac
2560 4628 2886 4701 praedicendi
2920 4626 3031 4682 vim
3062 4626 3274 4692 inesse;
3309 4638 3375 4679 ex

1794 4741 1861 4782 eo
1890 4726 2111 4797 quidem
2151 4724 2277 4796 jure
2323 4722 2575 4779 concludi
2620 4736 2815 4792 posse,
2859 4718 2975 4774 fato
3000 4725 3194 4774 cuncta
3219 4715 3373 4780 ﬁeri;

1796 4833 1908 4872 non
1940 4825 2121 4872 tamen
2161 4816 2326 4886 hujus
2359 4815 2492 4870 artis
2533 4812 2973 4869 commoditatem
2996 4809 3063 4865 ad
3089 4809 3210 4862 vita:
3241 4821 3377 4862 usus

1796 4909 2035 4979 aliquam
2056 4908 2166 4964 ullo
2189 4908 2355 4964 modo
2373 4904 2762 4972 demonstrari,
2779 4903 2938 4975 cujus
2958 4901 3193 4957 maxime
3210 4915 3375 4955 causa

1795 5001 2187 5056 divinationem
2237 5000 2533 5070 praedicare
2579 4996 2920 5069 Chrysippus
2954 4995 3186 5050 videtur.
3236 4989 3375 5046 Nam

1795 5093 1929 5162 quid
1976 5092 2137 5148 nobis
2187 5091 2400 5147 tandem
2452 5106 2521 5146 ex
2562 5105 2630 5146 eo
2677 5086 3026 5159 compendii,
3079 5083 3229 5155 quod
3280 5098 3377 5140 eas

1796 5184 2021 5239 omnino
2053 5183 2393 5239 calamitates
2422 5180 2629 5238 futuras
2659 5181 3119 5252 praesentiremus,
3140 5192 3281 5248 quas
3306 5192 3376 5232 ne

1795 5292 1990 5334 cavere
2029 5277 2251 5348 quidem
2286 5276 2396 5331 ulla
2440 5277 2652 5330 ratione
2702 5272 3032 5345 possemus?
3077 5284 3201 5341 quas
3227 5265 3373 5325 enim

1794 5370 1910 5425 fato
1930 5368 2203 5436 eveniant,
2236 5369 2363 5440 quis
2392 5368 2702 5423 mortalium
2734 5379 2929 5422 cavere
2947 5362 3168 5436 possit?
3194 5361 3377 5430 Quare

1799 5642 1900 5724 μέν
1933 5642 2033 5724 ὅτι.
2069 5638 2453 5724 Estquejllud
2481 5638 2735 5724 μάλιστα,
2758 5633 3166 5724 ,μοραλιαᾳηί
3209 5633 3373 5724 νοιδΔο

1798 5706 2008 5777 dicunt,
2075 5706 2357 5780 principio,
2402 5720 2460 5764 ut
2482 5706 2700 5773 pridem
2758 5706 2990 5780 Budaeus
3041 5706 3370 5780 observavit.

1801 5774 2057 5855 Sequitur
2075 5774 2367 5839 'enim'sub
2399 5795 2521 5852 pag.
2555 5788 2802 5850 sequent.
2834 5774 3334 5846 iuitium,’E1:ma.
