3858 6224
425 340 536 397 24⁸5

1069 331 1341 391 EUSEBII
1379 329 1863 390 CESARIENSIS
1904 329 2052 386 OPP.
2091 328 2271 386 PARS
2304 329 2368 385 ll.
2410 359 2481 371 --
2513 326 3020 386 APOLOGETICA.

3560 333 3668 390 2H

410 464 623 513 tantum
666 453 818 509 abest
866 459 929 507 ut
972 451 1130 508 nobis
1170 450 1436 507 divinatio
1464 449 1714 505 utilitatis
1765 447 1978 503 aﬂ‘erret

2086 465 2185 511 πος
2215 447 2427 519 χαίρειν
2459 447 2552 501 ἐπὶ
2574 449 2686 510 τοῖς
2711 446 3178 519 προσδοκωμένοις
3206 447 3448 517 ἀγαθοῖς,
3482 450 3557 513 ὡς
3577 452 3671 505 ἐπὶ

411 547 651 619 aliquid,
694 552 756 601 ut
794 546 974 616 potius
1017 544 1121 600 hoc
1144 544 1262 614 ipso
1288 543 1448 600 nobis
1476 543 1692 599 cederet
1719 542 1774 597 in
1796 539 1981 611 perni-

410 639 573 705 ciem,
603 636 749 708 quod
775 636 943 691 animi
966 634 1340 706 aegritudinem
1374 648 1441 688 ac
1469 633 1775 688 molestiam
1799 646 1864 686 ex
1898 631 1983 700 ip-

410 740 586 789 samet
600 730 968 787 calamitatum
991 726 1305 784 necessario
1325 726 1633 781 futurarum
1657 725 1987 797 praesensio-

409 840 499 889 ne,
530 824 694 881 etiam
719 832 1014 892 antequam
1041 819 1374 881 acciderent,
1400 818 1716 874 hominibus
1746 826 1975 874 crearet.

406 916 519 974 Nec
543 918 689 974 enim
717 915 980 986 :equalem
998 922 1185 971 contra
1202 912 1442 969 laetitiam
1466 910 1773 967 futurorum
1789 910 1985 981 praedi-

409 1011 590 1066 ctione
599 1009 873 1065 bonorum
893 1007 1187 1064 excitatum
1208 1005 1274 1060 iri
1295 1004 1421 1075 quis
1438 1003 1800 1069 dixerit;cum
1819 1001 1985 1056 homo

406 1118 517 1159 non
539 1109 752 1158 tantum
775 1100 1044 1156 bonorum
1069 1095 1472 1168 exspectatione
1508 1095 1745 1165 gaudere
1761 1136 1777 1161 ,
1805 1109 1985 1165 quan-

405 1203 522 1249 tum
544 1202 691 1249 metu
717 1193 983 1247 malorum
1012 1190 1194 1246 dolere
1215 1188 1577 1245 consueverit.
1604 1186 1806 1241 Deinde
1825 1201 1986 1242 nemo

407 1284 521 1342 lere
545 1293 650 1350 est,
677 1284 773 1356 qui
803 1284 872 1340 ab
897 1298 1018 1339 sese
1046 1282 1189 1337 mala
1214 1281 1440 1351 propius
1463 1279 1675 1343 abesse,
1693 1286 1983 1348 antequam

406 1376 672 1444 audierit,
704 1375 994 1431 admodum
1026 1381 1237 1443 speret;
1270 1372 1411 1427 bona
1448 1385 1607 1437 vero,
1644 1369 1790 1440 quod
1824 1369 1878 1422 in
1921 1382 1985 1422 ea

406 1475 600 1538 sponte
631 1481 731 1523 sua
754 1474 947 1521 natura
979 1465 1331 1535 propendeat,
1382 1477 1595 1527 omnes,
1625 1470 1685 1517 ut
1710 1461 1878 1516 verbo
1902 1459 1987 1516 di-

406 1574 548 1625 cam,
568 1558 755 1630 potius
784 1566 1190 1628 exspectamus.
1241 1554 1380 1611 Nam
1406 1563 1461 1610 et
1484 1554 1727 1625 plerique
1748 1551 1986 1622 majores

406 1666 549 1719 sese,
582 1665 747 1720 quam
773 1650 888 1706 fieri
923 1648 1157 1720 possint,
1186 1647 1402 1703 futuros
1428 1660 1646 1718 sperare
1668 1644 1863 1701 solent.
1902 1642 1983 1698 Ex

405 1758 518 1815 quo
566 1743 699 1799 illud
732 1743 964 1810 accidit,
1016 1750 1077 1798 ut
1122 1742 1393 1797 bonorum
1444 1739 1663 1811 quidem
1704 1736 1983 1808 praedictio

405 1835 649 1891 laetitiam
675 1835 760 1890 vel
782 1834 1079 1890 admodum
1106 1850 1215 1889 non
1242 1840 1457 1904 augeat,
1481 1831 1630 1902 quod
1657 1832 1818 1886 etiam
1847 1830 1983 1884 citra

403 1925 810 1997 praedictionem
833 1924 1061 1996 quilibet
1088 1925 1314 1980 meliora
1335 1938 1566 1994 quaeque
1594 1936 1689 1994 per
1718 1936 1778 1976 se
1804 1921 1983 1991 ipsum

304 2003 308 2008 ’
404 2024 717 2088 exspectet;
752 2018 834 2073 vel
861 2033 986 2072 raro
1023 2017 1214 2073 saltem
1247 2032 1332 2080 ea,
1366 2031 1473 2087 qua
1502 2015 1628 2086 quis
1651 2013 1792 2069 forte
1810 2021 1985 2084 putet,

405 2126 531 2166 cum
585 2109 841 2165 ﬁrmitate
887 2119 1118 2181 augeat;
1155 2112 1266 2164 imo
1310 2122 1453 2179 sape
1498 2122 1717 2178 quoque
1750 2107 1980 2169 minuat,

404 2202 537 2258 dum
565 2216 661 2273 spe
686 2203 869 2258 minus
903 2201 1109 2272 aliquid
1142 2201 1501 2271 respondetur
1533 2217 1547 2254 :
1584 2198 1855 2253 malorum
1885 2211 1985 2250 au—

402 2304 512 2351 tem
549 2293 863 2364 praedictio,
906 2294 1103 2365 partim
1153 2294 1298 2365 quod
1340 2292 1411 2348 ab
1440 2291 1507 2346 iis
1551 2298 1760 2345 naturae
1788 2303 1984 2345 sensus

404 2383 719 2450 abhorreat,
766 2385 965 2456 partim
998 2385 1143 2457 quod
1173 2400 1236 2440 ea
1264 2392 1458 2455 praeter
1507 2398 1657 2453 spem
1690 2381 1983 2452 aliquando

405 2473 790 2543 praedicantur,
818 2488 1037 2546 gravem
1075 2474 1243 2529 animi
1275 2472 1738 2544 perturbationem
1771 2470 1980 2525 aﬂ‘erat.

405 2561 752 2633 Quanquam,
784 2563 831 2619 si
857 2565 1127 2634 ejusmodi
1157 2563 1293 2618 nihil
1319 2563 1608 2628 accideret,
1640 2563 1861 2617 inanem
1896 2570 1980 2616 ta-

403 2666 529 2708 men
560 2651 968 2723 praadictionem
1001 2651 1153 2720 fore,
1200 2653 1406 2718 cuivis,
1457 2652 1686 2722 opinor,
1727 2660 1981 2707 constare

403 2752 554 2805 certo
581 2746 773 2815 possit.
811 2742 949 2800 Nam
979 2746 1026 2801 si
1058 2745 1184 2816 quis
1212 2745 1501 2800 utilitatem
1526 2743 1850 2800 divinationi
1876 2743 1980 2798 ali-

403 2852 568 2907 quam
601 2837 707 2893 hoc
735 2838 856 2909 ipso
882 2847 1150 2894 assereret
1179 2847 1343 2908 atque
1373 2835 1707 2903 defenderet,
1726 2836 1870 2907 quod
1903 2850 1982 2890 ea:

403 2927 742 2984 calamitates
762 2927 1147 2999 praedicantur,
1173 2943 1294 2999 qua:
1317 2927 1544 2983 omnino
1561 2967 1577 2991 ,
1609 2926 1717 2981 nisi
1747 2927 1979 2995 caveris,

403 3027 675 3075 eventura
699 3019 838 3087 sint;
872 3019 919 3076 is
954 3017 1199 3091 profecto
1248 3032 1360 3073 non
1403 3017 1587 3072 omnia
1620 3015 1732 3072 fato
1761 3016 1980 3081 evenire

403 3112 828 3178 demonstraret,
850 3126 974 3166 cum
1001 3110 1055 3164 in
1087 3118 1274 3166 nostra
1300 3117 1565 3180 potestate
1592 3116 1736 3164 esset
1770 3118 1865 3163 aut
1886 3122 1980 3163 ca-

403 3218 550 3267 vere,
585 3203 747 3275 139
766 3213 861 3259 aut
894 3217 1001 3257 non
1034 3217 1244 3257 cavere.
1302 3201 1398 3256 Sin
1428 3211 1610 3257 autem
1645 3200 1749 3256 hoc
1794 3202 1974 3270 ipsum

402 3295 593 3350 eadem
622 3293 948 3349 necessitate
967 3293 1235 3349 contineri
1263 3294 1482 3361 dixerit,
1501 3302 1562 3347 ut
1580 3292 1648 3347 ad
1679 3307 1765 3348 res
1786 3307 1979 3347 omnes

401 3386 485 3441 vis
520 3383 618 3440 fati
649 3384 935 3456 pertineat,
954 3399 1172 3440 rursum
1193 3383 1546 3440 divinationis
1571 3384 1777 3440 utilitas
1798 3383 1979 3439 omnis

402 3477 632 3543 tollitur;
669 3489 823 3533 certo
853 3478 1020 3542 enim,
1048 3476 1097 3532 si
1138 3475 1310 3532 fatum
1354 3476 1511 3532 uobis
1547 3491 1740 3532 cavere
1769 3476 1861 3540 sit,
1889 3489 1980 3530 ca-

402 3571 688 3639 vebimus;
737 3571 820 3626 sin
853 3578 1034 3625 autem
1065 3567 1237 3624 fatum
1276 3583 1385 3624 non
1429 3566 1628 3632 fuerit,
1664 3567 1978 3622 nullomodo

404 3661 739 3725 cavebimus,
790 3658 1005 3715 tametsi
1039 3668 1188 3714 vates
1216 3672 1440 3720 omnes,
1492 3657 1623 3728 quid
1655 3665 1974 3712 eventurum

402 3754 565 3809 nobis
596 3753 687 3821 sit,
722 3752 1155 3824 pramuntiarint.
1214 3750 1508 3807 Enimvero
1528 3791 1543 3816 ,
1574 3766 1700 3806 cum
1756 3750 1973 3820 OEdipi,

404 3858 519 3903 tum
548 3845 840 3903 Alexandri
857 3844 1059 3899 Priami
1085 3844 1180 3899 lilii
1209 3843 1408 3899 caedem
1437 3841 1588 3897 omni
1615 3850 1730 3896 arte
1756 3841 1976 3896 molitus

403 3940 693 4011 utriusque
724 3945 978 4012 parentes
1009 3935 1177 3991 fuisse
1196 3976 1212 4000 ,
1254 3943 1315 3989 ut
1338 3933 1486 4005 quod
1515 3933 1831 4003 praedictum
1859 3939 1976 3988 erat

403 4032 473 4085 ab
521 4031 590 4086 iis
630 4029 734 4085 sibi
766 4027 990 4085 exitium
1024 4025 1342 4090 imminere,
1368 4023 1738 4089 declinarent,
1766 4038 1867 4078 nec
1891 4032 1975 4076 ta-

401 4136 529 4175 men
556 4135 650 4175 eos
678 4119 788 4177 voti
816 4125 1097 4187 compotes
1137 4131 1261 4172 esse
1288 4130 1529 4186 unquam
1560 4115 1805 4185 potuisse
1828 4156 1843 4181 ,
1891 4114 1976 4168 vel

401 4211 739 4284 Chrysippus
777 4212 893 4282 ipse
924 4210 1212 4265 confitetur
1240 4227 1254 4264 :
1289 4208 1534 4277 adeoque
1560 4207 1807 4277 agnoscit
1842 4206 1977 4260 nihil

401 4304 566 4359 etiam
594 4303 729 4374 ipsis
757 4304 1026 4358 malorum
1053 4316 1279 4357 suorum
1322 4300 1726 4370 praedictionem
1756 4306 1975 4370 propter

402 4395 499 4451 fati
529 4396 635 4450 vim
666 4411 732 4451 ac
760 4395 1137 4450 necessitatem
1164 4393 1457 4464 profuisse.
1483 4392 1659 4463 Atque
1686 4392 1801 4448 haec
1822 4407 1852 4445 a
1877 4405 1975 4445 no-

2085 542 2196 605 τοῖς
2241 542 2432 604 κακοῖς
2467 539 2741 593 ἀνιᾶσθαι.
2782 539 2991 603 Ἀλλως
3029 556 3089 592 τε
3133 540 3227 593 καὶ
3259 539 3432 594 ταῦτα
3465 542 3564 613 μὲν
3603 543 3665 596 οὐ

2085 633 2226 687 πάνυ
2271 649 2324 685 τι
2370 633 2501 704 περὶ
2536 633 2763 695 ἐαυτοὺς
2793 631 3012 686 ἔσεσθαι
3044 634 3177 704 πρὶν
3210 632 3443 687 ἀκοῦσαι
3474 636 3666 687 κατελο

2086 723 2345 795 πίζομενο
2395 724 2464 778 τά
2507 724 2552 777 δ’
2590 723 2775 793 ἀγαθά
2816 723 3015 795 μᾶλλον
3058 724 3319 789 ἅπαντες,
3354 725 3430 789 ὡς
3474 728 3667 791 εἰπεῖν,

2085 815 2474 888 προσδοκῶμεν
2505 814 2593 869 διὰ
2623 814 2722 887 τὴν
2748 816 2983 887 φυσικὴν
3016 816 3288 870 οἰκείωσιν
3323 817 3459 889 πρὸς
3492 818 3631 872 αὑτά
3650 834 3663 848 ·

2082 910 2130 962 οἱ
2163 909 2260 979 μὲν
2288 908 2399 981 γάρ
2420 907 2604 961 πολλοὶ
2630 909 2726 962 καὶ
2758 908 2975 980 μείζους
3001 908 3108 963 τῶν
3140 909 3382 962 δυνατῶν
3418 910 3671 978 γενέσθαι⁸

2085 1002 2487 1072 κατηλπίκωσιν
2505 1019 2518 1033 ⁸
2559 1002 2620 1067 ἐξ
2642 994 2703 1055 οὗ
2732 1002 3020 1074 συμϐαίνει
3053 1003 3114 1056 τὸ
3149 1003 3248 1074 μὲν
3280 1002 3379 1074 τὴν
3400 1002 3507 1056 τῶν
3534 1003 3673 1069 ἀγα-

2086 1092 2195 1146 θῶν
2229 1094 2629 1166 προαγόρευσιν
2656 1094 2730 1166 μὴ
2764 1094 3058 1149 ἐπιτείνειν
3091 1096 3234 1149 πάνυ
3267 1112 3320 1147 τι
3343 1095 3440 1165 τὴν
3469 1094 3670 1165 χαρὰν,

2083 1185 2173 1239 διὰ
2202 1186 2263 1238 τὸ
2300 1187 2395 1239 καὶ
2421 1188 2591 1258 χωρὶς
2620 1185 2720 1256 τῆς
2746 1187 3198 1258 προαγορεύσεως
3221 1186 3448 1241 ἕκαστον
3471 1184 3531 1250 ἐξ
3553 1190 3674 1240 ἐαυ.

2084 1277 2178 1330 τοῦ
2202 1277 2273 1331 τά
2314 1278 2550 1350 κρείττω
2582 1279 2909 1352 προσδοκᾷν,
2942 1281 2976 1352 ἢ
3029 1282 3116 1333 ἐπ’
3149 1281 3329 1351 ὀλίγον
3373 1283 3677 1336 ἐπιτείνειν

2085 1371 2150 1441 τῇ
2174 1369 2405 1441 δοκούσῃ
2438 1369 2782 1443 βεϐαιότητι·
2820 1372 3080 1437 πολλάκις
3111 1373 3169 1427 δὲ
3210 1374 3306 1428 καὶ
3339 1374 3525 1445 μειοῦν
3566 1374 3674 1445 τὴν

2085 1465 2280 1537 χαρὰν,
2318 1467 2445 1519 ὅταν
2478 1464 2685 1519 ἐλάττω
2725 1464 2834 1519 τῶν
2864 1464 3227 1519 ἐλπισθέντων
3253 1466 3532 1537 ἀκουσθῇ·
3567 1466 3679 1538 τὴν

2084 1557 2141 1611 δὲ
2166 1557 2276 1611 τῶν
2302 1557 2489 1611 κακῶν
2516 1558 2939 1630 προαγόρευσιν,
2973 1558 3066 1611 καὶ
3094 1558 3254 1612 διὰτὸ
3285 1557 3671 1628 ἀπόστρεπτον

2086 1649 2263 1704 αὐτῶν
2298 1650 2478 1719 φύσει,
2512 1651 2607 1705 καὶ
2640 1650 2728 1704 διὰ
2754 1650 2815 1703 τὸ
2843 1650 2972 1721 παρ’
3001 1649 3225 1713 ἐλπίδας
3258 1651 3429 1702 ἐνίοτε
3467 1649 3672 1721 προλέ-

2087 1743 2280 1812 γεσθαι
2324 1741 2573 1813 μεγάλως
2614 1742 2921 1813 ταράττειν.
2972 1741 3108 1794 Ἀλλ’
3151 1742 3321 1811 ὅμως,
3353 1742 3401 1794 εί
3445 1741 3539 1795 καὶ
3589 1741 3681 1813 μὴ,

2018 1811 2060 1865 Β
2085 1833 2243 1887 τοῦτο
2274 1834 2574 1898 συνέϐαινε,
2604 1832 2664 1886 τό
2690 1850 2755 1902 γε
2784 1834 3003 1904 ἀχρεῖον
3033 1832 3252 1886 ἔσεσθαι
3297 1832 3398 1905 τὴν
3429 1832 3677 1903 προαγὸ-

2088 1945 2268 2000 ρευσιν
2303 1927 2464 1981 παντί
2510 1943 2613 1980 που
2659 1925 2818 1995 δῆλον
2857 1925 2923 1979 ἃν
2965 1924 3072 1996 εἴη.
3109 1925 3173 1977 Εἰ
3219 1924 3327 1995 γὰρ
3373 1925 3532 1995 φήσει
3580 1942 3675 1988 τις

2088 2017 2426 2089 σωθήσεσθαι
2459 2017 2521 2071 τὸ
2557 2017 2826 2089 χρήσιμον
2858 2017 2957 2087 τῆς
3004 2017 3290 2087 μαντικῆς,
3318 2016 3406 2070 διὰ
3430 2016 3491 2069 τὸ
3533 2033 3683 2087 προ-

2084 2108 2340 2177 λέγεσθαι
2400 2107 2461 2161 τὸ
2517 2107 2737 2170 πάντως
2795 2106 3054 2177 ἐσόμενον
3113 2105 3372 2177 δυσχερὲς
3398 2146 3413 2169 ,
3468 2108 3518 2159 εί
3589 2106 3684 2178 μὴ

2085 2198 2481 2271 φυλαξαίμεθα,
2538 2199 2639 2252 οὐκ
2703 2197 2784 2251 ἐτι
2846 2197 3027 2252 πάντα
3057 2197 3220 2263 δείξει
3276 2198 3678 2269 συμϐησόμενα

2085 2289 2207 2344 καθ’
2259 2291 2625 2362 εἱμαρμένην,
2675 2290 2761 2358 ἐφ’
2810 2291 2943 2360 ἡμῖν
2994 2290 3146 2353 ὄντος
3189 2289 3284 2342 τοῦ
3327 2289 3683 2359 φυλάξασθαί

2081 2400 2142 2435 τε
2167 2383 2260 2435 καὶ
2296 2382 2370 2454 μὴ
2393 2382 2752 2451 φυλάξασθαι.
2780 2384 2843 2436 Et
2870 2382 2978 2454 γὰρ
3011 2382 3107 2436 καὶ
3134 2382 3291 2435 τοῦτο
3316 2384 3676 2453 κατηναγκά-

2085 2472 2223 2527 σθαι·
2246 2475 2410 2546 φήσει
2441 2492 2545 2538 τις,
2577 2475 2653 2538 ὡς
2681 2477 2761 2538 εἰς
2788 2475 2964 2528 πάντα
2990 2474 3060 2527 τά
3090 2473 3219 2527 ὄντα
3243 2473 3529 2527 διατείνειν
3565 2475 3678 2545 τὴν

2085 2564 2446 2636 εἱμαρμένην,
2476 2564 2638 2618 πάλιν
2669 2563 2730 2616 τὸ
2770 2563 2869 2634 τῆς
2905 2562 3171 2633 μαντικῆς
3200 2562 3469 2634 χρήσιμον
3506 2561 3667 2614 ἀναι-

2085 2658 2254 2729 ρεῖται
2278 2671 2295 2686 ι
2335 2656 2682 2727 φυλαξόμεθα
2716 2655 2826 2727 γὰρ
2854 2657 2904 2707 εί
2938 2653 3321 2725 καθείμαρται,
3352 2654 3446 2706 καὶ
3470 2653 3531 2707 οὐ
3563 2671 3674 2722 φυ-

2081 2746 2354 2818 λαξόμεθα
2384 2747 2544 2818 δῆλον
2574 2748 2669 2811 ὡς,
2706 2749 2756 2800 εἰ
2788 2745 2862 2818 μὴ
2908 2744 3275 2815 καθείμαρται
3304 2742 3671 2813 φυλάξασθαι,

2082 2838 2185 2892 κᾶν
2219 2839 2420 2902 πάντες
2453 2841 2502 2892 oi
2549 2838 2771 2910 μάντεις
2810 2837 2873 2891 τὸ
2917 2837 3172 2908 ἐσόμενον
3218 2835 3670 2909 προαγορεύωσιν

2083 2932 2230 3002 ἡμῖν.
2280 2931 2385 2984 Τὸν
2420 2930 2549 2998 γοῦν
2591 2929 2869 2992 Οἰδίποδα,
2920 2929 3012 2982 καὶ
3050 2928 3141 2982 τὸν
3186 2926 3530 2998 Ἀλέξανδρον
3570 2925 3668 2978 τὸν

2079 3023 2175 3077 τοῦ
2200 3023 2472 3096 Πριάμου,
2497 3022 2593 3078 καὶ⁴
2620 3022 2781 3086 αὐτὸς
2810 3024 2837 3075 ὁ
2857 3021 3179 3093 Χρύσιππός
3203 3038 3335 3093 φησι
3368 3019 3536 3074 πολλά
3565 3037 3673 3091 μηδ

2080 3116 2473 3189 χανησαμένων
2500 3117 2609 3170 τῶν
2649 3117 2872 3186 γονέων,
2915 3116 3057 3169 ὥστε
3098 3116 3433 3178 ἀποκτεῖναι,
3475 3113 3564 3166 ἵνα
3600 3113 3670 3165 τὸ

2077 3208 2174 3262 ἀπ’
2207 3208 2388 3262 αὐτῶν
2421 3208 2731 3281 προρρηθὲν
2761 3209 2943 3272 αὐτοῖς
2989 3206 3154 3260 κακὸν
3184 3204 3549 3275 φυλάξωνται,
3583 3204 3675 3274 μὴ,

2078 3300 2392 3372 δυνηθῆναι.
2435 3299 2619 3363 Οὕτως
2653 3299 2806 3352 οὐδὲν
2832 3298 3023 3368 ὄφελος
3059 3296 3180 3351 οὐδὲ
3215 3297 3397 3360 αὐτοῖς
3424 3296 3521 3367 τῆς
3551 3295 3674 3349 τῶν

2079 3389 2264 3444 κακῶν
2293 3387 2742 3461 προαγορεύσεώς
2769 3405 2933 3459 φησιν
2963 3383 3101 3441 εἶναι
3124 3386 3212 3440 διὰ
3238 3387 3334 3458 τὴν
3362 3389 3428 3440 ἐκ
3457 3385 3560 3455 τῆς
3586 3388 3683 3438 εἱ-

2082 3484 2369 3555 μαρμένης
2412 3482 2612 3536 αἰτίαν.
2648 3482 2820 3535 Τοῦτο
2853 3482 2950 3553 μὲν
2989 3475 3083 3534 οὖν
3128 3483 3194 3533 ἐκ
3229 3479 3544 3551 περιουσίας
3577 3483 3680 3533 εξ-

2080 3576 2263 3647 ρήσθω
2333 3576 2470 3647 πρὸς
2510 3576 2571 3628 τὸ
2615 3574 2691 3646 μὴ
2738 3575 2897 3646 μόνον
2945 3572 3335 3635 ἀνυπόστατον,
3387 3570 3522 3625 ἀλλά
3568 3572 3683 3626 καὶ

2080 3665 2296 3737 ἀχρεῖον
2321 3665 2423 3736 τῆς
2461 3666 2748 3736 μαντικῆς.
2784 3684 2802 3716 ι
2841 3662 3025 3718 Ταῦτα
3056 3664 3155 3735 μὲν
3182 3666 3210 3717 ὁ
3238 3662 3558 3733 φιλόσοφος·
3591 3665 3675 3718 σύ

2077 3773 2141 3825 γε
2177 3757 2286 3829 μὴν
2325 3756 2478 3828 παρά
2518 3755 2700 3827 σαυτῷ
2744 3755 2962 3827 σκέψαι,
2998 3755 3136 3820 πῶς,
3177 3754 3434 3824 Ἕλληνες
3483 3754 3677 3820 ὄντες,

2077 3848 2172 3902 καὶ
2195 3848 2294 3919 τὴν
2339 3848 2605 3919 Ἑλλήνων
2630 3847 2929 3916 σύντροφον
2959 3849 3023 3901 ἐκ
3048 3846 3175 3910 νέας
3204 3845 3418 3918 ἡλικίας
3454 3847 3682 3917 κτησά-

2081 3957 2229 4011 μενοι
2257 3939 2522 4005 παιδείαν,
2551 3940 2621 3994 τά
2642 3956 2704 3993 τε
2734 3940 2936 4012 πάτρια
2960 3938 3090 4010 περὶ
3113 3937 3249 3993 θεῶν
3279 3937 3495 3991 πάντων
3519 3937 3682 4006 μᾶλ-

2076 4034 2166 4087 λον
2195 4032 2566 4102 διεγνωκότες,
2610 4032 3028 4104 Ἀριστοτελικοῒ
3063 4031 3283 4095 πάντες,
3315 4028 3541 4082 Κυνικοί
3600 4046 3682 4083 τε

2077 4124 2171 4177 καὶ
2207 4122 2590 4195 Ἐπικούρειοι,
2619 4123 2712 4176 καὶ
2743 4123 2857 4176 ὅσοι
2878 4121 3085 4184 τούτοις
3118 4120 3424 4192 ἐφρόνησαν
3454 4118 3523 4172 τὰ
3551 4136 3683 4172 ποι-

2080 4214 2375 4286 ραπλήσια,
2416 4214 2522 4268 τῶν
2555 4216 2685 4286 παρ’
2714 4214 2898 4277 αὐτοῖς
2927 4213 3153 4283 Ἕλλησι
3183 4211 3472 4281 βοωμένων
3516 4227 3661 4281 μανι

2076 4305 2237 4360 τείων
2283 4306 2676 4375 κατεγέλασαν.
2730 4305 2840 4358 Καὶ
2892 4303 2997 4375 μὴν
3045 4304 3201 4375 εἴπερ
3241 4297 3309 4372 ἦν
3357 4300 3534 4372 ἀληθῆ
3589 4302 3688 4357 τὰ

2078 4398 2447 4472 θρυλλούμενα
2495 4400 2624 4472 περὶ
2670 4398 2767 4469 τῆς
2798 4396 2909 4450 τῶν
2956 4395 3304 4468 χρηστηρίων
3350 4393 3691 4465 παραδοξο-

401 4487 487 4543 bis
515 4496 703 4542 contra
730 4485 1077 4541 divinationis
1101 4486 1297 4556 partim
1329 4483 1769 4540 incerlitudinem
1790 4524 1805 4548 ,
1839 4498 1969 4552 par-

2083 4489 2274 4555 ποιίας,
2310 4491 2455 4553 εἰκὸς
2481 4485 2549 4562 ἦν
2582 4491 2675 4543 καὶ
2714 4488 2905 4542 τούσδε
2934 4485 3353 4556 καταπλαγῆναι
3383 4485 3687 4557 Ἕλληνας

400 4582 498 4638 tim
530 4580 872 4637 inutilitatem
893 4621 908 4646 ,
955 4578 1234 4634 liberalius
1274 4577 1532 4648 quidem,
1561 4593 1727 4648 quam
1758 4593 1844 4634 res
1873 4593 1971 4648 po-

402 4671 643 4730 stulabat
665 4712 680 4737 ,
712 4670 857 4726 dicta
892 4678 1075 4726 sunto.
1109 4688 1129 4721 )
1171 4666 1448 4724 Hactenus
1474 4669 1565 4723 ille
1590 4669 1969 4740 philosophus.

2071 4582 2251 4647 ὄντας,
2277 4582 2371 4636 καὶ
2389 4583 2459 4636 τὰ
2484 4582 2689 4655 πάτρια
2716 4581 2957 4654 ἀκριϐῶς
2983 4578 3459 4650 ἐξεπισταμένους,
3486 4579 3689 4651 μηδὲν

2071 4693 2130 4729 τε
2177 4675 2285 4729 τῶν
2329 4674 2637 4745 γνωσθῆναι
2688 4673 2858 4738 ἀξίων
2905 4675 2964 4726 ἐν
3009 4672 3248 4743 δευτέρῳ
3283 4669 3686 4741 τεθειμένους.

402 4762 483 4823 Tu
510 4778 638 4817 vero
672 4771 852 4818 tecum
882 4763 997 4833 ipse
1046 4761 1225 4833 cogita
1248 4802 1265 4827 ,
1311 4761 1771 4831 quemadmodum
1802 4762 1972 4817 (ἑνοιεί

2083 4768 2257 4823 Γαῦτα
2295 4769 2394 4840 μὲν
2440 4763 2532 4822 οὖν
2577 4768 2674 4821 καὶ
2721 4768 2823 4821 ὅσα
2857 4767 3085 4821 τοιαῦτα
3125 4765 3379 4834 συνάγειν
3402 4765 3484 4828 εἰς
3524 4766 3697 4821 ἀνα.-

402 4857 671 4920 homines,
720 4857 814 4928 qui
860 4872 968 4913 non
1007 4858 1170 4912 modo
1202 4857 1516 4913 Grmcorum
1547 4856 1891 4926 disciplinam
1919 4864 1970 4911 et

398 4950 644 5007 instituta
674 4950 744 5005 ab
766 4951 988 5009 ineunte
1017 4959 1175 5006 aetate
1201 4965 1328 5004 cum
1360 4950 1480 5020 ipso
1510 4964 1676 5020 prope
1704 4950 1842 5004 lacte
1867 4965 1972 5004 nn-

398 5045 551 5100 tricis
587 5043 947 5110 imbiberant,
992 5044 1086 5099 sed
1134 5043 1299 5097 etiam
1345 5043 1551 5113 patrias
1581 5042 1808 5098 deorum
1843 5041 1970 5096 relio

399 5136 588 5206 siones
614 5137 862 5195 omnium
892 5135 1304 5191 accuratissime
1336 5134 1716 5205 perviderant,
1755 5133 1969 5189 Aristo-

396 5225 540 5280 telici
573 5240 799 5289 omnes,
850 5239 1042 5279 omnes
1065 5239 1188 5278 cum
1215 5222 1439 5295 Cynici,
1471 5231 1586 5277 tum
1612 5219 1885 5291 Epicurei,
1917 5225 1966 5275 et

396 5326 662 5386 quotquot
687 5317 753 5372 ad
774 5331 964 5372 eorum
991 5331 1114 5373 sese
1140 5314 1451 5385 opinionem
1480 5322 1862 5385 aggregarant,
1884 5311 1963 5382 ja.
2013 5340 2017 5346 -

394 5416 539 5463 ctata
563 5409 706 5479 apud
731 5408 950 5465 Graecos
979 5408 1130 5478 ipsos
1155 5415 1341 5462 vatum
1370 5420 1631 5476 responsa
1656 5406 1964 5462 deriserint.

396 5502 549 5571 Quos
577 5509 784 5569 tamen,
821 5503 867 5558 si
889 5517 1013 5573 quae
1041 5502 1109 5556 de
1132 5501 1481 5557 oraculorum
1513 5501 1744 5556 istorum
1782 5500 1966 5571 prodi-

2074 4862 2274 4931 σκευὴν
2294 4861 2391 4933 τῆς
2425 4860 2554 4933 περὶ
2580 4860 2688 4914 τῶν
2714 4859 3060 4932 χρηστηρίων
3084 4858 3393 4921 ὑποθέσεως
3421 4857 3697 4935 πλείστη

2068 4971 2154 5018 τις
2196 4950 2264 5025 ἦν
2295 4954 2612 5026 περιουσίω
2648 4952 2762 5007 ἀλλ’
2799 4952 2862 5005 οὐ
2899 4951 3071 5025 ταύτῃ
3115 4969 3203 5022 μοι
3242 4951 3389 5004 δοκεί
3419 4950 3512 5004 τὸν
3551 4970 3704 5008 πα.-

2079 5042 2240 5114 ρόντα
2270 5042 2586 5114 μεθοδεῦσαι
2607 5041 2785 5111 λόγον,
2813 5041 2928 5095 ἀλλ’
2961 5036 3105 5113 ᾗπερ
3126 5040 3465 5112 ὡρμήθημεν
3486 5042 3709 5113 ἀρξά-

2079 5150 2250 5205 μενοι,
2276 5132 2451 5206 ἀληθῆ
2478 5133 2656 5204 λέγειν
2680 5133 2862 5197 δόντες
2887 5134 3013 5197 τοὺς
3038 5132 3177 5205 ὑπὲρ
3198 5130 3380 5186 αὐτῶν
3404 5136 3718 5203 προϊστα-

2080 5227 2294 5297 μένους,
2340 5226 2415 5290 ὼς
2443 5226 2509 5280 ἂν
2551 5227 2617 5279 ἐκ
2662 5225 2770 5279 τῶν
2800 5226 2930 5296 παρ’
2963 5225 3145 5288 αὐτοῖς
3184 5222 3708 5295 ὁμολογουμένων,

2081 5317 2308 5389 μαντεῖά
2336 5335 2397 5371 τε
2428 5313 2568 5373 εἶναι
2597 5316 2774 5388 ἀληθῆ
2816 5318 2913 5371 καὶ
2956 5316 3307 5388 πυθόχρηστα
3351 5314 3715 5386 θεοπρόπια

2076 5410 2145 5464 τά
2185 5409 2489 5481 δηλούμενα
2519 5410 2855 5481 φασκόντων,
2884 5408 2981 5480 τὴν
3007 5409 3210 5480 ἀκριϐῆ
3237 5408 3345 5462 τῶν
3382 5406 3703 5478 δηλουμέ-

2072 5520 2179 5557 νων
2215 5502 2475 5572 ἔκφανσιν
2506 5502 2939 5574 καταμάθοιμεν.

396 5593 499 5663 siis
546 5595 789 5649 omnium
843 5611 937 5651 ore
981 5594 1361 5657 celebrantur,
1423 5592 1548 5648 vera
1602 5593 1960 5663 putavissent,
2000 5596 2286 5666 oportebat
2310 5611 2441 5651 sane
2468 5612 2575 5651 non
2605 5597 2788 5651 minus
2808 5610 2972 5666 quam
3032 5603 3258 5649 czeteros
3303 5607 3497 5646 eorum
3545 5593 3717 5655 vim

396 5687 800 5755 obstupescere.
836 5687 1033 5756 quippe
1066 5687 1158 5757 qui
1190 5694 1244 5741 et
1271 5685 1445 5743 Graeci
1469 5694 1687 5750 essent,
1720 5685 1966 5756 ritusque
2003 5688 2209 5757 patrios
2235 5688 2459 5743 omnino
2487 5688 2768 5752 callerem,
2793 5701 2857 5741 ac
2882 5685 3018 5741 nihil
3063 5699 3275 5749 eorum,
3329 5696 3451 5751 qua:
3512 5685 3720 5746 scit“

395 5778 555 5851 digna
588 5777 785 5843 forent,
816 5778 926 5833 ullo
954 5793 1193 5851 unquam
1231 5779 1393 5835 modo
1418 5778 1805 5851 neglexissent.
1862 5778 1966 5835 Ista
2006 5779 2225 5851 quidem
2257 5779 2472 5853 aliaque
2526 5779 2752 5848 similia,
2800 5778 2891 5850 qui
2936 5779 3039 5835 hoc
3095 5778 3150 5833 in
3205 5783 3516 5850 argumenti
3562 5791 3727 5847 ge-
