3858 6224
1362 320 1686 380 ΡΒᾸΞΡᾹΒ.
1727 316 1980 374 EVANG.
2021 314 2150 370 LIB.
2197 312 2286 370 IV.

186 559 306 598 rum
344 550 662 613 susceptam
696 557 727 596 a
757 539 916 596 nobis
949 536 1371 608 disputationem
1409 533 1512 588 hac
1541 532 1625 585 via
1678 526 1858 583 moliri
1922 539 2031 579 non
2057 522 2268 593 placet,
2309 519 2405 576 sed
2433 532 2498 574 ea
2520 515 2738 586 potius,
2782 527 2891 583 qua
2955 511 3010 569 in
3038 525 3161 569 eam
3217 510 3288 567 ab
3344 509 3463 580 ipso

186 636 379 690 statim
432 635 591 689 initio
631 632 867 705 ingressi
897 607 1108 687 sumus.
1149 627 1409 683 Dabimus
1439 624 1608 689 enim,
1654 634 1768 685 eos,
1802 617 1897 690 qui
1922 615 2305 672 vaticiniorum
2335 613 2495 668 lldem
2533 618 2808 675 asserunt,
2837 624 2965 664 vera
3018 607 3233 672 dicere,
3291 613 3352 659 ut
3395 617 3463 659 cx

180 728 413 782 illorum
462 703 712 797 ipsorum
761 722 1140 786 confessione,
1187 719 1282 791 qui
1308 730 1363 774 et
1387 727 1778 786 responsorum
1820 711 2050 766 istorum
2078 707 2364 764 veritatem
2394 703 2727 769 defendunt,
2792 715 3024 774 quaeque
3090 705 3464 755 memorantur

180 822 413 877 oracula
455 822 747 876 numinum
808 834 1031 876 suorum
1078 816 1305 873 vocibus
1372 813 1517 869 edita
1557 824 1680 867 esse
1700 806 2056 874 contendunt,
2108 805 2373 876 integram
2417 811 2473 859 et
2512 807 2829 859 accuratam
2880 812 3096 862 eorum,
3158 810 3281 867 quae
3336 807 3465 865 pro-

182 915 485 981 feruntur,
548 914 966 985 explicationem
1027 920 1193 982 atque
1245 908 1492 965 notitiam
1551 903 1890 960 hauriamus.

750 1004 1147 1061 ΚΕΦΑΛΑΙΟΝ
1177 1006 1252 1058 Δ’.

184 1106 247 1158 '0
258 1119 324 1181 τι.
340 1102 653 1181 μεγίστων
689 1098 849 1181 ἡμᾶς
879 1096 1079 1180 κακῶν
1119 1093 1572 1181 ςοιξτωνχαύτῶέξρ
1593 1091 1777 1181 13:18.1:-

258 1159 608 1298 gimar}
650 1159 761 1224 τοῦ
800 1159 1075 1238 Σωτῆρος
1104 1165 1275 1238 ἡμῶν
1299 1160 1660 1236 span-elixi;
1690 1159 1780 1213 6t—

258 1331 434 1405 οἷμαι
471 1334 530 1388 δὲ
570 1334 732 1388 παντί
762 1349 843 1403 τῳ
872 1328 1008 1386 εἶναι
1038 1330 1226 1400 σαφὲς,
1260 1329 1335 1393 ὡς
1365 1329 1395 1382 ὁ
1420 1325 1530 1381 τῶν
1562 1340 1785 1397 προκει-

192 1428 371 1499 μένων
404 1426 631 1498 ἐλεγχος
671 1427 734 1479 οὐ
784 1423 998 1498 μικρὸν,
1044 1422 1179 1477 ἀλλά
1226 1421 1319 1476 καὶ
1363 1421 1615 1493 μέγιστον
1645 1416 1782 1489 ὁμοῦ

188 1519 280 1572 καὶ
318 1520 764 1585 ἀναγκαιότατον
795 1516 1035 1589 περιέξει
1068 1516 1233 1587 μέρος
1274 1514 1376 1583 τῆς
1420 1510 1785 1582 εὐαγγελικῆς

189 1613 526 1677 ὑποθέσεως.
560 1613 625 1666 El
664 1611 774 1683 γὰρ
811 1612 861 1664 οἱ
898 1610 1006 1680 πρὸ
1046 1609 1147 1681 τῆς
1191 1606 1287 1662 τοῦ
1329 1606 1585 1678 Σωτῆρος
1624 1601 1785 1676 ἡμῶν

198 1705 377 1776 Ἰησοῦ
410 1704 656 1777 Χριστοῦ
687 1703 993 1776 παρουσίας
1015 1702 1266 1773 πανταχῆ
1297 1699 1501 1763 πάντες
1524 1697 1784 1769 Ἕλληνες

187 1800 280 1852 καὶ
324 1798 604 1871 βάρϐαροι
640 1799 902 1870 δειχθεῖεν
938 1796 1013 1868 μὴ
1044 1795 1135 1850 τὸν
1165 1793 1339 1866 ἀληθῆ
1375 1793 1508 1847 Θεὸν
1540 1792 1785 1860 ἐπεγνω-

186 1890 367 1956 κότες,
406 1889 526 1943 ἀλλ’
570 1891 689 1960 ἦτοι
733 1889 803 1943 τά
848 1889 923 1960 μὴ
950 1888 1079 1942 ὅντα
1109 1887 1184 1951 ὡς
1214 1887 1343 1940 ὄντα
1385 1881 1783 1953 δοξάζοντες,ἢ

187 1982 293 2035 ὑπό
320 2000 492 2036 τινων
521 1981 813 2053 μοχθηρῶν
844 1982 938 2036 καὶ
962 1981 1244 2051 θεομάχων
1285 1978 1633 2049 πνευμάτων,
1671 1974 1788 2028 δαι-

189 2075 368 2146 μόνων
389 2091 456 2128 τε
484 2074 740 2145 πονηρῶν
771 2074 864 2128 καὶ
890 2073 1236 2143 ἀκαθάρτων,
1265 2068 1480 2141 ωφλῷν
1508 2068 1664 2139 δίκην
1681 2059 1784 2121 ὧδε

188 2167 417 2220 κάκεῖσε
451 2165 840 2237 περιηγμένοι,
880 2166 976 2219 καὶ
1022 2162 1168 2235 βυθῷ
1214 2160 1413 2225 κακίας
1446 2160 1583 2233 πρὸς
1610 2156 1788 2212 αὐτῶν

187 2257 651 2328 καθειλκυσμένοι
675 2273 689 2287 ⁸
735 2257 853 2326 (καὶ
897 2257 951 2309 τί
983 2256 1094 2326 γὰρ
1135 2254 1248 2309 ἀλλ’
1288 2252 1322 2324 ἢ
1362 2250 1724 2323 δαιμονῶντες
1746 2248 1785 2319 ;)

2418 987 2580 1062 ιω
2627 984 2859 1044 CAPUT
2914 983 3006 1039 ιν.

1885 1085 2001 1142 Nos
2027 1084 2281 1166 maximis
2323 1083 2466 1166 hisee
2503 1081 2660 1166 utalia
2676 1079 3016 1166 “euangelicos
3051 1074 3344 1133 Servaloris
3374 1085 3450 1126 no-

2120 1156 2223 1211 stri
2247 1154 2507 1210 doctrina:
2538 1152 2788 1221 beneﬁcio
2812 1149 3062 1205 liberatos
3088 1162 3220 1201 esse.

1958 1334 2225 1407 Equidem
2250 1333 2330 1390 sic
2352 1333 2611 1389 existimo
2634 1330 2908 1387 neminem
2937 1343 3080 1393 esse,
3114 1326 3208 1397 qui
3240 1336 3348 1380 non
3384 1324 3468 1377 in-

1883 1429 2110 1500 telligat,
2135 1437 2346 1500 partem
2368 1425 2669 1498 evangelici
2700 1423 2867 1495 hujus
2890 1420 3197 1493 argumenti
3218 1433 3329 1474 non
3351 1418 3469 1473 exi-

1884 1538 2072 1594 gnam,
2106 1521 2201 1577 sed
2224 1535 2355 1576 vero
2384 1518 2681 1574 maximam
2728 1514 3076 1584 maximeque
3104 1509 3466 1568 necessariam

1884 1629 2113 1680 eorum,
2149 1627 2273 1682 quae
2298 1609 2577 1683 proposita
2604 1607 2738 1663 mihi
2771 1615 2902 1663 sunt
2922 1647 2940 1675 ,
2984 1602 3309 1676 probatione
3340 1616 3470 1657 con-

1888 1705 2072 1763 tineri.
2132 1701 2271 1758 Nam
2302 1703 2348 1757 si
2379 1698 2670 1757 ostendere
2717 1698 2887 1755 semel
2915 1696 3221 1769 poterimus
3244 1736 3260 1761 ,
3308 1701 3471 1764 quot-

1886 1804 2024 1868 quot
2047 1811 2143 1851 seu
2171 1793 2345 1850 Graeci
2391 1807 2489 1849 seu
2522 1790 2744 1847 barbari
2791 1796 2921 1845 ante
2948 1786 3256 1843 Servatoris
3297 1785 3470 1841 nostri

1885 1888 2016 1946 Jesu
2045 1887 2252 1945 Christi
2280 1887 2575 1942 adventum
2619 1892 2736 1939 toto
2767 1880 2975 1954 passim
3017 1880 3151 1935 orbe
3193 1878 3470 1940 vixerunt,

1888 1998 2077 2038 verum
2106 1994 2300 2050 omnes
2326 1977 2499 2033 Deum
2535 1977 2840 2048 ignorasse,
2858 1973 3104 2042 adeoque
3130 1970 3213 2026 vel
3242 1969 3333 2033 iis,
3351 1984 3474 2039 qua:

1887 2073 2037 2130 nulla
2066 2079 2253 2135 erant,
2301 2066 2524 2140 perinde
2564 2080 2629 2121 ac
2675 2062 2725 2120 si
2761 2069 2969 2125 essent,
3001 2059 3265 2114 honorem
3299 2056 3474 2111 tribuo

1888 2167 2019 2231 isse,
2052 2164 2138 2220 vel
2169 2179 2201 2219 a
2230 2160 2519 2233 pessimis,
2551 2157 2756 2229 quique
2793 2168 2921 2210 cum
2956 2150 3066 2207 Deo
3090 2151 3207 2222 ipso
3232 2155 3475 2221 pugnant

1890 2258 2177 2330 spiritibus
2201 2297 2218 2320 ,
2268 2270 2335 2311 ac
2397 2249 2679 2310 sceleratis
2737 2245 3078 2320 impurisque
3137 2239 3477 2299 daemonibus

186 2348 303 2413 πῶς
324 2349 390 2402 οὐ
427 2348 697 2420 μειζόνως
722 2348 789 2402 ἂν
816 2346 1008 2419 ὀφθείη
1030 2347 1092 2400 τὸ
1126 2346 1269 2417 μέγα
1292 2344 1392 2415 τῆς
1423 2341 1788 2413 εὐαγγελικῆς

1897 2365 2165 2407 caecorum
2189 2348 2365 2404 instar
2390 2345 2498 2401 huc
2526 2342 2764 2412 illucque
2794 2345 3061 2410 raptatos,
3084 2343 3250 2406 atque
3278 2333 3334 2387 in
3364 2332 3473 2387 im-

180 2441 511 2512 οἰκονομίας
560 2442 881 2512 μυστήριον,
930 2439 1139 2503 πάντας
1185 2435 1524 2507 πανταχόθεν
1576 2436 1642 2488 ἐκ
1686 2433 1788 2504 τῆς

1897 2441 2181 2514 probitatis
2229 2436 2552 2495 barathrum
2596 2430 2904 2507 praecipites
2935 2436 3088 2485 actos
3128 2426 3284 2498 (quid
3328 2424 3475 2481 enim

184 2532 685 2605 πατροπαραδότου
724 2531 935 2602 πλάνης
972 2531 1073 2599 τῆς
1106 2530 1213 2585 τῶν
1240 2529 1512 2601 δαιμόνων
1555 2526 1786 2581 καταδυ-

182 2625 450 2688 ναστείας
490 2623 584 2678 διὰ
615 2625 716 2696 τῆς
755 2624 850 2678 τοῦ
889 2624 1140 2695 Σωτῆρος
1170 2621 1330 2694 ἡμῶν
1370 2620 1556 2691 φωνῆς
1590 2619 1790 2673 ἀνακε-

180 2715 525 2789 κλημένους,
565 2717 662 2770 καὶ
696 2717 824 2782 τοὺς
854 2717 1047 2789 μέχρις
1080 2713 1348 2787 ὲσχατιῶν
1373 2713 1478 2785 γῆς
1501 2710 1788 2775 οἰκοῦντας

175 2808 520 2879 ἀνθρώπους
562 2809 665 2880 τῆς
708 2808 768 2876 ἐξ
809 2808 1003 2873 αἰῶνος
1049 2805 1431 2879 κατασχούσης
1472 2804 1566 2860 τὸν
1612 2804 1791 2858 πάντα

178 2900 299 2971 βίον
335 2902 568 2971 ἀπάτης
592 2899 1064 2972 λελυτρωμένουςς
1092 2898 1233 2953 ὥστε
1260 2897 1320 2965 ιε
1346 2897 1559 2952 ἐκείνου
1584 2896 1680 2949 καὶ
1709 2895 1790 2959 είς

175 2993 346 3065 δεῦρο
374 2991 643 3045 λελύσθαι
675 2991 773 3063 μὲν
795 2991 892 3046 καὶ
924 2990 1273 3064 καθῃρῆσθαι
1302 2990 1489 3054 αὐτοῖς
1512 2989 1663 3053 ναοῖς
1690 2988 1791 3042 καλ⁵

178 3087 400 3153 ξοάνοις
430 3085 507 3139 τά
544 3083 978 3154 πεπαλαιωμένα
1024 3082 1125 3154 τῆς
1163 3080 1273 3135 τῶν
1321 3080 1491 3135 ἐθνῶν
1534 3081 1790 3135 ἀπάντων

182 3180 402 3251 πλάνης
433 3177 734 3249 ἱδρύματα,
761 3175 882 3248 ἱερὰ
906 3174 965 3228 δὲ
984 3174 1154 3238 ὅντως
1182 3172 1360 3244 σεμνά
1381 3172 1477 3226 καὶ
1506 3172 1791 3233 εὐσεϐείας

184 3269 548 3326 διδασκαλεῖα
574 3269 655 3341 τῷ
682 3267 1017 3341 παμϐασιλεῖ
1042 3268 1136 3321 καὶ
1178 3266 1497 3340 δημιουργῷ
1520 3266 1627 3320 τῶν
1653 3266 1791 3320 ὅλων

188 3366 245 3419 ὲν
279 3365 488 3436 μέσαις
526 3361 717 3417 πόλεσί
751 3380 812 3416 τε
841 3363 938 3417 καὶ
974 3360 1191 3433 κώμαις
1219 3359 1449 3431 δυνάμει
1482 3359 1580 3414 καὶ
1619 3361 1789 3433 ἀρετῇ

188 3458 280 3513 τοῦ
301 3459 572 3532 Σωτῆρος
602 3456 761 3529 ἡμῶν
789 3457 894 3511 ἀνά
916 3456 1009 3511 τὸν
1035 3454 1326 3527 σύμπαντα
1359 3454 1564 3526 κόσμον
1592 3455 1797 3527 ἀνεγη-

192 3551 412 3623 γέρθαι,
445 3548 646 3613 θυσίας
671 3566 731 3601 τε
760 3548 859 3613 τάς
888 3548 1213 3620 θεοπρεπεῖς
1251 3547 1438 3617 εὐχαῖς
1478 3546 1643 3600 ὁσίων
1682 3546 1795 3600 δια-

193 3641 545 3714 κεκαθάρθαι
573 3640 773 3706 κακίας
799 3639 1039 3710 ἀπάσης,
1065 3638 1122 3693 ἐν
1146 3656 1206 3693 τε
1232 3636 1473 3709 ἀπαθείᾳ
1496 3635 1677 3709 ψυχῆς
1696 3637 1792 3691 καὶ

1889 2531 2038 2589 aliud
2062 2545 2161 2587 eos
2179 2568 2197 2594 ,
2223 2542 2391 2600 quam
2423 2524 2761 2581 daemoniaco
2789 2521 2976 2579 furore
2999 2527 3281 2588 correptos
3305 2515 3478 2573 fuisse

1887 2621 2167 2694 dixeris?)
2200 2638 2213 2675 :
2250 2619 2341 2676 cui
2370 2617 2588 2673 tandem
2630 2628 2890 2687 magnum
2921 2612 3026 2666 hoc
3051 2604 3477 2680 dispensationis

1887 2714 2219 2786 evangelicae
2260 2707 2587 2783 mysterium
2618 2721 2728 2762 non
2775 2702 2982 2760 clarius
3006 2710 3060 2757 et
3088 2698 3357 2755 illustrius
3382 2710 3479 2767 ap-

1889 2815 2112 2881 pareat,
2156 2804 2308 2877 quod
2343 2816 2539 2860 omnes
2564 2798 2811 2869 undique
2848 2796 2919 2853 ab
2947 2795 3095 2852 avito
3121 2806 3337 2859 errore,
3368 2790 3479 2846 da-

1891 2913 2229 2970 nonumque
2269 2893 2560 2969 tyrannide
2594 2890 2902 2947 Servatoris
2951 2884 3125 2943 nostri
3152 2898 3287 2940 voce
3321 2898 3479 2939 revo-

1890 2992 2051 3059 carit,
2074 2992 2282 3064 quique
2304 2988 2362 3044 in
2391 2984 2654 3043 extremis
2687 2991 2959 3038 terrarum
2990 2977 3193 3034 ﬁnibus
3220 2976 3481 3048 degerent

1890 3084 2167 3149 homines,
2201 3081 2273 3137 ab
2291 3094 2357 3137 ea
2376 3121 2394 3148 ,
2416 3092 2541 3150 quae
2570 3075 2725 3133 omni
2752 3089 2820 3131 ex
2844 3070 3114 3128 memoria
3137 3069 3302 3124 vitam
3331 3082 3482 3123 mor-

1890 3178 2082 3234 talium
2110 3174 2424 3231 universam
2454 3177 2739 3233 tenuerat,
2774 3163 2967 3221 fraude
2990 3160 3273 3219 liberarit?
3313 3167 3480 3230 atque

1892 3270 1967 3324 ita
1990 3265 2258 3331 liberarit,
2291 3273 2353 3320 ut
2380 3268 2537 3318 tanto
2566 3256 2855 3316 intervallo
2878 3263 2934 3313 et
2954 3252 3325 3311 vetustissima
3349 3267 3481 3322 gen-

1890 3359 2029 3416 tium
2059 3357 2306 3414 omnium
2359 3353 2569 3410 erroris
2614 3347 2903 3406 domicilia.
2921 3361 3047 3402 cum
3078 3344 3293 3414 templis
3318 3352 3481 3413 atque

1892 3451 2204 3509 simulacris
2231 3448 2498 3519 dissipata
2523 3443 2880 3513 funditusque
2920 3439 3135 3496 sublata
3167 3434 3398 3499 fuerint,
3427 3441 3484 3488 et

1893 3543 2123 3601 delubra
2170 3555 2300 3598 vere
2347 3545 2618 3610 augusta,
2647 3548 2885 3604 vereque
2925 3530 3143 3602 pietatis
3178 3526 3396 3583 scholas
3425 3526 3481 3578 in

1897 3634 2100 3693 summi
2128 3632 2276 3705 regis
2304 3645 2371 3688 ac
2391 3643 2575 3686 rerum
2603 3626 2987 3686 universarum
3012 3619 3282 3678 molitoris
3304 3618 3484 3674 hono-

192 3735 374 3803 πάσης
405 3705 620 3805 ἀρετῆς
646 3730 932 3803 ἀναλήψει,
961 3705 1103 3785 κατά
1122 3728 1192 3783 τὰ
1218 3728 1336 3782 θεῖα
1361 3705 1458 3782 καῖ
1477 3705 1789 3799 σιιηληριώδη

1898 3742 2014 3783 rem
2035 3767 2052 3788 ,
2099 3723 2295 3780 mediis
2322 3721 2379 3777 in
2407 3718 2639 3779 urbibus
2668 3724 2831 3786 atque
2857 3712 3013 3786 pagis
3032 3753 3047 3774 ,
3079 3709 3323 3775 eiusdem
3354 3705 3483 3761 Ser-

192 3825 575 3894 παιδεύματα,
630 3823 694 3889 ἐξ
738 3823 995 3878 ἁπάντων
1045 3821 1321 3894 ὁσημέραι
1371 3817 1637 3894 διηνεκῶς
1685 3818 1795 3872 τῶν

194 3918 366 3973 ἐθνῶν
397 3915 777 3971 ἐπιτελεῖσθαι
799 3932 815 3947 ·
851 3917 949 3981 τὰς
982 3916 1047 3988 δὴ
1090 3915 1187 3971 καὶ
1214 3916 1384 3988 μόνας
1413 3916 1616 3986 ἀρετὰς
1648 3930 1671 3953 ι
1701 3914 1794 3968 οῦ-

199 4026 319 4074 σας,
370 4010 473 4063 καὶ
527 4009 825 4082 προσηνεῖς
873 4005 1063 4072 θυσίας
1108 4006 1188 4079 τῷ
1242 4008 1338 4062 ἐπὶ
1393 4007 1611 4061 πάντων
1651 4004 1795 4077 Θεῷ.

196 4102 419 4160 τούτων
466 4100 528 4154 δὲ
575 4100 752 4165 οὕτως
794 4100 1048 4172 ἑχόντων,
1097 4098 1216 4166 πῶς
1262 4101 1364 4154 οὐκ
1395 4099 1465 4154 ἂν
1514 4099 1705 4170 εἴημεν
1737 4101 1797 4152 ἐν

200 4196 380 4268 ταντῷ
419 4194 866 4265 δεδειχότες,καὶ
901 4195 983 4248 ὅτι
1016 4192 1157 4263 μετά
1197 4191 1472 4264 σώφρονος
1508 4190 1793 4262 λογισμοῦ,

201 4292 317 4363 οὐχὶ
347 4291 407 4344 δὲ
461 4288 665 4361 ἀλογίᾳ.
718 4287 946 4352 ἑαυτοὺς
989 4287 1287 4353 ἐπιδόντες,
1336 4285 1643 4340 ἀποστάται
1693 4284 1794 4356 τῆς

205 4381 702 4457 πατροπαραδότου
758 4381 1062 4453 γεγόναμεν
1110 4378 1560 4450 δεισιδαιμονίας·
1619 4376 1798 4449 κρίσει

203 4476 256 4530 δὲ
282 4475 498 4546 δικαία,
534 4475 634 4528 καὶ
673 4472 867 4544 ἀληθεῖ
894 4472 956 4526 τὸ
986 4476 1232 4545 κρεῖττον
1261 4472 1674 4544 ἀγαπήσαντες,
1703 4471 1799 4525 καὶ

204 4569 299 4639 τῆς
322 4568 520 4623 ἐνθέου
559 4566 657 4621 καὶ
685 4564 920 4637 ἀληθοῦς
944 4565 1226 4631 εὐσεϐείας
1253 4566 1483 4637 ἐρασταὶ
1508 4563 1800 4635 γεγενημέ-

204 4677 280 4715 νοι
305 4677 321 4725 ;
357 4657 532 4713 Ἀλλά
561 4656 771 4711 τούτων
798 4654 900 4726 μὲν
945 4656 1084 4721 ἅλις,
1119 4656 1322 4711 ἁπτέον
1348 4655 1406 4710 δὲ
1451 4655 1638 4709 λοιπὸν
1665 4672 1797 4727 προ-

205 4755 501 4825 κειμένων.

1896 3819 2104 3875 vatoris
2122 3815 2296 3874 nostri
2320 3814 2517 3869 virtute
2546 3820 2717 3870 totum
2746 3824 2842 3881 per
2866 3806 3056 3861 orbem
3077 3803 3308 3859 excitata
3338 3803 3479 3864 sint;

1896 3910 2269 3971 et‘sacrilicia
2315 3907 2426 3963 Deo
2463 3902 2787 3976 dignissima
2834 3897 3122 3954 hominum
3166 3903 3481 3950 sanctorum

1899 4007 2155 4079 precibus
2179 4045 2194 4072 ,
2228 4016 2394 4059 sensu
2430 3999 2501 4055 ab
2530 3997 2682 4054 omni
2710 3992 3061 4066 improbitate
3086 4002 3224 4061 puro
3247 4028 3263 4055 ,
3300 3993 3483 4042 mente

1899 4102 1970 4158 ab
1992 4100 2142 4157 omni
2168 4095 2577 4170 perturbatione
2612 4105 2823 4157 vacua,
2854 4096 2912 4144 et
2939 4086 3185 4143 omnium
3216 4082 3480 4137 virtutum

1900 4192 2202 4256 exercitio,
2263 4187 2540 4261 quomodo
2594 4183 2793 4240 divinas
2848 4181 3225 4248 salutaresque
3290 4175 3485 4230 littera:

1902 4283 2244 4356 praecipiunt,
2264 4281 2335 4339 ab
2349 4278 2607 4335 omnibus
2631 4273 2872 4347 quotidie
2891 4273 3144 4345 gentibus
3160 4268 3485 4338 assidueque

1901 4378 2042 4436 [lant
2071 4395 2084 4432 :
2113 4372 2425 4445 cujusmodi
2471 4370 2658 4439 utique
2702 4367 2970 4425 sacriﬁcia
3017 4372 3165 4429 sunt,
3202 4376 3325 4434 quae
3368 4360 3484 4415 sola

1907 4464 2225 4538 praepotenti
2262 4462 2374 4517 Deo
2394 4461 2626 4532 placere,
2653 4467 2818 4528 atque
2851 4464 3072 4527 accepta
3094 4467 3217 4509 esse
3251 4448 3481 4521 possint.

1890 4560 2031 4623 llaec
2044 4571 2210 4630 porro
2229 4571 2353 4611 cum
2376 4558 2451 4609 ita
2473 4567 2596 4609 sese
2618 4551 2872 4615 habeant,
2896 4562 3078 4603 nonne
3093 4544 3257 4602 simul
3274 4542 3487 4598 eadem-

1903 4668 2010 4725 que
2035 4651 2122 4706 via
2151 4645 2579 4713 ostenderimus,
2597 4658 2700 4699 nos
2719 4641 2973 4713 prudenti
3003 4648 3328 4707 matureque
3349 4650 3482 4691 con-

1902 4746 2028 4802 silio
2052 4743 2352 4807 adductos,
2389 4754 2499 4795 non
2545 4736 2856 4795 inconsulta
2896 4734 3115 4791 levitate
3144 4731 3420 4801 abreptos,
3454 4743 3485 4783 a

206 4850 375 4919 patria
394 4847 800 4919 superstitione
816 4844 1134 4909 descivisse,
1154 4860 1220 4900 ac
1242 4850 1391 4900 recto
1421 4857 1665 4912 veroque
1710 4839 1938 4911 judicio.
1960 4836 2125 4910 14],¹
2149 4835 2375 4890 meliora
2419 4833 2738 4903 complexos
2765 4826 3292 4895 esse,.diviuamoue
3320 4821 3485 4879 simul

204 4957 263 4997 ac
288 4957 482 4999 veram
512 4942 772 5013 pietatem
805 4939 1112 4995 adamasse.
1153 4936 1259 4993 Sed
1294 4937 1364 4994 de
1390 4937 1477 4993 his
1504 4938 1809 4999 hactenus;
1841 4932 1988 5005 quod
2018 4938 2288 5002 superest,
2320 4928 2385 4983 ad
2410 4942 2527 4983 rem
2558 4926 2735 4997 ipsam
2766 4923 3075 4980 veniamus.

749 5053 1257 5109 KE‘I’AAAIONE’.

236 5151 333 5217 πς
369 5149 411 5216 ἠ
445 5145 747 5213 διαίρεσις
788 5142 899 5211 τῆς
923 5142 1051 5197 καθ’
1084 5143 1386 5211 Ἕλληνας
1415 5141 1751 5213 θεολογίας.

264 5263 328 5316 Οἱ
371 5258 478 5330 μὲν
497 5256 564 5329 δὴ
587 5256 686 5329 τὴν
729 5254 1045 5327 Ἑλληνικὴν
1074 5254 1348 5325 θεολογίαν
1371 5253 1803 5327 ὲξηκριΰωκότες

200 5352 315 5405 καθ’
344 5350 547 5421 ἕτερον
571 5348 725 5420 παρά
750 5347 879 5410 τοὺς
906 5346 1334 5419 προειρημένους
1378 5348 1513 5417 ἡμῖν
1545 5347 1799 5419 τρόπους,

203 5445 276 5505 είς
307 5443 452 5513 γένη
479 5441 723 5513 τέτταρα
742 5439 923 5494 πάντα
960 5440 1051 5493 τὸν
1076 5439 1236 5508 λόγον
1259 5439 1614 5511 διαιροῦντες,
1650 5438 1801 5512 πρώ-

208 5552 364 5590 τιστα
393 5535 624 5589 πάντων
659 5532 751 5585 τὸν
778 5529 1000 5603 πρῶτον
1021 5530 1382 5602 ἀφορίσαντες
1412 5529 1565 5593 Θεὸν,
1602 5528 1800 5583 εἰδέναι

212 5629 343 5697 φρασὶ
371 5627 570 5682 τοῦτον
598 5619 740 5679 εἶναι
772 5625 864 5678 τὸν
896 5624 989 5678 ἐπὶ
1025 5625 1158 5677 πᾶσι
1192 5623 1407 5693 πρῶτόν
1442 5640 1501 5676 τε
1533 5623 1661 5677 ὄντα
1707 5623 1800 5676 καὶ

216 5723 428 5777 πάντων
454 5720 614 5782 Θεὸν,
647 5718 858 5790 πατέρα
898 5735 957 5771 τε
988 5717 1079 5771 καὶ
1111 5716 1353 5787 βασιλέα-
1392 5715 1509 5788 μεθ’
1552 5717 1609 5769 ὃν
1644 5716 1799 5786 γένος

285 5832 307 5855 ο
344 5822 434 5873 Id.
467 5815 729 5887 ἀρεστάς.

1832 5055 1879 5111 D

2532 5037 2763 5096 CAPUT
2793 5037 2877 5096 γ..

2158 5135 2346 5204 Qualis
2370 5133 2676 5190 Graecarum
2694 5129 2968 5200 theologia
2987 5128 3227 5199 partitio.

1980 5254 2122 5324 Ergo
2154 5251 2249 5321 qui
2275 5249 2588 5305 Graecorum
2624 5245 2950 5316 theologiam
2996 5241 3329 5299 adamussim
3359 5255 3485 5298 exe-

1907 5354 2124 5418 gerunt,
2150 5343 2314 5398 aliam
2346 5340 2641 5412 quamdam
2672 5339 2741 5392 ab
2771 5336 2860 5403 iis,
2886 5349 3026 5405 quas
3058 5342 3184 5388 ante
3207 5336 3484 5390 recensui-

1907 5453 2053 5499 mus,
2084 5434 2354 5491 rationem
2385 5432 2657 5496 ineuntes,
2698 5444 2814 5483 rem
2850 5435 3021 5484 totam
3048 5425 3103 5480 in
3141 5435 3373 5495 quatuor
3401 5443 3485 5498 ge-

1910 5545 2042 5585 nera
2066 5527 2251 5599 partiti
2282 5533 2431 5582 sunt.
2456 5523 2685 5594 Quippe,
2716 5520 2991 5594 inprimis
3012 5518 3159 5574 enim
3183 5519 3485 5590 principem

1912 5620 2079 5676 Deum
2136 5634 2169 5673 a
2222 5616 2383 5687 vulgo
2447 5621 2813 5685 segregantes,
2863 5608 3119 5666 omnibus
3168 5625 3294 5664 eum
3326 5612 3489 5662 rebus

1910 5711 2224 5785 prmsidcrt‘,
2281 5717 2406 5765 ante
2462 5721 2653 5764 omnes
2710 5720 2873 5773 esse,“
2908 5701 3266 5773 omniumque
3295 5700 3486 5769 Deum,
