3858 6224
400 335 508 391 247

1074 336 1345 393 ΕυδΕΒΠ
1374 336 1854 394 CJESARIENSIS
1891 337 2041 394 OPP.
2080 338 2257 393 PARS
2285 336 2348 392 ll.
2387 368 2458 378 -
2484 337 2986 394 APOLOGETICA.

3527 336 3633 392 213

402 457 706 524 parentem,
758 467 825 507 ac
876 466 1058 522 regem
1102 466 1223 508 sese
1267 466 1564 523 agnoscere
1594 454 1969 524 proﬁtentur:

2078 453 2136 506 τὸ
2164 453 2301 506 θεῶν
2345 454 2612 524 ὑπάρχειν
2654 452 2927 523 δεύτερον,
2968 453 3230 524 ἑπόμενον
3270 451 3328 505 δὲ
3370 450 3432 504 τὸ
3470 452 3656 521 δαιμό-

401 543 705 600 secundum
751 559 937 614 quem,
984 544 1211 599 alterum
1254 543 1484 598 deorum
1532 560 1724 615 genus,
1755 547 1973 602 tertium

399 638 748 701 daemonum,
800 645 1056 706 quartum
1104 636 1342 706 denique
1390 637 1618 693 heroum
1669 640 1972 710 assignant.

401 726 607 783 Deinde
631 742 783 788 vero,
811 744 1151 798 quaecunque
1178 729 1233 783 in
1262 737 1469 798 partem
1496 730 1639 800 ejus,
1670 732 1813 801 quod
1836 732 1977 801 opti-

399 832 549 871 mum
594 825 698 884 est,
732 818 865 872 ideae
914 818 1184 884 venerint,
1226 834 1291 874 ea
1320 820 1517 889 partim
1552 836 1734 890 agere,
1776 824 1974 891 partim

398 909 507 979 agi,
540 916 596 964 et
621 908 881 978 quicquid
904 909 1172 979 ejusmodi
1201 919 1304 977 est,
1335 913 1480 981 quod
1503 912 1727 969 luminis
1755 914 1826 970 sit
1852 930 1976 984 par-

399 1001 591 1070 ticeps,
629 1001 812 1055 lumen
862 1001 1123 1072 appellari
1151 1009 1400 1057 statuunt
1443 1021 1457 1057 :
1490 1002 1747 1059 deteriori
1784 1014 1977 1060 contra

398 1096 608 1144 naturae
639 1091 844 1144 malum
882 1092 1061 1161 ipsum
1109 1093 1400 1163 imperare,
1435 1095 1582 1164 quod
1611 1095 1829 1165 quidem
1867 1112 1976 1152 non

395 1180 544 1235 aliud
570 1195 735 1250 quam
767 1182 1142 1251 improborum
1182 1183 1493 1239 daemonum
1522 1200 1695 1254 genus
1734 1202 1855 1242 esse
1881 1203 1977 1242 vo-

398 1271 536 1340 Iunt,
568 1273 716 1342 quod
753 1288 880 1328 cum
919 1289 1006 1341 eo,
1047 1276 1194 1344 quod
1232 1275 1437 1330 bonum
1468 1285 1570 1340 est,
1606 1278 1784 1333 amico
1831 1296 1976 1333 nun-

394 1378 561 1432 quam
588 1372 795 1431 utatur,
825 1373 940 1418 tum
965 1366 1074 1420 vim
1102 1367 1155 1420 iu
1182 1368 1440 1423 universa
1462 1384 1676 1435 eorum,
1696 1385 1817 1440 qua:
1835 1371 1978 1425 bono

395 1455 672 1509 contraria
712 1463 842 1510 sunt
872 1465 1092 1522 natura,
1126 1458 1350 1528 perinde
1381 1475 1446 1514 ac
1471 1458 1616 1517 Deus
1647 1461 1703 1515 in
1731 1472 1846 1517 toto
1874 1466 1977 1518 bo-

397 1561 595 1600 norum
624 1559 841 1617 genere,
880 1548 1183 1619 principem
1223 1550 1498 1618 obtineat;
1541 1553 1803 1624 quidquid
1848 1570 1978 1610 vero

397 1638 503 1693 tale
549 1649 655 1704 est,
699 1640 752 1694 id
799 1656 963 1695 omne
990 1642 1244 1698 tenebras
1285 1645 1469 1699 vocari
1499 1646 1738 1701 tradunt.
1767 1646 1976 1713 Quibus

395 1729 469 1784 ita
499 1731 812 1785 constitutis
841 1741 1009 1801 atque
1034 1731 1330 1797 distinctis,
1358 1735 1557 1789 coelum
1596 1735 1816 1805 quidem
1849 1752 1973 1791 cum

395 1836 461 1875 eo
498 1821 594 1891 qui
619 1821 685 1877 ad
711 1821 897 1876 lunam
926 1824 1100 1893 ipsam
1146 1825 1401 1894 pertinet,
1450 1825 1650 1880 aethere
1693 1826 1821 1890 diis,
1853 1842 1974 1896 quae
2009 1810 2048 1864 Β

395 1912 538 1968 circa
583 1913 767 1968 lunam
794 1929 1086 1984 acremque
1115 1927 1426 1983 versantur,
1455 1917 1814 1984 daemonibus,
1853 1935 1976 1989 quae

397 2003 543 2057 circa
586 2020 817 2074 quaeque
866 2006 971 2061 sub
1020 2015 1257 2070 terram,
1312 2008 1601 2063 animabus
1650 2009 1973 2065 attribuunt.

396 2095 511 2153 llac
555 2100 844 2168 partitione
876 2102 1181 2171 assignata,
1213 2103 1464 2158 caelestes
1499 2104 1632 2159 deos
1675 2106 1728 2159 in
1761 2106 1972 2176 primis,

393 2188 589 2244 deinde
629 2191 804 2246 bonos
837 2191 1135 2256 daemones,
1173 2192 1333 2247 tertio
1377 2193 1603 2249 heroum
1637 2195 1849 2251 animas
1881 2212 1975 2251 co-

390 2280 525 2347 lere,
569 2292 850 2351 postremo
883 2282 1058 2338 malos
1083 2284 1248 2338 etiam
1278 2285 1672 2355 improbosque
1699 2287 1973 2342 daemones

393 2378 608 2448 placare
630 2393 694 2433 ac
720 2378 950 2445 delinire
973 2391 1225 2449 oportere
1245 2382 1461 2437 docent.
1484 2379 1686 2437 Verum
1711 2382 1826 2436 haec
1846 2398 1970 2437 cum

390 2464 468 2522 it'a
491 2468 657 2523 verbo
682 2477 840 2524 tenus
855 2471 1036 2524 omnia
1066 2471 1422 2543 distinguant,
1463 2480 1577 2525 tum
1608 2487 1667 2525 re
1694 2471 1809 2541 ipsa
1844 2487 1974 2526 cun-

390 2564 479 2611 cta
520 2557 885 2627 confundunt,
921 2558 1199 2629 improbas
1234 2568 1446 2614 tantum
1479 2563 1707 2615 virtutes
1736 2561 1967 2615 aliorum

388 2650 636 2705 omnium
680 2651 801 2706 loco
826 2651 1156 2720 venerando,
1187 2667 1419 2722 seseque
1471 2660 1614 2707 totos
1649 2653 1717 2707 iis
1767 2652 1972 2707 manci-

389 2741 590 2809 pando,
621 2743 1083 2812 quemadmodum
1115 2744 1281 2813 hujus
1322 2744 1376 2798 in
1402 2759 1694 2814 progressu
1729 2745 1970 2814 disputa-

388 2832 554 2887 tionis
586 2833 958 2890 ostendemus.
998 2833 1174 2890 Tuum
1208 2848 1389 2892 autem
1417 2836 1540 2900 erit,
1573 2836 1750 2900 exiis,
1787 2853 1909 2906 qua:
1937 2852 1966 2890 a

390 2922 548 2978 nobis
576 2923 631 2977 in
657 2924 896 2978 medium
920 2923 1235 2994 aﬂerentur,
1261 2927 1464 2994 videre,
1489 2927 1679 2997 quales
1705 2942 1822 2991 eas,
1847 2942 1968 2996 quae

387 3029 544 3068 suam
580 3029 678 3084 per
722 3016 1017 3071 simulacra
1048 3017 1159 3072 vim
1205 3027 1455 3084 exerunt,
1496 3019 1727 3074 virtutes
1766 3019 1968 3073 habere

391 3114 660 3177 oporteat,
711 3106 934 3173 deosne,
988 3124 1056 3163 an
1107 3109 1414 3178 daemones;
1464 3119 1520 3165 et
1569 3110 1616 3165 si
1667 3111 1964 3178 daemones,

392 3200 660 3266 malosne,
690 3217 759 3255 an
793 3217 924 3256 vero
953 3202 1143 3256 bonos.
1171 3199 1307 3254 Nam
1348 3202 1547 3256 divinae
1571 3201 1790 3271 quidem
1825 3200 1969 3270 apud

386 3307 490 3347 nos
516 3290 734 3346 Litterae
763 3308 1032 3362 nusquam
1057 3294 1283 3348 omnino
1307 3292 1608 3347 daemonem
1642 3293 1843 3348 bonum
1872 3308 1969 3347 vo-

389 3398 516 3439 care
552 3384 751 3448 solent,
789 3385 990 3454 quippe
1018 3394 1141 3455 qua:
1172 3384 1378 3453 Optime
1402 3384 1607 3450 norint,
1636 3384 1967 3453 quibuscum

392 3474 445 3529 id
473 3476 724 3530 vocabuli
760 3476 1105 3546 nominisque
1134 3474 1291 3546 142
1322 3490 1613 3529 commune
1644 3475 1734 3540 sit,
1765 3474 1968 3544 impro-

389 3565 490 3619 bos
527 3581 649 3620 esse
695 3579 923 3629 omnes;
970 3566 1425 3635 quemadmodum
1475 3580 1581 3618 non
1632 3564 1799 3621 alium
1838 3564 1969 3632 ipsae

391 3654 564 3712 Deum
603 3672 726 3711 vere
767 3656 1097 3727 proprieque
1146 3655 1452 3719 nominant,
1490 3665 1684 3725 praeter
1710 3670 1881 3709 unum
1909 3653 1968 3708 il-

386 3752 523 3816 lum,
548 3753 639 3822 qui
662 3768 840 3807 rerum
869 3753 1113 3807 omnium
1132 3762 1322 3808 auctor
1349 3762 1452 3808 est.
1485 3751 1761 3809 Liberales
1781 3761 1966 3807 autem

390 3845 514 3900 illas
538 3846 820 3918 bonasque
848 3845 1098 3914 virtutes,
1121 3848 1267 3917 quod
1297 3856 1492 3901 natura
1516 3863 1615 3901 sua
1633 3845 1965 3916 principium

390 3946 545 3991 ortus
571 3939 826 4004 habeant,
859 3946 1022 4007 atque
1049 3949 1106 3993 ut
1130 3939 1291 4008 longo
1329 3937 1497 3993 Deum
1539 3939 1690 3993 illum
1728 3948 1782 3994 et
1811 3948 1966 3993 ortus

384 4036 658 4097 expertem
709 4038 763 4083 et
822 4031 906 4086 sui
951 4030 1288 4085 conditorem
1333 4029 1962 4099 sequunturintervallo,

386 4119 468 4175 sic
493 4129 545 4173 et
575 4120 644 4174 ab
679 4121 928 4190 improbo
956 4122 1261 4177 daemonum
1286 4137 1483 4192 genere
1514 4132 1809 4192 segregata:
1831 4123 1962 4188 sint,

388 4227 565 4280 neque
594 4211 725 4267 deos
781 4229 957 4283 neque
1010 4215 1285 4269 daemones
1328 4214 1599 4283 appellare
1644 4215 1960 4279 voluerunt;

385 4302 502 4367 sed,
533 4304 677 4373 quod
706 4304 946 4359 medium
993 4307 1285 4375 quemdam
1336 4306 1441 4360 illa;
1471 4306 1581 4360 sint
1622 4304 1789 4360 Deum
1825 4307 1965 4359 inter

386 4408 451 4446 ac
494 4392 769 4449 daemones
807 4397 1015 4451 sortita:
1060 4397 1326 4466 gradum,
1382 4397 1557 4452 media
1591 4397 1826 4467 quadam
1870 4413 1965 4453 eas

1995 3158 2037 3215 C

2079 561 2204 610 νων,
2237 547 2299 598 τὸ
2318 545 2375 598 δὲ
2408 544 2604 617 ἡρώων
2634 545 2909 619 τέταρτον
2963 545 3198 607 ἅπαντα,
3231 545 3328 614 τῆς
3349 544 3443 597 τοῦ
3474 546 3654 615 κρείτ-

2075 654 2227 701 τονος
2262 637 2410 701 ἰδέας
2456 637 2813 708 μετασχόντα,
2854 639 2930 707 πὴ
2976 639 3073 708 μὲν
3108 636 3284 706 ἄγειν,
3328 636 3404 706 πὴ
3430 635 3487 688 δὲ
3532 636 3657 703 ἄγε-

2078 727 2223 793 σθαι,
2249 729 2346 782 καὶ
2369 728 2484 798 φῶς
2506 727 2650 782 ἅπαν
2688 727 3188 800 προσαγορεύεσθαι
3218 728 3279 780 τὸ
3311 728 3519 781 τοιόνδε
3540 744 3653 794 (per

2073 819 2166 882 τὸς
2194 823 2412 892 μετοχῇ.
2450 818 2609 873 Ἀλλά
2627 820 2830 889 καὶτῆς
2847 818 2938 873 τοῦ
2950 821 3191 891 χείρονος
3212 819 3397 882 οὐσίας
3412 818 3473 871 τὸ
3492 818 3656 872 κακὸν

2075 910 2324 982 ἡγεῖσθαί
2373 929 2528 982 φασι.
2565 911 2736 966 Τοῦτο
2771 912 2830 966 δὲ
2866 908 3007 967 εἶναι
3060 910 3345 984 μοχθηρῶν
3390 910 3657 980 δαιμόνων

2075 1003 2249 1072 γένος,
2278 1003 2420 1074 ψιλῷ
2463 1004 2562 1075 μὲν
2602 1002 2852 1076 οὐδαμῶς
2884 1002 3164 1076 χρώμενον
3206 1000 3450 1070 τάγαθῷ,
3494 1000 3656 1054 δύνα-

2080 1094 2168 1166 μίν
2196 1112 2261 1164 γε
2297 1095 2405 1166 μὴν
2455 1099 2513 1149 ὲν
2554 1098 2620 1168 τῇ
2641 1095 2749 1150 τῶν
2817 1095 3072 1149 ἐναντίων
3120 1094 3277 1164 φύσει
3323 1090 3657 1162 κεκτημένον

2078 1188 2323 1261 πρώτην,
2355 1188 2606 1261 καθάπερ
2642 1190 2700 1242 ὲν
2732 1190 2848 1252 τοῖς
2882 1188 3187 1261 κρείττοσιν
3216 1188 3245 1240 ό
3277 1184 3429 1246 Θεός·
3470 1185 3579 1237 πᾶν
3599 1185 3658 1238 δὲ

2075 1281 2136 1334 τὸ
2176 1281 2376 1335 τοιόνδε
2417 1281 2607 1346 σκότος
2638 1279 3164 1353 προσαγορεύεσθαι.
3224 1277 3410 1333 Ταῦτα
3468 1278 3658 1333 τοῦτον

2075 1372 2506 1444 διαστειλάμενοι
2548 1372 2640 1427 τὸν
2684 1373 2904 1445 τρόπον,
2958 1371 3097 1435 θεοῖς
3153 1371 3251 1443 μὲν
3292 1372 3518 1445 οὐρανὸν
3564 1371 3659 1424 καὶ

2076 1466 2167 1519 τὸν
2216 1465 2344 1535 ἄχρι
2389 1465 2618 1537 σελήνης
2661 1465 2855 1539 αἰθέρα
2900 1464 3063 1534 φασὶν
3105 1464 3489 1535 ὑποτετάχθαι·
3544 1463 3662 1517 δαί-

2080 1574 2204 1628 μοσι
2226 1556 2282 1609 δὲ
2303 1557 2370 1609 τὰ
2393 1557 2520 1632 περὶ
2548 1556 2775 1627 σελήνην
2804 1555 2898 1609 καὶ
2923 1555 3077 1626 ἀέρα·
3114 1555 3313 1626 ψυχαῖς
3338 1556 3399 1609 δὲ
3430 1555 3498 1609 τὰ
3529 1573 3594 1609 πε
3603 1554 3655 1626 pi

2076 1648 2178 1718 γῆν
2203 1650 2295 1702 καὶ
2323 1649 2568 1719 ὑπόγεια.
2608 1649 2846 1719 Τοιούτῳ
2872 1648 2915 1701 δ’
2963 1647 3253 1720 ἀφορισμῷ
3304 1648 3653 1720 κεχρημένοι,

2076 1744 2291 1810 πρῶτον
2317 1741 2571 1795 ἁπάντων
2605 1742 2736 1811 φασὶ
2761 1742 2887 1804 τοὺς
2911 1741 3192 1813 οὐρανίους
3230 1741 3340 1794 δεῖν
3382 1742 3478 1795 καὶ
3511 1741 3660 1794 αἰθε-

2076 1834 2226 1906 ρίους
2254 1832 2407 1894 θεοὺς
2441 1830 2784 1902 θεραπεύειν,
2819 1831 3091 1903 δεύτερον,
3122 1834 3248 1896 τοὺς
3270 1833 3508 1901 ἀγαθοὺς
3542 1836 3660 1889 δαί-

2079 1941 2267 1995 μονας,
2290 1924 2493 1996 τρίτον,
2524 1922 2624 1987 τὰς
2659 1923 2767 1977 τῶν
2792 1922 2987 1994 ἡρώων
3012 1924 3209 1994 ψυχὰς,
3244 1926 3501 1998 τέταρτον
3530 1931 3660 1993 τούς

2076 2016 2308 2085 φαύλους
2365 2015 2460 2068 καὶ
2510 2017 2779 2087 πονηροὺς
2850 2015 3330 2085 ἀπομειλίσσεσθαι
3378 2017 3655 2090 δαίμονας.

2076 2106 2260 2162 Ταῦτα
2306 2105 2364 2159 δὲ
2413 2107 2560 2176 λόγῳ
2608 2105 2976 2176 διαιροῦντες,
3032 2106 3178 2178 ἔργῳ
3246 2108 3533 2179 συγχέουσι
3587 2111 3660 2165 τὰ

2074 2197 2272 2259 πάντα,
2307 2196 2476 2268 μόνας
2510 2198 2632 2251 ἀντὶ
2668 2195 2779 2250 τῶν
2818 2196 3122 2268 εἰρημένων
3164 2198 3379 2253 πάντων
3415 2199 3515 2262 τάς
3560 2218 3659 2254 πο-

2071 2288 2243 2360 νηρὰς
2264 2288 2520 2360 δυνάμεις
2551 2288 2963 2358 θεραπεύοντες,
2988 2291 3080 2344 καὶ
3106 2289 3215 2343 ὅλοι
3240 2289 3461 2354 ταύταις
3492 2310 3663 2348 κατα-

2070 2379 2440 2450 δουλούμενοι,
2464 2380 2540 2443 ὼς
2572 2382 2601 2433 ό
2633 2380 2789 2448 λόγος
2822 2379 3026 2452 προῖὼν
3064 2380 3369 2449 ἀπελέγξει.
3417 2382 3659 2453 Πάρεστι

2070 2470 2201 2537 γοῦν
2236 2488 2318 2524 σοι
2343 2470 2443 2535 τὰς
2479 2472 2568 2525 διὰ
2595 2471 2705 2527 τῶν
2751 2471 2953 2537 ξοάνων
2996 2472 3323 2545 ἐνεργούσας
3372 2473 3655 2545 δυνάμεις,

2069 2564 2260 2629 ὁποίας
2288 2565 2425 2637 χρῆν
2455 2566 2871 2634 ἀποφαίνεσθαι,
2913 2569 3156 2631 σκοπεῖν,
3198 2568 3400 2640 πότερα
3436 2566 3593 2633 θεοὺς
3619 2571 3657 2642 ἢ

2069 2655 2347 2727 δαίμονας,
2405 2658 2499 2711 καὶ
2543 2660 2653 2711 εἴτε
2692 2657 2948 2727 φαύλους,
3002 2658 3111 2711 εἴτε
3162 2659 3419 2727 ἀγαθοὺς,
3450 2660 3515 2713 ὲκ
3544 2660 3659 2714 τῶν

2070 2748 2621 2819 παρατεθησομένων.
2657 2749 2735 2803 Τὰ
2768 2750 2866 2820 μὲν
2909 2749 3018 2822 γάρ
3065 2752 3192 2822 παρ’
3216 2752 3367 2821 ἡμῖν
3393 2750 3512 2805 θεῖα
3550 2753 3659 2806 Λό-

2068 2856 2162 2908 για
2189 2839 2297 2892 οὐδ’
2328 2839 2464 2903 ὅλως
2487 2840 2686 2909 ἀγαθὸν
2707 2836 2846 2895 οἶδεν
2873 2840 3159 2909 ὀνομάζειν
3177 2841 3424 2911 δαίμονα,
3446 2843 3658 2907 πάντας

2068 2930 2124 2983 δὲ
2161 2933 2428 3003 πονηροὺς
2459 2926 2596 2985 εἶναι
2635 2932 2760 2996 τοὺς
2797 2932 2897 3002 τῆς
2931 2932 3129 2996 λέξεως
3161 2931 3383 3005 ταύτης,
3433 2935 3527 2987 καὶ
3587 2934 3655 3007 δὴ

2068 3023 2163 3076 καὶ
2191 3023 2292 3093 τῆς
2325 3023 2697 3096 προσηγορίας
2746 3023 3156 3095 μετειληχότας,
3188 3024 3264 3089 ὡς
3306 3025 3416 3078 οὐδ’
3462 3026 3656 3099 ἕτερον

2070 3113 2201 3168 Θεὸν
2228 3113 2444 3185 ἀληθῶς
2477 3117 2570 3169 καὶ
2609 3115 2833 3186 κυρίως,
2877 3115 3016 3186 πλὴν
3050 3116 3150 3170 ἕνα
3181 3116 3290 3169 τῶν
3320 3117 3531 3170 πάντων
3563 3117 3659 3170 αῖ-

2069 3221 2203 3258 τιον·
2243 3207 2343 3271 τὰς
2374 3206 2432 3259 δὲ
2463 3206 2687 3271 ἀστείας
2732 3208 2828 3260 καὶ
2863 3207 3075 3277 ἀγαθὰς
3112 3208 3390 3279 δυνάμεις,
3435 3224 3515 3258 τττε
3547 3207 3659 3279 τὴν

2069 3296 2231 3366 φύσιν
2258 3298 2493 3370 γενητὰς
2526 3297 2710 3364 οὐσας,
2763 3301 2856 3352 καὶ
2892 3298 3071 3370 πολλῷ
3119 3299 3212 3352 τὸν
3232 3298 3527 3369 ἀγέννητον
3555 3300 3659 3353 καὶ

2071 3388 2222 3459 σφῶν
2260 3389 2438 3443 αὐτῶν
2485 3391 2717 3462 ποιητὴν
2759 3390 2890 3444 Θεὸν
2933 3391 3367 3462 ἀφυστερούσας,
3417 3391 3478 3443 οὐ
3539 3388 3660 3460 μὴν

2070 3480 2205 3534 ἀλλά
2241 3483 2336 3535 καὶ
2373 3481 2465 3535 τοῦ
2500 3478 2612 3536 τῶν
2651 3481 2920 3555 δαιμόνων
2956 3482 3229 3555 μοχθηροῦ
3266 3482 3457 3552 γένους
3501 3483 3659 3552 ἀφω-

2072 3573 2356 3645 ρισμένοις,
2390 3571 2514 3626 οὔτε
2533 3572 2706 3638 θεοὺς,
2720 3571 2814 3627 οὐτ
2871 3573 3130 3644 δαίμονας
3161 3575 3454 3628 ἀποκαλεῖν
3481 3573 3655 3638 ἀξιοῖ’

2072 3666 2242 3737 μέσας
2280 3665 2339 3720 δὲ
2377 3665 2544 3729 οὔσας
2572 3665 2706 3720 Θεοῦ
2759 3668 2852 3721 καὶ
2893 3667 3182 3738 δαιμόνων,
3235 3667 3507 3738 εὐθυὸόλῳ
3550 3671 3660 3723 καὶ

2072 3759 2212 3832 μέσῃ
2259 3759 2598 3831 προσηγορίᾳ
2623 3801 2638 3826 ,
2688 3759 2952 3829 ἀγγέλους
3006 3760 3142 3814 Θεοῦ
3201 3761 3297 3815 καὶ
3362 3760 3660 3831 πνεύματα

2066 3850 2434 3922 λειτουργικὰ,
2465 3851 2723 3922 δυνάμεις
2747 3868 2805 3904 τε
2833 3852 2984 3916 θείας
3012 3853 3105 3905 καὶ
3128 3852 3514 3925 ἀρχαγγέλους,
3548 3854 3659 3906 καί

2067 3959 2207 3995 τισιν
2247 3941 2436 4005 ἄλλαις
2472 3943 2811 4014 ἐπωνυμίαις
2855 3943 3190 4014 φερωνύμως
3227 3946 3339 4006 τοῖς
3364 3942 3641 4010 ἐπιτηδεύο

2069 4051 2230 4104 μασιν
2254 4033 2434 4088 αὐτῶν
2456 4035 2739 4107 ὀνομάζειν
2763 4035 2942 4089 εἴωθε·
2977 4038 3103 4099 τοὺς
3129 4035 3186 4089 δὲ
3214 4035 3470 4106 δαίμονας
3487 4035 3557 4104 (ει
3580 4034 3659 4107 δὴ

2065 4128 2161 4180 καὶ
2189 4127 2395 4181 τούτων
2411 4128 2555 4198 ἡμᾶς
2575 4128 2838 4199 προσήκει
2864 4127 2963 4198 τὴν
2991 4127 3344 4198 ἐτυμολογίαν
3364 4127 3657 4197 ἐξειπεῖν’)

2066 4223 2162 4293 οὐχ
2194 4217 2336 4295 ᾗπερ
2369 4223 2595 4294 Ἕλλησι
2621 4224 2787 4289 δοκεῖ,
2816 4224 2968 4297 παρά
2998 4224 3060 4277 τὸ
3078 4225 3353 4295 δαήμονας
3380 4220 3518 4278 εἶναι
3546 4228 3658 4280 καὶ

2066 4314 2458 4384 ἐπιστήμονας,
2493 4314 2608 4369 ἀλλ’
2651 4315 2684 4385 ἢ
2722 4316 2873 4387 παρά
2911 4316 2971 4369 τὸ
3012 4315 3330 4387 δειμαίνειν,
3367 4317 3505 4387 ὅπερ
3525 4317 3662 4370 ἐστὶ

2068 4405 2349 4474 φοϐεῖσθαι
2382 4407 2477 4460 καὶ
2520 4408 2792 4477 ἐκφοϐεῖν,
2840 4406 3099 4477 δαίμονάς
3150 4424 3306 4471 τινας
3349 4408 3661 4478 προσφυῶς

384 4484 779 4556 aplissimaque
802 4489 1177 4559 appellatione,
1202 4491 1363 4545 modo
1394 4491 1615 4561 angelos
1642 4490 1735 4547 Dei
1761 4508 1825 4547 ac
1853 4495 1964 4563 spi-

2072 4498 2446 4568 όνομάζεσθαι’
2476 4501 2574 4563 τάς
2594 4499 2657 4568 γέ
2697 4517 2781 4553 τοι
2812 4498 2963 4562 θείας
2994 4499 3087 4553 καὶ
3116 4499 3325 4567 ἀγαθὰς
3362 4498 3659 4569 δυνάμεις,

384 4580 522 4633 ιιιυε
554 4579 930 4645 administros,
983 4583 1145 4637 modo
1190 4593 1417 4639 Virtutes
1449 4584 1662 4639 divinas
1685 4599 1847 4655 atque
1874 4602 1963 4639 ar-

2072 4588 2252 4662 ὥσπερ
2282 4588 2375 4644 οὖν
2408 4590 2500 4644 τοῦ
2531 4590 2757 4663 τρόπου,
2787 4592 2985 4644 οὑτωσὶ
3020 4590 3077 4644 δὲ
3113 4592 3203 4644 καὶ
3226 4591 3327 4660 τῆς
3365 4607 3660 4660 προσηγο-

380 4670 693 4739 cbangelos,
726 4673 888 4728 modo
914 4674 1036 4729 aliis
1063 4675 1332 4745 ejusmodi
1372 4676 1682 4731 nominibus
1712 4692 1836 4731 cum
1863 4693 1957 4731 vn-

2065 4683 2188 4754 ρίας
2221 4684 2321 4755 τῆς
2360 4683 2681 4755 δαιμονικῆς
2726 4683 3009 4756 ἀλλοτρίας
3050 4684 3357 4754 τυγχάνειν·
3391 4682 3514 4736 ἐπεὶ
3546 4685 3663 4737 καὶ

379 4761 478 4816 riis
497 4776 688 4817 earum
708 4763 901 4821 olIiciis
922 4782 1055 4822 voce
1079 4769 1195 4837 ipsa
1219 4769 1615 4823 cohaerentibus
1644 4783 1959 4838 nuncupare

2072 4775 2279 4829 πάντων
2306 4775 2372 4830 ἂν
2396 4776 2481 4846 εἴη
2511 4774 2988 4847 παραλογώτατον,
3029 4776 3127 4840 τὰς
3156 4777 3293 4847 μήτε
3314 4775 3411 4845 τὴν
3444 4777 3662 4846 προαί-

386 4866 807 4911 consueverunt.
842 4857 1124 4915 Daemones
1178 4876 1308 4915 vero
1340 4860 1484 4931 quod
1520 4862 1732 4926 attinet,
1764 4862 1829 4931 (si
1873 4873 1955 4916 ta-

379 4960 502 4999 men
531 4947 727 5003 horum
761 4949 922 5004 etiam
959 4951 1194 5007 nominis
1221 4962 1467 5021 oporteat
1507 4953 1837 5007 notationem
1860 4968 1958 5006 ex-

2062 4881 2232 4936 ρεσιν,
2269 4868 2405 4938 μήτε
2435 4867 2536 4939 τὴν
2584 4869 2648 4921 ὲκ
2689 4865 2781 4920 τοῦ
2813 4866 3013 4939 τρόπου
3050 4867 3211 4937 φύσιν
3255 4866 3468 4939 ὁμοίας,
3509 4869 3667 4938 μιᾶς

2064 4956 2157 5010 καὶ
2185 4957 2286 5027 τῆς
2318 4959 2488 5030 αὐτῆς
2526 4959 2841 5031 ἐπωνυμίας
2867 4960 3073 5027 ἀξιοῦν.

376 5036 743 5107 plicare,)non
764 5041 901 5110 jam,
933 5049 994 5096 ut
1019 5040 1222 5100 Graecis
1250 5045 1447 5115 placet,
1480 5044 1630 5121 παρά
1658 5044 1719 5097 τὸ
1736 5045 1969 5115 δαήμονα

2072 5043 2200 5115 ἶναι,
2234 5052 2379 5120 quod
2405 5052 2731 5108 scientesilli
2757 5054 2886 5118 sint,
2908 5054 3003 5109 sed
3029 5052 3181 5124 παρά
3220 5049 3282 5105 τδ
3318 5046 3667 5122 δειμαίνειν,

375 5129 480 5184 hoc
513 5142 621 5193 est,
649 5133 794 5203 quod
822 5134 1049 5189 timeant
1077 5136 1241 5191 simul
1268 5152 1333 5192 ac
1360 5146 1619 5203 terreant,
1651 5137 1961 5193 daemonum
1987 5139 2088 5210 ipsi
2128 5138 2350 5211 nomen,
2373 5146 2518 5213 quod
2556 5162 2712 5202 suam
2745 5147 2797 5200 in
2850 5155 3099 5201 naturam
3142 5147 3280 5202 belle
3299 5143 3633 5201 conveniret
3655 5190 3680 5214 ,

372 5222 702 5280 habuerunt.
736 5224 873 5283 Nam
907 5228 1121 5285 divinas
1153 5230 1341 5299 utique
1372 5231 1653 5298 bonasque
1696 5231 1946 5295 virtutes,
1987 5242 2049 5288 ut
2069 5234 2336 5302 moribus,
2376 5238 2459 5292 sic
2501 5239 2663 5293 etiam
2694 5240 2916 5295 nomine
2963 5241 3240 5311 sejunctas
3290 5253 3322 5293 a
3374 5238 3671 5294 daemoni-

370 5315 476 5370 bus
521 5332 641 5375 esse
679 5320 890 5386 decuit;
938 5321 1236 5377 absurdum
1267 5323 1414 5378 enim
1449 5337 1615 5392 supra
1653 5320 1874 5377 modum
1904 5324 1957 5379 id
1997 5323 2220 5392 fuisset,
2251 5342 2375 5397 quae
2410 5328 2558 5382 nulla
2610 5344 2734 5383 cum
2788 5328 2853 5384 iis
2915 5344 3089 5399 neque
3132 5329 3392 5395 instituti,
3456 5343 3667 5397 neque

375 5423 590 5464 tuorum
630 5412 987 5469 similitudine
1029 5414 1333 5485 conjunctae
1362 5422 1565 5482 essent,
1604 5414 1726 5469 illas
1765 5421 1949 5470 tamen
1990 5416 2152 5473 unius
2185 5418 2542 5489 ejusdemque
2573 5434 2699 5475 cum
2726 5418 2861 5490 ipsis
2895 5418 3131 5475 nominis
3183 5418 3443 5475 societate
3500 5432 3665 5475 con-

371 5499 547 5570 jungi.
