3858 6224
379 336 479 392 251
1020 337 1108 395 EU
1121 333 1294 392 SEBll
1331 335 1814 393 CrESARlENSlS
1852 336 1982 392 OPP

2097 334 2222 403 LBS
2258 334 2322 392 ll.
2360 365 2429 376 —
2457 331 2968 391 APOLOGETICA.
3554 329 3662 384 232

382 455 514 518 tavi,
562 460 678 517 aut,
712 470 969 509 versuum
1008 455 1156 524 quod
1183 455 1372 509 deerat
1404 468 1677 509 mensurae
1707 468 1963 509 numero-

2097 471 2179 508 των
2199 454 2517 526 διετήρησα,
2535 453 2933 524 εὐλαϐούμενος
2956 453 3053 524 τὴν
3078 454 3143 505 ἐκ
3173 452 3379 507 τούτων
3408 453 3661 507 ἀσέϐειαν

380 561 509 615 que,
539 546 807 617 supplevi,
838 555 952 609 aut,
980 546 1125 616 quod
1157 547 1292 600 nihil
1319 546 1386 601 ad
1413 562 1526 601 rem
1560 547 1789 601 omnino
1818 545 1966 601 face.

2097 544 2354 616 ιᾶλλον,ἢ
2386 544 2485 617 τὴν
2536 548 2600 598 ἐκ
2628 545 2728 616 τῆς
2761 543 3066 616 ἱεροσυλίας
3099 543 3340 615 τιμωρὸν
3389 543 3660 615 ἑπομένην

382 647 487 701 ret,
526 639 787 707 expunxi.
828 640 886 692 In
917 653 1029 708 quo
1056 645 1238 692 tamen
1271 654 1493 694 sensum
1542 654 1644 710 ego
1677 639 1968 693 verborum

2103 638 2246 709 ίκην.
2282 637 2435 705 "Eiet
2492 637 2550 692 δὲ
2582 640 2616 711 ὴ
2670 639 2922 711 παροῦσα
2964 636 3261 709 συναγωγὴ
3306 635 3518 691 πολλῶν
3562 637 3663 707 μὲν

384 729 655 800 integrum
706 729 910 799 ubique
950 729 1340 799 sincerumque
1388 730 1623 795 servavi,
1651 737 1706 784 et
1749 726 1968 798 quidem

2097 729 2182 783 γῶν
2210 729 2352 787 κατά
2386 729 2705 800 φιλοσοφίαν
2764 729 3052 802 δογμάτων
3110 729 3458 801 ἀναγραφὴν,
3504 728 3581 794 ὡς
3610 727 3665 782 οξ

385 822 682 892 impietatis
707 822 912 893 alioqui
938 821 1134 877 futura;
1173 831 1318 877 metu
1359 821 1562 891 potius,
1591 836 1758 892 quam
1800 834 1976 890 poenae

2097 823 2188 876 teoi.
2220 822 2452 894 τάληθὲς
2482 823 2629 894 ἔχειν
2651 823 2968 878 ἐθέσπισανο
2996 823 3084 877 ἐπ’
3113 822 3293 893 ὀλίγον
3329 823 3388 876 δὲ
3442 821 3535 875 καὶ
3564 822 3665 892 τῆς

385 915 712 985 sacrilegum
745 914 961 970 facinus
985 923 1317 984 exceptum.
1343 913 1627 984 Ejusmodi
1657 922 1839 968 autem
1870 912 1977 967 erit

2097 913 2384 985 [ρηστικῆς
2423 912 2677 984 ἀψόμεῦα
2706 914 3113 986 πραγματείας,
3159 915 3281 986 ἥτις
3301 914 3438 986 πρός
3476 930 3535 967 τε
3567 914 3668 984 τὴν

383 1005 502 1061 haec
537 1016 725 1061 nostra
767 1007 1042 1072 collectio,
1074 1024 1198 1077 qum
1238 1023 1362 1062 cum
1395 1007 1633 1076 amplam
1672 1004 1973 1061 continebit

2097 1005 2311 1078 θεωρίαν
2343 1006 2547 1077 ὀνήσει,
2573 1007 2669 1059 καὶ
2689 1005 2787 1078 τὴν
2817 1005 2946 1077 ὃλην
2980 1005 3248 1076 κάθαρσιν
3275 1003 3370 1059 τοῦ
3401 1005 3538 1076 βίου.
3562 1006 3668 1059 Ἢν

381 1098 699 1169 dogmatum
754 1100 1113 1171 philos0phia:
1174 1101 1414 1170 copiam,
1462 1108 1626 1170 prout
1674 1100 1790 1168 ipsa
1844 1112 1969 1151 cum

381 1193 610 1249 veritate
625 1194 920 1264 conjuncta
945 1211 1067 1251 esse
1081 1195 1155 1249 dii
1179 1195 1586 1265 pronuntiarint
1604 1212 1618 1260 ;
1635 1203 1746 1247 tttm
1768 1191 1972 1261 aliquid

383 1284 547 1338 etiam
579 1285 859 1341 divinandi
888 1288 1023 1342 artis
1062 1287 1310 1356 attinget,
1350 1296 1621 1356 quatenus
1657 1284 1863 1355 partim
1906 1282 1971 1336 ad

383 1378 923 1446 contemplationem,
970 1378 1165 1447 partim
1200 1379 1266 1433 ad
1312 1378 1577 1446 integram
1619 1376 1741 1430 vitae
1773 1389 1971 1443 procu-

384 1470 653 1525 rationem
690 1471 850 1543 1&4
887 1474 1195 1527 conducere
1227 1473 1515 1527 videbitur.
1541 1469 1817 1536 Quantum
1843 1480 1973 1520 vero

385 1562 640 1617 utilitatis
670 1563 886 1629 habeat,
918 1565 1220 1635 intelligent
1252 1565 1290 1618 ii
1324 1565 1583 1628 maxime,
1610 1562 1702 1632 qui
1736 1575 1861 1615 cum
1887 1574 1975 1612 vc-

387 1653 603 1709 ritatem
639 1671 782 1725 aegre
808 1658 1168 1726 parturircnt,
1200 1668 1323 1711 vota
1359 1655 1609 1711 fecerunt
1652 1651 1969 1722 aliquando,

2076 1098 2121 1151 δ’
2151 1097 2263 1169 ἔχει
2282 1097 2603 1170 ὼφέλειανή
2639 1098 2953 1168 συναγωγὴ,
2992 1098 3226 1169 μάλιστα
3259 1097 3495 1151 εἴσονται
3527 1095 3673 1149 ὅσοι·

2080 1203 2186 1258 περ
2217 1185 2316 1257 τὴν
2349 1184 2611 1257 ἀλήθειαν
2650 1186 2958 1253 ὠδίναντες,
3007 1186 3237 1259 ηὔξαντό
3289 1202 3441 1249 ποτε,
3476 1184 3574 1255 τῆς
3604 1185 3672 1236 ἐκ

2080 1278 2219 1332 θεῶν
2283 1280 2605 1349 ἐπιφανείας
2654 1281 2930 1352 τυχόντες,
2966 1280 3271 1335 ἀνάπαυσιν
3328 1279 3515 1332 λαϐεῖν
3568 1275 3671 1346 τῆς

2082 1375 2315 1447 ἀπορίας
2347 1376 2436 1430 διά
2461 1375 2561 1447 τὴν
2584 1375 2694 1429 τῶν
2749 1376 3014 1445 λεγόντων
3054 1375 3370 1440 ἀξιόπιστον
3418 1373 3675 1427 διδασκα-

2080 1467 2253 1522 λίαν.»
2289 1469 2565 1533 Τοιούτοις
2593 1470 2940 1541 χρησάμενος
2981 1468 3307 1540 προοιμίοις,
3338 1465 3675 1537 μαρτύρεται

2081 1559 2175 1611 καὶ
2209 1559 2701 1630 προκαταγγέλλει,
2742 1558 2815 1631 μὴ
2850 1561 2931 1624 είς
2970 1558 3200 1621 πολλοὺς
3224 1556 3459 1627 ἐκφῆναι
3485 1554 3556 1607 τά
3580 1552 3675 1605 λε-

2081 1650 2414 1722 χθησόμενα,
2445 1651 2621 1721 λέγων
2645 1651 2839 1717 οὕτως.

386 1756 450 1804 ιιι
484 1751 769 1805 numinum
821 1750 1065 1817 ipsorum
1121 1750 1335 1804 visione
1390 1761 1685 1809 concessa,
1721 1743 1791 1799 ab
1823 1741 1972 1797 omni
2022 1740 2381 1798 dubitationis
2441 1742 2796 1798 ﬂuctuatione
2849 1741 3323 1812 conquiescerem,
3375 1735 3677 1793 dicentium

387 1846 715 1901 auctoritate
747 1846 898 1901 omni
928 1846 1035 1901 fide
1075 1845 1400 1916 dignissima
1437 1839 1769 1899 confirmati.
1809 1858 1827 1890 ι
1867 1836 1991 1891 Haec
2031 1834 2121 1890 ille
2167 1836 2461 1906 praefatus,
2511 1837 2816 1894 obtestatur
2871 1846 3037 1907 atque
3084 1844 3211 1891 ante
3257 1833 3565 1898 denuntiat,
3595 1834 3684 1888 uti

390 1950 459 1991 ne
491 1937 620 2007 quis
660 1953 749 2005 ea,
785 1954 913 2009 quae
961 1938 1210 1994 dicturus
1243 1944 1358 2001 cst,
1392 1936 1449 1989 in
1479 1934 1675 2005 vulgus
1711 1929 1977 1988 enuntiet.

981 2030 1212 2088 CAPUT
1254 2030 1392 2088 VIII.

390 2145 523 2210 Qua:
551 2146 648 2201 hac
675 2148 740 2202 de
765 2165 820 2203 re
852 2150 1093 2203 dicturus
1125 2158 1224 2215 est,
1268 2148 1410 2217 apud
1445 2164 1620 2203 omnes
1651 2147 1978 2201 enuntianda

1052 2237 1155 2274 non
1189 2236 1319 2275 8888.

467 2350 487 2383 ι
532 2330 616 2387 Tu
646 2348 798 2392 vero.
850 2333 1048 2404 inquit,
1093 2349 1246 2397 cavc,
1282 2332 1329 2388 si
1360 2332 1658 2403 quidquam
1697 2330 1867 2397 aliud,
1912 2348 1980 2386 nc

390 2438 480 2477 res
497 2423 631 2479 istas
651 2424 830 2495 palam
851 2426 1134 2490 extuleris,
1152 2435 1204 2480 et
1225 2424 1408 2496 gloriae
1425 2425 1631 2479 lucrive
1661 2423 1977 2495 cupiditate,

392 2515 479 2570 vel
509 2516 895 2588 cujuscunque
936 2518 1120 2574 minus
1150 2518 1418 2589 religiosa:
1447 2518 1838 2573 assentationis
1863 2527 1982 2574 stu-

391 2607 485 2664 dio
513 2618 641 2666 ante
669 2610 1027 2680 profanorum
1069 2611 1352 2666 hominum
1405 2612 1597 2668 oculos
1630 2610 1930 2682 projeceris
1961 2628 1976 2664 :

392 2715 556 2758 secus
588 2704 758 2771 enim,
790 2721 900 2761 non
935 2706 1034 2761 tibi
1079 2706 1278 2773 solum,
1311 2707 1427 2763 haec
1461 2708 1505 2763 si
1547 2716 1815 2778 praecepta
1849 2722 1979 2761 con-

390 2795 702 2864 tempseris,
741 2812 929 2853 verum
960 2798 1124 2854 etiam
1156 2800 1287 2855 mihi
1333 2801 1637 2872 prriculum
1672 2800 1976 2863 immineat,

391 2888 488 2958 qui
532 2898 681 2945 tanta
717 2890 947 2947 deorum
988 2894 1247 2949 beneficia
1294 2895 1529 2949 retinere
1575 2892 1719 2961 apud
1754 2907 1842 2949 me
1870 2908 1978 2945 non

394 2980 692 3048 potuerim,
735 2982 834 3039 sed
865 2998 930 3038 ea
966 2983 1130 3039 nimis
1158 2983 1318 3039 facile
1362 2984 1459 3038 tibi
1489 2982 1836 3039 crediderim.
1869 2979 1981 3036 ﬂo-

394 3085 519 3125 rum
574 3071 741 3144 igitur
789 3072 844 3127 in
899 3074 1346 3129 communionem
1405 3073 1439 3127 ii
1487 3081 1699 3128 tantum
1748 3070 1979 3126 vocandi

394 3172 577 3225 erunt,
605 3165 699 3234 qui
727 3164 797 3220 ad
827 3165 1061 3221 salutem
1088 3166 1254 3220 animi
1286 3166 1410 3221 vitae
1428 3181 1542 3221 suae
1565 3165 1806 3220 rationes
1831 3164 1983 3219 insti-

396 3257 622 3312 tueriut.
649 3277 669 3309 ι
688 3257 768 3314 Ac
786 3259 1066 3314 nonnullis
1089 3260 1388 3329 interjectis
1414 3279 1427 3314 :
1468 3279 1487 3311 ι
1521 3257 1647 3315 Haec
1672 3268 1752 3324 ttt,
1780 3259 1979 3329 inquit.

2618 2019 3019 2075 ΚΕΦΑΛΑΙΟΝ
3052 2020 3134 2073 H'.

2089 2135 2219 2189 Ὀτι
2278 2137 2351 2189 οὐ
2413 2134 2531 2205 χρὴ
2558 2168 2559 2171 η
2585 2133 2659 2188 τὰ
2711 2135 3133 2257 λεχίὲησόμενα
3180 2134 3269 2198 εις
3325 2128 3523 2184 πάντα
3576 2129 3685 2183 ἐκ·

2754 2223 2837 2257 φα
2862 2222 3013 2257 rem.

2752 2222 3013 2274 φαινειν.

2166 2350 2269 2403 «Σύ
2287 2348 2355 2415 δ’,
2386 2348 2546 2419 εἴπερ
2571 2364 2647 2410 τι,
2673 2339 2960 2396 καὶταῦτα
2996 2341 3172 2412 πειρῶ
3205 2340 3282 2413 μὴ
3306 2337 3685 2411 δημοσιεύειν,

2090 2439 2210 2511 μηδ’
2236 2439 2363 2511 ἄχρι
2396 2439 2492 2491 καὶ
2524 2436 2632 2490 τῶν
2661 2434 2901 2507 βεϐήλων
2929 2434 3142 2507 ῥίπτειν
3171 2432 3311 2487 αὐτά
3341 2431 3499 2503 δόξης
3513 2431 3683 2484 ἕνεκα

2086 2531 2119 2603 ἢ
2156 2530 2399 2601 κέρδους,
2435 2530 2470 2601 ἦ
2522 2545 2663 2592 τινος
2694 2527 2861 2598 ἄλλης
2923 2527 3023 2580 οὐκ
3068 2524 3300 2595 εὐαγοῦς
3365 2522 3681 2586 κολακείας’

2088 2623 2331 2686 κίνδυνος
2355 2621 2467 2692 γὰρ
2490 2619 2553 2673 οὐ
2579 2637 2661 2673 σοι
2694 2620 2855 2691 μόνον
2881 2617 2981 2681 τάς
3021 2617 3243 2681 ἐντολὰς
3279 2614 3686 2687 παραϐαίνοντι

2088 2713 2312 2777 ταύτας,
2347 2711 2483 2766 ἀλλὰ
2509 2712 2678 2782 κάμοὶ
2702 2710 2900 2783 ῥᾳδίως
2934 2707 3307 2772 πιστεύσαντι,
3355 2704 3434 2778 τῷ
3466 2704 3688 2773 στέγειν

2089 2807 2219 2879 παρ’
2250 2803 2429 2876 ἐαυτῷ
2464 2803 2541 2876 μὴ
2592 2802 2878 2875 δυναμένῳ
2922 2802 3021 2868 τὰς
3068 2800 3334 2863 εὐποιίας.
3391 2798 3583 2852 Δοτέον
3614 2796 3689 2865 δὴ

2088 2902 2202 2963 τοῖς
2231 2897 2323 2953 τὸν
2356 2895 2471 2967 βίον
2502 2892 2928 2966 ἐνστησαμένοις
2963 2892 3098 2964 πρὸς
3123 2892 3223 2964 τὴν
3253 2891 3352 2961 τῆς
3378 2889 3558 2960 ψυχῆς
3581 2905 3690 2942 σω-

2089 2991 2305 3064 τηρίαν.
2335 2988 2450 3043 Καὶ
2484 2986 2603 3058 μεθ’
2661 2986 2827 3059 ἔτερα
2871 2985 3141 3054 ἐπιλέγει·
3186 3003 3205 3036 ι
3230 2982 3419 3037 Ταῦτά
3457 3000 3568 3053 μοι,
3602 2980 3692 3046 ὡς

2090 3084 2347 3156 ἀρρήτων
2376 3081 2446 3136 τὰ
2462 3080 2831 3153 ἀρῤητότερα,
2860 3093 3148 3150 κρυπτειν.
3184 3075 3319 3130 Οὐδὲ
3349 3074 3459 3144 γὰρ
3488 3076 3538 3127 oi
3566 3071 3691 3128 Beat

2091 3174 2342 3247 φανερῶς
2376 3175 2507 3246 περὶ
2555 3171 2733 3227 αὐτῶν
2767 3170 3082 3236 ἐθέσπισαν,
3140 3168 3277 3223 ἀλλά
3327 3168 3393 3221 δι’
3423 3166 3693 3238 αἰνιγμά-

2089 3289 2218 3324 των.
2247 3289 2266 3324 ι
2311 3268 2532 3339 Ἐπειδὴ
2577 3266 2756 3322 τοίνυν
2788 3265 3016 3319 τοιαῦτα
3060 3267 3089 3319 ὁ
3120 3264 3279 3333 λόγος
3341 3263 3693 3327 ἀνετείνατο,

397 3348 623 3413 videsis,
660 3360 721 3406 ut
774 3367 804 3406 a
840 3350 1027 3407 carnis
1067 3352 1202 3422 ipsis
1230 3368 1431 3408 arcana
1470 3352 1645 3423 magis
1685 3360 1740 3407 et
1766 3351 1981 3407 occulta

2097 3363 2249 3434 φέρε,
2281 3361 2487 3426 λοιπὸν,
2530 3359 2617 3413 διά
2652 3357 2761 3412 τῶν
2793 3357 2991 3412 ἐνθέων
3046 3357 3141 3411 καὶ
3172 3355 3567 3426 πυθοχρήστων
3593 3352 3700 3407 λο-

401 3440 625 3506 habeas,
646 3452 930 3513 propterea
955 3444 1102 3514 quod
1122 3443 1256 3498 nihil
1286 3445 1353 3500 de.
1373 3459 1434 3500 se
1461 3444 1535 3500 dii
1562 3444 1782 3514 planum
1821 3453 1986 3515 atque

399 3535 776 3605 perspicuum,
812 3535 909 3592 sed
936 3536 1169 3592 obscura
1188 3537 1375 3607 omnia
1425 3536 1542 3594 suis
1573 3528 1813 3593 or‘aculis
1839 3536 1985 3592 effati

399 3637 547 3684 sunt.
580 3647 600 3681 ι
626 3631 739 3700 Age
772 3645 924 3698 vero,
948 3631 1391 3702 quandoquidem
1424 3629 1689 3701 speciosis
1711 3631 1847 3686 adeo
1865 3645 1989 3685 ver-

399 3720 486 3775 bis
522 3721 636 3776 ha3c
665 3721 824 3778 nobis
855 3732 1048 3778 auctor
1077 3723 1181 3779 iste
1209 3722 1518 3788 denuntiat,
1549 3722 1834 3783 videamus
1868 3738 1990 3791 por-

399 3829 485 3879 ro.
517 3815 651 3884 quid
694 3814 763 3870 de
783 3815 1080 3871 virtutibus
1108 3816 1238 3881 illis,
1272 3831 1395 3887 quae
1424 3815 1527 3872 sub
1555 3823 1837 3885 aspectum
1879 3830 1987 3869 nou

400 3906 627 3970 cadunt,
653 3922 883 3978 quazque
912 3908 981 3963 ab
1018 3908 1086 3963 iis
1113 3908 1342 3963 deorum
1372 3910 1426 3961 in
1459 3922 1692 3962 numero
1714 3921 1991 3977 reponun-

400 4008 514 4062 tur,
543 4014 609 4054 ex
640 4001 921 4069 responsis
968 4000 1091 4056 istis
1119 4000 1386 4057 divinitus
1428 4000 1591 4056 editis
1619 4015 1845 4056 censere
1886 4014 1989 4054 nos

402 4106 467 4146 ac
512 4090 763 4161 judicare
811 4102 1078 4163 oporteat.
1126 4091 1217 4149 Sic
1266 4093 1412 4148 enim
1450 4093 1838 4163 intelligemus,
1877 4092 1991 4148 suis

403 4183 581 4253 ipsius
615 4200 740 4241 cum
780 4186 992 4251 verbis,
1041 4196 1155 4241 tum
1198 4187 1393 4242 studiis
1424 4201 1490 4241 ac
1528 4186 1652 4241 vitae
1685 4185 1990 4240 rationibus

409 4275 686 4335 hominem
712 4277 985 4346 redargui.
1012 4276 1147 4331 Nam
1172 4279 1268 4348 qui
1300 4278 1457 4333 libris
1483 4277 1573 4343 iis,
1609 4292 1751 4347 quos
1767 4273 1842 4330 De
1863 4275 1989 4346 phi-

407 4368 657 4440 losophia
707 4385 773 4425 ex
809 4371 1050 4426 oraculis
1090 4371 1392 4427 haurienda
1437 4372 1692 4442 scripsit,
1727 4370 1991 4439 Apollinis

406 4477 669 4532 responsa
717 4473 1135 4527 commemorat,
1166 4463 1368 4533 quibus
1397 4463 1664 4519 sacrificia
1693 4465 1851 4518 cazsis
1872 4462 1991 4516 aui-

405 4557 687 4613 mantibus
728 4558 842 4613 fieri
873 4557 1051 4628 jubet,
1096 4557 1261 4628 idque
1292 4572 1401 4611 non
1438 4557 1779 4612 dzemonibus
1813 4557 1991 4611 solum

408 4660 502 4705 aut
532 4649 888 4707 vicinioribus
925 4662 1082 4707 terra:
1116 4650 1445 4715 virtutibus,
1502 4650 1594 4705 sed
1630 4649 1793 4703 etiam
1828 4649 1994 4704 aethe-

2089 3457 2224 3526 γίων
2257 3452 2611 3525 σκεψώμεθα,
2644 3450 2893 3515 ποταπὰς
2925 3447 3063 3506 εἶναι
3095 3449 3196 3513 τὰς
3253 3444 3697 3517 θεολογουμένας

2091 3550 2318 3619 ἀφανεῖς
2351 3546 2610 3617 δυνάμεις
2633 3545 2902 3618 προσήκει
2941 3540 3270 3612 λογίζεσθαι.
3302 3539 3517 3593 Γένοιτο
3570 3536 3699 3609 γὰρ

2092 3643 2187 3697 καὶ
2215 3639 2407 3713 ἀνδρὸς
2439 3638 2658 3708 ἔλεγχος
2690 3638 2755 3690 ἐκ
2779 3636 2889 3690 τῶν
2915 3635 3128 3690 οἰκείων
3153 3633 3327 3700 λόγων
3357 3648 3418 3685 τε
3448 3632 3541 3685 καὶ
3570 3634 3699 3685 ἐπι-

2090 3733 2466 3805 τηδευμάτων.
2518 3731 2577 3785 ’0
2609 3729 2676 3801 δὴ
2707 3724 2800 3783 οὖν
2826 3726 3193 3801 προδηλωθεὶς
3222 3726 3362 3798 ἀνὴρ
3410 3724 3469 3778 ἐν
3497 3724 3698 3788 αὐτοῖς

2090 3821 2174 3892 οἷς
2202 3826 2482 3898 ἐπέγραψε
2516 3815 2658 3886 Πιρὶ
2677 3820 2785 3888 τῆς
2804 3822 2873 3876 ἐκ
2893 3819 3115 3887 λλγίων
3136 3820 3517 3889 φιλοσοφίας,
3546 3834 3700 3889 χρη-

2093 3920 2266 3992 σμοὺς
2299 3918 2481 3991 τίθησι
2503 3916 2598 3970 τοῦ
2663 3912 3014 3977 Ἀπόλλωνος,
3040 3911 3141 3976 τάς
3177 3911 3267 3965 διὰ
3308 3909 3463 3975 ζώων
3492 3908 3700 3971 θυσίας

2091 4010 2421 4082 ἐργάζεσθαι
2444 4007 2975 4080 παρακελευομένου,
3006 4005 3102 4058 καὶ
3126 4002 3201 4076 μὴ
3229 4002 3410 4074 μόνοις
3434 4001 3695 4071 δαίμοσι,

2097 4099 2231 4171 μηδὲ
2269 4099 2456 4170 μόναις
2511 4099 2632 4160 ταῖς
2665 4096 2966 4169 περιγείοις
3017 4094 3332 4164 δυνάμεσιν,
3392 4091 3529 4145 ἀλλά
3591 4094 3703 4146 καὶ

2093 4192 2212 4263 ταῖς
2240 4189 2498 4262 αἰθερίοις
2552 4189 2645 4243 καὶ
2687 4188 2960 4259 οὐρανίοις
2991 4186 3296 4251 ζωοθυτεῖν.
3346 4185 3432 4237 Ἐν
3476 4184 3705 4254 ἑτέροις

2092 4282 2148 4336 δὲ
2178 4284 2206 4336 ὁ
2236 4282 2396 4347 αὐτὸς
2428 4282 2707 4353 δαίμονας,
2747 4280 2865 4335 ἀλλ’
2918 4280 2980 4333 οὐ
3031 4279 3187 4343 θεοὺς
3233 4271 3371 4330 εἶναι
3403 4274 3706 4347 ὁμολογῶν

2094 4374 2362 4441 ἅπαντας,
2396 4369 2478 4440 οἷς
2512 4375 2774 4444 ’Έλληνες
2834 4372 2933 4437 τὰς
2984 4373 3052 4427 δι’
3088 4372 3337 4443 αἱμάτων
3400 4368 3493 4422 καὶ
3529 4367 3708 4433 ζώων

2093 4468 2303 4537 ἀλόγων
2343 4467 2560 4537 σφαγῆς
2608 4466 2898 4521 ἐπετέλουν
2949 4464 3161 4528 θυσίας,
3194 4463 3268 4535 μὴ
3301 4460 3523 4532 χρῆναι,
3563 4461 3705 4531 μηδ’

2094 4560 2237 4614 ὅσιον
2260 4555 2398 4614 εἶναι
2424 4559 2565 4623 θεοῖς
2587 4558 2879 4625 ζωοθυτεῖν
2908 4574 3093 4628 φησιν.
3134 4557 3334 4608 Ἀκουε
3393 4553 3711 4623 τοιγαροῦν

2094 4652 2202 4706 τῶν
2226 4652 2456 4725 πρώτων
2476 4652 2642 4708 αὐτοῦ
2670 4652 2883 4723 φωνῶν,
2916 4651 2985 4705 δι’
3018 4642 3093 4704 ὧν
3124 4649 3193 4702 τά
3214 4648 3343 4720 περὶ
3365 4647 3469 4717 τῆς
3501 4648 3569 4699 ἐκ
3609 4647 3715 4701 λο-

408 4744 506 4799 riis
535 4744 960 4814 caelestibusque
989 4744 1129 4808 diis;
1168 4743 1311 4799 idem
1337 4744 1444 4800 alio
1477 4742 1714 4814 quodam
1749 4743 1803 4796 iu
1828 4757 1982 4813 opere

2097 4744 2231 4812 γίων
2264 4744 2581 4814 φιλοσοφίας
2618 4744 2888 4812 συνάγων,
2921 4742 3040 4805 πῶς
3088 4744 3118 4796 ὁ
3172 4739 3445 4794 Ἀπόλλων
3489 4738 3714 4809 χρῆναι

408 4852 516 4890 non
543 4836 697 4899 deus,
733 4836 827 4892 scd
859 4836 1136 4892 dmmoncs
1166 4852 1262 4894 eos
1295 4851 1487 4891 omnes
1518 4849 1843 4905 agnoscens,
1868 4834 1982 4905 qui-

2100 4835 2427 4907 θερςιπεύειν
2450 4836 2577 4900 τοὺς
2610 4834 2767 4900 θεοὺς
2797 4835 3058 4890 διδάσκει·
3095 4833 3125 4887 ὃ
3188 4833 3283 4887 καὶ
3328 4829 3721 4901 παρατίθεται

410 4926 513 4984 bus
548 4928 723 4984 Graeci
754 4929 914 4985 caesis
941 4928 1243 4999 pecudibus
1274 4928 1565 4993 faciebant,
1609 4942 1710 4981 nec
1738 4936 1993 4995 oportere
2099 4933 2327 5003 γράφων
2351 4923 2474 4986 ὧδε.

409 5037 511 5078 nec
537 5031 668 5076 vero
697 5019 782 5076 fas
824 5036 948 5075 esse
975 5021 1081 5076 diis
1126 5020 1433 5076 animantes
1499 5018 1784 5073 immolare
1833 5020 2175 5088 pronuntiat.
2234 5021 2436 5091 Accipe
2494 5021 2676 5092 igitur,
2726 5022 2930 5092 quibus
2999 5019 3240 5091 primum
3297 5016 3415 5087 ipse
3481 5015 3717 5083 verbis,

410 5128 720 5188 promptam
782 5133 847 5171 ex
883 5117 1121 5173 oraculis
1183 5115 1582 5186 philosophiam
1631 5116 1963 5180 cdisscrens,
2016 5115 2235 5183 referat,
2267 5132 2380 5188 quo
2413 5118 2521 5173 ritu
2559 5098 2754 5188 Apollo
2780 5122 2911 5172 deos
2953 5114 3215 5171 colendos
3246 5127 3369 5168 esse
3418 5110 3720 5168 docuerit.

413 5212 545 5267 Rcui
586 5220 756 5267 totam
784 5209 861 5264 ita
892 5209 1262 5280 persequitur.

928 5300 1086 5373 11.5
1115 5299 1346 5356 CAPUT
1388 5299 1475 5355 ιχ.

414 5394 873 5460 Quemadmodum
900 5395 1090 5465 Apollo
1119 5394 1404 5464 sacriﬁciis
1438 5395 1562 5448 deos
1594 5393 1762 5448 colere.
1787 5392 1975 5463 jubeat

2643 5297 3039 5352 ΚΕΦΑΛΔΙΟΝ
3067 5294 3146 5350 8'.

2108 5392 2306 5458 Ὅπως
2334 5390 2434 5445 διὰ
2459 5388 2687 5444 θυσιῶν
2715 5388 3064 5458 θεραπεύειν
3083 5388 3129 5458 ὀ-
3161 5382 3463 5437 Ἀπόλλω
3500 5390 3722 5447 προσ-

2594 5455 2791 5513 τάττει
2821 5457 2966 5523 τοὺς
2998 5455 3192 5521 θεούς.

2184 5575 2203 5608 ι
2250 5554 2581 5619 Ἀκολούθως
2625 5552 2763 5625 μετὰ
2783 5552 2851 5606 τά
2887 5550 3121 5623 ρηθέντα
3154 5548 3284 5618 περὶ
3315 5542 3625 5606 εὐσεϐείας,
3675 5544 3731 5600 ὃ.

2109 5648 2354 5721 περὶτῆς
2383 5646 2675 5718 θεραπείας
2702 5643 2881 5699 αὐτῶν
2905 5643 3143 5714 ἔχρησαν
3167 5640 3583 5712 ἀναγράφοιμεν
3605 5637 3725 5704 ἂν,

2100 5732 2175 5791 ὧν
2211 5740 2274 5791 ἐκ
2319 5738 2518 5809 μέρους
2575 5738 2675 5790 κάν
2722 5738 2832 5799 τοῖς
2883 5738 3010 5806 περὶ
3053 5732 3335 5794 εὐσεϐείας
3381 5728 3733 5799 φθάσαντες

2102 5829 2593 5903 παρατεθείκαμεν.
2636 5830 2790 5883 Ἐστι
2824 5827 2879 5882 δὲ
2914 5828 2941 5881 ὁ
2974 5824 3219 5899 χρησμὸς
3264 5822 3357 5877 τιῦ
3420 5819 3785 5877 lardum.--

492 5576 511 5610 ι
556 5556 676 5612 ,ιιιιιι
720 5575 852 5614 vero
905 5566 1116 5628 postea,
1159 5572 1282 5627 qua:
1314 5556 1381 5611 de
1421 5556 1621 5626 pietate
1652 5556 1796 5610 dicta
1849 5563 1998 5620 sunt,

419 5652 604 5706 ordino
637 5651 882 5707 facturus
911 5652 1043 5705 mihi
1083 5651 1289 5715 videor,
1314 5652 1358 5707 si
1388 5666 1510 5720 quae
1532 5649 1599 5704 de
1631 5650 1715 5703 sui
1749 5651 1989 5719 ipsorum

418 5746 564 5801 cultu
588 5746 825 5800 oraculis
848 5744 994 5800 elfati
1017 5746 1090 5799 dii
1116 5754 1265 5806 sunt.
1293 5761 1549 5815 ιιειιιυριιε
1580 5745 1984 5813 praescripsero,

420 5840 631 5898 tatuctsi
675 5840 786 5910 jam
822 5855 889 5895 cx
921 5839 985 5893 iis
1015 5838 1217 5909 aliquid
1243 5839 1521 5909 superiore
1554 5837 1619 5893 dc
1649 5835 1847 5907 pietate
1880 5834 1993 5893 dis-
