3858 6224
3542 322 3650 378 956

381 331 491 388 9.55
1024 327 1299 386 EUSEBII
1325 326 1810 385 CzESARlENSlS
1857 327 2009 383 OPP.
2047 326 2229 380 PARS
2266 325 2328 381 ll.
2361 357 2430 367 —-
2467 325 2975 384 APOLOGETICA.

381 449 560 506 Acriis
591 456 773 503 autem
803 447 1122 502 numinibus
1158 448 1524 505 immolandas
1556 451 1824 514 volucres,
1877 457 1963 502 to-

2070 447 2194 510 Τοῖς
2221 446 2277 500 δὲ
2311 447 2517 520 ἀερίοις
2551 448 2729 519 πτηνά
2772 446 2920 502 θύειν
2967 443 3397 519 παρακελεύεται
3431 441 3652 497 ὁλοκαύ-

383 553 578 612 tasque
611 540 847 595 flammis
894 540 1344 607 concremandas,
1396 556 1697 611 earumque
1747 540 1963 610 sangui-

2070 538 2317 604 τοῦντας,
2366 539 2462 594 καὶ
2492 541 2551 594 τὸ
2579 535 2718 611 αἷμα
2749 541 2843 594 ἐπὶ
2874 537 2983 593 τῶν
3024 537 3223 609 βωμῶν
3257 538 3614 609 περιάγοντας
3635 554 3649 566 ·

380 651 506 691 nem
538 633 744 689 circum
790 632 961 685 altare
996 629 1331 685 fundendum
1365 648 1488 688 esse
1524 644 1741 699 monet;
1771 642 1826 687 at
1856 650 1963 686 ma-

2070 633 2178 695 τοῖς
2211 630 2267 685 δὲ
2298 631 2628 696 θαλασσίοις,
2664 632 2844 704 πτηνά
2874 631 2994 702 μὲν,
3031 629 3208 695 ζῶντα
3239 628 3297 681 δὲ
3327 628 3543 698 ἀφιέναι
3572 630 3652 692 είς

378 727 537 787 riuis,
571 725 824 778 volucres
846 723 1089 792 quidem,
1119 723 1214 778 sed
1240 740 1363 793 qum
1391 735 1514 781 atro
1546 726 1727 780 colore
1753 726 1882 786 sint.
1907 740 1972 781 ac

381 819 588 873 inmitius
606 818 659 871 in
682 817 881 872 ﬂuctus
895 818 1029 871 viva:
1057 817 1237 872 adhuc
1260 818 1640 888 spirantesque
1664 818 1971 888 ponit-ian-

379 923 498 977 tur;
536 913 615 966 sic
641 912 785 964 enim
824 910 938 964 ait:
1744 926 1747 931 ‘

381 1003 638 1059 Omnibus
672 1004 813 1057 hisce
843 1003 955 1057 deis
991 1002 1240 1067 volucris,
1268 1003 1361 1056 sed
1392 1004 1545 1074 nigra
1580 1004 1825 1059 marinis.

371 1149 486 1206 Diis
512 1147 736 1218 quidem
774 1157 1053 1224 omnibus,
1104 1158 1151 1213 si
1180 1167 1466 1214 terrestres
1512 1158 1775 1228 excipias,
1815 1158 1969 1213 volu—

377 1266 500 1305 cres
529 1251 838 1322 assignans,
886 1251 1129 1321 solisque
1162 1252 1389 1306 marinis
1425 1249 1583 1322 147
1632 1260 1811 1319 atras;
1864 1267 1970 1306 cae-

378 1341 510 1397 teris
562 1341 731 1411 igitur
778 1342 1060 1398 candidas.
1113 1340 1233 1396 Jam
1280 1358 1410 1397 vero
1456 1341 1775 1396 caelestibus
1802 1342 1971 1396 aethe-

378 1434 590 1503 riisque
644 1435 965 1489 numinibus
1010 1449 1257 1488 summas
1301 1434 1571 1488 duntaxat
1609 1432 1966 1487 candidarum

374 1527 725 1581 victimarum
781 1535 965 1597 partes
1005 1526 1414 1580 consecrandas
1438 1569 1453 1593 ,
1515 1525 1661 1595 quod
1698 1534 1966 1593 superest,

377 1620 773 1675 coriiedendum
804 1635 925 1675 esse
947 1619 1142 1674 docet:
1177 1618 1280 1674 hoc
1297 1618 1441 1672 enim
1467 1634 1535 1673 ex
1568 1619 1687 1673 solo
1724 1619 1970 1672 victima-

377 1730 499 1768 rum
550 1728 748 1785 genere
796 1712 943 1767 vesci
985 1710 1067 1767 fas
1114 1711 1210 1767 tibi
1256 1726 1399 1775 esse,
1436 1726 1543 1764 non
1578 1726 1643 1765 ex
1670 1711 1796 1764 alio.
1846 1709 1968 1766 Ca:—

2066 723 2136 777 τά
2167 723 2406 795 κύματα,
2456 724 2662 796 μέλανα
2691 725 2791 797 τὴν
2830 724 2998 797 χρόαν
3028 722 3178 777 ὄντα.
3227 722 3367 794 Φησὶ
3403 719 3541 793 γάρ·

3478 835 3487 844 ρ

2072 991 2202 1059 Τοῖς
2246 989 2314 1045 δὲ
2358 990 2467 1063 (54)
2508 990 2666 1056 θεοῖς
2711 988 2785 1044 τὰ
2821 987 3083 1054 πετεινὰ,
3136 987 3536 1127 θῗλαῖσαξις
3585 985 3654 1038 δὲ

3215 1075 3283 1112 κε
3326 1074 3425 1112 cur
3470 1097 3485 1111 .

3215 1074 3485 1112 κελαινα.

2072 1149 2215 1203 Πᾶσιν
2257 1153 2356 1225 μὲν
2405 1153 2580 1222 λέγων
2630 1155 2742 1218 τοῖς
2796 1152 2939 1217 θεοῖς
2978 1152 3118 1225 πλὴν
3162 1151 3272 1206 τῶν
3316 1150 3545 1223 χθονίων
3585 1148 3656 1202 τὰ

2068 1247 2311 1312 πετεινὰ,
2374 1247 2555 1318 μόνοις
2616 1246 2674 1300 δὲ
2723 1248 2837 1309 τοῖς
2890 1245 3202 1309 θαλασσίοις
3255 1245 3327 1297 τά
3385 1242 3648 1298 κελαινὰ·

2068 1336 2263 1392 οὐκοῦν
2314 1341 2424 1403 τοῖς
2477 1338 2658 1402 ἄλλοις
2712 1337 2901 1392 λευκά.
2959 1339 3084 1399 Τοῖς
3136 1337 3406 1411 οὐρανίοις
3462 1335 3519 1388 δὲ
3560 1334 3657 1389 καὶ

2069 1433 2329 1503 αἰθερίοις
2405 1431 2472 1486 τά
2536 1433 2681 1504 ἄκρα
2738 1430 2846 1486 τῶν
2921 1431 3131 1504 ἱερείων
3208 1428 3418 1483 λευκῶν
3483 1429 3658 1481 όντων

2068 1524 2348 1597 ἀφιεροῦν,
2386 1524 2455 1578 τά
2488 1524 2545 1577 δέ
2575 1524 2740 1578 λοιπά
2780 1524 2923 1597 μέρη
2968 1522 3193 1578 ἐσθίειν·
3231 1524 3297 1575 ἐκ
3331 1521 3508 1593 μόνων
3545 1519 3657 1591 γὰρ

2068 1617 2272 1671 τούτων
2320 1617 2558 1689 βρωτὲον
2604 1635 2707 1682 σοι,
2758 1618 2823 1670 ὲκ
2859 1616 2918 1670 δὲ
2966 1617 3072 1670 τῶν
3106 1614 3282 1669 ἄλλων
3330 1614 3427 1685 μή.
3461 1612 3571 1676 Οὓς
3596 1613 3658 1667 δὲ

2070 1710 2289 1782 εἴρηκεν
2321 1710 2379 1762 ἐν
2413 1712 2479 1781 τῇ
2510 1710 2779 1781 διαιρέσει
2812 1707 3118 1780 οὐρανίους,
3152 1706 3375 1769 τούτους
3413 1704 3655 1760 ἐνταῦθα

376 1810 578 1867 terum,
611 1818 751 1872 quos
804 1803 859 1856 in
896 1802 1015 1871 ipsa
1048 1800 1318 1856 divisione
1375 1800 1586 1855 emlites
1634 1800 1963 1863 nominarat,

2070 1802 2380 1873 ἀστραίους.
2421 1797 2547 1873 ’Ἆρ’
2572 1799 2664 1855 οὖν
2693 1802 2875 1873 δεήσει
2902 1799 3274 1872 ἐξηγήσασθαι
3310 1798 3418 1852 τῶν
3455 1798 3659 1852 θυσιῶν

377 1897 602 1951 eosdem
641 1896 730 1949 hic
774 1904 1002 1950 astraeos
1046 1901 1225 1948 vocat.
1278 1892 1485 1962 Ecquid
1537 1907 1699 1953 porro
1742 1908 1966 1948 necesse

375 1984 544 2040 fuerit
610 1983 1010 2040 sacrificiorum
1070 1984 1302 2038 istorum
1364 1983 1615 2055 symbola
1672 1984 1962 2053 explicare,

375 2076 628 2147 prudenti
688 2076 895 2130 homini
946 2076 1079 2130 satis
1120 2092 1215 2145 per
1269 2092 1390 2131 sese
1436 2076 1612 2133 nota?
1673 2074 1963 2129 Enimvero

375 2170 760 2242 quadrupedes
786 2170 1009 2240 quidem
1059 2184 1246 2239 eaaque
1293 2177 1582 2223 terrestres
1631 2167 1739 2222 diis
1797 2174 1965 2221 terre-

374 2263 583 2318 stribus
620 2264 1013 2329 immolantur;
1046 2262 1213 2317 simili
1250 2263 1396 2316 enim
1424 2261 1602 2317 siniile
1629 2261 1959 2318 delectatur:

372 2367 544 2424 pecus
584 2362 768 2408 autem
803 2366 938 2407 sane
989 2359 1246 2407 terrestre
1289 2361 1395 2419 est,
1423 2368 1599 2422 eoque
1618 2351 1805 2408 Cereri
1849 2355 1964 2423 pla-

371 2455 483 2509 cet,
517 2454 683 2515 atque
726 2444 780 2498 in
807 2444 946 2499 ccelo
976 2443 1196 2515 frugum
1236 2444 1479 2513 ipsarum
1517 2458 1581 2499 ex
1607 2452 1764 2499 teme
1791 2444 1963 2499 visce-

372 2537 529 2591 ribus
564 2537 908 2591 eductionem
943 2551 1050 2590 una
1104 2549 1229 2589 cum
1271 2535 1385 2590 sole
1448 2535 1700 2604 parturit.
1745 2534 1960 2590 Ezedem

372 2627 515 2698 nigri
546 2627 750 2683 coloris
787 2643 910 2683 esse
969 2626 1192 2691 debent,
1226 2627 1374 2696 quod
1421 2636 1565 2681 terra
1617 2636 1811 2682 natura
1860 2642 1960 2682 sua

371 2722 607 2776 obscura
649 2720 752 2788 sit;
807 2735 1036 2774 numero
1073 2728 1203 2785 tres,
1241 2721 1387 2789 quod
1437 2720 1713 2774 ternarius
1758 2734 1958 2788 corpo-

369 2827 519 2868 ream
553 2823 936 2882 terrenamque
965 2818 1220 2866 naturam
1265 2818 1634 2880 repraesentet.
1674 2808 1795 2865 Jam
1851 2820 1961 2866 ter-

372 2905 644 2960 restribus
677 2903 898 2974 quidem
925 2918 1169 2967 sursum,
1214 2904 1321 2959 hoc
1349 2913 1454 2969 est,
1491 2902 1961 2973 altaribusimpoc

372 2999 491 3054 sita:
523 2996 718 3052 hostiae
772 3004 1104 3060 mactantur,
1158 2996 1303 3066 quod
1355 2995 1389 3049 ii
1422 3011 1589 3065 supra
1622 3003 1825 3049 terram
1861 2998 1957 3051 de-

374 3105 497 3159 gere
524 3093 907 3144 consueverint
935 3106 949 3155 ;
981 3087 1356 3142 subterraneis
1406 3097 1613 3150 autem,
1673 3087 1728 3140 in
1779 3085 1956 3144 foveis

372 3194 437 3234 ac
466 3179 754 3248 sepulcris,
810 3178 901 3232 ubi
967 3178 1304 3232 volutantur.
1355 3179 1426 3232 At
1478 3194 1607 3232 vero
1634 3178 1954 3235 numinibus

2064 1892 2134 1946 τὰ
2163 1892 2405 1964 σύμϐολα
2430 1893 2507 1965 τῷ
2540 1892 2815 1964 εὐσυνέτῳ
2845 1892 3012 1964 δῆλα;
3054 1891 3376 1963 Τετράποδα
3409 1889 3510 1961 μὲν
3539 1888 3655 1960 γὰρ

2064 1987 2176 2047 τοῖς
2205 1982 2435 2056 χθονίοις
2477 1984 2573 2038 καὶ
2611 1987 2872 2056 χερσαῖα·
2917 1983 2996 2055 τῷ
3028 1984 3137 2054 γὰρ
3174 1983 3347 2054 ὁμοίῳ
3386 1981 3567 2053 χαίρει
3594 1980 3661 2034 τὸ

2064 2080 2249 2150 ὅμοιον
2271 2094 2284 2108 ·
2316 2078 2528 2148 χθόνιον
2548 2076 2605 2130 δέ
2638 2077 2701 2130 τὸ
2726 2075 3016 2148 πρόϐατον,
3047 2076 3141 2130 καὶ
3164 2076 3252 2131 διά
3276 2074 3435 2131 τοῦτο
3466 2076 3660 2146 Δήμη-

2064 2188 2153 2242 τρι
2191 2170 2365 2242 φίλον,
2408 2172 2504 2225 καὶ
2536 2172 2594 2224 ἐν
2626 2169 2842 2242 οὐρανῷ
2875 2170 2975 2243 τὴν
3004 2169 3268 2239 ἕκφανσιν
3308 2171 3373 2222 ἐκ
3404 2166 3506 2238 τῆς
3551 2166 3659 2238 γῆς

2065 2262 2174 2316 τῶν
2222 2262 2453 2335 καρπῶν
2502 2264 2620 2334 μεθ’
2653 2263 2807 2334 ἡλίου
2846 2261 3094 2333 λοχεύει·
3158 2260 3366 2329 μέλανα
3408 2259 3518 2332 (55)
3559 2259 3657 2313 δέ·

2062 2353 2287 2424 τοιαύτη
2319 2354 2428 2427 γὰρ
2457 2358 2490 2424 ἡ
2525 2354 2594 2425 γῆ
2630 2353 2792 2424 φύσει
2835 2356 3085 2426 σκοτεινή
3109 2371 3123 2386 ·
3148 2355 3275 2425 τρία
3296 2354 3383 2409 δέ·
3418 2351 3513 2406 τοῦ
3543 2352 3658 2423 γὰρ

2066 2445 2380 2518 σωματικοῦ
2420 2447 2515 2500 καὶ
2550 2445 2787 2515 γεώδους
2812 2446 2881 2500 τά
2917 2447 3045 2518 τρία
3075 2446 3319 2519 σύμϐολα
3353 2445 3486 2519 (56).
3525 2446 3660 2507 Τοῖς

2067 2538 2166 2608 μὲν
2194 2534 2288 2593 οῦν
2340 2536 2667 2609 ἐπιχθονίοις
2710 2538 2822 2592 ἀνω
2856 2539 2948 2591 ἐπὶ
2985 2538 3166 2609 βωμὸν
3200 2538 3281 2591 δεῖ
3314 2536 3506 2591 θῦσαι·
3556 2537 3660 2590 ἐπὶ

2062 2629 2171 2700 γὰρ
2194 2630 2295 2701 τῆς
2325 2630 2429 2701 γῆς
2475 2629 2905 2700 ἀναστρέφονται
2951 2622 3138 2685 οῦτοι·
3178 2631 3291 2692 τοῖς
3329 2628 3372 2681 δ’
3419 2626 3660 2698 ὑποχθο-

2062 2721 2196 2784 νίοις
2222 2723 2279 2774 ἐν
2330 2720 2508 2793 βόθρῳ
2542 2722 2635 2774 καὶ
2675 2722 2733 2774 ἐν
2778 2723 2947 2791 ταφῇ,
2988 2719 3118 2773 ἔνθα
3160 2718 3534 2790 διατρίϐουσι·
3587 2716 3660 2770 τὶ

2061 2814 2240 2883 πτηνά
2285 2813 2343 2867 δὲ
2388 2816 2502 2877 τοῖς
2534 2813 2737 2879 ἄλλοις,
2788 2814 2870 2867 ὅτι
2918 2813 3096 2867 πάντα
3143 2813 3262 2866 θεῖ·
3297 2813 3391 2866 καὶ
3434 2810 3545 2885 γὰρ
3594 2819 3660 2864 το

2062 2904 2206 2977 ὕδωρ
2233 2907 2543 2978 ἀεικίνητον
2576 2908 2674 2979 τῆς
2699 2907 2996 2978 θαλάσσης,
3031 2906 3198 2978 μέλαν
3227 2905 3285 2959 δέ
3304 2922 3317 2935 ·
3343 2905 3424 2959 διὸ
3455 2904 3550 2958 καὶ
3583 2902 3661 2957 τὰ

2059 2996 2286 3052 τοιαῦτα
2326 3000 2522 3071 οίερεῖα
2574 3000 2882 3071 πρόσφορα·
2928 3001 3046 3062 τοῖς
3093 2998 3149 3051 δὲ
3195 2998 3405 3069 ἀερίοις
3457 2995 3655 3049 λευκά·

2061 3088 2397 3159 πεφάγτισται
2439 3091 2549 3163 γὰρ
2591 3092 2685 3146 καὶ
2728 3091 2756 3142 ὁ
2800 3091 2909 3162 ἀὴρ
2953 3089 3168 3160 φύσεως
3196 3086 3272 3142 ὢν
3318 3086 3615 3157 διαφανοῦς
3642 3103 3656 3115 ·

2059 3183 2335 3253 οὐρανίοις
2364 3183 2421 3235 δὲ
2460 3183 2556 3237 καὶ
2589 3182 2852 3254 αἰθερίοις
2883 3182 2953 3236 τὰ
2984 3184 3079 3236 ἐπὶ
3114 3182 3221 3238 τῶν
3263 3181 3416 3246 ζώων
3451 3182 3662 3251 κουφό-

373 3270 602 3340 reliquis
628 3311 643 3336 ,
665 3269 810 3340 quod
837 3270 1022 3325 omnia
1072 3279 1335 3339 perpetuo
1376 3269 1623 3325 ferantur
1642 3287 1831 3337 cursu,
1865 3286 1960 3325 vn-

2070 3292 2217 3347 τερα,
2272 3277 2415 3347 ἆπερ
2474 3277 2620 3330 ἐστὶν
2672 3276 2837 3346 ἄκρα,
2881 3271 2963 3340 οἷς
3012 3277 3288 3330 κοινωνεῖν
3333 3274 3431 3346 τῆς
3461 3274 3664 3339 θυσίας

373 3364 553 3417 lucres
586 3361 942 3416 immolantur
973 3380 987 3416 :
1019 3377 1148 3416 nam
1172 3362 1385 3416 marina
1415 3363 1637 3432 quidem
1665 3379 1807 3435 aqua
1861 3380 1963 3420 nec

2070 3368 2177 3422 δεῖ·
2211 3370 2437 3442 δοτῆρες
2471 3372 2578 3444 γὰρ
2608 3366 2753 3426 οὗτοι
2781 3371 3034 3441 ἀγαθῶν·
3069 3374 3118 3425 οἱ
3147 3372 3205 3425 δέ
3234 3370 3383 3426 ἄλλοι
3405 3371 3515 3425 τῶν
3547 3388 3665 3426 κα-

370 3464 582 3510 motum
614 3469 852 3523 unquam
886 3454 1218 3522 intermittit,
1261 3464 1316 3509 et
1350 3454 1567 3526 nigrum
1615 3456 1681 3511 ad
1721 3457 1959 3513 colorem

2070 3459 2178 3515 κῶν
2216 3461 2548 3536 ωλυτῆρες.
2591 3485 2609 3515 ι
2649 3463 2886 3517 Τοιαῦτα
2921 3464 3020 3536 μὲν
3051 3463 3120 3517 τὰ
3159 3464 3268 3518 ἀπὸ
3309 3465 3410 3536 τῆς
3443 3460 3513 3515 ἐκ
3536 3463 3656 3513 λυ·-

372 3545 604 3609 accedit,
645 3560 757 3615 quo
795 3546 884 3612 fit,
941 3554 1020 3599 ut.
1046 3545 1166 3614 ejus
1194 3548 1420 3601 numina
1472 3549 1682 3604 similes
1728 3550 1963 3606 victima:

2070 3548 2205 3616 rlwr
2222 3553 2586 3621 «Pnlcaupt'ag
2599 3554 2692 3609 τοῦ
2704 3557 2805 3610 θαυ
2814 3554 3019 3628 μαστοῦ
3050 3553 3309 3626 θεοσόφου
3319 3597 3333 3610 .

369 3641 600 3699 deceant
632 3639 817 3694 :aeria
855 3655 1005 3708 vero,
1065 3641 1329 3704 candidae,
1362 3642 1508 3713 quod
1561 3660 1655 3698 aer
1693 3646 1977 3715 pellucidae
2016 3656 2227 3704 natura;
2291 3664 2418 3704 cum
2454 3649 2546 3717 sit,
2605 3650 2830 3707 lumine.
2862 3651 3022 3709 facile
3076 3652 3452 3727 perfundatur.
3502 3650 3667 3707 Prte-

370 3748 513 3794 terea
543 3737 855 3794 emlestibus
900 3739 1254 3810 aetheriisque
1297 3740 1403 3796 diis
1452 3756 1684 3797 summae
1730 3743 2095 3799 animantium
2148 3754 2355 3816 partes,
2414 3755 2599 3817 utpote
2642 3742 3231 3806 omnium'lcvissimze
3300 3749 3651 3812 offeruntur;

369 3843 581 3888 etcum
617 3832 772 3887 iisin
827 3833 1085 3889 sacrificii
1120 3834 1439 3890 societatem
1504 3837 1759 3893 homines
1822 3851 2112 3905 vocantur,
2161 3842 2305 3911 quod
2343 3843 2446 3912 ipsi
2480 3842 2750 3897 bonorum
2808 3854 3064 3902 auctores
3129 3847 3260 3907 sint,
3310 3846 3505 3914 reliqui
3556 3846 3661 3900 de-

372 3930 625 3999 pz.lsores
699 3929 993 3986 malorum.
1034 3950 1053 3983 Ρ
1103 3929 1381 3987 Hactenus
1438 3935 1687 4004 egregius
1739 3935 1936 3990 divina:
1994 3938 2275 4008 sapientiae
2314 3948 2517 4010 mystes
2553 3940 2608 3994 in
2649 3941 2718 3995 iis
2761 3956 2885 4010 quae
2924 3941 2996 3995 De
3046 3933 3382 3987 oraculorum
3409 3933 3659 4004 philoso-

377 4029 501 4095 phia
540 4025 785 4097 scripsit.

993 4117 1225 4175 CAPUT
1270 4118 1339 4174 Χ.

375 4232 513 4287 Deos
540 4248 644 4287 non
676 4248 807 4301 esse,
849 4242 1107 4356 quotquot
1163 4235 1480 4287 animalium
1530 4238 1814 4305 sacriﬁciis
1871 4239 1963 4294 de-

1048 4313 1310 4356 ectantur.

1048 4313 1310 4358 ectantur.

443 4416 601 4473 Nunc
632 4426 839 4482 autem,
878 4434 1001 4489 quae
1033 4419 1175 4474 idem
1213 4420 1378 4475 habet
1446 4421 1500 4474 in
1532 4437 1634 4476 suo
1689 4421 1769 4475 De
1791 4422 1959 4475 absti-

2599 4120 2998 4174 ΚΕΦΑΔΑΙΟΝ
3055 4123 3113 4174 l'.

2067 4215 2199 4268 Ὅτι
2240 4214 2352 4267 οὐκ
2398 4209 2475 4266 ἂν
2514 4207 2640 4266 εἷεν
2694 4212 2837 4283 θεοὶ,
2890 4213 3023 4280 ταῖς
3070 4213 3168 4268 διὰ
3206 4212 3361 4274 ἄῦων
3402 4213 3666 4283 θυσίαις

2676 4282 3010 4352 χαίροντες.

2127 4396 2263 4468 Φέρε
2291 4396 2370 4459 δὲ,
2396 4394 2563 4451 αὐτοῦ
2594 4396 2695 4461 τὰς
2718 4398 2967 4463 ἐναντίας
2988 4398 3180 4453 τούτου
3204 4399 3392 4469 φωνὰς
3422 4399 3665 4473 σύγκρι-

1993 4472 2035 4526 D
2064 4504 2174 4550 νον,
2208 4486 2275 4551 ἂς
2299 4486 2536 4541 τέθειται
2563 4488 2621 4542 ἐν
2648 4483 2729 4551 οἷς
2764 4489 3044 4561 ἐπέγραψε
3085 4490 3227 4559 Περὶ
3264 4489 3375 4559 τῆς
3399 4491 3517 4545 τῶν

2065 4579 2282 4649 ψύχων
2301 4577 2558 4647 ἀποχῆς.
2588 4579 2761 4634 Ἔνθα
2782 4579 2845 4652 δὴ
2875 4580 3022 4654 ὀρθῷ
3043 4581 3288 4654 λογισμῷ
3309 4583 3455 4637 κινού
3465 4600 3673 4653 μενος,

2065 4672 2281 4744 πρῶτον
2308 4672 2563 4727 ἁπάντων
2594 4672 2846 4744 ὁμολογεῖ
2877 4674 2951 4745 μὴ
2984 4674 3096 4728 δεῖν
3129 4673 3189 4728 τὸ
3218 4675 3447 4729 καθόλου
3479 4677 3674 4748 μηδὲν

2068 4767 2203 4836 μήτε
2243 4763 2466 4835 θυμιᾷν,
2521 4766 2658 4837 μήτε
2715 4766 2862 4820 θύειν
2904 4766 2982 4838 τῷ
3014 4767 3107 4821 ἐπὶ
3154 4769 3289 4821 πᾶσι
3332 4767 3471 4840 Θεῷ·
3512 4769 3678 4826 ἀλλὰ

2068 4856 2202 4928 μηδέ
2225 4859 2344 4921 ταῖς
2374 4857 2494 4928 μετ’
2523 4857 2686 4911 αὐτὸν
2716 4859 2886 4924 θείαις
2908 4861 3003 4914 καὶ
3029 4861 3308 4932 οὐρανίαις
3332 4860 3677 4932 δυνάμεσιν,

2064 4943 2197 5001 Εἶτα
2239 4946 2297 5000 δὲ
2348 4947 2579 5016 ἐπεξιὼν
2623 4949 2722 5015 τὰς
2763 4949 2872 5005 τῶν
2918 4952 3130 5006 πολλῶν
3175 4951 3494 5023 ὑπολήψεις,
3519 4952 3680 5009 ἀνα-

2065 5040 2340 5107 σκευάζει,
2388 5040 2464 5113 μὴ
2513 5041 2710 5113 χρῆναι
2762 5043 2988 5113 φάσκων
3036 5044 3191 5109 θεοὺς
3243 5043 3684 5116 ὑπολαμϐάνειν

2064 5132 2189 5197 τούς
2221 5133 2339 5197 ταῖς
2383 5132 2469 5188 διὰ
2512 5132 2667 5198 ζώων
2713 5135 2926 5200 θυσίαις
2980 5136 3303 5208 χαίροντας·
3357 5132 3496 5189 εἶναι
3543 5139 3684 5211 γάρ

2062 5241 2200 5296 φησι
2232 5224 2450 5278 πάντων
2498 5225 2832 5280 ἀδικώτατον
2858 5228 2920 5281 τὸ
2962 5226 3270 5293 ζωοθυτεῖν,
3305 5228 3397 5281 καὶ
3435 5225 3685 5285 ἀνόσιον

2065 5317 2159 5371 καὶ
2209 5316 2473 5390 μυσαρὸν,
2522 5317 2615 5371 καὶ
2667 5317 2950 5392 βλαϐερὸν,
3000 5320 3095 5373 καὶ
3147 5317 3237 5371 διὰ
3301 5317 3459 5372 τοῦτο
3513 5320 3686 5390 μηδὶ

376 4511 557 4565 nantia
588 4527 620 4563 a
651 4508 802 4564 rebus
852 4511 1105 4564 animatis
1130 4526 1316 4580 opere,
1349 4527 1474 4566 cum
1520 4512 1792 4583 superiori
1830 4527 1960 4568 ora-

376 4603 524 4656 tione
556 4601 856 4656 committe.
878 4600 955 4655 lhi
987 4603 1135 4656 enim
1185 4612 1335 4658 recto
1384 4604 1546 4674 plane
1579 4619 1825 4674 sanoque
1864 4604 1963 4659 ad-

375 4693 574 4747 ductus
603 4692 855 4757 consilio,
904 4708 1006 4749 nec
1054 4692 1225 4748 Deum
1260 4704 1674 4764 praepotentem,
1722 4712 1825 4752 nec
1873 4712 1961 4752 se-

375 4783 585 4840 cundas
633 4783 703 4839 ab
758 4800 824 4839 eo
872 4787 1126 4841 cmlestes
1165 4787 1488 4857 divinasque
1546 4788 1793 4853 virtutes,
1849 4790 1961 4844 ullo

376 4892 602 4948 prorsus
632 4886 728 4932 aut
767 4876 979 4933 sutIitus
1036 4886 1132 4933 aut
1183 4879 1436 4934 sacriﬁcii
1471 4896 1668 4947 genere
1705 4881 1963 4936 colendas

375 4986 519 5035 esse,
554 4970 811 5026 universe
861 4979 988 5026 ante
1015 4972 1199 5026 omnia
1253 4974 1556 5043 profitetur.
1598 4972 1803 5029 Deinde
1838 4991 1965 5044 pro-

376 5078 603 5132 gressus
650 5061 901 5128 ulterius,
949 5063 1095 5133 vulgi
1125 5064 1412 5135 Opiniones
1469 5067 1545 5122 ita
1583 5064 1785 5121 refellit
1810 5081 1966 5122 ever-

378 5154 572 5224 titque,
606 5161 663 5208 ut
702 5168 798 5208 eos
819 5166 930 5233 pro
957 5153 1065 5209 diis
1092 5154 1371 5210 habendos
1425 5171 1548 5211 esse
1591 5165 1770 5225 neget,
1797 5165 1961 5226 quot-

377 5256 513 5315 quot
537 5246 859 5300 animalium
914 5247 1204 5302 sacrificiis
1232 5247 1611 5302 delectentur:
1656 5256 1783 5303 cum
1818 5248 1963 5302 enim

378 5343 621 5389 inactare
664 5333 826 5406 148
862 5335 1189 5401 animantia,
1240 5352 1328 5391 res
1358 5336 1430 5392 sit
1450 5338 1696 5391 omnium
1727 5337 1963 5408 iniquis-

454 5553 568 5625 (54)
621 5555 747 5621 Τοῖς
776 5555 863 5612 δέ.
908 5555 1087 5610 Malim
1116 5557 1431 5625 coniuncte,
1465 5558 1659 5611 τοῖσδε.

460 5624 573 5689 (55)
615 5627 888 5693 Λοχεὺει·
932 5627 1179 5699 Μέλανα
1224 5624 1321 5699 δέ,
1363 5626 1438 5699 Ita
1490 5639 1635 5683 recte
1681 5628 1965 5699 distinguit

387 5693 523 5745 alter
550 5710 580 5747 ο
618 5712 918 5770 nianuscr.;
955 5699 1047 5752 sed
1083 5698 1219 5751 idem
1247 5698 1454 5768 χολεύει
1490 5715 1588 5766 pro
1612 5698 1822 5769 λοχεύει
1844 5693 1965 5770 pcr-

390 5778 573 5831 peram
622 5765 767 5835 legit.
809 5766 1045 5822 Arietcm
1093 5765 1256 5836 porro
1269 5765 1291 5835 ⁷,
1336 5765 1619 5839 signorum
1653 5765 1707 5824 iii
1741 5765 1964 5827 zodiaco

2062 5560 2389 5631 principem,
2418 5558 2615 5631 innuit.

2136 5631 2249 5699 (⁸56)
2295 5630 2371 5684 Τὰ
2402 5629 2533 5702 τρία
2564 5633 2860 5702 σύμϐολα.
2900 5632 2982 5687 An
3033 5634 3180 5702 quod
3232 5634 3504 5689 ternarias
3547 5652 3689 5692 nu-

2066 5716 2250 5827 i‘qﬁrus
2277 5700 2512 5811 sovlidum
2540 5700 2769 5773 aliquid,
2790 5700 3181 5775 communique
3202 5704 3421 5762 vinculo
3445 5721 3685 5767 nexum

2089 5788 2096 5798 '
2160 5788 2222 5827 ea
2253 5788 2315 5826 ur
2335 5813 2348 5826 .

2089 5788 2348 5827 ilueallﬂ'l
