3858 6224
192 301 304 356 257

1333 298 1658 355 ΡΒΑΞΡΑΒ.
1701 298 1953 354 ΕνΑΝο.
1993 297 2121 354 LIB.
2158 297 2248 353 IV.

3345 303 3452 361 τδιι

192 423 341 482 θεοῖς
391 419 706 491 προσριλές.
751 419 934 473 Ταῦτα
972 418 1166 488 λέγων,
1217 418 1375 490 δῆλος
1425 418 1491 471 ἂν
1542 417 1627 489 εἴη
1686 417 1768 469 ein

1882 416 2044 482 sima,
2070 433 2345 487 quamque
2379 426 2439 471 ut
2489 419 2783 488 impietatis
2827 429 2881 474 et
2929 420 3078 476 exitii
3109 421 3323 492 plenam
3359 423 3458 476 de-

193 514 398 567 ἑαυτοῦ
438 513 573 567 Θεὸν
610 512 958 583 ἀπελέγχων·
1006 510 1363 583 προστάττειν
1405 508 1515 580 γὰρ
1572 508 1778 580 ἀρτίως

194 609 370 677 ἔφησε
421 606 517 660 τὸν
581 606 830 677 χρησμὸν
888 606 962 675 μὴ
1022 603 1182 675 μόνον
1256 605 1368 666 τοῖς
1444 601 1778 672 ὑποχθονίοις

194 698 366 761 θεοῖς,
394 697 531 750 ἀλλά
570 699 665 751 καὶ
700 701 815 759 τοῖς
857 697 1077 768 ἀερίοις,
1108 694 1379 767 οὐρανίοις
1410 712 1470 749 τε
1496 695 1589 747 καὶ
1629 693 1777 747 αἰθε-

198 790 338 857 ρίοις
366 787 482 852 ζῶα
509 787 677 842 θύειν.
713 788 822 841 Καὶ
843 788 872 839 ὁ
900 787 997 858 μὲν
1049 785 1318 839 Ἀπόλλων
1354 782 1579 837 τοιαῦτα
1600 800 1614 813 ·
1652 783 1681 835 ό
1719 781 1775 836 δὲ

199 879 290 932 τὸν
332 877 682 949 Θεόφραστον
732 877 1162 948 μαρτυρόμενος,
1208 874 1349 938 θεοῖς
1382 875 1480 946 μὲν
1508 872 1569 927 οὔ
1609 889 1775 944 φησιν

193 968 460 1040 ἁρμόζειν
500 967 598 1040 τὴν
625 967 714 1021 διὰ
762 967 916 1032 ζώων
948 966 1160 1029 Θυσίαν,
1206 965 1427 1036 δαίμοσι
1465 964 1521 1017 δὲ
1565 966 1769 1035 μόνοις·

192 1058 336 1111 ὥστε
368 1057 516 1112 κατά
543 1057 634 1111 τὸν
665 1056 831 1111 αὑτοῦ
866 1057 959 1111 καὶ
988 1056 1335 1128 Θεοφράστου
1363 1055 1520 1124 λόγον
1544 1054 1773 1125 δαίμονα

191 1147 356 1215 εἶναι,
388 1150 506 1204 ἀλλ’
534 1150 596 1203 ού
634 1149 757 1203 θεὸν
788 1150 881 1203 τὸν
918 1149 1226 1202 Ἀπόλλωνα
1248 1166 1261 1179 ·
1291 1149 1352 1201 ού
1380 1149 1486 1220 μὴν
1513 1147 1650 1202 ἀλλά
1680 1148 1774 1202 καὶ

191 1244 409 1305 πάντας
452 1243 582 1304 τοὺς
809 1243 940 1294 πᾶσι
975 1244 1088 1304 τοῖς
1131 1239 1308 1294 ἔθνεσι
1354 1241 1772 1311 νενομισμένους

190 1335 370 1399 θεοὺς,
395 1332 480 1398 οἷς
503 1335 603 1398 τὰς
624 1334 712 1387 διὰ
743 1332 897 1397 ζώων
930 1332 1121 1397 θυσίας
1149 1333 1418 1405 πανδημεὶ
1450 1334 1650 1396 πάντες
1672 1332 1771 1404 ἀρ-

188 1426 379 1497 χσντές
410 1443 473 1478 τε
508 1425 604 1477 καὶ
639 1423 929 1495 ἀρχόμενοι
960 1423 1101 1478 κατά
1134 1440 1192 1476 τε
1228 1423 1410 1487 πόλεις
1450 1423 1542 1476 καὶ
1585 1422 1771 1494 χώρας

186 1517 472 1571 ἐκτελοῦσι
492 1533 508 1546 ·
544 1516 768 1580 τούτους
789 1517 897 1587 γὰρ
925 1515 1032 1568 οὐδ’
1057 1514 1184 1570 ἀλλο
1209 1532 1261 1567 τι
1298 1516 1586 1586 τυγχάνειν
1616 1516 1769 1585 ἡγεῖ-

188 1605 312 1658 σθαι
352 1606 465 1677 χρὴ
498 1605 642 1658 κατὰ
682 1605 808 1669 τοὺς
840 1605 1160 1676 εἰρημένους
1201 1604 1234 1676 ἢ
1284 1603 1559 1676 δαίμονας.
1608 1605 1670 1657 Ei
1711 1605 1769 1658 δὲ

184 1696 430 1764 ἀγαθοὺς
459 1692 597 1749 εἶναί
626 1712 789 1764 φασιν
817 1696 1035 1758 αὐτοὺς,
1068 1694 1163 1747 καὶ⁵
1192 1694 1329 1757 πῶς,
1364 1695 1522 1765 εἷπερ
1557 1694 1768 1757 ἀνόσιος

182 1784 249 1858 ῆν
280 1789 377 1840 καὶ
427 1786 651 1858 μυσαρά
692 1787 787 1841 καὶ
815 1785 1111 1857 ὲπιϐλαϐὴς
1149 1788 1185 1857 ἡ
1218 1786 1285 1839 δι’
1307 1786 1553 1856 αἱμάτων
1582 1784 1763 1848 θυσία,

184 1878 383 1947 ἀγαθοὶ
417 1879 485 1932 ἂν
516 1874 625 1932 εἷεν
655 1879 704 1930 οἱ
734 1881 847 1942 τοῖς
878 1877 1101 1931 τοιοῖσδε
1133 1876 1414 1949 χαίροντες
1439 1894 1454 1941 ;
1491 1877 1554 1930 Ei
1587 1877 1644 1930 δὲ
1675 1878 1769 1930 καὶ

188 1973 262 2043 μὴ
309 1971 507 2042 μόναις
542 1973 662 2033 ταῖς
694 1969 968 2033 τοιαύταις
994 1969 1059 2040 δὴ
1089 1968 1324 2033 θυσίαις,
1367 1968 1490 2021 καθ’
1534 1968 1769 2041 ὑπερϐο-

183 2064 281 2135 λὴν
320 2062 380 2116 δὲ
406 2062 691 2134 ὠμότητος
721 2062 816 2115 καὶ
842 2060 1232 2133 ἀπανθρωπίας
1265 2063 1451 2131 φανεῖν
1472 2059 1768 2131 ἀνδροκτα-

188 2152 329 2214 σίαις
361 2152 465 2205 καὶ
506 2150 979 2223 ἀνθρωποθυσίαις
1014 2150 1288 2221 ἡδόμενοι,
1335 2149 1453 2215 πῶς
1486 2150 1585 2202 οὐκ
1623 2150 1769 2203 ἀντι-

182 2259 320 2311 κρυς
371 2237 488 2295 εἷεν
532 2242 599 2295 ἂν
651 2240 943 2312 μιαιφόνοι,
991 2240 1085 2292 καὶ
1133 2240 1311 2311 πάσης
1349 2238 1630 2311 ὠμότητος
1671 2238 1768 2291 καὶ

180 2335 584 2408 ἀπανθρωπίας
610 2336 821 2398 οἰκεῖοι,
850 2334 943 2387 καί⁵
974 2332 1123 2387 οὐδὲν
1157 2332 1286 2386 ἀλλο
1314 2332 1346 2403 ἢ
1388 2334 1615 2403 πονηροὶ
1648 2332 1767 2386 δαί-

184 2445 389 2497 μονες;
439 2427 660 2481 Τούτων
710 2427 768 2480 δὲ
811 2428 943 2497 ἡμῖν
986 2425 1085 2497 τὴν
1131 2424 1410 2492 ἀπόδειξιν
1448 2423 1764 2494 εἰληχότων,

181 2517 338 2591 οἶμαι
358 2522 462 2592 τῆς
484 2520 761 2592 ἡμετέρας
783 2520 850 2572 ἐκ
870 2516 977 2570 τῶν
997 2517 1343 2588 δηλουμένων
1366 2517 1768 2589 ἀναχωρήσεως

178 2615 246 2666 τὸ
292 2613 522 2682 εὔλογον
561 2611 933 2666 ἀποδεδόσθαι.
967 2612 1059 2684 Μὴ
1098 2612 1208 2682 γὰρ
1258 2605 1399 2662 εἶναι
1431 2609 1599 2672 ὅσιον,
1642 2607 1766 2679 μηδ’

176 2706 434 2769 εὐσεϐὲς,
456 2703 532 2776 μὴ
551 2705 633 2757 ὅτι
656 2704 755 2775 τὴν
782 2704 876 2757 τοῦ
898 2703 1030 2758 Θεοῦ
1055 2702 1349 2773 σεϐάσμιον
1369 2699 1764 2773 προσηγορίαν,

178 2796 285 2850 καὶ
322 2797 427 2867 τὴν
472 2794 734 2849 ἀνωτάτω
773 2794 940 2864 τιμὴν
980 2795 1073 2848 ἐπὶ
1108 2792 1179 2846 τά
1219 2792 1435 2863 πονηρά
1477 2789 1765 2861 πνεύματα

174 2885 575 2949 καταϐάλλειν,
622 2885 758 2939 ἀλλά
805 2884 941 2956 μηδὲ
993 2883 1087 2937 τοῦ
1129 2882 1260 2953 παρ’
1312 2879 1621 2953 ἀνθρώποις
1665 2882 1765 2953 τὴν

176 2978 465 3050 βασίλειον
494 2978 805 3048 ἐπιειμένον
830 2977 985 3041 ἀξίαν
1008 2976 1234 3050 λῃσταῖς
1267 2973 1361 3027 καὶ¹
1382 2971 1765 3044 τυμϐωρύχοις

177 3067 554 3140 περιτιθέναι.
606 3066 766 3120 Ὅθεν
803 3067 964 3136 ἡμεῖς
995 3064 1153 3135 μόνον
1174 3061 1267 3115 τὸν
1300 3059 1392 3113 ἐπὶ
1427 3059 1646 3157 πάντων
1673 3058 1765 3112 σέιο
1793 3098 1835 3157 C

178 3163 305 3215 ϐειν
334 3159 711 3229 δεδιδαγμένοι
745 3158 900 3221 Θεὸν,
937 3157 1099 3229 τιμᾷν
1139 3173 1197 3209 τε
1233 3155 1375 3208 κατά
1399 3151 1460 3207 τὸ
1491 3153 1767 3225 προσῆκον

180 3257 281 3308 καὶ
312 3254 416 3317 ea;
445 3253 584 3323 ἀμφ’
606 3251 771 3305 αὐτὸν
805 3249 1071 3318 θεοφιλεῖς
1095 3264 1152 3300 τε
1185 3247 1280 3301 καὶ
1308 3246 1584 3317 μακαρίας
1610 3244 1769 3300 δυνά-

188 3364 335 3417 μεις,
365 3344 523 3398 οὐδὲν
552 3344 652 3414 μὲν
682 3341 884 3412 γεῶδες
908 3341 1001 3394 καὶ
1025 3339 1237 3409 νεκρὸν,
1268 3337 1391 3391 οὐδὲ
1415 3337 1646 3407 λύθρρυς
1674 3339 1761 3390 καῖ

182 3441 417 3510 αἵματα,
453 3436 577 3491 οὖδέ
598 3454 650 3489 τι
674 3436 774 3505 τῆς
798 3434 1042 3506 φθαρτῆς
1074 3434 1170 3485 καὶ
1195 3430 1389 3502 ὑλικῆς
1412 3431 1600 3495 οὐσίας
1633 3434 1769 3484 ὲπα-

181 3531 416 3602 ι’έιμεθα·
448 3529 530 3599 νῷ
564 3529 621 3582 δὲ
650 3529 832 3599 πάσης
866 3524 1261 3595 κεκαθαρμένῳ
1298 3521 1499 3587 κακίας
1535 3523 1631 3576 καὶ
1657 3521 1765 3574 σώ-

186 3642 319 3694 ματι
350 3623 446 3675 τὸν
472 3621 532 3689 ἐξ
555 3622 779 3689 ἁγνείας
809 3620 901 3674 καὶ
939 3615 1293 3689 σωφροσύνης
1322 3615 1550 3687 κόσμον,
1585 3615 1765 3685 πάσης

183 3715 573 3787 λαμπρότερον
615 3712 743 3765 ὄντα
785 3710 977 3781 στολῆς
1019 3707 1490 3780 περιϐεϐλημένῳ,
1533 3704 1765 3777 δόγμασι

178 3828 238 3863 τε
269 3807 455 3881 69007.;
489 3808 585 3860 καὶ
613 3804 935 3876 θεοπρεπέσι
973 3803 1067 3857 καὶ
1106 3802 1201 3855 ἐπὶ
1236 3805 1373 3855 πᾶσι
1402 3801 1612 3865 τούτοις
1653 3800 1768 3854 δια-

178 3901 328 3954 θέσει
369 3898 577 3969 γνησία
614 3896 715 3967 τὴν
759 3895 864 3949 ὑπὸ
900 3893 993 3947 τοῦ
1027 3893 1282 3965 Σωτῆρος
1324 3891 1483 3963 ἡμῶν
1526 3890 1765 3964 παραδο-

174 3995 370 4048 θεῖσαν
394 3989 681 4044 εὐσέϐειαν
715 3988 877 4060 μέχρι
916 3989 1010 4041 καὶ
1038 3987 1271 4041 θανάτου
1302 3983 1591 4055 φυλάττειν
1613 3981 1767 4050 εὐχό-

178 4085 342 4156 μεθα.
418 4081 587 4136 Ἀλλά
630 4081 739 4153 γάρ
788 4080 994 4134 τούτων
1037 4080 1165 4151 ἡμῖν
1212 4073 1763 4147 προδιηρθρωμένων,

176 4179 297 4247 ὥρα
340 4175 488 4247 πρὸς
526 4173 630 4237 τὰς
683 4171 982 4234 ἀποδείξεις
1029 4170 1136 4223 τῶν
1182 4168 1489 4241 εἰρημένων
1545 4169 1762 4237 χωρεῖν.

181 4270 386 4340 Πρῶνα
420 4270 481 4322 δὲ
513 4268 733 4320 πάντων
770 4264 999 4319 διελθεῖν
1020 4260 1260 4330 εὔλογον,
1298 4261 1365 4313 δι’
1406 4251 1482 4312 ὧν
1512 4261 1541 4312 ὁ
1578 4275 1768 4329 προει-

183 4365 421 4435 ρημένος
459 4359 838 4430 συγγραφεὺς,
867 4358 926 4410 ὲν
950 4350 1030 4421 οἷς
1058 4352 1338 4427 ἐπέγραψε
1364 4351 1497 4418 Περὶ
1517 4347 1628 4417 τῆς
1646 4347 1767 4401 τῶν

1879 508 2065 562 testari
2115 524 2308 563 omnes
2367 511 2750 580 exsecrarique
2796 512 3063 578 debeant;
3119 515 3279 583 longe
3329 529 3456 584 pro-

1877 599 2020 654 fecto
2062 600 2273 661 abesse,
2313 601 2419 655 diis
2452 610 2512 654 ut
2544 602 2757 671 placere
2808 616 2993 674 queat.
3041 603 3174 672 Quae
3205 607 3334 659 dum
3366 608 3457 660 ille

1877 692 2213 762 pronuntiat,
2246 710 2406 747 suum
2459 694 2530 748 ab
2555 698 2671 765 ipso
2707 694 2873 749 Deum
2912 682 3233 766 reprehendi
3268 714 3332 751 ac
3369 714 3457 752 re-

1874 783 2063 854 dargui
2089 799 2248 837 nemo
2272 801 2379 839 non
2414 785 2594 851 videt;
2632 802 2755 841 cum
2818 789 3043 842 oraculo
3082 788 3261 858 juberi
3290 790 3455 859 paulo

1875 885 2000 927 ante
2022 873 2243 939 dixerit,
2300 876 2374 928 uti
2405 891 2512 929 non
2558 877 2933 932 subterraneis
2982 880 3142 933 modo
3181 880 3456 935 terrestri.

1875 962 2086 1034 busque
2137 965 2264 1026 diis.
2297 967 2390 1019 sed
2443 968 2606 1021 etiam
2659 969 2844 1036 aeriis,
2889 972 3224 1034 cmlestibus,
3284 973 3453 1028 arthe-

1874 1051 2083 1121 riisque
2112 1054 2427 1109 numinibus
2454 1056 2755 1111 animantes
2775 1058 3140 1115 immolentur.
3176 1060 3241 1114 Et
3262 1062 3452 1131 Apollo

1873 1143 2094 1214 quidem
2121 1144 2223 1199 ista
2248 1148 2492 1216 praecipit
2525 1165 2538 1201 :
2565 1157 2754 1202 contra
2795 1165 2924 1204 vero
2946 1151 3304 1220 philosophus
3327 1154 3451 1206 Ιιιιι⁴

1871 1236 2001 1291 dato
2067 1237 2231 1292 etiam
2273 1236 2634 1309 Theophrasti
2692 1242 3022 1300 testimonio.
3074 1246 3181 1301 diis
3239 1251 3452 1300 anima-

1872 1323 2004 1379 lium
2033 1327 2304 1381 sacriflcia
2335 1329 2623 1384 convenire
2666 1341 2844 1402 negat,
2874 1331 2969 1386 sed
3004 1341 3212 1388 tantum
3244 1335 3449 1389 daemo-

1870 1418 2062 1485 nibus;
2096 1434 2163 1473 ex
2209 1435 2318 1490 quo
2343 1420 2532 1491 utique
2558 1422 2804 1492 sequitur
2831 1423 3133 1492 Apollinem
3165 1426 3451 1496 utriusque

1870 1511 2139 1565 sententia
2198 1527 2306 1566 non
2373 1512 2535 1567 deum
2579 1527 2737 1579 esse,
2793 1514 2887 1568 sed
2949 1513 3292 1585 daemonem;
3347 1533 3448 1573 nec

1867 1600 2175 1672 Apollinem
2228 1603 2414 1669 modo,
2440 1604 2533 1658 sed
2557 1604 2721 1658 etiam
2752 1613 3021 1674 quotquot
3069 1608 3210 1676 apud
3257 1617 3447 1677 gentes

1869 1694 2157 1749 universas
2206 1702 2470 1764 putantur
2496 1695 2593 1759 dii.
2625 1695 2826 1766 quibus
2869 1697 3072 1765 passim
3114 1713 3306 1754 omnes
3334 1708 3443 1752 tam

1870 1787 2147 1858 principes
2168 1803 2332 1858 quam
2376 1787 2560 1858 populi
2623 1803 2720 1858 per
2745 1788 2910 1844 urbes
2938 1805 3146 1860 perque
3177 1805 3345 1861 pagos
3377 1805 3445 1843 ex

1868 1878 2203 1932 animalibus
2260 1879 2530 1933 sacriﬁcia
2558 1876 2788 1933 faciunt.
2845 1877 2981 1933 Nam
3028 1880 3164 1935 istos
3198 1894 3442 1950 quoque,

1868 1970 1912 2023 si
1953 1977 2246 2036 utrumque
2308 1970 2693 2040 phi1030phum
2757 1971 3070 2034 audiamus,
3126 1972 3273 2026 aliud
3323 1988 3446 2028 esse

1867 2060 2002 2115 nihil
2034 2061 2349 2116 existimare
2371 2076 2472 2116 nos
2496 2069 2729 2130 oportet,
2761 2076 2923 2129 quam
2946 2062 3241 2118 daemones.
3259 2063 3446 2117 Enim-

1868 2167 2000 2206 vero
2031 2152 2077 2208 si
2106 2152 2279 2207 bonos
2308 2153 2528 2209 eosdem
2558 2168 2680 2208 esse
2718 2154 2977 2219 dixerint,
3001 2152 3441 2223 quandoquidem

1867 2241 2069 2298 infecta
2090 2244 2355 2314 sanguine
2383 2244 2678 2308 sacriﬁcia,
2725 2246 3045 2316 impietatis,
3083 2246 3352 2312 horroris,
3383 2258 3441 2298 et

1866 2336 2021 2390 exitii
2088 2336 2247 2406 plena
2278 2345 2426 2401 sunt,
2457 2337 2656 2406 quibus
2708 2338 2809 2392 ista
2861 2339 3131 2408 placeant,
3166 2336 3294 2393 boni
3322 2353 3445 2394 esse

1867 2427 1962 2496 qui
1995 2428 2245 2497 possint?
2283 2426 2441 2493 Quod
2474 2428 2520 2482 si
2557 2444 2665 2482 non
2697 2430 2970 2499 ejusmodi
3004 2440 3216 2485 tantum
3271 2433 3446 2488 sacri-

1868 2518 2031 2584 ficiis,
2057 2535 2244 2575 verum
2278 2523 2442 2576 etiam
2470 2521 2538 2576 ad
2570 2522 2911 2577 crudelitatis
2955 2523 3136 2577 omnis
3165 2533 3219 2578 ct
3251 2524 3449 2580 imma-

1869 2612 2066 2671 nitatis
2121 2617 2425 2680 cumulum,
2477 2616 2721 2670 virorum
2775 2615 2980 2684 pariter
3041 2630 3107 2671 ac
3152 2616 3443 2672 mulierum

1862 2702 2108 2758 caedibus
2133 2704 2432 2759 delectatos
2474 2718 2571 2760 eos
2600 2718 2722 2758 esse
2771 2704 3162 2770 ostendemus;
3191 2704 3322 2773 quid
3349 2719 3446 2759 su-

1870 2802 2069 2861 perest,
2100 2792 2203 2847 nisi
2237 2802 2296 2847 ut
2321 2792 2484 2847 iidem
2512 2803 2567 2847 et
2590 2793 2901 2862 parricidiis
2930 2792 3185 2857 infames,
3207 2802 3260 2847 et
3290 2797 3437 2849 omni

1868 2883 2086 2938 diritate
2112 2882 2400 2948 teterrimi,
2434 2883 2666 2953 denique
2695 2883 2831 2937 nihil
2874 2883 3023 2938 aliud
3072 2883 3179 2937 nisi
3211 2883 3436 2953 pessimi

1868 2978 2145 3032 daemones
2173 2976 2293 3030 luce
2312 2976 2489 3046 palam
2536 2975 2880 3031 habeantur?
2904 2973 3025 3029 Jam
3049 2991 3179 3030 vero
3206 2990 3333 3030 cum
3365 2975 3444 3030 ita

1870 3082 1929 3121 se
1967 3082 2083 3122 rem
2119 3066 2317 3121 habere
2349 3065 2635 3136 probatum
2664 3080 2694 3119 a
2725 3066 2884 3122 nobis
2924 3081 2988 3121 ac
3011 3066 3444 3121 demonstratum

1869 3158 2056 3225 fuerit,
2088 3157 2251 3212 simul
2287 3161 2450 3213 etiam
2497 3160 2753 3214 omnibus
2784 3167 3040 3214 constare
3070 3158 3264 3212 debere
3293 3158 3433 3213 arbi-

1868 3260 1986 3306 tror
2011 3259 2212 3307 nostra:
2240 3250 2310 3305 ab
2346 3252 2451 3306 isto
2508 3251 2655 3306 cultu
2706 3249 3062 3305 discessionis
3105 3249 3435 3318 :equitatem.

1867 3341 2032 3398 Nefas
2074 3344 2219 3397 enim
2257 3343 2593 3412 impiumque
2647 3341 2783 3397 foret
2813 3357 2921 3396 non
2961 3341 3140 3396 dicam
3174 3356 3442 3396 veneran-

1867 3433 1996 3487 dum
2016 3433 2145 3488 illud
2172 3433 2264 3488 Dei
2283 3449 2502 3494 nomen.
2541 3434 2914 3503 honoremque
2929 3448 3207 3489 summum
3240 3434 3306 3489 ad
3337 3433 3442 3489 im-

1866 3526 2068 3598 probos
2122 3528 2347 3595 spiritus
2391 3526 2656 3596 abjieere:
2686 3526 2779 3581 sed
2824 3528 2906 3582 vel
2953 3542 3078 3583 eum
3117 3528 3318 3597 ipsum,
3345 3526 3439 3596 qui

1867 3619 2077 3674 homini
2125 3618 2272 3691 regia
2315 3618 2580 3688 dignitate
2631 3618 2909 3687 praestanti
2958 3618 3242 3679 debeatur,
3269 3616 3439 3671 latro-

1866 3711 2028 3765 nibus
2087 3726 2150 3765 ac
2197 3709 2573 3780 sepulcrorum
2618 3708 2977 3763 effossorihus
3018 3707 3275 3763 tribucre.
3328 3705 3440 3760 Nos

1868 3803 2051 3874 igitur,
2081 3803 2173 3873 qui
2206 3818 2375 3857 unum
2408 3802 2560 3856 illum
2587 3800 2752 3868 hujus
2770 3799 3014 3854 universi
3040 3796 3324 3867 praesidem
3376 3810 3441 3850 ac

1866 3893 2263 3947 moderatorem
2322 3891 2491 3947 Deum
2549 3891 2764 3958 colere,
2822 3900 2874 3945 et
2924 3887 3271 3944 convenienti
3308 3886 3438 3951 ritu,

1864 3982 2111 4052 adeoque
2139 3982 2241 4052 ipsi
2264 3983 2717 4037 cbarissimarum
2756 3981 3150 4051 beatarumque
3174 3981 3440 4035 virtutum

1864 4073 2115 4142 exemplo
2137 4074 2386 4127 venerari
2412 4074 2727 4139 didicimus,
2759 4088 2860 4128 nec
2889 4073 3091 4128 terreni
3136 4071 3439 4142 quidquam

1864 4174 1959 4218 aut
1988 4164 2213 4230 mortui,
2248 4178 2349 4219 nec
2373 4164 2582 4219 saniem
2612 4172 2707 4218 aut
2729 4179 3002 4227 cruorem,
3061 4179 3162 4218 nec
3190 4163 3243 4217 id
3270 4178 3442 4233 genus

1864 4253 1971 4307 alia
2010 4252 2351 4322 corruptioni
2378 4251 2640 4314 obnoxia,
2679 4259 2733 4306 et
2760 4251 2812 4305 in
2862 4250 3144 4306 materiam
3178 4251 3441 4304 immersa

1865 4343 2249 4411 obtrudimus;
2310 4345 2405 4400 sed
2458 4344 2641 4414 potius
2702 4344 2806 4399 hoc
2860 4344 2915 4397 in
2977 4344 3117 4397 votis
3177 4342 3445 4397 habemus

176 4456 245 4523 ἐμ
256 4456 477 4523 ςὲσύχων
488 4446 748 4520 ἀποχῆς,
766 4446 1059 4519 μὴ’χρῆναι
1070 4458 1204 4515 φησι
1227 4445 1365 4515 μήτε
1406 4440 1484 4511 τῷ
1507 4441 1598 4493 ἐπὶ
1623 4439 1762 4493 πάνι-

1870 4453 2062 4502 unum,
2091 4447 2151 4492 ut
2173 4445 2353 4492 mente
2374 4437 2444 4493 ab
2470 4438 2622 4493 omni
2658 4437 3005 4506 improbitate
3054 4436 3291 4500 sincera,
3320 4449 3444 4489 eor-

178 4564 286 4600 των
341 4544 492 4615 Θεῷ,
546 4546 686 4614 μήτε
730 4538 851 4603 ταῖς
902 4539 1018 4610 μετ’
1068 4537 1228 4591 αὐτὸν
1279 4533 1452 4596 θείαις
1503 4529 1765 4601 δυνάμεσι

1870 4545 2001 4600 pore
2045 4529 2314 4586 castitatis
2372 4545 2435 4584 ac
2487 4531 2862 4600 temperantiae
2919 4529 3093 4591 cultu,
3132 4528 3226 4598 qui
3284 4527 3443 4601 longe

177 4638 385 4707 γεῶδες
423 4635 617 4708 μηδὲν,
672 4633 810 4704 μήτε
856 4629 1076 4701 θυμιᾷν,
1111 4629 1248 4699 μήτε
1280 4625 1456 4678 θύειν·
1510 4621 1766 4693 ἀλλότρια

1870 4636 2088 4676 omnem
2118 4621 2352 4675 vestium
2392 4632 2645 4677 ornatum
2703 4631 2944 4690 superat,
2975 4620 3263 4679 decorate,
3308 4632 3443 4671 sana

177 4732 285 4805 γέιρ
313 4729 389 4783 τὰ
417 4727 653 4783 τοιαῦτα
680 4726 714 4797 ἦ
744 4722 889 4778 κατά
916 4723 1017 4775 τὴν
1080 4720 1399 4792 πρέπουσαν
1457 4715 1760 4769 εὐσέϐειαν.

1872 4711 2092 4782 Deoque
2137 4713 2300 4783 digna
2340 4713 2607 4778 doctrina,
2670 4713 2925 4783 quodque
2970 4712 3217 4766 omnium
3252 4708 3447 4779 prasci-

176 4846 347 4900 puum
371 4836 484 4890 est,
512 4838 656 4895 puro
687 4824 1007 4891 integreque
1059 4817 1228 4872 animi
1277 4827 1465 4875 sensu,
1498 4809 1757 4866 traditam
1797 4823 1828 4863 a
1860 4805 2149 4862 Servatore
2173 4815 2363 4863 nostro
2390 4808 2643 4878 pietatem
2707 4807 2869 4879 149
2918 4807 2986 4861 ad
3016 4818 3245 4861 mortem
3271 4820 3445 4875 usque

179 4897 460 4974 tueamur.
496 4914 606 4968 Sed
636 4911 783 4967 enim
816 4910 904 4963 his
948 4908 1021 4960 ita
1053 4905 1289 4960 breviter
1324 4899 1602 4966 indicatis,
1667 4906 1884 4967 tempus
1918 4906 2024 4963 est,
2081 4904 2144 4951 ut
2194 4899 2262 4952 ad
2303 4914 2495 4953 eorum
2555 4897 3026 4954 confirmationem
3096 4899 3443 4954 accedamus.

176 5016 259 5068 Ac
288 5010 538 5084 primum
592 5004 812 5075 quidem
864 5015 929 5055 ea
990 4994 1242 5067 persequi
1295 5007 1476 5063 opera:
1528 4988 1762 5062 pretium
1802 4988 1987 5084 fuerit,
2045 4990 2248 5059 quibus
2280 4989 2423 5044 idem
2471 4988 2827 5060 Porphyrius,
2879 4988 3037 5084 iis
3070 5004 3199 5084 quae
3237 4989 3447 5084 dente-

181 5081 307 5161 rum
332 5103 713 5159 animatarum
735 5094 1059 5152 abstinentia
1082 5090 1321 5160 scripsit,
1350 5103 1527 5158 neque
1550 5099 1768 5141 summo
1801 5081 2046 5149 Numini,
2079 5100 2256 5155 neque
2277 5084 2535 5141 secundis
2568 5084 2637 5138 ab
2689 5097 2757 5137 eo
2782 5082 3091 5152 divinisque
3152 5081 3445 5135 virtutibus

182 5201 467 5258 terrestris
501 5195 802 5268 quidquam
851 5202 945 5247 aut
1009 5190 1359 5257 adolendum,
1423 5193 1521 5242 aut
1568 5182 1963 5240 immolandum
2009 5197 2134 5240 esse
2162 5183 2424 5249 defendit,
2458 5182 2606 5253 quod
2653 5180 2925 5251 ejusmodi
2980 5180 3160 5236 cultus
3217 5194 3445 5234 omnino

182 5303 251 5355 sit
278 5316 307 5353 ιι
335 5296 639 5354 sanctitate
671 5290 951 5364 religionis
981 5289 1211 5343 alienus.
