3858 6224
183 296 259 350 ιιι
1298 294 1623 352 PREPAR.
1664 296 1917 352 EVANG.
1964 298 2090 353 LIB.
2136 298 2223 354 IV.

3288 310 3397 365 269.

188 425 279 465 aUllI
311 428 413 483 quae
441 411 504 466 de
529 411 775 483 principe
805 425 1130 481 summoque
1157 411 1267 467 Deo
1308 414 1654 484 Apollonium
1684 414 1836 468 illum
1863 414 2165 486 Tyaneutn,
2198 416 2495 474 multorum
2552 437 2647 476 ore
2676 421 3047 489 decantatum,
3083 424 3138 479 in
3178 441 3280 480 suo
3324 428 3399 483 De

186 505 409 571 sacriﬁciis
438 520 601 573 opere
625 505 913 573 scripsisse
946 503 1149 567 ferunt,
1177 508 1321 561 hunc
1360 508 1412 560 in
1448 507 1691 561 modum.

659 595 1049 650 ΚΕΦΑΛΑΙΟΝ
1085 598 1184 652 II".

186 719 285 769 Ἔτι
305 711 417 781 περὶ
441 708 547 764 τοῦ
570 708 658 781 μὴ
689 707 903 781 χρῆναι
933 708 1013 774 τῷ
1034 711 1133 765 ἐπὶ
1170 710 1413 765 πάντων
1439 711 1562 779 Θεῷ
1591 711 1711 766 τῶν

544 779 664 834 ἀπὸ
698 779 810 848 γῆς
835 798 888 833 τι
922 781 1306 850 προσφέρειν.

239 897 431 959 «Οὕτως
472 894 582 966 (47)
619 893 799 946 τοίνυν
850 892 1085 964 μάλιστα
1127 894 1194 948 άν
1229 912 1334 960 τις,
1384 891 1558 968 οἶμαι,
1613 896 1712 969 τὴν

186 991 501 1061 προσήκουσαν
533 983 849 1055 ἐπιμέλειαν
883 985 1088 1037 ποιοῖτο
1120 984 1211 1038 τοῦ
1235 985 1416 1050 Θείου,
1452 986 1712 1057 τυγχάνοι

184 1097 229 1132 τε
253 1078 439 1132 αὐτόθεν
480 1074 611 1129 ἴλεὼ
633 1091 691 1127 τε
731 1075 826 1128 καὶ
863 1074 1124 1146 εὐμενοῦς
1168 1076 1333 1130 αὐτοῦ
1373 1079 1504 1148 παρ’
1531 1078 1713 1132 ὅντινα

183 1169 253 1225 ὠν
272 1171 403 1241 μόνος
427 1167 744 1240 ἀνθρώπων
781 1169 828 1221 εί
859 1167 979 1238 Θεῷ
1008 1168 1127 1239 μὲν,
1147 1168 1207 1221 ὃν
1330 1169 1544 1241 πρῶτον
1582 1169 1715 1239 ἔφα..

183 1281 275 1334 μεν,
301 1262 367 1315 ἑνί
394 1279 449 1316 τε
476 1261 591 1314 ὄντι
624 1260 1016 1333 κεχωρισμένῳ
1044 1261 1282 1325 πάντων,
1328 1260 1447 1332 μεθ’
1476 1261 1535 1314 όν
1574 1279 1715 1331 γνω-

185 1353 373 1423 ρίζεσθαι
407 1354 531 1415 τοὺς
587 1350 809 1415 λοιποὺς
862 1351 1180 1420 ἀναγκαῖον,
1230 1353 1304 1423 μὴ
1349 1352 1465 1406 θύοι
1508 1370 1560 1406 τι
1613 1354 1713 1425 τὴν

184 1444 331 1515 ἀρχὴν,
373 1444 502 1514 μήτε
549 1443 780 1496 ἀνάπτοι
826 1443 957 1514 πῦρ,
1019 1445 1158 1516 μήτε
1220 1444 1452 1498 καθόλου
1497 1463 1551 1498 τι
1604 1446 1715 1500 τῶν

182 1535 398 1606 αἰσθητῶν
425 1536 772 1606 ἐπονομάζοι·
799 1533 987 1606 [δεῖται
1013 1537 1123 1608 γὰρ
1147 1536 1383 1601 οὐδενὸς,
1413 1538 1532 1592 ούδὲ
1560 1540 1714 1611 παρὰ

181 1628 260 1679 τῶν
295 1628 596 1699 κρειττόνων
641 1628 786 1698 ἥπερ
823 1627 934 1698 (48)
977 1628 1167 1698 ἡμεῖς·
1207 1627 1314 1680 οὐδ’
1347 1628 1494 1681 ἐστιν
1544 1628 1573 1681 ὃ
1614 1628 1714 1701 τὴν

1738 603 1786 659 Α

2401 594 2634 651 CAPUT
2665 596 2800 651 XIII.

1821 706 2043 771 Iterum,
2071 707 2203 762 nihil
2229 725 2432 783 eorum,
2488 727 2606 783 qua:
2648 722 2789 765 terra
2819 713 3008 783 gignit,
3034 730 3242 769 summa
3286 714 3400 770 Nat-

2276 780 2408 831 mini
2438 780 2764 849 oﬁ'erendnm
2798 780 2929 837 esse.

1895 911 1912 944 ι
1942 891 2231 963 Equidem,
2264 892 2462 964 inquit,
2498 894 2579 950 sic
2609 895 2887 961 existimo,
2924 898 3089 968 justis
3135 916 3260 955 eum
3306 918 3400 957 ve-

1816 984 2002 1053 riSque
2053 984 2335 1056 religionis
2363 986 2557 1042 ciliciis
2585 986 2794 1042 Numen
2829 990 3030 1055 colere,
3064 992 3279 1062 sibique
3303 1009 3401 1063 per

1815 1091 1937 1131 sese
1961 1076 2259 1146 propitium
2291 1076 2423 1132 illud
2478 1093 2543 1133 ac
2588 1082 2889 1135 secundum
2922 1097 3034 1151 pra:
3067 1085 3279 1140 caeteris
3302 1085 3394 1141 ho-

1816 1168 2057 1221 minibus
2097 1167 2298 1222 habere
2354 1184 2535 1239 posse,
2591 1170 2637 1224 si
2671 1169 2783 1225 Deo
2833 1173 3054 1242 quidem
3091 1174 3189 1239 illi,
3235 1191 3400 1245 quem

1813 1260 2113 1330 principem
2152 1261 2414 1330 diximus,
2445 1263 2650 1333 quique
2673 1275 2727 1319 et
2767 1281 2910 1320 unus
2935 1275 3039 1332 est,
3071 1278 3125 1323 et
3154 1269 3316 1339 longo
3367 1287 3401 1325 a

1818 1352 2047 1423 reliquis
2080 1353 2369 1409 intervallo
2404 1355 2709 1423 sejunctas,
2757 1358 3058 1412 secundum
3086 1377 3249 1430 quem
3287 1364 3398 1417 uti-
3485 1360 3493 1369 ’

1813 1458 1921 1513 que
1951 1453 2177 1501 ceteros
2206 1447 2464 1518 cognosci
2489 1462 2714 1502 necesse
2741 1458 2846 1512 est,
2878 1450 3012 1505 nihil
3035 1467 3276 1523 unquam
3310 1470 3402 1509 sa-

1814 1538 2095 1605 criﬁcarit,
2128 1538 2307 1610 ignem
2367 1555 2476 1594 non
2518 1542 2850 1609 accenderit,
2900 1560 2999 1600 nec
3028 1560 3244 1613 eorum,
3275 1564 3400 1618 qua:

1814 1630 2071 1685 sensibus
2107 1641 2463 1701 usurpantur,
2518 1632 2818 1704 quidquam
2870 1635 3030 1706 plane
3059 1639 3403 1694 consecrarit

1814 1720 2026 1792 (utpote
2055 1723 2149 1792 qui
2190 1723 2269 1777 rei
2305 1723 2508 1778 nullius
2544 1723 2804 1795 indigeat,
2847 1742 2954 1781 non
2980 1729 3146 1784 modo
3175 1739 3398 1796 nostrae,

1814 1813 1909 1868 sed
1941 1829 2040 1870 nec
2067 1829 2257 1870 eorum
2312 1816 2500 1880 etiam,
2542 1831 2572 1870 a
2599 1816 2801 1887 quibus
2833 1818 3132 1889 plurimum
3188 1833 3402 1878 natura:

178 1720 311 1791 ἀρχὴν
348 1723 519 1791 ἀνίησι
563 1721 635 1791 γῆ
665 1720 854 1790 φυτὸν,
884 1720 918 1792 ἦ
950 1721 1140 1793 τρέφει
1169 1720 1329 1785 ζῶον,
1360 1721 1394 1793 ἦ
1422 1722 1551 1793 ἀὴρ,
1580 1720 1608 1774 ὃ
1639 1721 1714 1793 μὴ

178 1815 262 1882 H9)
290 1814 408 1887 πρὸς
433 1812 597 1867 αὐτόν
631 1813 695 1882 γέ
720 1830 775 1865 τι
810 1811 1070 1886 μίασμα·]
1115 1815 1261 1884 μόνῳ
1286 1813 1344 1868 δὲ
1373 1813 1551 1886 χρῷτο
1577 1818 1713 1887 πρὸς

176 1906 301 1959 αὑτὸν
334 1907 431 1959 αἰεὶ
464 1907 546 1978 τῷ
584 1907 853 1978 κρείττονι
893 1906 1056 1976 λόγῳ·
1094 1904 1264 1978 [λέγω
1298 1905 1355 1959 δὲ
1387 1907 1466 1977 τῷ
1506 1905 1582 1977 μὴ
1622 1906 1702 1959 διά

1814 1904 2079 1976 dignitate
2106 1922 2433 1979 superamur
2467 1925 2480 1961 :
2513 1925 2750 1980 cumque
2775 1911 2911 1967 adeo
2944 1914 3079 1968 nihil
3108 1915 3179 1971 sit
3205 1930 3399 1971 eorum

176 1998 389 2068 στόματος
429 1998 561 2050 ἰόντι
603 1996 762 2068 (50)·]
810 1997 905 2050 καὶ
939 1996 1090 2068 παρὰ
1128 1994 1223 2050 τοῦ
1272 1996 1558 2051 καλλίστου
1597 1998 1702 2068 (5i)

1816 2009 2163 2068 quaeaterra
2207 2002 2291 2056 vel
2347 2017 2474 2058 aere
2520 2020 2743 2075 quoquo
2804 2005 2969 2060 modo
3017 2018 3398 2077 procreentur,

175 2083 256 2133 τῶν
273 2083 435 2147 όντων,
462 2084 553 2137 διὰ
580 2084 675 2137 τοῦ
699 2084 982 2138 καλλίστου
1009 2084 1117 2139 τῶν
1143 2088 1202 2139 ὲν
1236 2087 1367 2157 ἡμῖν
1400 2086 1576 2157 αίτοίη
1612 2089 1702 2141 τά-

1815 2089 2131 2160 snimalque
2183 2091 2418 2154 nullum,
2472 2092 2541 2148 ab
2571 2103 2804 2165 utroque
2827 2093 3115 2156 nutritum,
3146 2095 3314 2165 quod,
3349 2095 3401 2151 si

174 2177 298 2245 γαθά·
335 2178 447 2242 νούς
477 2179 535 2231 δέ
578 2181 727 2231 ἔστιν
773 2174 948 2242 οὗτος,
978 2178 1210 2249 ὀργάνου
1263 2178 1339 2249 μὴ
1376 2177 1648 2250 δεόμενος.
1684 2199 1702 2231 ι

1814 2182 1952 2237 tanti
1979 2192 2232 2238 naturam
2265 2182 2519 2240 Numinis
2571 2186 2941 2251 attendamus,
2984 2202 3097 2243 non
3133 2186 3271 2242 labis
3300 2202 3396 2257 ge-

174 2268 336 2321 θόκοῦν
372 2270 505 2324 κατὰ
557 2270 732 2324 ταῦτα
782 2271 1034 2341 ούδαμῶς
1072 2270 1153 2343 τῷ
1218 2271 1438 2343 μεγάλῳ
1479 2273 1575 2326 καὶ
1613 2274 1702 2326 ἐπὶ

1814 2288 1920 2329 nus
1953 2274 2175 2345 aliquod
2199 2276 2489 2346 videatur),
2548 2277 2642 2330 sed
2700 2286 2912 2331 tantum
2936 2276 3293 2332 excellentem
3333 2277 3401 2331 il-

171 2358 346 2410 πάντων
374 2359 484 2431 θεῷ
519 2359 730 2414 θυτέον.
785 2360 1000 2414 Τούτων
1048 2353 1150 2414 ὦδε
1195 2362 1448 2432 ἐχόντων,
1500 2362 1599 2417 θέα
1646 2362 1702 2433 δὴ

1813 2366 1921 2421 lam
1945 2381 2009 2421 ac
2037 2377 2384 2437 praestantem
2418 2370 2725 2425 orationem
2780 2372 2831 2425 ei
2883 2386 3099 2441 semper
3139 2370 3401 2424 obtulerit

169 2450 315 2505 λοιπὸν
341 2457 487 2508 ὁποῖα
532 2455 669 2527 περὶ
694 2454 789 2508 τοῦ
829 2453 1118 2519 ζωοθυτεῖν
1144 2453 1174 2506 ό
1200 2454 1465 2527 πρότερος
1505 2457 1702 2527 ίστορεῐ

1814 2462 1959 2529 (eam
1993 2471 2175 2515 autem
2214 2461 2474 2532 intelligo,
2514 2478 2636 2532 quae
2666 2478 3014 2532 nequaquam
3059 2478 3155 2517 ore
3185 2462 3400 2532 profer-

170 2549 486 2617 συγγραφεὺς,
541 2547 802 2620 μάρτυρα
857 2547 951 2601 τοῦ
997 2547 1157 2617 λόγου
1213 2548 1306 2601 τὸν
1365 2547 1702 2621 Θεόφραστον

1813 2551 1945 2622 tur),
1982 2562 2145 2623 atque
2174 2554 2243 2607 ab
2266 2569 2353 2620 eo,
2387 2555 2484 2624 qui
2509 2569 2694 2610 rerum
2734 2555 2982 2611 omnium
3010 2566 3094 2611 est
3130 2556 3397 2626 Optimus,

164 2633 579 2708 ἀνακαλούμενος.

1813 2656 1879 2697 eo
1899 2643 2043 2712 quod
2075 2643 2327 2699 similiter
2358 2645 2413 2698 in
2465 2645 2626 2701 nobis
2670 2645 2938 2716 optimum
2966 2654 3050 2700 est
3079 2647 3398 2714 interprete,

162 2728 280 2786 bona
309 2734 604 2800 postularit.
637 2730 773 2785 Illud
810 2742 989 2786 autem
1023 2748 1177 2788 mens
1201 2742 1305 2796 est,
1360 2749 1483 2804 quae
1536 2735 1740 2791 nullius
1778 2751 2000 2805 operam
2044 2735 2395 2791 instrumenti
2438 2737 2728 2793 desiderat.
2761 2749 2779 2781 ι
2812 2735 2940 2792 Haec
2986 2737 3151 2806 igitur
3172 2738 3216 2791 si
3240 2737 3398 2793 audi-

161 2839 282 2887 mus,
310 2826 434 2879 nihil
464 2826 631 2896 plane
686 2840 903 2880 summo
951 2825 1027 2880 illi
1075 2841 1139 2881 ac
1171 2842 1353 2881 rerum
1405 2828 1652 2883 oumium
1698 2830 2031 2887 moderatori
2084 2829 2197 2883 Deo
2283 2829 2705 2885 sacriﬁcandum
2754 2838 2858 2886 est.
2976 2829 3109 2896 Quae
3142 2845 3266 2884 cum
3321 2830 3396 2887 ita

160 2918 270 2979 sint,
292 2917 399 2971 vide
448 2934 639 2988 porro,
679 2917 989 2987 cujusmodi
1046 2918 1177 2982 sint,
1207 2934 1330 2988 qua:
1387 2919 1456 2972 de
1533 2921 1898 2978 animantium
1946 2920 2233 2977 sacriﬁciis
2288 2920 2439 2991 prior
2494 2920 2583 2974 ille
2637 2918 2876 2990 scriptor
2904 2931 3318 2989 commemorat,
3340 2930 3395 2976 et

163 3009 481 3079 Theophrasti
544 3010 869 3066 testimonio
924 3019 1087 3080 atque
1132 3011 1459 3067 auctoritate
1488 3017 1796 3070 conllrmat.

652 3101 1049 3157 ΚΕΦΔΛΑῙΟΝ
1082 3103 1160 3155 IA’

168 3218 267 3269 Ὅτι
292 3216 631 3285 παράνομόν
655 3215 812 3278 ἐστι,
836 3212 931 3268 καὶ
952 3213 1280 3285 βλαϐερὸν,
1308 3216 1405 3269 καὶ
1430 3216 1704 3271 ἀνόσιον,

213 3283 450 3426 ἷιὲνθύὲιν
479 3283 595 3348 ζῶα
622 3285 806 3347 θεοῖο,
826 3285 923 3338 καί
954 3283 1041 3338 ὅτι
1071 3284 1356 3354 κατάραις
1382 3288 1709 3354 ὐποδεΰλη·

307 3375 390 3412 or.

220 3472 415 3548 «Πόρρω
433 3476 544 3548 (52)
563 3476 623 3531 δὲ
645 3494 756 3531 των
773 3475 901 3549 περὶ
929 3476 1027 3538 τὰς
1069 3470 1262 3534 θυσίας
1294 3470 1560 3543 ἀπαρχῶν
1594 3474 1707 3536 τοῖς

168 3563 421 3634 ἀνθρώποις
436 3564 747 3639 προϊουσῶν
761 3563 875 3635 (55)
908 3564 1246 3636 παρανομίας
1276 3564 1434 3636 ἡτῶν
1467 3565 1707 3620 δεινοτά-

167 3668 246 3705 των
259 3654 496 3725 θυμάτων
517 3653 838 3726 παράληψις
853 3653 1151 3725 ἐπεισήχθη
1165 3654 1447 3725 ὠμότητος
1459 3654 1701 3727 πλήρης·

167 3742 222 3804 ὡς
238 3743 389 3798 δοκεῖν
407 3746 505 3810 τάς
530 3744 774 3816 πρόσθεν
797 3745 928 3815 ἡμῖν
942 3743 1289 3814 ἐλεγχθείσας
1307 3744 1420 3816 (54)
1458 3746 1599 3818 ἀράς
1610 3747 1705 3800 νύν

164 3833 280 3898 τέλος
300 3838 594 3908 εἰληφέναι,
618 3834 941 3904 σφαξάντων
970 3834 1080 3888 τῶν
1101 3835 1423 3907 ἀνθρώπων,
1457 3838 1550 3890 καὶ
1578 3838 1706 3903 τοὺς

166 3925 338 3995 βωμοὺς
378 3929 754 4000 αἱμαξάντων,
800 3929 893 3996 ἀφ’
926 3923 988 3981 ού
1014 3927 1190 3999 λιμῶν
1228 3944 1289 3981 τε
1322 3929 1418 3982 καὶ
1451 3929 1705 4001 πολέμων

162 4020 487 4088 πειραθέντες,
535 4021 793 4092 αἱμάτων
838 4020 1064 4091 ἥψαντο.
1103 4021 1402 4093 Τοιγαροῦν
1426 4023 1489 4076 τὸ
1523 4022 1706 4093 δαιμό-

164 4124 246 4162 νιον
271 4110 389 4182 (55),
411 4112 487 4176 ὥς
510 4128 686 4183 φησιν
734 4112 765 4164 ὁ
800 4110 1161 4183 Θεόφραστος,
1190 4110 1394 4164 τούτων
1424 4110 1703 4183 ἑκατέρων

162 4204 452 4275 νεμεσῆσαν,
490 4205 769 4258 ἐπιθεῖναι
818 4202 915 4275 τὴν
958 4202 1275 4275 πρέπουσαν
1327 4204 1471 4258 ἔοικε
1524 4221 1701 4276 τιμω-

166 4294 282 4360 ρᾷτν·
312 4297 439 4350 καθὸ
455 4300 505 4350 οἱ
531 4298 637 4367 μὲν
670 4295 821 4351 ἄθεοι
851 4296 1105 4364 γεγόνασι
1131 4297 1243 4349 τῶν
1278 4294 1581 4367 ἀνθρώπων
1599 4313 1613 4325 ·
1652 4298 1700 4349 οί

163 4383 202 4435 δὲ
240 4390 551 4462 κακόφρονες
600 4388 885 4461 μᾶλλον,ἢ
919 4376 1171 4442 κακόθεοι
1217 4387 1499 4459 λεχθέντες
1540 4386 1606 4441 ἂν
1642 4388 1701 4441 ὲν

2394 3102 2626 3160 CAPUT
2662 3102 2802 3159 XIV.

1810 3217 2097 3291 Iniquum,
2126 3219 2431 3281 exitiosum,
2472 3231 2524 3273 et
2558 3218 2781 3291 impium
2809 3236 2944 3286 esse,
2981 3220 3212 3291 adeoque
3257 3223 3394 3277 diris

2046 3289 2349 3357 obnoxium,
2376 3290 2674 3343 animantia
2702 3290 2809 3344 diis
2830 3289 3154 3361 sacriﬁcare.

1881 3469 2035 3540 151
2070 3489 2088 3521 ι
2116 3469 2389 3525 Gliscente
2402 3469 2900 3541 paulatim,inquit,
2926 3470 2980 3526 in
2994 3471 3392 3528 sacriﬁciorum

1806 3578 2032 3618 suorum
2067 3561 2324 3632 primitiis
2356 3561 2637 3616 hominum
2666 3563 2890 3630 scelere,
2922 3564 3133 3618 invecta
3169 3565 3390 3621 tandem

1804 3664 1888 3711 est
1909 3655 2413 3725 indignissimarum
2464 3656 2814 3709 victimarum
2861 3655 3020 3725 plena
3050 3657 3391 3713 crudelitatis

1805 3749 2111 3817 usurpatio,
2166 3747 2248 3801 sic
2287 3755 2348 3801 ut
2403 3746 2739 3801 denuntiatae
2781 3747 2943 3801 nobis
2993 3756 3155 3802 antea
3230 3748 3389 3814 dirae,

1804 3857 1953 3897 nunc
1980 3841 2202 3896 demum
2220 3842 2426 3895 exitum
2451 3840 2661 3896 sortitae
2685 3840 2993 3905 videantur,
3028 3850 3388 3911 posteaquam

1805 3934 2054 3987 homines
2077 3943 2130 3987 et
2148 3933 2403 4003 jugulare
2427 3944 2481 3986 et
2500 3947 2626 3986 aras
2657 3939 2947 3987 cruentare
2969 3942 3277 4001 coeperunt,
3317 3949 3388 3989 ex

1804 4039 1912 4093 quo
1938 4024 2106 4078 semel
2141 4022 2306 4078 famis
2332 4039 2397 4078 ac
2432 4023 2701 4077 bellorum
2736 4022 3064 4078 necessitate
3089 4025 3385 4094 compulsi,

1803 4115 2044 4171 caulibus
2105 4131 2172 4171 ac
2221 4114 2488 4182 sanguine
2547 4130 2745 4170 manus
2792 4113 3129 4171 iniecissent.
3194 4116 3388 4187 Itaque

1800 4205 2036 4273 Numen,
2064 4218 2126 4261 ut
2154 4207 2230 4261 ait
2256 4204 2690 4276 Theophrastus,
2717 4206 3005 4277 utriusque
3023 4207 3101 4261 rei
3137 4207 3383 4279 indigni-

1802 4307 1911 4352 tate
1959 4307 2318 4367 commotum,
2347 4298 2528 4367 justas
2562 4298 2631 4352 ab
2658 4298 2972 4353 hominibus
3006 4315 3197 4369 ρωπος
3219 4316 3384 4371 expe-

1800 4390 1929 4453 tiit;
1970 4388 2115 4460 quod
2149 4389 2243 4443 alii
2289 4389 2510 4460 quidem
2561 4389 2707 4444 athei
2748 4390 3083 4458 exstiterint,
3112 4392 3205 4446 alii
3241 4392 3385 4447 male

162 4474 271 4547 δίκῃ,
299 4479 378 4532 διὰ
412 4480 472 4533 τὸ
508 4479 759 4550 φαύλους
781 4478 875 4531 καὶ
903 4478 1068 4549 μηδὲν
1098 4476 1255 4548 ἡμῶν
1279 4476 1520 4547 βελτίους
1557 4478 1701 4548 ἠγεῖ-

1813 4479 2101 4536 sentientes
2130 4479 2313 4535 verius
2350 4494 2516 4549 quam
2553 4480 2609 4534 in
2663 4479 2797 4535 deos
2845 4480 3018 4551 impii,
3049 4481 3250 4552 quippe
3287 4484 3381 4554 qui

165 4565 257 4620 σθαι
280 4571 365 4642 τὴν
395 4571 560 4642 φύσιν
602 4564 748 4625 εἶναι
780 4570 908 4634 τοὺς
934 4569 1107 4634 θεούς.
1145 4569 1331 4634 Οὕτως
1361 4570 1410 4622 oi
1445 4569 1545 4641 μὲν
1572 4568 1699 4624 άθυ⁹

163 4673 222 4710 τοι
258 4662 514 4729 φαίνονται
546 4662 814 4732 γενέσθαι
866 4661 1030 4727 τινὲς,
1088 4662 1138 4716 οἱ
1165 4661 1222 4715 δὲ
1257 4660 1567 4725 κακόθυτοι,
1600 4662 1697 4716 καὶ

162 4754 440 4825 παρανόμων
472 4756 757 4827 ἁψάμενοι
796 4753 1053 4826 θυμάτων
1067 4751 1419 4823 (56).»Πάλιν
1448 4755 1505 4809 δὲ
1535 4758 1564 4809 ὁ
1607 4756 1699 4808 αύ-

215 4909 305 4981 (Π)
340 4912 553 4980 Οὕτως.
597 4911 764 4968 Hunc
794 4911 977 4967 locum
1025 4912 1221 4983 repetit
1263 4910 1359 4967 lib.
1393 4926 1453 4966 ιιι
1494 4910 1572 4966 De
1601 4914 1694 4968 de—

164 4993 198 5027 lit

201 4986 540 5124 ἲὲιῖτιῗτεῗξ.
580 5052 786 5124 Helius
812 5067 975 5121 quam
1008 5052 1079 5124 in
1100 5050 1633 5124 Dayton_str.,oi'1rap.

199 5120 304 5199 ,(49)
343 5115 527 5193 Ὅμῆ.
573 5123 637 5177 In
679 5115 1001 5189 Demonstr.,
1038 5122 1117 5177 sic
1166 5115 1213 5190 ᾧ
1254 5122 1315 5176 ού
1350 5115 1610 5191 πρόσεστί
1638 5141 1692 5177 τι

163 5206 534 5331 "Idm.
577 5261 894 5318 Demonstr.
926 5262 1076 5317 ίέντι.

215 5329 303 5401 (3|)
337 5336 441 5386 Kal
472 5333 642 5402 παρὰ
670 5332 779 5386 τοῦ
802 5332 981 5386 xw.
1022 5332 1162 5387 Hinc
1198 5333 1599 5388 emendandum
1637 5332 1692 5388 in

164 5392 447 5475 ΙὶιιιιιοὶιιιινηΔ
469 5392 574 5459 ιιιιῖ
593 5403 794 5475 vitiose
815 5405 1037 5475 ~legitur,
1066 5403 1219 5475 παρὰ
1254 5404 1328 5475 Αδὲ
1369 5402 1465 5457 τοῦ
1508 5403 1692 5475 καλλί-

166 5474 387 5563 29:121.:
407 5472 601 5537 ὄντων,
629 5472 723 5525 διὰ
748 5473 840 5527 τοῦ
871 5472 1162 5527 καλλίστου
1183 5473 1279 5527 τοῦ
1309 5475 1367 5527 ὲν
1394 5476 1524 5545 ἡμῖν
1549 5474 1692 5527 δόντι

610 5612 793 5685 Verba
836 5623 965 5669 sunt
1006 5614 1317 5685 Porphyrii,
1342 5630 1409 5685 ex
1433 5613 1624 5669 eodem
1651 5630 1688 5668 ιι

171 5677 488 5755 (legitimi;
515 5701 571 5754 p.
612 5684 724 5755 I50
749 5700 899 5755 novae
926 5685 1083 5748 edit.,
1112 5677 1283 5755 Ξιιιίίιιἐ
1320 5684 1411 5738 2‘2.

220 5750 307 5822 (53)
343 5750 714 5824 npbwbasr.
752 5753 1142 5823 Melius,quam
1165 5765 1223 5811 ut
1246 5750 1523 5826 'Porphyr.
1568 5771 1693 5825 προ-

1799 4570 2105 4641 vulgarem,
2150 4570 2434 4642 nihiloque
2463 4582 2651 4626 nostra
2695 4570 2977 4627 meliorem
3006 4573 3233 4628 deorum
3257 4589 3382 4631 esse

1798 4669 2051 4714 naturam
2084 4660 2330 4715 arbitrati
2357 4659 2504 4725 sint;
2533 4674 2644 4728 quo
2672 4657 2874 4715 factum
2904 4660 3069 4714 etiam
3111 4659 3294 4729 fuerit,
3322 4672 3384 4717 ut

1799 4755 1876 4809 illi
1907 4755 2117 4809 nullum
2145 4754 2372 4810 omnino
2431 4753 2764 4809 sacrilicium
2826 4752 3077 4819 fecerint,
3145 4755 3201 4810 hi
3246 4771 3379 4812 vero

1797 4926 1923 4963 εγου
1929 4925 2058 4961 σων.

1826 4927 2297 5053 χῖξῖῗνιὶρόςαεν
2359 4977 2505 5053 ἡμῖῖ
2549 4976 2979 5053 ,θλ-εγκθείσας·
3060 4977 3376 5053 Ρ⁰⁹⁹¹¹Ῡ”’

1795 5049 2001 5120 πρόσθε
2054 5048 2337 5130 λεχθείσας
2537 5047 2723 5130 ῄμῶνλ
2774 5051 2925 5130 Alter
2960 5064 3014 5130 Ae
3070 5047 3368 5114 manuscr.,

1794 5117 2252 5193 προσενεχθείσας
2304 5118 2428 5171 καθ’
2460 5117 2635 5190 ἡμῶν.
2683 5117 2817 5184 Quae
2871 5119 3132 5174 lectiones
3175 5133 3376 5177 nosti-at

1794 5190 2023 5245 omnino
2058 5199 2337 5257 praestant.

1866 5260 1982 5330 (55)
2029 5259 2351 5329 Τοιγαροῦν
2378 5259 2446 5312 τὸ
2474 5259 2806 5328 δαιμόνιον.
2847 5258 2986 5326 Quid
3040 5267 3266 5330 secutus
3305 5261 3371 5316 sit

1793 5329 2060 5401 Porphyr.
2123 5331 2411 5401 interpres,
2444 5347 2568 5401 pou
2622 5331 2757 5401 satis
2809 5330 3071 5398 intelligo,
3102 5329 3253 5401 Adum
3299 5331 3373 5386 ita

1794 5403 1957 5455 vertit
1982 5399 1996 5454 Ξ
2025 5400 2281 5459 Proinde,
2326 5401 2403 5453 ait
2442 5399 2874 5468 Theophrastus,
2914 5401 3041 5467 quia
3089 5399 3278 5454 horum
3325 5413 3372 5454 et

1794 5472 2013 5525 illorum
2058 5470 2263 5523 numini
2291 5469 2508 5539 quidam
2537 5479 2965 5536 succensuerunt,
3002 5470 3214 5524 videtur
3246 5486 3373 5524 con-

1793 5544 1997 5595 veniens
2022 5540 2303 5611 pwnaillis
2329 5541 2596 5611 imposita,
2620 5549 2725 5592 etc.

1868 5607 2356 5698 (56)Ν’⁰Αψάμενος
2402 5607 2696 5698 θυμαέωγ.
2738 5607 2836 5662 His
2878 5609 3071 5698 [subdit
3120 5608 3369 5698 Rorplty-

1794 5682 1935 5749 rius,
1961 5679 2162 5741 Thoas,
2191 5682 2420 5749 populos
2448 5681 2505 5752 ἐν
2540 5679 2759 5750 Θρᾴκης
2787 5680 3080 5752 μεθορίοις
3111 5679 3368 5752 οἰκήσαν-

1795 5770 1911 5816 τας,
1940 5752 2085 5822 quod
2118 5752 2282 5805 nullis
2316 5751 2540 5805 omnino
2569 5750 2850 5806 sacriﬁciis
2873 5760 3173 5817 uterentur,
3196 5750 3365 5817 ἄναρ-
