3858 6224
443 231 557 287 265

1120 227 1393 285 EUSEBH
1423 226 1904 283 CESARIENSIS
1929 227 2080 283 OPP.
2115 226 2297 282 PARS
2328 212 2390 282 ll.
2417 259 2473 271 --
2499 226 3010 286 APOLOGETICA.

3599 231 3704 286 264

436 346 681 417 improha
743 344 991 411 fecerint,
1038 345 1276 401 victimis
1326 345 1410 400 usi
1450 344 1694 399 nefariis.
1739 364 1758 395 ι
1811 344 2008 411 Quibus

2122 344 2214 408 τὸς
2241 343 2566 416 προστίθησι
2606 346 2699 400 καὶ
2724 342 2896 399 ταῦτα
2915 363 2929 375 ’
2950 366 2967 397 ι
2988 342 3093 404 ’Ὡν
3114 345 3177 417 δὴ
3198 346 3314 420 (57)
3337 346 3527 400 τοῦτον
3557 348 3707 418 ἐχόν-

435 441 539 493 isla
586 438 868 509 subjungit
900 452 950 489 ι(
1006 435 1139 502 Qum
1182 453 1305 491 cum
1333 438 1404 491 ita
1468 452 1527 491 se
1573 436 1830 494 habeant.
1890 436 2014 506 jure

433 529 843 601 Theophrastus
878 530 1173 594 interdicit,
1221 544 1291 583 ne
1348 545 1378 582 a
1435 543 1738 597 quoquam,
1780 529 1825 581 si
1857 530 2017 582 modo

432 637 613 679 veram
651 622 904 693 pietatem
926 637 990 675 ac
1024 622 1338 692 religionem
1377 625 1559 674 colere
1588 621 1734 685 velit,
1776 636 1865 675 res
1894 621 2014 674 ani-

432 724 592 768 matte
633 715 741 769 diis
787 714 1177 778 immolentur;
1205 713 1256 766 id
1295 712 1441 782 quod
1467 712 1590 767 aliis
1631 712 1906 782 plerisque
1931 729 2017 766 ra-

431 806 675 860 tionibus
705 806 821 875 ipse
851 807 1161 859 conﬁrmat.
1190 824 1208 855 ι
1243 804 1485 875 Itemque
1511 805 1672 875 paulo
1706 814 1827 873 post
1854 823 1868 860 :
1898 823 1916 855 ι
1947 804 2013 858 Et

430 913 582 961 sane,
617 897 814 967 inquit,
844 912 905 951 ea
930 906 1140 951 tantum
1174 897 1487 951 sacriﬁcare
1520 913 1618 967 par
1642 907 1745 959 est,
1779 912 2014 966 quorum

432 989 763 1044 sacriﬁcium
799 990 934 1043 nulli
962 989 1262 1059 perniciem
1297 988 1489 1043 aﬁerat
1525 1007 1541 1044 :
1574 988 1711 1042 nihil
1739 989 1885 1042 enim
1911 997 2013 1055 est,

426 1081 571 1150 quod
606 1096 761 1151 aeque
787 1096 851 1136 ac
887 1081 1219 1135 sacriﬁcium
1274 1081 1344 1135 ab
1380 1080 1529 1133 omni
1567 1081 1799 1134 aliorum
1849 1081 2018 1136 detri-

434 1182 619 1227 mento
642 1189 838 1228 vacare
868 1174 1082 1227 debeat.
1111 1172 1248 1226 Nam
1278 1173 1322 1227 si
1352 1173 1477 1241 quis
1513 1172 1874 1226 nihilominus
1897 1172 2017 1225 ani-

425 1276 639 1319 mantes
666 1281 829 1334 quam
856 1265 1067 1321 fructus
1117 1267 1267 1335 ipsos
1297 1266 1456 1320 nobis
1487 1281 1516 1319 a
1548 1263 1660 1320 Deo
1690 1275 1913 1321 nostros
1957 1265 2013 1319 in

426 1374 561 1413 usus
615 1373 911 1413 concessas
975 1373 1039 1412 ac
1086 1359 1318 1411 donatas
1366 1372 1488 1411 esse
1551 1357 1772 1424 dixerit,
1810 1358 2016 1428 cogitet

423 1452 707 1505 enimvero
774 1452 999 1505 exilium
1036 1451 1144 1504 illis
1171 1452 1238 1504 ab
1286 1465 1406 1505 sese
1442 1449 1644 1512 aﬂ‘erri,
1673 1451 1873 1520 quippe
1901 1450 2018 1519 qui-

425 1537 530 1592 bus
563 1539 807 1592 animum
838 1540 1050 1609 eripiat.
1084 1540 1485 1594 Abstinendum
1513 1540 1681 1610 igitur
1715 1540 1784 1593 ah
1822 1556 2011 1594 earum

424 1628 699 1681 sacriﬁcio
731 1638 833 1689 est.
867 1631 1170 1700 praesertim
1208 1645 1332 1683 cum
1374 1629 1557 1692 θυσία,
1598 1631 1699 1684 hoc
1728 1640 1813 1685 est
1838 1631 2007 1686 sacri-

2117 453 2228 489 των
2279 436 2373 489 τὸν
2406 438 2626 509 τρόπον,
2663 438 2886 500 εἰκότως
2929 441 2957 491 6
2988 437 3332 510 Θεόφραστος
3378 438 3707 511 ἀπαγορεύει

2123 526 2198 599 μὴ
2215 526 2362 580 θύειν
2389 528 2457 581 τά
2485 528 2710 600 ἔμψυχα
2729 530 2851 593 τοὺς
2885 529 2963 600 τῷ
2995 529 3367 584 ὖντιεύσεόεῖν
3399 530 3705 595 ἐθέλοντας.

2119 619 2400 691 χρώμενος
2420 623 2516 676 καὶ
2549 621 2825 686 τοιαύταις
2852 623 3039 687 ἄλλαις
3063 623 3284 687 αἰτίαις.
3324 643 3341 675 ι
3384 625 3491 677 Καὶ
3524 624 3708 677 ἐπιλέ-

2119 731 2243 782 γειο
2281 734 2298 765 ι
2338 716 2448 769 Καὶ
2478 715 2584 787 μὴν
2619 716 2728 786 (58)
2767 716 2915 769 θύειν
2949 717 3031 770 δεῖ
3061 718 3264 782 ἐκεῖνα,
3304 717 3340 772 ἃ
3367 717 3584 783 θύοντες
3618 720 3710 772 οὐ-

2120 807 2246 860 δένα
2314 807 2704 879 πημανοῦμεν·
2754 807 2911 862 οὐδὲν
2946 808 3054 880 γὰρ
3098 808 3173 874 ὡς
3206 809 3264 862 τὸ
3295 808 3442 880 θῦμα
3477 809 3712 873 ἀϐλαϐὲς

2120 896 2259 954 εἶναι
2300 899 2404 974 χρὴ
2449 902 2606 955 πᾶσι.
2655 901 2719 954 Εἰ
2762 901 2819 954 δὲ
2852 899 2999 968 λέγοι
3022 918 3140 964 τις,
3173 902 3254 954 ὅτι
3286 901 3384 971 οὐχ
3404 896 3566 972 ἧττον
3598 902 3710 954 τῶν

2118 992 2348 1064 καρπῶν
2381 993 2475 1045 καὶ
2498 993 2565 1045 τὰ
2590 991 2706 1056 ζῶα
2734 994 2864 1063 ἡμῖν
2892 994 2972 1055 εἰς
2996 992 3190 1063 χρῆσιν
3221 994 3249 1045 6
3280 993 3413 1058 Θεὸς
3440 992 3672 1046 δέδωκεν
3690 1010 3706 1023 ·

2117 1081 2231 1135 ἀλλ’
2291 1078 2384 1135 οὖν
2413 1098 2477 1151 γε
2513 1080 2623 1153 (59)
2663 1080 3035 1152 ἐπιθυομένων
3077 1081 3184 1134 τῶν
3215 1081 3369 1147 ζώων
3399 1082 3552 1154 ᾳέρει
3578 1083 3705 1136 τινὰ

2120 1173 2327 1244 βλάϐην
2387 1175 2591 1236 αὐτοῖς,
2633 1172 2729 1226 ἅτε
2788 1173 2889 1243 τῆς
2930 1170 3109 1242 ψυχῆς
3160 1173 3582 1243 νοσφιζομένων.
3631 1174 3709 1226 υύ

2118 1266 2305 1319 θυτέον
2344 1262 2436 1319 οὖν
2490 1264 2662 1319 ταῦτα
2705 1263 2916 1336 (60)·ή
2960 1263 3067 1335 γὰρ
3119 1263 3280 1317 θυσία
3307 1264 3430 1317 ὁσία
3463 1264 3547 1329 τίς
3590 1265 3710 1317 ἐστι

2117 1358 2211 1410 καὶ
2242 1356 2383 1411 κατὰ
2412 1356 2650 1426 τοῦνομα
2691 1372 2706 1386 ·
2743 1356 2886 1418 ὅσιος
2907 1355 2965 1408 δὲ
3006 1353 3200 1418 οὐδεὶς,
3235 1354 3294 1418 ὃς
3322 1357 3389 1408 ἐκ
3410 1354 3518 1407 τῶν
3548 1354 3710 1408 ἀλλο-

2116 1451 2282 1519 τρίων
2331 1449 2618 1503 ἀποδίδωσι
2666 1449 2913 1521 χάριτας,
2958 1447 3059 1501 κᾶν
3098 1449 3344 1519 καρποὺς
3391 1447 3553 1520 λάϐῃ,
3598 1450 3710 1501 κᾶν

2119 1542 2281 1611 φυτὰ,
2332 1540 2405 1612 μὴ
2454 1540 2730 1603 ἐθέλοντος
2757 1539 2889 1609 (61).
2922 1538 3047 1601 Πῶς
3071 1539 3182 1609 γὰρ
3215 1540 3381 1593 ὅσιον.
3412 1539 3708 1609 ἀδικουμέ-

2116 1652 2224 1687 νων
2257 1633 2366 1686 τῶν
2417 1631 2860 1704 ἀφαιρεθέντωνς
2902 1631 3040 1684 Εἰδὲ
3074 1631 3195 1683 οὐδὲ
3249 1630 3478 1702 καρπῶν
3507 1633 3536 1684 6
3566 1633 3716 1701 ἀψά-

427 1721 610 1774 licium
642 1721 726 1774 vel
751 1722 868 1791 ipso
897 1722 1137 1787 nomine,
1194 1721 1339 1784 ὁσία,
1393 1721 1445 1776 id
1494 1732 1577 1776 est
1608 1723 1781 1777 sancti
1806 1724 2008 1793 aliquid

2124 1743 2286 1798 μενος
2307 1695 2601 1797 ἀλλοτρίων
2664 1722 2773 1794 (62)
2825 1722 2987 1785 ὁσίως
3032 1722 3092 1775 οὐ
3121 1721 3260 1786 θύει,
3408 1738 3472 1790 γε
3504 1695 3712 1776 τούτων

424 1813 655 1882 pus-ique
681 1822 832 1868 sonet
859 1832 873 1879 ;
905 1824 1130 1867 sanctus
1170 1824 1349 1868 autem
1367 1830 1527 1868 nemo
1551 1815 1643 1880 sit,
1697 1816 1790 1884 qui
1822 1815 2014 1871 alienis

422 1922 485 1957 cx
512 1907 711 1970 rebus,
764 1921 860 1959 seu
921 1905 1131 1960 fruetus
1160 1907 1286 1969 illm,
1327 1922 1419 1961 seu
1456 1907 1653 1976 plantae
1682 1909 1810 1969 sint,
1842 1908 2013 1962 invito

421 1998 645 2052 domino
665 2000 963 2068 usurpatis,
991 2000 1198 2068 gratias
1240 1999 1457 2053 habeat.
1477 1999 1612 2054 Nam
1650 2010 1903 2055 sanctum
1960 2002 2013 2057 id

420 2091 649 2160 cssequi
672 2093 868 2159 possit,
885 2091 1027 2160 quod
1046 2106 1170 2145 cum
1190 2107 1402 2154 eorum,
1422 2092 1516 2162 qui
1541 2094 1706 2147 rebus
1728 2095 1844 2148 suis
1880 2110 2011 2162 spo-

422 2181 649 2248 liantur,
671 2183 870 2253 injuria
888 2184 1003 2239 ﬁat?
1026 2184 1181 2251 Quod
1198 2185 1240 2238 si
1259 2199 1325 2237 ne
1340 2182 1609 2240 fructibus
1626 2187 1843 2254 quidem
1881 2186 2013 2240 alie-

423 2274 509 2327 nis
526 2274 853 2329 sacriﬁcium
873 2291 904 2328 a
921 2292 1198 2345 quoquam
1218 2274 1333 2329 ﬁeri
1349 2286 1535 2330 sancte
1551 2287 1729 2347 potest
1749 2296 1760 2330 :
1778 2279 1869 2348 qui
1895 2294 2010 2332 rem

420 2366 584 2421 alicui
611 2367 770 2438 longe
796 2370 1226 2438 prmstantiorem
1255 2368 1534 2439 eripuerit,
1557 2369 1604 2424 is
1632 2368 1873 2439 profecto
1903 2385 2010 2424 non

424 2459 531 2512 nisi
556 2460 717 2530 impie
734 2461 1043 2515 sacriﬁcare
1065 2461 1281 2530 poterit,
1316 2476 1441 2516 cum
1467 2460 1761 2532 indignitas
1786 2470 1840 2516 et
1869 2461 2013 2531 inju-

420 2551 501 2605 ria
538 2551 641 2606 hoc
665 2551 782 2621 ipso
811 2551 1032 2621 gravior
1060 2551 1350 2608 sitfutura.
1380 2552 1563 2609 Terrae
1590 2566 1778 2608 autem
1819 2552 2013 2609 fructi-

420 2638 524 2695 bus
542 2641 722 2693 anima
742 2650 887 2696 certe
900 2641 1121 2712 quidem
1144 2643 1440 2713 plurimum
1461 2645 1868 2714 antecellit,qua
1887 2661 2014 2715 pro-

417 2730 939 2788 indeanimantesab
955 2734 1488 2805 eo,quisacrihcium
1511 2733 1689 2790 facere
1716 2736 1865 2801 velit,
1881 2751 2011 2805 spo-

418 2822 565 2887 liari,
592 2824 746 2880 nefas
771 2825 960 2897 utique
984 2826 1285 2882 fueritJAc
1309 2844 1502 2882 rursus
1527 2843 1539 2879 :
1574 2847 1592 2878 ι
1624 2829 2011 2884 Animantibus

420 2915 585 2983 igitur
597 2916 649 2970 in
667 2916 954 2973 sacriﬁciis
970 2919 1300 2987 parcendum
1315 2930 1419 2974 est.
1435 2917 1793 2989 slterumque:
1823 2938 1841 2970 ι
1855 2919 2011 2986 Quod

419 3021 551 3077 ergo
582 3023 757 3077 neque
787 3017 1062 3075 sanctum,
1086 3025 1260 3080 neque
1280 3010 1435 3064 facile
1450 3011 1688 3079 parabile
1709 3009 1892 3076 fuerit,
1922 3027 2012 3066 sa-

419 3098 778 3153 criﬁcandum
822 3100 875 3153 id
911 3116 1020 3154 non
1064 3101 1187 3154 erit.
1231 3102 1354 3155 »Ἀρ
1375 3101 1659 3170 deinceps:
1697 3121 1716 3154 ί
1754 3105 1942 3173 Itaque
1966 3105 2012 3160 si

422 3190 786 3244 animantium
824 3205 1043 3261 quoque
1079 3192 1349 3261 primitias
1372 3206 1692 3248 consecrare
1715 3194 1820 3249 diis
1847 3211 2014 3265 Opor-

420 3280 574 3343 tebit,
601 3286 823 3349 prepter
841 3281 1079 3350 aliquam
1098 3298 1163 3336 ex
1181 3282 1356 3338 tribus
1378 3283 1527 3337 hisce
1542 3285 1726 3339 causis
1742 3286 2009 3355 ejusmodi

420 3374 749 3429 sacrilicium
792 3373 908 3428 ﬁeri
934 3376 1239 3445 oportebit,
1268 3391 1394 3431 cum
1420 3377 1627 3431 nullum
1650 3378 1877 3434 omnino
1904 3380 2010 3436 nisi

420 3465 615 3521 harum
649 3482 717 3522 ex
765 3467 946 3537 aliqua
970 3466 1088 3523 fieri
1138 3470 1331 3523 soleat.
1361 3467 1444 3522 An
1463 3484 1592 3524 vero
1630 3485 1752 3525 sese
1807 3472 2016 3527 honore

424 3557 582 3628 152
609 3556 845 3623 Numen,
881 3576 944 3615 ac
979 3575 1088 3614 non
1116 3561 1299 3629 potius
1330 3560 1596 3616 dedecore
1625 3561 1763 3617 allici
1800 3579 1829 3617 a
1854 3564 2013 3619 nobis

420 3648 839 3721 interpretetur,
860 3654 906 3707 si
942 3653 1025 3707 vel
1063 3653 1183 3722 ipso
1221 3652 1591 3722 primitiarum
1630 3670 1827 3724 genere
1868 3657 2013 3726 inju-

419 3743 557 3799 riam
578 3745 701 3799 aliis
727 3744 1071 3800 inferamus?
1122 3745 1283 3813 Atqui
1329 3761 1425 3800 eas
1456 3762 1591 3801 sane
1621 3748 1948 3815 animantes,
1975 3766 2006 3805 a

417 3835 621 3904 quibus
645 3835 756 3891 laesi
788 3851 1070 3906 nunquam
1107 3835 1305 3900 simus,
1338 3835 1610 3889 immolari
1640 3852 1669 3890 a
1699 3837 1856 3892 nobis
1881 3839 2004 3893 sine

418 3928 661 3997 ipsarum
701 3927 901 3998 injuria
960 3942 1070 3982 non
1126 3943 1289 3997 posse
1349 3929 1749 3997 agnoscimus:
1792 3931 1997 3984 nullam

417 4018 585 4089 igitur
603 4035 669 4074 ex
692 4018 781 4084 iis,
820 4034 940 4088 quae
970 4026 1287 4087 supersunt,
1304 4033 1402 4088 per
1432 4019 1657 4075 honoris
1685 4021 1851 4074 divini
1883 4037 2004 4091 spc-

419 4109 558 4161 ciem
588 4108 860 4161 immolari
882 4107 1140 4175 deinceps
1165 4105 1459 4176 oportebit.
1495 4105 1601 4161 Sed
1626 4121 1694 4161 ne
1736 4107 2001 4162 habendm

419 4199 641 4269 quidem
706 4197 931 4252 Numini
978 4199 1164 4269 gratia:
1209 4212 1395 4252 causa.
1430 4194 1565 4251 Nam
1624 4199 1718 4267 qui
1766 4199 2004 4267 acceptis

2119 1816 2425 1889 τιμιώτατα
2454 1816 2563 1887 (65)
2620 1813 2897 1875 παντελῶς
2935 1814 3034 1884 οὐχ
3065 1816 3211 1867 ὅσιον
3268 1813 3714 1886 ἀφαιρουμένους

2119 1913 2280 1966 τινῶν
2314 1911 2462 1964 θύειν
2482 1927 2495 1940 ο
2528 1910 2588 1963 τὸ
2610 1909 2720 1980 γὰρ
2748 1908 2919 1961 δεινὸν
2948 1907 3080 1962 αὐτὸ
3107 1907 3316 1974 γίνεται
3345 1905 3457 1977 (64)
3496 1908 3710 1977 μεῖζον.

2132 2005 2196 2057 Ἠ
2218 2003 2361 2075 ψυχὴ
2395 2003 2451 2056 δὲ
2491 2000 2670 2071 πολλῶ
2689 2000 3012 2071 τιμιώτερον
3042 1998 3149 2052 τῶν
3173 2001 3238 2051 ὲκ
3269 2002 3374 2071 γῆς
3399 1999 3710 2070 φυομένων,

2120 2097 2185 2168 ἢν
2220 2094 2570 2168 ἀφαιρεῖσθαι
2604 2092 2799 2146 θύοντα
2839 2091 2954 2157 ζῶα
2984 2090 3044 2144 οὐ
3083 2094 3378 2165 apes-ﬁxe.»
3403 2091 3510 2144 Kal.
3535 2089 3717 2143 ἐπιλέ-

2119 2205 2237 2257 γει·
2264 2207 2282 2238 ι
2306 2186 2593 2255 Ἀφεκτέον
2624 2184 2733 2256 (65)
2764 2184 2872 2256 ἄρα
2892 2185 3000 2236 τῶν
3017 2183 3170 2247 ζώων
3203 2184 3260 2237 ὲν
3291 2185 3411 2247 ταῖς
3434 2181 3669 2245 θυσέαιςο
3688 2201 3706 2231 ι

2123 2281 2217 2334 καὶ
2241 2279 2404 2333 πάλιν
2438 2277 2590 2349 φησί’
2625 2277 2731 2329 «Τὸ
2759 2276 2937 2329 τοίνυν
2971 2275 3098 2346 μήθ’
3122 2277 3287 2338 ὅσιον,
3314 2275 3439 2346 μήτ’
3472 2274 3715 2327 εὐδάπα-

2120 2389 2208 2425 νον
2230 2373 2291 2424 οὐ
2315 2370 2557 2424 θυτέον.»
2585 2369 2694 2423 Καὶ
2711 2367 2855 2439 ἑξῆς
2886 2366 3090 2437 ιῖὪστε
3107 2367 3202 2421 καὶ
3221 2367 3327 2420 τῶν
3339 2365 3491 2430 ζώων
3519 2365 3632 2436 (66)
3662 2367 3713 2418 εἰ

2120 2461 2431 2534 ἀπαρκτέον
2481 2461 2620 2513 αὐτά
2656 2460 2815 2523 θεοῖς,
2852 2459 2996 2523 τινὸς
3035 2459 3203 2512 ἕνεκα
3229 2458 3447 2512 θυτέον·
3481 2457 3713 2527 καὶγὰρ

2118 2554 2154 2609 ἀ
2179 2555 2398 2624 θύομεν,
2447 2551 2652 2604 τούτων
2683 2552 2828 2613 τινὸς
2855 2551 3017 2603 ἕνεκα
3047 2548 3160 2619 (67)
3203 2548 3422 2619 θύομεν.
3455 2543 3581 2618 Ἆρ’
3609 2542 3711 2601 οὖν

2120 2646 2286 2718 τιμῆς
2322 2643 2572 2717 ἡγήσαιτ’
2608 2643 2672 2697 ἄν
2702 2661 2784 2707 τις
2812 2643 3098 2713 τυγχάνειν
3126 2640 3303 2711 ἡμῶν,
3340 2639 3373 2709 ἢ
3402 2639 3534 2702 Θεὸς
3569 2637 3705 2707 (68),

2118 2738 2246 2790 ὅταν
2279 2733 2589 2795 ἀδικοῦντες
2617 2731 2778 2794 εὐθὺς
2798 2731 2887 2784 διὰ
2912 2732 3011 2802 τῆς
3037 2728 3291 2801 ἀπαρχῆς
3319 2725 3642 2798 φαινόμεθα,
3669 2728 3704 2797 ἢ

2124 2829 2323 2900 μᾶλλον
2355 2829 2579 2899 ἀτιμίαν
2630 2827 2858 2897 οίήσαιτ⁸
2885 2823 2950 2877 ἂν
2981 2822 3041 2875 τὸ
3083 2821 3292 2875 τοιοῦτο
3322 2820 3454 2892 δρᾷν
3477 2819 3597 2884 ;Ὲν
3626 2817 3709 2889 τῷ

2119 2925 2177 2977 δέ
2237 2941 2298 2993 γε
2343 2922 2491 2976 θύειν
2539 2919 2888 2993 ἀναιροῦντες
2932 2918 3000 2971 τὰ
3051 2917 3213 2988 μηδὲν
3254 2914 3542 2968 ἀδικοῦντα
3591 2912 3707 2965 τῶν

2120 3014 2273 3080 ζώων
2308 3014 2513 3067 ἀδικεῖν
2558 3010 2944 3083 ὁμολογοῦμεν.
2996 3010 3156 3062 Ὥστε
3197 3008 3362 3078 τιμῆς
3402 3005 3499 3076 μὲν
3540 3005 3707 3057 ἕνεκα

2120 3106 2180 3157 οὐ
2211 3103 2397 3157 θυτέον
2423 3102 2533 3155 τῶν
2553 3099 2755 3154 λοιπῶν
2791 3099 2944 3165 ζώων
2979 3098 3131 3151 οὐδέν
3155 3114 3170 3127 ·
3203 3097 3263 3149 οὐ
3299 3096 3404 3168 μὴν
3449 3094 3567 3147 οὐδὲ
3591 3094 3707 3147 τῶν

2120 3186 2448 3267 εὐεργεσιῶν
2491 3196 2676 3257 αὐτοῖς
2725 3193 2884 3264 χάριν
2931 3190 3296 3253 ἀποδιδόντας.
3356 3188 3416 3240 '0
3453 3187 3560 3258 γὰρ
3600 3188 3707 3259 τὴν

2117 3288 2331 3342 δικαίαν
2361 3286 2593 3357 ἀμοιϐὴν
2629 3287 2727 3356 τῆς
2769 3284 3089 3355 εὐεργεσίας
3118 3283 3212 3336 καὶ
3238 3282 3337 3352 τῆς
3364 3280 3613 3343 εὐποιίας
3645 3280 3710 3334 τὸ

2118 3378 2366 3443 ἀντάξιον
2424 3377 2707 3440 ἀποδιδοὺς
2752 3378 2853 3429 οὐκ
2909 3378 2973 3430 ἐκ
3031 3375 3124 3429 τοῦ
3174 3376 3358 3439 κακῶς
3405 3392 3526 3427 τινα
3565 3374 3709 3445 δρᾷν

2118 3467 2321 3536 ὀφείλει
2336 3467 2509 3521 ταῦτα
2534 3465 2796 3537 παρέχειν
2819 3482 2831 3495 '
2855 3465 3007 3518 οὐδὲν
3028 3466 3136 3538 γὰρ
3161 3465 3359 3537 μᾶλλον
3376 3462 3713 3535 ἀμείϐεσθαι

2114 3559 2331 3630 δόξει,ἢ
2363 3557 2466 3612 κᾶν
2495 3560 2544 3610 εἰ
2573 3557 2643 3610 τὰ
2678 3557 2772 3610 τοῦ
2805 3555 2973 3619 πέλας
3010 3557 3265 3629 ἁρπάσας
3290 3574 3371 3620 τις
3406 3558 3711 3628 στεφανοξη

2112 3650 2267 3713 τινὰς
2289 3651 2365 3712 ὡς
2381 3650 2540 3720 χάριν
2570 3647 2853 3710 ἀπδιδοῦς
2886 3647 2981 3700 καὶ
3002 3649 3187 3718 τιμήν.
3235 3646 3372 3699 Ἀλλ’
3400 3645 3519 3699 οὐδὲ
3539 3646 3713 3716 χάριν

2111 3742 2255 3804 τινὸς
2276 3740 2441 3794 ἕνεκα
2472 3740 2579 3794 τῶν
2605 3740 2823 3809 ἀγαθῶν
2846 3758 2859 3770 ’
2885 3744 2913 3794 ὀ
2940 3740 3048 3812 γὰρ
3080 3740 3250 3810 ἀδίκῳ
3282 3739 3476 3812 πράξει
3499 3739 3608 3809 (69)
3642 3741 3713 3793 τὸ

2113 3833 2307 3886 παθεῖν
2332 3830 2390 3887 εὖ
2428 3832 2678 3904 θηρεύων
2709 3831 2952 3895 ὕποπτός
2990 3834 3105 3885 ἐστι
3137 3832 3269 3903 μηδὲ
3302 3827 3359 3885 εὖ
3390 3831 3575 3885 παθὼν
3596 3834 3710 3902 χά-

2113 3943 2199 3998 ριν
2231 3925 2393 3992 ἓξειν.
2421 3926 2581 3977 Ὥστε
2609 3923 2730 3976 οὐδὲ
2762 3924 3124 3994 ἐλπιζομένης
3158 3922 3474 3994 εὐεργεσίας
3507 3921 3708 3975 θυτέον

2113 4016 2232 4068 ἐστὶ
2258 4018 2371 4079 τοῖς
2402 4015 2542 4078 θεοῖς
2571 4015 2639 4068 τὰ
2696 4012 2809 4079 ζῶα
2829 4031 2842 4044 ·
2871 4016 2964 4068 καὶ
2993 4015 3102 4086 γὰρ
3137 4015 3201 4086 δὴ
3224 4014 3334 4067 τῶν
3361 4013 3460 4085 μὲν
3484 4000 3741 4083 ἀνθρώὶ-

2114 4125 2231 4161 πων
2263 4107 2413 4163 λάθοι
2465 4125 2551 4172 τις
2584 4108 2650 4161 ἀν
2684 4107 2813 4172 ἴσως
2838 4107 2961 4161 τινὰ
2988 4107 3147 4161 τοῦτο
3190 4108 3475 4179 πράττων
3512 4107 3607 4160 τὸν
3645 4107 3709 4161 δὲ

2114 4200 2247 4252 Θεὸν
2304 4199 2586 4271 ἀμήχανον
2640 4201 2735 4254 καί
2780 4200 2981 4253 λαθεῖν.
3030 4200 3092 4253 Εἰ
3135 4199 3313 4253 τοίνυν
3365 4198 3552 4251 θυτεον
3594 4199 3708 4269 μὲν

419 4342 661 4404 πάστους
692 4339 751 4406 ἐξ
778 4339 1081 4412 ἀνθρώπων
1107 4338 1406 4409 γεγονέναι,
1436 4354 1670 4409 quorum
1713 4337 2007 4412 netenuis-

2122 4348 2357 4412 utroque
2377 4354 2626 4412 manuse.
2651 4339 2950 4412 legebatur.

419 4416 622 4466 simum
648 4413 867 4481 quidem
887 4410 1190 4481 vestigium
1224 4412 1751 4481 superesset.Atque
1772 4410 1855 4481 illi
1880 4418 2009 4463 sunt

417 4498 560 4552 quos
611 4478 804 4545 ἀθέους
851 4478 1102 4536 vocabat.
1140 4478 1366 4552 Contra,
1417 4478 1679 4552 Bassaros
1736 4478 2006 4552 (Bassara

420 4552 604 4624 Lydia)
633 4554 890 4622 oppidum
928 4553 1052 4614 fuit,
1088 4553 1232 4606 unde
1271 4551 1484 4624 Baccho
1510 4551 1762 4604 Bassarei
1799 4564 2006 4624 cogno-

420 4620 731 4694 mentum),
781 4635 917 4677 aestu
961 4624 1198 4692 quodam
1246 4636 1333 4694 ac,
1360 4620 2002 4694 furoresuperstjtionis

419 4691 698 4764 abreptos,
743 4691 1029 4764 taurorum
1074 4692 1461 4753 immolationi,
1494 4692 1590 4745 καὶ
1611 4691 1711 4763 τὴν
1758 4691 1867 4744 τῶν
1911 4691 2005 4743 ἀν-

422 4763 815 4836 θρωποθυσιῶν
845 4763 1012 4835 βοράν
1047 4764 1353 4836 addidisse;
1399 4778 1541 4836 quos
1584 4772 1865 4836 propterea
1897 4777 1999 4813 κα-

419 4833 693 4906 κόςρρονας
722 4833 1047 4904 appellabat,
1080 4835 1480 4906 quodpravam
1499 4834 1578 4906 _t_le
1607 4833 1711 4886 diis
1738 4833 2001 4906 deorum-

420 4901 721 4974 qne'sensu
753 4901 1069 4973 opinionem
1102 4901 1470 4958 imbibissent.
1498 4901 1609 4957 Hos
1640 4904 1846 4956 mutuis
1875 4902 2001 4956 inde

421 4976 739 5029 vulneribus
767 4976 995 5029 periisse
1021 4975 1205 5028 tradit.

421 4990 739 5030 VUIHCI'IDUS
767 4990 995 5030 DCHISSB
1021 4990 1205 5028 ll'aull.

496 4992 739 5030 Inertnus
767 4992 995 5045 pernsse
1021 4992 1205 5028 trautt.

641 5040 755 5129 Ϊῼγ
782 5043 879 5129 δή.
914 5044 1050 5129 Eod.
1088 5045 1210 5129 loco
1235 5042 1594 5129 β.1.5,8ηηοναξ
1631 5042 1763 5097 edit.

490 5113 604 5188 (58)
633 5117 743 5171 Kal
775 5113 922 5188 μήῖ.
956 5113 1452 5188 Porphyr._p.

638 5183 791 5258 Ἆῤ.λίἱ
816 5184 930 5243 οὖν
958 5183 1307 5258 re._Porph.,
1325 5183 1456 5258 ἀλλ’
1477 5184 1561 5258 ὅτι
1591 5200 1678 5252 γε.

488 5250 600 5328 (60)
628 5254 753 5313 Οὗν
779 5250 988 5328 ταῦτα’.
1054 5250 1256 5324 Porph.
1294 5250 1448 5309 (delet
1503 5250 1616 5321 05v,
1661 5253 1790 5323 quia
1844 5253 1998 5323 prius

417 5323 509 5380 ὅτι
528 5323 615 5396 γε,
646 5344 754 5382 non
781 5323 875 5382 οὖν
913 5343 997 5395 γε.

494 5390 608 5469 (fil)
667 5397 765 5466 Μὴ
810 5390 1145 5469 ἐθέλοντος.
1195 5391 1426 5469 Porph,
1478 5392 1552 5465 μὴ
1609 5395 1673 5469 ἐκ
1730 5390 1994 5469 θέλοντος,

420 5463 566 5537 quod
588 5463 797 5523 'recﬁus
825 5469 1058 5521 videtur.
1080 5466 1235 5531 Quod
1263 5463 1676 5537 sequitur,‘1t£b;
1696 5465 1811 5537 γὰρ
1827 5464 1991 5525 ὅσιον.

424 5534 1074 5610 ᾁδικουμιθπηθῃάθιυπη
1117 5558 1146 5596 3
1187 5535 1344 5610 nobis
1384 5543 1486 5599 est,
1527 5550 1650 5610 cum
1688 5534 1748 5610 in
1782 5534 1993 5588 excuso

423 5604 630 5662 Euseb:
674 5609 963 5679 legeretur,
980 5610 1111 5679 πῶς
1169 5604 1278 5678 γὰρ
1318 5604 1484 5679 doma,
1546 5605 1646 5679 οὐκ
1677 5604 1844 5679 ἀδικ.,
1870 5620 1994 5679 qua}

426 5680 637 5747 negatio
670 5675 891 5735 sensum
921 5677 1162 5747 tollebat,
1196 5675 1294 5732 nec
1337 5675 1391 5730 in
1450 5675 1775 5745 Porphyrio,
1805 5690 1905 5731 nec
1934 5676 1988 5729 in

2186 4401 2296 4480 (6‘2)
2325 4408 2399 4463 Ib.
2422 4411 2667 4480 καρπῶν
2696 4401 2730 4462 ὅ
2751 4408 3062 4480 ἁψάμενος
3091 4405 3448 4474 ἀλλοτρίων.
3460 4401 3705 4473 Porph.,

2111 4482 2356 4551 καρποὺς
2377 4481 2405 4533 6
2427 4479 2760 4551 ἀφελόμενος
2783 4479 2980 4533 ἄλλων.

2182 4549 2292 4619 (65)
2345 4549 2678 4618 Τιμιώτατα.
2714 4551 2941 4618 Porph.,
2981 4550 3300 4619 τιμιώτερα.

2182 4617 2296 4691 (64)
2311 4617 2466 4674 Αὐτὸ
2497 4622 2742 4691 γίνεται.
2784 4617 3010 4691 Porph.,
3038 4617 3436 4691 οὕτω-γίνεται.

2183 4688 2293 4763 (65)
2322 4691 2693 4763 μἈερεκτέον.
2718 4689 3012 4763 ljorphyr.,
3034 4704 3103 4763 _p.
3138 4688 3261 4763 142.

2183 4704 2293 4763 (ῠῦ)
2352 4704 2693 4758 Ἀερεκτετοτα
2718 4704 3012 4759 1’0rpnyr.,
3138 4704 3261 4743 142.

2183 4762 2294 4834 (66)
2320 4761 2498 4834 Ὥστε
2536 4762 2636 4834 καὶ
2683 4759 2805 4834 τῶν
2837 4758 3010 4834 (dicor.
3079 4759 3405 4834 ogpb.._pag.

2181 4827 2294 4903 (677)
2330 4832 2499 4903 Τίνος
2529 4830 2725 4884 ἕνεκα.
2754 4829 3008 4903 Legeud.,
3031 4843 3095 4903 es
3120 4827 3346 4903 Porph”
3362 4827 3576 4903 τούτων
3606 4845 3707 4881 τι-

2106 4898 2199 4966 νὸς
2223 4898 2406 4955 ἕνεκα.
2441 4901 2574 4955 Illud
2620 4915 2749 4954 vero
2793 4898 2999 4952 τούτων
3029 4900 3097 4953 ad
3141 4899 3241 4952 tria
3295 4900 3385 4952 illa
3429 4900 3703 4959 refertur,

2105 4988 2228 5041 qua;
2253 4981 2512 5041 tauquam
2538 4971 2683 5026 solas
2715 4968 3706 5041 immolandorumjianimaliumjcau-

2105 5038 2219 5166 ﬁas,
2248 5038 2411 5165 ppql'o
2438 5050 2563 5096 ante
2585 5042 2902 5111 protulerat,
2923 5053 3063 5109 quas
3093 5038 3285 5093 ordine
3308 5054 3374 5093 ac
3407 5039 3702 5110 sigillatini

2148 5128 2194 5166 te
2219 5128 2279 5166 re
2305 5129 2333 5166 e
2379 5122 2438 5166 ιι.

2148 5116 2194 5168 ic
2219 5113 2438 5167 rel'ellit.

2179 5183 2290 5255 (68)
2316 5184 2429 5237 Ἀν
2444 5200 2535 5255 τις
2566 5180 2891 5252 τυγχάνειν
2937 5176 3164 5249 ἡ,μῶνῆ
3215 5181 3381 5247 Θεός.
3411 5178 3702 5250 Porphyr-

2103 5252 2246 5311 delet
2272 5252 2356 5324 τις
2389 5252 2519 5324 eti),
2554 5265 2717 5324 recte.

2177 5324 2287 5396 (69)
2317 5323 2381 5396 '07
2399 5318 2511 5393 γὰρ
2532 5322 2719 5396 ἀδίκῳ
2739 5320 2973 5391 πράξει,
2990 5329 3096 5396 etc.
3115 5319 3347 5392 lnterpr.
3387 5318 3666 5396 Porphyr.

2100 5392 2232 5450 sic':
2269 5392 2543 5458 ’Quienim
2590 5395 2788 5463 injuste
2839 5392 3064 5463 agendo,
3124 5403 3271 5445 cavet
3323 5392 3649 5461 supplicium
3677 5433 3699 5454 ,

2098 5467 2479 5535 formidolosus
2527 5473 2627 5528 est,
2679 5479 2842 5533 neque
2875 5464 3000 5516 bene
3056 5464 3277 5535 meritus
3330 5479 3386 5535 a_
3416 5476 3699 5532 quoquam

2098 5531 2327 5618 gratiam
2352 5535 2629 5589 habiturus
2657 5531 2763 5599 est,
2819 5549 3006 5599 sensu,
3044 5533 3095 5588 ni
3127 5531 3307 5599 fallor,
3336 5533 3497 5603 plane
3538 5531 3697 5587 eon-

2098 5618 2284 5661 ll'ill'lO.
