  <div class='ocr_page' id='page_1' title='image "/cluster/home/n/w/nwhite01/storage/ocr_20150623/21/nnc1.0046978437/170.png"; bbox 0 0 3858 6224; ppageno 0'>
   <div class='ocr_carea' id='block_1_1' title="bbox 231 306 3442 368">
    <p class='ocr_par' dir='ltr' id='par_1_1' title="bbox 231 306 3442 368">
     <span class='ocr_line' id='line_1_1' title="bbox 231 306 3442 368; baseline -0 0"><span class='ocrx_word' id='word_1_1' title='bbox 231 313 312 368; x_wconf 73' lang='grc'><strong>265</strong></span> <span class='ocrx_word' id='word_1_2' title='bbox 1330 308 1655 364; x_wconf 68' lang='lat' dir='ltr'><strong>PRA&#39;LI’AR.</strong></span> <span class='ocrx_word' id='word_1_3' title='bbox 1693 307 1949 362; x_wconf 77' lang='lat' dir='ltr'><strong>EVANG.</strong></span> <span class='ocrx_word' id='word_1_4' title='bbox 1994 307 2120 362; x_wconf 86' lang='lat' dir='ltr'><strong>LIB.</strong></span> <span class='ocrx_word' id='word_1_5' title='bbox 2156 306 2244 362; x_wconf 75' lang='lat' dir='ltr'><strong>IV.</strong></span> <span class='ocrx_word' id='word_1_6' title='bbox 3333 311 3442 367; x_wconf 74' lang='lat'><strong>266</strong></span> 
     </span>
    </p>
   </div>
   <div class='ocr_carea' id='block_1_2' title="bbox 229 405 1747 494">
    <p class='ocr_par' dir='ltr' id='par_1_2' title="bbox 229 419 1747 493">
     <span class='ocr_line' id='line_1_2' title="bbox 229 419 1747 493; baseline -0.003 -16"><span class='ocrx_word' id='word_1_7' title='bbox 229 423 392 478; x_wconf 73' lang='grc' dir='ltr'>τούτων</span> <span class='ocrx_word' id='word_1_8' title='bbox 443 423 582 485; x_wconf 79' lang='grc' dir='ltr'>τινὸς</span> <span class='ocrx_word' id='word_1_9' title='bbox 629 420 743 493; x_wconf 88' lang='grc'>(70)</span> <span class='ocrx_word' id='word_1_10' title='bbox 794 422 975 484; x_wconf 72' lang='grc' dir='ltr'>ἕνεκα,</span> <span class='ocrx_word' id='word_1_11' title='bbox 1027 419 1240 484; x_wconf 73' lang='grc' dir='ltr'>οὐδενὸς</span> <span class='ocrx_word' id='word_1_12' title='bbox 1271 421 1328 474; x_wconf 84' lang='grc' dir='ltr'><strong>δὲ</strong></span> <span class='ocrx_word' id='word_1_13' title='bbox 1359 421 1565 475; x_wconf 75' lang='grc' dir='ltr'>τούτων</span> <span class='ocrx_word' id='word_1_14' title='bbox 1598 420 1747 493; x_wconf 65' lang='grc' dir='ltr'>χάριν</span> 
     </span>
    </p>
   </div>
   <div class='ocr_carea' id='block_1_3' title="bbox 1858 405 3445 494">
    <p class='ocr_par' dir='ltr' id='par_1_3' title="bbox 1862 405 3445 494">
     <span class='ocr_line' id='line_1_3' title="bbox 1862 405 3445 494; baseline 0.001 -18"><span class='ocrx_word' id='word_1_15' title='bbox 1862 421 2143 476; x_wconf 87' lang='lat' dir='ltr'><strong>beneﬁciis</strong></span> <span class='ocrx_word' id='word_1_16' title='bbox 2169 407 2448 475; x_wconf 85' lang='lat' dir='ltr'><strong>referenda</strong></span> <span class='ocrx_word' id='word_1_17' title='bbox 2475 422 2648 492; x_wconf 84' lang='lat' dir='ltr'><strong>gratia</strong></span> <span class='ocrx_word' id='word_1_18' title='bbox 2671 438 2770 493; x_wconf 90' lang='lat' dir='ltr'><strong>par</strong></span> <span class='ocrx_word' id='word_1_19' title='bbox 2795 405 2920 479; x_wconf 77' lang='lat' dir='ltr'><strong>esse</strong></span> <span class='ocrx_word' id='word_1_20' title='bbox 2944 423 3094 491; x_wconf 99' lang='lat' dir='ltr'><strong>velit,</strong></span> <span class='ocrx_word' id='word_1_21' title='bbox 3119 423 3166 479; x_wconf 89' lang='lat' dir='ltr'><strong>is</strong></span> <span class='ocrx_word' id='word_1_22' title='bbox 3196 423 3445 494; x_wconf 88' lang='lat' dir='ltr'><strong>profecto</strong></span> 
     </span>
    </p>
   </div>
   <div class='ocr_carea' id='block_1_4' title="bbox 230 512 1747 586">
    <p class='ocr_par' dir='ltr' id='par_1_4' title="bbox 230 512 1747 586">
     <span class='ocr_line' id='line_1_4' title="bbox 230 512 1747 586; baseline -0.001 -20"><span class='ocrx_word' id='word_1_23' title='bbox 230 515 330 567; x_wconf 70' lang='grc' dir='ltr'>αὐτὸ</span> <span class='ocrx_word' id='word_1_24' title='bbox 357 514 629 586; x_wconf 77' lang='grc' dir='ltr'><strong>πρακτέον,</strong></span> <span class='ocrx_word' id='word_1_25' title='bbox 668 513 828 583; x_wconf 76' lang='grc' dir='ltr'>δῆλον</span> <span class='ocrx_word' id='word_1_26' title='bbox 881 513 956 576; x_wconf 86' lang='grc' dir='ltr'>ὼς</span> <span class='ocrx_word' id='word_1_27' title='bbox 990 513 1049 566; x_wconf 78' lang='grc' dir='ltr'>οὑ</span> <span class='ocrx_word' id='word_1_28' title='bbox 1082 512 1268 566; x_wconf 78' lang='grc' dir='ltr'><strong>θυτέον</strong></span> <span class='ocrx_word' id='word_1_29' title='bbox 1303 515 1420 566; x_wconf 74' lang='grc' dir='ltr'>ἐστὶ</span> <span class='ocrx_word' id='word_1_30' title='bbox 1460 513 1529 565; x_wconf 82' lang='grc' dir='ltr'>τὰ</span> <span class='ocrx_word' id='word_1_31' title='bbox 1557 512 1670 577; x_wconf 78' lang='grc' dir='ltr'><strong>ζῶα</strong></span> <span class='ocrx_word' id='word_1_32' title='bbox 1695 512 1747 564; x_wconf 76' lang='grc' dir='ltr'>τὲ</span> 
     </span>
    </p>
   </div>
   <div class='ocr_carea' id='block_1_5' title="bbox 1858 512 3444 586">
    <p class='ocr_par' dir='ltr' id='par_1_5' title="bbox 1865 513 3444 584">
     <span class='ocr_line' id='line_1_5' title="bbox 1865 513 3444 584; baseline 0.001 -16"><span class='ocrx_word' id='word_1_33' title='bbox 1865 531 1959 584; x_wconf 88' lang='lat' dir='ltr'><strong>per</strong></span> <span class='ocrx_word' id='word_1_34' title='bbox 1986 515 2219 568; x_wconf 90' lang='lat' dir='ltr'><strong>alienam</strong></span> <span class='ocrx_word' id='word_1_35' title='bbox 2241 513 2497 583; x_wconf 87' lang='lat' dir='ltr'><strong>iujuriam</strong></span> <span class='ocrx_word' id='word_1_36' title='bbox 2529 516 2630 570; x_wconf 94' lang='lat' dir='ltr'><strong>hoc</strong></span> <span class='ocrx_word' id='word_1_37' title='bbox 2658 516 2836 571; x_wconf 89' lang='lat' dir='ltr'><strong>facere</strong></span> <span class='ocrx_word' id='word_1_38' title='bbox 2870 533 2980 572; x_wconf 87' lang='lat' dir='ltr'><strong>non</strong></span> <span class='ocrx_word' id='word_1_39' title='bbox 3009 516 3206 571; x_wconf 88' lang='lat' dir='ltr'><strong>debeat</strong></span> <span class='ocrx_word' id='word_1_40' title='bbox 3231 535 3244 570; x_wconf 92' lang='lat'><strong>:</strong></span> <span class='ocrx_word' id='word_1_41' title='bbox 3283 532 3444 572; x_wconf 86' lang='lat' dir='ltr'><strong>secus</strong></span> 
     </span>
    </p>
   </div>
   <div class='ocr_carea' id='block_1_6' title="bbox 231 604 1747 678">
    <p class='ocr_par' dir='ltr' id='par_1_6' title="bbox 231 604 1747 676">
     <span class='ocr_line' id='line_1_6' title="bbox 231 604 1747 676; baseline 0 -20"><span class='ocrx_word' id='word_1_42' title='bbox 231 606 439 676; x_wconf 77' lang='grc' dir='ltr'>παράπαν</span> <span class='ocrx_word' id='word_1_43' title='bbox 465 607 572 667; x_wconf 84' lang='grc' dir='ltr'>τοῖς</span> <span class='ocrx_word' id='word_1_44' title='bbox 604 605 765 668; x_wconf 84' lang='grc' dir='ltr'><strong>Θεοῖς.</strong></span> <span class='ocrx_word' id='word_1_45' title='bbox 803 605 912 656; x_wconf 73' lang='grc' dir='ltr'>Καὶ</span> <span class='ocrx_word' id='word_1_46' title='bbox 943 604 1105 658; x_wconf 79' lang='grc' dir='ltr'>πάλιν</span> <span class='ocrx_word' id='word_1_47' title='bbox 1136 605 1396 672; x_wconf 80' lang='grc' dir='ltr'>ὲπιλέγει’</span> <span class='ocrx_word' id='word_1_48' title='bbox 1436 624 1454 656; x_wconf 74' lang='grc' dir='ltr'><strong>ι</strong></span> <span class='ocrx_word' id='word_1_49' title='bbox 1496 605 1621 667; x_wconf 83' lang='grc' dir='ltr'>Τοῖς</span> <span class='ocrx_word' id='word_1_50' title='bbox 1659 604 1747 674; x_wconf 64' lang='grc' dir='ltr'>μὲν</span> 
     </span>
    </p>
   </div>
   <div class='ocr_carea' id='block_1_7' title="bbox 1858 604 3446 678">
    <p class='ocr_par' dir='ltr' id='par_1_7' title="bbox 1863 605 3446 678">
     <span class='ocr_line' id='line_1_7' title="bbox 1863 605 3446 678; baseline 0 -18"><span class='ocrx_word' id='word_1_51' title='bbox 1863 606 2032 672; x_wconf 87' lang='lat' dir='ltr'><strong>enim,</strong></span> <span class='ocrx_word' id='word_1_52' title='bbox 2092 605 2312 674; x_wconf 86' lang='lat' dir='ltr'><strong>perinde</strong></span> <span class='ocrx_word' id='word_1_53' title='bbox 2367 607 2596 675; x_wconf 83' lang='lat' dir='ltr'><strong>gratiam</strong></span> <span class='ocrx_word' id='word_1_54' title='bbox 2649 623 2914 678; x_wconf 86' lang='lat' dir='ltr'><strong>reponere</strong></span> <span class='ocrx_word' id='word_1_55' title='bbox 2959 608 3231 675; x_wconf 89' lang='lat' dir='ltr'><strong>videatur,</strong></span> <span class='ocrx_word' id='word_1_56' title='bbox 3294 616 3354 662; x_wconf 92' lang='lat' dir='ltr'><strong>ut</strong></span> <span class='ocrx_word' id='word_1_57' title='bbox 3401 611 3446 663; x_wconf 91' lang='lat' dir='ltr'><strong>si</strong></span> 
     </span>
    </p>
   </div>
   <div class='ocr_carea' id='block_1_8' title="bbox 228 696 1747 770">
    <p class='ocr_par' dir='ltr' id='par_1_8' title="bbox 228 696 1747 768">
     <span class='ocr_line' id='line_1_8' title="bbox 228 696 1747 768; baseline -0.001 -18"><span class='ocrx_word' id='word_1_58' title='bbox 228 697 426 766; x_wconf 59' lang='grc' dir='ltr'>γὰρῇί)</span> <span class='ocrx_word' id='word_1_59' title='bbox 476 699 508 768; x_wconf 81' lang='grc' dir='ltr'>ἡ</span> <span class='ocrx_word' id='word_1_60' title='bbox 556 698 717 766; x_wconf 75' lang='grc' dir='ltr'>φύσις</span> <span class='ocrx_word' id='word_1_61' title='bbox 760 698 856 751; x_wconf 76' lang='grc' dir='ltr'><strong>καὶ</strong></span> <span class='ocrx_word' id='word_1_62' title='bbox 911 698 1060 750; x_wconf 81' lang='grc' dir='ltr'>πᾶσα</span> <span class='ocrx_word' id='word_1_63' title='bbox 1108 697 1217 749; x_wconf 79' lang='grc' dir='ltr'><strong>τῶν</strong></span> <span class='ocrx_word' id='word_1_64' title='bbox 1254 696 1560 768; x_wconf 84' lang='grc' dir='ltr'>ἀνθρώπων</span> <span class='ocrx_word' id='word_1_65' title='bbox 1588 699 1623 768; x_wconf 80' lang='grc' dir='ltr'>ὴ</span> <span class='ocrx_word' id='word_1_66' title='bbox 1654 696 1747 766; x_wconf 80' lang='grc' dir='ltr'>τῆς</span> 
     </span>
    </p>
   </div>
   <div class='ocr_carea' id='block_1_9' title="bbox 1858 696 3447 770">
    <p class='ocr_par' dir='ltr' id='par_1_9' title="bbox 1866 698 3447 770">
     <span class='ocr_line' id='line_1_9' title="bbox 1866 698 3447 770; baseline 0.002 -19"><span class='ocrx_word' id='word_1_67' title='bbox 1866 699 1990 767; x_wconf 85' lang='lat' dir='ltr'><strong>quis</strong></span> <span class='ocrx_word' id='word_1_68' title='bbox 2009 698 2170 752; x_wconf 92' lang='lat' dir='ltr'><strong>rebus</strong></span> <span class='ocrx_word' id='word_1_69' title='bbox 2199 698 2284 761; x_wconf 79' lang='lat' dir='ltr'><strong>iis,</strong></span> <span class='ocrx_word' id='word_1_70' title='bbox 2312 699 2517 768; x_wconf 82' lang='lat' dir='ltr'><strong>quibus</strong></span> <span class='ocrx_word' id='word_1_71' title='bbox 2538 715 2569 754; x_wconf 89' lang='lat' dir='ltr'><strong>e</strong></span> <span class='ocrx_word' id='word_1_72' title='bbox 2595 699 2788 755; x_wconf 84' lang='lat' dir='ltr'><strong>vicinis</strong></span> <span class='ocrx_word' id='word_1_73' title='bbox 2805 701 3045 770; x_wconf 85' lang='lat' dir='ltr'><strong>aliquem</strong></span> <span class='ocrx_word' id='word_1_74' title='bbox 3063 715 3159 770; x_wconf 91' lang='lat' dir='ltr'><strong>per</strong></span> <span class='ocrx_word' id='word_1_75' title='bbox 3186 701 3294 754; x_wconf 86' lang='lat' dir='ltr'><strong>vim</strong></span> <span class='ocrx_word' id='word_1_76' title='bbox 3317 715 3447 770; x_wconf 85' lang='lat' dir='ltr'><strong>spo-</strong></span> 
     </span>
    </p>
   </div>
   <div class='ocr_carea' id='block_1_10' title="bbox 225 786 1747 862">
    <p class='ocr_par' dir='ltr' id='par_1_10' title="bbox 225 790 1549 862">
     <span class='ocr_line' id='line_1_10' title="bbox 225 790 1549 862; baseline 0 -18"><span class='ocrx_word' id='word_1_77' title='bbox 225 790 366 860; x_wconf 73' lang='grc' dir='ltr'>ψυχῆς</span> <span class='ocrx_word' id='word_1_78' title='bbox 392 791 632 862; x_wconf 70' lang='grc' dir='ltr'>αἴσθησις</span> <span class='ocrx_word' id='word_1_79' title='bbox 661 790 956 861; x_wconf 77' lang='grc' dir='ltr'><strong>δρωμένοις</strong></span> <span class='ocrx_word' id='word_1_80' title='bbox 994 790 1391 861; x_wconf 85' lang='grc' dir='ltr'>συνηρέσκοντο</span> <span class='ocrx_word' id='word_1_81' title='bbox 1413 790 1549 860; x_wconf 73' lang='grc'>(72).</span> 
     </span>
    </p>
   </div>
   <div class='ocr_carea' id='block_1_11' title="bbox 1858 786 3447 862">
    <p class='ocr_par' dir='ltr' id='par_1_11' title="bbox 1866 786 3447 851">
     <span class='ocr_line' id='line_1_11' title="bbox 1866 786 3447 851; baseline 0.003 -11"><span class='ocrx_word' id='word_1_82' title='bbox 1866 787 2073 851; x_wconf 89' lang='lat' dir='ltr'><strong>liasset,</strong></span> <span class='ocrx_word' id='word_1_83' title='bbox 2127 786 2356 841; x_wconf 86' lang='lat' dir='ltr'><strong>alterum</strong></span> <span class='ocrx_word' id='word_1_84' title='bbox 2410 788 2607 842; x_wconf 90' lang='lat' dir='ltr'><strong>deinde</strong></span> <span class='ocrx_word' id='word_1_85' title='bbox 2672 789 2754 843; x_wconf 86' lang='lat' dir='ltr'><strong>vel</strong></span> <span class='ocrx_word' id='word_1_86' title='bbox 2800 791 3048 846; x_wconf 89' lang='lat' dir='ltr'><strong>beneﬁcii</strong></span> <span class='ocrx_word' id='word_1_87' title='bbox 3084 790 3169 846; x_wconf 85' lang='lat' dir='ltr'><strong>vel</strong></span> <span class='ocrx_word' id='word_1_88' title='bbox 3220 790 3447 846; x_wconf 85' lang='lat' dir='ltr'><strong>honoris</strong></span> 
     </span>
    </p>
   </div>
   <div class='ocr_carea' id='block_1_12' title="bbox 228 879 3446 952">
    <p class='ocr_par' dir='ltr' id='par_1_12' title="bbox 228 879 3446 952">
     <span class='ocr_line' id='line_1_12' title="bbox 228 879 3446 952; baseline -0 -16"><span class='ocrx_word' id='word_1_89' title='bbox 228 897 356 936; x_wconf 85' lang='lat' dir='ltr'><strong>causa</strong></span> <span class='ocrx_word' id='word_1_90' title='bbox 410 882 649 938; x_wconf 76' lang='lat' dir='ltr'><strong>donaret.</strong></span> <span class='ocrx_word' id='word_1_91' title='bbox 681 881 984 948; x_wconf 86' lang='lat' dir='ltr'><strong>Postremo,</strong></span> <span class='ocrx_word' id='word_1_92' title='bbox 1020 897 1121 936; x_wconf 91' lang='lat' dir='ltr'><strong>nec</strong></span> <span class='ocrx_word' id='word_1_93' title='bbox 1160 883 1346 937; x_wconf 90' lang='lat' dir='ltr'><strong>animo</strong></span> <span class='ocrx_word' id='word_1_94' title='bbox 1391 897 1611 952; x_wconf 90' lang='lat' dir='ltr'><strong>quoque</strong></span> <span class='ocrx_word' id='word_1_95' title='bbox 1659 879 1788 935; x_wconf 89' lang='lat' dir='ltr'><strong>boni</strong></span> <span class='ocrx_word' id='word_1_96' title='bbox 1828 879 1897 934; x_wconf 92' lang='lat' dir='ltr'><strong>ab</strong></span> <span class='ocrx_word' id='word_1_97' title='bbox 1951 879 2070 949; x_wconf 90' lang='lat' dir='ltr'><strong>ipso</strong></span> <span class='ocrx_word' id='word_1_98' title='bbox 2101 879 2400 948; x_wconf 83' lang='lat' dir='ltr'><strong>quidquam</strong></span> <span class='ocrx_word' id='word_1_99' title='bbox 2436 879 2782 950; x_wconf 76' lang='lat' dir='ltr'><strong>impetrandi.</strong></span> <span class='ocrx_word' id='word_1_100' title='bbox 2833 881 3096 952; x_wconf 82' lang='lat' dir='ltr'><strong>Quisquis</strong></span> <span class='ocrx_word' id='word_1_101' title='bbox 3143 882 3290 937; x_wconf 89' lang='lat' dir='ltr'><strong>enim</strong></span> <span class='ocrx_word' id='word_1_102' title='bbox 3337 897 3446 936; x_wconf 85' lang='lat' dir='ltr'><strong>ma-</strong></span> 
     </span>
    </p>
   </div>
   <div class='ocr_carea' id='block_1_13' title="bbox 227 974 3446 1048">
    <p class='ocr_par' dir='ltr' id='par_1_13' title="bbox 227 974 3446 1048">
     <span class='ocr_line' id='line_1_13' title="bbox 227 974 3446 1048; baseline 0.001 -20"><span class='ocrx_word' id='word_1_103' title='bbox 227 974 693 1031; x_wconf 85' lang='lat' dir='ltr'><strong>leﬁciobeneﬁcium</strong></span> <span class='ocrx_word' id='word_1_104' title='bbox 745 986 1068 1046; x_wconf 84' lang='lat' dir='ltr'><strong>aucupatur,</strong></span> <span class='ocrx_word' id='word_1_105' title='bbox 1101 991 1228 1031; x_wconf 90' lang='lat' dir='ltr'><strong>eum</strong></span> <span class='ocrx_word' id='word_1_106' title='bbox 1279 992 1347 1031; x_wconf 91' lang='lat' dir='ltr'><strong>ne</strong></span> <span class='ocrx_word' id='word_1_107' title='bbox 1398 987 1620 1046; x_wconf 88' lang='lat' dir='ltr'><strong>accepto</strong></span> <span class='ocrx_word' id='word_1_108' title='bbox 1683 975 1906 1046; x_wconf 90' lang='lat' dir='ltr'><strong>quidem</strong></span> <span class='ocrx_word' id='word_1_109' title='bbox 1972 975 2234 1030; x_wconf 87' lang='lat' dir='ltr'><strong>beneﬁcio</strong></span> <span class='ocrx_word' id='word_1_110' title='bbox 2269 975 2502 1045; x_wconf 85' lang='lat' dir='ltr'><strong>gratiam</strong></span> <span class='ocrx_word' id='word_1_111' title='bbox 2537 977 2852 1031; x_wconf 89' lang='lat' dir='ltr'><strong>habiturum</strong></span> <span class='ocrx_word' id='word_1_112' title='bbox 2917 979 3112 1032; x_wconf 90' lang='lat' dir='ltr'><strong>merito</strong></span> <span class='ocrx_word' id='word_1_113' title='bbox 3140 977 3446 1048; x_wconf 86' lang='lat' dir='ltr'><strong>suspicere.</strong></span> 
     </span>
    </p>
   </div>
   <div class='ocr_carea' id='block_1_14' title="bbox 227 1065 3446 1138">
    <p class='ocr_par' dir='ltr' id='par_1_14' title="bbox 227 1065 3446 1138">
     <span class='ocr_line' id='line_1_14' title="bbox 227 1065 3446 1138; baseline 0.001 -18"><span class='ocrx_word' id='word_1_114' title='bbox 227 1066 464 1131; x_wconf 83' lang='lat' dir='ltr'><strong>Quarenec</strong></span> <span class='ocrx_word' id='word_1_115' title='bbox 490 1080 586 1134; x_wconf 91' lang='lat' dir='ltr'><strong>spe</strong></span> <span class='ocrx_word' id='word_1_116' title='bbox 610 1066 859 1122; x_wconf 90' lang='lat' dir='ltr'><strong>beneﬁcii</strong></span> <span class='ocrx_word' id='word_1_117' title='bbox 900 1067 1200 1120; x_wconf 84' lang='lat' dir='ltr'><strong>animantia</strong></span> <span class='ocrx_word' id='word_1_118' title='bbox 1253 1067 1360 1123; x_wconf 89' lang='lat' dir='ltr'><strong>diis</strong></span> <span class='ocrx_word' id='word_1_119' title='bbox 1393 1067 1750 1122; x_wconf 87' lang='lat' dir='ltr'><strong>sacriﬁcanda</strong></span> <span class='ocrx_word' id='word_1_120' title='bbox 1789 1075 1969 1121; x_wconf 90' lang='lat' dir='ltr'><strong>erunt.</strong></span> <span class='ocrx_word' id='word_1_121' title='bbox 2002 1065 2139 1120; x_wconf 85' lang='lat' dir='ltr'><strong>Nam</strong></span> <span class='ocrx_word' id='word_1_122' title='bbox 2203 1076 2262 1122; x_wconf 90' lang='lat' dir='ltr'><strong>ut</strong></span> <span class='ocrx_word' id='word_1_123' title='bbox 2324 1067 2610 1120; x_wconf 90' lang='lat' dir='ltr'><strong>hominum</strong></span> <span class='ocrx_word' id='word_1_124' title='bbox 2639 1065 2779 1122; x_wconf 86' lang='lat' dir='ltr'><strong>forte</strong></span> <span class='ocrx_word' id='word_1_125' title='bbox 2806 1069 3121 1138; x_wconf 88' lang='lat' dir='ltr'><strong>quempiam</strong></span> <span class='ocrx_word' id='word_1_126' title='bbox 3154 1069 3446 1124; x_wconf 79' lang='lat' dir='ltr'><strong>mactanda</strong></span> 
     </span>
    </p>
   </div>
   <div class='ocr_carea' id='block_1_15' title="bbox 225 1159 3447 1234">
    <p class='ocr_par' dir='ltr' id='par_1_15' title="bbox 225 1159 3447 1234">
     <span class='ocr_line' id='line_1_15' title="bbox 225 1159 3447 1234; baseline 0.002 -22"><span class='ocrx_word' id='word_1_127' title='bbox 225 1161 449 1212; x_wconf 83' lang='lat' dir='ltr'><strong>animante</strong></span> <span class='ocrx_word' id='word_1_128' title='bbox 484 1159 655 1213; x_wconf 92' lang='lat' dir='ltr'><strong>latere</strong></span> <span class='ocrx_word' id='word_1_129' title='bbox 688 1161 888 1230; x_wconf 88' lang='lat' dir='ltr'><strong>possis,</strong></span> <span class='ocrx_word' id='word_1_130' title='bbox 958 1159 1129 1215; x_wconf 89' lang='lat' dir='ltr'><strong>Deum</strong></span> <span class='ocrx_word' id='word_1_131' title='bbox 1169 1170 1317 1218; x_wconf 87' lang='lat' dir='ltr'><strong>certe</strong></span> <span class='ocrx_word' id='word_1_132' title='bbox 1365 1163 1592 1233; x_wconf 88' lang='lat' dir='ltr'><strong>quidem</strong></span> <span class='ocrx_word' id='word_1_133' title='bbox 1659 1163 1829 1217; x_wconf 83' lang='lat' dir='ltr'><strong>latere</strong></span> <span class='ocrx_word' id='word_1_134' title='bbox 1868 1178 2150 1232; x_wconf 86' lang='lat' dir='ltr'><strong>nunquam</strong></span> <span class='ocrx_word' id='word_1_135' title='bbox 2175 1162 2398 1234; x_wconf 91' lang='lat' dir='ltr'><strong>poteris.</strong></span> <span class='ocrx_word' id='word_1_136' title='bbox 2430 1162 2488 1216; x_wconf 92' lang='lat' dir='ltr'><strong>Si</strong></span> <span class='ocrx_word' id='word_1_137' title='bbox 2528 1178 2657 1234; x_wconf 89' lang='lat' dir='ltr'><strong>ergo</strong></span> <span class='ocrx_word' id='word_1_138' title='bbox 2694 1164 3026 1220; x_wconf 91' lang='lat' dir='ltr'><strong>sacriﬁcium</strong></span> <span class='ocrx_word' id='word_1_139' title='bbox 3058 1180 3221 1220; x_wconf 90' lang='lat' dir='ltr'><strong>omne</strong></span> <span class='ocrx_word' id='word_1_140' title='bbox 3249 1181 3447 1220; x_wconf 81' lang='lat' dir='ltr'><strong>causa-</strong></span> 
     </span>
    </p>
   </div>
   <div class='ocr_carea' id='block_1_16' title="bbox 225 1250 3446 1326">
    <p class='ocr_par' dir='ltr' id='par_1_16' title="bbox 225 1250 3446 1326">
     <span class='ocr_line' id='line_1_16' title="bbox 225 1250 3446 1326; baseline 0.002 -20"><span class='ocrx_word' id='word_1_141' title='bbox 225 1266 318 1306; x_wconf 88' lang='lat' dir='ltr'><strong>rum</strong></span> <span class='ocrx_word' id='word_1_142' title='bbox 337 1250 545 1304; x_wconf 88' lang='lat' dir='ltr'><strong>istarum</strong></span> <span class='ocrx_word' id='word_1_143' title='bbox 571 1266 634 1306; x_wconf 83' lang='lat' dir='ltr'><strong>ex</strong></span> <span class='ocrx_word' id='word_1_144' title='bbox 660 1250 842 1320; x_wconf 89' lang='lat' dir='ltr'><strong>aliqua</strong></span> <span class='ocrx_word' id='word_1_145' title='bbox 877 1250 988 1306; x_wconf 88' lang='lat' dir='ltr'><strong>ﬁeri</strong></span> <span class='ocrx_word' id='word_1_146' title='bbox 1013 1253 1194 1319; x_wconf 88' lang='lat' dir='ltr'><strong>debet,</strong></span> <span class='ocrx_word' id='word_1_147' title='bbox 1256 1269 1357 1308; x_wconf 91' lang='lat' dir='ltr'><strong>nec</strong></span> <span class='ocrx_word' id='word_1_148' title='bbox 1403 1263 1586 1309; x_wconf 88' lang='lat' dir='ltr'><strong>tamen</strong></span> <span class='ocrx_word' id='word_1_149' title='bbox 1619 1269 1685 1316; x_wconf 78' lang='lat' dir='ltr'><strong>ex</strong></span> <span class='ocrx_word' id='word_1_150' title='bbox 1726 1253 1794 1309; x_wconf 92' lang='lat' dir='ltr'><strong>iis</strong></span> <span class='ocrx_word' id='word_1_151' title='bbox 1834 1253 1943 1308; x_wconf 90' lang='lat' dir='ltr'><strong>ulla</strong></span> <span class='ocrx_word' id='word_1_152' title='bbox 1976 1253 2110 1309; x_wconf 66' lang='lat' dir='ltr'><strong>caedi</strong></span> <span class='ocrx_word' id='word_1_153' title='bbox 2173 1255 2495 1309; x_wconf 85' lang='lat' dir='ltr'><strong>animalium</strong></span> <span class='ocrx_word' id='word_1_154' title='bbox 2525 1254 2876 1324; x_wconf 75' lang='lat' dir='ltr'><strong>suffragatur,</strong></span> <span class='ocrx_word' id='word_1_155' title='bbox 2905 1255 3155 1326; x_wconf 81' lang='lat' dir='ltr'><strong>sequitur</strong></span> <span class='ocrx_word' id='word_1_156' title='bbox 3200 1255 3446 1326; x_wconf 86' lang='lat' dir='ltr'><strong>profecto</strong></span> 
     </span>
    </p>
   </div>
   <div class='ocr_carea' id='block_1_17' title="bbox 223 1345 3444 1419">
    <p class='ocr_par' dir='ltr' id='par_1_17' title="bbox 223 1345 3444 1419">
     <span class='ocr_line' id='line_1_17' title="bbox 223 1345 3444 1419; baseline 0.002 -22"><span class='ocrx_word' id='word_1_157' title='bbox 223 1345 388 1398; x_wconf 86' lang='lat' dir='ltr'><strong>nullum</strong></span> <span class='ocrx_word' id='word_1_158' title='bbox 416 1361 651 1416; x_wconf 91' lang='lat' dir='ltr'><strong>unquam</strong></span> <span class='ocrx_word' id='word_1_159' title='bbox 679 1347 881 1402; x_wconf 88' lang='lat' dir='ltr'><strong>animal</strong></span> <span class='ocrx_word' id='word_1_160' title='bbox 925 1347 1029 1402; x_wconf 91' lang='lat' dir='ltr'><strong>diis</strong></span> <span class='ocrx_word' id='word_1_161' title='bbox 1080 1347 1370 1402; x_wconf 89' lang='lat' dir='ltr'><strong>immolare</strong></span> <span class='ocrx_word' id='word_1_162' title='bbox 1426 1347 1511 1403; x_wconf 79' lang='lat' dir='ltr'><strong>las</strong></span> <span class='ocrx_word' id='word_1_163' title='bbox 1537 1363 1678 1404; x_wconf 81' lang='lat' dir='ltr'><strong>esse.</strong></span> <span class='ocrx_word' id='word_1_164' title='bbox 1715 1347 1795 1403; x_wconf 81' lang='lat' dir='ltr'><strong>Ac</strong></span> <span class='ocrx_word' id='word_1_165' title='bbox 1828 1363 2025 1404; x_wconf 89' lang='lat' dir='ltr'><strong>rursus</strong></span> <span class='ocrx_word' id='word_1_166' title='bbox 2085 1347 2294 1419; x_wconf 90' lang='lat' dir='ltr'><strong>aliquot</strong></span> <span class='ocrx_word' id='word_1_167' title='bbox 2340 1348 2678 1418; x_wconf 90' lang='lat' dir='ltr'><strong>interjectis:</strong></span> <span class='ocrx_word' id='word_1_168' title='bbox 2716 1366 2734 1399; x_wconf 74' lang='grc' dir='ltr'><strong>ι</strong></span> <span class='ocrx_word' id='word_1_169' title='bbox 2759 1346 2866 1403; x_wconf 90' lang='lat' dir='ltr'><strong>Isto</strong></span> <span class='ocrx_word' id='word_1_170' title='bbox 2921 1349 3091 1416; x_wconf 93' lang='lat' dir='ltr'><strong>enim,</strong></span> <span class='ocrx_word' id='word_1_171' title='bbox 3125 1348 3323 1419; x_wconf 80' lang='lat' dir='ltr'><strong>inquit,</strong></span> <span class='ocrx_word' id='word_1_172' title='bbox 3355 1364 3444 1403; x_wconf 88' lang='lat' dir='ltr'><strong>sa-</strong></span> 
     </span>
    </p>
   </div>
   <div class='ocr_carea' id='block_1_18' title="bbox 221 1438 3444 1516">
    <p class='ocr_par' dir='ltr' id='par_1_18' title="bbox 221 1438 3444 1516">
     <span class='ocr_line' id='line_1_18' title="bbox 221 1438 3444 1516; baseline 0.002 -24"><span class='ocrx_word' id='word_1_173' title='bbox 221 1438 497 1494; x_wconf 77' lang='lat' dir='ltr'><strong>criﬁciorum</strong></span> <span class='ocrx_word' id='word_1_174' title='bbox 529 1455 728 1511; x_wconf 87' lang='lat' dir='ltr'><strong>genere</strong></span> <span class='ocrx_word' id='word_1_175' title='bbox 756 1457 882 1498; x_wconf 89' lang='lat' dir='ltr'><strong>cum</strong></span> <span class='ocrx_word' id='word_1_176' title='bbox 926 1451 1121 1497; x_wconf 90' lang='lat' dir='ltr'><strong>natura</strong></span> <span class='ocrx_word' id='word_1_177' title='bbox 1192 1444 1470 1512; x_wconf 88' lang='lat' dir='ltr'><strong>universa,</strong></span> <span class='ocrx_word' id='word_1_178' title='bbox 1528 1454 1644 1501; x_wconf 89' lang='lat' dir='ltr'><strong>tum</strong></span> <span class='ocrx_word' id='word_1_179' title='bbox 1695 1446 2009 1500; x_wconf 89' lang='lat' dir='ltr'><strong>communis</strong></span> <span class='ocrx_word' id='word_1_180' title='bbox 2059 1445 2177 1516; x_wconf 90' lang='lat' dir='ltr'><strong>ipse</strong></span> <span class='ocrx_word' id='word_1_181' title='bbox 2237 1446 2521 1501; x_wconf 88' lang='lat' dir='ltr'><strong>hominum</strong></span> <span class='ocrx_word' id='word_1_182' title='bbox 2553 1444 2800 1500; x_wconf 90' lang='lat' dir='ltr'><strong>omnium</strong></span> <span class='ocrx_word' id='word_1_183' title='bbox 2832 1444 3001 1499; x_wconf 90' lang='lat' dir='ltr'><strong>animi</strong></span> <span class='ocrx_word' id='word_1_184' title='bbox 3048 1460 3246 1501; x_wconf 89' lang='lat' dir='ltr'><strong>sensus</strong></span> <span class='ocrx_word' id='word_1_185' title='bbox 3295 1444 3444 1500; x_wconf 88' lang='lat' dir='ltr'><strong>dele-</strong></span> 
     </span>
    </p>
   </div>
   <div class='ocr_carea' id='block_1_19' title="bbox 221 1535 442 1590">
    <p class='ocr_par' dir='ltr' id='par_1_19' title="bbox 221 1535 442 1590">
     <span class='ocr_line' id='line_1_19' title="bbox 221 1535 442 1590; baseline 0.018 -4"><span class='ocrx_word' id='word_1_186' title='bbox 221 1535 442 1590; x_wconf 82' lang='lat' dir='ltr'><strong>ctabatur.</strong></span> 
     </span>
    </p>
   </div>
   <div class='ocr_carea' id='block_1_20' title="bbox 228 1631 1742 1712">
    <p class='ocr_par' dir='ltr' id='par_1_20' title="bbox 228 1631 1742 1712">
     <span class='ocr_line' id='line_1_20' title="bbox 228 1631 1742 1712; baseline 0.005 -28"><span class='ocrx_word' id='word_1_187' title='bbox 228 1632 419 1712; x_wconf 52' lang='grc' dir='ltr'><strong>[φέρων</strong></span> <span class='ocrx_word' id='word_1_188' title='bbox 435 1631 540 1712; x_wconf 84' lang='grc'>75)</span> <span class='ocrx_word' id='word_1_189' title='bbox 564 1632 616 1685; x_wconf 84' lang='grc' dir='ltr'><strong>δ’</strong></span> <span class='ocrx_word' id='word_1_190' title='bbox 629 1635 938 1712; x_wconf 53' lang='grc' dir='ltr'>ἀμριζτοισι</span> <span class='ocrx_word' id='word_1_191' title='bbox 953 1637 1162 1712; x_wconf 52' lang='grc' dir='ltr'>φόνοις</span> <span class='ocrx_word' id='word_1_192' title='bbox 1187 1640 1260 1712; x_wconf 61' lang='lat' dir='ltr'><strong>of)</strong></span> <span class='ocrx_word' id='word_1_193' title='bbox 1275 1638 1480 1694; x_wconf 84' lang='grc' dir='ltr'><strong>δεύετο</strong></span> <span class='ocrx_word' id='word_1_194' title='bbox 1495 1638 1742 1712; x_wconf 64' lang='grc' dir='ltr'>βωμὸς,</span> 
     </span>
    </p>
   </div>
   <div class='ocr_carea' id='block_1_21' title="bbox 237 1703 1742 1778">
    <p class='ocr_par' dir='ltr' id='par_1_21' title="bbox 237 1703 1742 1778">
     <span class='ocr_line' id='line_1_21' title="bbox 237 1703 1742 1778; baseline 0.007 -26"><span class='ocrx_word' id='word_1_195' title='bbox 237 1703 374 1778; x_wconf 46' lang='grc' dir='ltr'><strong>μὰ</strong></span> <span class='ocrx_word' id='word_1_196' title='bbox 382 1703 575 1778; x_wconf 60' lang='grc' dir='ltr'>μρσος</span> <span class='ocrx_word' id='word_1_197' title='bbox 588 1704 742 1778; x_wconf 66' lang='grc' dir='ltr'>τοῦτ’</span> <span class='ocrx_word' id='word_1_198' title='bbox 759 1707 943 1759; x_wconf 78' lang='grc' dir='ltr'>ἔσκεν</span> <span class='ocrx_word' id='word_1_199' title='bbox 954 1703 1032 1760; x_wconf 73' lang='grc' dir='ltr'><strong>’ἐν</strong></span> <span class='ocrx_word' id='word_1_200' title='bbox 1049 1706 1413 1776; x_wconf 75' lang='grc' dir='ltr'><strong>ἀνθρώποισι</strong></span> <span class='ocrx_word' id='word_1_201' title='bbox 1429 1703 1742 1778; x_wconf 46' lang='grc' dir='ltr'>μέγιστον,</span> 
     </span>
    </p>
   </div>
   <div class='ocr_carea' id='block_1_22' title="bbox 225 1770 1745 1862">
    <p class='ocr_par' dir='ltr' id='par_1_22' title="bbox 225 1770 1745 1862">
     <span class='ocr_line' id='line_1_22' title="bbox 225 1770 1745 1862; baseline 0.007 -41"><span class='ocrx_word' id='word_1_202' title='bbox 225 1770 386 1838; x_wconf 61' lang='lat' dir='ltr'><strong>Geyer</strong></span> <span class='ocrx_word' id='word_1_203' title='bbox 421 1771 882 1842; x_wconf 75' lang='grc' dir='ltr'>ἀπορῤήσαντας</span> <span class='ocrx_word' id='word_1_204' title='bbox 917 1778 1028 1848; x_wconf 66' lang='grc'>(74)</span> <span class='ocrx_word' id='word_1_205' title='bbox 1067 1770 1340 1862; x_wconf 57' lang='grc' dir='ltr'>ἐξιῇιεναι</span> <span class='ocrx_word' id='word_1_206' title='bbox 1379 1770 1484 1847; x_wconf 79' lang='grc' dir='ltr'><strong>ἤῗα</strong></span> <span class='ocrx_word' id='word_1_207' title='bbox 1517 1770 1682 1849; x_wconf 62' lang='grc' dir='ltr'><strong>’τυῐιι</strong></span> <span class='ocrx_word' id='word_1_208' title='bbox 1726 1770 1745 1832; x_wconf 67' lang='lat' dir='ltr'><strong>i</strong></span> 
     </span>
    </p>
   </div>
   <div class='ocr_carea' id='block_1_23' title="bbox 218 1885 1755 1968">
    <p class='ocr_par' dir='ltr' id='par_1_23' title="bbox 218 1885 1755 1968">
     <span class='ocr_line' id='line_1_23' title="bbox 218 1885 1755 1968; baseline 0.007 -32"><span class='ocrx_word' id='word_1_209' title='bbox 218 1885 303 1938; x_wconf 73' lang='grc' dir='ltr'><strong>Καὶ</strong></span> <span class='ocrx_word' id='word_1_210' title='bbox 333 1886 436 1955; x_wconf 83' lang='grc' dir='ltr'>μεθ’</span> <span class='ocrx_word' id='word_1_211' title='bbox 483 1888 674 1959; x_wconf 73' lang='grc' dir='ltr'>ἕτερα·</span> <span class='ocrx_word' id='word_1_212' title='bbox 705 1907 724 1940; x_wconf 85' lang='grc'><strong>‹</strong></span> <span class='ocrx_word' id='word_1_213' title='bbox 758 1890 922 1944; x_wconf 88' lang='grc' dir='ltr'>Ὅταν</span> <span class='ocrx_word' id='word_1_214' title='bbox 954 1893 1009 1945; x_wconf 80' lang='grc' dir='ltr'><strong>δὲ</strong></span> <span class='ocrx_word' id='word_1_215' title='bbox 1056 1893 1177 1958; x_wconf 88' lang='grc' dir='ltr'>νέος</span> <span class='ocrx_word' id='word_1_216' title='bbox 1209 1894 1320 1964; x_wconf 74' lang='grc'>(75)</span> <span class='ocrx_word' id='word_1_217' title='bbox 1353 1893 1510 1959; x_wconf 82' lang='grc' dir='ltr'>θεοὺς</span> <span class='ocrx_word' id='word_1_218' title='bbox 1542 1895 1755 1968; x_wconf 78' lang='grc' dir='ltr'>χαίρειν</span> 
     </span>
    </p>
   </div>
   <div class='ocr_carea' id='block_1_24' title="bbox 218 1975 1755 2054">
    <p class='ocr_par' dir='ltr' id='par_1_24' title="bbox 218 1975 1755 2054">
     <span class='ocr_line' id='line_1_24' title="bbox 218 1975 1755 2054; baseline 0.008 -28"><span class='ocrx_word' id='word_1_219' title='bbox 218 1975 538 2042; x_wconf 77' lang='grc' dir='ltr'>πολυτελείαις</span> <span class='ocrx_word' id='word_1_220' title='bbox 597 1977 730 2048; x_wconf 82' lang='grc' dir='ltr'>γνῷ,</span> <span class='ocrx_word' id='word_1_221' title='bbox 765 1981 880 2043; x_wconf 72' lang='grc' dir='ltr'>καὶ,</span> <span class='ocrx_word' id='word_1_222' title='bbox 912 1981 987 2045; x_wconf 84' lang='grc' dir='ltr'>ὥς</span> <span class='ocrx_word' id='word_1_223' title='bbox 1016 1999 1168 2050; x_wconf 74' lang='grc' dir='ltr'>φασι,</span> <span class='ocrx_word' id='word_1_224' title='bbox 1203 1987 1322 2046; x_wconf 87' lang='grc' dir='ltr'>ταῖς</span> <span class='ocrx_word' id='word_1_225' title='bbox 1348 1983 1457 2036; x_wconf 85' lang='grc' dir='ltr'><strong>τῶν</strong></span> <span class='ocrx_word' id='word_1_226' title='bbox 1498 1983 1636 2054; x_wconf 86' lang='grc' dir='ltr'>βοῶν</span> <span class='ocrx_word' id='word_1_227' title='bbox 1663 1987 1755 2038; x_wconf 70' lang='grc' dir='ltr'>καὶ</span> 
     </span>
    </p>
   </div>
   <div class='ocr_carea' id='block_1_25' title="bbox 220 2066 1751 2147">
    <p class='ocr_par' dir='ltr' id='par_1_25' title="bbox 220 2066 1751 2147">
     <span class='ocr_line' id='line_1_25' title="bbox 220 2066 1751 2147; baseline 0.007 -28"><span class='ocrx_word' id='word_1_228' title='bbox 220 2066 360 2120; x_wconf 75' lang='grc' dir='ltr'>ἄλλων</span> <span class='ocrx_word' id='word_1_229' title='bbox 387 2067 528 2132; x_wconf 77' lang='grc' dir='ltr'>ζώων</span> <span class='ocrx_word' id='word_1_230' title='bbox 557 2069 783 2136; x_wconf 88' lang='grc' dir='ltr'>θοίναις,</span> <span class='ocrx_word' id='word_1_231' title='bbox 809 2073 923 2126; x_wconf 83' lang='grc' dir='ltr'>πότ’</span> <span class='ocrx_word' id='word_1_232' title='bbox 949 2074 1014 2129; x_wconf 79' lang='grc' dir='ltr'>ἂν</span> <span class='ocrx_word' id='word_1_233' title='bbox 1041 2073 1181 2127; x_wconf 79' lang='grc' dir='ltr'><strong>ἑκὼν</strong></span> <span class='ocrx_word' id='word_1_234' title='bbox 1213 2075 1320 2146; x_wconf 87' lang='grc'>(76)</span> <span class='ocrx_word' id='word_1_235' title='bbox 1347 2078 1714 2147; x_wconf 75' lang='grc' dir='ltr'>σωφρονήσειε</span> <span class='ocrx_word' id='word_1_236' title='bbox 1737 2095 1751 2142; x_wconf 89' lang='grc'><strong>;</strong></span> 
     </span>
    </p>
   </div>
   <div class='ocr_carea' id='block_1_26' title="bbox 215 2159 1754 2237">
    <p class='ocr_par' dir='ltr' id='par_1_26' title="bbox 215 2159 1754 2237">
     <span class='ocr_line' id='line_1_26' title="bbox 215 2159 1754 2237; baseline 0.007 -27"><span class='ocrx_word' id='word_1_237' title='bbox 215 2159 306 2222; x_wconf 79' lang='grc' dir='ltr'><strong>πῶς</strong></span> <span class='ocrx_word' id='word_1_238' title='bbox 343 2161 412 2226; x_wconf 80' lang='grc' dir='ltr'>δὲ,</span> <span class='ocrx_word' id='word_1_239' title='bbox 463 2163 842 2234; x_wconf 75' lang='grc' dir='ltr'><strong>κεχαρισμένα</strong></span> <span class='ocrx_word' id='word_1_240' title='bbox 905 2164 1051 2218; x_wconf 77' lang='grc' dir='ltr'>θύειν</span> <span class='ocrx_word' id='word_1_241' title='bbox 1096 2165 1400 2237; x_wconf 75' lang='grc' dir='ltr'>ἡγούμενος</span> <span class='ocrx_word' id='word_1_242' title='bbox 1439 2170 1552 2232; x_wconf 86' lang='grc' dir='ltr'>τοῖς</span> <span class='ocrx_word' id='word_1_243' title='bbox 1611 2168 1754 2232; x_wconf 88' lang='grc' dir='ltr'>θεοῖς</span> 
     </span>
    </p>
   </div>
   <div class='ocr_carea' id='block_1_27' title="bbox 214 2251 1756 2332">
    <p class='ocr_par' dir='ltr' id='par_1_27' title="bbox 214 2251 1756 2332">
     <span class='ocr_line' id='line_1_27' title="bbox 214 2251 1756 2332; baseline 0.006 -27"><span class='ocrx_word' id='word_1_244' title='bbox 214 2251 365 2318; x_wconf 78' lang='grc' dir='ltr'>ταῦτα,</span> <span class='ocrx_word' id='word_1_245' title='bbox 397 2255 490 2308; x_wconf 75' lang='grc' dir='ltr'><strong>οὐκ</strong></span> <span class='ocrx_word' id='word_1_246' title='bbox 518 2257 723 2320; x_wconf 76' lang='grc' dir='ltr'>ἐξεῖναι</span> <span class='ocrx_word' id='word_1_247' title='bbox 745 2255 948 2310; x_wconf 76' lang='grc' dir='ltr'>ἀδικεῖν</span> <span class='ocrx_word' id='word_1_248' title='bbox 985 2259 1226 2330; x_wconf 74' lang='grc' dir='ltr'><strong>οἰήσεται</strong></span> <span class='ocrx_word' id='word_1_249' title='bbox 1261 2259 1438 2313; x_wconf 77' lang='grc' dir='ltr'>αὐτῶν</span> <span class='ocrx_word' id='word_1_250' title='bbox 1464 2260 1596 2332; x_wconf 90' lang='grc'><strong>(77),</strong></span> <span class='ocrx_word' id='word_1_251' title='bbox 1630 2261 1756 2332; x_wconf 85' lang='grc' dir='ltr'>μέλ-</span> 
     </span>
    </p>
   </div>
   <div class='ocr_carea' id='block_1_28' title="bbox 212 2345 1756 2424">
    <p class='ocr_par' dir='ltr' id='par_1_28' title="bbox 212 2345 1756 2424">
     <span class='ocr_line' id='line_1_28' title="bbox 212 2345 1756 2424; baseline 0.008 -30"><span class='ocrx_word' id='word_1_252' title='bbox 212 2345 324 2399; x_wconf 76' lang='grc' dir='ltr'>λοντι</span> <span class='ocrx_word' id='word_1_253' title='bbox 345 2347 423 2400; x_wconf 70' lang='grc' dir='ltr'><strong>διὰ</strong></span> <span class='ocrx_word' id='word_1_254' title='bbox 448 2348 554 2401; x_wconf 90' lang='grc' dir='ltr'><strong>τῶν</strong></span> <span class='ocrx_word' id='word_1_255' title='bbox 578 2349 779 2402; x_wconf 81' lang='grc' dir='ltr'>θυσιῶν</span> <span class='ocrx_word' id='word_1_256' title='bbox 807 2348 1117 2415; x_wconf 77' lang='grc' dir='ltr'>ἐξωνεῖσθαι</span> <span class='ocrx_word' id='word_1_257' title='bbox 1144 2351 1242 2422; x_wconf 79' lang='grc' dir='ltr'>τὴν</span> <span class='ocrx_word' id='word_1_258' title='bbox 1272 2353 1548 2424; x_wconf 83' lang='grc' dir='ltr'>ἁμαρτίαν</span> <span class='ocrx_word' id='word_1_259' title='bbox 1574 2370 1588 2418; x_wconf 91' lang='grc'><strong>;</strong></span> <span class='ocrx_word' id='word_1_260' title='bbox 1630 2353 1756 2406; x_wconf 82' lang='grc' dir='ltr'>Πει-</span> 
     </span>
    </p>
   </div>
   <div class='ocr_carea' id='block_1_29' title="bbox 213 2438 1752 2514">
    <p class='ocr_par' dir='ltr' id='par_1_29' title="bbox 213 2438 1752 2514">
     <span class='ocr_line' id='line_1_29' title="bbox 213 2438 1752 2514; baseline 0.005 -24"><span class='ocrx_word' id='word_1_261' title='bbox 213 2438 329 2502; x_wconf 75' lang='grc' dir='ltr'>σθεὶς</span> <span class='ocrx_word' id='word_1_262' title='bbox 353 2439 403 2494; x_wconf 86' lang='grc' dir='ltr'><strong>δὲ</strong></span> <span class='ocrx_word' id='word_1_263' title='bbox 421 2443 497 2494; x_wconf 80' lang='grc' dir='ltr'>ὅτι</span> <span class='ocrx_word' id='word_1_264' title='bbox 525 2442 738 2497; x_wconf 76' lang='grc' dir='ltr'>τούτων</span> <span class='ocrx_word' id='word_1_265' title='bbox 764 2443 951 2513; x_wconf 85' lang='grc' dir='ltr'>χρείαν</span> <span class='ocrx_word' id='word_1_266' title='bbox 981 2443 1080 2496; x_wconf 71' lang='grc' dir='ltr'><strong>οὐκ</strong></span> <span class='ocrx_word' id='word_1_267' title='bbox 1108 2443 1324 2514; x_wconf 80' lang='grc' dir='ltr'>ἔχουσιν</span> <span class='ocrx_word' id='word_1_268' title='bbox 1346 2445 1394 2496; x_wconf 87' lang='grc' dir='ltr'>οἱ</span> <span class='ocrx_word' id='word_1_269' title='bbox 1417 2444 1550 2509; x_wconf 74' lang='grc' dir='ltr'>θεοὶ,</span> <span class='ocrx_word' id='word_1_270' title='bbox 1583 2446 1664 2509; x_wconf 88' lang='grc' dir='ltr'><strong>είς</strong></span> <span class='ocrx_word' id='word_1_271' title='bbox 1695 2446 1752 2498; x_wconf 82' lang='grc' dir='ltr'>δὲ</span> 
     </span>
    </p>
   </div>
   <div class='ocr_carea' id='block_1_30' title="bbox 208 2529 1752 2610">
    <p class='ocr_par' dir='ltr' id='par_1_30' title="bbox 208 2529 1752 2610">
     <span class='ocr_line' id='line_1_30' title="bbox 208 2529 1752 2610; baseline 0.005 -26"><span class='ocrx_word' id='word_1_272' title='bbox 208 2533 255 2582; x_wconf 68' lang='grc' dir='ltr'>τὸ</span> <span class='ocrx_word' id='word_1_273' title='bbox 273 2529 381 2602; x_wconf 71' lang='grc' dir='ltr'>ἦθος</span> <span class='ocrx_word' id='word_1_274' title='bbox 403 2535 890 2588; x_wconf 62' lang='grc' dir='ltr'>άπὸλέπουσιτῶν</span> <span class='ocrx_word' id='word_1_275' title='bbox 912 2536 1262 2608; x_wconf 79' lang='grc' dir='ltr'>προσιόντων,</span> <span class='ocrx_word' id='word_1_276' title='bbox 1280 2539 1541 2610; x_wconf 75' lang='grc' dir='ltr'>μεγίστην</span> <span class='ocrx_word' id='word_1_277' title='bbox 1562 2539 1752 2593; x_wconf 80' lang='grc' dir='ltr'>θυσίαν</span> 
     </span>
    </p>
   </div>
   <div class='ocr_carea' id='block_1_31' title="bbox 207 2625 1747 2703">
    <p class='ocr_par' dir='ltr' id='par_1_31' title="bbox 207 2625 1747 2703">
     <span class='ocr_line' id='line_1_31' title="bbox 207 2625 1747 2703; baseline 0.006 -27"><span class='ocrx_word' id='word_1_278' title='bbox 207 2625 527 2695; x_wconf 68' lang='grc' dir='ltr'>λαμϐάνοντες</span> <span class='ocrx_word' id='word_1_279' title='bbox 552 2629 658 2700; x_wconf 74' lang='grc' dir='ltr'>τὴν</span> <span class='ocrx_word' id='word_1_280' title='bbox 687 2628 854 2700; x_wconf 79' lang='grc' dir='ltr'>ὀρθὴν</span> <span class='ocrx_word' id='word_1_281' title='bbox 895 2631 1024 2700; x_wconf 77' lang='grc' dir='ltr'>περὶ</span> <span class='ocrx_word' id='word_1_282' title='bbox 1056 2630 1233 2682; x_wconf 76' lang='grc' dir='ltr'>αὐτῶν</span> <span class='ocrx_word' id='word_1_283' title='bbox 1261 2647 1320 2684; x_wconf 83' lang='grc' dir='ltr'><strong>τε</strong></span> <span class='ocrx_word' id='word_1_284' title='bbox 1356 2631 1449 2684; x_wconf 75' lang='grc' dir='ltr'>καὶ</span> <span class='ocrx_word' id='word_1_285' title='bbox 1477 2631 1585 2684; x_wconf 87' lang='grc' dir='ltr'><strong>τῶν</strong></span> <span class='ocrx_word' id='word_1_286' title='bbox 1614 2649 1747 2703; x_wconf 88' lang='grc' dir='ltr'>πρα-</span> 
     </span>
    </p>
   </div>
   <div class='ocr_carea' id='block_1_32' title="bbox 203 2719 1745 2793">
    <p class='ocr_par' dir='ltr' id='par_1_32' title="bbox 203 2719 1745 2793">
     <span class='ocr_line' id='line_1_32' title="bbox 203 2719 1745 2793; baseline 0.006 -24"><span class='ocrx_word' id='word_1_287' title='bbox 203 2720 392 2786; x_wconf 75' lang='grc' dir='ltr'>γμάτων</span> <span class='ocrx_word' id='word_1_288' title='bbox 410 2720 682 2792; x_wconf 64' lang='grc' dir='ltr'>διάληψιν,</span> <span class='ocrx_word' id='word_1_289' title='bbox 697 2721 814 2784; x_wconf 83' lang='grc' dir='ltr'><strong>πῶς</strong></span> <span class='ocrx_word' id='word_1_290' title='bbox 827 2722 887 2774; x_wconf 79' lang='grc' dir='ltr'>οὺ</span> <span class='ocrx_word' id='word_1_291' title='bbox 905 2719 1134 2793; x_wconf 79' lang='grc' dir='ltr'>σώφρων</span> <span class='ocrx_word' id='word_1_292' title='bbox 1145 2725 1240 2775; x_wconf 71' lang='grc' dir='ltr'><strong>καὶ</strong></span> <span class='ocrx_word' id='word_1_293' title='bbox 1251 2723 1478 2789; x_wconf 88' lang='grc' dir='ltr'>δίκαιος,</span> <span class='ocrx_word' id='word_1_294' title='bbox 1492 2725 1586 2776; x_wconf 68' lang='grc' dir='ltr'>καὶ</span> <span class='ocrx_word' id='word_1_295' title='bbox 1601 2725 1745 2788; x_wconf 81' lang='grc' dir='ltr'>ὅσιος</span> 
     </span>
    </p>
   </div>
   <div class='ocr_carea' id='block_1_33' title="bbox 200 2809 1750 2886">
    <p class='ocr_par' dir='ltr' id='par_1_33' title="bbox 200 2809 1750 2886">
     <span class='ocr_line' id='line_1_33' title="bbox 200 2809 1750 2886; baseline 0.015 -27"><span class='ocrx_word' id='word_1_296' title='bbox 200 2809 371 2876; x_wconf 76' lang='grc' dir='ltr'>ἕσεται;</span> <span class='ocrx_word' id='word_1_297' title='bbox 390 2812 523 2875; x_wconf 86' lang='grc' dir='ltr'>θεοῖς</span> <span class='ocrx_word' id='word_1_298' title='bbox 551 2812 617 2866; x_wconf 83' lang='grc' dir='ltr'>δὲ</span> <span class='ocrx_word' id='word_1_299' title='bbox 633 2814 828 2884; x_wconf 78' lang='grc' dir='ltr'>ἀρίστη</span> <span class='ocrx_word' id='word_1_300' title='bbox 854 2813 950 2883; x_wconf 85' lang='grc' dir='ltr'>μὲν</span> <span class='ocrx_word' id='word_1_301' title='bbox 967 2813 1210 2886; x_wconf 79' lang='grc' dir='ltr'>ἀπαρχὴ,</span> <span class='ocrx_word' id='word_1_302' title='bbox 1242 2814 1365 2878; x_wconf 75' lang='grc' dir='ltr'>νοῦς</span> <span class='ocrx_word' id='word_1_303' title='bbox 1386 2815 1750 2885; x_wconf 68' lang='grc' dir='ltr'>καθαρδςνκαὶ</span> 
     </span>
    </p>
   </div>
   <div class='ocr_carea' id='block_1_34' title="bbox 199 2899 1752 2982">
    <p class='ocr_par' dir='ltr' id='par_1_34' title="bbox 199 2899 1752 2982">
     <span class='ocr_line' id='line_1_34' title="bbox 199 2899 1752 2982; baseline 0.008 -30"><span class='ocrx_word' id='word_1_304' title='bbox 199 2899 320 2973; x_wconf 68' lang='grc' dir='ltr'>ψυχὴ</span> <span class='ocrx_word' id='word_1_305' title='bbox 348 2904 552 2977; x_wconf 79' lang='grc' dir='ltr'>ἀπαθής</span> <span class='ocrx_word' id='word_1_306' title='bbox 571 2923 592 2935; x_wconf 80' lang='grc'><em>’</em></span> <span class='ocrx_word' id='word_1_307' title='bbox 628 2907 824 2958; x_wconf 80' lang='grc' dir='ltr'>οἰκεῖον</span> <span class='ocrx_word' id='word_1_308' title='bbox 849 2907 919 2960; x_wconf 60' lang='lat' dir='ltr'><strong>es.</strong></span> <span class='ocrx_word' id='word_1_309' title='bbox 935 2906 1028 2958; x_wconf 71' lang='grc' dir='ltr'><strong>καὶ</strong></span> <span class='ocrx_word' id='word_1_310' title='bbox 1043 2907 1102 2959; x_wconf 82' lang='grc' dir='ltr'>τὸ</span> <span class='ocrx_word' id='word_1_311' title='bbox 1121 2907 1354 2978; x_wconf 87' lang='grc' dir='ltr'>μετρίων</span> <span class='ocrx_word' id='word_1_312' title='bbox 1379 2909 1478 2978; x_wconf 87' lang='grc' dir='ltr'>μὲν</span> <span class='ocrx_word' id='word_1_313' title='bbox 1507 2909 1752 2982; x_wconf 81' lang='grc' dir='ltr'>ἀπάρχε-</span> 
     </span>
    </p>
   </div>
   <div class='ocr_carea' id='block_1_35' title="bbox 201 2992 1755 3072">
    <p class='ocr_par' dir='ltr' id='par_1_35' title="bbox 201 2992 1755 3072">
     <span class='ocr_line' id='line_1_35' title="bbox 201 2992 1755 3072; baseline 0.005 -27"><span class='ocrx_word' id='word_1_314' title='bbox 201 2992 305 3047; x_wconf 82' lang='grc' dir='ltr'>σθαι</span> <span class='ocrx_word' id='word_1_315' title='bbox 323 2995 419 3049; x_wconf 83' lang='grc' dir='ltr'><strong>τῶν</strong></span> <span class='ocrx_word' id='word_1_316' title='bbox 441 2997 638 3061; x_wconf 79' lang='grc' dir='ltr'>ἄλλων,</span> <span class='ocrx_word' id='word_1_317' title='bbox 660 3000 735 3068; x_wconf 81' lang='grc' dir='ltr'>μὴ</span> <span class='ocrx_word' id='word_1_318' title='bbox 756 2999 1046 3069; x_wconf 80' lang='grc' dir='ltr'>παρέργως</span> <span class='ocrx_word' id='word_1_319' title='bbox 1071 2999 1149 3060; x_wconf 84' lang='grc' dir='ltr'><strong>δὲ,</strong></span> <span class='ocrx_word' id='word_1_320' title='bbox 1173 2998 1309 3050; x_wconf 76' lang='grc' dir='ltr'>ἀλλὰ</span> <span class='ocrx_word' id='word_1_321' title='bbox 1327 3001 1424 3051; x_wconf 82' lang='grc' dir='ltr'><strong>σὺν</strong></span> <span class='ocrx_word' id='word_1_322' title='bbox 1446 3001 1595 3071; x_wconf 79' lang='grc' dir='ltr'>πάσῃ</span> <span class='ocrx_word' id='word_1_323' title='bbox 1624 3019 1755 3072; x_wconf 84' lang='grc' dir='ltr'>προ-</span> 
     </span>
    </p>
   </div>
   <div class='ocr_carea' id='block_1_36' title="bbox 1856 1629 3218 1702">
    <p class='ocr_par' dir='ltr' id='par_1_36' title="bbox 1856 1629 3218 1702">
     <span class='ocr_line' id='line_1_36' title="bbox 1856 1629 3218 1702; baseline -0.007 -11"><span class='ocrx_word' id='word_1_324' title='bbox 1856 1636 2257 1702; x_wconf 81' lang='lat' dir='ltr'><strong>Taurorumque</strong></span> <span class='ocrx_word' id='word_1_325' title='bbox 2287 1647 2448 1684; x_wconf 88' lang='lat' dir='ltr'><strong>cruor</strong></span> <span class='ocrx_word' id='word_1_326' title='bbox 2463 1647 2568 1683; x_wconf 85' lang='lat' dir='ltr'><strong>non</strong></span> <span class='ocrx_word' id='word_1_327' title='bbox 2596 1629 2766 1683; x_wconf 78' lang='lat' dir='ltr'><strong>ullum</strong></span> <span class='ocrx_word' id='word_1_328' title='bbox 2790 1629 2963 1684; x_wconf 79' lang='lat' dir='ltr'><strong>altare</strong></span> <span class='ocrx_word' id='word_1_329' title='bbox 2986 1631 3218 1702; x_wconf 79' lang='lat' dir='ltr'><strong>rigabat,</strong></span> 
     </span>
    </p>
   </div>
   <div class='ocr_carea' id='block_1_37' title="bbox 1852 1700 3297 1775">
    <p class='ocr_par' dir='ltr' id='par_1_37' title="bbox 1852 1700 3297 1775">
     <span class='ocr_line' id='line_1_37' title="bbox 1852 1700 3297 1775; baseline -0.005 -14"><span class='ocrx_word' id='word_1_330' title='bbox 1852 1700 2179 1775; x_wconf 22' lang='lat' dir='ltr'><strong>Infaudiqae’</strong></span> <span class='ocrx_word' id='word_1_331' title='bbox 2208 1719 2384 1775; x_wconf 77' lang='lat' dir='ltr'><strong>omnes</strong></span> <span class='ocrx_word' id='word_1_332' title='bbox 2411 1712 2523 1775; x_wconf 68' lang='lat' dir='ltr'><strong>tuin</strong></span> <span class='ocrx_word' id='word_1_333' title='bbox 2549 1702 2788 1775; x_wconf 66' lang='lat' dir='ltr'><strong>criminis</strong></span> <span class='ocrx_word' id='word_1_334' title='bbox 2818 1702 2994 1775; x_wconf 72' lang='lat' dir='ltr'><strong>instar</strong></span> <span class='ocrx_word' id='word_1_335' title='bbox 3011 1700 3297 1764; x_wconf 80' lang='lat' dir='ltr'><strong>habebant,</strong></span> 
     </span>
    </p>
   </div>
   <div class='ocr_carea' id='block_1_38' title="bbox 1784 1764 3360 1841">
    <p class='ocr_par' dir='ltr' id='par_1_38' title="bbox 1784 1764 3360 1841">
     <span class='ocr_line' id='line_1_38' title="bbox 1784 1764 3360 1841; baseline -0.006 -9"><span class='ocrx_word' id='word_1_336' title='bbox 1784 1764 1825 1820; x_wconf 76' lang='grc' dir='ltr'><strong>Β</strong></span> <span class='ocrx_word' id='word_1_337' title='bbox 1855 1764 1992 1832; x_wconf 79' lang='lat' dir='ltr'><strong>Ante</strong></span> <span class='ocrx_word' id='word_1_338' title='bbox 2015 1764 2200 1829; x_wconf 66' lang='lat' dir='ltr'><strong>avulsa</strong></span> <span class='ocrx_word' id='word_1_339' title='bbox 2229 1773 2409 1826; x_wconf 85' lang='lat' dir='ltr'><strong>anima</strong></span> <span class='ocrx_word' id='word_1_340' title='bbox 2439 1772 2560 1825; x_wconf 82' lang='lat' dir='ltr'><strong>dein</strong></span> <span class='ocrx_word' id='word_1_341' title='bbox 2587 1772 2808 1841; x_wconf 79' lang='lat' dir='ltr'><strong>pinguia</strong></span> <span class='ocrx_word' id='word_1_342' title='bbox 2840 1773 3074 1824; x_wconf 75' lang='lat' dir='ltr'><strong>membra</strong></span> <span class='ocrx_word' id='word_1_343' title='bbox 3096 1787 3300 1825; x_wconf 75' lang='lat' dir='ltr'><strong>vorare.</strong></span> <span class='ocrx_word' id='word_1_344' title='bbox 3339 1787 3360 1822; x_wconf 73' lang='grc' dir='ltr'><strong>ι</strong></span> 
     </span>
    </p>
   </div>
   <div class='ocr_carea' id='block_1_39' title="bbox 1858 1884 3437 1962">
    <p class='ocr_par' dir='ltr' id='par_1_39' title="bbox 1858 1884 3437 1962">
     <span class='ocr_line' id='line_1_39' title="bbox 1858 1884 3437 1962; baseline -0.004 -14"><span class='ocrx_word' id='word_1_345' title='bbox 1858 1893 2169 1962; x_wconf 87' lang='lat' dir='ltr'><strong>lterumque</strong></span> <span class='ocrx_word' id='word_1_346' title='bbox 2223 1898 2344 1961; x_wconf 92' lang='lat' dir='ltr'><strong>post</strong></span> <span class='ocrx_word' id='word_1_347' title='bbox 2399 1887 2507 1943; x_wconf 92' lang='lat' dir='ltr'><strong>alia</strong></span> <span class='ocrx_word' id='word_1_348' title='bbox 2555 1887 2846 1957; x_wconf 78' lang='lat' dir='ltr'><strong>quaedam:</strong></span> <span class='ocrx_word' id='word_1_349' title='bbox 2880 1904 2897 1938; x_wconf 85' lang='grc'><em>‹</em></span> <span class='ocrx_word' id='word_1_350' title='bbox 2935 1884 3036 1940; x_wconf 89' lang='lat' dir='ltr'><strong>Ubi</strong></span> <span class='ocrx_word' id='word_1_351' title='bbox 3066 1895 3248 1941; x_wconf 90' lang='lat' dir='ltr'><strong>autem</strong></span> <span class='ocrx_word' id='word_1_352' title='bbox 3277 1886 3437 1941; x_wconf 83' lang='lat' dir='ltr'><strong>intel-</strong></span> 
     </span>
    </p>
   </div>
   <div class='ocr_carea' id='block_1_40' title="bbox 1859 1976 3440 2048">
    <p class='ocr_par' dir='ltr' id='par_1_40' title="bbox 1859 1976 3440 2048">
     <span class='ocr_line' id='line_1_40' title="bbox 1859 1976 3440 2048; baseline -0.004 -9"><span class='ocrx_word' id='word_1_353' title='bbox 1859 1983 2051 2039; x_wconf 87' lang='lat' dir='ltr'><strong>lexerit</strong></span> <span class='ocrx_word' id='word_1_354' title='bbox 2105 1981 2462 2044; x_wconf 86' lang='lat' dir='ltr'><strong>adolescens,</strong></span> <span class='ocrx_word' id='word_1_355' title='bbox 2520 1978 2734 2048; x_wconf 81' lang='lat' dir='ltr'><strong>magnis</strong></span> <span class='ocrx_word' id='word_1_356' title='bbox 2788 1976 3129 2046; x_wconf 78' lang='lat' dir='ltr'><strong>sumptibus,</strong></span> <span class='ocrx_word' id='word_1_357' title='bbox 3192 1976 3440 2048; x_wconf 86' lang='lat' dir='ltr'><strong>adeoque</strong></span> 
     </span>
    </p>
   </div>
   <div class='ocr_carea' id='block_1_41' title="bbox 1856 2071 3439 2144">
    <p class='ocr_par' dir='ltr' id='par_1_41' title="bbox 1856 2071 3439 2144">
     <span class='ocr_line' id='line_1_41' title="bbox 1856 2071 3439 2144; baseline -0.004 -12"><span class='ocrx_word' id='word_1_358' title='bbox 1856 2077 2044 2143; x_wconf 81' lang='lat' dir='ltr'><strong>boum,</strong></span> <span class='ocrx_word' id='word_1_359' title='bbox 2080 2084 2138 2129; x_wconf 91' lang='lat' dir='ltr'><strong>ut</strong></span> <span class='ocrx_word' id='word_1_360' title='bbox 2162 2074 2460 2144; x_wconf 92' lang='lat' dir='ltr'><strong>loquuntur</strong></span> <span class='ocrx_word' id='word_1_361' title='bbox 2485 2071 2596 2139; x_wconf 89' lang='lat' dir='ltr'><strong>isti,</strong></span> <span class='ocrx_word' id='word_1_362' title='bbox 2633 2086 2698 2125; x_wconf 90' lang='lat' dir='ltr'><strong>ac</strong></span> <span class='ocrx_word' id='word_1_363' title='bbox 2723 2078 3046 2126; x_wconf 62' lang='lat' dir='ltr'><strong>ceterorum</strong></span> <span class='ocrx_word' id='word_1_364' title='bbox 3075 2072 3439 2129; x_wconf 89' lang='lat' dir='ltr'><strong>animantium</strong></span> 
     </span>
    </p>
   </div>
   <div class='ocr_carea' id='block_1_42' title="bbox 1856 2161 3436 2237">
    <p class='ocr_par' dir='ltr' id='par_1_42' title="bbox 1856 2161 3436 2237">
     <span class='ocr_line' id='line_1_42' title="bbox 1856 2161 3436 2237; baseline -0.003 -15"><span class='ocrx_word' id='word_1_365' title='bbox 1856 2167 2032 2237; x_wconf 91' lang='lat' dir='ltr'><strong>epulis</strong></span> <span class='ocrx_word' id='word_1_366' title='bbox 2065 2166 2198 2220; x_wconf 91' lang='lat' dir='ltr'><strong>deos</strong></span> <span class='ocrx_word' id='word_1_367' title='bbox 2222 2165 2369 2234; x_wconf 91' lang='lat' dir='ltr'><strong>ipsos</strong></span> <span class='ocrx_word' id='word_1_368' title='bbox 2403 2163 2684 2226; x_wconf 87' lang='lat' dir='ltr'><strong>delectari,</strong></span> <span class='ocrx_word' id='word_1_369' title='bbox 2711 2167 2812 2234; x_wconf 84' lang='lat' dir='ltr'><strong>qui</strong></span> <span class='ocrx_word' id='word_1_370' title='bbox 2856 2163 2971 2217; x_wconf 89' lang='lat' dir='ltr'><strong>ﬁeri</strong></span> <span class='ocrx_word' id='word_1_371' title='bbox 2999 2173 3183 2233; x_wconf 84' lang='lat' dir='ltr'><strong>queat,</strong></span> <span class='ocrx_word' id='word_1_372' title='bbox 3211 2171 3271 2218; x_wconf 95' lang='lat' dir='ltr'><strong>ut</strong></span> <span class='ocrx_word' id='word_1_373' title='bbox 3293 2161 3436 2234; x_wconf 84' lang='lat' dir='ltr'><strong>frugi</strong></span> 
     </span>
    </p>
   </div>
   <div class='ocr_carea' id='block_1_43' title="bbox 1857 2253 3438 2327">
    <p class='ocr_par' dir='ltr' id='par_1_43' title="bbox 1857 2253 3438 2327">
     <span class='ocr_line' id='line_1_43' title="bbox 1857 2253 3438 2327; baseline -0.003 -13"><span class='ocrx_word' id='word_1_374' title='bbox 1857 2275 1923 2314; x_wconf 91' lang='lat' dir='ltr'><strong>ac</strong></span> <span class='ocrx_word' id='word_1_375' title='bbox 1944 2268 2258 2327; x_wconf 90' lang='lat' dir='ltr'><strong>temperans</strong></span> <span class='ocrx_word' id='word_1_376' title='bbox 2291 2271 2414 2311; x_wconf 89' lang='lat' dir='ltr'><strong>esse</strong></span> <span class='ocrx_word' id='word_1_377' title='bbox 2455 2254 2626 2309; x_wconf 81' lang='lat' dir='ltr'><strong>velit?</strong></span> <span class='ocrx_word' id='word_1_378' title='bbox 2670 2253 2923 2324; x_wconf 87' lang='lat' dir='ltr'><strong>Idemque</strong></span> <span class='ocrx_word' id='word_1_379' title='bbox 2961 2254 3007 2310; x_wconf 91' lang='lat' dir='ltr'><strong>si</strong></span> <span class='ocrx_word' id='word_1_380' title='bbox 3035 2263 3286 2324; x_wconf 86' lang='lat' dir='ltr'><strong>acceptas</strong></span> <span class='ocrx_word' id='word_1_381' title='bbox 3314 2269 3438 2310; x_wconf 80' lang='lat' dir='ltr'><strong>esse</strong></span> 
     </span>
    </p>
   </div>
   <div class='ocr_carea' id='block_1_44' title="bbox 1857 2349 3434 2422">
    <p class='ocr_par' dir='ltr' id='par_1_44' title="bbox 1857 2349 3434 2422">
     <span class='ocr_line' id='line_1_44' title="bbox 1857 2349 3434 2422; baseline -0.004 -14"><span class='ocrx_word' id='word_1_382' title='bbox 1857 2355 1963 2409; x_wconf 90' lang='lat' dir='ltr'><strong>diis</strong></span> <span class='ocrx_word' id='word_1_383' title='bbox 2017 2351 2334 2422; x_wconf 88' lang='lat' dir='ltr'><strong>hujusmodi</strong></span> <span class='ocrx_word' id='word_1_384' title='bbox 2392 2351 2647 2405; x_wconf 90' lang='lat' dir='ltr'><strong>victimas</strong></span> <span class='ocrx_word' id='word_1_385' title='bbox 2698 2350 2991 2420; x_wconf 88' lang='lat' dir='ltr'><strong>putaverit,</strong></span> <span class='ocrx_word' id='word_1_386' title='bbox 3047 2349 3326 2421; x_wconf 89' lang='lat' dir='ltr'><strong>quomodo</strong></span> <span class='ocrx_word' id='word_1_387' title='bbox 3377 2349 3434 2403; x_wconf 90' lang='lat' dir='ltr'><strong>in</strong></span> 
     </span>
    </p>
   </div>
   <div class='ocr_carea' id='block_1_45' title="bbox 1858 2439 3436 2508">
    <p class='ocr_par' dir='ltr' id='par_1_45' title="bbox 1858 2439 3436 2508">
     <span class='ocr_line' id='line_1_45' title="bbox 1858 2439 3436 2508; baseline -0.004 -9"><span class='ocrx_word' id='word_1_388' title='bbox 1858 2446 2100 2500; x_wconf 88' lang='lat' dir='ltr'><strong>animum</strong></span> <span class='ocrx_word' id='word_1_389' title='bbox 2128 2443 2372 2508; x_wconf 83' lang='lat' dir='ltr'><strong>inducat,</strong></span> <span class='ocrx_word' id='word_1_390' title='bbox 2424 2441 2686 2497; x_wconf 88' lang='lat' dir='ltr'><strong>scelerate</strong></span> <span class='ocrx_word' id='word_1_391' title='bbox 2734 2439 2913 2495; x_wconf 84' lang='lat' dir='ltr'><strong>facere</strong></span> <span class='ocrx_word' id='word_1_392' title='bbox 2944 2441 3046 2495; x_wconf 88' lang='lat' dir='ltr'><strong>sibi</strong></span> <span class='ocrx_word' id='word_1_393' title='bbox 3082 2455 3192 2496; x_wconf 88' lang='lat' dir='ltr'><strong>non</strong></span> <span class='ocrx_word' id='word_1_394' title='bbox 3248 2439 3436 2503; x_wconf 89' lang='lat' dir='ltr'><strong>licere,</strong></span> 
     </span>
    </p>
   </div>
   <div class='ocr_carea' id='block_1_46' title="bbox 1857 2531 3438 2608">
    <p class='ocr_par' dir='ltr' id='par_1_46' title="bbox 1857 2531 3438 2608">
     <span class='ocr_line' id='line_1_46' title="bbox 1857 2531 3438 2608; baseline -0.005 -16"><span class='ocrx_word' id='word_1_395' title='bbox 1857 2537 1952 2608; x_wconf 90' lang='lat' dir='ltr'><strong>qui</strong></span> <span class='ocrx_word' id='word_1_396' title='bbox 1984 2535 2271 2593; x_wconf 88' lang='lat' dir='ltr'><strong>sacriﬁciis</strong></span> <span class='ocrx_word' id='word_1_397' title='bbox 2320 2535 2589 2589; x_wconf 76' lang='lat' dir='ltr'><strong>maleﬁcra</strong></span> <span class='ocrx_word' id='word_1_398' title='bbox 2648 2534 2916 2590; x_wconf 91' lang='lat' dir='ltr'><strong>redimere</strong></span> <span class='ocrx_word' id='word_1_399' title='bbox 2944 2550 3002 2589; x_wconf 91' lang='lat' dir='ltr'><strong>se</strong></span> <span class='ocrx_word' id='word_1_400' title='bbox 3035 2547 3198 2604; x_wconf 91' lang='lat' dir='ltr'><strong>posse</strong></span> <span class='ocrx_word' id='word_1_401' title='bbox 3221 2531 3438 2588; x_wconf 85' lang='lat' dir='ltr'><strong>videat?</strong></span> 
     </span>
    </p>
   </div>
   <div class='ocr_carea' id='block_1_47' title="bbox 1857 2623 3438 2695">
    <p class='ocr_par' dir='ltr' id='par_1_47' title="bbox 1857 2623 3438 2695">
     <span class='ocr_line' id='line_1_47' title="bbox 1857 2623 3438 2695; baseline -0.004 -10"><span class='ocrx_word' id='word_1_402' title='bbox 1857 2629 2063 2685; x_wconf 83' lang='lat' dir='ltr'><strong>Contra</strong></span> <span class='ocrx_word' id='word_1_403' title='bbox 2088 2642 2239 2695; x_wconf 88' lang='lat' dir='ltr'><strong>vero,</strong></span> <span class='ocrx_word' id='word_1_404' title='bbox 2288 2626 2332 2682; x_wconf 89' lang='lat' dir='ltr'><strong>si</strong></span> <span class='ocrx_word' id='word_1_405' title='bbox 2375 2625 2508 2681; x_wconf 90' lang='lat' dir='ltr'><strong>deos</strong></span> <span class='ocrx_word' id='word_1_406' title='bbox 2557 2624 2692 2678; x_wconf 85' lang='lat' dir='ltr'><strong>nihil</strong></span> <span class='ocrx_word' id='word_1_407' title='bbox 2751 2625 2873 2681; x_wconf 86' lang='lat' dir='ltr'><strong>istis</strong></span> <span class='ocrx_word' id='word_1_408' title='bbox 2902 2625 3160 2680; x_wconf 91' lang='lat' dir='ltr'><strong>omnibus</strong></span> <span class='ocrx_word' id='word_1_409' title='bbox 3192 2623 3438 2695; x_wconf 76' lang='lat' dir='ltr'><strong>indigere</strong></span> 
     </span>
    </p>
   </div>
   <div class='ocr_carea' id='block_1_48' title="bbox 1857 2716 3440 2792">
    <p class='ocr_par' dir='ltr' id='par_1_48' title="bbox 1857 2716 3440 2792">
     <span class='ocr_line' id='line_1_48' title="bbox 1857 2716 3440 2792; baseline -0.004 -15"><span class='ocrx_word' id='word_1_410' title='bbox 1857 2721 1966 2778; x_wconf 73' lang='lat' dir='ltr'><strong>sibi</strong></span> <span class='ocrx_word' id='word_1_411' title='bbox 1998 2717 2363 2792; x_wconf 88' lang='lat' dir='ltr'><strong>persuaserit,</strong></span> <span class='ocrx_word' id='word_1_412' title='bbox 2419 2716 2514 2772; x_wconf 90' lang='lat' dir='ltr'><strong>sed</strong></span> <span class='ocrx_word' id='word_1_413' title='bbox 2553 2718 2610 2771; x_wconf 89' lang='lat' dir='ltr'><strong>in</strong></span> <span class='ocrx_word' id='word_1_414' title='bbox 2661 2732 2852 2772; x_wconf 91' lang='lat' dir='ltr'><strong>eorum</strong></span> <span class='ocrx_word' id='word_1_415' title='bbox 2896 2717 3102 2787; x_wconf 85' lang='lat' dir='ltr'><strong>potius,</strong></span> <span class='ocrx_word' id='word_1_416' title='bbox 3154 2731 3186 2770; x_wconf 94' lang='lat' dir='ltr'><strong>a</strong></span> <span class='ocrx_word' id='word_1_417' title='bbox 3235 2716 3440 2786; x_wconf 81' lang='lat' dir='ltr'><strong>quibus</strong></span> 
     </span>
    </p>
   </div>
   <div class='ocr_carea' id='block_1_49' title="bbox 1857 2807 3440 2881">
    <p class='ocr_par' dir='ltr' id='par_1_49' title="bbox 1857 2807 3440 2881">
     <span class='ocr_line' id='line_1_49' title="bbox 1857 2807 3440 2881; baseline -0.004 -12"><span class='ocrx_word' id='word_1_418' title='bbox 1857 2814 2150 2881; x_wconf 90' lang='lat' dir='ltr'><strong>adeuntur,</strong></span> <span class='ocrx_word' id='word_1_419' title='bbox 2178 2826 2359 2866; x_wconf 90' lang='lat' dir='ltr'><strong>mores</strong></span> <span class='ocrx_word' id='word_1_420' title='bbox 2391 2809 2613 2874; x_wconf 86' lang='lat' dir='ltr'><strong>intueri,</strong></span> <span class='ocrx_word' id='word_1_421' title='bbox 2688 2809 2982 2881; x_wconf 88' lang='lat' dir='ltr'><strong>magnique</strong></span> <span class='ocrx_word' id='word_1_422' title='bbox 3034 2807 3289 2864; x_wconf 90' lang='lat' dir='ltr'><strong>sacriﬁcii</strong></span> <span class='ocrx_word' id='word_1_423' title='bbox 3339 2809 3440 2863; x_wconf 88' lang='lat' dir='ltr'><strong>ha-</strong></span> 
     </span>
    </p>
   </div>
   <div class='ocr_carea' id='block_1_50' title="bbox 1857 2901 3436 2972">
    <p class='ocr_par' dir='ltr' id='par_1_50' title="bbox 1857 2901 3436 2972">
     <span class='ocr_line' id='line_1_50' title="bbox 1857 2901 3436 2972; baseline -0.004 -10"><span class='ocrx_word' id='word_1_424' title='bbox 1857 2907 1986 2962; x_wconf 88' lang='lat' dir='ltr'><strong>bere</strong></span> <span class='ocrx_word' id='word_1_425' title='bbox 2014 2907 2135 2962; x_wconf 93' lang='lat' dir='ltr'><strong>loco</strong></span> <span class='ocrx_word' id='word_1_426' title='bbox 2165 2914 2370 2960; x_wconf 87' lang='lat' dir='ltr'><strong>rectam</strong></span> <span class='ocrx_word' id='word_1_427' title='bbox 2407 2901 2476 2958; x_wconf 92' lang='lat' dir='ltr'><strong>de</strong></span> <span class='ocrx_word' id='word_1_428' title='bbox 2527 2918 2588 2957; x_wconf 91' lang='lat' dir='ltr'><strong>se</strong></span> <span class='ocrx_word' id='word_1_429' title='bbox 2618 2903 2752 2972; x_wconf 86' lang='lat' dir='ltr'><strong>ipsis</strong></span> <span class='ocrx_word' id='word_1_430' title='bbox 2788 2901 2965 2972; x_wconf 90' lang='lat' dir='ltr'><strong>deque</strong></span> <span class='ocrx_word' id='word_1_431' title='bbox 2997 2917 3180 2956; x_wconf 89' lang='lat' dir='ltr'><strong>rerum</strong></span> <span class='ocrx_word' id='word_1_432' title='bbox 3207 2901 3436 2956; x_wconf 87' lang='lat' dir='ltr'><strong>veritate</strong></span> 
     </span>
    </p>
   </div>
   <div class='ocr_carea' id='block_1_51' title="bbox 1857 2995 3436 3068">
    <p class='ocr_par' dir='ltr' id='par_1_51' title="bbox 1857 2995 3436 3068">
     <span class='ocr_line' id='line_1_51' title="bbox 1857 2995 3436 3068; baseline -0.003 -13"><span class='ocrx_word' id='word_1_433' title='bbox 1857 2998 2182 3056; x_wconf 83' lang='lat' dir='ltr'><strong>sententiam</strong></span> <span class='ocrx_word' id='word_1_434' title='bbox 2213 3037 2236 3068; x_wconf 41' lang='lat'><strong>,.</strong></span> <span class='ocrx_word' id='word_1_435' title='bbox 2258 2995 2450 3050; x_wconf 90' lang='lat' dir='ltr'><strong>ﬁerine</strong></span> <span class='ocrx_word' id='word_1_436' title='bbox 2489 2997 2706 3065; x_wconf 88' lang='lat' dir='ltr'><strong>poterit,</strong></span> <span class='ocrx_word' id='word_1_437' title='bbox 2737 2995 2869 3063; x_wconf 92' lang='lat' dir='ltr'><strong>quin</strong></span> <span class='ocrx_word' id='word_1_438' title='bbox 2924 3002 2977 3048; x_wconf 90' lang='lat' dir='ltr'><strong>et</strong></span> <span class='ocrx_word' id='word_1_439' title='bbox 3024 3003 3358 3064; x_wconf 85' lang='lat' dir='ltr'><strong>temperans,</strong></span> <span class='ocrx_word' id='word_1_440' title='bbox 3380 3003 3436 3050; x_wconf 79' lang='lat' dir='ltr'><strong>ct</strong></span> 
     </span>
    </p>
   </div>
   <div class='ocr_carea' id='block_1_52' title="bbox 201 3083 1747 3168">
    <p class='ocr_par' dir='ltr' id='par_1_52' title="bbox 201 3083 1747 3161">
     <span class='ocr_line' id='line_1_52' title="bbox 201 3083 1747 3161; baseline 0.007 -25"><span class='ocrx_word' id='word_1_441' title='bbox 201 3083 342 3158; x_wconf 74' lang='grc' dir='ltr'>θυμία</span> <span class='ocrx_word' id='word_1_442' title='bbox 357 3105 369 3116; x_wconf 89' lang='grc'><strong>·</strong></span> <span class='ocrx_word' id='word_1_443' title='bbox 398 3091 630 3143; x_wconf 80' lang='grc' dir='ltr'>ἐοικέναι</span> <span class='ocrx_word' id='word_1_444' title='bbox 648 3090 757 3158; x_wconf 77' lang='grc' dir='ltr'>γὰρ</span> <span class='ocrx_word' id='word_1_445' title='bbox 775 3090 839 3160; x_wconf 84' lang='grc' dir='ltr'><strong>δὴ</strong></span> <span class='ocrx_word' id='word_1_446' title='bbox 856 3089 954 3153; x_wconf 84' lang='grc' dir='ltr'>τὰς</span> <span class='ocrx_word' id='word_1_447' title='bbox 969 3107 1021 3142; x_wconf 86' lang='grc' dir='ltr'><strong>τι</strong></span> <span class='ocrx_word' id='word_1_448' title='bbox 1028 3089 1134 3160; x_wconf 75' lang='grc' dir='ltr'>μὰς</span> <span class='ocrx_word' id='word_1_449' title='bbox 1147 3091 1267 3152; x_wconf 86' lang='grc' dir='ltr'>ταῖς</span> <span class='ocrx_word' id='word_1_450' title='bbox 1283 3091 1374 3142; x_wconf 77' lang='grc' dir='ltr'><strong>ἐπὶ</strong></span> <span class='ocrx_word' id='word_1_451' title='bbox 1395 3089 1504 3145; x_wconf 84' lang='grc' dir='ltr'><strong>τῶν</strong></span> <span class='ocrx_word' id='word_1_452' title='bbox 1532 3091 1747 3161; x_wconf 82' lang='grc' dir='ltr'>ἀγαθῶν</span> 
     </span>
    </p>
   </div>
   <div class='ocr_carea' id='block_1_53' title="bbox 1858 3083 3436 3168">
    <p class='ocr_par' dir='ltr' id='par_1_53' title="bbox 1858 3085 3436 3162">
     <span class='ocr_line' id='line_1_53' title="bbox 1858 3085 3436 3162; baseline -0.004 -17"><span class='ocrx_word' id='word_1_453' title='bbox 1858 3089 2057 3162; x_wconf 80' lang='lat' dir='ltr'><strong>justus,</strong></span> <span class='ocrx_word' id='word_1_454' title='bbox 2105 3097 2160 3143; x_wconf 91' lang='lat' dir='ltr'><strong>et</strong></span> <span class='ocrx_word' id='word_1_455' title='bbox 2193 3097 2417 3143; x_wconf 82' lang='lat' dir='ltr'><strong>sanctus</strong></span> <span class='ocrx_word' id='word_1_456' title='bbox 2460 3088 2700 3143; x_wconf 86' lang='lat' dir='ltr'><strong>evadat?</strong></span> <span class='ocrx_word' id='word_1_457' title='bbox 2754 3085 3046 3140; x_wconf 89' lang='lat' dir='ltr'><strong>Enimvero</strong></span> <span class='ocrx_word' id='word_1_458' title='bbox 3069 3101 3193 3140; x_wconf 91' lang='lat' dir='ltr'><strong>cum</strong></span> <span class='ocrx_word' id='word_1_459' title='bbox 3219 3085 3436 3144; x_wconf 67' lang='lat' dir='ltr'><strong>sincera</strong></span> 
     </span>
    </p>
   </div>
   <div class='ocr_carea' id='block_1_54' title="bbox 198 3180 1750 3252">
    <p class='ocr_par' dir='ltr' id='par_1_54' title="bbox 198 3180 1750 3252">
     <span class='ocr_line' id='line_1_54' title="bbox 198 3180 1750 3252; baseline 0.006 -24"><span class='ocrx_word' id='word_1_460' title='bbox 198 3180 490 3249; x_wconf 77' lang='grc' dir='ltr'>προεδρίαις,</span> <span class='ocrx_word' id='word_1_461' title='bbox 527 3181 940 3235; x_wconf 82' lang='grc' dir='ltr'>ὑπαναστάσεσί</span> <span class='ocrx_word' id='word_1_462' title='bbox 977 3181 1088 3252; x_wconf 91' lang='grc'>(78)</span> <span class='ocrx_word' id='word_1_463' title='bbox 1124 3197 1183 3234; x_wconf 87' lang='grc' dir='ltr'><strong>τε</strong></span> <span class='ocrx_word' id='word_1_464' title='bbox 1216 3181 1311 3234; x_wconf 78' lang='grc' dir='ltr'><strong>καὶ</strong></span> <span class='ocrx_word' id='word_1_465' title='bbox 1343 3183 1750 3249; x_wconf 76' lang='grc' dir='ltr'>κατακλίσεσιν,</span> 
     </span>
    </p>
   </div>
   <div class='ocr_carea' id='block_1_55' title="bbox 199 3271 1754 3346">
    <p class='ocr_par' dir='ltr' id='par_1_55' title="bbox 199 3271 1754 3346">
     <span class='ocr_line' id='line_1_55' title="bbox 199 3271 1754 3346; baseline 0.004 -24"><span class='ocrx_word' id='word_1_466' title='bbox 199 3271 246 3322; x_wconf 78' lang='grc' dir='ltr'>οὐ</span> <span class='ocrx_word' id='word_1_467' title='bbox 283 3273 570 3338; x_wconf 76' lang='grc' dir='ltr'>συντάξεων</span> <span class='ocrx_word' id='word_1_468' title='bbox 614 3273 817 3327; x_wconf 76' lang='grc' dir='ltr'>δόσεσι.</span> <span class='ocrx_word' id='word_1_469' title='bbox 859 3293 878 3325; x_wconf 72' lang='grc' dir='ltr'><strong>ι</strong></span> <span class='ocrx_word' id='word_1_470' title='bbox 917 3274 1112 3343; x_wconf 78' lang='grc' dir='ltr'>Σαφῶς</span> <span class='ocrx_word' id='word_1_471' title='bbox 1153 3275 1217 3346; x_wconf 77' lang='grc' dir='ltr'><strong>δὴ</strong></span> <span class='ocrx_word' id='word_1_472' title='bbox 1244 3274 1332 3328; x_wconf 78' lang='grc' dir='ltr'>διὰ</span> <span class='ocrx_word' id='word_1_473' title='bbox 1370 3275 1573 3339; x_wconf 79' lang='grc' dir='ltr'>τούτων</span> <span class='ocrx_word' id='word_1_474' title='bbox 1610 3276 1754 3330; x_wconf 80' lang='grc' dir='ltr'>κατὰ</span> 
     </span>
    </p>
   </div>
   <div class='ocr_carea' id='block_1_56' title="bbox 199 3363 1752 3437">
    <p class='ocr_par' dir='ltr' id='par_1_56' title="bbox 199 3363 1752 3437">
     <span class='ocr_line' id='line_1_56' title="bbox 199 3363 1752 3437; baseline 0.005 -25"><span class='ocrx_word' id='word_1_475' title='bbox 199 3363 300 3424; x_wconf 67' lang='grc' dir='ltr'>τοὺς</span> <span class='ocrx_word' id='word_1_476' title='bbox 338 3364 593 3436; x_wconf 81' lang='grc' dir='ltr'>’Έλληνας</span> <span class='ocrx_word' id='word_1_477' title='bbox 645 3366 742 3418; x_wconf 75' lang='grc' dir='ltr'><strong>καὶ</strong></span> <span class='ocrx_word' id='word_1_478' title='bbox 781 3367 907 3429; x_wconf 81' lang='grc' dir='ltr'>τοὺς</span> <span class='ocrx_word' id='word_1_479' title='bbox 946 3365 1150 3419; x_wconf 77' lang='grc' dir='ltr'>τούτων</span> <span class='ocrx_word' id='word_1_480' title='bbox 1191 3365 1514 3436; x_wconf 79' lang='grc' dir='ltr'>φιλοσόφους</span> <span class='ocrx_word' id='word_1_481' title='bbox 1544 3366 1752 3437; x_wconf 83' lang='grc' dir='ltr'>ὡμολο-</span> 
     </span>
    </p>
   </div>
   <div class='ocr_carea' id='block_1_57' title="bbox 198 3455 1752 3529">
    <p class='ocr_par' dir='ltr' id='par_1_57' title="bbox 198 3455 1752 3529">
     <span class='ocr_line' id='line_1_57' title="bbox 198 3455 1752 3529; baseline 0.005 -24"><span class='ocrx_word' id='word_1_482' title='bbox 198 3455 331 3524; x_wconf 70' lang='grc' dir='ltr'>γήθη,</span> <span class='ocrx_word' id='word_1_483' title='bbox 370 3456 447 3508; x_wconf 79' lang='grc' dir='ltr'>ὅτι</span> <span class='ocrx_word' id='word_1_484' title='bbox 488 3457 644 3509; x_wconf 73' lang='grc' dir='ltr'>οὐδὲν</span> <span class='ocrx_word' id='word_1_485' title='bbox 700 3456 942 3528; x_wconf 72' lang='grc' dir='ltr'>ἔμψυχον</span> <span class='ocrx_word' id='word_1_486' title='bbox 995 3457 1182 3529; x_wconf 79' lang='grc' dir='ltr'>τυθείη</span> <span class='ocrx_word' id='word_1_487' title='bbox 1237 3457 1303 3511; x_wconf 86' lang='grc' dir='ltr'>ἂν</span> <span class='ocrx_word' id='word_1_488' title='bbox 1351 3459 1588 3528; x_wconf 72' lang='grc' dir='ltr'>εὐλόγως</span> <span class='ocrx_word' id='word_1_489' title='bbox 1641 3462 1752 3524; x_wconf 85' lang='grc' dir='ltr'>τοῖς</span> 
     </span>
    </p>
   </div>
   <div class='ocr_carea' id='block_1_58' title="bbox 200 3542 1752 3618">
    <p class='ocr_par' dir='ltr' id='par_1_58' title="bbox 200 3542 1752 3618">
     <span class='ocr_line' id='line_1_58' title="bbox 200 3542 1752 3618; baseline 0.006 -25"><span class='ocrx_word' id='word_1_490' title='bbox 200 3542 329 3607; x_wconf 78' lang='grc' dir='ltr'>θεοῖς·</span> <span class='ocrx_word' id='word_1_491' title='bbox 356 3547 563 3600; x_wconf 81' lang='grc' dir='ltr'>ἀνόσιον</span> <span class='ocrx_word' id='word_1_492' title='bbox 593 3547 710 3618; x_wconf 79' lang='grc' dir='ltr'>γὰρ</span> <span class='ocrx_word' id='word_1_493' title='bbox 743 3549 836 3600; x_wconf 78' lang='grc' dir='ltr'><strong>καὶ</strong></span> <span class='ocrx_word' id='word_1_494' title='bbox 864 3547 1047 3601; x_wconf 80' lang='grc' dir='ltr'>ἄδικον</span> <span class='ocrx_word' id='word_1_495' title='bbox 1079 3549 1176 3602; x_wconf 76' lang='grc' dir='ltr'><strong>καὶ</strong></span> <span class='ocrx_word' id='word_1_496' title='bbox 1203 3549 1492 3613; x_wconf 54' lang='lat' dir='ltr'><strong>emensa;</strong></span> <span class='ocrx_word' id='word_1_497' title='bbox 1518 3545 1657 3603; x_wconf 80' lang='grc' dir='ltr'>εἶναι</span> <span class='ocrx_word' id='word_1_498' title='bbox 1690 3550 1752 3603; x_wconf 85' lang='grc' dir='ltr'>τὸ</span> 
     </span>
    </p>
   </div>
   <div class='ocr_carea' id='block_1_59' title="bbox 199 3637 1748 3714">
    <p class='ocr_par' dir='ltr' id='par_1_59' title="bbox 199 3637 1748 3714">
     <span class='ocr_line' id='line_1_59' title="bbox 199 3637 1748 3714; baseline 0.006 -28"><span class='ocrx_word' id='word_1_499' title='bbox 199 3637 411 3706; x_wconf 69' lang='grc' dir='ltr'>πρᾶγμα,</span> <span class='ocrx_word' id='word_1_500' title='bbox 439 3639 538 3691; x_wconf 76' lang='grc' dir='ltr'><strong>οὑκ</strong></span> <span class='ocrx_word' id='word_1_501' title='bbox 568 3638 854 3710; x_wconf 81' lang='grc' dir='ltr'>ἀλλότριόν</span> <span class='ocrx_word' id='word_1_502' title='bbox 880 3657 938 3692; x_wconf 87' lang='grc' dir='ltr'><strong>τε</strong></span> <span class='ocrx_word' id='word_1_503' title='bbox 972 3643 1193 3710; x_wconf 79' lang='grc' dir='ltr'>μύσους.</span> <span class='ocrx_word' id='word_1_504' title='bbox 1223 3642 1335 3694; x_wconf 85' lang='grc' dir='ltr'><strong>Οὐκ</strong></span> <span class='ocrx_word' id='word_1_505' title='bbox 1361 3638 1431 3713; x_wconf 76' lang='grc' dir='ltr'>ἦν</span> <span class='ocrx_word' id='word_1_506' title='bbox 1461 3643 1568 3714; x_wconf 87' lang='grc' dir='ltr'>ἄρα</span> <span class='ocrx_word' id='word_1_507' title='bbox 1611 3643 1748 3710; x_wconf 85' lang='grc' dir='ltr'>θεὸς,</span> 
     </span>
    </p>
   </div>
   <div class='ocr_carea' id='block_1_60' title="bbox 198 3726 1752 3805">
    <p class='ocr_par' dir='ltr' id='par_1_60' title="bbox 198 3726 1752 3805">
     <span class='ocr_line' id='line_1_60' title="bbox 198 3726 1752 3805; baseline 0.008 -29"><span class='ocrx_word' id='word_1_508' title='bbox 198 3726 291 3779; x_wconf 69' lang='grc' dir='ltr'>οἰοδέ</span> <span class='ocrx_word' id='word_1_509' title='bbox 322 3746 395 3792; x_wconf 83' lang='grc' dir='ltr'><strong>τις</strong></span> <span class='ocrx_word' id='word_1_510' title='bbox 423 3731 672 3802; x_wconf 78' lang='grc' dir='ltr'>ἀψευδὴς</span> <span class='ocrx_word' id='word_1_511' title='bbox 704 3733 799 3784; x_wconf 75' lang='grc' dir='ltr'><strong>καὶ</strong></span> <span class='ocrx_word' id='word_1_512' title='bbox 834 3733 1036 3800; x_wconf 81' lang='grc' dir='ltr'>ἀγαθὸς</span> <span class='ocrx_word' id='word_1_513' title='bbox 1075 3733 1284 3804; x_wconf 88' lang='grc' dir='ltr'>δαίμων</span> <span class='ocrx_word' id='word_1_514' title='bbox 1310 3737 1338 3788; x_wconf 85' lang='grc' dir='ltr'><strong>ό</strong></span> <span class='ocrx_word' id='word_1_515' title='bbox 1367 3735 1465 3798; x_wconf 77' lang='grc' dir='ltr'>τὰς</span> <span class='ocrx_word' id='word_1_516' title='bbox 1492 3734 1558 3786; x_wconf 86' lang='grc' dir='ltr'>δι’</span> <span class='ocrx_word' id='word_1_517' title='bbox 1587 3736 1752 3805; x_wconf 84' lang='grc' dir='ltr'>αἱμά-</span> 
     </span>
    </p>
   </div>
   <div class='ocr_carea' id='block_1_61' title="bbox 198 3821 1754 3898">
    <p class='ocr_par' dir='ltr' id='par_1_61' title="bbox 198 3821 1754 3898">
     <span class='ocr_line' id='line_1_61' title="bbox 198 3821 1754 3898; baseline 0.006 -28"><span class='ocrx_word' id='word_1_518' title='bbox 198 3835 280 3871; x_wconf 82' lang='grc' dir='ltr'><strong>των</strong></span> <span class='ocrx_word' id='word_1_519' title='bbox 307 3821 477 3886; x_wconf 75' lang='grc' dir='ltr'>λοιϐάς</span> <span class='ocrx_word' id='word_1_520' title='bbox 501 3841 562 3875; x_wconf 85' lang='grc' dir='ltr'><strong>τε</strong></span> <span class='ocrx_word' id='word_1_521' title='bbox 596 3825 699 3876; x_wconf 75' lang='grc' dir='ltr'><strong>καὶ</strong></span> <span class='ocrx_word' id='word_1_522' title='bbox 727 3823 951 3889; x_wconf 88' lang='grc' dir='ltr'>κνίσσας</span> <span class='ocrx_word' id='word_1_523' title='bbox 995 3824 1177 3896; x_wconf 80' lang='grc' dir='ltr'>μικρῷ</span> <span class='ocrx_word' id='word_1_524' title='bbox 1217 3824 1450 3897; x_wconf 84' lang='grc' dir='ltr'>πρόσθεν</span> <span class='ocrx_word' id='word_1_525' title='bbox 1491 3827 1754 3898; x_wconf 83' lang='grc' dir='ltr'>είσπρατ-</span> 
     </span>
    </p>
   </div>
   <div class='ocr_carea' id='block_1_62' title="bbox 196 3910 1752 3992">
    <p class='ocr_par' dir='ltr' id='par_1_62' title="bbox 196 3910 1752 3992">
     <span class='ocr_line' id='line_1_62' title="bbox 196 3910 1752 3992; baseline 0.007 -30"><span class='ocrx_word' id='word_1_526' title='bbox 196 3910 382 3981; x_wconf 65' lang='grc' dir='ltr'>ξάμενος</span> <span class='ocrx_word' id='word_1_527' title='bbox 420 3916 770 3987; x_wconf 80' lang='grc' dir='ltr'>χρησμῳδός·</span> <span class='ocrx_word' id='word_1_528' title='bbox 819 3917 927 3969; x_wconf 77' lang='grc' dir='ltr'><strong>οὐδ’</strong></span> <span class='ocrx_word' id='word_1_529' title='bbox 952 3919 1150 3971; x_wconf 76' lang='grc' dir='ltr'>ἐκεῖνοι</span> <span class='ocrx_word' id='word_1_530' title='bbox 1183 3919 1405 3982; x_wconf 83' lang='grc' dir='ltr'>πάντες,</span> <span class='ocrx_word' id='word_1_531' title='bbox 1441 3914 1522 3982; x_wconf 73' lang='grc' dir='ltr'>οἷς</span> <span class='ocrx_word' id='word_1_532' title='bbox 1550 3923 1578 3972; x_wconf 85' lang='grc' dir='ltr'>ὁ</span> <span class='ocrx_word' id='word_1_533' title='bbox 1615 3937 1752 3992; x_wconf 87' lang='grc' dir='ltr'>χρη-</span> 
     </span>
    </p>
   </div>
   <div class='ocr_carea' id='block_1_63' title="bbox 197 4003 1750 4082">
    <p class='ocr_par' dir='ltr' id='par_1_63' title="bbox 197 4003 1750 4082">
     <span class='ocr_line' id='line_1_63' title="bbox 197 4003 1750 4082; baseline 0.007 -28"><span class='ocrx_word' id='word_1_534' title='bbox 197 4003 305 4069; x_wconf 63' lang='grc' dir='ltr'>σμὸς</span> <span class='ocrx_word' id='word_1_535' title='bbox 331 4005 470 4059; x_wconf 76' lang='grc' dir='ltr'>θύειν</span> <span class='ocrx_word' id='word_1_536' title='bbox 501 4007 622 4071; x_wconf 79' lang='grc' dir='ltr'>ζῶα</span> <span class='ocrx_word' id='word_1_537' title='bbox 653 4009 1112 4081; x_wconf 79' lang='grc' dir='ltr'>παρεκελεύσατο’</span> <span class='ocrx_word' id='word_1_538' title='bbox 1141 4011 1341 4064; x_wconf 82' lang='grc' dir='ltr'>πλάνον</span> <span class='ocrx_word' id='word_1_539' title='bbox 1365 4012 1471 4082; x_wconf 84' lang='grc' dir='ltr'>ἄρα</span> <span class='ocrx_word' id='word_1_540' title='bbox 1494 4013 1587 4065; x_wconf 78' lang='grc' dir='ltr'><strong>καὶ</strong></span> <span class='ocrx_word' id='word_1_541' title='bbox 1610 4013 1750 4065; x_wconf 86' lang='grc' dir='ltr'>ἀπα-</span> 
     </span>
    </p>
   </div>
   <div class='ocr_carea' id='block_1_64' title="bbox 194 4096 1750 4176">
    <p class='ocr_par' dir='ltr' id='par_1_64' title="bbox 194 4096 1750 4176">
     <span class='ocr_line' id='line_1_64' title="bbox 194 4096 1750 4176; baseline 0.008 -28"><span class='ocrx_word' id='word_1_542' title='bbox 194 4096 353 4164; x_wconf 77' lang='grc' dir='ltr'>τεῶνα,</span> <span class='ocrx_word' id='word_1_543' title='bbox 382 4102 472 4154; x_wconf 72' lang='grc' dir='ltr'><strong>καὶ</strong></span> <span class='ocrx_word' id='word_1_544' title='bbox 501 4101 748 4172; x_wconf 81' lang='grc' dir='ltr'>πονηρὸν</span> <span class='ocrx_word' id='word_1_545' title='bbox 789 4102 1045 4174; x_wconf 85' lang='grc' dir='ltr'>ἄντικρυς</span> <span class='ocrx_word' id='word_1_546' title='bbox 1080 4102 1312 4173; x_wconf 85' lang='grc' dir='ltr'>δαίμονα</span> <span class='ocrx_word' id='word_1_547' title='bbox 1335 4105 1440 4176; x_wconf 85' lang='grc' dir='ltr'>χρὴ</span> <span class='ocrx_word' id='word_1_548' title='bbox 1466 4104 1629 4174; x_wconf 79' lang='grc' dir='ltr'>φάναι</span> <span class='ocrx_word' id='word_1_549' title='bbox 1658 4106 1750 4161; x_wconf 81' lang='grc' dir='ltr'>τὸν</span> 
     </span>
    </p>
   </div>
   <div class='ocr_carea' id='block_1_65' title="bbox 195 4192 1745 4267">
    <p class='ocr_par' dir='ltr' id='par_1_65' title="bbox 195 4192 1745 4267">
     <span class='ocr_line' id='line_1_65' title="bbox 195 4192 1745 4267; baseline 0.018 -28"><span class='ocrx_word' id='word_1_550' title='bbox 195 4192 660 4265; x_wconf 58' lang='grc' dir='ltr'>καταψευσάμενον,</span> <span class='ocrx_word' id='word_1_551' title='bbox 690 4195 785 4248; x_wconf 79' lang='grc' dir='ltr'><strong>καὶ</strong></span> <span class='ocrx_word' id='word_1_552' title='bbox 809 4194 962 4258; x_wconf 71' lang='grc' dir='ltr'>θεοὺς</span> <span class='ocrx_word' id='word_1_553' title='bbox 990 4196 1116 4258; x_wconf 78' lang='grc' dir='ltr'>τοὺς</span> <span class='ocrx_word' id='word_1_554' title='bbox 1150 4195 1224 4266; x_wconf 82' lang='grc' dir='ltr'>μὴ</span> <span class='ocrx_word' id='word_1_555' title='bbox 1249 4196 1408 4260; x_wconf 77' lang='grc' dir='ltr'>ὄντας</span> <span class='ocrx_word' id='word_1_556' title='bbox 1435 4199 1745 4267; x_wconf 72' lang='grc' dir='ltr'><strong>ἀνειπόνταν</strong></span> 
     </span>
    </p>
   </div>
   <div class='ocr_carea' id='block_1_66' title="bbox 193 4283 1749 4358">
    <p class='ocr_par' dir='ltr' id='par_1_66' title="bbox 193 4283 1749 4358">
     <span class='ocr_line' id='line_1_66' title="bbox 193 4283 1749 4358; baseline 0.01 -27"><span class='ocrx_word' id='word_1_557' title='bbox 193 4283 266 4333; x_wconf 71' lang='grc' dir='ltr'><strong>καὶ</strong></span> <span class='ocrx_word' id='word_1_558' title='bbox 294 4287 668 4356; x_wconf 77' lang='grc' dir='ltr'>προστάξαντα</span> <span class='ocrx_word' id='word_1_559' title='bbox 718 4286 792 4358; x_wconf 80' lang='grc' dir='ltr'>μὴ</span> <span class='ocrx_word' id='word_1_560' title='bbox 836 4287 992 4357; x_wconf 86' lang='grc' dir='ltr'>μόνον</span> <span class='ocrx_word' id='word_1_561' title='bbox 1031 4290 1142 4351; x_wconf 83' lang='grc' dir='ltr'>τοῖς</span> <span class='ocrx_word' id='word_1_562' title='bbox 1184 4288 1436 4358; x_wconf 86' lang='grc' dir='ltr'>χθονίοις,</span> <span class='ocrx_word' id='word_1_563' title='bbox 1475 4290 1611 4344; x_wconf 77' lang='grc' dir='ltr'>ἀλλὰ</span> <span class='ocrx_word' id='word_1_564' title='bbox 1654 4294 1749 4346; x_wconf 79' lang='grc' dir='ltr'><strong>καὶ</strong></span> 
     </span>
    </p>
   </div>
   <div class='ocr_carea' id='block_1_67' title="bbox 193 4377 1746 4450">
    <p class='ocr_par' dir='ltr' id='par_1_67' title="bbox 193 4377 1746 4450">
     <span class='ocr_line' id='line_1_67' title="bbox 193 4377 1746 4450; baseline 0.009 -26"><span class='ocrx_word' id='word_1_565' title='bbox 193 4377 280 4439; x_wconf 82' lang='grc' dir='ltr'>τοῖς</span> <span class='ocrx_word' id='word_1_566' title='bbox 299 4380 556 4450; x_wconf 72' lang='grc' dir='ltr'>οὐρανίοις</span> <span class='ocrx_word' id='word_1_567' title='bbox 593 4381 697 4434; x_wconf 68' lang='grc' dir='ltr'><strong>καὶ</strong></span> <span class='ocrx_word' id='word_1_568' title='bbox 723 4380 1003 4450; x_wconf 85' lang='grc' dir='ltr'>ὰστραίοις</span> <span class='ocrx_word' id='word_1_569' title='bbox 1033 4379 1344 4443; x_wconf 79' lang='grc' dir='ltr'>ζωοθῡτεῖν.</span> <span class='ocrx_word' id='word_1_570' title='bbox 1369 4381 1532 4446; x_wconf 88' lang='grc' dir='ltr'>Τίνας</span> <span class='ocrx_word' id='word_1_571' title='bbox 1571 4378 1665 4438; x_wconf 81' lang='grc' dir='ltr'>οὖν</span> <span class='ocrx_word' id='word_1_572' title='bbox 1697 4387 1746 4437; x_wconf 85' lang='grc' dir='ltr'><strong>εί</strong></span> 
     </span>
    </p>
   </div>
   <div class='ocr_carea' id='block_1_68' title="bbox 1855 3179 3441 3250">
    <p class='ocr_par' dir='ltr' id='par_1_68' title="bbox 1855 3179 3441 3250">
     <span class='ocr_line' id='line_1_68' title="bbox 1855 3179 3441 3250; baseline -0.004 -10"><span class='ocrx_word' id='word_1_573' title='bbox 1855 3199 2032 3250; x_wconf 87' lang='lat' dir='ltr'><strong>mens,</strong></span> <span class='ocrx_word' id='word_1_574' title='bbox 2061 3191 2115 3237; x_wconf 91' lang='lat' dir='ltr'><strong>et</strong></span> <span class='ocrx_word' id='word_1_575' title='bbox 2137 3181 2352 3235; x_wconf 90' lang='lat' dir='ltr'><strong>animus</strong></span> <span class='ocrx_word' id='word_1_576' title='bbox 2379 3181 2447 3235; x_wconf 90' lang='lat' dir='ltr'><strong>ab</strong></span> <span class='ocrx_word' id='word_1_577' title='bbox 2475 3179 2945 3248; x_wconf 88' lang='lat' dir='ltr'><strong>omnicupiditate</strong></span> <span class='ocrx_word' id='word_1_578' title='bbox 2979 3193 3189 3234; x_wconf 84' lang='lat' dir='ltr'><strong>vacuus</strong></span> <span class='ocrx_word' id='word_1_579' title='bbox 3218 3179 3441 3250; x_wconf 72' lang='lat' dir='ltr'><strong>optimae</strong></span> 
     </span>
    </p>
   </div>
   <div class='ocr_carea' id='block_1_69' title="bbox 1853 3267 3437 3342">
    <p class='ocr_par' dir='ltr' id='par_1_69' title="bbox 1853 3267 3437 3342">
     <span class='ocr_line' id='line_1_69' title="bbox 1853 3267 3437 3342; baseline -0.005 -13"><span class='ocrx_word' id='word_1_580' title='bbox 1853 3273 2079 3329; x_wconf 90' lang='lat' dir='ltr'><strong>deorum</strong></span> <span class='ocrx_word' id='word_1_581' title='bbox 2105 3270 2358 3342; x_wconf 62' lang='lat' dir='ltr'><strong>primitiae</strong></span> <span class='ocrx_word' id='word_1_582' title='bbox 2382 3271 2510 3336; x_wconf 89' lang='lat' dir='ltr'><strong>sint,</strong></span> <span class='ocrx_word' id='word_1_583' title='bbox 2546 3285 2653 3324; x_wconf 87' lang='lat' dir='ltr'><strong>non</strong></span> <span class='ocrx_word' id='word_1_584' title='bbox 2679 3269 2917 3324; x_wconf 89' lang='lat' dir='ltr'><strong>alienum</strong></span> <span class='ocrx_word' id='word_1_585' title='bbox 2948 3276 3132 3322; x_wconf 92' lang='lat' dir='ltr'><strong>tamen</strong></span> <span class='ocrx_word' id='word_1_586' title='bbox 3159 3267 3437 3324; x_wconf 88' lang='lat' dir='ltr'><strong>abiisdem</strong></span> 
     </span>
    </p>
   </div>
   <div class='ocr_carea' id='block_1_70' title="bbox 1854 3360 3441 3434">
    <p class='ocr_par' dir='ltr' id='par_1_70' title="bbox 1854 3360 3441 3434">
     <span class='ocr_line' id='line_1_70' title="bbox 1854 3360 3441 3434; baseline -0.003 -12"><span class='ocrx_word' id='word_1_587' title='bbox 1854 3366 2036 3430; x_wconf 87' lang='lat' dir='ltr'><strong>fuerit,</strong></span> <span class='ocrx_word' id='word_1_588' title='bbox 2065 3363 2171 3418; x_wconf 91' lang='lat' dir='ltr'><strong>alia</strong></span> <span class='ocrx_word' id='word_1_589' title='bbox 2207 3363 2455 3432; x_wconf 72' lang='lat' dir='ltr'><strong>quiedam</strong></span> <span class='ocrx_word' id='word_1_590' title='bbox 2484 3363 2616 3434; x_wconf 91' lang='lat' dir='ltr'><strong>ipsis</strong></span> <span class='ocrx_word' id='word_1_591' title='bbox 2638 3361 2864 3416; x_wconf 73' lang='lat' dir='ltr'><strong>modicae</strong></span> <span class='ocrx_word' id='word_1_592' title='bbox 2884 3376 2948 3416; x_wconf 89' lang='lat' dir='ltr'><strong>ac</strong></span> <span class='ocrx_word' id='word_1_593' title='bbox 2976 3361 3152 3417; x_wconf 77' lang='lat' dir='ltr'><strong>facilis</strong></span> <span class='ocrx_word' id='word_1_594' title='bbox 3178 3360 3441 3431; x_wconf 71' lang='lat' dir='ltr'><strong>impensa:</strong></span> 
     </span>
    </p>
   </div>
   <div class='ocr_carea' id='block_1_71' title="bbox 1853 3453 3442 3523">
    <p class='ocr_par' dir='ltr' id='par_1_71' title="bbox 1853 3453 3442 3523">
     <span class='ocr_line' id='line_1_71' title="bbox 1853 3453 3442 3523; baseline -0.004 -9"><span class='ocrx_word' id='word_1_595' title='bbox 1853 3461 2048 3523; x_wconf 90' lang='lat' dir='ltr'><strong>libare,</strong></span> <span class='ocrx_word' id='word_1_596' title='bbox 2075 3459 2119 3513; x_wconf 93' lang='lat' dir='ltr'><strong>si</strong></span> <span class='ocrx_word' id='word_1_597' title='bbox 2152 3465 2334 3511; x_wconf 88' lang='lat' dir='ltr'><strong>tamen</strong></span> <span class='ocrx_word' id='word_1_598' title='bbox 2365 3456 2419 3510; x_wconf 93' lang='lat' dir='ltr'><strong>id</strong></span> <span class='ocrx_word' id='word_1_599' title='bbox 2451 3461 2566 3512; x_wconf 83' lang='lat' dir='ltr'><strong>non</strong></span> <span class='ocrx_word' id='word_1_600' title='bbox 2594 3455 2734 3511; x_wconf 90' lang='lat' dir='ltr'><strong>dicis</strong></span> <span class='ocrx_word' id='word_1_601' title='bbox 2762 3469 2950 3521; x_wconf 86' lang='lat' dir='ltr'><strong>causa,</strong></span> <span class='ocrx_word' id='word_1_602' title='bbox 3000 3453 3098 3510; x_wconf 90' lang='lat' dir='ltr'><strong>sed</strong></span> <span class='ocrx_word' id='word_1_603' title='bbox 3125 3455 3296 3509; x_wconf 84' lang='lat' dir='ltr'><strong>omni</strong></span> <span class='ocrx_word' id='word_1_604' title='bbox 3325 3461 3442 3508; x_wconf 85' lang='lat' dir='ltr'><strong>stu-</strong></span> 
     </span>
    </p>
   </div>
   <div class='ocr_carea' id='block_1_72' title="bbox 1851 3547 3437 3622">
    <p class='ocr_par' dir='ltr' id='par_1_72' title="bbox 1851 3547 3437 3622">
     <span class='ocr_line' id='line_1_72' title="bbox 1851 3547 3437 3622; baseline -0.004 -14"><span class='ocrx_word' id='word_1_605' title='bbox 1851 3553 1943 3608; x_wconf 88' lang='lat' dir='ltr'><strong>dio</strong></span> <span class='ocrx_word' id='word_1_606' title='bbox 1965 3561 2019 3607; x_wconf 89' lang='lat' dir='ltr'><strong>et</strong></span> <span class='ocrx_word' id='word_1_607' title='bbox 2049 3549 2256 3622; x_wconf 85' lang='lat' dir='ltr'><strong>prolixa</strong></span> <span class='ocrx_word' id='word_1_608' title='bbox 2279 3550 2561 3604; x_wconf 90' lang='lat' dir='ltr'><strong>voluntate</strong></span> <span class='ocrx_word' id='word_1_609' title='bbox 2585 3549 2679 3602; x_wconf 88' lang='lat' dir='ltr'><strong>ﬁat</strong></span> <span class='ocrx_word' id='word_1_610' title='bbox 2711 3568 2724 3602; x_wconf 90' lang='lat'><strong>:</strong></span> <span class='ocrx_word' id='word_1_611' title='bbox 2761 3548 3030 3618; x_wconf 82' lang='lat' dir='ltr'><strong>siquidem</strong></span> <span class='ocrx_word' id='word_1_612' title='bbox 3073 3547 3164 3604; x_wconf 91' lang='lat' dir='ltr'><strong>isti</strong></span> <span class='ocrx_word' id='word_1_613' title='bbox 3210 3548 3437 3604; x_wconf 90' lang='lat' dir='ltr'><strong>deorum</strong></span> 
     </span>
    </p>
   </div>
   <div class='ocr_carea' id='block_1_73' title="bbox 1854 3639 3439 3711">
    <p class='ocr_par' dir='ltr' id='par_1_73' title="bbox 1854 3639 3439 3711">
     <span class='ocr_line' id='line_1_73' title="bbox 1854 3639 3439 3711; baseline -0.003 -12"><span class='ocrx_word' id='word_1_614' title='bbox 1854 3645 2115 3710; x_wconf 87' lang='lat' dir='ltr'><strong>honores,</strong></span> <span class='ocrx_word' id='word_1_615' title='bbox 2149 3643 2488 3700; x_wconf 88' lang='lat' dir='ltr'><strong>solemnibus</strong></span> <span class='ocrx_word' id='word_1_616' title='bbox 2519 3640 2665 3711; x_wconf 89' lang='lat' dir='ltr'><strong>apud</strong></span> <span class='ocrx_word' id='word_1_617' title='bbox 2697 3641 2847 3696; x_wconf 91' lang='lat' dir='ltr'><strong>viros</strong></span> <span class='ocrx_word' id='word_1_618' title='bbox 2889 3639 3048 3711; x_wconf 77' lang='lat'><strong>153</strong></span> <span class='ocrx_word' id='word_1_619' title='bbox 3093 3640 3270 3696; x_wconf 91' lang='lat' dir='ltr'><strong>bonos</strong></span> <span class='ocrx_word' id='word_1_620' title='bbox 3295 3655 3439 3711; x_wconf 80' lang='lat' dir='ltr'><strong>pra:-</strong></span> 
     </span>
    </p>
   </div>
   <div class='ocr_carea' id='block_1_74' title="bbox 1854 3730 3441 3806">
    <p class='ocr_par' dir='ltr' id='par_1_74' title="bbox 1854 3730 3441 3806">
     <span class='ocr_line' id='line_1_74' title="bbox 1854 3730 3441 3806; baseline -0.003 -16"><span class='ocrx_word' id='word_1_621' title='bbox 1854 3736 2090 3803; x_wconf 88' lang='lat' dir='ltr'><strong>sidendi,</strong></span> <span class='ocrx_word' id='word_1_622' title='bbox 2121 3734 2469 3806; x_wconf 85' lang='lat' dir='ltr'><strong>assurgendi,</strong></span> <span class='ocrx_word' id='word_1_623' title='bbox 2506 3749 2571 3788; x_wconf 92' lang='lat' dir='ltr'><strong>ac</strong></span> <span class='ocrx_word' id='word_1_624' title='bbox 2594 3731 2975 3787; x_wconf 89' lang='lat' dir='ltr'><strong>discumbendi</strong></span> <span class='ocrx_word' id='word_1_625' title='bbox 3006 3731 3316 3786; x_wconf 89' lang='lat' dir='ltr'><strong>rationibus</strong></span> <span class='ocrx_word' id='word_1_626' title='bbox 3363 3730 3441 3786; x_wconf 83' lang='lat' dir='ltr'><strong>si-</strong></span> 
     </span>
    </p>
   </div>
   <div class='ocr_carea' id='block_1_75' title="bbox 1851 3823 3433 3898">
    <p class='ocr_par' dir='ltr' id='par_1_75' title="bbox 1851 3823 3433 3898">
     <span class='ocr_line' id='line_1_75' title="bbox 1851 3823 3433 3898; baseline -0.004 -16"><span class='ocrx_word' id='word_1_627' title='bbox 1851 3829 2010 3883; x_wconf 92' lang='lat' dir='ltr'><strong>miles</strong></span> <span class='ocrx_word' id='word_1_628' title='bbox 2044 3828 2269 3898; x_wconf 91' lang='lat' dir='ltr'><strong>putandi</strong></span> <span class='ocrx_word' id='word_1_629' title='bbox 2295 3837 2443 3892; x_wconf 90' lang='lat' dir='ltr'><strong>sunt,</strong></span> <span class='ocrx_word' id='word_1_630' title='bbox 2469 3841 2578 3880; x_wconf 91' lang='lat' dir='ltr'><strong>non</strong></span> <span class='ocrx_word' id='word_1_631' title='bbox 2603 3823 2952 3895; x_wconf 89' lang='lat' dir='ltr'><strong>vectigalium</strong></span> <span class='ocrx_word' id='word_1_632' title='bbox 2993 3823 3374 3893; x_wconf 90' lang='lat' dir='ltr'><strong>pensionibus.</strong></span> <span class='ocrx_word' id='word_1_633' title='bbox 3413 3842 3433 3876; x_wconf 73' lang='grc' dir='ltr'><strong>ι</strong></span> 
     </span>
    </p>
   </div>
   <div class='ocr_carea' id='block_1_76' title="bbox 1853 3913 3440 3990">
    <p class='ocr_par' dir='ltr' id='par_1_76' title="bbox 1853 3913 3440 3990">
     <span class='ocr_line' id='line_1_76' title="bbox 1853 3913 3440 3990; baseline -0.001 -18"><span class='ocrx_word' id='word_1_634' title='bbox 1853 3919 1932 3974; x_wconf 83' lang='lat' dir='ltr'><strong>Ex</strong></span> <span class='ocrx_word' id='word_1_635' title='bbox 1962 3920 2050 3976; x_wconf 90' lang='lat' dir='ltr'><strong>his</strong></span> <span class='ocrx_word' id='word_1_636' title='bbox 2073 3918 2317 3990; x_wconf 84' lang='lat' dir='ltr'><strong>profecto</strong></span> <span class='ocrx_word' id='word_1_637' title='bbox 2371 3915 2658 3972; x_wconf 79' lang='lat' dir='ltr'><strong>manifeste</strong></span> <span class='ocrx_word' id='word_1_638' title='bbox 2696 3917 2886 3986; x_wconf 85' lang='lat' dir='ltr'><strong>liquet,</strong></span> <span class='ocrx_word' id='word_1_639' title='bbox 2938 3913 3022 3970; x_wconf 90' lang='lat' dir='ltr'><strong>vel</strong></span> <span class='ocrx_word' id='word_1_640' title='bbox 3069 3913 3190 3984; x_wconf 88' lang='lat' dir='ltr'><strong>ipso</strong></span> <span class='ocrx_word' id='word_1_641' title='bbox 3220 3913 3440 3970; x_wconf 63' lang='lat' dir='ltr'><strong>Graeco-</strong></span> 
     </span>
    </p>
   </div>
   <div class='ocr_carea' id='block_1_77' title="bbox 1851 4005 3439 4079">
    <p class='ocr_par' dir='ltr' id='par_1_77' title="bbox 1851 4005 3439 4079">
     <span class='ocr_line' id='line_1_77' title="bbox 1851 4005 3439 4079; baseline -0.004 -12"><span class='ocrx_word' id='word_1_642' title='bbox 1851 4027 1975 4067; x_wconf 91' lang='lat' dir='ltr'><strong>rum</strong></span> <span class='ocrx_word' id='word_1_643' title='bbox 2013 4012 2322 4074; x_wconf 88' lang='lat' dir='ltr'><strong>hominum,</strong></span> <span class='ocrx_word' id='word_1_644' title='bbox 2355 4009 2560 4079; x_wconf 91' lang='lat' dir='ltr'><strong>quique</strong></span> <span class='ocrx_word' id='word_1_645' title='bbox 2592 4007 2736 4077; x_wconf 88' lang='lat' dir='ltr'><strong>apud</strong></span> <span class='ocrx_word' id='word_1_646' title='bbox 2780 4006 2932 4075; x_wconf 88' lang='lat' dir='ltr'><strong>ipsos</strong></span> <span class='ocrx_word' id='word_1_647' title='bbox 2968 4005 3230 4060; x_wconf 77' lang='lat' dir='ltr'><strong>exstitere</strong></span> <span class='ocrx_word' id='word_1_648' title='bbox 3257 4005 3439 4076; x_wconf 89' lang='lat' dir='ltr'><strong>philo-</strong></span> 
     </span>
    </p>
   </div>
   <div class='ocr_carea' id='block_1_78' title="bbox 1853 4095 3441 4173">
    <p class='ocr_par' dir='ltr' id='par_1_78' title="bbox 1853 4095 3441 4173">
     <span class='ocr_line' id='line_1_78' title="bbox 1853 4095 3441 4173; baseline -0.006 -15"><span class='ocrx_word' id='word_1_649' title='bbox 1853 4103 2153 4173; x_wconf 86' lang='lat' dir='ltr'><strong>sophorum</strong></span> <span class='ocrx_word' id='word_1_650' title='bbox 2188 4115 2374 4164; x_wconf 91' lang='lat' dir='ltr'><strong>sensu,</strong></span> <span class='ocrx_word' id='word_1_651' title='bbox 2401 4100 2539 4154; x_wconf 89' lang='lat' dir='ltr'><strong>nihil</strong></span> <span class='ocrx_word' id='word_1_652' title='bbox 2561 4097 2792 4152; x_wconf 90' lang='lat' dir='ltr'><strong>animati</strong></span> <span class='ocrx_word' id='word_1_653' title='bbox 2822 4097 2930 4152; x_wconf 93' lang='lat' dir='ltr'><strong>diis</strong></span> <span class='ocrx_word' id='word_1_654' title='bbox 2968 4095 3271 4152; x_wconf 86' lang='lat' dir='ltr'><strong>sacriﬁcari</strong></span> <span class='ocrx_word' id='word_1_655' title='bbox 3315 4095 3441 4166; x_wconf 87' lang='lat' dir='ltr'><strong>jure</strong></span> 
     </span>
    </p>
   </div>
   <div class='ocr_carea' id='block_1_79' title="bbox 1851 4187 3443 4268">
    <p class='ocr_par' dir='ltr' id='par_1_79' title="bbox 1851 4187 3443 4268">
     <span class='ocr_line' id='line_1_79' title="bbox 1851 4187 3443 4268; baseline -0.008 -16"><span class='ocrx_word' id='word_1_656' title='bbox 1851 4213 2052 4268; x_wconf 88' lang='lat' dir='ltr'><strong>posse:</strong></span> <span class='ocrx_word' id='word_1_657' title='bbox 2084 4211 2198 4250; x_wconf 91' lang='lat' dir='ltr'><strong>rem</strong></span> <span class='ocrx_word' id='word_1_658' title='bbox 2228 4195 2430 4264; x_wconf 90' lang='lat' dir='ltr'><strong>quippe</strong></span> <span class='ocrx_word' id='word_1_659' title='bbox 2493 4189 2785 4254; x_wconf 82' lang='lat' dir='ltr'><strong>nefariam,</strong></span> <span class='ocrx_word' id='word_1_660' title='bbox 2833 4189 3082 4258; x_wconf 91' lang='lat' dir='ltr'><strong>inquam,</strong></span> <span class='ocrx_word' id='word_1_661' title='bbox 3131 4202 3197 4243; x_wconf 93' lang='lat' dir='ltr'><strong>ac</strong></span> <span class='ocrx_word' id='word_1_662' title='bbox 3255 4187 3443 4258; x_wconf 81' lang='lat' dir='ltr'><strong>perni-</strong></span> 
     </span>
    </p>
   </div>
   <div class='ocr_carea' id='block_1_80' title="bbox 1851 4279 3441 4354">
    <p class='ocr_par' dir='ltr' id='par_1_80' title="bbox 1851 4279 3441 4354">
     <span class='ocr_line' id='line_1_80' title="bbox 1851 4279 3441 4354; baseline -0.005 -11"><span class='ocrx_word' id='word_1_663' title='bbox 1851 4291 2058 4344; x_wconf 91' lang='lat' dir='ltr'><strong>ciosam</strong></span> <span class='ocrx_word' id='word_1_664' title='bbox 2106 4301 2249 4352; x_wconf 91' lang='lat' dir='ltr'><strong>esse,</strong></span> <span class='ocrx_word' id='word_1_665' title='bbox 2301 4295 2465 4354; x_wconf 89' lang='lat' dir='ltr'><strong>atque</strong></span> <span class='ocrx_word' id='word_1_666' title='bbox 2487 4282 2854 4339; x_wconf 88' lang='lat' dir='ltr'><strong>exsecrationi</strong></span> <span class='ocrx_word' id='word_1_667' title='bbox 2906 4281 3236 4352; x_wconf 83' lang='lat' dir='ltr'><strong>proximam.</strong></span> <span class='ocrx_word' id='word_1_668' title='bbox 3293 4279 3441 4336; x_wconf 87' lang='lat' dir='ltr'><strong>Deus</strong></span> 
     </span>
    </p>
   </div>
   <div class='ocr_carea' id='block_1_81' title="bbox 1850 4372 3440 4453">
    <p class='ocr_par' dir='ltr' id='par_1_81' title="bbox 1850 4372 3440 4453">
     <span class='ocr_line' id='line_1_81' title="bbox 1850 4372 3440 4453; baseline -0.006 -17"><span class='ocrx_word' id='word_1_669' title='bbox 1850 4383 2017 4453; x_wconf 80' lang='lat' dir='ltr'><strong>igitur</strong></span> <span class='ocrx_word' id='word_1_670' title='bbox 2054 4379 2310 4435; x_wconf 83' lang='lat' dir='ltr'><strong>fatidicus</strong></span> <span class='ocrx_word' id='word_1_671' title='bbox 2347 4378 2449 4433; x_wconf 92' lang='lat' dir='ltr'><strong>iste</strong></span> <span class='ocrx_word' id='word_1_672' title='bbox 2496 4392 2608 4431; x_wconf 92' lang='lat' dir='ltr'><strong>non</strong></span> <span class='ocrx_word' id='word_1_673' title='bbox 2651 4383 2790 4441; x_wconf 86' lang='lat' dir='ltr'><strong>erat,</strong></span> <span class='ocrx_word' id='word_1_674' title='bbox 2843 4375 2956 4430; x_wconf 93' lang='lat' dir='ltr'><strong>imo</strong></span> <span class='ocrx_word' id='word_1_675' title='bbox 2985 4389 3089 4430; x_wconf 88' lang='lat' dir='ltr'><strong>nec</strong></span> <span class='ocrx_word' id='word_1_676' title='bbox 3142 4388 3309 4429; x_wconf 80' lang='lat' dir='ltr'><strong>verax</strong></span> <span class='ocrx_word' id='word_1_677' title='bbox 3341 4372 3440 4428; x_wconf 90' lang='lat' dir='ltr'><strong>bo-</strong></span> 
     </span>
    </p>
   </div>
   <div class='ocr_carea' id='block_1_82' title="bbox 194 4463 1747 4546">
    <p class='ocr_par' dir='ltr' id='par_1_82' title="bbox 194 4469 1742 4544">
     <span class='ocr_line' id='line_1_82' title="bbox 194 4469 1742 4544; baseline 0.004 -23"><span class='ocrx_word' id='word_1_678' title='bbox 194 4469 250 4538; x_wconf 78' lang='grc' dir='ltr'>μὴ</span> <span class='ocrx_word' id='word_1_679' title='bbox 278 4469 416 4535; x_wconf 77' lang='grc' dir='ltr'>θεοὺς</span> <span class='ocrx_word' id='word_1_680' title='bbox 437 4474 565 4537; x_wconf 76' lang='grc' dir='ltr'>τοὺς</span> <span class='ocrx_word' id='word_1_681' title='bbox 588 4471 920 4543; x_wconf 78' lang='grc' dir='ltr'>εἰρημένους</span> <span class='ocrx_word' id='word_1_682' title='bbox 949 4472 1195 4535; x_wconf 75' lang='grc' dir='ltr'>ἅπαντας</span> <span class='ocrx_word' id='word_1_683' title='bbox 1221 4473 1488 4544; x_wconf 85' lang='grc' dir='ltr'>προσήκει</span> <span class='ocrx_word' id='word_1_684' title='bbox 1514 4473 1580 4527; x_wconf 88' lang='grc' dir='ltr'>ἂν</span> <span class='ocrx_word' id='word_1_685' title='bbox 1607 4473 1742 4526; x_wconf 82' lang='grc' dir='ltr'><strong>ὑπο-</strong></span> 
     </span>
    </p>
   </div>
   <div class='ocr_carea' id='block_1_83' title="bbox 1858 4463 3438 4546">
    <p class='ocr_par' dir='ltr' id='par_1_83' title="bbox 1858 4464 3438 4546">
     <span class='ocr_line' id='line_1_83' title="bbox 1858 4464 3438 4546; baseline -0.006 -16"><span class='ocrx_word' id='word_1_686' title='bbox 1858 4490 2063 4546; x_wconf 89' lang='lat' dir='ltr'><strong>nusque</strong></span> <span class='ocrx_word' id='word_1_687' title='bbox 2085 4473 2318 4528; x_wconf 75' lang='lat' dir='ltr'><strong>daamon.</strong></span> <span class='ocrx_word' id='word_1_688' title='bbox 2343 4470 2436 4540; x_wconf 92' lang='lat' dir='ltr'><strong>qui</strong></span> <span class='ocrx_word' id='word_1_689' title='bbox 2473 4477 2730 4525; x_wconf 84' lang='lat' dir='ltr'><strong>cruentas</strong></span> <span class='ocrx_word' id='word_1_690' title='bbox 2759 4467 2925 4538; x_wconf 86' lang='lat' dir='ltr'><strong>paulo</strong></span> <span class='ocrx_word' id='word_1_691' title='bbox 2983 4475 3110 4521; x_wconf 91' lang='lat' dir='ltr'><strong>ante</strong></span> <span class='ocrx_word' id='word_1_692' title='bbox 3148 4464 3438 4522; x_wconf 79' lang='lat' dir='ltr'><strong>libationes</strong></span> 
     </span>
    </p>
   </div>
   <div class='ocr_carea' id='block_1_84' title="bbox 249 4625 1739 4698">
    <p class='ocr_par' dir='ltr' id='par_1_84' title="bbox 249 4625 1739 4698">
     <span class='ocr_line' id='line_1_84' title="bbox 249 4625 1739 4698; baseline 0.004 -20"><span class='ocrx_word' id='word_1_693' title='bbox 249 4625 340 4695; x_wconf 82' lang='grc'>(70)</span> <span class='ocrx_word' id='word_1_694' title='bbox 383 4631 617 4684; x_wconf 83' lang='grc' dir='ltr'>Τούτων</span> <span class='ocrx_word' id='word_1_695' title='bbox 668 4629 855 4694; x_wconf 82' lang='grc' dir='ltr'>τινός.</span> <span class='ocrx_word' id='word_1_696' title='bbox 901 4628 1102 4698; x_wconf 87' lang='lat' dir='ltr'><strong>Porph.</strong></span> <span class='ocrx_word' id='word_1_697' title='bbox 1150 4629 1356 4683; x_wconf 83' lang='grc' dir='ltr'>τούτων</span> <span class='ocrx_word' id='word_1_698' title='bbox 1413 4645 1522 4683; x_wconf 89' lang='lat' dir='ltr'><strong>non</strong></span> <span class='ocrx_word' id='word_1_699' title='bbox 1558 4630 1739 4685; x_wconf 88' lang='lat' dir='ltr'><strong>habet.</strong></span> 
     </span>
    </p>
   </div>
   <div class='ocr_carea' id='block_1_85' title="bbox 192 4691 1742 4774">
    <p class='ocr_par' dir='ltr' id='par_1_85' title="bbox 192 4691 1742 4774">
     <span class='ocr_line' id='line_1_85' title="bbox 192 4691 1742 4774; baseline 0.003 -25"><span class='ocrx_word' id='word_1_700' title='bbox 192 4691 295 4774; x_wconf 70' lang='lat' dir='ltr'><strong>Quae</strong></span> <span class='ocrx_word' id='word_1_701' title='bbox 314 4691 482 4774; x_wconf 83' lang='lat' dir='ltr'><strong>tamen</strong></span> <span class='ocrx_word' id='word_1_702' title='bbox 514 4717 624 4754; x_wconf 88' lang='lat' dir='ltr'><strong>vox</strong></span> <span class='ocrx_word' id='word_1_703' title='bbox 669 4691 979 4774; x_wconf 43' lang='lat' dir='ltr'><strong>necessaria</strong></span> <span class='ocrx_word' id='word_1_704' title='bbox 1010 4691 1126 4764; x_wconf 54' lang='lat' dir='ltr'><strong>&#39;est,</strong></span> <span class='ocrx_word' id='word_1_705' title='bbox 1159 4701 1287 4774; x_wconf 83' lang='lat' dir='ltr'><strong>quia</strong></span> <span class='ocrx_word' id='word_1_706' title='bbox 1327 4698 1742 4774; x_wconf 84' lang='lat' dir='ltr'><strong>Theophrastus</strong></span> 
     </span>
    </p>
   </div>
   <div class='ocr_carea' id='block_1_86' title="bbox 193 4767 1741 4835">
    <p class='ocr_par' dir='ltr' id='par_1_86' title="bbox 193 4767 1741 4835">
     <span class='ocr_line' id='line_1_86' title="bbox 193 4767 1741 4835; baseline 0.006 -19"><span class='ocrx_word' id='word_1_707' title='bbox 193 4767 341 4835; x_wconf 75' lang='lat' dir='ltr'><strong>aliqua</strong></span> <span class='ocrx_word' id='word_1_708' title='bbox 376 4771 645 4825; x_wconf 84' lang='lat' dir='ltr'><strong>duntaxat</strong></span> <span class='ocrx_word' id='word_1_709' title='bbox 672 4785 738 4824; x_wconf 87' lang='lat' dir='ltr'><strong>ex</strong></span> <span class='ocrx_word' id='word_1_710' title='bbox 765 4769 870 4825; x_wconf 85' lang='lat' dir='ltr'><strong>illis</strong></span> <span class='ocrx_word' id='word_1_711' title='bbox 899 4773 1071 4826; x_wconf 89' lang='lat' dir='ltr'><strong>tribus</strong></span> <span class='ocrx_word' id='word_1_712' title='bbox 1100 4767 1284 4826; x_wconf 84' lang='lat' dir='ltr'><strong>causis</strong></span> <span class='ocrx_word' id='word_1_713' title='bbox 1320 4767 1741 4825; x_wconf 89' lang='lat' dir='ltr'><strong>sacriﬁcandum</strong></span> 
     </span>
    </p>
   </div>
   <div class='ocr_carea' id='block_1_87' title="bbox 193 4840 596 4896">
    <p class='ocr_par' dir='ltr' id='par_1_87' title="bbox 193 4840 596 4896">
     <span class='ocr_line' id='line_1_87' title="bbox 193 4840 596 4896; baseline 0.015 -8"><span class='ocrx_word' id='word_1_714' title='bbox 193 4848 288 4890; x_wconf 84' lang='lat' dir='ltr'><strong>esse</strong></span> <span class='ocrx_word' id='word_1_715' title='bbox 319 4840 596 4896; x_wconf 90' lang='lat' dir='ltr'><strong>docuerat.</strong></span> 
     </span>
    </p>
   </div>
   <div class='ocr_carea' id='block_1_88' title="bbox 191 4906 1730 4981">
    <p class='ocr_par' dir='ltr' id='par_1_88' title="bbox 191 4906 1730 4981">
     <span class='ocr_line' id='line_1_88' title="bbox 191 4906 1730 4981; baseline 0.003 -21"><span class='ocrx_word' id='word_1_716' title='bbox 191 4952 193 4954; x_wconf 92' lang='lat'><strong>.</strong></span> <span class='ocrx_word' id='word_1_717' title='bbox 246 4906 342 4979; x_wconf 80' lang='grc'>(71)</span> <span class='ocrx_word' id='word_1_718' title='bbox 377 4912 498 4977; x_wconf 81' lang='grc' dir='ltr'>Τοῖς</span> <span class='ocrx_word' id='word_1_719' title='bbox 513 4911 641 4981; x_wconf 80' lang='grc' dir='ltr'>μὲν</span> <span class='ocrx_word' id='word_1_720' title='bbox 664 4910 796 4981; x_wconf 76' lang='grc' dir='ltr'>γάρ.</span> <span class='ocrx_word' id='word_1_721' title='bbox 827 4912 1094 4981; x_wconf 81' lang='lat' dir='ltr'><strong>Porphyr.</strong></span> <span class='ocrx_word' id='word_1_722' title='bbox 1117 4927 1171 4980; x_wconf 93' lang='lat' dir='ltr'><strong>p.</strong></span> <span class='ocrx_word' id='word_1_723' title='bbox 1207 4911 1330 4974; x_wconf 68' lang='grc'>172,</span> <span class='ocrx_word' id='word_1_724' title='bbox 1365 4910 1462 4965; x_wconf 91' lang='lat' dir='ltr'><strong>lin.</strong></span> <span class='ocrx_word' id='word_1_725' title='bbox 1496 4911 1546 4964; x_wconf 80' lang='lat' dir='ltr'><strong>l.</strong></span> <span class='ocrx_word' id='word_1_726' title='bbox 1597 4911 1730 4965; x_wconf 85' lang='lat' dir='ltr'><strong>Fru-</strong></span> 
     </span>
    </p>
   </div>
   <div class='ocr_carea' id='block_1_89' title="bbox 194 4982 1743 5054">
    <p class='ocr_par' dir='ltr' id='par_1_89' title="bbox 194 4982 1743 5054">
     <span class='ocr_line' id='line_1_89' title="bbox 194 4982 1743 5054; baseline 0.004 -24"><span class='ocrx_word' id='word_1_727' title='bbox 194 4987 344 5054; x_wconf 62' lang='lat' dir='ltr'><strong>ctuum</strong></span> <span class='ocrx_word' id='word_1_728' title='bbox 376 4993 557 5036; x_wconf 86' lang='lat' dir='ltr'><strong>autem</strong></span> <span class='ocrx_word' id='word_1_729' title='bbox 603 4983 884 5054; x_wconf 83' lang='lat' dir='ltr'><strong>sacriﬁcia</strong></span> <span class='ocrx_word' id='word_1_730' title='bbox 924 4982 1202 5054; x_wconf 81' lang='lat' dir='ltr'><strong>intelligit,</strong></span> <span class='ocrx_word' id='word_1_731' title='bbox 1243 4996 1366 5052; x_wconf 69' lang='lat' dir='ltr'><strong>quae</strong></span> <span class='ocrx_word' id='word_1_732' title='bbox 1401 4983 1518 5038; x_wconf 84' lang='lat' dir='ltr'><strong>sola</strong></span> <span class='ocrx_word' id='word_1_733' title='bbox 1551 4982 1743 5053; x_wconf 86' lang='lat' dir='ltr'><strong>primis</strong></span> 
     </span>
    </p>
   </div>
   <div class='ocr_carea' id='block_1_90' title="bbox 193 5046 1150 5123">
    <p class='ocr_par' dir='ltr' id='par_1_90' title="bbox 193 5046 1150 5123">
     <span class='ocr_line' id='line_1_90' title="bbox 193 5046 1150 5123; baseline 0.009 -25"><span class='ocrx_word' id='word_1_734' title='bbox 193 5046 669 5123; x_wconf 79' lang='lat' dir='ltr'><strong>illis__temporibus</strong></span> <span class='ocrx_word' id='word_1_735' title='bbox 698 5052 752 5106; x_wconf 90' lang='lat' dir='ltr'><strong>in</strong></span> <span class='ocrx_word' id='word_1_736' title='bbox 784 5071 885 5109; x_wconf 85' lang='lat' dir='ltr'><strong>usu</strong></span> <span class='ocrx_word' id='word_1_737' title='bbox 917 5046 1150 5107; x_wconf 71' lang='lat' dir='ltr'><strong>fuerant.</strong></span> 
     </span>
    </p>
   </div>
   <div class='ocr_carea' id='block_1_91' title="bbox 251 5121 1100 5195">
    <p class='ocr_par' dir='ltr' id='par_1_91' title="bbox 251 5121 1100 5195">
     <span class='ocr_line' id='line_1_91' title="bbox 251 5121 1100 5195; baseline -0.02 -4"><span class='ocrx_word' id='word_1_738' title='bbox 251 5121 343 5195; x_wconf 60' lang='lat' dir='ltr'><strong>(ﬁ?)</strong></span> <span class='ocrx_word' id='word_1_739' title='bbox 379 5121 1100 5195; x_wconf 58' lang='grc' dir='ltr'>Ρόΐρὴῖτ..-συνηρέσκετο.</span> 
     </span>
    </p>
   </div>
   <div class='ocr_carea' id='block_1_92' title="bbox 249 5192 1743 5262">
    <p class='ocr_par' dir='ltr' id='par_1_92' title="bbox 249 5192 1743 5262">
     <span class='ocr_line' id='line_1_92' title="bbox 249 5192 1743 5262; baseline 0.002 -19"><span class='ocrx_word' id='word_1_740' title='bbox 249 5192 346 5262; x_wconf 77' lang='grc'>(75)</span> <span class='ocrx_word' id='word_1_741' title='bbox 390 5192 654 5262; x_wconf 63' lang='grc' dir='ltr'>Ταίφων.</span> <span class='ocrx_word' id='word_1_742' title='bbox 688 5192 1032 5262; x_wconf 82' lang='lat' dir='ltr'><strong>Empedoclis</strong></span> <span class='ocrx_word' id='word_1_743' title='bbox 1053 5208 1248 5247; x_wconf 88' lang='lat' dir='ltr'><strong>versus</strong></span> <span class='ocrx_word' id='word_1_744' title='bbox 1269 5193 1358 5248; x_wconf 88' lang='lat' dir='ltr'><strong>isti</strong></span> <span class='ocrx_word' id='word_1_745' title='bbox 1387 5201 1536 5258; x_wconf 84' lang='lat' dir='ltr'><strong>sunt,</strong></span> <span class='ocrx_word' id='word_1_746' title='bbox 1567 5200 1628 5247; x_wconf 88' lang='lat' dir='ltr'><strong>ut</strong></span> <span class='ocrx_word' id='word_1_747' title='bbox 1661 5192 1743 5248; x_wconf 91' lang='lat' dir='ltr'><strong>di-</strong></span> 
     </span>
    </p>
   </div>
   <div class='ocr_carea' id='block_1_93' title="bbox 193 5261 718 5335">
    <p class='ocr_par' dir='ltr' id='par_1_93' title="bbox 193 5261 718 5335">
     <span class='ocr_line' id='line_1_93' title="bbox 193 5261 718 5335; baseline 0.013 -24"><span class='ocrx_word' id='word_1_748' title='bbox 193 5269 307 5315; x_wconf 85' lang='lat' dir='ltr'><strong>serte</strong></span> <span class='ocrx_word' id='word_1_749' title='bbox 328 5333 336 5335; x_wconf 19' lang='grc' dir='ltr'><strong>Α</strong></span> <span class='ocrx_word' id='word_1_750' title='bbox 353 5261 718 5335; x_wconf 84' lang='lat' dir='ltr'><strong>Porphyrius.</strong></span> 
     </span>
    </p>
   </div>
   <div class='ocr_carea' id='block_1_94' title="bbox 192 5333 1743 5407">
    <p class='ocr_par' dir='ltr' id='par_1_94' title="bbox 192 5333 1743 5407">
     <span class='ocr_line' id='line_1_94' title="bbox 192 5333 1743 5407; baseline 0.005 -27"><span class='ocrx_word' id='word_1_751' title='bbox 192 5343 298 5407; x_wconf 76' lang='grc' dir='ltr'>τοις,</span> <span class='ocrx_word' id='word_1_752' title='bbox 326 5333 426 5389; x_wconf 85' lang='lat' dir='ltr'><strong>hoc</strong></span> <span class='ocrx_word' id='word_1_753' title='bbox 453 5333 560 5407; x_wconf 79' lang='lat' dir='ltr'><strong>est,</strong></span> <span class='ocrx_word' id='word_1_754' title='bbox 603 5336 697 5389; x_wconf 88' lang='lat' dir='ltr'><strong>vel</strong></span> <span class='ocrx_word' id='word_1_755' title='bbox 756 5333 1106 5407; x_wconf 84' lang='lat' dir='ltr'><strong>promiscuis,</strong></span> <span class='ocrx_word' id='word_1_756' title='bbox 1134 5333 1218 5388; x_wconf 88' lang='lat' dir='ltr'><strong>vel</strong></span> <span class='ocrx_word' id='word_1_757' title='bbox 1253 5333 1495 5407; x_wconf 13' lang='lat' dir='ltr'><strong>iinjustis</strong></span> <span class='ocrx_word' id='word_1_758' title='bbox 1521 5352 1540 5407; x_wconf 87' lang='lat'><strong>:_</strong></span> <span class='ocrx_word' id='word_1_759' title='bbox 1583 5333 1743 5407; x_wconf 83' lang='lat' dir='ltr'><strong>quasi</strong></span> 
     </span>
    </p>
   </div>
   <div class='ocr_carea' id='block_1_95' title="bbox 194 5404 1744 5474">
    <p class='ocr_par' dir='ltr' id='par_1_95' title="bbox 194 5404 1744 5474">
     <span class='ocr_line' id='line_1_95' title="bbox 194 5404 1744 5474; baseline 0.003 -21"><span class='ocrx_word' id='word_1_760' title='bbox 194 5404 372 5459; x_wconf 74' lang='lat' dir='ltr'><strong>misera:</strong></span> <span class='ocrx_word' id='word_1_761' title='bbox 393 5406 735 5464; x_wconf 88' lang='lat' dir='ltr'><strong>animantes,</strong></span> <span class='ocrx_word' id='word_1_762' title='bbox 782 5406 984 5462; x_wconf 89' lang='lat' dir='ltr'><strong>indicta</strong></span> <span class='ocrx_word' id='word_1_763' title='bbox 1034 5421 1200 5459; x_wconf 90' lang='lat' dir='ltr'><strong>causa</strong></span> <span class='ocrx_word' id='word_1_764' title='bbox 1234 5404 1744 5474; x_wconf 69' lang='lat' dir='ltr'><strong>damnatzcjugula-</strong></span> 
     </span>
    </p>
   </div>
   <div class='ocr_carea' id='block_1_96' title="bbox 193 5476 1743 5546">
    <p class='ocr_par' dir='ltr' id='par_1_96' title="bbox 193 5476 1743 5546">
     <span class='ocr_line' id='line_1_96' title="bbox 193 5476 1743 5546; baseline 0.003 -22"><span class='ocrx_word' id='word_1_765' title='bbox 193 5482 364 5546; x_wconf 73' lang='lat' dir='ltr'><strong>rentur.</strong></span> <span class='ocrx_word' id='word_1_766' title='bbox 400 5478 664 5545; x_wconf 77' lang='grc' dir='ltr'>Ἀκριτος</span> <span class='ocrx_word' id='word_1_767' title='bbox 692 5491 909 5545; x_wconf 86' lang='lat' dir='ltr'><strong>quoque</strong></span> <span class='ocrx_word' id='word_1_768' title='bbox 938 5478 1166 5545; x_wconf 81' lang='lat' dir='ltr'><strong>rigidam</strong></span> <span class='ocrx_word' id='word_1_769' title='bbox 1191 5476 1348 5546; x_wconf 72' lang='lat' dir='ltr'><strong>nimis</strong></span> <span class='ocrx_word' id='word_1_770' title='bbox 1373 5483 1743 5546; x_wconf 78' lang='lat' dir='ltr'><strong>austerumqae</strong></span> 
     </span>
    </p>
   </div>
   <div class='ocr_carea' id='block_1_97' title="bbox 193 5544 1741 5615">
    <p class='ocr_par' dir='ltr' id='par_1_97' title="bbox 193 5544 1741 5615">
     <span class='ocr_line' id='line_1_97' title="bbox 193 5544 1741 5615; baseline 0.007 -26"><span class='ocrx_word' id='word_1_771' title='bbox 193 5544 443 5610; x_wconf 73' lang='lat' dir='ltr'><strong>signiﬁcat.</strong></span> <span class='ocrx_word' id='word_1_772' title='bbox 477 5544 792 5610; x_wconf 58' lang='lat' dir='ltr'><strong>Plutarch,</strong></span> <span class='ocrx_word' id='word_1_773' title='bbox 817 5544 1028 5614; x_wconf 79' lang='lat' dir='ltr'><strong>Pomp.,</strong></span> <span class='ocrx_word' id='word_1_774' title='bbox 1090 5546 1216 5610; x_wconf 67' lang='grc'>674,</span> <span class='ocrx_word' id='word_1_775' title='bbox 1260 5544 1322 5610; x_wconf 91' lang='grc' dir='ltr'>Β,</span> <span class='ocrx_word' id='word_1_776' title='bbox 1360 5545 1501 5615; x_wconf 71' lang='grc' dir='ltr'>ἥτε</span> <span class='ocrx_word' id='word_1_777' title='bbox 1545 5545 1741 5615; x_wconf 84' lang='grc' dir='ltr'>σεμνό-</span> 
     </span>
    </p>
   </div>
   <div class='ocr_carea' id='block_1_98' title="bbox 193 5614 1737 5688">
    <p class='ocr_par' dir='ltr' id='par_1_98' title="bbox 193 5614 1737 5688">
     <span class='ocr_line' id='line_1_98' title="bbox 193 5614 1737 5688; baseline -0.002 -18"><span class='ocrx_word' id='word_1_778' title='bbox 193 5618 410 5688; x_wconf 22' lang='grc' dir='ltr'><strong>τηςὶμούκ</strong></span> <span class='ocrx_word' id='word_1_779' title='bbox 441 5619 702 5688; x_wconf 81' lang='grc' dir='ltr'>ἄκριτον,</span> <span class='ocrx_word' id='word_1_780' title='bbox 737 5617 848 5669; x_wconf 83' lang='grc' dir='ltr'><strong>ἀλλ’</strong></span> <span class='ocrx_word' id='word_1_781' title='bbox 874 5616 1107 5688; x_wconf 74' lang='grc' dir='ltr'>ιεῠχαριν</span> <span class='ocrx_word' id='word_1_782' title='bbox 1148 5616 1347 5687; x_wconf 81' lang='grc' dir='ltr'>ἔχουσα</span> <span class='ocrx_word' id='word_1_783' title='bbox 1375 5614 1472 5688; x_wconf 76' lang='grc' dir='ltr'>τὴν</span> <span class='ocrx_word' id='word_1_784' title='bbox 1501 5614 1737 5688; x_wconf 60' lang='grc' dir='ltr'>ὁμιλίαν.</span> 
     </span>
    </p>
   </div>
   <div class='ocr_carea' id='block_1_99' title="bbox 247 5682 1744 5757">
    <p class='ocr_par' dir='ltr' id='par_1_99' title="bbox 247 5682 1744 5757">
     <span class='ocr_line' id='line_1_99' title="bbox 247 5682 1744 5757; baseline -0.005 -14"><span class='ocrx_word' id='word_1_785' title='bbox 247 5682 343 5757; x_wconf 65' lang='grc'>(74)</span> <span class='ocrx_word' id='word_1_786' title='bbox 387 5682 906 5754; x_wconf 72' lang='grc' dir='ltr'>Ἀπόρῤήσαντας,</span> <span class='ocrx_word' id='word_1_787' title='bbox 946 5682 1050 5742; x_wconf 77' lang='lat' dir='ltr'><strong>etc.</strong></span> <span class='ocrx_word' id='word_1_788' title='bbox 1081 5682 1371 5757; x_wconf 76' lang='lat' dir='ltr'><strong>Porphyr.,</strong></span> <span class='ocrx_word' id='word_1_789' title='bbox 1404 5682 1744 5757; x_wconf 75' lang='grc' dir='ltr'>ἆπορῥέσαν-</span> 
     </span>
    </p>
   </div>
   <div class='ocr_carea' id='block_1_100' title="bbox 195 5756 1744 5829">
    <p class='ocr_par' dir='ltr' id='par_1_100' title="bbox 195 5756 1744 5829">
     <span class='ocr_line' id='line_1_100' title="bbox 195 5756 1744 5829; baseline 0.002 -23"><span class='ocrx_word' id='word_1_790' title='bbox 195 5756 554 5829; x_wconf 74' lang='grc' dir='ltr'>ταςὲέλμεναι,</span> <span class='ocrx_word' id='word_1_791' title='bbox 595 5759 790 5825; x_wconf 89' lang='lat' dir='ltr'><strong>utique</strong></span> <span class='ocrx_word' id='word_1_792' title='bbox 841 5759 1114 5814; x_wconf 89' lang='lat' dir='ltr'><strong>vitiosius.</strong></span> <span class='ocrx_word' id='word_1_793' title='bbox 1167 5756 1539 5828; x_wconf 57' lang='lat' dir='ltr'><strong>Coriiiciebain</strong></span> <span class='ocrx_word' id='word_1_794' title='bbox 1573 5756 1744 5828; x_wconf 73' lang='grc' dir='ltr'>ἀπορ-</span> 
     </span>
    </p>
   </div>
   <div class='ocr_carea' id='block_1_101' title="bbox 475 5851 1050 5916">
    <p class='ocr_par' dir='ltr' id='par_1_101' title="bbox 475 5851 1050 5916">
     <span class='ocr_line' id='line_1_101' title="bbox 475 5851 1050 5916; baseline -0.003 0"><span class='ocrx_word' id='word_1_795' title='bbox 475 5856 684 5916; x_wconf 78' lang='grc' dir='ltr'>ΡΑτιι.</span> <span class='ocrx_word' id='word_1_796' title='bbox 721 5851 833 5915; x_wconf 78' lang='lat' dir='ltr'><strong>(in.</strong></span> <span class='ocrx_word' id='word_1_797' title='bbox 877 5853 1050 5915; x_wconf 77' lang='lat' dir='ltr'><strong>XXI.</strong></span> 
     </span>
    </p>
   </div>
   <div class='ocr_carea' id='block_1_102' title="bbox 803 5263 1776 5346">
    <p class='ocr_par' dir='ltr' id='par_1_102' title="bbox 803 5263 1776 5346">
     <span class='ocr_line' id='line_1_102' title="bbox 803 5263 1776 5346; baseline -0.02 -27"><span class='ocrx_word' id='word_1_798' title='bbox 803 5265 888 5319; x_wconf 69' lang='lat' dir='ltr'><strong>Sed</strong></span> <span class='ocrx_word' id='word_1_799' title='bbox 919 5279 1049 5346; x_wconf 39' lang='lat' dir='ltr'><strong>.pro&#39;</strong></span> <span class='ocrx_word' id='word_1_800' title='bbox 1098 5265 1357 5346; x_wconf 72' lang='grc' dir='ltr'>ἀκράτοις</span> <span class='ocrx_word' id='word_1_801' title='bbox 1416 5265 1543 5346; x_wconf 62' lang='lat' dir='ltr'><strong>legi;</strong></span> <span class='ocrx_word' id='word_1_802' title='bbox 1587 5263 1776 5344; x_wconf 65' lang='grc' dir='ltr'><strong>ἀκρίῗ⁴</strong></span> 
     </span>
    </p>
   </div>
   <div class='ocr_carea' id='block_1_103' title="bbox 1888 4621 3436 4694">
    <p class='ocr_par' dir='ltr' id='par_1_103' title="bbox 1888 4621 3436 4694">
     <span class='ocr_line' id='line_1_103' title="bbox 1888 4621 3436 4694; baseline -0.006 -12"><span class='ocrx_word' id='word_1_803' title='bbox 1888 4628 2186 4689; x_wconf 87' lang='grc' dir='ltr'>αίσαντας,</span> <span class='ocrx_word' id='word_1_804' title='bbox 2239 4622 2383 4694; x_wconf 89' lang='lat' dir='ltr'><strong>quod</strong></span> <span class='ocrx_word' id='word_1_805' title='bbox 2435 4631 2622 4694; x_wconf 84' lang='lat' dir='ltr'><strong>postea</strong></span> <span class='ocrx_word' id='word_1_806' title='bbox 2683 4637 2736 4674; x_wconf 90' lang='lat' dir='ltr'><strong>in</strong></span> <span class='ocrx_word' id='word_1_807' title='bbox 2779 4621 3031 4694; x_wconf 9' lang='lat' dir='ltr'><strong>galterofe</strong></span> <span class='ocrx_word' id='word_1_808' title='bbox 3081 4634 3336 4694; x_wconf 64' lang='lat' dir='ltr'><strong>manusc.</strong></span> <span class='ocrx_word' id='word_1_809' title='bbox 3380 4628 3436 4694; x_wconf 81' lang='lat' dir='ltr'><strong>et</strong></span> 
     </span>
    </p>
   </div>
   <div class='ocr_carea' id='block_1_104' title="bbox 1851 4631 3440 4766">
    <p class='ocr_par' dir='ltr' id='par_1_104' title="bbox 1851 4631 3440 4766">
     <span class='ocr_line' id='line_1_104' title="bbox 1854 4631 3436 4751; baseline -0.006 -69"><span class='ocrx_word' id='word_1_810' title='bbox 1854 4631 2186 4751; x_wconf 62' lang='grc' dir='ltr'>ριαίσαντας,</span> <span class='ocrx_word' id='word_1_811' title='bbox 2239 4631 2383 4694; x_wconf 88' lang='lat' dir='ltr'><strong>quod</strong></span> <span class='ocrx_word' id='word_1_812' title='bbox 2435 4631 2622 4692; x_wconf 82' lang='lat' dir='ltr'><strong>postea</strong></span> <span class='ocrx_word' id='word_1_813' title='bbox 2683 4637 2736 4674; x_wconf 90' lang='lat' dir='ltr'><strong>in</strong></span> <span class='ocrx_word' id='word_1_814' title='bbox 2795 4631 2966 4674; x_wconf 89' lang='lat' dir='ltr'><strong>altero</strong></span> <span class='ocrx_word' id='word_1_815' title='bbox 3000 4634 3031 4675; x_wconf 93' lang='lat' dir='ltr'><strong>e</strong></span> <span class='ocrx_word' id='word_1_816' title='bbox 3081 4634 3336 4674; x_wconf 85' lang='lat' dir='ltr'><strong>manusc.</strong></span> <span class='ocrx_word' id='word_1_817' title='bbox 3380 4631 3436 4674; x_wconf 88' lang='lat' dir='ltr'><strong>et</strong></span> 
     </span>
     <span class='ocr_line' id='line_1_105' title="bbox 1851 4689 3440 4766; baseline -0.007 -13"><span class='ocrx_word' id='word_1_818' title='bbox 1851 4731 1868 4752; x_wconf 68' lang='grc' dir='ltr'><strong>ι</strong></span> <span class='ocrx_word' id='word_1_819' title='bbox 1905 4711 2020 4752; x_wconf 87' lang='lat' dir='ltr'><strong>out.</strong></span> <span class='ocrx_word' id='word_1_820' title='bbox 2080 4697 2280 4766; x_wconf 85' lang='lat' dir='ltr'><strong>reperi.</strong></span> <span class='ocrx_word' id='word_1_821' title='bbox 2311 4694 2503 4747; x_wconf 85' lang='lat' dir='ltr'><strong>Posset</strong></span> <span class='ocrx_word' id='word_1_822' title='bbox 2543 4693 2707 4766; x_wconf 78' lang='lat' dir='ltr'><strong>etiam</strong></span> <span class='ocrx_word' id='word_1_823' title='bbox 2767 4689 3208 4766; x_wconf 65' lang='grc' dir='ltr'>ἀπορρήξαντας.</span> <span class='ocrx_word' id='word_1_824' title='bbox 3242 4689 3440 4760; x_wconf 91' lang='lat' dir='ltr'><strong>Sequi-</strong></span> 
     </span>
    </p>
   </div>
   <div class='ocr_carea' id='block_1_105' title="bbox 1854 4759 3434 4839">
    <p class='ocr_par' dir='ltr' id='par_1_105' title="bbox 1854 4759 3434 4839">
     <span class='ocr_line' id='line_1_106' title="bbox 1854 4759 3434 4839; baseline -0.007 -16"><span class='ocrx_word' id='word_1_825' title='bbox 1854 4779 1941 4823; x_wconf 89' lang='lat' dir='ltr'><strong>tur</strong></span> <span class='ocrx_word' id='word_1_826' title='bbox 1966 4771 2059 4839; x_wconf 78' lang='grc' dir='ltr'><strong>ἦῖα</strong></span> <span class='ocrx_word' id='word_1_827' title='bbox 2114 4759 2264 4839; x_wconf 83' lang='grc' dir='ltr'>γύῖα,</span> <span class='ocrx_word' id='word_1_828' title='bbox 2329 4763 2605 4839; x_wconf 74' lang='lat' dir='ltr'><strong>quomodo</strong></span> <span class='ocrx_word' id='word_1_829' title='bbox 2637 4759 3023 4839; x_wconf 53' lang='lat' dir='ltr'><strong>_leg.__oui_ue&#39;s_.</strong></span> <span class='ocrx_word' id='word_1_830' title='bbox 3095 4759 3193 4814; x_wconf 82' lang='lat' dir='ltr'><strong>Vix</strong></span> <span class='ocrx_word' id='word_1_831' title='bbox 3229 4759 3434 4822; x_wconf 88' lang='lat' dir='ltr'><strong>tamen,</strong></span> 
     </span>
    </p>
   </div>
   <div class='ocr_carea' id='block_1_106' title="bbox 1852 4832 3432 4906">
    <p class='ocr_par' dir='ltr' id='par_1_106' title="bbox 1852 4832 3432 4906">
     <span class='ocr_line' id='line_1_107' title="bbox 1852 4832 3432 4906; baseline -0.008 -12"><span class='ocrx_word' id='word_1_832' title='bbox 1852 4832 2037 4902; x_wconf 79' lang='lat' dir='ltr'><strong>credo,</strong></span> <span class='ocrx_word' id='word_1_833' title='bbox 2068 4832 2311 4906; x_wconf 85' lang='lat' dir='ltr'><strong>reperias</strong></span> <span class='ocrx_word' id='word_1_834' title='bbox 2347 4832 2479 4905; x_wconf 54' lang='grc' dir='ltr'>ἤϊα,</span> <span class='ocrx_word' id='word_1_835' title='bbox 2503 4833 2649 4902; x_wconf 89' lang='lat' dir='ltr'><strong>quod</strong></span> <span class='ocrx_word' id='word_1_836' title='bbox 2715 4832 2966 4906; x_wconf 70' lang='lat' dir='ltr'><strong>adjectivi</strong></span> <span class='ocrx_word' id='word_1_837' title='bbox 2993 4832 3120 4906; x_wconf 84' lang='lat' dir='ltr'><strong>loco</strong></span> <span class='ocrx_word' id='word_1_838' title='bbox 3143 4839 3432 4906; x_wconf 69' lang='lat' dir='ltr'><strong>sumatur;</strong></span> 
     </span>
    </p>
   </div>
   <div class='ocr_carea' id='block_1_107' title="bbox 1851 4899 3435 4994">
    <p class='ocr_par' dir='ltr' id='par_1_107' title="bbox 1851 4899 3435 4994">
     <span class='ocr_line' id='line_1_108' title="bbox 1851 4899 3435 4994; baseline -0.008 -31"><span class='ocrx_word' id='word_1_839' title='bbox 1851 4918 1982 4994; x_wconf 66' lang='lat' dir='ltr'><strong>sunt</strong></span> <span class='ocrx_word' id='word_1_840' title='bbox 2007 4899 2248 4994; x_wconf 46' lang='lat' dir='ltr'><strong>enin-iga</strong></span> <span class='ocrx_word' id='word_1_841' title='bbox 2285 4899 2650 4994; x_wconf 54' lang='lat' dir='ltr'><strong>ﬁ&#39;ia&#39;proprie,</strong></span> <span class='ocrx_word' id='word_1_842' title='bbox 2707 4899 2794 4994; x_wconf 57' lang='grc' dir='ltr'><strong>τά</strong></span> <span class='ocrx_word' id='word_1_843' title='bbox 2826 4902 3034 4994; x_wconf 32' lang='grc' dir='ltr'>ὲᾼφόδια,</span> 
     </span>
    </p>
   </div>
   <div class='ocr_carea' id='block_1_108' title="bbox 1847 4969 3436 5117">
    <p class='ocr_par' dir='ltr' id='par_1_108' title="bbox 1847 4969 3436 5117">
     <span class='ocr_line' id='line_1_109' title="bbox 1854 4969 3436 5101; baseline -0.006 -68"><span class='ocrx_word' id='word_1_844' title='bbox 1854 4977 2138 5101; x_wconf 58' lang='grc' dir='ltr'>βρὼρατα.</span> <span class='ocrx_word' id='word_1_845' title='bbox 2167 4969 2524 5032; x_wconf 57' lang='lat' dir='ltr'><strong>Crediderim&#39;</strong></span> <span class='ocrx_word' id='word_1_846' title='bbox 2549 4973 2652 5044; x_wconf 86' lang='lat' dir='ltr'><strong>legi</strong></span> <span class='ocrx_word' id='word_1_847' title='bbox 2694 4969 2879 5053; x_wconf 75' lang='lat' dir='ltr'><strong>posse</strong></span> <span class='ocrx_word' id='word_1_848' title='bbox 2909 4972 3034 5042; x_wconf 80' lang='grc' dir='ltr'>ὴέα,</span> <span class='ocrx_word' id='word_1_849' title='bbox 3076 4972 3147 5052; x_wconf 77' lang='lat' dir='ltr'><strong>ab</strong></span> <span class='ocrx_word' id='word_1_850' title='bbox 3176 4971 3299 5041; x_wconf 72' lang='grc' dir='ltr'>ἠΰς,</span> <span class='ocrx_word' id='word_1_851' title='bbox 3329 4969 3436 5024; x_wconf 88' lang='lat' dir='ltr'><strong>hoc</strong></span> 
     </span>
     <span class='ocr_line' id='line_1_110' title="bbox 1847 5042 3406 5117; baseline -0.006 -13"><span class='ocrx_word' id='word_1_852' title='bbox 1847 5061 1934 5105; x_wconf 89' lang='lat' dir='ltr'><strong>est</strong></span> <span class='ocrx_word' id='word_1_853' title='bbox 2007 5067 2133 5115; x_wconf 79' lang='lat' dir='ltr'><strong>oua,</strong></span> <span class='ocrx_word' id='word_1_854' title='bbox 2159 5064 2283 5117; x_wconf 59' lang='lat' dir='ltr'><strong>qua</strong></span> <span class='ocrx_word' id='word_1_855' title='bbox 2312 5056 2492 5100; x_wconf 88' lang='lat' dir='ltr'><strong>tamen</strong></span> <span class='ocrx_word' id='word_1_856' title='bbox 2521 5044 2953 5117; x_wconf 48' lang='lat' dir='ltr'><strong>pingutadicene</strong></span> <span class='ocrx_word' id='word_1_857' title='bbox 2981 5042 3169 5117; x_wconf 81' lang='lat' dir='ltr'><strong>malui.</strong></span> <span class='ocrx_word' id='word_1_858' title='bbox 3305 5109 3406 5117; x_wconf 42' lang='grc' dir='ltr'><strong>η,</strong></span> 
     </span>
    </p>
   </div>
   <div class='ocr_carea' id='block_1_109' title="bbox 1926 5109 3432 5192">
    <p class='ocr_par' dir='ltr' id='par_1_109' title="bbox 1926 5109 3432 5192">
     <span class='ocr_line' id='line_1_111' title="bbox 1926 5109 3432 5192; baseline -0.005 -20"><span class='ocrx_word' id='word_1_859' title='bbox 1926 5120 2039 5192; x_wconf 78' lang='grc'>(75)</span> <span class='ocrx_word' id='word_1_860' title='bbox 2063 5109 2140 5174; x_wconf 69' lang='grc' dir='ltr'><strong>ἴθ’.</strong></span> <span class='ocrx_word' id='word_1_861' title='bbox 2177 5109 2239 5192; x_wconf 75' lang='lat' dir='ltr'><strong>C.</strong></span> <span class='ocrx_word' id='word_1_862' title='bbox 2295 5117 2381 5171; x_wconf 84' lang='grc'><strong>10.</strong></span> <span class='ocrx_word' id='word_1_863' title='bbox 2406 5109 2573 5168; x_wconf 80' lang='grc' dir='ltr'>Ὅταν</span> <span class='ocrx_word' id='word_1_864' title='bbox 2617 5109 2674 5167; x_wconf 75' lang='grc' dir='ltr'><strong>δὲ</strong></span> <span class='ocrx_word' id='word_1_865' title='bbox 2703 5113 2842 5176; x_wconf 83' lang='grc' dir='ltr'>νέος.</span> <span class='ocrx_word' id='word_1_866' title='bbox 2900 5111 3169 5182; x_wconf 88' lang='lat' dir='ltr'><strong>Porphyr.</strong></span> <span class='ocrx_word' id='word_1_867' title='bbox 3213 5126 3270 5181; x_wconf 91' lang='lat' dir='ltr'><strong>p.</strong></span> <span class='ocrx_word' id='word_1_868' title='bbox 3302 5109 3432 5178; x_wconf 73' lang='lat'><strong>252,</strong></span> 
     </span>
    </p>
   </div>
   <div class='ocr_carea' id='block_1_110' title="bbox 1851 5190 2398 5246">
    <p class='ocr_par' dir='ltr' id='par_1_110' title="bbox 1851 5190 2398 5246">
     <span class='ocr_line' id='line_1_112' title="bbox 1851 5190 2398 5246; baseline -0.011 0"><span class='ocrx_word' id='word_1_869' title='bbox 1851 5190 1954 5246; x_wconf 89' lang='lat' dir='ltr'><strong>sub</strong></span> <span class='ocrx_word' id='word_1_870' title='bbox 1976 5190 2096 5245; x_wconf 90' lang='lat' dir='ltr'><strong>libri</strong></span> <span class='ocrx_word' id='word_1_871' title='bbox 2133 5205 2169 5243; x_wconf 87' lang='grc' dir='ltr'><strong>ιι</strong></span> <span class='ocrx_word' id='word_1_872' title='bbox 2214 5190 2398 5243; x_wconf 89' lang='lat' dir='ltr'><strong>ﬁnem.</strong></span> 
     </span>
    </p>
   </div>
   <div class='ocr_carea' id='block_1_111' title="bbox 1925 5249 3433 5331">
    <p class='ocr_par' dir='ltr' id='par_1_111' title="bbox 1925 5249 3433 5331">
     <span class='ocr_line' id='line_1_113' title="bbox 1925 5249 3433 5331; baseline -0.005 -19"><span class='ocrx_word' id='word_1_873' title='bbox 1925 5261 2038 5331; x_wconf 87' lang='lat'><strong>(&#39;76)</strong></span> <span class='ocrx_word' id='word_1_874' title='bbox 2060 5261 2195 5331; x_wconf 60' lang='lat'><strong><em>1142’</em></strong></span> <span class='ocrx_word' id='word_1_875' title='bbox 2219 5257 2295 5312; x_wconf 78' lang='grc' dir='ltr'><strong>ἂν</strong></span> <span class='ocrx_word' id='word_1_876' title='bbox 2317 5256 2492 5331; x_wconf 74' lang='grc' dir='ltr'><em>ἑκών.</em></span> <span class='ocrx_word' id='word_1_877' title='bbox 2521 5253 2735 5331; x_wconf 67' lang='lat' dir='ltr'><strong>melius,</strong></span> <span class='ocrx_word' id='word_1_878' title='bbox 2762 5269 2928 5331; x_wconf 76' lang='lat' dir='ltr'><strong>quam</strong></span> <span class='ocrx_word' id='word_1_879' title='bbox 2949 5250 3244 5331; x_wconf 85' lang='lat' dir='ltr'><strong>Porphy_r.,</strong></span> <span class='ocrx_word' id='word_1_880' title='bbox 3273 5249 3433 5306; x_wconf 84' lang='grc' dir='ltr'>πάντ’</span> 
     </span>
    </p>
   </div>
   <div class='ocr_carea' id='block_1_112' title="bbox 1852 5321 3437 5400">
    <p class='ocr_par' dir='ltr' id='par_1_112' title="bbox 1852 5321 3437 5400">
     <span class='ocr_line' id='line_1_114' title="bbox 1852 5321 3437 5400; baseline -0.006 -15"><span class='ocrx_word' id='word_1_881' title='bbox 1852 5321 2100 5386; x_wconf 72' lang='grc' dir='ltr'>ἄν’έκών.</span> <span class='ocrx_word' id='word_1_882' title='bbox 2131 5329 2259 5400; x_wconf 84' lang='lat' dir='ltr'><strong>Legi</strong></span> <span class='ocrx_word' id='word_1_883' title='bbox 2289 5329 2483 5400; x_wconf 86' lang='lat' dir='ltr'><strong>possit,</strong></span> <span class='ocrx_word' id='word_1_884' title='bbox 2531 5326 2648 5389; x_wconf 83' lang='grc' dir='ltr'>πῶς</span> <span class='ocrx_word' id='word_1_885' title='bbox 2682 5321 2790 5378; x_wconf 50' lang='grc' dir='ltr'><strong>ἄν(</strong></span> <span class='ocrx_word' id='word_1_886' title='bbox 2815 5321 3019 5400; x_wconf 64' lang='lat' dir='ltr'><strong>Yereor</strong></span> <span class='ocrx_word' id='word_1_887' title='bbox 3059 5331 3117 5400; x_wconf 87' lang='lat' dir='ltr'><strong>_ut</strong></span> <span class='ocrx_word' id='word_1_888' title='bbox 3141 5321 3437 5400; x_wconf 67' lang='lat' dir='ltr'><strong>interpres</strong></span> 
     </span>
    </p>
   </div>
   <div class='ocr_carea' id='block_1_113' title="bbox 1851 5393 3430 5469">
    <p class='ocr_par' dir='ltr' id='par_1_113' title="bbox 1851 5393 3430 5469">
     <span class='ocr_line' id='line_1_115' title="bbox 1851 5393 3430 5469; baseline -0.008 -12"><span class='ocrx_word' id='word_1_889' title='bbox 1851 5404 1987 5457; x_wconf 89' lang='lat' dir='ltr'><strong>satis</strong></span> <span class='ocrx_word' id='word_1_890' title='bbox 2020 5403 2086 5457; x_wconf 90' lang='lat' dir='ltr'><strong>ad</strong></span> <span class='ocrx_word' id='word_1_891' title='bbox 2114 5393 2403 5469; x_wconf 65' lang='lat' dir='ltr'><strong>Porphyrii</strong></span> <span class='ocrx_word' id='word_1_892' title='bbox 2457 5395 2885 5469; x_wconf 72' lang='lat' dir='ltr'><strong>uieiitem,_gu_is</strong></span> <span class='ocrx_word' id='word_1_893' title='bbox 2946 5393 3137 5469; x_wconf 68' lang='lat' dir='ltr'><strong>modus</strong></span> <span class='ocrx_word' id='word_1_894' title='bbox 3189 5393 3430 5446; x_wconf 83' lang='lat' dir='ltr'><strong>animum</strong></span> 
     </span>
    </p>
   </div>
   <div class='ocr_carea' id='block_1_114' title="bbox 1850 5464 2980 5537">
    <p class='ocr_par' dir='ltr' id='par_1_114' title="bbox 1850 5464 2980 5537">
     <span class='ocr_line' id='line_1_116' title="bbox 1850 5464 2980 5537; baseline -0.007 -11"><span class='ocrx_word' id='word_1_895' title='bbox 1850 5473 2042 5526; x_wconf 75' lang='lat' dir='ltr'><strong>volenti</strong></span> <span class='ocrx_word' id='word_1_896' title='bbox 2067 5473 2136 5525; x_wconf 87' lang='lat' dir='ltr'><strong>ad</strong></span> <span class='ocrx_word' id='word_1_897' title='bbox 2190 5464 2368 5524; x_wconf 65' lang='lat' dir='ltr'><strong>omnia</strong></span> <span class='ocrx_word' id='word_1_898' title='bbox 2397 5469 2660 5537; x_wconf 72' lang='lat' dir='ltr'><strong>sapienter</strong></span> <span class='ocrx_word' id='word_1_899' title='bbox 2686 5464 2932 5518; x_wconf 85' lang='lat' dir='ltr'><strong>adhibere</strong></span> <span class='ocrx_word' id='word_1_900' title='bbox 2953 5465 2980 5518; x_wconf 70' lang='grc'><strong><em>2</em></strong></span> 
     </span>
    </p>
   </div>
   <div class='ocr_carea' id='block_1_115' title="bbox 1925 5537 2790 5614">
    <p class='ocr_par' dir='ltr' id='par_1_115' title="bbox 1925 5537 2790 5614">
     <span class='ocr_line' id='line_1_117' title="bbox 1925 5537 2790 5614; baseline -0.008 -19"><span class='ocrx_word' id='word_1_901' title='bbox 1925 5543 2038 5614; x_wconf 88' lang='grc'>(77)</span> <span class='ocrx_word' id='word_1_902' title='bbox 2074 5542 2215 5611; x_wconf 82' lang='lat' dir='ltr'><strong>Lege</strong></span> <span class='ocrx_word' id='word_1_903' title='bbox 2243 5538 2412 5610; x_wconf 74' lang='grc' dir='ltr'>αὐτῷ,</span> <span class='ocrx_word' id='word_1_904' title='bbox 2432 5548 2502 5614; x_wconf 83' lang='lat' dir='ltr'><strong>_ut</strong></span> <span class='ocrx_word' id='word_1_905' title='bbox 2524 5537 2790 5606; x_wconf 87' lang='lat' dir='ltr'><strong>Porpliyr.</strong></span> 
     </span>
    </p>
   </div>
   <div class='ocr_carea' id='block_1_116' title="bbox 1924 5553 3428 5686">
    <p class='ocr_par' dir='ltr' id='par_1_116' title="bbox 1924 5553 3428 5686">
     <span class='ocr_line' id='line_1_118' title="bbox 1925 5553 2790 5614; baseline -0.008 -19"><span class='ocrx_word' id='word_1_906' title='bbox 1925 5553 2015 5614; x_wconf 80' lang='grc' dir='ltr'>(Π</span> <span class='ocrx_word' id='word_1_907' title='bbox 2074 5553 2215 5611; x_wconf 80' lang='lat' dir='ltr'><strong>Lege</strong></span> <span class='ocrx_word' id='word_1_908' title='bbox 2243 5553 2412 5610; x_wconf 82' lang='grc' dir='ltr'>αυτῳ,</span> <span class='ocrx_word' id='word_1_909' title='bbox 2441 5553 2502 5591; x_wconf 87' lang='lat' dir='ltr'><strong>ut</strong></span> <span class='ocrx_word' id='word_1_910' title='bbox 2524 5553 2790 5606; x_wconf 75' lang='lat' dir='ltr'><strong>rorpuyr.</strong></span> 
     </span>
     <span class='ocr_line' id='line_1_119' title="bbox 1924 5553 3428 5686; baseline -0.003 -21"><span class='ocrx_word' id='word_1_911' title='bbox 1924 5553 2038 5686; x_wconf 49' lang='lat'><strong>(78;</strong></span> <span class='ocrx_word' id='word_1_912' title='bbox 2097 5609 2608 5686; x_wconf 73' lang='grc' dir='ltr'>’Υπαναστοίσεσι,</span> <span class='ocrx_word' id='word_1_913' title='bbox 2667 5617 2774 5686; x_wconf 72' lang='lat' dir='ltr'><strong>etc.</strong></span> <span class='ocrx_word' id='word_1_914' title='bbox 2840 5603 3008 5686; x_wconf 40' lang='lat' dir='ltr'><strong>Male.</strong></span> <span class='ocrx_word' id='word_1_915' title='bbox 3041 5603 3188 5659; x_wconf 92' lang='lat' dir='ltr'><strong>enim</strong></span> <span class='ocrx_word' id='word_1_916' title='bbox 3236 5619 3428 5686; x_wconf 59' lang='lat' dir='ltr'><strong>excus.</strong></span> 
     </span>
    </p>
   </div>
   <div class='ocr_carea' id='block_1_117' title="bbox 1849 5675 3421 5756">
    <p class='ocr_par' dir='ltr' id='par_1_117' title="bbox 1849 5675 3421 5756">
     <span class='ocr_line' id='line_1_120' title="bbox 1849 5675 3421 5756; baseline -0.006 -18"><span class='ocrx_word' id='word_1_917' title='bbox 1849 5675 2139 5756; x_wconf 72' lang='lat' dir='ltr'><strong>Porpliyr.,</strong></span> <span class='ocrx_word' id='word_1_918' title='bbox 2174 5681 2597 5756; x_wconf 64' lang='lat' dir='ltr'><strong>enavaa‘rdgeci,</strong></span> <span class='ocrx_word' id='word_1_919' title='bbox 2631 5677 2727 5730; x_wconf 74' lang='grc' dir='ltr'><strong>καὶ</strong></span> <span class='ocrx_word' id='word_1_920' title='bbox 2771 5675 3178 5756; x_wconf 46' lang='grc' dir='ltr'>κατακξῄσεσι,</span> <span class='ocrx_word' id='word_1_921' title='bbox 3196 5683 3250 5730; x_wconf 88' lang='lat' dir='ltr'><strong>et</strong></span> <span class='ocrx_word' id='word_1_922' title='bbox 3276 5692 3329 5756; x_wconf 86' lang='lat' dir='ltr'><strong>v.</strong></span> <span class='ocrx_word' id='word_1_923' title='bbox 3374 5675 3421 5743; x_wconf 71' lang='lat'><strong>2,</strong></span> 
     </span>
    </p>
   </div>
   <div class='ocr_carea' id='block_1_118' title="bbox 1848 5745 3355 5827">
    <p class='ocr_par' dir='ltr' id='par_1_118' title="bbox 1848 5745 3355 5827">
     <span class='ocr_line' id='line_1_121' title="bbox 1848 5745 3355 5827; baseline -0.005 -18"><span class='ocrx_word' id='word_1_924' title='bbox 1848 5745 2052 5811; x_wconf 68' lang='grc' dir='ltr'>δείσετὶ</span> <span class='ocrx_word' id='word_1_925' title='bbox 2079 5745 2180 5827; x_wconf 85' lang='lat' dir='ltr'><strong>pro</strong></span> <span class='ocrx_word' id='word_1_926' title='bbox 2211 5753 2408 5809; x_wconf 88' lang='grc' dir='ltr'>δόσεσι.</span> <span class='ocrx_word' id='word_1_927' title='bbox 2453 5748 2586 5818; x_wconf 65' lang='lat' dir='ltr'><strong>Quae</strong></span> <span class='ocrx_word' id='word_1_928' title='bbox 2626 5756 2931 5819; x_wconf 90' lang='lat' dir='ltr'><strong>sequuntur</strong></span> <span class='ocrx_word' id='word_1_929' title='bbox 2960 5745 3184 5803; x_wconf 84' lang='lat' dir='ltr'><strong>Eusebii</strong></span> <span class='ocrx_word' id='word_1_930' title='bbox 3210 5755 3355 5806; x_wconf 62' lang='lat' dir='ltr'><strong>sunt.</strong></span> 
     </span>
    </p>
   </div>
   <div class='ocr_carea' id='block_1_119' title="bbox 3039 5843 3079 5909">
    <p class='ocr_par' dir='ltr' id='par_1_119' title="bbox 3039 5843 3079 5909">
     <span class='ocr_line' id='line_1_122' title="bbox 3039 5843 3079 5909; baseline 0 0"><span class='ocrx_word' id='word_1_931' title='bbox 3039 5843 3079 5909; x_wconf 82' lang='lat'><strong>9</strong></span> 
     </span>
    </p>
   </div>
  </div>
