3858 6224
405 294 509 352 267

1038 291 1313 349 EUSEBII
1344 289 1826 347 CIESARIENSIS
1866 290 2019 349 OPP.
2079 292 2261 350 PARS
2299 293 2364 347 11.
2404 321 2475 332 -
2509 287 3013 344 APOLOGETICA.

3576 290 3683 348 268

404 420 766 490 carniumque
816 418 1062 475 nidorem
1127 417 1412 488 exigebat;
1464 418 1709 488 adeoque
1758 435 1857 475 nec
1909 420 1986 474 illi

2102 420 2411 492 λαμϐάνειν,
2436 418 2598 483 αὐτὸς
2627 416 2789 472 πάλιν
2817 417 2846 468 6
2876 412 3224 485 συγγραφεὺς
3248 411 3571 482 διηγήσεται
3595 409 3684 465 διὰ

407 526 624 580 omnes,
660 511 862 582 quibus
883 512 1191 566 animantes
1216 509 1773 579 immolarejubebat.
1811 509 1989 565 Frau-

2097 512 2325 566 τούτων.

408 604 694 661 dolentum
736 604 891 660 illum
922 617 1053 673 ergo
1087 610 1249 672 atque
1274 601 1651 672 impostorem,
1691 602 2009 674 malumque
2053 604 2281 659 omnino
2331 602 2635 658 daemonem
2693 597 2964 670 appellare
2988 595 3165 661 decet,
3192 591 3287 663 qui
3333 590 3554 646 mentiri
3590 606 3686 660 pa-

408 699 541 767 lam,
572 713 639 755 ac
670 699 822 763 deos,
850 699 945 769 qui
969 698 1043 753 dii
1069 711 1176 752 non
1207 705 1414 765 essent,
1471 698 1832 769 pronuntiare
1882 715 2051 756 ausus
2089 699 2181 768 sit,
2232 699 2663 767 animaliumque
2708 692 2977 751 sacriﬁcia
3036 689 3117 744 uti
3161 694 3281 743 non
3333 685 3685 740 terrestribus

410 794 598 859 modo,
651 794 746 849 sed
795 793 959 849 etiam
1019 792 1296 849 caelitibus
1353 793 1693 865 sidereisque
1741 794 2029 865 imperare.
2073 796 2177 852 Sed
2220 795 2387 862 enim,
2432 794 2625 864 quales
2688 791 2931 857 tandem,
2989 786 3035 844 si
3069 786 3252 840 minus
3290 782 3445 849 deos,
3498 782 3687 837 existi-

409 906 562 946 mare
594 903 786 946 omnes
841 889 979 945 istos
1009 897 1279 958 oporteat,
1342 903 1409 943 ex
1438 890 1631 945 eodem
1662 905 1855 947 rursus
1889 901 2115 949 auctore
2159 892 2456 955 discemus,
2493 890 2642 944 hunc
2674 887 2729 941 in
2760 885 2984 940 modum
3028 881 3318 937 scribente.

1011 981 1243 1038 CAPUT
1273 982 1390 1037 XV.

514 1078 856 1136 Dwmonibua
883 1079 1110 1132 istorum
1141 1076 1412 1145 sacriﬁcia
1454 1077 1595 1147 ﬁeri,
1628 1094 1733 1132 non
1756 1077 1884 1132 diis.

485 1244 504 1277 ι
531 1224 765 1284 Noverat
784 1238 986 1292 autem,
1006 1240 1197 1303 utpote
1211 1235 1300 1290 cui
1320 1237 1507 1309 religio
1529 1224 1674 1295 cura:
1690 1250 1857 1305 esset,
1882 1243 1995 1299 diis

410 1318 631 1388 quidem
667 1322 893 1377 animati
917 1339 1143 1393 prorsus
1168 1326 1442 1384 immolari
1478 1329 1636 1397 nihil,
1664 1333 1758 1387 sed
1780 1341 1990 1388 tantum

411 1412 790 1483 daemonibus,
824 1430 920 1471 seu
953 1416 1079 1472 boni
1107 1418 1187 1473 illi
1218 1420 1349 1487 sint,
1390 1436 1486 1477 seu
1523 1424 1687 1489 mali;
1717 1424 1994 1495 simulque

412 1514 672 1570 noverat,
720 1523 954 1576 quorum
992 1508 1280 1566 interesset
1307 1512 1639 1568 sacriﬁcium
1680 1515 1749 1571 iis
1785 1514 1987 1581 facere,

412 1596 720 1668 quibusque
742 1608 952 1656 tantum
982 1601 1148 1657 rebus
1169 1618 1264 1657 eos
1296 1604 1375 1658 uti
1406 1607 1812 1676 oporteret,qui
1847 1609 1995 1677 ipso-

412 1709 534 1749 rum
566 1709 723 1766 opem
759 1704 923 1766 atque
962 1697 1228 1753 auxilium
1263 1699 1680 1769 implorarent.»
1722 1702 1800 1758 Ac
1834 1703 1993 1758 dein-
2028 1735 2069 1792 Β

412 1802 573 1857 ceps:
598 1808 616 1840 ‹
639 1787 812 1845 Perro
830 1806 937 1843 non
958 1789 1087 1852 diis,
1106 1790 1303 1860 inquit,
1325 1791 1417 1845 sed
1437 1792 1778 1850 daemonibus
1795 1810 1993 1850 cruen—

427 1887 481 1933 ta
501 1880 767 1935 sacriﬁcia
788 1880 856 1935 ab
879 1881 944 1935 iis
963 1881 1142 1936 oblata
1157 1884 1406 1953 esse,qui
1425 1883 1653 1941 virtutes
1673 1886 1776 1941 hoc
1800 1886 1855 1940 in
1882 1888 1998 1942 uui-

414 1986 572 2027 verso
588 1973 845 2043 degentes
866 1983 1224 2045 agnoverant,
1243 1975 1296 2029 id
1317 1990 1443 2031 vero
1463 1977 1835 2045 theologorum
1854 1979 1994 2049 ipso-

413 2080 532 2119 rum
560 2065 667 2120 ﬁde
690 2081 755 2121 ac
787 2067 1107 2122 testimonio
1136 2068 1561 2138 comprobatur:
1583 2070 1826 2141 illudque
1849 2088 1990 2143 prae-

414 2165 582 2223 terea,
619 2171 687 2210 ex
725 2155 918 2211 iisdem
957 2157 1154 2213 noxios
1180 2159 1317 2213 alios
1340 2174 1485 2226 esse,
1512 2161 1761 2231 aliosque
1789 2163 1987 2229 bonos,

413 2250 508 2318 qui
534 2249 666 2304 nihil
692 2248 1026 2306 incommodi
1044 2251 1264 2306 allaturi
1286 2252 1444 2308 nobis
1462 2263 1664 2309 essent.
1694 2275 1713 2307 ι
1736 2255 1863 2311 Haec
1883 2256 1995 2312 ille.

411 2344 482 2397 At
498 2358 626 2398 cum
644 2359 709 2399 ex
731 2346 1073 2407 daemonibus
1094 2346 1232 2401 alios
1255 2347 1476 2417 quidem
1501 2349 1695 2413 bonos,
1714 2350 1850 2407 alios
1868 2366 1997 2407 vero

413 2436 591 2491 malos
622 2450 745 2492 esse
779 2437 947 2504 dicat,
976 2437 1262 2495 videamus
1295 2455 1499 2510 porro,
1535 2441 1737 2511 quibus
1773 2442 1994 2498 tandem

412 2529 752 2599 argumentis
777 2529 1008 2585 deos-ab
1041 2531 1161 2585 istis
1181 2531 1507 2598 celebratos,
1537 2548 1646 2587 non
1669 2532 1869 2591 bonos.
1900 2534 1995 2590 sed

411 2620 589 2676 malos
602 2619 775 2677 fuisse
790 2621 1068 2677 dazmones
1082 2632 1337 2678 constare
1354 2632 1506 2680 certo
1520 2624 1710 2694 possit.
1727 2624 1994 2696 Equidem

409 2712 498 2767 vel
520 2713 624 2768 hac
658 2712 775 2783 ipsa
806 2715 1021 2769 ratione
1051 2715 1247 2770 conﬁci
1282 2732 1398 2771 rem
1423 2716 1697 2771 existimo.
1716 2716 1995 2787 Quidquid

410 2803 620 2861 bonum
653 2814 758 2874 est,
780 2807 1043 2877 prodesse
1061 2806 1220 2874 solet,
1240 2822 1436 2863 nocere
1454 2822 1604 2871 vero,
1620 2809 1992 2867 contrarium;

411 2899 585 2969 atqui,
625 2898 675 2955 si
706 2908 978 2970 quotquot
1003 2914 1101 2954 seu
1125 2899 1234 2966 dii,
1263 2915 1356 2954 seu
1391 2899 1669 2954 daemones
1700 2901 1907 2970 passim
1940 2911 1994 2957 et

416 2986 621 3054 ubique
678 2984 1079 3055 praedicantur,
1133 2987 1213 3042 illi
1259 2987 1384 3057 ipsi,
1445 2989 1703 3059 inquam,
1762 2991 1994 3046 istorum

2610 978 3007 1036 ΚΕΦΑΛΑΙΟΝ
3061 977 3160 1031 IE'.

2099 1079 2229 1132 Ὀτι
2268 1075 2340 1131 τὰ
2382 1076 2645 1144 θυόμενα
2667 1072 2804 1144 παρ’
2843 1068 3066 1144 αὐτοῖς,
3103 1066 3409 1136 δαίμοσιν,
3444 1063 3583 1119 ἀλλ’
3605 1064 3680 1119 οὐ

2670 1143 2828 1208 θεοῖς
2865 1142 3087 1194 θύεται.

2171 1262 2190 1292 ι
2219 1237 2338 1294 Οἷδε
2373 1239 2485 1310 (79)
2513 1239 2571 1292 δὲ
2590 1239 2619 1290 6
2640 1237 2739 1308 τῆς
2768 1231 3049 1295 εὐσεϐείας
3082 1224 3403 1301 φροντίζων,
3432 1226 3506 1290 ὡς
3537 1226 3680 1290 θεοῖς

2099 1332 2198 1403 μὲν
2228 1331 2288 1384 ού
2328 1329 2513 1383 θύεται
2547 1323 2999 1398 ἕμψυχονοὺδὲν,
3047 1321 3267 1390 δαίμοσι
3309 1318 3386 1381 δὲ,
3418 1317 3530 1370 ἀλλ’
3561 1317 3680 1386 ἤτοι

2099 1422 2211 1494 (80)
2238 1421 2479 1491 ἀγαθοῖς,
2513 1420 2546 1491 ἢ
2578 1418 2671 1472 καὶ
2706 1414 2944 1486 φαύλοις·
2972 1412 3068 1466 καὶ⁹
3096 1411 3255 1464 τίνων
3285 1410 3404 1461 ἐστὶ
3434 1408 3495 1461 τὸ
3531 1407 3681 1460 θύειν

2094 1513 2328 1576 τούτοις,
2367 1511 2463 1565 καὶ
2496 1509 2603 1562 τῶν
2633 1507 2761 1577 ἄχρι
2792 1503 2937 1566 τινὸς
2970 1501 3149 1555 αὐτῶν
3176 1498 3445 1569 δεομένων
3480 1496 3611 1566 (8|).
3654 1514 3675 1549 ι

2097 1607 2209 1659 Καὶ
2236 1600 2391 1667 αὖθις
2430 1601 2559 1672 ἑξῆς
2594 1614 2780 1672 φησιν’
2821 1615 2839 1647 ι
2876 1596 2999 1648 Ὅτι
3031 1593 3087 1646 δὲ
3112 1591 3223 1663 (82)
3254 1591 3314 1643 ού
3350 1589 3513 1651 θεοῖς,
3543 1585 3684 1642 ἀλλά

2096 1698 2314 1769 δαίμοσι
2340 1696 2441 1759 τὰς
2467 1694 2656 1757 θυσίας
2683 1690 2780 1754 τὰς
2809 1688 2897 1742 διὰ
2917 1686 3025 1741 τῶν
3059 1685 3309 1755 αἱμάτων
3332 1683 3604 1754 προσῆγον
3630 1680 3683 1733 οἱ

2096 1791 2194 1855 τὰς
2224 1794 2281 1844 ὲν
2299 1788 2378 1860 τῷ
2406 1788 2568 1841 πανῇ⁵
2595 1784 2853 1854 δυνάμεις
2879 1778 3312 1851 καταμαθόντες,
3340 1775 3498 1827 τοῦτο
3520 1770 3684 1825 πεπί-

2098 1900 2299 1937 στωται
2323 1880 2451 1952 παρ’
2473 1876 2654 1933 αὐτῶν
2676 1874 2786 1928 τῶν
2806 1871 3091 1939 θεολόγων.
3116 1867 3228 1922 Καὶ
3253 1866 3357 1939 μὴν
3377 1867 3457 1919 ὅτι
3475 1862 3683 1918 τούτων

2095 1976 2146 2028 οἱ
2175 1974 2270 2045 μὲν
2300 1969 2604 2035 κακοποιοὶ,
2637 1969 2685 2020 οἱ
2723 1966 2778 2019 δὲ
2810 1963 3028 2033 ἀγαθοὶ,
3056 1960 3151 2015 καὶ
3171 1959 3272 2013 οὐκ
3303 1955 3685 2045 ἐνοχλήσουσιν

2100 2043 2211 2133 (83)
2241 2059 2616 2135 ἡμῖν.ιΤαῦτα
2662 2058 2761 2129 μὲν
2798 2058 2827 2110 6
2868 2052 3256 2124 δεδηλωμένος.
3302 2048 3457 2102 Ἐπεδ¹
3487 2047 3543 2100 δὲ
3574 2043 3685 2098 τῶν

2098 2153 2367 2225 δαιμόνων
2399 2150 2569 2223 ἔφησε
2594 2150 2720 2212 τοὺς
2758 2146 2856 2219 μὲν
2886 2143 3145 2213 ἀγαθοὺς,
3190 2140 3317 2203 τοὺς
3359 2139 3418 2192 δὲ
3444 2136 3687 2208 φαύλους

2098 2243 2258 2309 εἶναι,
2301 2244 2458 2316 φέρε,
2499 2241 2616 2305 πῶς
2655 2240 2877 2310 ἴδωμεν,
2917 2238 2999 2291 ὅτι
3027 2234 3150 2288 οὐδὲ
3179 2230 3374 2302 ἀγαθοὶ
3407 2230 3687 2301 δαίμονες,

2099 2336 2292 2406 φαῦλοι
2320 2335 2377 2388 δὲ
2401 2335 2451 2388 οἱ
2476 2330 2857 2403 νενομισμένοι
2878 2326 3056 2381 αὐτῶν
3078 2325 3192 2379 θεοὶ
3215 2323 3416 2386 πάντες
3441 2322 3691 2375 ἁλίσκον-

2096 2446 2223 2493 ται;
2268 2427 2467 2490 Λάὅοις
2494 2426 2537 2479 δ’
2567 2424 2633 2479 ἂν
2663 2425 2759 2477 καὶ
2791 2422 2981 2476 τούτου
3014 2419 3113 2490 τὴν
3144 2414 3418 2481 ἀπόδειξιν
3455 2408 3579 2467 ὧδε.
3612 2412 3692 2466 Τὸ

2095 2521 2301 2590 ἀγαθὸν
2325 2519 2544 2588 ὠφελεῖ,
2582 2517 2806 2588 βλάπτει
2833 2514 2890 2566 δὲ
2910 2512 2971 2566 τὸ
2997 2509 3260 2565 ἐναντίον.
3291 2508 3356 2561 Εἰ
3383 2506 3439 2560 δὲ
3465 2508 3691 2574 φανεῖεν

2096 2615 2143 2666 οἱ
2184 2611 2329 2666 κατὰ
2370 2610 2548 2665 πάντα
2592 2608 2755 2661 τόπον
2794 2601 3221 2676 ἀνηγορευμένοι
3263 2601 3374 2653 εἴτε
3422 2598 3535 2651 θεοὶ
3573 2596 3690 2649 εἴτε

2095 2705 2371 2776 δαίμονες,
2402 2702 2557 2757 αὐτοὶ
2588 2700 2653 2771 δὴ
2679 2701 2730 2752 οἱ
2757 2698 2908 2770 παρά
2932 2697 3097 2750 πᾶσιν
3128 2695 3312 2757 αὐτοῖς
3342 2689 3686 2763 βεϐοημένοι,

2096 2795 2192 2849 καὶ
2225 2794 2362 2867 πρὸς
2391 2792 2499 2845 τῶν
2546 2788 2714 2843 ἐθνῶν
2760 2790 3013 2842 ἀπάντων
3056 2784 3540 2857 προσκυνούμενοι,
3572 2783 3600 2835 ὃ
3627 2797 3688 2835 τε

2096 2887 2328 2957 Κρόνος,
2357 2886 2452 2940 καὶ
2473 2887 2501 2940 ὁ
2522 2886 2677 2949 Ζεὺς,
2712 2884 2861 2954 ’Ἡρα
2888 2898 2946 2934 τε
2974 2879 3069 2934 καὶ
3106 2878 3306 2948 Ἀθηνᾶ
3327 2879 3420 2931 καὶ
3441 2879 3489 2929 οἱ
3513 2893 3692 2949 παρα-

2097 2979 2340 3047 πλήσιοι,
2384 2977 2443 3032 αῖ
2478 2993 2538 3029 τε
2572 2977 2801 3043 ἀφανεῖς
2832 2972 3110 3042 δυνάμεις,
3142 2968 3238 3021 καὶ
3270 2970 3319 3022 οἱ
3349 2968 3607 3040 δαίμονες
3636 2969 3690 3023 οἱ

413 3076 659 3130 omnium
684 3091 782 3132 ore
804 3076 1020 3147 jactati,
1045 3086 1211 3148 atque
1238 3093 1270 3133 a
1303 3079 1558 3147 gentibus
1592 3078 1725 3134 culti
1774 3079 1992 3134 univer-

2102 3067 2192 3125 διὰ
2221 3067 2331 3121 τῶν
2364 3066 2569 3133 ξοάνων
2609 3063 2979 3137 ἐνεργοῦντες,
3007 3065 3067 3116 οὺ
3097 3065 3256 3134 μόνον
3289 3060 3443 3127 ζώων
3474 3061 3691 3129 ἀλόγων

415 3169 515 3233 sis,
553 3166 846 3236 Saturnus,
870 3166 1103 3239 Jupiter,
1128 3168 1292 3235 Juno,
1329 3168 1490 3243 154
1542 3169 1808 3239 Minerva,
1830 3171 1996 3242 idque

415 3273 589 3329 genus
616 3259 821 3325 caeteri,
848 3260 1094 3331 adeoque
1120 3260 1348 3316 virtutes
1382 3261 1488 3314 ill-.e
1532 3276 1655 3330 quae
1683 3261 1788 3317 sub
1835 3277 1997 3332 aspe-

414 3358 565 3406 ctum
600 3366 710 3407 non
739 3351 965 3418 eadunt,
996 3351 1201 3423 quique
1239 3366 1336 3422 per
1361 3351 1653 3410 simulacra
1688 3355 1795 3407 vim
1840 3369 1996 3408 suam

413 3450 679 3497 exserunt
708 3440 1022 3509 daemones,
1081 3456 1199 3507 eos,
1256 3443 1501 3513 inquam,
1549 3457 1747 3499 omnes
1794 3444 1840 3498 si
1888 3459 1997 3499 non

414 3531 575 3585 modo
607 3531 895 3585 brutarum
959 3531 1346 3597 animantium,
1387 3546 1580 3586 verum
1613 3534 1777 3587 etiam
1817 3533 1998 3588 homi-

413 3637 546 3681 num
574 3621 814 3679 caadibus
847 3637 913 3678 ac
963 3622 1252 3678 sacriliciis
1284 3623 1559 3687 delectari,
1603 3623 1793 3694 sicque
1836 3624 2000 3680 mise-

414 3729 607 3768 rorum
632 3712 919 3770 hominum
939 3714 1137 3769 animis
1161 3715 1389 3769 exitium
1416 3714 1611 3770 all‘erre
1643 3716 1994 3783 ostendetur;

415 3815 589 3870 quam
628 3809 687 3855 tu
742 3801 1001 3856 diriorem
1037 3804 1142 3858 ista
1192 3803 1487 3872 perniciem
1520 3804 1760 3875 cogitare
1787 3804 2000 3874 possis?

410 3888 550 3944 Nam
616 3890 664 3945 si
717 3891 1041 3946 animalium
1100 3893 1314 3947 ratione
1362 3897 1670 3949 carentium
1725 3895 1996 3951 sacriﬁcia

407 3981 784 4036 exsecratione
812 3981 974 4052 digna
1023 3983 1488 4053 malique-ominis
1521 3984 1828 4055 philosoyhi
1877 4000 1999 4041 esse

409 4072 690 4139 dixerunt,
722 4074 770 4129 si
802 4073 1142 4142 detestanda,
1178 4075 1225 4131 si
1268 4074 1492 4144 injusta,
1552 4085 1716 4147 atque
1761 4076 1995 4144 nefaria,

410 4165 657 4237 ipsisque
677 4166 813 4221 adeo
854 4167 1182 4224 facientibus
1242 4168 1499 4233 exitiosa,
1529 4170 1868 4240 proindeque
1891 4171 1998 4227 diis

412 4273 641 4329 prorsus
679 4259 945 4332 indigna:
976 4259 1108 4330 quid
1159 4260 1675 4331 dejugulandorum
1706 4262 1993 4318 hominum

413 4351 811 4406 consuetudine
840 4353 1184 4409 sentiendum
1213 4353 1355 4408 erit?
1379 4350 1626 4423 profecto
1657 4353 1992 4422 impietatem

2106 3160 2342 3228 σφαγαῖς
2370 3157 2465 3210 καὶ
2487 3156 2719 3220 θυσίαις,
2753 3154 2889 3209 ἀλλά
2916 3154 3012 3208 καὶ
3042 3153 3456 3224 ἀνδροκτασίαις
3478 3152 3576 3205 καλ⁵
3596 3153 3694 3206 ἀν-

2104 3250 2507 3325 θρωποθυσίαις
2535 3249 2837 3321 χαίροντες,
2873 3246 2968 3300 καὶ
3013 3245 3183 3316 ταύτῃ
3223 3243 3322 3308 τάς
3365 3243 3543 3315 ψυχὰς
3579 3244 3693 3297 τῶν

2103 3342 2301 3396 ἀθλίων
2324 3341 2628 3414 ἀνθρώπων
2655 3339 3059 3410 λυμαινόμενοι·
3090 3337 3212 3390 τίνα
3234 3336 3454 3407 χείρονα
3485 3334 3696 3405 ταύτης

2106 3433 2311 3505 βλάϐην
2340 3434 2688 3503 ὲπινοήσειας
2711 3448 2725 3498 ;
2748 3432 2812 3485 Ei
2841 3431 2948 3503 γὰρ
2973 3433 3005 3502 ὴ
3042 3429 3131 3484 διὰ
3165 3429 3275 3482 τῶν
3300 3427 3452 3493 ζώων
3476 3427 3697 3496 ἀλόγων

2104 3527 2268 3582 θυσία
2306 3526 2579 3598 ἐπάρατος
2617 3523 2713 3578 καὶ
2754 3523 3047 3588 ωκὸθυτος
3080 3522 3217 3595 πρὸς
3246 3521 3355 3575 τῶν
3385 3519 3699 3591 φιλοσόφων

2103 3618 2319 3690 ἐλέχθη,
2363 3617 2586 3690 μυσαρά
2613 3635 2672 3670 τε
2702 3618 2796 3671 καὶ
2822 3615 3007 3680 ἄδικος
3041 3615 3135 3669 καὶ
3178 3615 3417 3678 ἀνόσιος,
3457 3614 3552 3666 καὶ
3587 3613 3700 3667 οὐκ

2103 3712 2346 3784 ἀϐλαϐὴς
2383 3715 2497 3776 τοῖς
2535 3710 2744 3774 θύουσι,
2786 3711 2881 3764 καὶ
2924 3708 3014 3763 διά
3038 3725 3102 3776 γε
3129 3706 3302 3761 ταῦτα
3339 3708 3517 3761 πάντα
3548 3706 3698 3761 θεῶν

2103 3804 2317 3871 ἀναξία,
2351 3804 2403 3857 τί
2431 3803 2535 3875 χρὴ
2567 3802 2806 3874 νομίζειν
2839 3801 2936 3873 τὴν
2964 3800 3072 3855 τῶν
3105 3798 3407 3871 ἀνθρώπων
3438 3799 3693 3869 σφαγήνς

2102 3898 2180 3968 ἦα
2213 3897 2409 3959 παντὸς
2439 3894 2576 3967 αὕτη
2598 3895 2791 3964 γένοιτ’
2809 3893 2873 3948 ἂν
2896 3892 3232 3964 ἀσεϐεστάτη
3262 3893 3356 3946 καὶ
3389 3892 3697 3946 ἀνοσιωτά-

2102 4008 2191 4062 τη.
2216 3989 2341 4053 Πῶς
2364 3984 2457 4043 οὖν
2488 3986 2712 4057 ἀγαθοῖς
2740 3986 3008 4056 δαίμοσιν,
3035 3986 3158 4055 οὐχὶ
3188 3985 3244 4062 δε
3280 3988 3397 4048 τοῖς
3428 3985 3698 4055 παμμιά-

2110 4058 2223 4153 ροις
2253 4080 2345 4133 καὶ⁵
2378 4078 2748 4151 πανωλέθροις
2781 4076 3084 4147 πνεύμασιν
3114 4058 3339 4140 εἰκότως
3360 4076 3426 4130 ἂν
3467 4075 3693 4149 λεχθείη

2104 4172 2443 4247 προσφιλής;
2488 4171 2627 4241 Φέρε
2664 4166 2757 4224 οὖν
2798 4167 3102 4239 ὲλέγξωμεν
3154 4169 3247 4222 καὶ
3289 4167 3693 4239 ἀποδείξωμεν,

2101 4266 2298 4319 ὁπόσον
2324 4266 2357 4335 ἡ
2381 4263 2481 4333 τῆς
2507 4260 2768 4316 πολυθέου
2796 4260 3003 4331 πλάνης
3023 4259 3169 4331 λύμη
3192 4258 3287 4313 τοῦ
3315 4259 3428 4330 βίου
3456 4259 3565 4313 τῶν
3586 4260 3693 4313 ἀν-

2103 4359 2335 4434 θρώπων
2360 4358 2467 4432 πρὸ
2487 4357 2586 4429 τῆς
2613 4356 2706 4410 τοῦ
2739 4356 2988 4426 Σωτῆρος
3021 4353 3177 4435 ἡμῶν
3208 4353 3569 4424 εύαγγελικῆς
3599 4354 3694 4408 δι.

412 4455 479 4495 ac
510 4440 691 4496 scelus
717 4456 880 4498 omne
919 4444 990 4499 ab
1037 4459 1101 4500 ea
1153 4444 1314 4515 longe
1351 4443 1696 4514 multumque
1723 4445 1990 4515 superari.

2102 4450 2395 4514 δασκαλίας
2416 4447 2659 4520 ὲκράτει.
2691 4445 2961 4500 Λελύσθαι
2989 4444 3096 4516 γὰρ
3117 4444 3286 4515 αὐτὴν
3317 4444 3411 4497 καὶ
3439 4442 3697 4516 καθηρῆ-

412 4532 572 4600 Quod
594 4534 642 4589 si
666 4535 739 4589 ita
772 4544 876 4601 est,
912 4537 1038 4606 quis
1067 4536 1216 4591 illam
1262 4536 1388 4606 jure
1437 4536 1597 4592 bouis
1630 4536 1994 4600 daemonibus.

411 4640 478 4681 ac
506 4639 614 4682 nou
646 4612 829 4696 potius
852 4616 1146 4682 teterrimis
1173 4627 1479 4698 spiritibus,
1495 4628 1852 4697 omniumque
1874 4645 1996 4699 per-

412 4716 613 4775 niciem
639 4718 998 4784 etinteritum
1029 4718 1381 4774 molientibus
1414 4717 1630 4788 placere
1654 4717 1846 4773 dicat?
1883 4719 1996 4790 Age

411 4810 598 4881 itaque
618 4811 867 4866 omnium
896 4826 1167 4881 ponamus
1215 4818 1343 4866 ante
1381 4811 1598 4876 oculos,
1630 4827 1796 4882 quam
1836 4811 1998 4882 longe

410 4900 648 4972 lateque,
688 4902 1010 4973 priusquam
1050 4902 1154 4973 ipsi
1203 4902 1517 4973 evangelica
1556 4900 1866 4958 Servatoris
1896 4918 1996 4957 no-

410 4995 509 5049 stri
534 4995 783 5051 doctrina
811 4995 1121 5065 obsisteret,
1157 5003 1269 5051 tota
1310 4995 1597 5050 hominum
1623 4995 1733 5051 vita
1770 5009 1994 5068 gressa-

483 5096 516 5131 ι
539 5084 623 5139 ῑσ.
660 5080 721 5155 ἦ.

491 5175 597 5303 (79)
633 5175 788 5233 Οἵδε.
814 5176 1128 5248 Theologus
1179 5177 1271 5232 ille
1295 5175 1568 5258 videlicet,
1596 5189 1759 5245 quem
1803 5174 1992 5231 laudat

526 5264 625 5303 oco
645 5247 915 5303 Pornhvr.
948 5249 986 5303 l.
1018 5264 1080 5303 ιι.
1112 5263 1166 5303 ι).
1196 5247 1319 5303 189.
1360 5246 1449 5302 ubi
1486 5246 1719 5300 habetur
1748 5244 1852 5303 ὄτι.
1894 5259 1991 5303 pro

410 5263 479 5303 eo
499 5244 625 5304 loco
645 5247 915 5319 Porphyr.
948 5249 986 5304 l.
1018 5244 1080 5314 ᾗ,
1112 5263 1166 5319 p.
1196 5247 1319 5311 189,
1360 5246 1449 5302 ubi
1486 5244 1875 5319 habe’turﬁut
1894 5259 1991 5319 pro

411 5319 443 5371 6
464 5319 586 5390 τῆς,
613 5335 736 5390 quae
756 5314 922 5390 lectio
947 5314 1166 5390 probari
1190 5319 1369 5390 etiam
1391 5325 1570 5390 potest
1597 5331 1699 5390 pro
1726 5314 1825 5369 ἆτε
1853 5314 1938 5386 δή.

487 5385 598 5458 (80)
631 5385 803 5444 Ἆλλ’
832 5385 985 5459 ἦτοι.
1013 5387 1301 5460 Porphyr.,
1329 5388 1439 5441 Καὶ
1462 5385 1642 5449 ἄλλοις
1664 5386 1804 5457 ἦτοι,
1850 5385 1995 5440 men-

412 5457 568 5521 dose,
594 5472 654 5513 ut
680 5457 909 5515 videtur.

490 5528 605 5599 (8i)
627 5530 736 5584 Καὶ
763 5526 1053 5599 τωννᾷχρι
1076 5526 1241 5599 τινὸς
1278 5524 1670 5599 αὐτῶνξδεομ.
1698 5524 1990 5599 Porphyr.,

415 5596 606 5661 αὐτοῦ,
642 5615 834 5667 nempe
886 5596 1056 5652 θύειν.
1107 5597 1697 5667 Ιῗονικιηιοειξιιιι.Ᾱδιιξ
1715 5598 1819 5667 και
1862 5596 1991 5667 ἄχρι

415 5670 580 5733 τίνος,
611 5668 717 5745 τῷν
749 5663 929 5722 αὐτῶν
960 5663 1444 5745 δεομένωνςᾙοὴιι
1470 5665 1616 5745 enim
1657 5663 1989 5745 Theologus,

415 5756 524 5797 nou
560 5738 724 5794 modo
746 5755 981 5809 quorum
1018 5737 1165 5797 esset
1208 5740 1315 5795 illis
1343 5737 1675 5804 sacriﬁcare,
1703 5737 1798 5793 sed
1824 5737 1986 5793 etiam

2102 4543 2224 4597 σθαι
2273 4542 2374 4595 οὐκ
2420 4539 2607 4595 ἄλλοτε
2659 4537 2692 4608 ἢ
2746 4537 2885 4591 κατά
2931 4538 3058 4600 τοὺς
3115 4534 3391 4606 Ἀδριανοῦ
3434 4536 3691 4606 χρόνους,

2099 4634 2277 4704 φωτὸς
2309 4633 2468 4700 δίκην
2494 4631 2595 4704 ἤδη
2618 4628 3031 4702 διαλαμπούσης
3060 4629 3152 4681 ἐπὶ
3182 4627 3359 4681 πάντα
3390 4627 3553 4680 τόπον
3584 4629 3696 4700 τῆς

2096 4727 2190 4783 τοῦ
2229 4723 2468 4799 Χριστοῦ
2497 4723 2866 4787 διδασκαλίας.
2897 4718 2991 4786 Οἷς
3017 4721 3115 4793 οὐχ
3137 4722 3321 4792 ἡμεῖς,
3357 4718 3471 4773 ἀλλ’
3502 4720 3694 4774 αὐτῶν

2099 4821 2259 4875 πάλιν
2297 4818 2408 4872 τῶν
2448 4817 2523 4889 μὴ
2554 4817 2622 4870 τὰ
2653 4816 2894 4888 ἡμέτερα
2927 4813 3266 4886 φρονούντων
3302 4812 3696 4883 μαρτυρήσου-

2099 4927 2183 4964 σιν
2231 4910 2287 4963 ai
2344 4907 2518 4977 φωναὶ
2565 4904 2880 4979 διαρρήδην,
2920 4901 3030 4955 τῶν
3084 4899 3191 4971 πρὸ
3235 4897 3426 4951 τούτου
3473 4897 3693 4967 χρόνων

2096 4999 2364 5070 τοσαύτην
2404 4994 2805 5068 κατηγοροῦσαι
2855 4991 3179 5065 μοχθηρίαν,
3230 4989 3372 5043 ὥστε
3410 4987 3511 5060 ἤδη
3553 4989 3694 5052 τοὺς

2096 5180 2221 5250 ἄχρι
2254 5177 2418 5250 τίνος,
2462 5171 2763 5250 supple,_16
2780 5170 2939 5250 ’θύειν
2973 5169 3149 5250 ἐστίν..
3174 5168 3231 5222 Id
3258 5176 3383 5250 es_t_:
3412 5176 3689 5250 quatenus

2097 5235 2342 5319 pii-egredi
2367 5235 2726 5319 sacriﬁcando
2755 5242 2976 5319 debeant
3001 5256 3021 5319 ς
3071 5240 3220 5319 solos
3244 5307 3256 5319 _
3284 5235 3535 5293 videlicet
3565 5235 3691 5294 fru—

2096 5307 2216 5375 ctus
2248 5307 2544 5377 oﬂ'erendo,
2577 5315 2647 5368 ab
2691 5312 2947 5366 animatis
2969 5307 3315 5364 abstinendo.

2170 5387 2282 5451 (82)
2313 5388 2438 5440 Ὅτι
2462 5384 2549 5439 δέ.
2579 5383 2802 5451 Ροῐριι.,
2822 5382 2908 5451 jb.
2930 5397 2984 5450 p.
3013 5380 3140 5434 229.

2170 5389 2260 5448 (82
2313 5389 2438 5440 Ὅτι
2462 5389 2549 5439 δέ.
2579 5389 2802 5451 Ροῐριι.,
2833 5389 2908 5436 ib.
2930 5397 2984 5450 p.
3013 5389 3140 5434 229.

2170 5389 2282 5529 (8ὅῖ
2308 5457 2555 5529 ,Καὶοὺκ
2579 5450 3109 5529 ἐνοχληΡοινυιιγνη
3160 5449 3539 5529 ρῖᾐούκχὲνοχη
3588 5462 3686 5505 re-

2094 5520 2198 5584 cte.
2224 5520 2413 5610 subdi}
2440 5537 2643 5610 autem,
2668 5522 2814 5610 quod
2846 5523 2912 5576 ad
2942 5520 3136 5610 sensus
3160 5520 3522 5610 integritatem
3552 5533 3688 5587 per-

2095 5601 2250 5663 tinet,
2302 5598 2433 5667 ἠμῖν
2485 5586 2909 5667 ἀπαρχὸμένοιςᾼ
2944 5592 3010 5667 ἐξ(
3051 5590 3249 5667 μόνων,
3279 5586 3355 5648 ὧν
3396 5586 3681 5660 ἐσθίομεν,

2095 5670 2187 5725 καὶ
2220 5660 2488 5741 τρέφομεν
2515 5666 2549 5736 ἢ
2587 5660 2651 5718 16
2662 5660 2852 5734 σῶμα,
2882 5661 2915 5734 ἢ
2943 5660 3270 5733 τὴνψυχήν.
