3858 6224
208 340 288 397 269
1228 282 1240 291 .
1308 328 1628 385 ΓΒᾸΞΡΑΒ.
1661 328 1737 384 EI

1839 327 1916 385 lG.
1958 326 2086 384 LIB.
2121 325 2210 382 IV.
3321 324 3430 382 270

209 446 548 518 δεισιδαίμδνας
570 445 715 516 πέρα
730 442 830 497 «καὶ
853 442 962 496 τῶν
982 441 1082 511 τῆς
1111 439 1329 510 φύσεως
1347 442 1490 512 ὅρων
1513 442 1734 512 χωρεῖν,

1842 451 1994 495 retur
2018 438 2340 496 idololatriae
2366 435 2556 508 pestis.
2581 432 2692 491 Nec
2722 437 2869 492 enim
2891 446 3018 493 ante
3044 437 3274 495 Adriani
3298 452 3433 498 tem-

322 535 415 586 τῶν
449 534 706 605 ὀλεθρίων
755 531 1081 602 πνευμάτων
1124 529 1604 601 ὲξοιστρουμένους
1642 531 1736 583 καὶ

1839 547 1972 603 pora
2020 531 2280 601 dissipari
2331 529 2664 599 purgarique
2713 531 2911 599 potuit,
2938 545 3065 585 cum
3110 531 3222 601 iam
3288 533 3429 589 lucis

208 628 517 699 δαιμονῶντας
543 626 827 696 ἄντικρυς⁵
856 623 932 686 ὡς
968 622 1062 675 καὶ
1087 624 1200 685 τοῖς
1226 621 1336 674 τῶν
1359 621 1631 690 φιλτάτων
1653 621 1737 674 αῖ-

1839 625 2014 679 instar
2053 622 2190 678 locis
2239 623 2292 676 in
2342 619 2600 675 omnibus
2643 620 2851 676 Christi
2885 623 3133 678 doetrina
3180 624 3431 693 splende-

210 739 330 794 μασι,
350 719 433 773 καὶ
460 717 651 779 ἄλλαις
694 715 918 787 μυρίαις
953 712 1425 785 ἀνθρωποθυσίαις
1462 712 1737 766 ἱλεοῦσθαι

1839 721 2036 769 sceret.
2070 714 2248 783 Atque
2278 712 2356 776 id,
2389 712 2853 781 quemadmodum
2890 722 2945 768 et
2974 714 3283 784 superiora,
3322 734 3428 772 nou

210 814 396 885 νομίζειν
414 811 506 874 τὰς
536 811 859 881 μιαιφόνους
885 807 1163 877 δυνάμεις.
1188 805 1296 858 Καί
1326 822 1411 867 τις
1439 804 1620 875 πατὴρ
1644 805 1737 857 τὸν

1839 804 2066 866 nostris.
2120 804 2215 859 sed
2267 802 2487 858 illorum
2532 803 2800 872 ipsorum,
2850 805 2947 873 qui
2981 820 3013 859 a
3046 806 3205 861 nobis
3251 816 3431 864 tauto—

210 904 421 976 μονογενῆ
446 902 631 965 παῖδα,
664 901 759 955 καὶ
785 901 967 971 μήτηρ
998 898 1097 969 τὴν
1124 895 1417 967 ἀγαπητὴν
1457 894 1733 966 θυγατέρα

1839 913 1967 967 pere
1991 896 2348 963 dissentiunt,
2400 895 2734 952 testimoniis
2764 897 3147 962 ostendemus,
3175 915 3300 969 quae
3335 918 3430 970 pa-

210 998 450 1069 προσέθυον
478 996 557 1065 τῷ
585 993 674 1048 δαί
682 1010 827 1064 μονιο
860 992 955 1045 καὶ
984 989 1358 1060 κατέσφαττον
1390 991 1440 1041 οἱ
1468 988 1736 1056 φίλτατοι,

1839 989 1947 1044 lam
1997 1004 2063 1044 ac
2087 988 2290 1043 diserte
2321 1002 2389 1043 eo
2420 1002 2766 1058 progressam
2800 1002 2923 1044 esse
2948 1001 3249 1060 coarguunt
3285 994 3432 1062 prio-

210 1090 265 1155 5;;
291 1107 333 1142 τι
357 1086 454 1141 τῶν
489 1086 702 1153 ἀλόγων
744 1084 840 1136 καὶ
886 1080 1181 1152 ἀλλοτρίων
1223 1078 1577 1150 θρεμμάτων,
1611 1076 1737 1140 τοὺς

1839 1096 1962 1135 rum
2018 1089 2326 1149 temporum
2380 1079 2740 1151 impietatem,
2793 1089 2853 1135 ut
2893 1081 3008 1151 jam
3065 1086 3431 1153 superstitiosi

208 1181 548 1252 προσήκοντας,
581 1175 737 1229 ἔθυόν
765 1191 824 1226 τε
854 1178 968 1238 τοῖς
993 1173 1059 1245 δὴ
1088 1173 1230 1234 θεοῖς
1264 1169 1406 1224 κατά
1436 1167 1620 1230 πόλεις
1646 1167 1737 1220 καὶ

1840 1172 2094 1228 homines
2112 1171 2416 1226 exitialium
2454 1172 2748 1240 spirituum
2785 1182 2959 1228 (nstro
2993 1175 3207 1243 perciti,
3242 1177 3432 1247 plane-

207 1270 349 1343 χώρας
368 1272 481 1333 τοὺς
514 1268 796 1331 συνοίκους
830 1267 922 1320 καὶ
947 1266 1192 1328 πολίτας,
1220 1262 1321 1334 τὴν
1354 1259 1737 1333 φιλάνθρωπον

1840 1277 1949 1331 que
1976 1259 2306 1316 diabolicam
2347 1261 2400 1315 in
2432 1261 2640 1316 rabiem
2676 1262 2805 1322 acti.
2833 1263 2982 1332 ipsos
3011 1267 3174 1319 etiam
3221 1278 3432 1325 natura

205 1364 276 1416 zz".
300 1361 532 1433 συμπαθῆ
562 1359 726 1428 φύσιν
762 1359 855 1412 ἐπὶ
888 1358 949 1411 τὸ
984 1356 1207 1426 ἀνηλεὲς
1238 1356 1335 1407 καὶ
1368 1351 1737 1422 ἀπάνθρωπον

1842 1352 1979 1407 ﬁnes
2001 1368 2068 1408 ac
2096 1352 2300 1408 limites
2331 1353 2690 1418 transilirent,
2742 1355 3067 1424 cruorisque
3121 1358 3312 1415 avidas
3334 1375 3434 1430 po-

203 1456 533 1525 ἀκονήσαντες,
580 1453 676 1507 καὶ
714 1453 806 1505 τὸν
850 1450 1094 1523 μανιώδη
1140 1450 1234 1503 καὶ
1275 1444 1624 1517 δαιμονιακὸν
1663 1444 1737 1507 ὡς

1842 1454 2066 1500 testate:
2109 1445 2545 1499 necessariorum
2605 1461 2830 1501 suorum
2878 1451 3165 1517 sanguine,
3199 1451 3433 1523 aliisque

203 1548 379 1619 ἀληθῶς
411 1546 844 1616 ἐπιδεικνύμενοι
879 1543 1098 1617 τρόπον.
1133 1542 1332 1613 Εὖροις
1357 1540 1403 1593 δ’
1437 1534 1529 1592 οὖν
1557 1538 1737 1591 πᾶσαν

1841 1534 2128 1590 hominum
2183 1532 2425 1590 caedibus
2487 1533 2716 1589 inﬁnitis
2775 1536 3057 1591 conciliari
3108 1538 3427 1610 plaearique

201 1640 420 1708 ἐξετάζων
453 1639 772 1711 Ἑλληνικήν
791 1654 851 1691 τε
875 1639 969 1691 καὶ
999 1634 1273 1707 βάρϐαρον
1304 1631 1568 1704 ἱστορίαν,
1592 1632 1737 1693 ὅπως

1841 1634 2148 1682 censerent.
2180 1624 2368 1696 Itaque
2390 1635 2544 1696 pater
2574 1626 2867 1696 unigenam
2902 1628 3097 1695 ﬁlium,
3140 1640 3427 1702 materque

202 1734 334 1805 οἱμὲν
353 1734 494 1797 υἱεῖς,
526 1734 577 1784 οἱ
601 1732 658 1785 δὲ
682 1729 1009 1802 θυγατέρας,
1036 1730 1087 1781 οἱ
1119 1728 1214 1780 καὶ
1239 1726 1380 1795 σφᾶς
1404 1723 1603 1787 αὐτοὺς
1628 1720 1737 1774 τῶν

1842 1717 2066 1774 ﬁliolam
2121 1718 2504 1773 charissimam
2561 1718 2902 1774 daemonibus
2946 1720 3339 1790 immolabant;
3374 1733 3430 1779 et

202 1803 425 1900 δαιμόνων
453 1824 745 1896 καθιὲρουν
776 1823 1007 1887 θυσίαις.
1058 1818 1199 1889 Ἐγὼ
1231 1819 1286 1872 δὲ
1309 1816 1629 1871 καὶτούτων
1649 1813 1737 1868 τὸν

1843 1810 2146 1866 familiares
2172 1810 2623 1881 propinquosque
2656 1826 2810 1878 suos,
2842 1813 3068 1881 perinde
3123 1830 3189 1870 ac
3237 1816 3429 1872 brutas

201 1919 536 1993 καὶπρότερον
575 1917 883 1988 παρίστημι
917 1915 1169 1986 μάρτυρα
1204 1912 1263 1963 ὲν
1294 1912 1409 1973 τοῖς
1443 1909 1650 1971 αὐτοῖς,
1678 1909 1737 1960 ὲν

1845 1904 2167 1973 alienasque
2219 1902 2479 1973 pecudes,
2535 1903 2786 1959 homines
2841 1904 3157 1961 amicissimi
3208 1908 3429 1979 jugula-

198 2008 258 2078 οἷς
281 2013 364 2083 τὴν
389 2013 491 2065 τῶν
532 2010 744 2079 ἀλόγων
785 2007 1118 2079 θρεμμάτων
1153 2004 1368 2067 θυσίαν,
1408 2001 1486 2065 ὡς
1518 1999 1737 2054 ἀνοσίαν

1844 1996 2016 2051 bant;
2049 1996 2298 2065 adeoque
2337 2010 2434 2064 per
2468 1994 2631 2050 urbes
2663 1995 2870 2065 passim
2910 2005 3075 2065 atque
3103 2013 3295 2069 pagos,
3321 2000 3429 2056 diis

200 2107 270 2159 καὶ
292 2104 635 2176 ἀδικωτάτην,
675 2102 1043 2173 ἀπηγόρευσε,
1082 2094 1259 2151 ταῦτα
1284 2093 1566 2164 φάσκοντα
1598 2090 1737 2163 πρὸς

1843 2087 2096 2142 videlicet
2130 2086 2366 2156 egregiis
2411 2085 2742 2141 domesticos
2780 2087 2986 2157 quique
3025 2104 3157 2145 suos
3199 2090 3428 2160 popula—

200 2197 333 2269 ῥῆμα,
1843 2191 2042 2247 resque
2087 2176 2420 2241 mactahant,
2454 2176 2750 2231 humanam
2807 2193 3084 2250 sensuque
3140 2192 3428 2254 cognatam

198 2302 403 2347 naturam
433 2334 449 2359 ,
504 2290 578 2346 ad
634 2300 842 2345 trucem
898 2288 1306 2354 immanemque
1352 2280 1733 2338 crudelitatem
1775 2281 2061 2339 acuentes,
2097 2288 2164 2327 ac
2228 2270 2439 2328 furioso
2493 2287 2728 2343 vereque
2756 2289 2786 2327 a
2813 2273 3154 2333 daemonibus
3215 2278 3430 2336 invecto

199 2399 318 2439 more
337 2387 636 2440 saevientes.
671 2385 983 2447 Enimvero,
1048 2396 1144 2437 seu
1195 2378 1466 2444 Graecam,
1540 2391 1636 2432 seu
1672 2372 1974 2428 Barbaram
2038 2368 2326 2424 historiam
2385 2368 2654 2436 excutias,
2706 2380 2959 2425 occurret
3005 2371 3103 2427 tibi
3139 2377 3427 2442 continuo,

193 2479 613 2548 quemadmodum
679 2479 772 2533 alii
823 2478 990 2541 ﬁlios,
1049 2475 1192 2530 ﬁlias
1231 2473 1348 2537 alii,
1382 2471 1473 2526 alii
1524 2469 1762 2539 denique
1798 2462 2124 2533 semetipsos
2163 2462 2473 2517 daemonum
2529 2461 2817 2518 sacriﬁciis
2866 2461 3217 2520 devoverent.
3265 2465 3419 2531 Quo—

192 2584 289 2625 rum
316 2587 404 2644 ego
435 2581 631 2627 testem
685 2569 739 2624 in
796 2568 954 2639 155
1007 2567 1201 2638 primis
1246 2565 1498 2621 eumdem
1548 2565 1730 2633 ipsum
1809 2557 2059 2630 produco
2090 2554 2481 2626 Porphyrium,
2536 2555 2631 2624 qui
2660 2555 2853 2610 eodem
2893 2569 3079 2626 opere,
3105 2571 3217 2627 quo
3235 2573 3426 2628 exper-

188 2662 299 2719 titnn
318 2666 533 2721 rationis
565 2663 889 2719 animalium
921 2660 1189 2717 sacriﬁcia
1232 2669 1493 2732 tanquam
1520 2656 1730 2713 nefaria
1768 2660 1825 2709 et
1847 2648 2195 2722 iniquissima
2216 2648 2489 2719 prohibet,
2509 2648 2589 2703 sic
2620 2647 2689 2703 ad
2721 2650 2945 2704 verbum
2979 2649 3244 2721 loquitur.

671 2757 1067 2811 ΚΕΦΑΛΑΙΟΝ
1104 2759 1199 2825 ις·
1215 2796 1231 2810 .

2423 2741 2654 2798 CAPUT
2692 2742 2838 2799 XVI.

184 2850 301 2918 Περὶ
326 2848 424 2919 τῆς
454 2849 724 2914 παλαιᾶς
764 2847 1280 2919 ἀνθρωποθυσίας,
1326 2845 1395 2900 ἐκ
1439 2844 1545 2900 τοῦ
1589 2846 1737 2913 Πορ-

1839 2836 1921 2893 De
1958 2836 2180 2907 antiﬂua
2226 2835 2497 2919 hominum
2531 2836 2982 2919 ministrandorum
3025 2839 3427 2907 consuetudine,

578 2904 797 2988 φυρῗου
826 2904 924 2972 κᾶὶ
948 2918 1066 2972 τῶν
1669 2904 1688 2913 ⁷
1709 2920 1717 2931 ⁸

2085 2904 2099 2907 ⁷
2296 2920 2362 2960 ea:
2393 2904 2690 2976 Porphyrio
2726 2916 2775 2961 et
2806 2907 2951 2963 aliis.

252 3032 269 3065 ι
294 3016 395 3069 Kal
437 3016 518 3068 ὅτι
559 3012 741 3067 ταῦτα
786 3012 896 3081 (84)
928 3013 1025 3081 οὐχ
1072 3011 1280 3073 ἁπλῶς,
1322 3008 1458 3063 ἀλλά
1499 3008 1737 3079 πλήρους

1918 3019 2147 3090 cAtque
2195 3019 2249 3073 id
2302 3035 2335 3074 a
2385 3020 2566 3085 nobis,
2627 3021 2824 3091 inquit,
2875 3037 2988 3076 non
3041 3031 3268 3091 temere,
3330 3027 3426 3082 sed

182 3105 323 3177 οὔσης
368 3108 463 3179 τῆς
512 3106 760 3177 ἱστορίας
812 3104 1070 3173 λέγομεν,
1119 3100 1368 3173 αὐτάρκη
1426 3100 1521 3154 καὶ
1569 3100 1737 3155 ταῦτα

242 3216 247 3217 ,
326 3216 337 3217 γ
372 3200 397 3211 -
424 3216 437 3217 γ
560 3197 780 3217 orn}---
832 3195 936 3217 --L_
977 3194 1065 3217 --.Λ
1104 3195 1160 3217 ι-.
1198 3192 1359 3217 ’1)λὲ-.
1395 3191 1518 3217 ......¹.
1560 3192 1711 3217 ιι--.-

1847 3118 2006 3188 plena
2051 3116 2429 3186 exemplorum
2476 3115 2809 3188 suffragante
2850 3118 3077 3173 historia
3107 3122 3426 3188 memorari,

187 3200 516 3270 παραστῆσαι.
560 3197 789 3251 Ἐθύετο
832 3195 938 3265 γὰρ
977 3194 1069 3247 καὶ
1102 3195 1160 3245 ὲν
1198 3192 1362 3263 Ῥόδῳ
1394 3191 1524 3261 μηνὶ
1560 3192 1737 3245 Μετα-

1845 3209 2015 3274 satis,
2075 3222 2199 3278 quae
2252 3207 2517 3277 subjicio,
2573 3210 3028 3280 comprobabunt.
3091 3210 3229 3267 Nam
3283 3214 3429 3284 apud

184 3290 418 3357 γειτνιῶνι
469 3292 608 3363 ἔκτη
674 3287 963 3357 ἱσταμένου
1005 3284 1290 3355 ἄνθρωπος
1332 3282 1413 3353 τῷ
1453 3283 1680 3355 Κρόνῳ·
1713 3282 1737 3336 a

1845 3309 2090 3366 Rhodios
2120 3311 2301 3380 primo
2338 3310 2556 3381 quidem
2586 3312 2652 3365 ad
2693 3312 2836 3367 diem
2870 3312 3004 3368 Julii
3045 3325 3282 3383 sextum,
3320 3282 3427 3372 ho-

187 3380 238 3453 δή
270 3383 479 3437 ἐπιπολὺ
517 3382 806 3455 κρατῆσαν
846 3379 963 3442 ἔθος
1003 3377 1304 3449 μετεϐλήθη
1326 3393 1340 3406 ·
1370 3376 1468 3430 ἕνα
1496 3376 1606 3448 γὰρ
1632 3376 1737 3430 τῶν

1843 3406 2047 3463 minem
2097 3402 2336 3460 Saturno
2382 3405 2773 3473 immolabant;
2804 3405 3002 3464 deinde
3048 3423 3179 3465 vero
3216 3398 3425 3468 morem

187 3472 260 3527 ἐπὶ
288 3474 489 3545 θανάτῳ
520 3472 766 3545 δημοσίᾳ
793 3470 1253 3542 κατακριθέντων,
1279 3470 1439 3540 μέχρι
1462 3470 1572 3523 τῶν
1594 3470 1737 3540 Κρο-

1846 3494 2291 3565 antiquissimum
2328 3496 2399 3549 ita
2451 3505 2756 3563 mutarunt,
2798 3505 2859 3552 ut
2902 3513 2967 3552 ex
3002 3498 3069 3554 iis
3102 3488 3296 3566 unum,
3329 3501 3427 3571 qui

189 3563 289 3618 νίων
311 3570 544 3638 συνεῖχον
563 3584 576 3596 ·
612 3564 883 3634 ἐνστάσης
920 3563 977 3616 δὲ
1009 3563 1108 3634 τῆς
1153 3564 1370 3635 ἑορτῆς,
1397 3561 1737 3634 προαγαγόν-

1843 3596 2018 3643 morte
2063 3587 2308 3644 damnati
2344 3588 2556 3655 publice
2606 3561 2808 3657 forent,
2861 3591 3108 3646 vinclum
3153 3561 3426 3663 nsque-ad

188 3668 258 3715 τες
281 3654 360 3709 τὸν
382 3656 675 3728 ἄνθρωπον
720 3652 825 3717 ἔξω
862 3652 1075 3720 πυλῶν,
1114 3653 1343 3724 ἀντικρὺ
1371 3652 1465 3706 τοῦ
1499 3653 1744 3723 Ἀριστο-

190 3742 350 3817 6ούλης
372 3747 541 3813 ἔδους,
583 3746 734 3800 οἴνου
778 3745 1097 3807 ποτίσαντες
1130 3743 1411 3813 ἔσφαττον.
1450 3744 1540 3797 Ἐν
1575 3743 1633 3796 δὲ
1671 3746 1739 3814 τῇ

185 3835 260 3887 νῦν
295 3839 577 3910 Σαλαμῖνι,
620 3838 890 3910 πρότερον
932 3837 985 3890 δὲ
1023 3836 1306 3908 κορωνείᾳ
1335 3836 1447 3907 (85)
1474 3833 1740 3905 ὀνομάζω

189 3927 313 4002 μένῃ,
364 3933 490 4003 μηνὶ
526 3931 678 3985 κατά
718 3929 998 4001 Κυπρίους
1046 3929 1369 4001 Ἀφροδισίῳ
1419 3927 1609 3981 ἐθύετο
1648 3927 1742 3982 άν-

188 4019 362 4091 θρωπος
407 4029 477 4097 τῇ
539 4024 832 4095 Ἀγραύλῳ
891 4025 959 4095 τῇ
1019 4024 1307 4095 Κέκροπος
1369 4022 1466 4074 καὶ
1522 4019 1741 4090 νύμφης

196 4113 515 4187 ’Δγραυλίδος.
553 4119 671 4172 Καὶ
690 4117 905 4187 διέμενε
933 4116 995 4169 τὸ
1019 4115 1137 4179 ἔθος
1159 4114 1287 4187 ἄχρι
1314 4113 1423 4167 τῶν
1447 4113 1741 4183 Διομήδους

186 4206 384 4275 χρόνων
423 4204 545 4263 εἶτα
582 4206 906 4280 μετέϐαλεν,
940 4205 1080 4259 ὥστε
1122 4204 1202 4277 τῷ
1227 4203 1476 4276 Διομήδει
1513 4203 1606 4256 τὸν
1645 4202 1739 4256 ἄν·

186 4292 363 4366 θρωπον
405 4300 660 4354 θύεσθαι.
708 4300 828 4368 Ὑφ’
879 4298 976 4352 ἕνα
1021 4297 1080 4350 δὲ
1129 4294 1414 4367 περίϐολον
1464 4293 1494 4346 ὅ
1538 4309 1598 4345 τε
1639 4292 1741 4363 τῆς

194 4364 386 4460 Ἀθηνᾶς
410 4392 576 4455 νεὼς,
617 4390 718 4444 καὶ
753 4364 915 4460 ό-τῆς
962 4364 1263 4458 Ἀγραύλου
1301 4384 1395 4439 καὶ
1418 4382 1737 4452 Διομήδους.

1842 4380 1967 4421 cum
2005 4365 2073 4420 ad
2103 4364 2381 4421 Diomedis
2412 4381 2590 4435 usque
2618 4376 2866 4435 tempora
2891 4377 3226 4439 propagatus
3249 4380 3427 4431 esset,

193 4479 239 4531 '0
370 4482 829 4554 σφαγιαζόμενος,
871 4456 983 4534 ’ὑπὸ
1028 4456 1134 4531 τῶν
1184 4475 1401 4548 ἐφήϐων
1449 4473 1736 4545 ἀγόμενος,

1842 4456 1917 4511 ita
1960 4457 2217 4526 deinceps
2259 4465 2503 4512 mutatus
2532 4467 2635 4523 est,
2669 4467 2730 4512 ut
2760 4456 3007 4514 Diomedi
3040 4459 3319 4515 hominem
3376 4462 3434 4514 il-

183 4571 278 4641 τρὶς
315 4529 547 4647 πρῖἐθει
577 4529 709 4628 Ἢτζν
759 4529 969 4644 βωμόν*
1020 4529 1238 4625 ἔπειτα⁸
1270 4529 1300 4621 ό
1346 4529 1525 4640 ἱερεὺς
1557 4529 1734 4620 ἀὐτὸν

1846 4546 1959 4601 lum
1993 4546 2366 4611 immolarent,
2397 4563 2521 4602 cum
2549 4546 2807 4612 Palladis,
2838 4549 3084 4620 Agrauli,
3118 4565 3183 4605 ac
3208 4548 3435 4605 Diome—

184 4659 317 4736 λόγχῃ
347 4665 499 4720 ἔπαιε
550 4664 703 4719 κατά
743 4662 841 4716 τοῦ
878 4661 1175 4733 στομάχου,
1210 4659 1305 4713 καὶ
1353 4657 1527 4721 οὕτως
1566 4656 1730 4710 αὑτὸν

1840 4651 1929 4706 dis
1976 4650 2238 4721 templum
2272 4667 2382 4706 uno
2411 4653 2718 4723 eodemque
2755 4655 2963 4711 ambitu
2994 4664 3299 4712 teneretur.
3332 4658 3429 4709 At-

184 4751 255 4806 ὲπὶ
276 4755 362 4830 τήν
387 4757 648 4829 νηθείσαν
688 4754 870 4826 πυρὰν
907 4751 1282 4818 ὼλοκαύτιζον.
1332 4749 1532 4804 Τοῦτον
1560 4748 1617 4801 δὲ
1643 4750 1734 4801 τὸν

1839 4759 1945 4814 que
1990 4744 2063 4808 is,
2094 4758 2256 4813 quem
2296 4744 2362 4798 ad
2408 4744 2741 4801 sacriﬁcium
2777 4745 3136 4812 destinarant,
3176 4747 3421 4816 primum

184 4844 346 4919 θεσμὸν
371 4853 613 4922 Διίφιλος
646 4850 759 4922 (86)
787 4852 816 4903 ὁ
849 4848 949 4919 τῆς
995 4846 1224 4919 Κύπρου
1270 4844 1520 4915 βασιλεὺς
1568 4842 1734 4896 κατέ-

1839 4836 2057 4906 quidem
2109 4836 2537 4891 adolescentium
2586 4837 2841 4892 manibus
2876 4846 2956 4892 ter
2994 4838 3201 4893 circum
3245 4838 3420 4892 altare

184 4935 302 5006 hac,
326 4945 460 4999 κατὰ
485 4946 621 5009 τοὺς
647 4942 912 4996 Σελεύκου
947 4940 1173 5011 χρόνους
1212 4937 1307 4991 τοῦ
1341 4936 1593 5004 θεολόγου
1621 4936 1734 5005 (87)

1839 4931 2041 4986 cursim
2075 4930 2343 5000 agebant;
2377 4929 2575 4984 deinde
2598 4944 2628 4984 a
2659 4929 2946 4985 sacerdote
2971 4929 3039 4984 ad
3068 4930 3414 4986 stomachum

1845 3691 2157 3749 Saturnalia
2204 3693 2563 3760 custodirent,
2608 3709 2845 3765 eumque
2876 3695 2943 3749 ad
2988 3696 3251 3752 solemnis
3299 3695 3425 3753 festi

1842 3788 1985 3844 diem
2029 3795 2182 3842 extra
2224 3796 2414 3858 portas
2460 3788 2741 3855 eductum,
2775 3790 3010 3860 vinoque
3061 3788 3363 3856 madidum,
3395 3806 3428 3846 θ

1841 3879 2064 3952 regione
2088 3881 2220 3937 mdis
2244 3881 2446 3951 Optimi
2482 3880 2713 3937 Consilii
2743 3883 3075 3955 jugularent.
3122 3882 3425 3949 Salamine,

1842 3990 1903 4036 ut
1940 3981 2159 4052 quidem
2197 3980 2358 4037 hodie
2386 3992 2603 4048 vocant,
2655 4000 2777 4055 quae
2809 3986 2962 4055 prius
2991 3984 3232 4041 Coronea
3276 3986 3429 4043 dice-

1840 4072 2024 4139 batur,
2077 4090 2267 4130 mense
2318 4074 2539 4141 Martio,
2587 4090 2750 4145 quem
2799 4076 3188 4147 Aphrodisium
3238 4076 3427 4151 Cyprii

1841 4166 2150 4232 nominant,
2189 4166 2430 4238 Agraulo
2474 4167 2737 4238 Cecropis
2764 4172 3127 4241 nymphaeque
3172 4170 3428 4241 Agrauli-

1841 4257 1928 4313 dis
1984 4258 2112 4313 ﬁliae
2164 4258 2443 4314 hominem
2492 4274 2713 4329 quoque
2763 4261 3099 4318 mactahant.
3149 4261 3256 4329 Qui
3305 4277 3426 4320 mos

240 5120 329 5189 (84)
360 5126 467 5179 Kal
494 5125 589 5178 ὅτι
616 5122 829 5176 ταῦτα.
878 5119 953 5174 Ex
983 5119 1104 5175 eod.
1164 5117 1201 5170 Ι.
1238 5133 1299 5189 ῃ,
1334 5116 1475 5189 ῌξρὶ
1510 5115 1728 5189 axoxu

1839 5089 2131 5189 tanta;
2156 5082 3422 5189 eisin-messenii.immersti};33.111:

184 5202 227 5255 ν.
240 5154 334 5248 ‘i’ii
360 5154 527 5250 ’ἑῖἕὲ
536 5154 1205 5248 ⁶ἐιιῖἶῗνέιῗιὶιίῑέἶη⁹ὶὲἶίάὲἱ
1233 5154 1475 5256 ain-iiiis?
1489 5154 1731 5256 nam
1835 5154 2139 5256 ἓῦἓὲηίὲυξὲ
2156 5154 3416 5256 ‘ng‘3’2!1“.'1‘.‘3§3.‘.‘f.“‘i€uﬂfl‘1‘i33939331123.“

186 5223 1329 5326 iisii'.$'.‘.’.3‘1ﬁ‘,"‘iai’f'i‘F‘éznii‘“ista:
1344 5223 1469 5379 ’ἐξω
1488 5223 1727 5308 ἦὲῗξὸὶί.

186 5327 356 5379 Graecis
383 5334 585 5379 Latini-
617 5334 737 5379 2-1-
774 5333 828 5379 Δ-
860 5346 917 5379 n-
966 5329 1095 5379 598.
1130 5329 1330 5379 colum.
1403 5367 1418 5379 .
1449 5324 1542 5379 sed
1581 5339 1731 5379 quae-

1839 5223 2032 5286 nomeri
2058 5238 2142 5283 est
2175 5223 2458 5296 ιλιίφιλος
2485 5240 2691 5289 rarum,
2725 5225 2980 5293 Διάφιλος
3008 5225 3098 5278 vix
3138 5223 3414 5281 auditum.

1912 5299 2022 5372 (87)
2072 5296 2514 5379 zelezixovntoﬁ
2562 5295 2870 5379 άερλόγου.
2913 5293 3009 5348 Ille
3053 5293 3191 5379 ipse,
3225 5295 3413 5359 credo,

186 5293 1330 5440 Ξέέλξῗὲἑὲἓὲἒζξέέἷζιι’ὶῖὲδένἐῖίιῖ
1363 5293 1425 5391 ἕξ
1581 5293 1731 5394 qi;
1835 5293 3413 5440 εεέξῑιπξιίυξιξιτιιιῖηξῖςιξξιου,ιιξωιιῖξς.,ιντο

1836 5432 2056 5505 οει,ὀ‹1
2090 5438 2498 5493 distinctionem
2549 5436 2776 5505 alterius
2829 5432 3092 5488 Emiseni.
3145 5432 3413 5505 Eumdem

1835 5504 2106 5579 Homerici
2135 5516 2558 5579 cognomentum
2616 5504 2875 5579 habuisse
2929 5505 3114 5579 tradit,
3163 5513 3329 5574 atque
3358 5504 3416 5558 in

1834 5596 2027 5635 omnes
2063 5578 2176 5634 fere
2204 5572 2398 5648 poetas
2427 5575 2853 5648 commentarios
2881 5572 3143 5648 edidisse,
3184 5572 3416 5648 seprae-

1838 5660 1920 5705 ter
1946 5652 2085 5705 alios
2112 5640 2420 5718 plerosque,
2436 5654 2653 5701 centum
2686 5640 3192 5718 dediisscripsisse
3217 5640 3409 5700 libros.

1836 5719 1994 5775 Unde
2035 5712 2333 5776 verisimile
2380 5726 2486 5785 est,
2553 5730 2677 5771 eum
2731 5712 3032 5786 Theologi’
3062 5730 3265 5772 nomen
3316 5729 3411 5771 ace

247 5792 681 5898 (ﬂuidam;
732 5822 878 5879 Alter
917 5836 985 5888 ex
1036 5818 1397 5889 manuscrip.,
1450 5814 1724 5886 Διάφιλος.

1839 5792 2062 5864 cepisse.

186 5398 283 5455 dim
305 5398 526 5461 subinde
555 5413 791 5458 resecat.

242 5474 335 5545 (85)
362 5477 686 5544 Κορωνείᾳ.
743 5472 928 5545 Cyrill.
979 5479 1056 5545 (ξιΔ
1074 5467 1378 5545 Ροτρὶητ..
1439 5463 1725 5534 Κορωνίδι.

188 5536 408 5616 Stephani
434 5536 710 5615 Ερὶιοήιη
731 5536 993 5616 Κορώνην
1025 5536 1588 5616 salaminisupartcm
1609 5549 1731 5616 esse

187 5604 275 5677 ait;
304 5604 617 5688 κορωνείας
642 5628 772 5667 vero
801 5604 999 5688 nomen
1025 5608 1174 5688 ‘aliis
1222 5606 1466 5688 urbibus
1503 5604 1728 5688 tribuit;

187 5694 236 5752 gr
261 5675 445 5752 quibus
472 5675 665 5741 tamen
702 5699 861 5738 unam
922 5683 978 5737 in
1017 5680 1196 5752 Cypro
1244 5675 1493 5742 collocat,
1537 5675 1629 5728 ubi
1677 5683 1733 5729 et
