3850 6222
407 344 515 401 275

413 554 627 607 theatra
658 560 1039 622 personarunt.
1077 550 1279 608 Scribit
1302 553 1467 608 etiam
1500 552 1772 609 Monimus
1804 554 1857 607 in
1885 570 1987 609 suo

413 644 493 699 De
519 645 672 698 rebus
714 643 1120 698 admirabilibus
1151 647 1568 710 commentario,
1599 646 1759 702 Pellae
1788 646 1987 716 oppido

415 735 733 798 Thessaliae,
791 735 1070 790 hominem
1123 735 1391 791 Achivum
1439 736 1599 791 Peleo
1659 747 1713 793 et
1760 736 1987 794 Chironi

414 825 642 881 mactari
673 825 1043 880 consuevisse.
1077 825 1123 879 Α
1149 824 1353 898 Lyctiis
1394 843 1523 881 vero
1574 827 1749 883 Cretae
1794 828 1986 886 insulae

415 914 633 984 populis
659 912 781 967 Jovi
811 914 1064 970 homines
1111 914 1351 985 jugulari
1406 917 1619 983 solitos,
1672 926 1861 972 auctor
1903 929 1987 975 est

415 1004 737 1068 Anticlides,
791 1004 847 1058 in
904 1019 991 1072 eo,
1031 1020 1194 1075 quem
1224 1004 1443 1060 Reditus
1475 1007 1772 1076 inscripsit,
1804 1025 1984 1079 opere.

412 1092 655 1163 Itemque
699 1091 914 1148 Baccho
961 1092 1196 1147 similem
1245 1108 1277 1146 a
1326 1091 1540 1148 Lesbiis
1578 1094 1817 1148 oblatam
1866 1109 1988 1150 esse

414 1181 689 1236 victimam
714 1196 781 1236 ex
813 1179 1013 1236 Dosida
1038 1182 1444 1250 cognoscimus.
1479 1181 1834 1239 Phocaeenses
1854 1198 1990 1253 quo-

414 1289 541 1342 que,
572 1288 639 1327 ne
666 1273 929 1342 praeteriti
960 1288 992 1327 a
1018 1274 1178 1328 nobis
1205 1275 1514 1341 videantur,
1544 1276 1822 1331 hominem
1849 1278 1989 1333 inte-

411 1380 570 1428 grum
606 1363 856 1420 Taurica:
886 1363 1071 1419 Dianae
1119 1366 1457 1433 cremabant,
1489 1375 1548 1421 ut
1584 1369 1739 1423 testis
1779 1379 1861 1423 est
1887 1368 1989 1440 Py-

413 1457 625 1513 thoclcs
679 1458 819 1512 libro
876 1456 953 1511 De
999 1458 1281 1512 concordia
1339 1459 1520 1514 tertio.
1581 1459 1734 1515 Adde
1794 1462 1880 1515 his
1936 1471 1991 1516 et

415 1546 783 1602 Erechtheum
831 1545 1095 1613 Atticum,
1145 1558 1199 1602 et
1249 1547 1556 1603 Romanum
1603 1549 1858 1618 Marium,
1895 1553 1989 1622 qui

417 1652 548 1692 suas
583 1637 745 1691 ambo
797 1636 937 1692 tilias
968 1637 1344 1703 immolarunt,
1373 1639 1739 1710 Persephonae
1769 1643 1988 1712 quidem

418 1726 775 1792 Erechtheus,
803 1737 861 1782 ut
881 1729 1022 1798 apud
1050 1728 1398 1785 Demaratum
1429 1733 1607 1801 primo
1636 1732 1831 1787 Rerum
1878 1744 1991 1787 tra-

1081 345 1351 402 EUSEBll
1377 346 1856 407 CESAPJENSIS
1886 350 2039 408 OPP.
2078 347 2260 405 PARS
2292 347 2359 403 ll.
2392 378 2464 389 —
2494 345 2993 402 APOLOGETICA.

410 461 618 525 labant,
645 458 845 529 quibus
874 458 1160 514 sacriﬁciis
1192 460 1394 530 tragica
1454 463 1654 532 saepius
1704 463 1979 534 Euripidis

2109 462 2273 515 Ιυσίαν
2305 460 2544 523 Δωσίδας
2565 459 2643 531 (1)
2672 458 2839 528 λέγει.
2867 457 3112 520 Φωκαεῖς
3146 454 3221 528 (2)
3264 457 3323 511 δὲ
3346 498 3361 523 ,

3561 345 3668 401 276

3407 458 3529 512 οὐδὲ
3561 460 3670 533 γὰρ

2089 555 2285 618 αὐτοὺς
2340 551 2742 622 ἀποπέμψομαι
2815 549 2931 619 (5),
2987 549 3212 613 τούτους
3278 549 3560 620 Πυθοκλῆς
3609 555 3670 605 ὲν

2087 645 2254 716 τρίτῳ
2286 644 2427 712 Περὶ
2463 643 2745 712 ὁμονοίας
2772 644 2839 712 τῇ
2873 641 3209 712 Ταυροπόλῳ
3267 640 3540 714 Ἀρτέμιδι
3572 643 3671 696 ἀν·-

2089 734 2305 805 θρωπον
2330 733 2644 787 ὁλοκαυτεῖν
2675 733 2894 803 ἱστορεῖ.
2943 730 3230 802 Ἐρεχθεὺς
3261 731 3318 784 δὲ
3339 733 3368 785 6
3408 733 3669 792 Ἀττικὸς,

2089 826 2183 879 καὶ
2216 825 2426 896 Μάριος
2457 826 2532 895 (4)
2567 826 2595 876 6
2633 825 2902 893 Ῥωμαῖος
2944 822 3046 887 τὰς
3078 822 3257 875 αὐτῶν
3285 822 3550 895 ὲθυσάτην
3580 824 3675 878 θυ-

2088 919 2326 993 γατέρας
2346 936 2358 949 ’
2392 912 2468 971 ὧν
2488 919 2517 971 6
2555 918 2651 988 μὲν
2682 919 2748 989 τῇ
2776 917 3112 988 Φερεφάττιις
3152 916 3227 980 ὡς
3263 917 3585 989 Δημάρατος
3614 923 3674 973 ὲν

2089 1008 2280 1083 πρώτῃ
2327 1006 2852 1078 Τραγῳδουμένων,
2886 1009 2914 1060 6
2946 1006 3004 1059 δὲ
3032 1009 3147 1069 τοῖς
3195 1007 3608 1079 Ἀποτροπαίοις
3645 1010 3675 1061 6

2088 1103 2297 1173 Μάριος
2343 1100 2458 1171 (5),
2494 1100 2570 1161 ὡς
2595 1097 2869 1169 Δωρόθεος
2905 1098 2962 1150 ἐν
2994 1099 3060 1168 τῇ
3088 1097 3320 1168 τετάρτῃ
3375 1097 3674 1152 Ἰταλικῶν

2090 1194 2312 1264 ἱστορεῖ.
2347 1189 2725 1260 Φιλάνθρωποί
2749 1204 2813 1257 γε
2841 1190 2907 1241 ἐκ
2932 1188 3137 1241 τούτων
3171 1187 3588 1256 καταφαίνονται
3622 1191 3676 1242 οἱ

2087 1282 2339 1353 δαίμονες
2358 1297 2373 1311 ·
2399 1279 2516 1343 πῶς
2558 1279 2615 1332 δὲ
2644 1279 2745 1331 οὐκ
2781 1277 2983 1331 ἀνόσιοι
3012 1276 3289 1346 ἀναλόγως
3329 1276 3403 1349 (6)
3436 1279 3484 1330 οἱ
3510 1277 3676 1331 δεισι-

2087 1372 2358 1443 δαίμονες,
2389 1372 2437 1424 oi
2485 1370 2582 1441 μὲν
2610 1369 2854 1439 σωτῆρες
2890 1368 3324 1439 ὲπιφημούμενοι
3347 1408 3361 1432 ,
3396 1368 3443 1420 οἱ
3476 1367 3534 1421 δὲ
3567 1384 3677 1421 σω-

2089 1463 2286 1534 τηρίαν
2327 1462 2635 1533 αἰτούμενοι
2680 1458 2831 1531 παρὰ
2873 1459 2979 1512 τῶν
3015 1459 3315 1512 ἐπιϐούλων
3359 1460 3673 1532 σωτηρίας;

2095 1552 2415 1624 Καλλιερεῖν
2441 1550 2573 1620 γοῦν
2599 1550 2927 1614 τοπάζοντες
2952 1551 3153 1614 αὐτοῖς,
3204 1552 3347 1620 σφᾶς
3374 1552 3568 1615 αὐτοὺς
3590 1551 3675 1604 λε-

2091 1642 2317 1712 λήθασιν
2351 1642 2788 1712 ἀποσφάττοντες
2806 1641 2904 1698 ἀνθ
2915 1640 3147 1712 ρώπους.
3170 1642 3245 1695 Οὐ
3274 1642 3382 1714 γὰρ
3404 1640 3496 1697 οὖν
3522 1645 3678 1716 παρά

2090 1734 2182 1787 τὸν
2213 1733 2383 1787 τόπον
2413 1735 2606 1806 ἱερεῖον
2638 1734 2847 1803 γίνεται
2875 1737 2904 1788 6
2936 1733 3122 1803 φόνοςο
3149 1733 3270 1786 οὐδ’
3308 1737 3357 1788 εἰ
3403 1734 3678 1807 Ἀρτέμιδί

417 1821 654 1889 gicarum
679 1821 818 1876 libro
849 1820 1114 1891 legimus;
1148 1821 1482 1880 Averruncis
1528 1834 1709 1881 autem
1763 1825 1988 1894 Marius,

2109 1844 2177 1891 εις
2211 1827 2323 1887 καὶ,
2355 1826 2438 1879 Διί
2485 1829 2543 1881 ὲν
2575 1827 2703 1898 ἱερῷ
2727 1826 2884 1897 δῆθεν
2904 1828 3089 1899 χωρίῳ
3125 1822 3322 1898 μᾶλλον
3348 1828 3382 1899 ἢ
3410 1830 3544 1899 ὀργῇ
3579 1829 3682 1883 καὶ

420 1921 478 1967 ιιι
509 1926 579 1968 ex
604 1921 802 1982 quarto
834 1913 1086 1970 Dorothei
1112 1915 1308 1970 Rerum
1343 1915 1662 1973 Italicarum
1696 1920 1837 1975 libro
1861 1936 1991 1976 con—

418 2009 546 2058 stat.
604 2002 979 2061 Perhumanos
1053 2009 1262 2087 scilicet
1303 2023 1367 2063 ac
1395 2010 1777 2067 misericordes
1807 2028 1991 2067 exem-

418 2094 525 2164 plis
561 2095 682 2151 istis
710 2097 976 2153 habemus
1023 2099 1318 2163 daemones.
1349 2100 1548 2166 Quidni
1576 2118 1705 2158 vero
1754 2105 1989 2160 similem

419 2192 476 2244 in
516 2190 739 2244 modum
780 2192 1036 2263 religiosa
1080 2203 1378 2264 sanctaque
1435 2194 1740 2250 habeantur
1791 2172 1993 2251 daemo-

421 2300 552 2338 num
585 2286 880 2356 mancipia,
915 2301 1009 2341 seu
1040 2303 1164 2357 quae
1211 2289 1340 2342 boni
1374 2288 1576 2345 ominis
1613 2305 1779 2345 causa
1809 2304 1995 2345 serva-

419 2384 570 2430 tores
597 2375 720 2431 illos
741 2376 1035 2445 appellant.
1071 2376 1234 2447 158
1258 2393 1352 2431 seu
1380 2391 1500 2444 quae
1526 2378 1757 2432 salutem
1790 2393 1820 2432 a
1845 2377 1994 2432 salu-

2098 1918 2428 1991 φιλαργυρίᾳ
2457 1918 2557 1991 (7),
2580 1920 2757 1983 ἄλλοις
2782 1920 2982 1990 ὁμοίως
3008 1920 3254 1990 δαίμοσιν
3297 1920 3389 1972 ἐπὶ
3413 1919 3627 1989 βωμοῖς,
3643 1920 3679 1991 ἢ

2092 2016 2152 2066 ὲν
2181 2013 2322 2076 ὁδοῖς
2361 2013 2696 2083 ἀποσφάττοι
2722 2013 2812 2066 τὸν
2849 2013 3132 2085 ἄνθρωπον
3172 2012 3237 2066 ἂν
3290 2014 3432 2084 ἱερὸν
3480 2014 3682 2083 ἱερεῖον

2093 2105 2435 2177 ἐπιφημίσας
2454 2122 2467 2136 ⁸
2503 2105 2638 2159 ἀλλά
2662 2106 2820 2175 φόνος
2842 2106 2958 2159 ἐστὶ
2988 2106 3081 2158 καὶ
3106 2105 3465 2179 ἀνδροκτασία
3490 2108 3524 2177 ἡ
3558 2122 3680 2158 τοι-

2095 2195 2233 2266 αύτη
2266 2195 2443 2251 θυσία.
2479 2197 2623 2268 Τίδὴ
2657 2192 2770 2260 οὖν,
2789 2190 2833 2249 ὧ
2859 2195 3160 2264 σοφώτατοι
3193 2196 3299 2250 τῶν
3326 2197 3499 2250 ἄλλων
3524 2197 3685 2261 ζώων

2094 2285 2394 2356 ἄνθρωποι,
2423 2284 2492 2339 τά
2524 2286 2620 2357 μὲν
2643 2285 2808 2358 θηρία
2830 2285 3182 2354 πεφεύγαμεν
3209 2285 3281 2356 (8)
3314 2286 3383 2340 τά
3403 2287 3685 2357 ἀνήμερα,

2096 2378 2196 2433 κάν
2219 2395 2323 2431 που
2348 2377 2781 2450 περιτύχωμενῆ
2806 2377 2991 2450 ἄρκτῳ
3010 2377 3043 2447 ἢ
3064 2376 3262 2442 λέοντι,
3276 2377 3683 2449 ἐκτρεπόμεθα,

418 2470 491 2524 tis
513 2470 922 2527 insidiatoribus
954 2472 1332 2542 deprecantur.
1377 2471 1667 2528 Enimvero
1694 2473 1822 2527 dum
1848 2472 1968 2528 istis
2002 2472 2157 2528 litare
2217 2488 2337 2528 sese
2393 2474 2707 2541 Opinantur,
2739 2472 2992 2527 homines
3023 2473 3090 2525 ab
3123 2486 3244 2526 sese
3268 2470 3507 2541 jugulari
3563 2486 3685 2526 non

421 2562 684 2631 cogitant.
739 2563 904 2634 Atqui
956 2578 1065 2618 non
1128 2564 1284 2620 locus
1339 2562 1583 2633 profecto
1633 2565 1871 2620 hostiam
1925 2579 1992 2620 ex
2028 2565 2319 2634 parricidio
2347 2563 2514 2620 facit:
2552 2580 2653 2619 nec
2683 2564 2729 2620 si
2765 2563 2953 2618 Diana:
3011 2562 3135 2632 quis
3168 2571 3262 2617 aut
3329 2560 3449 2616 Jovi
3479 2560 3669 2631 potius

404 2658 474 2711 .in
505 2658 622 2714 loco
648 2674 828 2724 sacro,
859 2675 1024 2730 quam
1061 2660 1106 2716 si
1152 2660 1273 2715 aliis
1317 2661 1370 2715 id
1416 2675 1587 2731 genus
1621 2660 1981 2725 daemonibus,
2021 2662 2105 2715 vel
2135 2661 2203 2716 ad
2234 2676 2407 2727 aram,
2438 2660 2523 2715 vel
2548 2659 2604 2714 in
2662 2658 2838 2714 triviis
2896 2657 3198 2719 hominem,
3225 2671 3319 2710 seu
3353 2654 3661 2721 iracundia,

419 2765 517 2806 seu
583 2752 829 2821 pecunim
880 2754 1177 2824 cupiditate
1229 2764 1540 2810 commotus
1606 2756 1893 2827 jugularit,
1948 2770 2159 2812 sacram
2217 2756 2496 2811 victimam
2545 2754 2775 2825 appellet
2823 2752 2971 2807 licet.
3032 2750 3392 2807 Parricidium
3447 2750 3677 2804 omnino

418 2853 502 2900 est
530 2846 634 2901 tale
677 2846 1028 2903 sacriﬁcium.
1060 2847 1199 2916 Quid
1232 2849 1398 2919 igitur
1423 2864 1604 2905 causa:
1635 2859 1737 2916 est,
1802 2865 1922 2918 vos,
1954 2865 1989 2905 ο
2025 2850 2275 2905 homines
2342 2848 2702 2904 animantium
2749 2845 2994 2902 omnium
3036 2841 3442 2914 sapientissimi,
3481 2856 3684 2910 quam-

420 2938 610 2991 obrem
660 2955 784 2993 cum
832 2940 1100 2995 immanes
1133 2939 1277 2995 feras
1303 2941 1439 2995 adeo
1474 2940 1681 3012 fugere,
1710 2955 1775 2998 ac
1802 2941 1977 2999 sicubi
2013 2940 2100 2997 vel
2149 2940 2206 2995 in
2250 2955 2442 2996 ursum
2469 2939 2552 2994 vel
2588 2940 2644 2993 in
2697 2938 2911 2994 leonem
2947 2935 3323 3001 inciderimus,
3375 2932 3524 2989 illico
3566 2933 3666 2987 de-

422 3031 627 3086 clinare
663 3034 962 3098 soleamus,

500 3125 569 3180 Ut
597 3128 714 3197 quis
742 3129 1026 3182 ceruleum
1059 3130 1105 3184 si
1146 3129 1283 3199 forte
1314 3133 1575 3201 aspexerit
1607 3149 1852 3204 anguem,

499 3259 766 3315 Continuo
790 3261 984 3327 resilit,
1018 3262 1364 3333 membrisque
1396 3281 1589 3334 pavore
1616 3265 1831 3332 solutis,

502 3394 651 3447 Aerii
677 3409 786 3448 sese
810 3394 1004 3448 montis
1038 3393 1172 3448 valle
1198 3395 1346 3449 abdit
1375 3396 1428 3449 in
1461 3395 1575 3448 alta
1608 3410 1627 3448 :

442 3501 563 3552 vos,
603 3486 695 3557 qui
729 3485 976 3541 exitiales
1018 3500 1082 3540 ac
1113 3485 1401 3556 pestiferos
1430 3487 1705 3543 daemones
1754 3487 2000 3543 insidiari

432 3581 772 3645 hominibus,
820 3595 1122 3651 eorumque
1165 3595 1462 3636 succensos
1505 3580 1651 3647 odio,
1710 3580 1847 3635 nihil
1895 3581 2000 3637 nisi

507 3718 582 3789 (-l)
614 3720 898 3785 Δωσίδης.
945 3717 1166 3789 Ignotus
1197 3717 1327 3771 mihi
1351 3725 1434 3773 est
1479 3717 1569 3789 hic
1611 3725 1820 3789 auctor.
1859 3715 2004 3789 Tan-

435 3786 569 3841 lum‘
597 3790 739 3859 apud
790 3790 945 3859 Suid.
982 3786 993 3789 V
1029 3789 1238 3857 reperio
1300 3787 1636 3859 Δωσιάδης,
1700 3787 1868 3859 ὄνομα
1907 3786 2006 3847 κύ-

437 3874 575 3929 ριον.
597 3857 816 3929 Ignotus
849 3870 902 3914 et
932 3858 1234 3929 Pythocles,
1260 3858 1350 3929 qui
1387 3858 1654 3925 sequitur.

511 3929 588 3999 (2)
621 3916 926 3995 υΦωκαεῖς.
959 3916 1201 3999 Ριξξι-νει..
1225 3916 1565 3988 Phocenses,
1621 3926 1790 3999 credo
1814 3940 2007 3995 opera-

433 3995 784 4054 rumcrrore.
847 3999 1089 4056 Φώκαια.
1133 3998 1379 4064 Phocaea,
1407 3999 1538 4052 urbs
1593 3999 1644 4051 in
1680 3995 1851 4056 lonia,
1906 4012 2007 4050 cu-

429 4068 521 4130 jus
549 4069 694 4122 cives
747 4071 1011 4134 Φωκαεῖς,
1062 4069 1328 4122 interdum
1381 4068 1542 4121 etiam
1604 4069 1889 4128 Φωκαιεῐς,
1946 4075 2007 4120 ιιι

435 4137 743 4261 “inargute,
775 4138 1129 4205 Phocaenses,
1153 4149 1243 4192 aut
1276 4138 1510 4192 Phocwi.
1532 4136 1782 4192 Horatius
1809 4136 2002 4204 Epod.,

437 4221 471 4261 ο
512 4239 528 4254 ι
633 4227 645 4261 :

437 4221 645 4261 οασιοε

1171 4277 1514 4332 Phocaeorum

590 4345 745 4418 Velut
763 4348 996 4418 profugit
1020 4360 1291 4402 exsecrata
1321 4350 1526 4401 civitas.

435 4416 635 4482 Φωκίς,
669 4415 878 4488 Phocis,
920 4415 1137 4473 Achaia}
1164 4419 1344 4488 regio;
1380 4418 1571 4473 incola:
1608 4416 1832 4488 Φωκεῖς,
1861 4415 2006 4469 Plio-

2021 3136 2066 3195 ο
2178 3129 2276 3195 Ὠς
2295 3127 2347 3181 δ’
2385 3124 2484 3180 ὅτε
2516 3125 2608 3192 τίς
2641 3122 2713 3196 (9)
2743 3140 2827 3189 τε,
2853 3121 3152 3191 δράκοντα
3183 3116 3686 3196 prium-stadium-

3183 3188 3320 3260 [σος
3346 3186 3606 3260 ἀπέστη,

2178 3268 2397 3336 οὕρεος
2445 3265 2517 3319 ἐν
2557 3263 2811 3334 ,βήσσῃς
2834 3303 2850 3328 ,
2898 3262 3022 3318 ὑπό
3072 3276 3137 3314 τε
3185 3255 3433 3336 τρόμος.
3460 3255 3691 3336 ἐλῖὶασε

2255 3327 2273 3336 ’
2371 3327 2388 3333 ”
2560 3327 2641 3331 ”
3228 3327 3308 3329 ﬂ
3419 3327 3604 3400 [γυῖα,

2176 3412 2291 3478 Ἄψ
2318 3407 2367 3462 τ’
2389 3404 2757 3474 ἀνεχώρησε,

2100 3503 2356 3574 δαίμονας
2398 3499 2441 3552 δ’
2479 3497 2754 3569 ὀλεθρίους
2791 3497 2886 3551 καὶ
2911 3495 3244 3569 ἀλιτηρίους,
3276 3489 3599 3551 ἐπιϐούλους
3624 3506 3692 3542 τε

2101 3594 2196 3649 καὶ
2220 3588 2640 3664 μισανθρώπους
2683 3590 2777 3643 καὶ
2807 3589 3087 3661 λυμεῶνας
3127 3587 3286 3649 ὄντας
3318 3582 3695 3656 προαισθόμε-

2104 3729 2242 3783 ὄσιοι
2271 3723 2570 3793 ἀναλόγως.
2592 3722 2773 3785 Forte,
2801 3721 2915 3786 πῶς
2935 3721 2991 3776 δὲ
3020 3723 3067 3775 εἰ
3095 3722 3198 3793 κάν
3221 3723 3356 3793 ὅσιοι
3378 3717 3689 3793 ἀναλόγως.

2108 3797 2346 3866 Utraque
2370 3787 2723 3866 interrogatio
2755 3794 2960 3866 ironica
2987 3801 3087 3866 est.
3129 3791 3201 3866 _Et
3222 3792 3360 3845 bene
3381 3787 3693 3866 ἀναλόγως,

2106 3860 2320 3921 videtur
2343 3865 2488 3919 enim
2512 3860 2758 3932 quiedam
2806 3861 3069 3930 ἀναλογία
3111 3862 3389 3915 daemones
3422 3860 3562 3932 inter
3621 3871 3699 3911 ac

2106 3939 2489 3992 tlisidazmones
2517 3930 2886 3998 intercedere;
2916 3933 3004 3986 cui
3035 3940 3097 3986 ut
3120 3946 3344 4000 quoquo
3376 3930 3540 3983 modo
3563 3942 3697 4000 ser-

2108 4007 2302 4069 virem,
2363 4004 2760 4073 δεισιδαίμονας
2794 3997 2899 4056 hoc
2931 4001 3069 4073 loco,
3089 3997 3390 4073 dtemouum
3421 3997 3700 4066 mancipia

2109 4092 2273 4148 quam
2300 4072 2702 4148 superstitiosos
2732 4083 2941 4148 vertere
2968 4072 3158 4148 malui.

2183 4147 2256 4217 ('7)
2288 4138 2375 4198 “H'
2410 4142 2557 4217 ὀργῇ
2611 4143 2710 4196 καὶ
2748 4143 3149 4217 φιλαργυρίᾳ.
3194 4138 3481 4217 Hervetus,
3523 4153 3700 4217 quam

2109 4210 2206 4272 ira}
2227 4210 2277 4270 et
2309 4210 2569 4276 avaritiae,
2605 4223 2653 4265 et
2703 4210 2825 4265 aliis
2854 4210 3118 4267 similibus
3181 4210 3528 4269 dwmonibus,
3577 4215 3697 4261 etc.

2109 4287 2498 4357 Pcssimisane
2548 4284 2823 4357 (laniones
2871 4283 2952 4337 ira
3002 4291 3058 4335 et
3108 4281 3353 4351 pecuniae
3396 4279 3543 4357 sitis,
3592 4277 3700 4332 sed

2113 4358 2274 4412 aliam
2310 4354 2602 4408 Clementis
2647 4354 2750 4407 hoc
2803 4353 2926 4406 loco
2976 4348 3212 4407 mentem
3243 4364 3365 4404 esse
3411 4348 3697 4414 arbitror;

2113 4426 2314 4496 alioqui
2338 4423 2680 4496 scribendum
2700 4422 2822 4485 fuit,
2837 4422 2936 4496 και
2949 4423 3125 4486 ἄλλοις
3140 4425 3166 4476 6
3174 4420 3359 4496 uoiwq.
3384 4418 3703 4496 Corruptus

439 4474 636 4562 censes;
674 4474 1436 4562 Thugyilid._scliolia§tcs,_l.
1493 4501 1537 4562 is
1572 4501 1624 4554 p.
1657 4486 1745 4562 i_i_,
1775 4474 2001 4562 Φωκεῖς,

2111 4474 2587 4562 ῑὸὲῖιέῐεῐξέιὶῖιζῖιῐ
2599 4474 2848 4553 sanetur,
2861 4474 3093 4561 primum
3105 4474 3465 4562 'cit‘Cleniente
3480 4474 3705 4562 ὁμοίοις

438 4558 638 4627 inquit,
690 4559 737 4612 οἱ
764 4556 861 4628 τῆς
901 4557 1167 4621 Ἑλλάδος,
1223 4559 1331 4612 ἀπὸ
1359 4556 1595 4628 Φωκίδος
1633 4556 2009 4628 πόλεως-Α-Φωτ

439 4625 615 4692 καείς,
640 4625 1072 4699 οἱτῆςΊωνίας,
1118 4628 1226 4681 ἀπὸ
1273 4627 1525 4699 Φωκαίας
1576 4626 1803 4687 πόλεως.
1855 4625 2008 4681 llaud

440 4701 556 4753 scio
583 4714 714 4752 num
749 4698 894 4754 recte
925 4698 1217 4754 Phocidem
1248 4700 1435 4752 urbem
1466 4698 1681 4761 dixerit,
1721 4712 1883 4763 quam
1908 4713 2015 4750 cae-

440 4768 540 4838 teri
564 4782 757 4838 omnes
783 4769 1057 4837 regionem
1117 4777 1420 4838 agnoscunt
1450 4784 1462 4819 :
1504 4765 1718 4838 tametsi
1745 4765 2003 4836 Pompon.

440 4837 577 4892 Mela
607 4836 900 4893 Phocidem
929 4838 1092 4893 louizc
1122 4836 1307 4892 urbem
1349 4838 1613 4895 nominet,
1643 4837 2010 4900 librariorum,

439 4909 655 4976 opinor,
707 4910 864 4972 vitio,
908 4926 1033 4964 cum
1097 4908 1401 4975 Phoceam,
1452 4918 1511 4962 ut
1571 4906 1746 4962 Graeci
1798 4922 2012 4970 omnes,

440 4979 682 5034 scribere
711 4979 1047 5033 debuissent.

516 5049 593 5173 (ὅ)
667 5049 1138 5171 ’.(ξτοπέμψομαι.
1208 5047 1481 5113 Clemens,
1555 5044 2014 5119 παραπέμψομαι,

519 5134 571 5172 ο(
614 5135 701 5173 ma
726 5135 821 5173 tm.

482 5134 590 5173 l|0(l
614 5134 821 5173 malim.

442 5136 590 5189 quon
614 5136 821 5173 malim.

506 5189 934 5261 (4)-Ἐρεχθείές
981 5190 1075 5243 καὶ
1112 5185 1537 5261 Μάριος.ί-Ἣι1ο
1571 5185 1752 5242 Vales.
1787 5186 1855 5241 ad
1909 5184 2019 5240 Eu-

444 5258 666 5316 sebaDe
692 5258 836 5314 laud.
867 5258 1225 5325 Constantini,
1246 5276 1297 5314 (ν.
1334 5259 1421 5313 13.

518 5328 596 5400 (5)
641 5329 717 5400 ὀν
741 5329 985 5399 Μάριος.
1015 5329 1216 5400 Fallor.
1264 5329 1332 5400 ni
1383 5328 1680 5400 glo_sscma_
1705 5334 1790 5381 est
1830 5326 1963 5400 illud
1992 5329 2022 5381 6

443 5398 677 5471 Μάριος.
703 5399 821 5471 Nec
838 5398 983 5471 vero
1014 5408 1140 5471 ante
1164 5399 1322 5471 dixit,
1368 5402 1397 5452 6
1429 5398 1527 5471 μὲν
1553 5401 1624 5469 τῇ
1648 5398 1964 5471 φερεφὰττῃ
1992 5400 2022 5451 6

460 5467 769 5542 Ἐρεχθεύς.
795 5469 1102 5542 Quidquod
1134 5470 1363 5525 barbara
1397 5467 1480 5523 est
1509 5467 1624 5523 hac
1650 5467 1906 5542 loquendi
1936 5467 2021 5521 ra-

449 5538 568 5593 tio'?
588 5538 735 5605 Quid
761 5540 905 5608 quod
940 5539 1059 5595 face
1087 5555 1226 5609 opus
1261 5555 1369 5595 non
1393 5548 1530 5602 erat,
1559 5551 1620 5592 ut
1667 5538 2021 5607 posteriorem

452 5610 598 5664 lumc
632 5609 858 5664 Marium
890 5625 1012 5664 esse
1050 5610 1379 5672 videremus,
1427 5611 1522 5678 qui
1579 5609 1934 5674 Dorotheum,
1968 5609 2022 5662 in

453 5678 905 5734 ueruntltalicar.
938 5680 1090 5734 libris
1118 5680 1271 5733 citari
1296 5680 1643 5733 audiremus?

527 5748 599 5820 (6)
661 5748 795 5815 Πῶς
816 5749 884 5801 δὲ
911 5752 1022 5803 οὐκ
1049 5750 1304 5812 ἀνόσιοι,
1332 5759 1436 5802 etc.
1498 5750 1648 5802 Alter
1671 5764 1736 5820 es
1756 5763 2020 5820 nianusc..

451 5818 651 5884 ximos
685 5821 785 5874 οὐκ
814 5819 1015 5874 ἀνόσιοι
1077 5820 1305 5887 ἀλόγως.
1362 5821 1632 5887 Clemens,
1663 5818 1778 5882 πῶς
1824 5818 1880 5871 δὲ
1918 5819 2017 5888 οὐχ

2111 4558 2449 4637 ιιι-οὑμοίως
2502 4558 3182 4637 reporiendttni__v'ide_tttr:
3243 4575 3368 4614 nam
3409 4558 3701 4637 similibus

2111 4628 2353 4706 quidem,
2394 4648 2504 4706 non
2536 4628 2717 4706 tamen
2748 4633 3018 4706 similiter,
3048 4633 3102 4685 in
3124 4632 3246 4706 loco
3267 4644 3435 4706 sacro
3469 4628 3705 4706 pietatis

2113 4696 2301 4767 causa,
2330 4696 2385 4760 et
2416 4705 2470 4757 in
2506 4704 2700 4766 triviis,
2767 4703 3077 4771 impellente
3132 4703 3213 4755 vel
3266 4699 3569 4771 iracundia_
3605 4696 3706 4751 vel

2115 4765 2363 4837 avaritia,
2390 4774 2641 4827 homines
2688 4765 3030 4841 iugulantur.
3062 4770 3287 4835 Deinde,
3323 4778 3448 4838 post
3475 4765 3705 4841 ἄνθρω-

2116 4864 2236 4907 πον,
2263 4838 2726 4913 distingucndum.
2756 4838 3163 4913 Postremolegi
3203 4838 3706 4913 possit,a1ros<p&‘g-

2115 4934 2197 4970 τοι
2229 4915 2295 4970 ἂν
2340 4907 2459 4968 nov-
2476 4913 2782 4983 ἄνθρωπον.
2838 4912 2981 4983 ἱερὸν
3041 4907 3139 4964 ἂν”
3168 4907 3706 4983 ἱερεῖονηξπιφημί-

2119 5005 2229 5040 σαι.
2256 4985 2500 5051 Quorum
2546 4979 2836 5036 verborum
2886 4979 3504 5043 sententiam'rcddidi;
3562 4988 3710 5051 tunc

2117 5048 2298 5117 enim,
2319 5053 2647 5124 ἐπιφημίσαι
2676 5054 2761 5116 ἄν,
2789 5122 2796 5124 _
2819 5052 2924 5124 erit
2981 5053 3216 5124 proprie,
3236 5121 3245 5124 _
3265 5051 3530 5124 appellare
3556 5048 3708 5124 jure

2117 5127 2319 5195 possit;
2345 5119 2436 5195 vel
2461 5119 2575 5178 sola
2617 5122 2899 5195 metathesi
2947 5119 3042 5175 τοῦ
3077 5119 3162 5195 ἄν,
3205 5121 3304 5185 sic,
3333 5119 3707 5195 ἀποσφάιττοι

2118 5189 2184 5251 ἂν
2214 5196 2306 5249 τὸν
2340 5194 2644 5263 ἄνθρωπον,
2679 5193 2821 5263 ἱερὸν
2863 5193 3057 5263 ἱερεῖον
3107 5191 3466 5263 ἐπιφημίσας·
3502 5189 3709 5242 ιη’ἀπὸ

2120 5264 2300 5321 κοινοῦ
2328 5262 2676 5331 intelligatur,
2713 5262 2906 5334 ἱερεῖον
2929 5262 3138 5334 γίνεται
3165 5263 3193 5314 ὁ
3217 5262 3394 5334 φόνος.

2191 5336 2269 5413 (8)
2291 5334 2693 5413 Πεφεὺταμεν.
2727 5332 2969 5413 Rectius,
2994 5333 3206 5413 opinor,
3235 5332 3509 5413 Clemens,
3535 5345 3710 5399 mpr-

2122 5402 2416 5476 φεῦγομεν,
2433 5402 2649 5476 tametsi
2674 5403 3002 5476 prteteritutn
3027 5402 3156 5476 illud
3183 5403 3510 5476 aoristorum
3540 5415 3711 5476 more

2122 5470 2221 5545 pro
2241 5470 2512 5543 praesenti
2541 5473 2794 5543 usurpari
2817 5473 3011 5543 possit,
3052 5472 3135 5526 vel
3164 5487 3260 5542 per
3295 5470 3520 5526 verbum
3551 5470 3711 5525 soleo

2122 5546 2401 5600 explicari.

2429 5613 2480 5687 δῘ
2511 5611 2609 5687 ὄεε
2635 5629 2742 5687 τις.
2772 5610 2988 5687 Ho_mer.
3038 5610 3241 5667 Ἰλιάδ.
3275 5612 3353 5687 Γ,
3377 5609 3561 5687 ν...Ξᾷ
3585 5608 3714 5664 Νο-

2124 5679 2237 5739 tum
2258 5679 2317 5739 ἐι
2346 5679 2474 5738 illud
2500 5683 2717 5737 fEneid.
2750 5699 2806 5745 It,
2835 5680 3182 5750 Improvisum
3210 5684 3401 5748 aspris.
3439 5679 3544 5735 Sed
3580 5695 3716 5736 ma-

2124 5757 2198 5811 lui
2239 5754 2480 5811 Grtecam
2508 5754 2827 5809 sententiam
2853 5754 3062 5807 lidelius
3094 5752 3337 5807 reddere.
