3850 6222
389 317 494 374 279
1029 314 1302 374 EUSEBII
1337 315 1825 372 CAESABIENSIS
1867 314 1998 371 OPP

2063 313 2245 371 PARS
2280 314 2345 371 ll.
2378 345 2448 355 —
2478 310 2984 370 APOLOGETICA.
3543 305 3651 364 280

388 446 483 493 tea
526 448 714 492 rerum
744 432 996 489 omnium
1030 433 1316 489 sterilitate
1365 441 1764 503 premerentur,
1818 431 1960 499 Jovi,

2072 432 2125 485 οὐ
2165 431 2475 500 Πελασγοὺς
2514 430 2673 484 καλεῖ
2715 430 2842 493 τοὺς
2882 426 3222 499 ἀνθρώπους,
3260 423 3397 479 ἀλλά
3429 424 3647 497 Τυρρη-

386 525 650 598 Apollini,
689 533 745 581 et
768 521 984 579 Cabiris
1016 537 1230 588 eorum,
1261 537 1383 593 quae
1428 523 1532 577 sibi
1581 533 1961 590 nascerentur,

389 619 634 675 omnium
674 617 918 674 decimas
953 623 1247 682 voverant;
1292 615 1522 685 ideoque
1578 614 1659 670 rei
1709 623 1961 669 votorum

388 710 588 777 eﬂ'eeti,
616 708 848 765 eximias
877 706 1151 762 fructuum
1181 719 1245 760 ac
1292 720 1551 775 pecorum
1580 704 1962 759 universorum

390 802 634 859 decimas
663 800 769 857 diis
794 805 1207 864 consecrarant,
1241 796 1399 866 quasi
1433 796 1549 852 suis
1592 812 1685 852 eas
1728 805 1961 863 tantum,

394 893 640 963 nihilque
682 898 944 962 praeterea
1000 889 1144 944 votis
1198 889 1575 945 inclusissent.
1635 889 1811 960 Atque
1851 888 1967 944 haec

392 982 617 1037 totidem
647 970 992 1053 pene'verbis
1043 993 1077 1034 a
1132 977 1355 1052 Myrsilo
1400 979 1598 1036 Lesbio
1632 995 1967 1036 commemo-

390 1082 607 1142 rantur,
656 1073 766 1130 nisi
794 1072 945 1144 quod
988 1072 1305 1146 Tyrrhenos
1360 1072 1474 1143 ipse
1523 1073 1754 1144 populos
1806 1073 1963 1138 istos,

391 1179 504 1222 non
535 1164 796 1238 Pelasgos
832 1166 1088 1237 appellat,
1117 1164 1277 1235 cujus
1308 1163 1386 1220 rei
1420 1178 1587 1219 causa
1616 1163 1964 1234 postmodum

390 1275 421 1314 a
446 1258 604 1315 nobis
636 1257 914 1314 afferetur.
947 1256 1216 1312 Caeterum
1251 1271 1376 1311 cum
1437 1256 1505 1311 de
1562 1255 1716 1311 relati
1758 1255 1963 1310 oraculi

390 1356 571 1405 mente
605 1348 758 1404 nullo
788 1347 955 1403 modo
979 1347 1252 1418 conjicere
1300 1355 1546 1418 possent,
1599 1346 1780 1401 dubiis
1846 1346 1966 1400 ani-

390 1436 992 1510 mique-pendentibus,
1041 1452 1073 1492 e
1116 1436 1426 1493 senioribus
1452 1450 1596 1491 unus
1617 1435 1812 1505 aliquis
1843 1450 1964 1489 eam

391 1528 624 1585 solerter
651 1536 961 1595 assecutus,
999 1542 1097 1583 eos
1144 1527 1465 1598 gravissime
1515 1525 1630 1582 falli
1679 1527 1966 1582 denuntia-

389 1620 489 1687 vit,
547 1621 615 1677 εἰ·
650 1620 929 1676 immerito
976 1620 1081 1675 sibi
1106 1634 1458 1685 \succensere
1501 1618 1632 1673 deos
1661 1626 1916 1689 putarent
1948 1636 1962 1672 :

391 1728 521 1769 nam
552 1728 734 1769 rerum
764 1716 984 1785 quidem
1011 1727 1077 1768 ac
1100 1711 1442 1769 fortunarum
1460 1710 1731 1782 primitias
1762 1710 1862 1765 rite
1885 1722 1967 1765 at-

2069 522 2195 588 νούς
2216 540 2229 553 ·
2261 523 2362 594 τὴν
2387 522 2431 575 δ’
2466 521 2646 576 αἰτίαν
2677 520 2788 592 (15)
2819 519 2998 589 ὀλίγον
3039 517 3267 592 ὕστερον
3301 514 3431 587 ἐρῶ.
3478 517 3566 579 Ὦς
3592 516 3649 570 δὲ

2068 614 2435 685 ἀπενεχθέντα
2473 612 2564 666 τὸν
2601 609 2849 684 χρησμὸν
2892 608 3113 680 ἔμαθον,
3146 609 3247 661 οὐκ
3281 603 3427 678 εἶχον
3459 607 3529 661 τὰ
3564 606 3650 659 λε-

2070 707 2277 778 γόμενα
2334 705 2651 778 συμϐαλεῖν.
2720 700 3085 776 Ἀμηχανοῦσι
3157 700 3215 754 δὲ
3288 700 3474 763 αὐτοῖς
3541 697 3651 751 τῶν

2070 797 2407 870 γεραιτέρων
2436 816 2520 863 τις
2553 797 2721 867 λέγει,
2760 792 3052 866 συμϐαλὼν
3091 793 3152 847 τὸ
3196 794 3397 864 λόγιον,
3442 792 3523 845 ὃτι
3555 788 3649 843 τοῦ

2071 888 2272 952 παντὸς
2308 890 2713 959 ἡμαρτήκασιν,
2757 887 2805 939 εἰ
2842 884 3049 939 οἴονται
3090 882 3216 947 τοὺς
3255 880 3411 945 θεοὺς
3450 878 3651 943 ἀδίκως

2071 981 2254 1044 αὐτοῖς
2281 980 2549 1049 ἐγκαλεῖν·
2581 979 2878 1051 χρημάτων
2915 976 3014 1046 μὲν
3042 974 3150 1048 γὰρ
3183 971 3650 1033 ἀποδεδόσθαιτάς

2071 1071 2325 1144 ἀπαρχάς
2356 1072 2540 1135 αὐτοῖς
2571 1069 2788 1132 ἁπάσας
2819 1066 2996 1138 ὀρθῶς
3020 1083 3080 1119 τε
3114 1065 3209 1119 καὶ
3241 1066 3337 1118 σὺν
3367 1063 3492 1135 δίκῃ
3516 1080 3528 1093 ·
3558 1063 3652 1116 ἀν-

2072 1164 2304 1237 θρώπων
2344 1152 2409 1218 δὲ
2441 1164 2604 1236 γονῆς
2634 1163 2693 1217 τὸ
2738 1162 2921 1233 λάχος,
2955 1161 3146 1233 χρῆμα
3189 1156 3387 1221 παντὸς
3419 1156 3651 1228 μάλιστα

2071 1256 2213 1321 θεοῖς
2244 1254 2600 1329 τιμιώτατον,
2647 1252 2987 1324 ὀφείλεσθαι*
3036 1253 3086 1303 εί
3126 1250 3181 1303 δὲ
3229 1249 3292 1321 δὴ
3327 1246 3651 1302 καὶτούτων

2070 1349 2286 1404 λάϐοιεν
2322 1347 2422 1419 τὴν
2448 1346 2663 1400 δικαίαν
2691 1348 2906 1417 μοῖραν,
2941 1343 3091 1406 τέλος
3126 1340 3270 1408 ’ἐξειν
3297 1340 3448 1410 σφίσι
3475 1337 3536 1391 τὸ
3564 1337 3651 1391 λό-

2070 1458 2209 1509 γιον.
2248 1440 2373 1503 Τοῖς
2407 1437 2507 1509 μὲν
2533 1437 2597 1509 δὴ
2630 1435 2804 1509 ὀρθῶς
2833 1434 3005 1488 ἐδόκει
3032 1430 3285 1501 λέγεσθαι
3311 1429 3482 1484 ταῦτα
3500 1446 3514 1458 ·
3539 1431 3652 1491 τοῖς

2070 1532 2115 1585 δ’
2149 1530 2207 1598 ἐξ
2254 1529 2543 1600 ἐπιϐουλῆς
2578 1525 2895 1597 συγκεῖσθαι
2928 1527 2957 1578 ὁ
2984 1525 3161 1594 λόγος.
3197 1521 3651 1594 Είσηγησαμένου

2070 1622 2125 1675 δέ
2151 1640 2294 1686 τινος
2322 1621 2421 1694 τὴν
2454 1619 2680 1692 γνώμην
2702 1619 2793 1673 τὸν
2816 1618 2936 1672 θεὸν
2986 1615 3300 1689 ὲπέρεσθαι,
3329 1616 3378 1667 εί
3400 1612 3548 1684 αὐτῷ
3573 1611 3656 1682 φί-

2070 1713 2160 1767 λον
2202 1711 2505 1784 ὰνθρώπων
2542 1711 2771 1776 δεκάτας
2805 1708 3235 1780 ἀπολαμϐάνειν,
3274 1706 3553 1777 πέμπουσι
3589 1704 3653 1757 τὸ

392 1819 504 1873 que
533 1804 613 1861 uti
638 1821 854 1876 aequum
883 1814 1003 1862 erat
1031 1803 1337 1875 persolutas
1367 1818 1559 1858 omnes
1605 1803 1711 1859 diis
1760 1802 1962 1867 fuisse;

2072 1806 2318 1879 δεύτερον
2342 1805 2705 1879 θεοπρόπους·
2734 1805 2829 1859 καὶ
2854 1806 2883 1856 ὁ
2908 1802 3029 1867 θεὸς
3054 1801 3262 1856 ἀνεῖλεν
3285 1799 3427 1853 οὕτω
3455 1800 3651 1852 ποιεῖν.

392 1904 450 1951 at
489 1905 743 1953 natorum
794 1912 894 1969 per
932 1897 987 1953 id
1025 1905 1241 1966 tempus
1276 1894 1556 1951 hominum
1587 1904 1813 1962 sortem,
1844 1911 1967 1965 qua:

393 1988 616 2044 maximi
643 1988 892 2044 omnium
933 1988 1003 2045 ab
1052 1988 1121 2044 iis
1151 1987 1322 2053 ﬁeret,
1366 1986 1530 2043 etiam
1591 1996 1705 2042 tum
1759 1988 1961 2043 deberi.

392 2077 576 2145 Quare
605 2078 652 2135 si
682 2093 875 2135 eorum
902 2088 1161 2149 praeterea
1187 2077 1391 2147 justam
1443 2078 1519 2132 dii
1569 2092 1789 2149 quoque
1837 2094 1965 2150 par-

392 2182 500 2227 tem
534 2170 862 2242 acciperent,
901 2181 1015 2227 tum
1047 2172 1266 2228 demum
1299 2170 1581 2225 oraculum
1610 2170 1822 2226 felicem
1849 2171 1968 2226 exi-

392 2276 508 2319 tum
535 2264 875 2321 habiturum.
903 2262 1056 2320 Hanc
1084 2262 1234 2319 senis
1265 2262 1566 2317 orationem
1597 2262 1829 2332 probare
1849 2263 1962 2328 alii,

389 2357 486 2412 alii
515 2365 707 2412 contra
734 2365 1047 2428 suspeetam
1075 2353 1297 2419 habere,
1325 2355 1481 2424 quasi
1515 2352 1706 2409 fraude
1731 2354 1966 2426 doloque

390 2448 773 2520 compositam.
807 2447 932 2503 Mox
978 2456 1159 2502 tamen
1214 2454 1491 2502 auctorem
1524 2461 1557 2502 e
1587 2446 1747 2501 turba
1772 2460 1967 2515 quem-

392 2540 539 2610 piam
569 2540 794 2609 secutis,
830 2541 1039 2611 placuit
1064 2541 1268 2608 denuo,
1320 2540 1679 2596 hominumne
1722 2538 1965 2595 decimas

388 2641 688 2702 expeteret,
719 2648 924 2689 numen
950 2632 1241 2688 consulere
1282 2650 1296 2689 :
1330 2632 1477 2704 quod
1515 2631 1610 2687 ubi
1643 2631 1724 2689 sic
1751 2630 1962 2688 facien-

387 2727 520 2781 dum
574 2725 762 2783 missis
798 2727 1207 2784 consultoribus
1256 2725 1648 2798 respondisset,
1696 2726 1963 2785 continuo

386 2817 585 2873 seditio
609 2818 877 2885 exoritur,
911 2818 1058 2889 quod
1097 2818 1241 2875 inter
1267 2833 1364 2875 eos
1396 2818 1464 2874 de
1517 2818 1824 2875 decimandi
1873 2828 1965 2874 ra-

388 2911 540 2965 tione
570 2910 865 2966 convenire
898 2925 1009 2966 non
1053 2918 1261 2981 posset.
1296 2909 1376 2965 Ac
1403 2910 1583 2980 primo
1613 2911 1836 2980 quidem
1871 2909 1962 2964 inv

387 3011 469 3057 ter
498 3001 649 3073 ipsos
671 3002 955 3059 civitatum
985 3003 1261 3074 principes
1286 3002 1497 3058 turbari
1527 3011 1791 3073 coeptum,
1831 3018 1958 3058 mox

387 3102 582 3149 caetera
604 3108 826 3165 quoque
852 3094 1145 3149 multitudo
1188 3094 1254 3150 de
1300 3094 1639 3164 principibus
1688 3095 1831 3151 male
1867 3111 1963 3152 su-
1988 3124 2011 3165 ί

391 3185 658 3255 spicatur.
691 3183 836 3256 Ergo
887 3185 1041 3240 nullo
1074 3184 1267 3240 ordine
1299 3185 1642 3253 tumultuari,
1693 3188 1960 3256 sedesque

389 3283 624 3343 mutare,
663 3275 758 3331 sed
789 3275 870 3330 uti
899 3289 998 3345 par
1027 3283 1145 3329 erat
1177 3274 1424 3330 homines
1460 3274 1684 3329 deorum
1726 3275 1962 3331 stimulis

388 3381 455 3422 ac
482 3366 661 3437 panis
703 3364 956 3439 agitatus.
1005 3362 1129 3430 Quo
1178 3363 1406 3432 factum,
1458 3373 1518 3420 ut
1552 3366 1697 3421 aedes
1742 3366 1964 3438 integrae

390 3456 639 3513 inauditus
666 3456 1000 3521 delerentur,
1035 3461 1190 3525 parte
1221 3470 1410 3510 eorum
1438 3455 1547 3510 alio
1590 3457 1961 3528 commigrau-

392 3559 465 3614 te,
493 3563 619 3604 cum
655 3547 948 3619 propinqui
978 3547 1374 3604 discedentium
1404 3545 1560 3603 nefas
1586 3557 1861 3618 putarent,
1910 3558 1965 3605 et

393 3641 579 3697 divelli
612 3656 644 3697 a
668 3641 1017 3708 necessariis,
1044 3648 1245 3695 etcum
1275 3638 1674 3696 inimicissimis
1698 3641 1959 3696 residere.

390 3729 634 3787 Primum
660 3729 828 3801 igitur
859 3729 951 3785 isti
989 3744 1205 3795 omnes,
1237 3729 1428 3784 relicta
1462 3728 1639 3795 italia,
1672 3731 1873 3801 partim
1904 3733 1961 3787 iu

389 3820 678 3889 Graeciam,
709 3821 907 3892 partim
937 3821 995 3876 in
1042 3821 1201 3893 160
1248 3821 1512 3878 barbaras
1557 3822 1848 3893 plerasque
1876 3840 1963 3879 re-

389 3911 581 3980 giones
605 3910 853 3981 dissipati
882 3922 1011 3970 sunt
1036 3931 1050 3967 :
1080 3914 1379 3968 secundum
1406 3928 1543 3983 quos
1583 3914 1674 3970 alii
1707 3915 1965 3988 deinceps

390 4001 636 4057 eamdem
668 4002 884 4058 subiere
908 4001 1201 4068 fortunam,
1227 4019 1351 4060 cum
1391 4004 1444 4060 id
1466 4005 1641 4075 ipsum
1669 4010 1964 4077 quotannis

390 4092 654 4148 eveniret.
693 4090 806 4149 Nec
834 4093 980 4149 enim
1035 4095 1356 4151 desinebant
1386 4096 1668 4152 civitatum
1714 4102 1963 4156 modera-

392 4194 541 4242 tores
568 4185 737 4241 lectas
776 4185 1009 4241 subinde
1050 4186 1478 4243 adolescentium
1530 4189 1801 4259 primitias
1846 4193 1965 4247 exi-

270 4302 280 4311 ~
389 4292 563 4343 mere,
598 4278 796 4347 partim
819 4287 879 4331 ut
910 4291 1032 4333 sese
1059 4278 1347 4334 numinum
1378 4280 1641 4350 religione
1663 4283 1960 4351 solverent,

390 4371 587 4441 partim
614 4370 762 4441 quod
793 4370 863 4425 ab
894 4370 983 4437 iis,
1027 4373 1121 4441 qui
1160 4371 1495 4443 eﬂugissent,
1531 4389 1700 4429 novas
1732 4376 1959 4432 seditio-

1988 3139 2030 3196 Ο

2079 1898 2175 1951 Ἐκ
2206 1897 2265 1954 δὲ
2289 1897 2481 1951 τούτου
2516 1895 2704 1959 στάσις
2736 1895 2932 1958 αὐτοὺς
2959 1890 3369 1962 καταλαμϐάνει
3401 1889 3528 1960 περὶ
3552 1886 3651 1942 τοῦ

2064 1989 2266 2059 τρόπου
2299 1989 2398 2059 τῆς
2439 1985 2792 2050 δεκατὼσεως
2823 1999 2873 2040 ι.
2904 1984 3016 2039 Καὶ
3055 1981 3401 2059 ὲνᾼάλλήλοις
3428 1980 3478 2033 οἱ
3510 1996 3651 2051 προ-

2065 2056 2363 2153 εστηκότες
2409 2076 2519 2143 τῶν
2562 2077 2770 2131 πόλεων
2809 2077 2930 2130 τότε
2975 2056 3191 2148 πρῶτον
3236 2072 3648 2144 ἐταράχθησαν·

2065 2173 2254 2225 ἔπειτα
2297 2170 2393 2224 καὶ
2416 2168 2479 2224 τὸ
2516 2168 2700 2223 λοιπὸν
2726 2167 2927 2239 πλῆθος
2955 2165 3022 2219 δι’
3057 2163 3293 2234 ὑποψίας
3325 2162 3449 2227 τοὺς
3478 2164 3535 2215 ὲν
3563 2161 3655 2214 τέ-

2063 2261 2144 2315 λει
2170 2261 2493 2333 ἐλάμϐανεν.
2543 2260 2813 2330 Ἐγίνοντο
2844 2258 2900 2312 δὲ
2927 2258 3101 2311 οὐδενὶ
3133 2256 3326 2326 κόσμῳ
3356 2255 3412 2308 αἱ
3457 2255 3656 2307 ὲπανα-

2068 2354 2283 2418 στάσεις
2304 2354 2351 2425 (1
2362 2354 2451 2409 6-1
2463 2353 2513 2425 7)
2537 2370 2550 2384 '
2580 2352 2692 2407 ἀλλ’
2709 2352 2859 2405 ὥσπε
2865 2369 2898 2424 ρ
2914 2350 3077 2415 εἰκὸς,
3097 2350 3299 2420 οἴστρῳ
3313 2346 3405 2401 καὶ
3431 2345 3659 2400 θεοϐλα-

2065 2446 2185 2519 ϐείᾳ
2209 2445 2662 2517 ἀπελαυνομένων
2686 2443 2817 2517 (l8),
2845 2443 2939 2497 καὶ
2962 2441 3132 2497 πολλὰ
3158 2443 3381 2511 ἐφέστια
3406 2440 3499 2493 ὅλα
3526 2438 3657 2511 ἐξη-

2063 2539 2280 2610 λείφθη,
2336 2538 2538 2611 μέρους
2584 2536 2765 2592 αὐτῶν
2805 2534 3236 2607 μεθισταμένου⁶
3288 2533 3349 2585 οὐ
3390 2530 3499 2604 γὰρ
3545 2530 3659 2585 ἐδι-

2063 2632 2250 2686 καίουν
2298 2634 2348 2685 οἱ
2398 2632 2767 2703 προσήκοντες
2812 2632 2923 2693 τοῖς
2971 2627 3206 2693 ἐξιοῦσιν
3257 2624 3655 2681 ἀπολείπεσθαι

2062 2726 2170 2781 τῶν
2196 2724 2489 2796 φιλτάτων,
2519 2724 2613 2777 καὶ
2638 2725 2696 2777 ὲν
2726 2725 2838 2786 τοῖς
2865 2720 3132 2792 ἐχθίστοις
3154 2718 3465 2790 ὑπομένειν.
3492 2718 3656 2790 Πρῶ-

2062 2837 2153 2874 τον
2195 2818 2293 2889 μὲν
2325 2816 2391 2889 δὴ
2424 2809 2571 2869 οὗτοι
2614 2815 2837 2877 πάντες,
2878 2813 3242 2884 μεταστάντες
3288 2808 3351 2875 ἐξ
3394 2810 3651 2877 Ἰταλίας,

2062 2907 2143 2972 εἷς
2165 2925 2225 2961 τε
2266 2906 2365 2978 τὴν
2415 2905 2643 2959 Ἐλλάδα
2671 2904 2767 2958 κα)⁸
2791 2904 2890 2976 τὴν
2924 2902 3198 2975 βάρϐαρον
3245 2901 3447 2971 πολλὴν
3480 2901 3651 2954 ἐπλα-

2061 3001 2303 3074 νήθησαν
2324 3018 2337 3031 ο
2374 3000 2514 3071 μετὰ
2543 3000 2601 3053 δὲ
2629 3000 2753 3062 τοὺς
2788 2997 3034 3069 πρώτους
3067 2996 3244 3069 ἕτεροι
3273 2995 3333 3049 τὸ
3362 2995 3492 3049 αὐτὸ
3517 2995 3654 3048 ἔπα-

2063 3094 2176 3156 θον,
2224 3091 2505 3147 καὶτοῦτο
2542 3090 2766 3144 διετέλει
2809 3089 3091 3159 γινόμενον
3131 3087 3224 3142 ἐπὶ
3268 3087 3387 3160 ἔτη.
3429 3089 3503 3142 Οὐ
3538 3088 3653 3159 γὰρ

2061 3185 2283 3251 ἀνίεσαν
2305 3186 2354 3237 οἱ
2380 3182 2793 3245 δυναστεύοντες
2821 3183 2877 3236 ἐν
2903 3184 3023 3244 ταῖς
3055 3180 3262 3245 πόλεσι,
3297 3181 3395 3251 τῆς
3423 3180 3658 3252 ἀνδρου-

2063 3279 2229 3351 μένης
2263 3278 2373 3332 αίεὶ
2412 3276 2662 3347 νεότητος
2697 3273 3074 3345 ἐξαιρούμενοι
3100 3272 3200 3336 τὰς
3226 3271 3502 3343 ἀπαρχὰς,
3535 3275 3660 3337 τοῖς

2058 3391 2120 3428 τε
2148 3373 2289 3437 θεοῖς
2322 3371 2393 3425 τά
2434 3371 2616 3425 δίκαια
2650 3369 2943 3441 ὑπουργεῖν
2984 3367 3260 3432 ἀξιοῦντες
3289 3367 3384 3419 καὶ
3425 3382 3662 3419 στασια-

2063 3466 2233 3537 σμοὺς
2265 3466 2330 3521 ἐκ
2359 3462 2467 3517 τῶν
2500 3461 2859 3516 διαλαθόντων
2883 3459 3136 3524 δεδιότες.
3163 3455 3272 3513 Ἦν
3302 3459 3359 3513 δὲ
3389 3459 3523 3513 πολὺ
3551 3460 3661 3513 καὶ

2059 3556 2121 3610 τὸ
2145 3556 2281 3629 πρὸς
2304 3554 2522 3627 ἔχθραν,
2557 3554 2653 3607 σὺν
2686 3552 2955 3625 προφάσει
2971 3553 3239 3623 εὐπρεπεῖ
3273 3550 3659 3621 ἀπελαυνόμε-

2061 3670 2142 3705 νοι
2168 3652 2196 3691 δ
2222 3648 2328 3703 ὑπὸ
2354 3647 2463 3702 τῶν
2491 3645 2784 3718 διαφόρων.
2817 3646 2980 3698 Ὥστε
3014 3644 3208 3698 πολλαὶ
3241 3645 3297 3696 αἱ
3336 3644 3661 3698 ἐπαναστά-

2064 3761 2177 3808 σεις
2205 3754 2228 3783 ο
2257 3742 2519 3812 ἐγίνοντο,
2554 3740 2648 3794 καὶ
2678 3738 2771 3792 ἐπὶ
2799 3737 3048 3791 πλεῖστον
3084 3736 3189 3808 γῆς
3215 3736 3276 3789 τὸ
3310 3736 3661 3805 Πελασγικὸν

2062 3838 2217 3907 γένος
2239 3833 2554 3907 διεφορήθη.
2582 3851 2601 3885 ›
2626 3832 2739 3886 Καὶ
2766 3828 2903 3902 μετά
2930 3828 3138 3901 βραχέα
3163 3828 3328 3900 φησί·
3360 3845 3380 3879 t
3413 3827 3659 3895 Λέγουσι

2062 3926 2121 3980 δὲ
2149 3926 2260 3998 (19)
2292 3925 2386 3979 καὶ
2418 3923 2517 3987 τάς
2543 3921 2732 3985 θυσίας
2766 3919 3032 3975 ἐπιτελεῖν
3064 3918 3142 3989 τῷ
3174 3919 3369 3991 Κρόνῳ
3401 3918 3494 3972 καὶ
3518 3921 3660 3984 τοὺς

2064 4018 2351 4081 παλαιοὺς,
2395 4014 2584 4086 ὥσπερ
2624 4014 2682 4067 ὲν
2727 4010 3036 4083 Καρχηδόνι
3079 4010 3218 4073 τέως
3261 4010 3371 4082 (20)
3405 4012 3440 4080 ὴ
3490 4008 3661 4075 πόλις

2062 4111 2323 4182 διέμεινε,
2355 4107 2449 4161 καὶ
2482 4104 2630 4177 παρὰ
2669 4103 2894 4167 Κελτοῖς
2919 4105 3000 4167 είς
3037 4102 3157 4156 τόδε
3191 4101 3383 4174 χρόνου
3409 4101 3656 4170 γίνεται,

2064 4200 2159 4253 καὶ
2192 4200 2249 4251 ὲν
2282 4195 2460 4259 ἄλλοις
2491 4193 2602 4248 τισὶ
2627 4192 2737 4247 τῶν
2766 4191 2904 4264 πρὸς
2950 4192 3249 4264 Ἐσπερίων
3272 4190 3439 4246 ἐθνῶν
3461 4191 3663 4265 ἀνδρο-

2065 4289 2336 4361 φονοῦσιν.
2368 4285 2638 4359 Ἠρακλέα
2663 4303 2722 4340 τε
2752 4286 2959 4340 παῦσαι
2985 4286 3077 4341 τὸν
3104 4285 3266 4357 νόμον
3298 4283 3401 4354 τῆς
3427 4283 3657 4350 θυσίας,

2067 4383 2397 4456 βουληθέντα
2429 4382 2518 4436 τόν
2550 4398 2610 4433 τε
2645 4379 2826 4451 βωμὸν
2861 4377 3177 4451 ἱδρύσασθαι
3198 4376 3290 4431 τὸν
3322 4375 3415 4429 ἐπὶ
3446 4375 3524 4446 τῷ
3548 4376 3663 4431 Σα-

390 4481 489 4523 nes
518 4472 843 4519 metuerent.
872 4461 1026 4519 Multi
1051 4480 1270 4535 quoque
1288 4465 1415 4521 odio
1451 4480 1516 4521 ac
1546 4467 1829 4523 simultate
1866 4485 1962 4539 per

2072 4476 2261 4551 τορνίῳ
2305 4475 2438 4547 (21),
2481 4473 2576 4528 καὶ
2620 4470 2992 4542 κατάρξασθαι
3039 4470 3294 4542 θυμάτων
3336 4467 3518 4538 ἁγνῶν
3549 4470 3662 4524 ἐπὶ

483 4643 510 4673 ι
553 4630 641 4697 D.,
690 4627 1080 4694 δεκατεύσεως.
1205 4631 1235 4671 ι)
1274 4630 1454 4693 Dion.
1506 4631 1959 4703 ἀπελαυνόμενον.

461 4784 579 4913 (ΙΒί
625 4782 743 4854 Τὴν
775 4784 1048 4838 δἀὶτιαν.
1075 4783 1151 4840 De
1172 4799 1338 4839 causa
1365 4784 1455 4839 illa
1490 4783 1755 4870 pluribus
1783 4783 1964 4854 dispu-

461 4868 470 4910 L
510 4854 554 4908 D
580 4870 906 4913 onvs..na!:.
932 4854 1025 4913 20.
1068 4856 1160 4913 21.
1209 4855 1301 4913 22.
1351 4854 1803 4913 23.-Loncludit.
1836 4870 1962 4910 meo

388 4854 481 4929 tat;
510 4854 906 4929 Dionys.,pag.
932 4854 1025 4918 20,
1068 4856 1160 4921 21,
1209 4855 1301 4929 22,
1351 4854 1803 4929 25,-Congludit,
1836 4870 1962 4910 meo

383 4925 616 4997 judicio,
645 4924 951 4997 verissime.
976 4933 1165 4994 gentes
1213 4924 1384 4980 fuisse
1408 4926 1563 4997 du_as,
1598 4924 1962 4997 Pelasgosat-

388 4993 509 5068 que,
534 4994 872 5068 Tyrrhenos,
904 4993 1196 5068 sicitamen
1221 5004 1281 5068 ut
1307 5010 1429 5049 cum
1470 4993 1707 5068 Pelasgi,
1739 4993 1809 5049 ah
1836 4994 1963 5051 Hel—

388 5063 605 5123 lenibus
653 5066 829 5137 patria
864 5064 1032 5135 pulsi,
1080 5063 1488 5137 Tyrrhenorum
1532 5064 1588 5119 in
1629 5063 1748 5137 solo
1768 5079 1964 5122 conse-

384 5139 619 5203 dissent,
654 5134 779 5192 ’non
817 5134 1028 5190 tantum
1057 5134 1604 5203 generisutriusque
1640 5134 1796 5205 facta
1838 5150 1963 5205 per-

386 5208 573 5263 mistio
606 5207 699 5273 sit,
734 5220 923 5261 verum
980 5206 1165 5259 etiam\
1199 5205 1442 5259 nominis
1499 5204 1743 5273 ejusdem
1772 5204 1959 5261 secuta

386 5277 724 5340 communio,
753 5284 816 5331 ut
840 5274 1108 5347 Tyrrheni
1156 5274 1447 5347 omnesgab
1516 5274 1787 5347 aliis,_gab
1838 5277 1961 5333 aliis

387 5347 596 5418 Pelasgi
622 5344 934 5416 promiscue
966 5346 1294 5418 dicerentur.
1343 5345 1436 5418 Sic
1483 5354 1630 5408 ante,
1660 5344 1957 5418 Phrygum,

387 5414 936 5488 'l‘eucforumLatque
968 5414 1333 5488 Trojanorum
1387 5414 1597 5480 fuerat;
1655 5416 1735 5470 sic
1766 5414 1962 5471 etiam-

386 5501 517 5540 num
537 5484 685 5556 viget
721 5484 1061 5542 Francorum
1098 5484 1493 5556 Gallorumque
1530 5500 1822 5541 commune
1861 5503 1960 5541 no-

386 5571 509 5612 men
517 5594 536 5613 ο

459 5625 663 5697 (ιϐ-17)
699 5626 1193 5694 Ἐπαναστάσεις.
1216 5624 1587 5697 Conjiciebam
1617 5626 1957 5697 μεταναστά-

390 5713 524 5759 σεις.
559 5696 629 5768 At
646 5696 880 5768 uterque
904 5714 1183 5754 manuscr.
1213 5696 1627 5768 ἀπαναστάσεις
1640 5698 1820 5761 habet,
1847 5713 1956 5752 non

389 5768 550 5826 modo
581 5767 690 5835 hic,
747 5769 841 5825 sed
888 5770 1051 5826 etiam
1089 5784 1209 5841 pag.
1244 5776 1522 5841 sequente.
1579 5767 1711 5836 Quae
1761 5783 1865 5825 vox
1903 5777 1957 5826 et

2067 4643 2089 4669 ε
2135 4632 2222 4685 ἷσ.
2260 4627 2704 4702 μεταναστάσεις.

2063 4786 2204 4843 idem
2229 4786 2518 4856 signiﬁcat.
2550 4795 2604 4841 et
2625 4785 2812 4841 leviori
2851 4784 3148 4856 mutatione
3174 4783 3458 4856 sullicitur.

2135 4858 2247 4927 (tu)
2281 4851 2649 4924 Ὁεοϐλαϐειᾳ
2688 4853 3214 4927 ἀπελαυνομένων.
3258 4854 3415 4927 Dion.
3438 4892 3455 4919 ,
3500 4851 3657 4927 ἀπε-

2062 4923 2410 4997 λαυνόμεναι,
2439 4929 2589 4997 quod
2608 4923 3007 4997 diuriusculum
3044 4926 3297 4997 videtur.
3318 4925 3503 4980 Genus
3530 4923 3655 4981 hoc

2062 4997 2345 5121 hominulm
2371 4997 2534 5051 iidem
2563 4996 2737 5052 Graeci
2763 4996 3081 5069 ποινήλατον
3128 4996 3502 5067 signiﬁcanter
3538 5008 3655 5050 vo-

2063 5083 2188 5121 care
2225 5083 2287 5121 so
2309 5075 2418 5121 ent.

2063 5083 2188 5122 care
2225 5075 2418 5122 solent.

2133 5137 2244 5210 (19)
2267 5137 2534 5210 Λέγουσι
2552 5136 2638 5210 δέ.
2668 5134 2812 5191 Idem
2844 5136 3066 5210 Dionys.
3094 5137 3217 5193 eod.
3262 5139 3382 5206 lib.,
3415 5155 3469 5210 p.
3505 5144 3608 5203 50.

2154 5207 2246 5277 20)
2280 5206 2450 5273 Τέως.
2485 5206 2678 5277 Helius
2700 5206 3000 5277 quadraret
3024 5208 3149 5271 ἕως.

2156 5276 2247 5349 21)
2284 5278 2409 5332 Ἐπὶ
2436 5276 2519 5349 τῷ
2538 5276 2857 5347 Σατορνιῳ.
2888 5278 3094 5332 Collem
3140 5278 3507 5349 Capitolinum
3553 5287 3660 5342 in-

2062 5347 2273 5417 telligit,
2298 5364 2458 5418 quem
2489 5347 2807 5402 Saturnium
2834 5349 3133 5417 antiquitus
3161 5347 3448 5406 vocabant.
3489 5353 3652 5412 Idem

2100 5418 2273 5495 ag}?
2308 5419 2547 5495 diserte:
2582 5418 2763 5495 _A6cpov
2784 5419 3091 5495 έτὲτῄδειον
3116 5421 3387 5495 εδρόντες,
3416 5440 3661 5495 τριστα-

2059 5436 2184 5543 gag.
2203 5436 2269 5471 21
2308 5436 2509 5473 utserte
2532 5436 2547 5471 :
2587 5436 2763 5489 Λοφον
2791 5436 3091 5490 επιτηοειον
3116 5436 3387 5493 ευροντες,
3416 5440 3659 5495 τριστα-

2095 5491 2158 5564 ίῳ
2268 5488 2498 5564 μάλιστα
2529 5490 2691 5564 μήκει
2718 5488 2813 5564 τοῦ
2830 5488 3546 5564 Παλαντίουίδιειργόμενον,
3583 5497 3659 5563 ὃς

2060 5559 2156 5648 νῦχ
2188 5560 2285 5645 μὲν
2320 5559 2698 5648 Καπιτωλῖνος
2737 5560 3068 5648 όνομάζεται
3087 5604 3102 5627 ,
3129 5562 3233 5614 ὑπὸ
3368 5559 3480 5648 τῶν
3513 5559 3659 5621 τότέ

2060 5629 2361 5753 ἀνθρώπων
2416 5630 2700 5702 Σατόρνιος
2747 5629 2980 5702 ἐλέγετο,
3034 5630 3222 5708 ὥςπερ
3275 5634 3340 5688 ἂν
3380 5634 3525 5692 είποι
3549 5651 3658 5708 τις

2073 5700 2162 5759 Ἑλ
2197 5700 2280 5755 άδι
2308 5704 2479 5771 φωνῇ,
2521 5704 2790 5774 Κρόνιος.
