3850 6222
155 311 248 366 231
1324 304 1651 364 ΡΒᾸΣΡΑΗ.
1683 304 1735 361 Ε

1845 303 1938 361 ια.
1977 303 2108 360 LIB.
2150 305 2238 361 IV.

3312 305 3422 362 282

154 424 381 498 καθαρῷ
414 425 551 495 πυρὶ
577 422 978 494 ἀγιαζομένων.
1013 422 1128 476 Ἵνα
1160 420 1217 475 δὲ
1255 421 1423 493 μηδὲν
1454 418 1627 494 ᾖτοῖς
1654 420 1735 473 ἀν·

1846 419 2133 476 honestam
2160 403 2385 475 causam
2423 434 2488 474 ac
2522 419 2760 491 speciem
2793 419 2864 475 ab
2895 420 3123 475 adversa
3185 418 3424 479 factione

155 515 391 588 θρώποις
430 514 587 578 δέους
616 513 894 585 ἐνθύμιον,
933 512 1009 577 ὡς
1047 510 1294 583 πατρίων
1326 510 1585 582 ὴλογήκει
1624 509 1735 582 (22)

154 607 350 661 θυσιῶν
386 607 603 675 διδάξαι
647 607 775 671 τοὺς
812 606 1140 677 ἐπιχωρίους
1183 604 1737 676 ἁπομειλισσομένους

154 697 247 768 τὴν
275 696 372 750 τοῦ
406 698 537 751 θεοῦ
567 696 750 769 μῆνιν,
783 696 905 751 ἀντὶ
930 694 1035 749 τῶν
1062 692 1386 766 ἀνθρώπων,
1411 694 1506 758 οὒς
1536 710 1738 763 συμπο-

151 788 403 853 δίζοντες,
440 790 539 843 καὶ
570 788 681 842 τῶν
719 788 920 861 χειρῶν
954 789 1214 858 ἀκρατεῖς
1250 787 1552 851 ποιοῦντες.
1585 784 1736 857 ἐρρι-

153 897 277 933 πτον
308 882 392 944 είς
424 880 490 934 τὸ
521 880 617 935 τοῦ
647 881 926 953 Τιϐέρεως
965 879 1201 952 ῥεῖθρον,
1232 879 1427 933 εῖδωλα
1456 879 1738 940 ποιοῦντες

152 973 492 1045 ἀνδρείκελα,
519 975 913 1046 κεκοσμημένα
944 972 1036 1025 τὸν
1064 973 1226 1027 αὑτὸν
1253 973 1481 1036 ἐκείνοις
1512 972 1733 1042 τρόπον,

152 1064 443 1134 ἐμϐάλλειν
479 1068 564 1129 είς
601 1065 695 1119 τὸν
723 1067 984 1138 ποταμὸν,
1014 1068 1104 1121 ἴνα
1143 1065 1204 1118 τὸ
1244 1064 1344 1135 τῆς
1376 1064 1588 1126 ὀττείας
1626 1064 1655 1116 ὅ
1685 1079 1737 1115 τι

150 1158 209 1229 δή
242 1175 372 1210 ποτε
397 1154 471 1230 ἦν
495 1160 556 1212 ὲν
587 1162 708 1222 ταῖς
733 1160 990 1215 ἁπάντων
1012 1159 1215 1230 ψυχαῖς
1253 1155 1566 1229 παραμένον
1592 1153 1738 1219 ἐξαι-

154 1250 299 1321 ρεθῇ,
331 1250 453 1303 τῶν
496 1251 724 1304 εἰκόνων
756 1251 850 1305 τοῦ
885 1250 1111 1305 παλαιοῦ
1142 1248 1348 1312 πάθους
1393 1247 1473 1300 ἔτι
1502 1246 1739 1316 σωζομέ-

150 1358 269 1395 νων.
300 1339 483 1394 Τοῦτο
524 1341 585 1394 δὲ
632 1343 727 1395 καὶ
761 1342 953 1414 μέχρις
999 1340 1133 1412 ἐμοῦ
1179 1340 1259 1393 ἔτι
1304 1338 1569 1392 διετέλουν
1613 1337 1739 1390 Ῥω-

152 1435 294 1501 μαῖοι
329 1432 600 1497 δρῶντες,
642 1432 725 1487 ἔτι
766 1446 792 1473 ι
826 1434 1019 1505 μικρὸν
1050 1432 1273 1505 ὕστερον
1301 1431 1522 1501 ἐαρινῆς
1556 1432 1740 1501 ἰσημε-

151 1524 280 1595 ρίας,
304 1525 365 1576 έν
398 1525 539 1595 μηνὶ
567 1525 730 1596 Μαΐῳ
758 1527 879 1588 ταῖς
911 1525 1273 1594 καλουμέναις
1300 1523 1485 1587 εἰδοῖς,
1521 1523 1739 1594 διχομή-

148 1615 254 1668 νιδα
278 1615 608 1686 βουλόμενοι
633 1616 839 1686 ταύτην
865 1611 1127 1687 εἶναιτὴν
1161 1616 1373 1687 ἡμέραν
1396 1633 1408 1645 ·
1442 1618 1500 1668 ὲν
1600 1632 1736 1687 προ-

148 1703 405 1769 θύσαντες
457 1706 635 1777 ἱερεῖα
664 1705 736 1775 τὰ
766 1706 906 1759 κατὰ
942 1708 1067 1770 τοὺς
1097 1706 1293 1777 νόμους
1334 1707 1383 1758 οἱ
1413 1704 1737 1775 καλούμενοι

1844 511 2012 582 pulsi,
2042 512 2338 582 multaeque
2382 519 2671 582 propterea
2720 512 3100 582 migrationes,
3151 529 3274 584 quae
3324 512 3427 569 Pe-

1846 605 2053 676 lasgam
2089 616 2302 674 gentem
2331 605 2512 659 varias
2540 605 2596 659 in
2645 614 2820 660 terras
2852 606 3010 676 longe
3059 606 3278 676 lateque
3324 605 3424 661 de-

1844 704 2157 765 portarunt.
2198 713 2218 746 )
2257 696 2335 748 Ac
2362 695 2553 764 paucis
2587 694 2911 764 interjectis,
2949 713 2968 745 ι
3004 693 3207 749 Ferunt
3232 695 3422 761 etiam,

1845 784 2045 855 inquit,
2081 782 2323 838 Saturno
2349 793 2559 838 veteres
2586 783 3070 855 (quemadmodum
3097 794 3151 839 et
3193 784 3426 839 Cartha-

1844 877 1968 948 gine
1988 875 2117 929 dum
2148 883 2426 945 superstes
2446 884 2612 941 esset,
2640 883 2692 929 et
2718 875 2859 944 apud
2887 874 3069 929 Gallos
3098 875 3422 938 etiamnum,

1848 971 2098 1037 aliosque
2151 969 2450 1023 nonnullos
2485 966 2799 1022 Occidentis
2846 967 3078 1037 populos
3110 966 3224 1021 ﬁeri
3261 965 3424 1036 solet)

1844 1064 2096 1119 homines
2137 1064 2456 1118 immolasse
2490 1081 2504 1118 :
2533 1062 2627 1132 qui
2664 1076 2786 1116 mos
2807 1061 3059 1117 sublatus
3092 1059 3160 1113 ab
3195 1057 3426 1114 Hercule

1846 1156 2029 1223 fuerit,
2052 1172 2178 1211 cum
2212 1157 2328 1226 ipse
2356 1155 2611 1225 princeps
2641 1163 2694 1208 et
2730 1168 2881 1208 aram
2914 1153 2969 1206 in
3004 1152 3141 1207 colle
3168 1149 3426 1205 Saturnio

1844 1250 2076 1320 erigere,
2111 1255 2166 1302 et
2191 1261 2455 1318 purarum
2488 1245 2794 1298 hostiarum
2829 1242 3103 1313 primitias
3130 1255 3267 1312 puro
3312 1240 3424 1309 igni

1845 1355 2172 1396 consecrare
2208 1339 2494 1394 voluisset.
2528 1336 2704 1406 Atque
2724 1335 2794 1400 is,
2826 1343 2887 1387 ut
2918 1335 3067 1404 ipsos
3090 1333 3240 1387 omni
3276 1343 3423 1386 metu

1846 1447 1911 1487 ac
1942 1431 2207 1501 religione
2237 1429 2492 1494 solveret,
2533 1427 2578 1481 si
2634 1441 2743 1495 qua
2796 1423 2939 1479 forte
2993 1440 3131 1491 sese,
3163 1434 3423 1494 tanquam

1844 1525 2039 1595 patriis
2070 1523 2244 1579 sacris
2297 1520 2578 1591 neglectis,
2638 1519 2910 1590 obligatos
2958 1526 3237 1589 putarent,
3284 1517 3427 1572 hanc
3514 1564 3521 1569 .

1844 1631 1941 1672 eos
1971 1615 2221 1686 placandi
2252 1614 2496 1669 numinis
2526 1612 2794 1667 rationem
2823 1611 3030 1674 docuit,
3063 1619 3123 1665 ut
3153 1611 3207 1664 in
3243 1610 3424 1665 locum

1846 1708 2156 1772 hominum,
2212 1722 2353 1776 quos
2406 1706 2662 1761 manibus
2716 1713 2842 1759 ante
2874 1704 3213 1774 pedibusque
3246 1701 3397 1756 revin

147 1795 498 1864 Ποντίφικες,
532 1798 726 1868 ἱερέων
767 1798 817 1850 οἱ
861 1798 1290 1868 διαφανέστατοι,
1316 1798 1410 1851 καὶ
1432 1799 1527 1851 σὺν
1560 1799 1735 1861 αὐτοῖς

1848 1803 1950 1858 etis
1977 1803 2031 1855 in
2065 1800 2306 1856 Tiberim
2348 1799 2731 1870 projiciebant,
2790 1796 3076 1852 hominum
3131 1794 3426 1850 simulacra

146 1891 195 1943 αἱ
220 1891 283 1944 τὸ
314 1889 599 1945 ἀθάνατον
628 1891 741 1961 πῦρ
773 1892 1225 1960 διαφυλάττουσαι
1262 1891 1544 1962 παρθένοι,
1576 1908 1743 1962 στρα-

145 1982 291 2053 τηγοί
322 1998 385 2035 τε
451 1982 550 2035 καὶ
578 1981 687 2034 τῶν
711 1981 887 2035 ἄλλων
920 1980 1174 2045 πολιτῶν,
1208 1980 1301 2045 οὓς
1338 1983 1597 2052 παρεῖναι
1621 1983 1742 2043 ταῖς

146 2074 483 2147 ἱερουργίαις
512 2074 696 2145 θέμις,
740 2074 938 2127 εἴδωλα
967 2076 1047 2138 είς
1087 2074 1301 2147 μορφὴν
1339 2072 1645 2145 ἀνθρώπων
1674 2073 1745 2125 εἰ·

144 2168 385 2238 κασμένα
420 2165 729 2238 τριάκοντα
760 2166 852 2218 τὸν
877 2165 1106 2238 ἀριθμὸν
1136 2165 1244 2219 ἀπὸ
1271 2165 1372 2235 τῆς
1402 2166 1552 2235 ἱερᾶς
1577 2164 1744 2235 γεφύ-

147 2276 237 2328 ρας
261 2257 565 2327 βάλλουσιν
604 2258 686 2319 εἰς
717 2257 780 2309 τὸ
810 2255 986 2326 ῥεῦμα
1009 2256 1105 2309 τοῦ
1136 2256 1430 2328 Τιϐέρεως,
1464 2255 1743 2328 Ἀργείους

141 2349 272 2402 αὐτὰ
293 2347 625 2412 καλοῦντες.
663 2366 683 2398 ι
721 2347 971 2401 Τοσαῦτα
1006 2348 1107 2418 μὲν
1138 2347 1202 2419 δὴ
1218 2348 1413 2405 ταῦτα.
1430 2349 1540 2402 Καὶ
1572 2350 1601 2399 ό
1625 2347 1744 2401 Διό-

137 2441 301 2512 δωρος
325 2441 387 2495 δὲ
412 2441 487 2494 τὰ
512 2442 680 2511 ὃμοια
701 2440 913 2504 τούτοις
942 2443 999 2494 ὲν
1024 2442 1243 2512 εἰκοστῇ
1274 2440 1442 2512 βίϐλῳ
1459 2442 1554 2511 τῆς
1571 2441 1744 2496 Ἰστο-

129 2531 305 2601 ρικ-ῆς
326 2531 747 2599 Βιϐλιοθήκης
767 2534 988 2604 ἱστορεῖ,
1011 2533 1148 2604 μετὰ
1168 2534 1267 2603 τὴν
1285 2532 1630 2606 Ἀλεξάνδρου
1648 2532 1740 2587 τοῦ

131 2623 452 2687 Μακεδόνος
496 2623 782 2695 τελευτὴν,
833 2625 929 2678 ἐπὶ
960 2623 1056 2677 τοῦ
1098 2623 1318 2695 πρώτου
1370 2625 1736 2695 Πτολεμαίου,

132 2718 265 2787 περὶ
288 2715 691 2788 Καρχηδονίων
714 2716 821 2769 ὑπὸ
836 2717 1226 2786 Ἀγαθοκλέους
1253 2718 1364 2787 (25)
1383 2718 1474 2771 τοῦ
1493 2718 1742 2784 Σικελίας

131 2808 405 2880 τυράννου
436 2808 940 2880 πολιορκουμένων,
965 2810 1136 2863 ταῦτα
1165 2809 1303 2881 πρὸς
1322 2809 1467 2875 λέξιν
1491 2811 1737 2883 γράφων⁸

138 2922 153 2952 ι
197 2903 478 2974 ᾟτιῶντο
504 2901 620 2972 (24)
653 2902 712 2955 δὲ
746 2903 842 2956 καὶ
870 2903 961 2956 τὸν
1004 2904 1211 2975 Κρόνον
1240 2904 1424 2967 αὐτοῖς
1469 2902 1744 2957 ἐναντιοῦ-

133 2995 294 3058 σθαι,
353 2994 596 3048 καθόσον
649 2998 709 3048 ὲν
756 2998 869 3059 τοῖς
915 2994 1222 3067 ἔμπροσθεν
1278 2996 1490 3068 χρόνοις
1523 2995 1744 3062 θύοντες

132 3088 315 3159 τούτῳ
360 3087 446 3157 τῷ
490 3086 601 3157 θεῷ
630 3086 740 3139 τῶν
784 3086 916 3140 υἱῶν
960 3088 1086 3151 τοὺς
1119 3088 1444 3158 κρατίστους
1466 3126 1482 3152 ,
1514 3086 1740 3162 ὕστερον
1763 3125 1813 3187 c

130 3180 446 3251 ὠνούμενοι
473 3179 650 3252 λάθρα
678 3179 895 3242 παῖδας,
923 3179 1017 3231 καὶ
1042 3178 1337 3250 θρέψαντες
1365 3180 1611 3251 ἔπεμπον
1647 3182 1741 3237 ἐπὶ

130 3273 236 3343 τὴν
258 3271 482 3335 θυσίαν,
508 3273 605 3325 καὶ
628 3269 908 3342 ζητήσεως
929 3271 1247 3342 γενομένης,
1273 3272 1574 3345 εὑρέθησάν
1596 3292 1739 3340 τινες

131 3364 246 3416 τῶν
269 3363 836 3435 καθιερουργημένων
867 3362 1243 3432 ὑποϐολιμαῖοι
1264 3365 1567 3432 γεγονότες.
1598 3365 1738 3420 Τού-

1843 1895 2036 1951 eodem
2068 1903 2266 1949 ornata
2294 1894 2466 1959 cultu,
2493 1892 2796 1961 eodemque
2825 1890 2934 1943 ritu
2966 1892 3019 1942 in
3046 1887 3268 1941 ﬁuvium
3301 1887 3427 1939 mit-

1844 1987 2005 2043 tenda
2034 1985 2376 2051 sullicerent;
2433 1985 2511 2038 uti
2571 1984 2617 2036 si
2665 1981 2796 2052 quid
2850 1979 3029 2034 adhuc
3055 1977 3336 2048 religionis
3368 1977 3423 2029 in

1843 2079 2169 2149 cujusquam
2201 2054 2386 2131 animo
2415 2074 2700 2138 resideret,
2732 2082 2904 2128 totum
2937 2071 2990 2125 id
3032 2068 3303 2135 funditus,
3338 2081 3426 2121 re-

1842 2182 1991 2228 tenta
2022 2171 2106 2226 vel
2137 2171 2318 2242 specie
2345 2178 2503 2224 tenus
2528 2166 2781 2224 sacriﬁcii
2809 2165 3011 2220 veteris
3045 2162 3423 2232 usurpatione,

1842 2266 2148 2320 tolleretur.
2182 2263 2362 2333 Atque
2391 2262 2540 2315 hunc
2567 2274 2779 2314 morem
2826 2258 3130 2313 etiamnum
3188 2252 3427 2308 Romani

1843 2365 2086 2423 servant,
2118 2356 2281 2426 paulo
2309 2362 2434 2425 post
2484 2369 2714 2408 vernum
2774 2348 3189 2420 aequinoctium,
3243 2343 3425 2405 Maiis,

1841 2465 1981 2519 quas
2015 2448 2307 2519 appellant,
2334 2445 2542 2512 Idibus,
2574 2444 2655 2500 sie
2696 2443 2957 2497 nimirum
3004 2448 3066 2495 ut
3111 2454 3176 2493 eo
3214 2437 3302 2492 die
3343 2435 3428 2490 di-

1842 2539 2107 2594 midiatus
2140 2539 2284 2592 lunze
2306 2536 2459 2591 orbis
2488 2541 2768 2606 appareat.
2821 2532 2958 2585 Tum
3005 2546 3138 2586 vero
3168 2528 3429 2584 solemni—

1841 2629 1947 2686 bus
1982 2629 2181 2683 hostiis
2222 2628 2327 2683 rite
2377 2627 2652 2690 mactatis,
2706 2623 2995 2695 pontiﬁces
3051 2621 3219 2692 (quod
3270 2635 3427 2674 sum-

1842 2737 1994 2776 mum
2023 2720 2167 2791 apud
2198 2735 2293 2774 eos
2322 2715 2689 2773 sacerdotium
2734 2715 2839 2771 est)
2888 2712 3162 2780 simulque
3194 2709 3429 2763 vestales

1840 2814 2105 2885 virgines,
2133 2812 2338 2883 quibus
2368 2808 2694 2865 immortalis
2746 2806 2889 2877 ignis
2940 2805 3149 2860 credita
3177 2801 3429 2857 custodia

1841 2914 1925 2960 est
1959 2921 2068 2959 una
2118 2920 2244 2959 cum
2272 2902 2598 2973 praztoribus
2626 2900 2947 2969 czetcrisque
3000 2895 3231 2960 civibus,
3290 2910 3429 2965 quos

1841 2995 2064 3066 quidem
2111 2994 2286 3048 sacris
2332 2993 2599 3048 interesse
2655 2989 2738 3045 fas
2778 2998 2882 3054 est,
2917 2986 3140 3057 triginta
3168 2986 3220 3040 id
3255 2999 3427 3053 genus

1843 3087 2130 3143 hominum
2186 3087 2240 3141 in
2304 3087 2544 3155 speciem
2592 3083 2964 3138 eonformatas
2999 3080 3267 3151 imagines
3298 3078 3427 3143 (Ar-

1842 3197 1978 3255 geos
2036 3180 2139 3251 ipsi
2192 3180 2412 3249 vocant)
2458 3178 2513 3233 in
2564 3175 2804 3231 Tiberim
2852 3173 3076 3228 ﬂuvium
3139 3173 3206 3227 de
3257 3170 3429 3226 Sacro

1842 3281 2009 3344 ponte
2043 3272 2329 3343 dejieiunt.
2374 3289 2391 3323 ι
2429 3268 2705 3324 Hactenus
2752 3266 3066 3337 Dionysius.
3124 3262 3232 3319 Nec
3279 3262 3427 3317 absi-

1841 3366 1990 3419 milia
2029 3374 2179 3430 sunt,
2210 3379 2332 3433 quae
2362 3378 2391 3417 a
2423 3362 2664 3417 Diodoro
2698 3358 2884 3415 Siculo
2915 3366 3230 3420 narrantur,
3283 3356 3425 3411 libro

132 3474 245 3509 των
276 3457 337 3511 δὲ
378 3455 647 3519 λαϐόντες
679 3454 918 3519 ἔννοιαν,
968 3456 1061 3509 καὶ
1108 3456 1236 3520 τοὺς
1279 3457 1571 3529 πολεμίους
1600 3459 1735 3531 πρὸς

1845 3459 2128 3513 Historiae
2154 3456 2495 3512 Bibliotheca:
2519 3454 2803 3517 vicesimo,
2842 3452 2932 3506 ubi
2972 3458 3096 3521 post
3122 3449 3415 3504 Alexandri

137 3548 250 3609 τοῖς
286 3547 540 3615 τείχεσιν
574 3543 812 3616 ὁρῶντες
862 3545 1422 3616 στρατοπεδεύοντας,
1457 3550 1739 3604 ἐδεισιδαι-

144 3637 336 3707 μόνουν
386 3637 468 3701 ὡς
520 3635 950 3699 καταλελυκότες
998 3637 1097 3701 τὰς
1134 3638 1399 3709 πατρίους
1439 3640 1548 3694 τῶν
1600 3641 1739 3696 θεῶν

140 3730 322 3800 τιμάς.
376 3725 795 3800 Δωρθὼσασθαι
845 3727 903 3780 δὲ
952 3727 1049 3791 τὰς
1098 3730 1320 3798 ἀγνοίας
1368 3731 1691 3796 σπεύδοντες
1718 3773 1733 3798 ,

140 3821 453 3884 διακοσίους
490 3821 592 3891 μὲν
627 3819 735 3873 τῶν
778 3821 1225 3890 ἐπιφανεστάτων
1267 3824 1474 3878 παίδων
1503 3826 1734 3899 προκρί-

140 3930 351 3979 ναντες,
387 3911 595 3965 ἔθυσαν
617 3912 883 3983 δημοσίᾳ·
915 3912 1063 3965 ἄλλοι
1093 3913 1160 3977 δ’,
1185 3915 1241 3967 ὲν
1262 3914 1535 3980 διαϐολαῖς
1560 3915 1733 3981 ὄντες,

143 4005 407 4069 ἑκουσίως
446 4002 680 4067 ἑαυτοὺς
710 4003 928 4065 ἔδοσαν,
958 4003 1055 4057 οὐκ
1098 4004 1355 4068 ἐλάττους
1391 4005 1541 4070 ὄντες
1578 4024 1735 4080 τρια-

142 4097 359 4151 κοσίων.
387 4092 503 4149 Ἦν
526 4094 582 4147 δὲ
615 4096 744 4167 παρ’
773 4096 963 4158 αὐτοῖς
991 4095 1215 4167 ἀνδριὰς
1240 4097 1449 4168 Κρόνου
1478 4098 1732 4169 χαλκοῦς,

144 4187 457 4250 ἐκτετακὼς
505 4185 608 4248 τὰς
653 4188 844 4258 χεῖρας
882 4185 1079 4250 ὑπτίας
1119 4188 1489 4258 ὲκτεταμένας
1522 4191 1613 4244 ἐπὶ
1636 4190 1738 4261 τῆς

143 4281 274 4350 γῆς,
305 4279 454 4333 ὥστε
506 4277 600 4330 τὸν
648 4276 965 4330 συντιθέντα
1006 4276 1114 4331 τῶν
1161 4278 1365 4332 παίδων
1418 4281 1731 4336 ἀποκωλύε-

146 4371 262 4425 σθαι
304 4370 463 4441 (25),
513 4369 609 4422 κα)⁵
659 4367 882 4421 πίπτειν
934 4369 1012 4431 είς
1042 4386 1092 4422 τι
1138 4370 1324 4441 χάσμα
1373 4370 1577 4444 πλῆρες
1630 4392 1735 4428 πυ..

145 4463 311 4533 ρός.»

1845 3548 2162 3603 Macedonis
2190 3548 2425 3613 obitum,
2454 3547 2601 3602 circa
2655 3545 2931 3599 Ptolemaei
2962 3544 3123 3614 primi
3156 3552 3423 3612 tempora,

1840 3642 1909 3697 de
1963 3640 2496 3712 Carthaginiensibus
2543 3640 2613 3693 ab
2665 3638 2962 3709 Agathocle
3014 3636 3215 3691 Siciliae
3267 3634 3421 3704 16],

1840 3745 2073 3800 tyranno
2113 3736 2358 3791 obsessis
2408 3736 2476 3789 ad
2530 3734 2755 3788 verbum
2794 3734 2865 3787 ita
2895 3732 3157 3787 scribilzt
3194 3728 3422 3791 Iratum,

1840 3830 2038 3898 inquit,
2070 3828 2172 3882 sibi
2203 3836 2464 3898 praeterea
2502 3825 2799 3881 Saturnum
2831 3841 2955 3881 esse
3009 3826 3112 3878 hac
3144 3823 3211 3877 de
3258 3836 3425 3876 causa

1839 3920 2185 3985 dictitabant,
2219 3919 2365 3989 quod
2388 3934 2514 3973 cum
2553 3919 2654 3988 ipsi
2678 3929 2835 3972 antea
2863 3918 3163 3971 liberorum
3192 3929 3421 3969 suorum

1838 4012 2028 4067 ﬂorem
2058 4013 2428 4077 immolarent,
2461 4011 2715 4081 deinceps
2747 4026 2854 4065 non
2886 4011 2990 4064 nisi
3020 4023 3220 4079 pueros
3256 4021 3425 4076 quos-

1839 4106 1964 4160 dam
2019 4103 2208 4159 furtim
2254 4114 2535 4174 coemptos
2583 4112 2747 4174 atque
2776 4103 2876 4157 abs
2911 4117 3031 4157 sese
3069 4099 3329 4154 educatos
3356 4097 3425 4152 ad

1840 4195 2169 4251 sacriﬁcium
2224 4195 2626 4252 submitterent.
2679 4193 2866 4263 Itaque
2917 4192 3021 4247 hac
3059 4191 3127 4246 de
3184 4204 3243 4245 re
3272 4203 3425 4258 quae-

1842 4288 2023 4344 stione
2052 4287 2263 4352 habita,
2290 4286 2585 4342 nonnullos
2614 4303 2681 4341 ex
2732 4286 2822 4351 iis,
2861 4285 2956 4354 qui
3002 4298 3162 4339 sacro
3218 4296 3282 4335 ac
3335 4295 3426 4335 so-

1840 4379 2007 4435 lemni
2043 4380 2151 4434 ritu
2174 4380 2299 4435 caesi
2328 4391 2506 4445 erant,
2557 4378 2941 4450 supposititios
2988 4375 3161 4431 fuisse
3209 4388 3426 4443 repere-

1767 4465 1813 4521 D
1845 4480 1993 4525 runt.
2029 4470 2163 4537 Qua:
2189 4487 2313 4526 cum
2349 4485 2535 4525 secum
2563 4469 2666 4538 ipsi
2700 4475 3037 4537 reputarent,
3077 4463 3427 4531 hostiumque

142 4568 317 4614 castra
366 4556 652 4613 menibus
687 4555 806 4612 suis
852 4555 1140 4611 imminere
1180 4568 1487 4624 cernerent,
1539 4577 1733 4633 magna
1776 4570 1884 4625 illis
1914 4568 2114 4640 injecta
2178 4569 2370 4638 religio
2402 4577 2507 4632 est,
2537 4567 2695 4637 quasi
2726 4566 2931 4636 patrios
2963 4565 3190 4620 deorum
3249 4562 3426 4615 hono-

142 4666 225 4706 ηδ
294 4651 681 4709 δυεῑυιίδεθηῑ·
719 4651 901 4720 Αιίιιιθ
950 4649 1095 4706 hunc
1147 4667 1390 4708 errorem
1451 4664 1513 4711 ut
1562 4668 1775 4718 mature
1832 4675 2212 4734 procurarent,
2266 4665 2504 4735 primum
2559 4663 2781 4734 quidem
2826 4662 3062 4718 eximios
3116 4657 3428 4715 communi-

142 4745 351 4815 basque
426 4746 604 4801 lectos
651 4745 933 4816 suﬂ'ragiis
964 4746 1336 4804 adolescentes
1395 4753 1621 4810 omnino
1679 4758 1948 4816 ducentos
2012 4762 2228 4830 publice
2290 4757 2911 4815 inunolaruntzdcinde
2958 4769 3087 4810 vero
3134 4753 3225 4807 alii
3288 4765 3429 4821 prat-

142 4848 310 4907 terea,
347 4838 701 4911 quiviolalte
771 4838 1060 4909 religionis
1108 4841 1348 4910 suspecti
1380 4845 1542 4915 vulgo
1606 4862 1812 4919 essent,
1854 4855 1998 4908 ultro
2062 4870 2182 4910 sese
2231 4869 2296 4910 ac
2356 4862 2551 4923 sponte
2603 4852 2941 4916 obtulerunt,
2983 4846 3241 4903 trecentis
3279 4840 3425 4897 haud

139 4932 456 4998 pauciores.
515 4930 649 4985 Erat
710 4942 896 4987 autem
979 4934 1122 5003 apud
1177 4950 1275 4991 eos
1329 4939 1690 4997 simulacrum
1748 4945 1970 5004 Saturni
2019 4965 2246 5014 aereum,
2304 4948 2515 5018 supinis
2567 4961 2631 5002 ac
2687 4944 3053 5016 pendentibus
3105 4941 3161 4995 in
3223 4948 3426 4993 terram

140 5027 422 5092 manibus,
471 5034 538 5081 ut
577 5026 870 5117 impositus
902 5027 1033 5097 ipsis
1064 5030 1382 5089 adolescens
1425 5037 1726 5107 subjectam
1765 5044 1820 5099 in
1889 5046 2104 5102 foveam
2134 5046 2355 5117 ignique
2395 5029 2630 5116 'plenam
2689 5044 3000 5096 vol-veretur
3039 5055 3103 5094 ac
3133 5043 3339 5093 rueret.
3397 5055 3417 5087 ι

203 5117 451 5171 Τοιαῦτα
480 5117 548 5188 δὴ
589 5119 683 5171 καὶ
717 5111 874 5182 οὗτος
906 5118 992 5172 διὰ
1040 5122 1137 5194 τῆς
1188 5126 1397 5189 οἰκείας
1446 5128 1734 5201 Ἱστορίας

141 5210 484 5282 παρέδωκεν.
524 5210 763 5275 Εἰκότως
793 5211 903 5284 ἄρα
935 5216 1079 5285 καὶὴ
1121 5219 1251 5288 παρ’
1286 5219 1559 5289 Ἑϐραίοις
1592 5224 1736 5297 Γρα-

143 5305 212 5374 φὴ
239 5303 676 5372 καταμέμφεται
702 5307 819 5368 τοῖς
848 5303 920 5358 τὰ
951 5307 1175 5362 τοιαῦτα
1213 5309 1489 5382 ζηλώσασι
1525 5314 1635 5371 τῶν
1666 5320 1733 5373 ἐκ

208 5408 236 5435 ⁸
278 5396 410 5446 ὅσον
444 5411 497 5446 τι
529 5393 590 5446 D.

208 5408 236 5435 ⁸
278 5408 410 5449 οσον
444 5411 497 5447 τι
529 5408 590 5447 υ.

206 5487 322 5563 (ἓξ)
359 5488 742 5563 ᾙλοτηκόοξι.
772 5488 959 5563 Dio_n.,
979 5493 1068 5562 qui
1092 5494 1255 5562 paulo
1275 5504 1400 5557 ante
1422 5512 1532 5551 om.
1554 5497 1726 5563 δέους.

146 5626 158 5636 ¹
199 5558 324 5640 (κδ)
374 5558 819 5640 Ἀγαθοκλέους.
856 5558 1245 5620 Ευεέῦὶὸάοτ.
1281 5564 1451 5621 Sicul.
1476 5568 1512 5621 l.
1540 5584 1630 5623 nx
1661 5558 1730 5625 ab

146 5629 315 5693 initio,
343 5642 404 5683 et
442 5629 542 5683 lib.
585 5645 679 5685 xx.

208 5698 322 5768 (9.4)
348 5698 682 5777 ςῌτιῶντρ,
708 5710 814 5777 etc.
846 5700 1064 5777 Diodor.
1094 5706 1130 5759 I.
1164 5723 1257 5770 xx,
1292 5723 1345 5777 p.
1382 5708 1484 5763 756
1513 5708 1576 5764 D.
1596 5711 1726 5765 edit.

147 5764 324 5825 om
345 5764 438 5839 Lf,
460 5780 583 5843 post
620 5764 955 5830 luculentam
978 5775 1121 5832 illam
1154 5764 1471 5851 Agathoclis
1495 5782 1560 5838 de
1591 5764 1725 5837 Car;

1912 5138 2039 5195 ﬂare
2065 5138 2183 5195 suis
2214 5139 2271 5193 in
2299 5136 2559 5191 Historiis
2590 5135 2883 5190 Diodorus.
2910 5131 3278 5200 Quamobrem
3306 5130 3434 5201 jure

1838 5247 1973 5290 sane
2026 5247 2099 5286 ao
2128 5231 2325 5285 merito
2362 5228 2715 5284 Hebraeorum
2752 5226 2953 5280 litteris
2997 5231 3301 5292 carpuntur
3352 5221 3429 5274 illi

1837 5333 2002 5395 atque
2022 5323 2515 5393 reprehenduntur,
2533 5321 2624 5390 qui
2638 5335 2701 5375 ex
2722 5317 3175 5374 circumcisorum
3195 5321 3431 5371 numero

1838 5502 2279 5572 tbaginiensibus
2308 5500 2613 5556 victoriam.

1912 5563 2026 5643 (95)
2057 5572 2420 5628 Συντιθέντα
2470 5587 2637 5643 an.
2688 5568 3166 5643 dxoxtultﬁsp'pm.
3219 5563 3420 5643 Facilis

1837 5637 1957 5701 erat
1995 5637 2331 5713 conjectura,
2370 5642 2654 5712 legendum
2675 5656 2818 5705 esse,
2845 5637 3182 5713 ἐπιτεθέντα,
3213 5646 3266 5691 et
3287 5638 3421 5713 ἀπο-

1838 5707 2144 5782 κυλίεσοαὶ,
2172 5717 2317 5786 quod
2345 5707 2641 5784 utr'umquc
2674 5721 2866 5783 postea
2892 5712 2946 5766 in
2965 5709 3204 5766 Diodoro
3224 5707 3421 5781 reperi.
