  <div class='ocr_page' id='page_1' title='image "/cluster/home/n/w/nwhite01/storage/ocr_20150623/21/nnc1.0046978437/179.png"; bbox 0 0 3850 6222; ppageno 0'>
   <div class='ocr_carea' id='block_1_1' title="bbox 451 270 559 325">
    <p class='ocr_par' dir='ltr' id='par_1_1' title="bbox 451 270 559 325">
     <span class='ocr_line' id='line_1_1' title="bbox 451 270 559 325; baseline -0.019 0"><span class='ocrx_word' id='word_1_1' title='bbox 451 270 559 325; x_wconf 72' lang='lat'><strong>285</strong></span> 
     </span>
    </p>
   </div>
   <div class='ocr_carea' id='block_1_2' title="bbox 1094 260 3036 325">
    <p class='ocr_par' dir='ltr' id='par_1_2' title="bbox 1094 260 3036 325">
     <span class='ocr_line' id='line_1_2' title="bbox 1094 260 3036 325; baseline -0.003 -2"><span class='ocrx_word' id='word_1_2' title='bbox 1094 267 1365 325; x_wconf 89' lang='lat' dir='ltr'><strong>EUSEBII</strong></span> <span class='ocrx_word' id='word_1_3' title='bbox 1408 268 1889 325; x_wconf 64' lang='lat' dir='ltr'><strong>CAESARIENSIS</strong></span> <span class='ocrx_word' id='word_1_4' title='bbox 1922 266 2072 325; x_wconf 85' lang='lat' dir='ltr'><strong>OPP.</strong></span> <span class='ocrx_word' id='word_1_5' title='bbox 2114 263 2297 321; x_wconf 81' lang='lat' dir='ltr'><strong>PARS</strong></span> <span class='ocrx_word' id='word_1_6' title='bbox 2334 263 2401 319; x_wconf 83' lang='lat' dir='ltr'><strong>ll.</strong></span> <span class='ocrx_word' id='word_1_7' title='bbox 2436 293 2505 304; x_wconf 94' lang='lat'><strong>—</strong></span> <span class='ocrx_word' id='word_1_8' title='bbox 2534 260 3036 319; x_wconf 81' lang='lat' dir='ltr'><strong>APOLOGETICA.</strong></span> 
     </span>
    </p>
   </div>
   <div class='ocr_carea' id='block_1_3' title="bbox 3619 259 3727 317">
    <p class='ocr_par' dir='ltr' id='par_1_3' title="bbox 3619 259 3727 317">
     <span class='ocr_line' id='line_1_3' title="bbox 3619 259 3727 317; baseline -0.019 0"><span class='ocrx_word' id='word_1_9' title='bbox 3619 259 3727 317; x_wconf 70' lang='grc'><strong>284</strong></span> 
     </span>
    </p>
   </div>
   <div class='ocr_carea' id='block_1_4' title="bbox 451 356 2029 443">
    <p class='ocr_par' dir='ltr' id='par_1_4' title="bbox 451 362 2029 437">
     <span class='ocr_line' id='line_1_4' title="bbox 451 362 2029 437; baseline -0.001 -17"><span class='ocrx_word' id='word_1_10' title='bbox 451 380 577 420; x_wconf 86' lang='lat' dir='ltr'><strong>cum</strong></span> <span class='ocrx_word' id='word_1_11' title='bbox 632 370 837 425; x_wconf 77' lang='lat' dir='ltr'><strong>essent,</strong></span> <span class='ocrx_word' id='word_1_12' title='bbox 889 362 1079 418; x_wconf 85' lang='lat' dir='ltr'><strong>iisdem</strong></span> <span class='ocrx_word' id='word_1_13' title='bbox 1130 373 1310 418; x_wconf 86' lang='lat' dir='ltr'><strong>tamen</strong></span> <span class='ocrx_word' id='word_1_14' title='bbox 1364 366 1726 437; x_wconf 82' lang='lat' dir='ltr'><strong>sesellagitiis</strong></span> <span class='ocrx_word' id='word_1_15' title='bbox 1779 366 2029 436; x_wconf 88' lang='lat' dir='ltr'><strong>inquina-</strong></span> 
     </span>
    </p>
   </div>
   <div class='ocr_carea' id='block_1_5' title="bbox 2139 356 3720 443">
    <p class='ocr_par' dir='ltr' id='par_1_5' title="bbox 2139 356 3720 443">
     <span class='ocr_line' id='line_1_5' title="bbox 2139 356 3720 443; baseline -0.003 -28"><span class='ocrx_word' id='word_1_16' title='bbox 2139 362 2458 443; x_wconf 73' lang='grc' dir='ltr'>περιτομῆς,</span> <span class='ocrx_word' id='word_1_17' title='bbox 2482 361 2785 431; x_wconf 79' lang='grc' dir='ltr'><strong>φάσκουσα·</strong></span> <span class='ocrx_word' id='word_1_18' title='bbox 2820 377 2837 410; x_wconf 80' lang='grc' dir='ltr'>ι</span> <span class='ocrx_word' id='word_1_19' title='bbox 2866 359 2974 412; x_wconf 75' lang='grc' dir='ltr'>Καὶ</span> <span class='ocrx_word' id='word_1_20' title='bbox 3010 356 3166 411; x_wconf 75' lang='grc' dir='ltr'>ἔθυον</span> <span class='ocrx_word' id='word_1_21' title='bbox 3191 356 3318 420; x_wconf 75' lang='grc' dir='ltr'>τοὺς</span> <span class='ocrx_word' id='word_1_22' title='bbox 3343 356 3492 420; x_wconf 82' lang='grc' dir='ltr'><strong>υίοὺς</strong></span> <span class='ocrx_word' id='word_1_23' title='bbox 3523 359 3720 420; x_wconf 83' lang='grc' dir='ltr'>αυτῶν,</span> 
     </span>
    </p>
   </div>
   <div class='ocr_carea' id='block_1_6' title="bbox 451 454 2042 526">
    <p class='ocr_par' dir='ltr' id='par_1_6' title="bbox 451 454 2042 526">
     <span class='ocr_line' id='line_1_6' title="bbox 451 454 2042 526; baseline 0.002 -17"><span class='ocrx_word' id='word_1_24' title='bbox 451 465 593 521; x_wconf 82' lang='lat' dir='ltr'><strong>rent,</strong></span> <span class='ocrx_word' id='word_1_25' title='bbox 626 454 695 509; x_wconf 83' lang='lat' dir='ltr'><strong>Et</strong></span> <span class='ocrx_word' id='word_1_26' title='bbox 723 454 1069 509; x_wconf 81' lang='lat' dir='ltr'><strong>immolabant</strong></span> <span class='ocrx_word' id='word_1_27' title='bbox 1101 458 1244 526; x_wconf 80' lang='lat' dir='ltr'><strong>ﬁlios</strong></span> <span class='ocrx_word' id='word_1_28' title='bbox 1281 474 1405 512; x_wconf 79' lang='lat' dir='ltr'><strong>suos</strong></span> <span class='ocrx_word' id='word_1_29' title='bbox 1437 469 1488 513; x_wconf 83' lang='lat' dir='ltr'><strong>et</strong></span> <span class='ocrx_word' id='word_1_30' title='bbox 1513 459 1659 526; x_wconf 76' lang='lat' dir='ltr'><strong>ﬁlias</strong></span> <span class='ocrx_word' id='word_1_31' title='bbox 1688 475 1815 513; x_wconf 81' lang='lat' dir='ltr'><strong>suas</strong></span> <span class='ocrx_word' id='word_1_32' title='bbox 1841 458 2042 512; x_wconf 63' lang='lat' dir='ltr'><strong>damo-</strong></span> 
     </span>
    </p>
   </div>
   <div class='ocr_carea' id='block_1_7' title="bbox 450 545 2039 619">
    <p class='ocr_par' dir='ltr' id='par_1_7' title="bbox 450 545 2039 619">
     <span class='ocr_line' id='line_1_7' title="bbox 450 545 2039 619; baseline 0.001 -19"><span class='ocrx_word' id='word_1_33' title='bbox 450 548 577 601; x_wconf 78' lang='lat' dir='ltr'><strong>m&#39;is.</strong></span> <span class='ocrx_word' id='word_1_34' title='bbox 605 545 673 599; x_wconf 79' lang='lat' dir='ltr'><strong>Et</strong></span> <span class='ocrx_word' id='word_1_35' title='bbox 699 546 895 616; x_wconf 79' lang='lat' dir='ltr'><strong>infecta</strong></span> <span class='ocrx_word' id='word_1_36' title='bbox 921 556 999 601; x_wconf 79' lang='lat' dir='ltr'><strong>est</strong></span> <span class='ocrx_word' id='word_1_37' title='bbox 1032 556 1174 601; x_wconf 80' lang='lat' dir='ltr'><strong>terra</strong></span> <span class='ocrx_word' id='word_1_38' title='bbox 1200 549 1251 602; x_wconf 80' lang='lat' dir='ltr'><strong>in</strong></span> <span class='ocrx_word' id='word_1_39' title='bbox 1282 550 1653 619; x_wconf 80' lang='lat' dir='ltr'><strong>sanguinibus,</strong></span> <span class='ocrx_word' id='word_1_40' title='bbox 1699 559 1749 604; x_wconf 78' lang='lat' dir='ltr'><strong>et</strong></span> <span class='ocrx_word' id='word_1_41' title='bbox 1777 551 2039 603; x_wconf 79' lang='lat' dir='ltr'><strong>contami-</strong></span> 
     </span>
    </p>
   </div>
   <div class='ocr_carea' id='block_1_8' title="bbox 452 639 2037 712">
    <p class='ocr_par' dir='ltr' id='par_1_8' title="bbox 452 639 2037 712">
     <span class='ocr_line' id='line_1_8' title="bbox 452 639 2037 712; baseline 0.003 -20"><span class='ocrx_word' id='word_1_42' title='bbox 452 648 583 692; x_wconf 79' lang='lat' dir='ltr'><strong>nata</strong></span> <span class='ocrx_word' id='word_1_43' title='bbox 613 647 692 693; x_wconf 73' lang='lat' dir='ltr'><strong>est</strong></span> <span class='ocrx_word' id='word_1_44' title='bbox 723 640 779 693; x_wconf 83' lang='lat' dir='ltr'><strong>in</strong></span> <span class='ocrx_word' id='word_1_45' title='bbox 813 639 1056 709; x_wconf 75' lang='lat' dir='ltr'><strong>operibus</strong></span> <span class='ocrx_word' id='word_1_46' title='bbox 1079 656 1259 695; x_wconf 83' lang='lat' dir='ltr'><strong>eorum</strong></span> <span class='ocrx_word' id='word_1_47' title='bbox 1291 640 1355 694; x_wconf 77' lang='lat'><strong>”.</strong></span> <span class='ocrx_word' id='word_1_48' title='bbox 1379 641 1455 695; x_wconf 85' lang='lat' dir='ltr'><strong>Ac</strong></span> <span class='ocrx_word' id='word_1_49' title='bbox 1490 642 1621 695; x_wconf 91' lang='lat' dir='ltr'><strong>mihi</strong></span> <span class='ocrx_word' id='word_1_50' title='bbox 1659 643 1878 712; x_wconf 80' lang='lat' dir='ltr'><strong>quidem</strong></span> <span class='ocrx_word' id='word_1_51' title='bbox 1914 658 2037 712; x_wconf 87' lang='lat' dir='ltr'><strong>per-</strong></span> 
     </span>
    </p>
   </div>
   <div class='ocr_carea' id='block_1_9' title="bbox 452 728 2037 800">
    <p class='ocr_par' dir='ltr' id='par_1_9' title="bbox 452 728 2037 800">
     <span class='ocr_line' id='line_1_9' title="bbox 452 728 2037 800; baseline 0 -16"><span class='ocrx_word' id='word_1_52' title='bbox 452 728 682 792; x_wconf 77' lang='lat' dir='ltr'><strong>suadeo,</strong></span> <span class='ocrx_word' id='word_1_53' title='bbox 708 728 999 785; x_wconf 83' lang='lat' dir='ltr'><strong>manileste</strong></span> <span class='ocrx_word' id='word_1_54' title='bbox 1025 730 1276 799; x_wconf 85' lang='lat' dir='ltr'><strong>quemvis</strong></span> <span class='ocrx_word' id='word_1_55' title='bbox 1311 745 1378 785; x_wconf 78' lang='lat' dir='ltr'><strong>ex</strong></span> <span class='ocrx_word' id='word_1_56' title='bbox 1413 731 1793 800; x_wconf 85' lang='lat' dir='ltr'><strong>superioribus</strong></span> <span class='ocrx_word' id='word_1_57' title='bbox 1839 732 2037 786; x_wconf 82' lang='lat' dir='ltr'><strong>intelli-</strong></span> 
     </span>
    </p>
   </div>
   <div class='ocr_carea' id='block_1_10' title="bbox 453 820 2032 889">
    <p class='ocr_par' dir='ltr' id='par_1_10' title="bbox 453 820 2032 889">
     <span class='ocr_line' id='line_1_10' title="bbox 453 820 2032 889; baseline 0.003 -17"><span class='ocrx_word' id='word_1_58' title='bbox 453 834 599 889; x_wconf 81' lang='lat' dir='ltr'><strong>gere,</strong></span> <span class='ocrx_word' id='word_1_59' title='bbox 660 820 897 888; x_wconf 89' lang='lat' dir='ltr'><strong>primum</strong></span> <span class='ocrx_word' id='word_1_60' title='bbox 953 820 1104 874; x_wconf 83' lang='lat' dir='ltr'><strong>illum</strong></span> <span class='ocrx_word' id='word_1_61' title='bbox 1166 820 1531 889; x_wconf 77' lang='lat' dir='ltr'><strong>eamdemque</strong></span> <span class='ocrx_word' id='word_1_62' title='bbox 1593 822 2032 878; x_wconf 86' lang='lat' dir='ltr'><strong>vetustissimum</strong></span> 
     </span>
    </p>
   </div>
   <div class='ocr_carea' id='block_1_11' title="bbox 450 911 2032 985">
    <p class='ocr_par' dir='ltr' id='par_1_11' title="bbox 450 911 2032 985">
     <span class='ocr_line' id='line_1_11' title="bbox 450 911 2032 985; baseline 0.004 -21"><span class='ocrx_word' id='word_1_63' title='bbox 450 911 748 966; x_wconf 88' lang='lat' dir='ltr'><strong>simulacra</strong></span> <span class='ocrx_word' id='word_1_64' title='bbox 769 912 1010 982; x_wconf 81' lang='lat' dir='ltr'><strong>erigendi</strong></span> <span class='ocrx_word' id='word_1_65' title='bbox 1040 928 1272 977; x_wconf 87' lang='lat' dir='ltr'><strong>morem,</strong></span> <span class='ocrx_word' id='word_1_66' title='bbox 1301 915 1666 985; x_wconf 88' lang='lat' dir='ltr'><strong>omnibusque</strong></span> <span class='ocrx_word' id='word_1_67' title='bbox 1686 932 2032 971; x_wconf 83' lang='lat' dir='ltr'><strong>communem</strong></span> 
     </span>
    </p>
   </div>
   <div class='ocr_carea' id='block_1_12' title="bbox 446 1002 2031 1074">
    <p class='ocr_par' dir='ltr' id='par_1_12' title="bbox 446 1002 2031 1074">
     <span class='ocr_line' id='line_1_12' title="bbox 446 1002 2031 1074; baseline 0.004 -17"><span class='ocrx_word' id='word_1_68' title='bbox 446 1002 701 1074; x_wconf 80' lang='lat' dir='ltr'><strong>gentibus</strong></span> <span class='ocrx_word' id='word_1_69' title='bbox 730 1006 1020 1058; x_wconf 88' lang='lat' dir='ltr'><strong>numinum</strong></span> <span class='ocrx_word' id='word_1_70' title='bbox 1073 1021 1169 1060; x_wconf 85' lang='lat' dir='ltr'><strong>seu</strong></span> <span class='ocrx_word' id='word_1_71' title='bbox 1200 1007 1386 1061; x_wconf 88' lang='lat' dir='ltr'><strong>verius</strong></span> <span class='ocrx_word' id='word_1_72' title='bbox 1430 1008 1701 1062; x_wconf 81' lang='lat' dir='ltr'><strong>idolorum</strong></span> <span class='ocrx_word' id='word_1_73' title='bbox 1734 1009 2031 1073; x_wconf 86' lang='lat' dir='ltr'><strong>ﬁctionem,</strong></span> 
     </span>
    </p>
   </div>
   <div class='ocr_carea' id='block_1_13' title="bbox 446 1094 2029 1169">
    <p class='ocr_par' dir='ltr' id='par_1_13' title="bbox 446 1094 2029 1169">
     <span class='ocr_line' id='line_1_13' title="bbox 446 1094 2029 1169; baseline 0.004 -21"><span class='ocrx_word' id='word_1_74' title='bbox 446 1108 481 1149; x_wconf 87' lang='lat' dir='ltr'><strong>a</strong></span> <span class='ocrx_word' id='word_1_75' title='bbox 514 1094 875 1161; x_wconf 68' lang='lat' dir='ltr'><strong>daemonibus,</strong></span> <span class='ocrx_word' id='word_1_76' title='bbox 906 1112 1006 1151; x_wconf 78' lang='lat' dir='ltr'><strong>nec</strong></span> <span class='ocrx_word' id='word_1_77' title='bbox 1042 1097 1110 1151; x_wconf 89' lang='lat' dir='ltr'><strong>ab</strong></span> <span class='ocrx_word' id='word_1_78' title='bbox 1142 1097 1210 1153; x_wconf 89' lang='lat' dir='ltr'><strong>iis</strong></span> <span class='ocrx_word' id='word_1_79' title='bbox 1240 1113 1394 1165; x_wconf 86' lang='lat' dir='ltr'><strong>sane,</strong></span> <span class='ocrx_word' id='word_1_80' title='bbox 1428 1100 1524 1169; x_wconf 91' lang='lat' dir='ltr'><strong>qui</strong></span> <span class='ocrx_word' id='word_1_81' title='bbox 1562 1100 1690 1154; x_wconf 87' lang='lat' dir='ltr'><strong>boni</strong></span> <span class='ocrx_word' id='word_1_82' title='bbox 1742 1108 2029 1166; x_wconf 75' lang='lat' dir='ltr'><strong>vocantur,</strong></span> 
     </span>
    </p>
   </div>
   <div class='ocr_carea' id='block_1_14' title="bbox 446 1186 2030 1261">
    <p class='ocr_par' dir='ltr' id='par_1_14' title="bbox 446 1186 2030 1261">
     <span class='ocr_line' id='line_1_14' title="bbox 446 1186 2030 1261; baseline 0.004 -22"><span class='ocrx_word' id='word_1_83' title='bbox 446 1186 542 1239; x_wconf 82' lang='lat' dir='ltr'><strong>sed</strong></span> <span class='ocrx_word' id='word_1_84' title='bbox 577 1187 727 1240; x_wconf 91' lang='lat' dir='ltr'><strong>omni</strong></span> <span class='ocrx_word' id='word_1_85' title='bbox 780 1188 985 1242; x_wconf 85' lang='lat' dir='ltr'><strong>scelere</strong></span> <span class='ocrx_word' id='word_1_86' title='bbox 1041 1187 1354 1259; x_wconf 82' lang='lat' dir='ltr'><strong>ﬂagitioque</strong></span> <span class='ocrx_word' id='word_1_87' title='bbox 1407 1191 1702 1247; x_wconf 86' lang='lat' dir='ltr'><strong>teterrimis</strong></span> <span class='ocrx_word' id='word_1_88' title='bbox 1734 1191 2030 1261; x_wconf 80' lang='lat' dir='ltr'><strong>profectam</strong></span> 
     </span>
    </p>
   </div>
   <div class='ocr_carea' id='block_1_15' title="bbox 444 1277 2031 1352">
    <p class='ocr_par' dir='ltr' id='par_1_15' title="bbox 444 1277 2031 1352">
     <span class='ocr_line' id='line_1_15' title="bbox 444 1277 2031 1352; baseline 0.006 -24"><span class='ocrx_word' id='word_1_89' title='bbox 444 1292 568 1332; x_wconf 69' lang='lat' dir='ltr'><strong>esse</strong></span> <span class='ocrx_word' id='word_1_90' title='bbox 598 1286 761 1347; x_wconf 88' lang='lat' dir='ltr'><strong>atque</strong></span> <span class='ocrx_word' id='word_1_91' title='bbox 789 1279 1116 1333; x_wconf 83' lang='lat' dir='ltr'><strong>institutam.</strong></span> <span class='ocrx_word' id='word_1_92' title='bbox 1175 1277 1248 1333; x_wconf 89' lang='lat' dir='ltr'><strong>Ut</strong></span> <span class='ocrx_word' id='word_1_93' title='bbox 1293 1281 1602 1350; x_wconf 76' lang='lat' dir='ltr'><strong>prophetici</strong></span> <span class='ocrx_word' id='word_1_94' title='bbox 1630 1284 1796 1352; x_wconf 86' lang='lat' dir='ltr'><strong>hujus</strong></span> <span class='ocrx_word' id='word_1_95' title='bbox 1822 1283 2031 1338; x_wconf 87' lang='lat' dir='ltr'><strong>oraculi</strong></span> 
     </span>
    </p>
   </div>
   <div class='ocr_carea' id='block_1_16' title="bbox 445 1368 2032 1443">
    <p class='ocr_par' dir='ltr' id='par_1_16' title="bbox 445 1368 2032 1443">
     <span class='ocr_line' id='line_1_16' title="bbox 445 1368 2032 1443; baseline 0.006 -25"><span class='ocrx_word' id='word_1_96' title='bbox 445 1369 650 1422; x_wconf 88' lang='lat' dir='ltr'><strong>veritas</strong></span> <span class='ocrx_word' id='word_1_97' title='bbox 674 1368 882 1438; x_wconf 90' lang='lat' dir='ltr'><strong>liquido</strong></span> <span class='ocrx_word' id='word_1_98' title='bbox 917 1379 1151 1435; x_wconf 84' lang='lat' dir='ltr'><strong>constet,</strong></span> <span class='ocrx_word' id='word_1_99' title='bbox 1188 1370 1381 1424; x_wconf 82' lang='lat' dir='ltr'><strong>Omnes</strong></span> <span class='ocrx_word' id='word_1_100' title='bbox 1432 1373 1512 1426; x_wconf 78' lang='lat' dir='ltr'><strong>dii</strong></span> <span class='ocrx_word' id='word_1_101' title='bbox 1553 1374 1789 1443; x_wconf 81' lang='lat' dir='ltr'><strong>gentium</strong></span> <span class='ocrx_word' id='word_1_102' title='bbox 1830 1373 2032 1428; x_wconf 76' lang='lat' dir='ltr'><strong>dwmo-</strong></span> 
     </span>
    </p>
   </div>
   <div class='ocr_carea' id='block_1_17' title="bbox 446 1459 2030 1530">
    <p class='ocr_par' dir='ltr' id='par_1_17' title="bbox 446 1459 2030 1530">
     <span class='ocr_line' id='line_1_17' title="bbox 446 1459 2030 1530; baseline 0.005 -20"><span class='ocrx_word' id='word_1_103' title='bbox 446 1459 606 1522; x_wconf 70' lang='lat' dir='ltr'><strong>nia&quot;,</strong></span> <span class='ocrx_word' id='word_1_104' title='bbox 644 1475 745 1513; x_wconf 87' lang='lat' dir='ltr'><strong>nec</strong></span> <span class='ocrx_word' id='word_1_105' title='bbox 778 1476 886 1514; x_wconf 90' lang='lat' dir='ltr'><strong>non</strong></span> <span class='ocrx_word' id='word_1_106' title='bbox 914 1461 1063 1515; x_wconf 89' lang='lat' dir='ltr'><strong>illius</strong></span> <span class='ocrx_word' id='word_1_107' title='bbox 1097 1461 1409 1530; x_wconf 84' lang='lat' dir='ltr'><strong>apostolici.</strong></span> <span class='ocrx_word' id='word_1_108' title='bbox 1442 1462 1891 1529; x_wconf 78' lang='lat' dir='ltr'><strong>Quwimmolant,</strong></span> <span class='ocrx_word' id='word_1_109' title='bbox 1918 1464 2030 1518; x_wconf 74' lang='lat' dir='ltr'><strong>da:-</strong></span> 
     </span>
    </p>
   </div>
   <div class='ocr_carea' id='block_1_18' title="bbox 446 1551 2027 1619">
    <p class='ocr_par' dir='ltr' id='par_1_18' title="bbox 446 1551 2027 1619">
     <span class='ocr_line' id='line_1_18' title="bbox 446 1551 2027 1619; baseline 0.005 -18"><span class='ocrx_word' id='word_1_110' title='bbox 446 1551 637 1603; x_wconf 82' lang='lat' dir='ltr'><strong>mom&#39;is</strong></span> <span class='ocrx_word' id='word_1_111' title='bbox 668 1551 970 1619; x_wconf 79' lang='lat' dir='ltr'><strong>immolant,</strong></span> <span class='ocrx_word' id='word_1_112' title='bbox 1006 1560 1185 1607; x_wconf 85' lang='lat' dir='ltr'><strong>etnon</strong></span> <span class='ocrx_word' id='word_1_113' title='bbox 1215 1552 1394 1609; x_wconf 75' lang='lat' dir='ltr'><strong>Deo”.</strong></span> <span class='ocrx_word' id='word_1_114' title='bbox 1442 1554 1757 1618; x_wconf 86' lang='lat' dir='ltr'><strong>Enimvero,</strong></span> <span class='ocrx_word' id='word_1_115' title='bbox 1819 1557 1863 1611; x_wconf 92' lang='lat' dir='ltr'><strong>si</strong></span> <span class='ocrx_word' id='word_1_116' title='bbox 1898 1557 2027 1611; x_wconf 89' lang='lat' dir='ltr'><strong>boni</strong></span> 
     </span>
    </p>
   </div>
   <div class='ocr_carea' id='block_1_19' title="bbox 448 1643 2024 1717">
    <p class='ocr_par' dir='ltr' id='par_1_19' title="bbox 448 1643 2024 1717">
     <span class='ocr_line' id='line_1_19' title="bbox 448 1643 2024 1717; baseline 0.006 -23"><span class='ocrx_word' id='word_1_117' title='bbox 448 1643 741 1713; x_wconf 82' lang='lat' dir='ltr'><strong>vestigium</strong></span> <span class='ocrx_word' id='word_1_118' title='bbox 772 1645 826 1698; x_wconf 92' lang='lat' dir='ltr'><strong>in</strong></span> <span class='ocrx_word' id='word_1_119' title='bbox 860 1646 928 1700; x_wconf 91' lang='lat' dir='ltr'><strong>iis</strong></span> <span class='ocrx_word' id='word_1_120' title='bbox 960 1646 1132 1700; x_wconf 91' lang='lat' dir='ltr'><strong>ullum</strong></span> <span class='ocrx_word' id='word_1_121' title='bbox 1164 1654 1332 1712; x_wconf 82' lang='lat' dir='ltr'><strong>esset,</strong></span> <span class='ocrx_word' id='word_1_122' title='bbox 1368 1649 1724 1717; x_wconf 82' lang='lat' dir='ltr'><strong>quamobrem</strong></span> <span class='ocrx_word' id='word_1_123' title='bbox 1754 1648 2024 1704; x_wconf 85' lang='lat' dir='ltr'><strong>bonorum</strong></span> 
     </span>
    </p>
   </div>
   <div class='ocr_carea' id='block_1_20' title="bbox 2142 448 3724 523">
    <p class='ocr_par' dir='ltr' id='par_1_20' title="bbox 2142 448 3724 523">
     <span class='ocr_line' id='line_1_20' title="bbox 2142 448 3724 523; baseline -0.003 -14"><span class='ocrx_word' id='word_1_124' title='bbox 2142 456 2235 510; x_wconf 75' lang='grc' dir='ltr'><strong>καὶ</strong></span> <span class='ocrx_word' id='word_1_125' title='bbox 2263 454 2362 518; x_wconf 86' lang='grc' dir='ltr'><strong>τάς</strong></span> <span class='ocrx_word' id='word_1_126' title='bbox 2395 453 2704 523; x_wconf 82' lang='grc' dir='ltr'>θυγατέρας</span> <span class='ocrx_word' id='word_1_127' title='bbox 2734 450 2913 505; x_wconf 87' lang='grc' dir='ltr'>αὑτῶν</span> <span class='ocrx_word' id='word_1_128' title='bbox 2962 452 3074 513; x_wconf 83' lang='grc' dir='ltr'>τοῖς</span> <span class='ocrx_word' id='word_1_129' title='bbox 3106 448 3358 518; x_wconf 88' lang='grc' dir='ltr'>δαίμοσι·</span> <span class='ocrx_word' id='word_1_130' title='bbox 3404 449 3497 502; x_wconf 79' lang='grc' dir='ltr'>καὶ</span> <span class='ocrx_word' id='word_1_131' title='bbox 3536 451 3724 518; x_wconf 81' lang='grc' dir='ltr'>έφονο-</span> 
     </span>
    </p>
   </div>
   <div class='ocr_carea' id='block_1_21' title="bbox 2138 540 3723 618">
    <p class='ocr_par' dir='ltr' id='par_1_21' title="bbox 2138 540 3723 618">
     <span class='ocr_line' id='line_1_21' title="bbox 2138 540 3723 618; baseline -0.004 -16"><span class='ocrx_word' id='word_1_132' title='bbox 2138 547 2375 618; x_wconf 87' lang='grc' dir='ltr'>κτονήθη</span> <span class='ocrx_word' id='word_1_133' title='bbox 2397 549 2430 617; x_wconf 88' lang='grc' dir='ltr'><strong>ή</strong></span> <span class='ocrx_word' id='word_1_134' title='bbox 2469 545 2541 616; x_wconf 82' lang='grc' dir='ltr'>γῆ</span> <span class='ocrx_word' id='word_1_135' title='bbox 2575 545 2632 598; x_wconf 82' lang='grc' dir='ltr'>ἐν</span> <span class='ocrx_word' id='word_1_136' title='bbox 2674 546 2786 608; x_wconf 86' lang='grc' dir='ltr'>τοῖς</span> <span class='ocrx_word' id='word_1_137' title='bbox 2813 543 3029 614; x_wconf 78' lang='grc' dir='ltr'>αἵμασι,</span> <span class='ocrx_word' id='word_1_138' title='bbox 3071 541 3165 595; x_wconf 76' lang='grc' dir='ltr'><strong>καὶ</strong></span> <span class='ocrx_word' id='word_1_139' title='bbox 3216 540 3448 612; x_wconf 76' lang='grc' dir='ltr'><strong>ἐμιάνθη</strong></span> <span class='ocrx_word' id='word_1_140' title='bbox 3477 542 3511 611; x_wconf 83' lang='grc' dir='ltr'>ὴ</span> <span class='ocrx_word' id='word_1_141' title='bbox 3545 541 3616 612; x_wconf 88' lang='grc' dir='ltr'><strong>γῆ</strong></span> <span class='ocrx_word' id='word_1_142' title='bbox 3665 544 3723 596; x_wconf 87' lang='grc' dir='ltr'><strong>ἐν</strong></span> 
     </span>
    </p>
   </div>
   <div class='ocr_carea' id='block_1_22' title="bbox 2137 632 3725 713">
    <p class='ocr_par' dir='ltr' id='par_1_22' title="bbox 2137 632 3725 713">
     <span class='ocr_line' id='line_1_22' title="bbox 2137 632 3725 713; baseline -0.005 -19"><span class='ocrx_word' id='word_1_143' title='bbox 2137 642 2249 704; x_wconf 87' lang='grc' dir='ltr'>τοῖς</span> <span class='ocrx_word' id='word_1_144' title='bbox 2281 638 2464 713; x_wconf 78' lang='grc' dir='ltr'>ἔργοις</span> <span class='ocrx_word' id='word_1_145' title='bbox 2486 635 2683 690; x_wconf 86' lang='grc' dir='ltr'>αὑτῶν.</span> <span class='ocrx_word' id='word_1_146' title='bbox 2714 656 2732 687; x_wconf 78' lang='grc' dir='ltr'><strong>ι</strong></span> <span class='ocrx_word' id='word_1_147' title='bbox 2772 633 2935 688; x_wconf 86' lang='grc' dir='ltr'><strong>Ἀλλά</strong></span> <span class='ocrx_word' id='word_1_148' title='bbox 2966 633 3075 706; x_wconf 84' lang='grc' dir='ltr'>γὰρ</span> <span class='ocrx_word' id='word_1_149' title='bbox 3104 632 3346 705; x_wconf 81' lang='grc' dir='ltr'>ἠγοῦμαι</span> <span class='ocrx_word' id='word_1_150' title='bbox 3391 632 3479 686; x_wconf 85' lang='grc' dir='ltr'>διὰ</span> <span class='ocrx_word' id='word_1_151' title='bbox 3520 633 3725 687; x_wconf 75' lang='grc' dir='ltr'>τούτων</span> 
     </span>
    </p>
   </div>
   <div class='ocr_carea' id='block_1_23' title="bbox 2136 726 3724 803">
    <p class='ocr_par' dir='ltr' id='par_1_23' title="bbox 2136 726 3724 803">
     <span class='ocr_line' id='line_1_23' title="bbox 2136 726 3724 803; baseline -0.004 -16"><span class='ocrx_word' id='word_1_152' title='bbox 2136 730 2541 803; x_wconf 82' lang='grc' dir='ltr'>ἀπεληλέγχθαι</span> <span class='ocrx_word' id='word_1_153' title='bbox 2580 727 2788 798; x_wconf 82' lang='grc' dir='ltr'>σαφῶς,</span> <span class='ocrx_word' id='word_1_154' title='bbox 2813 727 3132 800; x_wconf 73' lang='grc' dir='ltr'>δαιμονικὴν</span> <span class='ocrx_word' id='word_1_155' title='bbox 3166 745 3288 781; x_wconf 88' lang='grc' dir='ltr'>τινα</span> <span class='ocrx_word' id='word_1_156' title='bbox 3321 726 3601 796; x_wconf 85' lang='grc' dir='ltr'>γεγονέναι</span> <span class='ocrx_word' id='word_1_157' title='bbox 3624 726 3724 799; x_wconf 75' lang='grc' dir='ltr'>τὴν</span> 
     </span>
    </p>
   </div>
   <div class='ocr_carea' id='block_1_24' title="bbox 2136 819 3726 896">
    <p class='ocr_par' dir='ltr' id='par_1_24' title="bbox 2136 819 3726 896">
     <span class='ocr_line' id='line_1_24' title="bbox 2136 819 3726 896; baseline -0.003 -18"><span class='ocrx_word' id='word_1_158' title='bbox 2136 824 2476 896; x_wconf 87' lang='grc' dir='ltr'>παλαιτάτην</span> <span class='ocrx_word' id='word_1_159' title='bbox 2554 822 2651 876; x_wconf 60' lang='grc' dir='ltr'><strong>καλ⁸</strong></span> <span class='ocrx_word' id='word_1_160' title='bbox 2694 819 2917 893; x_wconf 82' lang='grc' dir='ltr'>πρώτην</span> <span class='ocrx_word' id='word_1_161' title='bbox 2964 820 3071 874; x_wconf 92' lang='grc' dir='ltr'><strong>τῶν</strong></span> <span class='ocrx_word' id='word_1_162' title='bbox 3120 821 3322 885; x_wconf 85' lang='grc' dir='ltr'><strong>ξοάνων</strong></span> <span class='ocrx_word' id='word_1_163' title='bbox 3356 819 3563 891; x_wconf 82' lang='grc' dir='ltr'>ἵδρυσιν</span> <span class='ocrx_word' id='word_1_164' title='bbox 3584 859 3597 882; x_wconf 89' lang='grc'><strong>,</strong></span> <span class='ocrx_word' id='word_1_165' title='bbox 3632 819 3726 874; x_wconf 74' lang='grc' dir='ltr'><strong>καὶ</strong></span> 
     </span>
    </p>
   </div>
   <div class='ocr_carea' id='block_1_25' title="bbox 2136 912 3719 988">
    <p class='ocr_par' dir='ltr' id='par_1_25' title="bbox 2136 912 3719 988">
     <span class='ocr_line' id='line_1_25' title="bbox 2136 912 3719 988; baseline -0.002 -19"><span class='ocrx_word' id='word_1_166' title='bbox 2136 919 2316 971; x_wconf 83' lang='grc' dir='ltr'>πᾶσαν</span> <span class='ocrx_word' id='word_1_167' title='bbox 2342 915 2440 987; x_wconf 82' lang='grc' dir='ltr'>τὴν</span> <span class='ocrx_word' id='word_1_168' title='bbox 2479 916 2765 988; x_wconf 84' lang='grc' dir='ltr'>είδωλικὴν</span> <span class='ocrx_word' id='word_1_169' title='bbox 2794 915 2901 968; x_wconf 86' lang='grc' dir='ltr'><strong>τῶν</strong></span> <span class='ocrx_word' id='word_1_170' title='bbox 2932 913 3102 967; x_wconf 83' lang='grc' dir='ltr'>ἐθνῶν</span> <span class='ocrx_word' id='word_1_171' title='bbox 3131 912 3428 975; x_wconf 86' lang='grc' dir='ltr'>θεοποιίαν,</span> <span class='ocrx_word' id='word_1_172' title='bbox 3467 913 3562 966; x_wconf 87' lang='grc' dir='ltr'><strong>καί</strong></span> <span class='ocrx_word' id='word_1_173' title='bbox 3604 912 3719 966; x_wconf 87' lang='grc' dir='ltr'>δαι-</span> 
     </span>
    </p>
   </div>
   <div class='ocr_carea' id='block_1_26' title="bbox 2139 1002 3727 1081">
    <p class='ocr_par' dir='ltr' id='par_1_26' title="bbox 2139 1002 3727 1081">
     <span class='ocr_line' id='line_1_26' title="bbox 2139 1002 3727 1081; baseline -0.004 -18"><span class='ocrx_word' id='word_1_174' title='bbox 2139 1009 2313 1081; x_wconf 82' lang='grc' dir='ltr'>μόνων</span> <span class='ocrx_word' id='word_1_175' title='bbox 2360 1008 2461 1061; x_wconf 90' lang='grc' dir='ltr'><strong>οὑκ</strong></span> <span class='ocrx_word' id='word_1_176' title='bbox 2494 1006 2745 1076; x_wconf 81' lang='grc' dir='ltr'><strong>ἀγαθῶν,</strong></span> <span class='ocrx_word' id='word_1_177' title='bbox 2793 1005 2930 1059; x_wconf 87' lang='grc' dir='ltr'>ἀλλὰ</span> <span class='ocrx_word' id='word_1_178' title='bbox 2971 1003 3040 1058; x_wconf 85' lang='grc' dir='ltr'><strong>τά</strong></span> <span class='ocrx_word' id='word_1_179' title='bbox 3083 1003 3262 1057; x_wconf 83' lang='grc' dir='ltr'>πάντα</span> <span class='ocrx_word' id='word_1_180' title='bbox 3307 1002 3727 1074; x_wconf 85' lang='grc' dir='ltr'>μοχθηροτάτων</span> 
     </span>
    </p>
   </div>
   <div class='ocr_carea' id='block_1_27' title="bbox 2135 1093 3726 1170">
    <p class='ocr_par' dir='ltr' id='par_1_27' title="bbox 2135 1093 3726 1170">
     <span class='ocr_line' id='line_1_27' title="bbox 2135 1093 3726 1170; baseline -0.008 -16"><span class='ocrx_word' id='word_1_181' title='bbox 2135 1102 2228 1154; x_wconf 72' lang='grc' dir='ltr'><strong>καὶ</strong></span> <span class='ocrx_word' id='word_1_182' title='bbox 2260 1098 2500 1170; x_wconf 88' lang='grc' dir='ltr'>φαύλων.</span> <span class='ocrx_word' id='word_1_183' title='bbox 2544 1098 2632 1161; x_wconf 82' lang='grc' dir='ltr'>Ὠς</span> <span class='ocrx_word' id='word_1_184' title='bbox 2675 1094 3037 1166; x_wconf 80' lang='grc' dir='ltr'><strong>ἐπαληθεύειν</strong></span> <span class='ocrx_word' id='word_1_185' title='bbox 3080 1093 3142 1147; x_wconf 82' lang='grc' dir='ltr'><strong>τὸ</strong></span> <span class='ocrx_word' id='word_1_186' title='bbox 3169 1094 3375 1164; x_wconf 82' lang='grc' dir='ltr'>φάσκον</span> <span class='ocrx_word' id='word_1_187' title='bbox 3419 1094 3477 1145; x_wconf 84' lang='grc' dir='ltr'>ἐν</span> <span class='ocrx_word' id='word_1_188' title='bbox 3506 1108 3726 1163; x_wconf 85' lang='grc' dir='ltr'>προφη-</span> 
     </span>
    </p>
   </div>
   <div class='ocr_carea' id='block_1_28' title="bbox 2132 1184 3721 1261">
    <p class='ocr_par' dir='ltr' id='par_1_28' title="bbox 2132 1184 3721 1261">
     <span class='ocr_line' id='line_1_28' title="bbox 2132 1184 3721 1261; baseline -0.006 -15"><span class='ocrx_word' id='word_1_189' title='bbox 2132 1194 2305 1257; x_wconf 86' lang='grc' dir='ltr'>τείαις</span> <span class='ocrx_word' id='word_1_190' title='bbox 2335 1192 2540 1261; x_wconf 69' lang='grc' dir='ltr'>λόγιοψ</span> <span class='ocrx_word' id='word_1_191' title='bbox 2572 1210 2589 1240; x_wconf 79' lang='grc' dir='ltr'>ι</span> <span class='ocrx_word' id='word_1_192' title='bbox 2615 1188 2825 1251; x_wconf 79' lang='grc' dir='ltr'>Πάντες</span> <span class='ocrx_word' id='word_1_193' title='bbox 2851 1189 2896 1240; x_wconf 84' lang='lat' dir='ltr'><strong>oi</strong></span> <span class='ocrx_word' id='word_1_194' title='bbox 2927 1186 3037 1240; x_wconf 78' lang='grc' dir='ltr'>θεοὶ</span> <span class='ocrx_word' id='word_1_195' title='bbox 3061 1184 3169 1240; x_wconf 86' lang='grc' dir='ltr'><strong>τῶν</strong></span> <span class='ocrx_word' id='word_1_196' title='bbox 3196 1185 3365 1238; x_wconf 88' lang='grc' dir='ltr'>ἐθνῶν</span> <span class='ocrx_word' id='word_1_197' title='bbox 3386 1184 3635 1255; x_wconf 89' lang='grc' dir='ltr'>δαιμόνια</span> <span class='ocrx_word' id='word_1_198' title='bbox 3659 1201 3673 1214; x_wconf 75' lang='grc' dir='ltr'><strong><em>ο</em></strong></span> <span class='ocrx_word' id='word_1_199' title='bbox 3701 1203 3721 1236; x_wconf 77' lang='grc' dir='ltr'>ι</span> 
     </span>
    </p>
   </div>
   <div class='ocr_carea' id='block_1_29' title="bbox 2130 1272 3724 1349">
    <p class='ocr_par' dir='ltr' id='par_1_29' title="bbox 2130 1272 3724 1349">
     <span class='ocr_line' id='line_1_29' title="bbox 2130 1272 3724 1349; baseline -0.008 -10"><span class='ocrx_word' id='word_1_200' title='bbox 2130 1287 2192 1339; x_wconf 90' lang='grc' dir='ltr'><strong>τό</strong></span> <span class='ocrx_word' id='word_1_201' title='bbox 2224 1303 2283 1339; x_wconf 90' lang='grc' dir='ltr'><strong>τε</strong></span> <span class='ocrx_word' id='word_1_202' title='bbox 2335 1283 2724 1346; x_wconf 86' lang='grc' dir='ltr'>ἀποστολικὸν,</span> <span class='ocrx_word' id='word_1_203' title='bbox 2776 1280 2843 1333; x_wconf 84' lang='grc' dir='ltr'><strong>δι’</strong></span> <span class='ocrx_word' id='word_1_204' title='bbox 2876 1272 2937 1332; x_wconf 75' lang='grc' dir='ltr'>οὗ</span> <span class='ocrx_word' id='word_1_205' title='bbox 2983 1294 3148 1349; x_wconf 89' lang='grc' dir='ltr'>φησιν</span> <span class='ocrx_word' id='word_1_206' title='bbox 3171 1319 3185 1343; x_wconf 91' lang='grc'><strong>,</strong></span> <span class='ocrx_word' id='word_1_207' title='bbox 3220 1278 3301 1330; x_wconf 83' lang='grc' dir='ltr'>ὅτι</span> <span class='ocrx_word' id='word_1_208' title='bbox 3341 1296 3359 1327; x_wconf 76' lang='grc' dir='ltr'><strong>ι</strong></span> <span class='ocrx_word' id='word_1_209' title='bbox 3394 1278 3462 1329; x_wconf 80' lang='lat' dir='ltr'><strong>&quot;A</strong></span> <span class='ocrx_word' id='word_1_210' title='bbox 3496 1275 3724 1339; x_wconf 88' lang='grc' dir='ltr'>θύουσι,</span> 
     </span>
    </p>
   </div>
   <div class='ocr_carea' id='block_1_30' title="bbox 2130 1363 3727 1450">
    <p class='ocr_par' dir='ltr' id='par_1_30' title="bbox 2130 1363 3727 1450">
     <span class='ocr_line' id='line_1_30' title="bbox 2130 1363 3727 1450; baseline -0.007 -19"><span class='ocrx_word' id='word_1_211' title='bbox 2130 1378 2428 1450; x_wconf 82' lang='grc' dir='ltr'>δαιμονίοις</span> <span class='ocrx_word' id='word_1_212' title='bbox 2456 1376 2552 1429; x_wconf 72' lang='grc' dir='ltr'><strong>καὶ</strong></span> <span class='ocrx_word' id='word_1_213' title='bbox 2573 1375 2631 1428; x_wconf 82' lang='grc' dir='ltr'><strong>ού</strong></span> <span class='ocrx_word' id='word_1_214' title='bbox 2656 1372 2775 1444; x_wconf 79' lang='grc' dir='ltr'>Θεῷ</span> <span class='ocrx_word' id='word_1_215' title='bbox 2801 1370 3016 1425; x_wconf 76' lang='grc' dir='ltr'>θύουσιν</span> <span class='ocrx_word' id='word_1_216' title='bbox 3036 1388 3049 1401; x_wconf 69' lang='grc'><strong>⁸</strong></span> <span class='ocrx_word' id='word_1_217' title='bbox 3079 1390 3096 1422; x_wconf 86' lang='grc'>›</span> <span class='ocrx_word' id='word_1_218' title='bbox 3122 1370 3155 1441; x_wconf 80' lang='grc' dir='ltr'>ἦ</span> <span class='ocrx_word' id='word_1_219' title='bbox 3187 1369 3241 1422; x_wconf 78' lang='grc' dir='ltr'><strong>εἴ</strong></span> <span class='ocrx_word' id='word_1_220' title='bbox 3267 1386 3319 1421; x_wconf 90' lang='grc' dir='ltr'><strong>τι</strong></span> <span class='ocrx_word' id='word_1_221' title='bbox 3347 1385 3410 1437; x_wconf 89' lang='grc' dir='ltr'><strong>γε</strong></span> <span class='ocrx_word' id='word_1_222' title='bbox 3431 1363 3499 1438; x_wconf 79' lang='grc' dir='ltr'>ἦν</span> <span class='ocrx_word' id='word_1_223' title='bbox 3521 1366 3727 1435; x_wconf 82' lang='grc' dir='ltr'>ἀγαθὸν</span> 
     </span>
    </p>
   </div>
   <div class='ocr_carea' id='block_1_31' title="bbox 2132 1459 3729 1534">
    <p class='ocr_par' dir='ltr' id='par_1_31' title="bbox 2132 1459 3729 1534">
     <span class='ocr_line' id='line_1_31' title="bbox 2132 1459 3729 1534; baseline -0.006 -12"><span class='ocrx_word' id='word_1_224' title='bbox 2132 1472 2190 1522; x_wconf 86' lang='grc' dir='ltr'><strong>ὲν</strong></span> <span class='ocrx_word' id='word_1_225' title='bbox 2223 1471 2428 1533; x_wconf 84' lang='grc' dir='ltr'>αὑτοῖς,</span> <span class='ocrx_word' id='word_1_226' title='bbox 2463 1468 2539 1532; x_wconf 84' lang='grc' dir='ltr'>ὡς</span> <span class='ocrx_word' id='word_1_227' title='bbox 2576 1466 2664 1521; x_wconf 86' lang='grc' dir='ltr'><strong>διὰ</strong></span> <span class='ocrx_word' id='word_1_228' title='bbox 2694 1466 2853 1520; x_wconf 82' lang='grc' dir='ltr'>τοῦτο</span> <span class='ocrx_word' id='word_1_229' title='bbox 2896 1465 2990 1518; x_wconf 75' lang='grc' dir='ltr'><strong>καὶ</strong></span> <span class='ocrx_word' id='word_1_230' title='bbox 3025 1466 3123 1534; x_wconf 78' lang='grc' dir='ltr'>τῆς</span> <span class='ocrx_word' id='word_1_231' title='bbox 3158 1463 3264 1516; x_wconf 91' lang='grc' dir='ltr'><strong>τῶν</strong></span> <span class='ocrx_word' id='word_1_232' title='bbox 3295 1459 3516 1529; x_wconf 87' lang='grc' dir='ltr'>ἀγαθῶν</span> <span class='ocrx_word' id='word_1_233' title='bbox 3561 1476 3729 1529; x_wconf 87' lang='grc' dir='ltr'>μετα-</span> 
     </span>
    </p>
   </div>
   <div class='ocr_carea' id='block_1_32' title="bbox 2131 1549 3727 1633">
    <p class='ocr_par' dir='ltr' id='par_1_32' title="bbox 2131 1549 3727 1633">
     <span class='ocr_line' id='line_1_32' title="bbox 2131 1549 3727 1633; baseline -0.005 -19"><span class='ocrx_word' id='word_1_234' title='bbox 2131 1564 2315 1632; x_wconf 86' lang='grc' dir='ltr'>λαχείν</span> <span class='ocrx_word' id='word_1_235' title='bbox 2347 1559 2752 1633; x_wconf 82' lang='grc' dir='ltr'>προσηγορίας,</span> <span class='ocrx_word' id='word_1_236' title='bbox 2786 1557 3130 1629; x_wconf 76' lang='grc' dir='ltr'>εὑεργετικδν</span> <span class='ocrx_word' id='word_1_237' title='bbox 3159 1554 3224 1608; x_wconf 87' lang='grc' dir='ltr'><strong>ἂν</strong></span> <span class='ocrx_word' id='word_1_238' title='bbox 3260 1549 3348 1626; x_wconf 82' lang='grc' dir='ltr'>ἦν,</span> <span class='ocrx_word' id='word_1_239' title='bbox 3380 1554 3476 1606; x_wconf 71' lang='grc' dir='ltr'>καὶ</span> <span class='ocrx_word' id='word_1_240' title='bbox 3506 1552 3727 1606; x_wconf 79' lang='grc' dir='ltr'>πάντων</span> 
     </span>
    </p>
   </div>
   <div class='ocr_carea' id='block_1_33' title="bbox 2136 1643 3729 1724">
    <p class='ocr_par' dir='ltr' id='par_1_33' title="bbox 2136 1643 3729 1724">
     <span class='ocr_line' id='line_1_33' title="bbox 2136 1643 3729 1724; baseline -0.008 -18"><span class='ocrx_word' id='word_1_241' title='bbox 2136 1654 2424 1724; x_wconf 81' lang='grc' dir='ltr'>σωτήριον,</span> <span class='ocrx_word' id='word_1_242' title='bbox 2458 1650 2612 1720; x_wconf 83' lang='grc' dir='ltr'>φίλον</span> <span class='ocrx_word' id='word_1_243' title='bbox 2646 1667 2706 1703; x_wconf 89' lang='grc' dir='ltr'><strong>τε</strong></span> <span class='ocrx_word' id='word_1_244' title='bbox 2742 1647 3092 1718; x_wconf 81' lang='grc' dir='ltr'>δικαιοσύνης</span> <span class='ocrx_word' id='word_1_245' title='bbox 3135 1646 3230 1701; x_wconf 72' lang='grc' dir='ltr'>καὶ</span> <span class='ocrx_word' id='word_1_246' title='bbox 3284 1643 3585 1715; x_wconf 84' lang='grc' dir='ltr'>ἀνθρώπων</span> <span class='ocrx_word' id='word_1_247' title='bbox 3623 1659 3729 1713; x_wconf 80' lang='grc' dir='ltr'>κη-</span> 
     </span>
    </p>
   </div>
   <div class='ocr_carea' id='block_1_34' title="bbox 443 1732 2029 1816">
    <p class='ocr_par' dir='ltr' id='par_1_34' title="bbox 443 1734 2027 1809">
     <span class='ocr_line' id='line_1_34' title="bbox 443 1734 2027 1809; baseline 0.005 -22"><span class='ocrx_word' id='word_1_248' title='bbox 443 1734 864 1803; x_wconf 85' lang='lat' dir='ltr'><strong>appellationem</strong></span> <span class='ocrx_word' id='word_1_249' title='bbox 906 1736 1034 1806; x_wconf 89' lang='lat' dir='ltr'><strong>jure</strong></span> <span class='ocrx_word' id='word_1_250' title='bbox 1087 1737 1436 1805; x_wconf 87' lang='lat' dir='ltr'><strong>sortirentur,</strong></span> <span class='ocrx_word' id='word_1_251' title='bbox 1471 1754 1567 1794; x_wconf 91' lang='lat' dir='ltr'><strong>eos</strong></span> <span class='ocrx_word' id='word_1_252' title='bbox 1610 1740 1798 1809; x_wconf 91' lang='lat' dir='ltr'><strong>utique</strong></span> <span class='ocrx_word' id='word_1_253' title='bbox 1831 1748 2027 1795; x_wconf 89' lang='lat' dir='ltr'><strong>natura</strong></span> 
     </span>
    </p>
   </div>
   <div class='ocr_carea' id='block_1_35' title="bbox 2139 1732 3727 1816">
    <p class='ocr_par' dir='ltr' id='par_1_35' title="bbox 2139 1734 3727 1816">
     <span class='ocr_line' id='line_1_35' title="bbox 2139 1734 3727 1816; baseline -0.008 -18"><span class='ocrx_word' id='word_1_254' title='bbox 2139 1744 2431 1816; x_wconf 77' lang='grc' dir='ltr'>Ξεμονικόν.</span> <span class='ocrx_word' id='word_1_255' title='bbox 2481 1741 2735 1795; x_wconf 77' lang='grc' dir='ltr'>Τοιοῦτον</span> <span class='ocrx_word' id='word_1_256' title='bbox 2774 1741 2831 1795; x_wconf 85' lang='grc' dir='ltr'><strong>δέ</strong></span> <span class='ocrx_word' id='word_1_257' title='bbox 2859 1740 2919 1794; x_wconf 81' lang='grc' dir='ltr'>ὃν</span> <span class='ocrx_word' id='word_1_258' title='bbox 2946 1780 2960 1805; x_wconf 93' lang='grc'><strong>,</strong></span> <span class='ocrx_word' id='word_1_259' title='bbox 2997 1739 3115 1802; x_wconf 88' lang='grc' dir='ltr'><strong>πῶς</strong></span> <span class='ocrx_word' id='word_1_260' title='bbox 3141 1738 3198 1791; x_wconf 78' lang='grc' dir='ltr'>δὲ</span> <span class='ocrx_word' id='word_1_261' title='bbox 3228 1738 3329 1790; x_wconf 89' lang='grc' dir='ltr'><strong>οὑκ</strong></span> <span class='ocrx_word' id='word_1_262' title='bbox 3377 1737 3605 1806; x_wconf 85' lang='grc' dir='ltr'>ἀπεῖργε</span> <span class='ocrx_word' id='word_1_263' title='bbox 3634 1734 3727 1787; x_wconf 90' lang='grc' dir='ltr'><strong>διά</strong></span> 
     </span>
    </p>
   </div>
   <div class='ocr_carea' id='block_1_36' title="bbox 443 1828 2023 1901">
    <p class='ocr_par' dir='ltr' id='par_1_36' title="bbox 443 1828 2023 1901">
     <span class='ocr_line' id='line_1_36' title="bbox 443 1828 2023 1901; baseline 0.003 -19"><span class='ocrx_word' id='word_1_264' title='bbox 443 1841 544 1883; x_wconf 88' lang='lat' dir='ltr'><strong>sua</strong></span> <span class='ocrx_word' id='word_1_265' title='bbox 574 1842 698 1881; x_wconf 86' lang='lat' dir='ltr'><strong>cum</strong></span> <span class='ocrx_word' id='word_1_266' title='bbox 726 1828 1018 1898; x_wconf 83' lang='lat' dir='ltr'><strong>benignos,</strong></span> <span class='ocrx_word' id='word_1_267' title='bbox 1044 1844 1108 1883; x_wconf 89' lang='lat' dir='ltr'><strong>ac</strong></span> <span class='ocrx_word' id='word_1_268' title='bbox 1133 1828 1328 1883; x_wconf 84' lang='lat' dir='ltr'><strong>salutis</strong></span> <span class='ocrx_word' id='word_1_269' title='bbox 1355 1831 1602 1885; x_wconf 91' lang='lat' dir='ltr'><strong>omnium</strong></span> <span class='ocrx_word' id='word_1_270' title='bbox 1637 1833 1887 1901; x_wconf 91' lang='lat' dir='ltr'><strong>cupidos,</strong></span> <span class='ocrx_word' id='word_1_271' title='bbox 1910 1842 2023 1887; x_wconf 91' lang='lat' dir='ltr'><strong>tum</strong></span> 
     </span>
    </p>
   </div>
   <div class='ocr_carea' id='block_1_37' title="bbox 442 1920 2029 1991">
    <p class='ocr_par' dir='ltr' id='par_1_37' title="bbox 442 1920 2029 1991">
     <span class='ocr_line' id='line_1_37' title="bbox 442 1920 2029 1991; baseline 0.005 -19"><span class='ocrx_word' id='word_1_272' title='bbox 442 1934 578 1972; x_wconf 83' lang='lat' dir='ltr'><strong>vero</strong></span> <span class='ocrx_word' id='word_1_273' title='bbox 611 1928 862 1974; x_wconf 79' lang='lat' dir='ltr'><strong>amantes</strong></span> <span class='ocrx_word' id='word_1_274' title='bbox 904 1920 1151 1990; x_wconf 72' lang='lat' dir='ltr'><strong>justitite,</strong></span> <span class='ocrx_word' id='word_1_275' title='bbox 1212 1923 1606 1991; x_wconf 89' lang='lat' dir='ltr'><strong>hominumque</strong></span> <span class='ocrx_word' id='word_1_276' title='bbox 1653 1924 1931 1979; x_wconf 88' lang='lat' dir='ltr'><strong>studiosos</strong></span> <span class='ocrx_word' id='word_1_277' title='bbox 1962 1940 2029 1980; x_wconf 87' lang='lat' dir='ltr'><strong>ac</strong></span> 
     </span>
    </p>
   </div>
   <div class='ocr_carea' id='block_1_38' title="bbox 443 2010 2024 2083">
    <p class='ocr_par' dir='ltr' id='par_1_38' title="bbox 443 2010 2024 2083">
     <span class='ocr_line' id='line_1_38' title="bbox 443 2010 2024 2083; baseline 0.004 -18"><span class='ocrx_word' id='word_1_278' title='bbox 443 2010 763 2066; x_wconf 79' lang='lat' dir='ltr'><strong>defensores</strong></span> <span class='ocrx_word' id='word_1_279' title='bbox 823 2026 946 2067; x_wconf 85' lang='lat' dir='ltr'><strong>esse</strong></span> <span class='ocrx_word' id='word_1_280' title='bbox 996 2022 1295 2081; x_wconf 86' lang='lat' dir='ltr'><strong>oporteret.</strong></span> <span class='ocrx_word' id='word_1_281' title='bbox 1333 2014 1657 2083; x_wconf 82' lang='lat' dir='ltr'><strong>Cujusmodi</strong></span> <span class='ocrx_word' id='word_1_282' title='bbox 1713 2013 1759 2070; x_wconf 92' lang='lat' dir='ltr'><strong>si</strong></span> <span class='ocrx_word' id='word_1_283' title='bbox 1815 2025 2024 2082; x_wconf 79' lang='lat' dir='ltr'><strong>essent,</strong></span> 
     </span>
    </p>
   </div>
   <div class='ocr_carea' id='block_1_39' title="bbox 441 2100 2028 2171">
    <p class='ocr_par' dir='ltr' id='par_1_39' title="bbox 441 2100 2028 2171">
     <span class='ocr_line' id='line_1_39' title="bbox 441 2100 2028 2171; baseline 0.006 -17"><span class='ocrx_word' id='word_1_284' title='bbox 441 2100 540 2170; x_wconf 77' lang='lat' dir='ltr'><strong>qui</strong></span> <span class='ocrx_word' id='word_1_285' title='bbox 571 2100 686 2155; x_wconf 85' lang='lat' dir='ltr'><strong>lieri</strong></span> <span class='ocrx_word' id='word_1_286' title='bbox 713 2112 920 2171; x_wconf 70' lang='lat' dir='ltr'><strong>posset,</strong></span> <span class='ocrx_word' id='word_1_287' title='bbox 945 2110 1005 2157; x_wconf 90' lang='lat' dir='ltr'><strong>ut</strong></span> <span class='ocrx_word' id='word_1_288' title='bbox 1033 2102 1319 2157; x_wconf 90' lang='lat' dir='ltr'><strong>hominum</strong></span> <span class='ocrx_word' id='word_1_289' title='bbox 1349 2105 1589 2161; x_wconf 66' lang='lat' dir='ltr'><strong>caedibus</strong></span> <span class='ocrx_word' id='word_1_290' title='bbox 1620 2106 1688 2160; x_wconf 85' lang='lat' dir='ltr'><strong>ad</strong></span> <span class='ocrx_word' id='word_1_291' title='bbox 1712 2107 2028 2164; x_wconf 87' lang='lat' dir='ltr'><strong>delectatio-</strong></span> 
     </span>
    </p>
   </div>
   <div class='ocr_carea' id='block_1_40' title="bbox 444 2193 2028 2264">
    <p class='ocr_par' dir='ltr' id='par_1_40' title="bbox 444 2193 2028 2264">
     <span class='ocr_line' id='line_1_40' title="bbox 444 2193 2028 2264; baseline 0.006 -19"><span class='ocrx_word' id='word_1_292' title='bbox 444 2208 569 2246; x_wconf 90' lang='lat' dir='ltr'><strong>nem</strong></span> <span class='ocrx_word' id='word_1_293' title='bbox 596 2193 1043 2264; x_wconf 74' lang='lat' dir='ltr'><strong>voluptatemque</strong></span> <span class='ocrx_word' id='word_1_294' title='bbox 1078 2194 1432 2250; x_wconf 83' lang='lat' dir='ltr'><strong>fruercntur?</strong></span> <span class='ocrx_word' id='word_1_295' title='bbox 1460 2196 1778 2252; x_wconf 78' lang='lat' dir='ltr'><strong>fruerentur</strong></span> <span class='ocrx_word' id='word_1_296' title='bbox 1805 2201 2028 2255; x_wconf 85' lang='lat' dir='ltr'><strong>autem?</strong></span> 
     </span>
    </p>
   </div>
   <div class='ocr_carea' id='block_1_41' title="bbox 443 2282 2029 2357">
    <p class='ocr_par' dir='ltr' id='par_1_41' title="bbox 443 2282 2029 2357">
     <span class='ocr_line' id='line_1_41' title="bbox 443 2282 2029 2357; baseline 0.006 -21"><span class='ocrx_word' id='word_1_297' title='bbox 443 2282 581 2348; x_wconf 71' lang='lat' dir='ltr'><strong>lino,</strong></span> <span class='ocrx_word' id='word_1_298' title='bbox 642 2286 721 2338; x_wconf 90' lang='lat' dir='ltr'><strong>uti</strong></span> <span class='ocrx_word' id='word_1_299' title='bbox 778 2300 889 2339; x_wconf 90' lang='lat' dir='ltr'><strong>non</strong></span> <span class='ocrx_word' id='word_1_300' title='bbox 943 2284 1229 2339; x_wconf 89' lang='lat' dir='ltr'><strong>hominum</strong></span> <span class='ocrx_word' id='word_1_301' title='bbox 1280 2302 1453 2357; x_wconf 78' lang='lat' dir='ltr'><strong>genus</strong></span> <span class='ocrx_word' id='word_1_302' title='bbox 1488 2302 1519 2342; x_wconf 89' lang='lat' dir='ltr'><strong>a</strong></span> <span class='ocrx_word' id='word_1_303' title='bbox 1574 2285 1789 2342; x_wconf 81' lang='lat' dir='ltr'><strong>nefario</strong></span> <span class='ocrx_word' id='word_1_304' title='bbox 1823 2289 2029 2346; x_wconf 79' lang='lat' dir='ltr'><strong>scelere</strong></span> 
     </span>
    </p>
   </div>
   <div class='ocr_carea' id='block_1_42' title="bbox 445 2375 2030 2448">
    <p class='ocr_par' dir='ltr' id='par_1_42' title="bbox 445 2375 2030 2448">
     <span class='ocr_line' id='line_1_42' title="bbox 445 2375 2030 2448; baseline 0.004 -19"><span class='ocrx_word' id='word_1_305' title='bbox 445 2376 563 2430; x_wconf 86' lang='lat' dir='ltr'><strong>suis</strong></span> <span class='ocrx_word' id='word_1_306' title='bbox 596 2375 699 2446; x_wconf 88' lang='lat' dir='ltr'><strong>ipsi</strong></span> <span class='ocrx_word' id='word_1_307' title='bbox 730 2377 970 2432; x_wconf 89' lang='lat' dir='ltr'><strong>oraculis</strong></span> <span class='ocrx_word' id='word_1_308' title='bbox 1001 2375 1386 2432; x_wconf 82' lang='lat' dir='ltr'><strong>deterrerent?</strong></span> <span class='ocrx_word' id='word_1_309' title='bbox 1421 2377 1526 2433; x_wconf 89' lang='lat' dir='ltr'><strong>Sed</strong></span> <span class='ocrx_word' id='word_1_310' title='bbox 1560 2378 1637 2432; x_wconf 91' lang='lat' dir='ltr'><strong>illi</strong></span> <span class='ocrx_word' id='word_1_311' title='bbox 1660 2378 1906 2448; x_wconf 80' lang='lat' dir='ltr'><strong>profecto</strong></span> <span class='ocrx_word' id='word_1_312' title='bbox 1930 2382 2030 2435; x_wconf 92' lang='lat' dir='ltr'><strong>ho-</strong></span> 
     </span>
    </p>
   </div>
   <div class='ocr_carea' id='block_1_43' title="bbox 445 2462 2026 2539">
    <p class='ocr_par' dir='ltr' id='par_1_43' title="bbox 445 2462 2026 2539">
     <span class='ocr_line' id='line_1_43' title="bbox 445 2462 2026 2539; baseline 0.006 -23"><span class='ocrx_word' id='word_1_313' title='bbox 445 2462 687 2519; x_wconf 89' lang='lat' dir='ltr'><strong>minibus</strong></span> <span class='ocrx_word' id='word_1_314' title='bbox 730 2466 868 2535; x_wconf 88' lang='lat' dir='ltr'><strong>ipsis</strong></span> <span class='ocrx_word' id='word_1_315' title='bbox 914 2465 1075 2537; x_wconf 80' lang='lat' dir='ltr'><strong>longe</strong></span> <span class='ocrx_word' id='word_1_316' title='bbox 1127 2466 1346 2536; x_wconf 88' lang='lat' dir='ltr'><strong>pejores</strong></span> <span class='ocrx_word' id='word_1_317' title='bbox 1401 2483 1467 2523; x_wconf 92' lang='lat' dir='ltr'><strong>ac</strong></span> <span class='ocrx_word' id='word_1_318' title='bbox 1521 2469 1821 2526; x_wconf 88' lang='lat' dir='ltr'><strong>deteriores</strong></span> <span class='ocrx_word' id='word_1_319' title='bbox 1874 2472 2026 2539; x_wconf 87' lang='lat' dir='ltr'><strong>sint,</strong></span> 
     </span>
    </p>
   </div>
   <div class='ocr_carea' id='block_1_44' title="bbox 445 2558 2029 2633">
    <p class='ocr_par' dir='ltr' id='par_1_44' title="bbox 445 2558 2029 2633">
     <span class='ocr_line' id='line_1_44' title="bbox 445 2558 2029 2633; baseline 0.007 -25"><span class='ocrx_word' id='word_1_320' title='bbox 445 2568 672 2610; x_wconf 82' lang='lat' dir='ltr'><strong>necesse</strong></span> <span class='ocrx_word' id='word_1_321' title='bbox 716 2565 821 2622; x_wconf 88' lang='lat' dir='ltr'><strong>est,</strong></span> <span class='ocrx_word' id='word_1_322' title='bbox 864 2558 1066 2627; x_wconf 91' lang='lat' dir='ltr'><strong>quippe</strong></span> <span class='ocrx_word' id='word_1_323' title='bbox 1105 2575 1230 2614; x_wconf 92' lang='lat' dir='ltr'><strong>cum</strong></span> <span class='ocrx_word' id='word_1_324' title='bbox 1288 2558 1539 2615; x_wconf 86' lang='lat' dir='ltr'><strong>homines</strong></span> <span class='ocrx_word' id='word_1_325' title='bbox 1592 2562 1770 2631; x_wconf 71' lang='lat' dir='ltr'><strong>poenis</strong></span> <span class='ocrx_word' id='word_1_326' title='bbox 1818 2562 2029 2633; x_wconf 86' lang='lat' dir='ltr'><strong>legibus</strong></span> 
     </span>
    </p>
   </div>
   <div class='ocr_carea' id='block_1_45' title="bbox 443 2647 2025 2718">
    <p class='ocr_par' dir='ltr' id='par_1_45' title="bbox 443 2647 2025 2718">
     <span class='ocr_line' id='line_1_45' title="bbox 443 2647 2025 2718; baseline 0.005 -16"><span class='ocrx_word' id='word_1_327' title='bbox 443 2647 760 2703; x_wconf 86' lang='lat' dir='ltr'><strong>constitutis</strong></span> <span class='ocrx_word' id='word_1_328' title='bbox 790 2650 1095 2718; x_wconf 84' lang='lat' dir='ltr'><strong>parricidas</strong></span> <span class='ocrx_word' id='word_1_329' title='bbox 1148 2650 1284 2707; x_wconf 90' lang='lat' dir='ltr'><strong>istos</strong></span> <span class='ocrx_word' id='word_1_330' title='bbox 1337 2652 1614 2708; x_wconf 87' lang='lat' dir='ltr'><strong>saniorem</strong></span> <span class='ocrx_word' id='word_1_331' title='bbox 1671 2654 1738 2708; x_wconf 87' lang='lat' dir='ltr'><strong>ad</strong></span> <span class='ocrx_word' id='word_1_332' title='bbox 1787 2664 2025 2710; x_wconf 89' lang='lat' dir='ltr'><strong>mentem</strong></span> 
     </span>
    </p>
   </div>
   <div class='ocr_carea' id='block_1_46' title="bbox 439 2741 2021 2814">
    <p class='ocr_par' dir='ltr' id='par_1_46' title="bbox 439 2741 2021 2814">
     <span class='ocr_line' id='line_1_46' title="bbox 439 2741 2021 2814; baseline 0.006 -22"><span class='ocrx_word' id='word_1_333' title='bbox 439 2741 771 2794; x_wconf 84' lang='lat' dir='ltr'><strong>revocarint.</strong></span> <span class='ocrx_word' id='word_1_334' title='bbox 828 2741 991 2812; x_wconf 78' lang='lat'><strong>162</strong></span> <span class='ocrx_word' id='word_1_335' title='bbox 1040 2742 1232 2811; x_wconf 78' lang='lat' dir='ltr'><strong>Neque</strong></span> <span class='ocrx_word' id='word_1_336' title='bbox 1262 2743 1411 2798; x_wconf 90' lang='lat' dir='ltr'><strong>enim</strong></span> <span class='ocrx_word' id='word_1_337' title='bbox 1457 2760 1602 2799; x_wconf 93' lang='lat' dir='ltr'><strong>unus</strong></span> <span class='ocrx_word' id='word_1_338' title='bbox 1644 2744 1842 2814; x_wconf 87' lang='lat' dir='ltr'><strong>aliquis</strong></span> <span class='ocrx_word' id='word_1_339' title='bbox 1893 2747 2021 2801; x_wconf 90' lang='lat' dir='ltr'><strong>deo-</strong></span> 
     </span>
    </p>
   </div>
   <div class='ocr_carea' id='block_1_47' title="bbox 441 2831 2026 2906">
    <p class='ocr_par' dir='ltr' id='par_1_47' title="bbox 441 2831 2026 2906">
     <span class='ocr_line' id='line_1_47' title="bbox 441 2831 2026 2906; baseline 0.005 -23"><span class='ocrx_word' id='word_1_340' title='bbox 441 2845 563 2885; x_wconf 92' lang='lat' dir='ltr'><strong>rum</strong></span> <span class='ocrx_word' id='word_1_341' title='bbox 601 2832 648 2887; x_wconf 92' lang='lat' dir='ltr'><strong>is</strong></span> <span class='ocrx_word' id='word_1_342' title='bbox 676 2831 800 2897; x_wconf 83' lang='lat' dir='ltr'><strong>fuit,</strong></span> <span class='ocrx_word' id='word_1_343' title='bbox 836 2834 930 2888; x_wconf 90' lang='lat' dir='ltr'><strong>sed</strong></span> <span class='ocrx_word' id='word_1_344' title='bbox 970 2834 1277 2898; x_wconf 84' lang='lat' dir='ltr'><strong>hominum,</strong></span> <span class='ocrx_word' id='word_1_345' title='bbox 1312 2850 1412 2905; x_wconf 91' lang='lat' dir='ltr'><strong>per</strong></span> <span class='ocrx_word' id='word_1_346' title='bbox 1441 2851 1600 2905; x_wconf 90' lang='lat' dir='ltr'><strong>quem</strong></span> <span class='ocrx_word' id='word_1_347' title='bbox 1644 2836 1894 2892; x_wconf 78' lang='lat' dir='ltr'><strong>ell‘ectum</strong></span> <span class='ocrx_word' id='word_1_348' title='bbox 1922 2847 2026 2906; x_wconf 87' lang='lat' dir='ltr'><strong>est,</strong></span> 
     </span>
    </p>
   </div>
   <div class='ocr_carea' id='block_1_48' title="bbox 442 2923 2023 2998">
    <p class='ocr_par' dir='ltr' id='par_1_48' title="bbox 442 2923 2023 2998">
     <span class='ocr_line' id='line_1_48' title="bbox 442 2923 2023 2998; baseline 0.003 -21"><span class='ocrx_word' id='word_1_349' title='bbox 442 2933 504 2978; x_wconf 87' lang='lat' dir='ltr'><strong>ut</strong></span> <span class='ocrx_word' id='word_1_350' title='bbox 534 2923 797 2993; x_wconf 79' lang='lat' dir='ltr'><strong>pestifera</strong></span> <span class='ocrx_word' id='word_1_351' title='bbox 844 2924 1131 2980; x_wconf 90' lang='lat' dir='ltr'><strong>hominum</strong></span> <span class='ocrx_word' id='word_1_352' title='bbox 1188 2926 1650 2982; x_wconf 87' lang='lat' dir='ltr'><strong>immolandorum</strong></span> <span class='ocrx_word' id='word_1_353' title='bbox 1689 2937 2023 2998; x_wconf 84' lang='lat' dir='ltr'><strong>oaquc&#39;tam</strong></span> 
     </span>
    </p>
   </div>
   <div class='ocr_carea' id='block_1_49' title="bbox 442 3018 2023 3075">
    <p class='ocr_par' dir='ltr' id='par_1_49' title="bbox 442 3018 2023 3075">
     <span class='ocr_line' id='line_1_49' title="bbox 442 3018 2023 3075; baseline 0.003 -5"><span class='ocrx_word' id='word_1_354' title='bbox 442 3018 702 3072; x_wconf 87' lang='lat' dir='ltr'><strong>diuturna</strong></span> <span class='ocrx_word' id='word_1_355' title='bbox 731 3018 1091 3075; x_wconf 86' lang='lat' dir='ltr'><strong>consuetudo.</strong></span> <span class='ocrx_word' id='word_1_356' title='bbox 1131 3019 1432 3074; x_wconf 86' lang='lat' dir='ltr'><strong>tolleretur.</strong></span> <span class='ocrx_word' id='word_1_357' title='bbox 1484 3018 1872 3074; x_wconf 83' lang='lat' dir='ltr'><strong>Verumtamen</strong></span> <span class='ocrx_word' id='word_1_358' title='bbox 1918 3021 2023 3075; x_wconf 88' lang='lat' dir='ltr'><strong>im-</strong></span> 
     </span>
    </p>
   </div>
   <div class='ocr_carea' id='block_1_50' title="bbox 440 3088 2093 3179">
    <p class='ocr_par' dir='ltr' id='par_1_50' title="bbox 440 3088 2093 3179">
     <span class='ocr_line' id='line_1_50' title="bbox 440 3088 2093 3179; baseline 0.004 -18"><span class='ocrx_word' id='word_1_359' title='bbox 440 3110 738 3179; x_wconf 83' lang='lat' dir='ltr'><strong>proborum</strong></span> <span class='ocrx_word' id='word_1_360' title='bbox 770 3110 1080 3165; x_wconf 64' lang='lat' dir='ltr'><strong>daemonum</strong></span> <span class='ocrx_word' id='word_1_361' title='bbox 1115 3119 1290 3165; x_wconf 91' lang='lat' dir='ltr'><strong>totum</strong></span> <span class='ocrx_word' id='word_1_362' title='bbox 1321 3111 1373 3166; x_wconf 91' lang='lat' dir='ltr'><strong>id</strong></span> <span class='ocrx_word' id='word_1_363' title='bbox 1407 3110 1597 3177; x_wconf 81' lang='lat' dir='ltr'><strong>fuisse,</strong></span> <span class='ocrx_word' id='word_1_364' title='bbox 1627 3113 1832 3167; x_wconf 90' lang='lat' dir='ltr'><strong>clarius</strong></span> <span class='ocrx_word' id='word_1_365' title='bbox 1856 3113 2022 3168; x_wconf 89' lang='lat' dir='ltr'><strong>etiam</strong></span> <span class='ocrx_word' id='word_1_366' title='bbox 2050 3088 2093 3145; x_wconf 64' lang='grc' dir='ltr'><strong>θ</strong></span> 
     </span>
    </p>
   </div>
   <div class='ocr_carea' id='block_1_51' title="bbox 442 3192 2023 3273">
    <p class='ocr_par' dir='ltr' id='par_1_51' title="bbox 442 3192 2023 3273">
     <span class='ocr_line' id='line_1_51' title="bbox 442 3192 2023 3273; baseline 0.003 -18"><span class='ocrx_word' id='word_1_367' title='bbox 442 3201 739 3272; x_wconf 78' lang='lat' dir='ltr'><strong>intelliges,</strong></span> <span class='ocrx_word' id='word_1_368' title='bbox 767 3202 813 3257; x_wconf 89' lang='lat' dir='ltr'><strong>si</strong></span> <span class='ocrx_word' id='word_1_369' title='bbox 843 3192 1155 3258; x_wconf 70' lang='lat' dir='ltr'><strong>deinianda</strong></span> <span class='ocrx_word' id='word_1_370' title='bbox 1188 3203 1280 3257; x_wconf 91' lang='lat' dir='ltr'><strong>illa</strong></span> <span class='ocrx_word' id='word_1_371' title='bbox 1317 3203 1600 3273; x_wconf 76' lang='lat' dir='ltr'><strong>eﬂ‘usaquc</strong></span> <span class='ocrx_word' id='word_1_372' title='bbox 1631 3207 1908 3260; x_wconf 88' lang='lat' dir='ltr'><strong>scortandi</strong></span> <span class='ocrx_word' id='word_1_373' title='bbox 1955 3206 2023 3260; x_wconf 90' lang='lat' dir='ltr'><strong>li-</strong></span> 
     </span>
    </p>
   </div>
   <div class='ocr_carea' id='block_1_52' title="bbox 442 3294 2029 3367">
    <p class='ocr_par' dir='ltr' id='par_1_52' title="bbox 442 3294 2029 3367">
     <span class='ocr_line' id='line_1_52' title="bbox 442 3294 2029 3367; baseline 0.003 -19"><span class='ocrx_word' id='word_1_374' title='bbox 442 3294 651 3362; x_wconf 78' lang='lat' dir='ltr'><strong>bidine,</strong></span> <span class='ocrx_word' id='word_1_375' title='bbox 684 3294 844 3365; x_wconf 80' lang='lat' dir='ltr'><strong>cujus</strong></span> <span class='ocrx_word' id='word_1_376' title='bbox 875 3297 1175 3348; x_wconf 87' lang='lat' dir='ltr'><strong>etiamnum</strong></span> <span class='ocrx_word' id='word_1_377' title='bbox 1230 3296 1374 3365; x_wconf 90' lang='lat' dir='ltr'><strong>apud</strong></span> <span class='ocrx_word' id='word_1_378' title='bbox 1418 3295 1742 3367; x_wconf 80' lang='lat' dir='ltr'><strong>Hcliopolim</strong></span> <span class='ocrx_word' id='word_1_379' title='bbox 1800 3297 2029 3354; x_wconf 81' lang='lat' dir='ltr'><strong>Phoeni-</strong></span> 
     </span>
    </p>
   </div>
   <div class='ocr_carea' id='block_1_53' title="bbox 445 3387 2024 3458">
    <p class='ocr_par' dir='ltr' id='par_1_53' title="bbox 445 3387 2024 3458">
     <span class='ocr_line' id='line_1_53' title="bbox 445 3387 2024 3458; baseline 0.002 -16"><span class='ocrx_word' id='word_1_380' title='bbox 445 3387 566 3452; x_wconf 82' lang='lat' dir='ltr'><strong>ciae,</strong></span> <span class='ocrx_word' id='word_1_381' title='bbox 597 3393 761 3457; x_wconf 86' lang='lat' dir='ltr'><strong>atque</strong></span> <span class='ocrx_word' id='word_1_382' title='bbox 794 3387 933 3441; x_wconf 90' lang='lat' dir='ltr'><strong>alios</strong></span> <span class='ocrx_word' id='word_1_383' title='bbox 956 3387 1244 3457; x_wconf 86' lang='lat' dir='ltr'><strong>plerosque</strong></span> <span class='ocrx_word' id='word_1_384' title='bbox 1284 3389 1516 3458; x_wconf 90' lang='lat' dir='ltr'><strong>populos</strong></span> <span class='ocrx_word' id='word_1_385' title='bbox 1545 3405 1679 3445; x_wconf 88' lang='lat' dir='ltr'><strong>usus</strong></span> <span class='ocrx_word' id='word_1_386' title='bbox 1708 3398 1814 3457; x_wconf 87' lang='lat' dir='ltr'><strong>est,</strong></span> <span class='ocrx_word' id='word_1_387' title='bbox 1844 3399 2024 3445; x_wconf 87' lang='lat' dir='ltr'><strong>tecum</strong></span> 
     </span>
    </p>
   </div>
   <div class='ocr_carea' id='block_1_54' title="bbox 444 3460 2024 3550">
    <p class='ocr_par' dir='ltr' id='par_1_54' title="bbox 444 3460 2024 3550">
     <span class='ocr_line' id='line_1_54' title="bbox 444 3460 2024 3550; baseline 0.003 -19"><span class='ocrx_word' id='word_1_388' title='bbox 444 3476 561 3546; x_wconf 87' lang='lat' dir='ltr'><strong>ipse</strong></span> <span class='ocrx_word' id='word_1_389' title='bbox 589 3476 939 3546; x_wconf 80' lang='lat' dir='ltr'><strong>cogitaveris.</strong></span> <span class='ocrx_word' id='word_1_390' title='bbox 993 3460 1275 3533; x_wconf 82' lang='lat' dir='ltr'><strong>Adulteria</strong></span> <span class='ocrx_word' id='word_1_391' title='bbox 1332 3479 1626 3548; x_wconf 90' lang='lat' dir='ltr'><strong>siquidem,</strong></span> <span class='ocrx_word' id='word_1_392' title='bbox 1661 3482 2024 3550; x_wconf 90' lang='lat' dir='ltr'><strong>corruptelas,</strong></span> 
     </span>
    </p>
   </div>
   <div class='ocr_carea' id='block_1_55' title="bbox 444 3567 2026 3643">
    <p class='ocr_par' dir='ltr' id='par_1_55' title="bbox 444 3567 2026 3643">
     <span class='ocr_line' id='line_1_55' title="bbox 444 3567 2026 3643; baseline 0.004 -22"><span class='ocrx_word' id='word_1_393' title='bbox 444 3568 660 3637; x_wconf 89' lang='lat' dir='ltr'><strong>aliaque</strong></span> <span class='ocrx_word' id='word_1_394' title='bbox 690 3568 741 3620; x_wconf 82' lang='lat' dir='ltr'><strong>id</strong></span> <span class='ocrx_word' id='word_1_395' title='bbox 773 3584 946 3638; x_wconf 84' lang='lat' dir='ltr'><strong>genus</strong></span> <span class='ocrx_word' id='word_1_396' title='bbox 990 3569 1202 3624; x_wconf 87' lang='lat' dir='ltr'><strong>incesta</strong></span> <span class='ocrx_word' id='word_1_397' title='bbox 1232 3567 1459 3643; x_wconf 78' lang='lat' dir='ltr'><strong>ﬂagitia,</strong></span> <span class='ocrx_word' id='word_1_398' title='bbox 1497 3570 1577 3625; x_wconf 91' lang='lat' dir='ltr'><strong>sic</strong></span> <span class='ocrx_word' id='word_1_399' title='bbox 1609 3580 1868 3641; x_wconf 89' lang='lat' dir='ltr'><strong>tanquam</strong></span> <span class='ocrx_word' id='word_1_400' title='bbox 1922 3588 2026 3627; x_wconf 91' lang='lat' dir='ltr'><strong>no-</strong></span> 
     </span>
    </p>
   </div>
   <div class='ocr_carea' id='block_1_56' title="bbox 442 3656 2028 3732">
    <p class='ocr_par' dir='ltr' id='par_1_56' title="bbox 442 3656 2028 3732">
     <span class='ocr_line' id='line_1_56' title="bbox 442 3656 2028 3732; baseline 0.004 -22"><span class='ocrx_word' id='word_1_401' title='bbox 442 3672 566 3711; x_wconf 88' lang='lat' dir='ltr'><strong>men</strong></span> <span class='ocrx_word' id='word_1_402' title='bbox 626 3656 847 3727; x_wconf 83' lang='lat' dir='ltr'><strong>aliquod</strong></span> <span class='ocrx_word' id='word_1_403' title='bbox 904 3659 959 3712; x_wconf 92' lang='lat' dir='ltr'><strong>in</strong></span> <span class='ocrx_word' id='word_1_404' title='bbox 1017 3659 1245 3714; x_wconf 90' lang='lat' dir='ltr'><strong>deorum</strong></span> <span class='ocrx_word' id='word_1_405' title='bbox 1281 3676 1507 3716; x_wconf 89' lang='lat' dir='ltr'><strong>suorum</strong></span> <span class='ocrx_word' id='word_1_406' title='bbox 1542 3662 1690 3715; x_wconf 88' lang='lat' dir='ltr'><strong>cultu</strong></span> <span class='ocrx_word' id='word_1_407' title='bbox 1726 3678 2028 3732; x_wconf 74' lang='lat' dir='ltr'><strong>repraesen-</strong></span> 
     </span>
    </p>
   </div>
   <div class='ocr_carea' id='block_1_57' title="bbox 445 3749 2026 3823">
    <p class='ocr_par' dir='ltr' id='par_1_57' title="bbox 445 3749 2026 3823">
     <span class='ocr_line' id='line_1_57' title="bbox 445 3749 2026 3823; baseline 0.001 -19"><span class='ocrx_word' id='word_1_408' title='bbox 445 3749 611 3804; x_wconf 87' lang='lat' dir='ltr'><strong>tanda</strong></span> <span class='ocrx_word' id='word_1_409' title='bbox 645 3764 768 3804; x_wconf 91' lang='lat' dir='ltr'><strong>esse</strong></span> <span class='ocrx_word' id='word_1_410' title='bbox 801 3749 1124 3818; x_wconf 82' lang='lat' dir='ltr'><strong>defendunt,</strong></span> <span class='ocrx_word' id='word_1_411' title='bbox 1156 3752 1401 3821; x_wconf 85' lang='lat' dir='ltr'><strong>adeoque</strong></span> <span class='ocrx_word' id='word_1_412' title='bbox 1434 3752 1791 3822; x_wconf 90' lang='lat' dir='ltr'><strong>turpitudinis</strong></span> <span class='ocrx_word' id='word_1_413' title='bbox 1843 3753 2026 3823; x_wconf 80' lang='lat' dir='ltr'><strong>indig-</strong></span> 
     </span>
    </p>
   </div>
   <div class='ocr_carea' id='block_1_58' title="bbox 446 3842 2024 3914">
    <p class='ocr_par' dir='ltr' id='par_1_58' title="bbox 446 3842 2024 3914">
     <span class='ocr_line' id='line_1_58' title="bbox 446 3842 2024 3914; baseline 0.004 -19"><span class='ocrx_word' id='word_1_414' title='bbox 446 3842 690 3897; x_wconf 72' lang='lat' dir='ltr'><strong>nissimm</strong></span> <span class='ocrx_word' id='word_1_415' title='bbox 744 3857 873 3898; x_wconf 89' lang='lat' dir='ltr'><strong>suas</strong></span> <span class='ocrx_word' id='word_1_416' title='bbox 921 3858 1143 3913; x_wconf 90' lang='lat' dir='ltr'><strong>quoque</strong></span> <span class='ocrx_word' id='word_1_417' title='bbox 1185 3843 1460 3913; x_wconf 89' lang='lat' dir='ltr'><strong>primitias</strong></span> <span class='ocrx_word' id='word_1_418' title='bbox 1507 3845 1642 3914; x_wconf 91' lang='lat' dir='ltr'><strong>ipsis</strong></span> <span class='ocrx_word' id='word_1_419' title='bbox 1695 3844 2024 3913; x_wconf 65' lang='lat' dir='ltr'><strong>offerendas,</strong></span> 
     </span>
    </p>
   </div>
   <div class='ocr_carea' id='block_1_59' title="bbox 445 3930 2025 4004">
    <p class='ocr_par' dir='ltr' id='par_1_59' title="bbox 445 3930 2025 4004">
     <span class='ocr_line' id='line_1_59' title="bbox 445 3930 2025 4004; baseline 0.001 -17"><span class='ocrx_word' id='word_1_420' title='bbox 445 3930 578 3988; x_wconf 67' lang='lat' dir='ltr'><strong>{aedi</strong></span> <span class='ocrx_word' id='word_1_421' title='bbox 608 3933 864 3988; x_wconf 89' lang='lat' dir='ltr'><strong>videlicet</strong></span> <span class='ocrx_word' id='word_1_422' title='bbox 917 3934 1251 4004; x_wconf 83' lang='lat' dir='ltr'><strong>infamisque</strong></span> <span class='ocrx_word' id='word_1_423' title='bbox 1311 3934 1627 3988; x_wconf 89' lang='lat' dir='ltr'><strong>commercii</strong></span> <span class='ocrx_word' id='word_1_424' title='bbox 1666 3933 1904 3988; x_wconf 82' lang='lat' dir='ltr'><strong>fructum</strong></span> <span class='ocrx_word' id='word_1_425' title='bbox 1936 3935 2025 3999; x_wconf 91' lang='lat' dir='ltr'><strong>iis,</strong></span> 
     </span>
    </p>
   </div>
   <div class='ocr_carea' id='block_1_60' title="bbox 445 4024 2030 4096">
    <p class='ocr_par' dir='ltr' id='par_1_60' title="bbox 445 4024 2030 4096">
     <span class='ocr_line' id='line_1_60' title="bbox 445 4024 2030 4096; baseline -0.001 -17"><span class='ocrx_word' id='word_1_426' title='bbox 445 4025 671 4095; x_wconf 88' lang='lat' dir='ltr'><strong>perinde</strong></span> <span class='ocrx_word' id='word_1_427' title='bbox 713 4034 775 4079; x_wconf 90' lang='lat' dir='ltr'><strong>ut</strong></span> <span class='ocrx_word' id='word_1_428' title='bbox 804 4025 1069 4079; x_wconf 82' lang='lat' dir='ltr'><strong>eximium</strong></span> <span class='ocrx_word' id='word_1_429' title='bbox 1124 4024 1398 4096; x_wconf 90' lang='lat' dir='ltr'><strong>quoddam</strong></span> <span class='ocrx_word' id='word_1_430' title='bbox 1447 4027 1583 4096; x_wconf 79' lang='lat' dir='ltr'><strong>grati</strong></span> <span class='ocrx_word' id='word_1_431' title='bbox 1633 4027 1801 4080; x_wconf 89' lang='lat' dir='ltr'><strong>animi</strong></span> <span class='ocrx_word' id='word_1_432' title='bbox 1851 4027 2030 4080; x_wconf 88' lang='lat' dir='ltr'><strong>moni-</strong></span> 
     </span>
    </p>
   </div>
   <div class='ocr_carea' id='block_1_61' title="bbox 447 4117 2027 4173">
    <p class='ocr_par' dir='ltr' id='par_1_61' title="bbox 447 4117 2027 4173">
     <span class='ocr_line' id='line_1_61' title="bbox 447 4117 2027 4173; baseline 0.001 -2"><span class='ocrx_word' id='word_1_433' title='bbox 447 4128 692 4171; x_wconf 84' lang='lat' dir='ltr'><strong>mentum</strong></span> <span class='ocrx_word' id='word_1_434' title='bbox 727 4117 1123 4173; x_wconf 82' lang='lat' dir='ltr'><strong>conseerando.</strong></span> <span class='ocrx_word' id='word_1_435' title='bbox 1166 4118 1307 4170; x_wconf 88' lang='lat' dir='ltr'><strong>Sunt</strong></span> <span class='ocrx_word' id='word_1_436' title='bbox 1335 4118 1483 4171; x_wconf 90' lang='lat' dir='ltr'><strong>enim</strong></span> <span class='ocrx_word' id='word_1_437' title='bbox 1525 4118 1892 4172; x_wconf 89' lang='lat' dir='ltr'><strong>humanarum</strong></span> <span class='ocrx_word' id='word_1_438' title='bbox 1924 4120 2027 4173; x_wconf 84' lang='lat' dir='ltr'><strong>ho-</strong></span> 
     </span>
    </p>
   </div>
   <div class='ocr_carea' id='block_1_62' title="bbox 446 4208 2028 4281">
    <p class='ocr_par' dir='ltr' id='par_1_62' title="bbox 446 4208 2028 4281">
     <span class='ocr_line' id='line_1_62' title="bbox 446 4208 2028 4281; baseline 0.001 -16"><span class='ocrx_word' id='word_1_439' title='bbox 446 4208 677 4265; x_wconf 84' lang='lat' dir='ltr'><strong>stiarum</strong></span> <span class='ocrx_word' id='word_1_440' title='bbox 712 4209 905 4264; x_wconf 56' lang='lat' dir='ltr'><strong>isthaec</strong></span> <span class='ocrx_word' id='word_1_441' title='bbox 933 4209 1132 4264; x_wconf 80' lang='lat' dir='ltr'><strong>alﬁnia.</strong></span> <span class='ocrx_word' id='word_1_442' title='bbox 1175 4209 1333 4276; x_wconf 86' lang='lat' dir='ltr'><strong>Quod</strong></span> <span class='ocrx_word' id='word_1_443' title='bbox 1366 4209 1413 4265; x_wconf 91' lang='lat' dir='ltr'><strong>si</strong></span> <span class='ocrx_word' id='word_1_444' title='bbox 1445 4211 1513 4265; x_wconf 91' lang='lat' dir='ltr'><strong>ab</strong></span> <span class='ocrx_word' id='word_1_445' title='bbox 1568 4211 1790 4266; x_wconf 91' lang='lat' dir='ltr'><strong>homine</strong></span> <span class='ocrx_word' id='word_1_446' title='bbox 1818 4220 2028 4281; x_wconf 83' lang='lat' dir='ltr'><strong>tempe-</strong></span> 
     </span>
    </p>
   </div>
   <div class='ocr_carea' id='block_1_63' title="bbox 447 4298 2026 4369">
    <p class='ocr_par' dir='ltr' id='par_1_63' title="bbox 447 4298 2026 4369">
     <span class='ocr_line' id='line_1_63' title="bbox 447 4298 2026 4369; baseline 0.004 -17"><span class='ocrx_word' id='word_1_447' title='bbox 447 4306 607 4352; x_wconf 86' lang='lat' dir='ltr'><strong>rante</strong></span> <span class='ocrx_word' id='word_1_448' title='bbox 631 4313 697 4352; x_wconf 91' lang='lat' dir='ltr'><strong>ac</strong></span> <span class='ocrx_word' id='word_1_449' title='bbox 722 4298 1006 4353; x_wconf 89' lang='lat' dir='ltr'><strong>moderato</strong></span> <span class='ocrx_word' id='word_1_450' title='bbox 1032 4300 1270 4354; x_wconf 88' lang='lat' dir='ltr'><strong>alienum</strong></span> <span class='ocrx_word' id='word_1_451' title='bbox 1299 4308 1404 4367; x_wconf 86' lang='lat' dir='ltr'><strong>est,</strong></span> <span class='ocrx_word' id='word_1_452' title='bbox 1425 4315 1534 4353; x_wconf 90' lang='lat' dir='ltr'><strong>non</strong></span> <span class='ocrx_word' id='word_1_453' title='bbox 1569 4301 1732 4354; x_wconf 92' lang='lat' dir='ltr'><strong>modo</strong></span> <span class='ocrx_word' id='word_1_454' title='bbox 1763 4302 2026 4369; x_wconf 68' lang='lat' dir='ltr'><strong>caadibus,</strong></span> 
     </span>
    </p>
   </div>
   <div class='ocr_carea' id='block_1_64' title="bbox 2130 1828 3728 1906">
    <p class='ocr_par' dir='ltr' id='par_1_64' title="bbox 2130 1828 3728 1906">
     <span class='ocr_line' id='line_1_64' title="bbox 2130 1828 3728 1906; baseline -0.007 -17"><span class='ocrx_word' id='word_1_455' title='bbox 2130 1836 2396 1906; x_wconf 79' lang='grc' dir='ltr'>χρησμῶν</span> <span class='ocrx_word' id='word_1_456' title='bbox 2447 1834 2508 1889; x_wconf 85' lang='grc' dir='ltr'>τὸ</span> <span class='ocrx_word' id='word_1_457' title='bbox 2553 1832 2892 1905; x_wconf 83' lang='grc' dir='ltr'>ἀνθρώπινον</span> <span class='ocrx_word' id='word_1_458' title='bbox 2937 1831 3093 1901; x_wconf 84' lang='grc' dir='ltr'>γένος</span> <span class='ocrx_word' id='word_1_459' title='bbox 3150 1828 3377 1883; x_wconf 79' lang='grc' dir='ltr'>τοιαῦτα</span> <span class='ocrx_word' id='word_1_460' title='bbox 3423 1828 3728 1899; x_wconf 81' lang='grc' dir='ltr'>πράττειν;</span> 
     </span>
    </p>
   </div>
   <div class='ocr_carea' id='block_1_65' title="bbox 2128 1917 3732 2001">
    <p class='ocr_par' dir='ltr' id='par_1_65' title="bbox 2128 1917 3732 2001">
     <span class='ocr_line' id='line_1_65' title="bbox 2128 1917 3732 2001; baseline -0.009 -17"><span class='ocrx_word' id='word_1_461' title='bbox 2128 1927 2313 1983; x_wconf 84' lang='grc' dir='ltr'>’Ἧπου</span> <span class='ocrx_word' id='word_1_462' title='bbox 2363 1931 2545 2001; x_wconf 86' lang='grc' dir='ltr'>χεῖρον</span> <span class='ocrx_word' id='word_1_463' title='bbox 2590 1923 2658 1998; x_wconf 81' lang='grc' dir='ltr'><strong>ἦν</strong></span> <span class='ocrx_word' id='word_1_464' title='bbox 2705 1927 2799 1979; x_wconf 73' lang='grc' dir='ltr'>καὶ</span> <span class='ocrx_word' id='word_1_465' title='bbox 2840 1923 3169 1995; x_wconf 81' lang='grc' dir='ltr'>φαυλότερον</span> <span class='ocrx_word' id='word_1_466' title='bbox 3224 1919 3560 1992; x_wconf 83' lang='grc' dir='ltr'>ἀνθρώπων,</span> <span class='ocrx_word' id='word_1_467' title='bbox 3606 1917 3732 1985; x_wconf 77' lang='grc' dir='ltr'>οἵγε</span> 
     </span>
    </p>
   </div>
   <div class='ocr_carea' id='block_1_66' title="bbox 2128 2009 3736 2093">
    <p class='ocr_par' dir='ltr' id='par_1_66' title="bbox 2128 2009 3736 2093">
     <span class='ocr_line' id='line_1_66' title="bbox 2128 2009 3736 2093; baseline -0.01 -17"><span class='ocrx_word' id='word_1_468' title='bbox 2128 2023 2308 2093; x_wconf 88' lang='grc' dir='ltr'>νόμων</span> <span class='ocrx_word' id='word_1_469' title='bbox 2330 2019 2620 2092; x_wconf 85' lang='grc' dir='ltr'>τιμωρίαις</span> <span class='ocrx_word' id='word_1_470' title='bbox 2658 2018 2895 2082; x_wconf 82' lang='grc' dir='ltr'>ὲξάντεις</span> <span class='ocrx_word' id='word_1_471' title='bbox 2926 2015 3051 2078; x_wconf 72' lang='grc' dir='ltr'>τοὺς</span> <span class='ocrx_word' id='word_1_472' title='bbox 3105 2011 3422 2084; x_wconf 86' lang='grc' dir='ltr'>μιαιφόνους</span> <span class='ocrx_word' id='word_1_473' title='bbox 3458 2009 3736 2081; x_wconf 87' lang='grc' dir='ltr'>κατέστη-</span> 
     </span>
    </p>
   </div>
   <div class='ocr_carea' id='block_1_67' title="bbox 2131 2102 3732 2187">
    <p class='ocr_par' dir='ltr' id='par_1_67' title="bbox 2131 2102 3732 2187">
     <span class='ocr_line' id='line_1_67' title="bbox 2131 2102 3732 2187; baseline -0.01 -17"><span class='ocrx_word' id='word_1_474' title='bbox 2131 2135 2230 2170; x_wconf 86' lang='grc' dir='ltr'><strong>σαν</strong></span> <span class='ocrx_word' id='word_1_475' title='bbox 2257 2115 2392 2187; x_wconf 69' lang='lat'><strong>(26).</strong></span> <span class='ocrx_word' id='word_1_476' title='bbox 2423 2115 2496 2167; x_wconf 85' lang='grc' dir='ltr'>Οὑ</span> <span class='ocrx_word' id='word_1_477' title='bbox 2520 2113 2628 2184; x_wconf 81' lang='grc' dir='ltr'>γὰρ</span> <span class='ocrx_word' id='word_1_478' title='bbox 2661 2111 2781 2174; x_wconf 88' lang='grc' dir='ltr'>θεός</span> <span class='ocrx_word' id='word_1_479' title='bbox 2820 2127 2902 2174; x_wconf 90' lang='grc' dir='ltr'><strong>τις</strong></span> <span class='ocrx_word' id='word_1_480' title='bbox 2933 2104 3023 2179; x_wconf 80' lang='grc' dir='ltr'><strong>ἦν,</strong></span> <span class='ocrx_word' id='word_1_481' title='bbox 3059 2106 3173 2159; x_wconf 87' lang='grc' dir='ltr'>ἀλλ’</span> <span class='ocrx_word' id='word_1_482' title='bbox 3208 2106 3495 2177; x_wconf 80' lang='grc' dir='ltr'>ἅνθρωπος</span> <span class='ocrx_word' id='word_1_483' title='bbox 3525 2102 3665 2174; x_wconf 77' lang='grc'>(27),</span> <span class='ocrx_word' id='word_1_484' title='bbox 3698 2102 3732 2155; x_wconf 76' lang='grc' dir='ltr'><strong>ὁ</strong></span> 
     </span>
    </p>
   </div>
   <div class='ocr_carea' id='block_1_68' title="bbox 2128 2195 3736 2280">
    <p class='ocr_par' dir='ltr' id='par_1_68' title="bbox 2128 2195 3736 2280">
     <span class='ocr_line' id='line_1_68' title="bbox 2128 2195 3736 2280; baseline -0.011 -17"><span class='ocrx_word' id='word_1_485' title='bbox 2128 2210 2226 2280; x_wconf 83' lang='grc' dir='ltr'>τῆς</span> <span class='ocrx_word' id='word_1_486' title='bbox 2270 2204 2722 2278; x_wconf 83' lang='grc' dir='ltr'>ἀνθρωποθυσίας</span> <span class='ocrx_word' id='word_1_487' title='bbox 2764 2202 2860 2273; x_wconf 79' lang='grc' dir='ltr'>τὴν</span> <span class='ocrx_word' id='word_1_488' title='bbox 2904 2200 3118 2273; x_wconf 87' lang='grc' dir='ltr'>χρόνιον</span> <span class='ocrx_word' id='word_1_489' title='bbox 3151 2199 3246 2252; x_wconf 76' lang='grc' dir='ltr'><strong>καὶ</strong></span> <span class='ocrx_word' id='word_1_490' title='bbox 3289 2195 3505 2269; x_wconf 81' lang='grc' dir='ltr'>μακρὰν</span> <span class='ocrx_word' id='word_1_491' title='bbox 3547 2211 3736 2266; x_wconf 88' lang='grc' dir='ltr'>παρα-</span> 
     </span>
    </p>
   </div>
   <div class='ocr_carea' id='block_1_69' title="bbox 2126 2283 3736 2360">
    <p class='ocr_par' dir='ltr' id='par_1_69' title="bbox 2126 2283 3736 2360">
     <span class='ocr_line' id='line_1_69' title="bbox 2126 2283 3736 2360; baseline -0.007 -9"><span class='ocrx_word' id='word_1_492' title='bbox 2126 2297 2293 2359; x_wconf 85' lang='grc' dir='ltr'>λύσας</span> <span class='ocrx_word' id='word_1_493' title='bbox 2323 2296 2495 2350; x_wconf 88' lang='grc' dir='ltr'>νόσον.</span> <span class='ocrx_word' id='word_1_494' title='bbox 2527 2295 2649 2346; x_wconf 84' lang='grc' dir='ltr'>Ὅτι</span> <span class='ocrx_word' id='word_1_495' title='bbox 2688 2293 2745 2346; x_wconf 78' lang='grc' dir='ltr'><strong>δὲ</strong></span> <span class='ocrx_word' id='word_1_496' title='bbox 2780 2290 2997 2360; x_wconf 83' lang='grc' dir='ltr'>φαύλων</span> <span class='ocrx_word' id='word_1_497' title='bbox 3023 2285 3090 2360; x_wconf 76' lang='grc' dir='ltr'>ἦν</span> <span class='ocrx_word' id='word_1_498' title='bbox 3131 2289 3223 2341; x_wconf 80' lang='grc' dir='ltr'><strong>καὶ</strong></span> <span class='ocrx_word' id='word_1_499' title='bbox 3267 2287 3520 2360; x_wconf 82' lang='grc' dir='ltr'>πονηρῶν</span> <span class='ocrx_word' id='word_1_500' title='bbox 3549 2283 3736 2339; x_wconf 79' lang='grc' dir='ltr'>ταῦτα</span> 
     </span>
    </p>
   </div>
   <div class='ocr_carea' id='block_1_70' title="bbox 2128 2377 3733 2460">
    <p class='ocr_par' dir='ltr' id='par_1_70' title="bbox 2128 2377 3733 2460">
     <span class='ocr_line' id='line_1_70' title="bbox 2128 2377 3733 2460; baseline -0.007 -17"><span class='ocrx_word' id='word_1_501' title='bbox 2128 2389 2421 2460; x_wconf 83' lang='grc' dir='ltr'>δαιμόνων,</span> <span class='ocrx_word' id='word_1_502' title='bbox 2459 2387 2546 2457; x_wconf 76' lang='grc' dir='ltr'><strong>εἴη</strong></span> <span class='ocrx_word' id='word_1_503' title='bbox 2580 2384 2658 2439; x_wconf 75' lang='grc' dir='ltr'><strong>ἔτι</strong></span> <span class='ocrx_word' id='word_1_504' title='bbox 2706 2383 2913 2455; x_wconf 84' lang='grc' dir='ltr'>μᾶλλόν</span> <span class='ocrx_word' id='word_1_505' title='bbox 2946 2399 3028 2435; x_wconf 92' lang='grc' dir='ltr'><strong>σοι</strong></span> <span class='ocrx_word' id='word_1_506' title='bbox 3061 2380 3361 2453; x_wconf 81' lang='grc' dir='ltr'>συμφανὲς,</span> <span class='ocrx_word' id='word_1_507' title='bbox 3393 2381 3441 2432; x_wconf 84' lang='grc' dir='ltr'>εἰ</span> <span class='ocrx_word' id='word_1_508' title='bbox 3478 2377 3733 2447; x_wconf 87' lang='grc' dir='ltr'>λογίσαιο</span> 
     </span>
    </p>
   </div>
   <div class='ocr_carea' id='block_1_71' title="bbox 2126 2468 3730 2551">
    <p class='ocr_par' dir='ltr' id='par_1_71' title="bbox 2126 2468 3730 2551">
     <span class='ocr_line' id='line_1_71' title="bbox 2126 2468 3730 2551; baseline -0.006 -20"><span class='ocrx_word' id='word_1_509' title='bbox 2126 2479 2196 2533; x_wconf 82' lang='grc' dir='ltr'>τὰ</span> <span class='ocrx_word' id='word_1_510' title='bbox 2222 2480 2319 2551; x_wconf 80' lang='grc' dir='ltr'>τῆς</span> <span class='ocrx_word' id='word_1_511' title='bbox 2341 2479 2639 2551; x_wconf 74' lang='grc' dir='ltr'>ἐπιρῤήτου</span> <span class='ocrx_word' id='word_1_512' title='bbox 2681 2478 2776 2530; x_wconf 74' lang='grc' dir='ltr'><strong>καὶ</strong></span> <span class='ocrx_word' id='word_1_513' title='bbox 2803 2473 3104 2528; x_wconf 81' lang='grc' dir='ltr'>ἀκολάστου</span> <span class='ocrx_word' id='word_1_514' title='bbox 3131 2471 3387 2542; x_wconf 83' lang='grc' dir='ltr'>πορνείας</span> <span class='ocrx_word' id='word_1_515' title='bbox 3416 2468 3597 2523; x_wconf 85' lang='grc' dir='ltr'>αὐτῶν</span> <span class='ocrx_word' id='word_1_516' title='bbox 3625 2469 3730 2541; x_wconf 82' lang='grc' dir='ltr'>τῆς</span> 
     </span>
    </p>
   </div>
   <div class='ocr_carea' id='block_1_72' title="bbox 2127 2559 3730 2639">
    <p class='ocr_par' dir='ltr' id='par_1_72' title="bbox 2127 2559 3730 2639">
     <span class='ocr_line' id='line_1_72' title="bbox 2127 2559 3730 2639; baseline -0.007 -15"><span class='ocrx_word' id='word_1_517' title='bbox 2127 2572 2185 2624; x_wconf 84' lang='grc' dir='ltr'>ὲν</span> <span class='ocrx_word' id='word_1_518' title='bbox 2230 2570 2410 2624; x_wconf 87' lang='grc' dir='ltr'>Ἡλίου</span> <span class='ocrx_word' id='word_1_519' title='bbox 2460 2569 2613 2621; x_wconf 89' lang='grc' dir='ltr'>πόλει</span> <span class='ocrx_word' id='word_1_520' title='bbox 2642 2569 2739 2639; x_wconf 77' lang='grc' dir='ltr'>τῆς</span> <span class='ocrx_word' id='word_1_521' title='bbox 2779 2567 3034 2636; x_wconf 76' lang='grc' dir='ltr'>Φοινίκης</span> <span class='ocrx_word' id='word_1_522' title='bbox 3084 2564 3253 2617; x_wconf 78' lang='grc' dir='ltr'>εἰσέτι</span> <span class='ocrx_word' id='word_1_523' title='bbox 3304 2561 3399 2616; x_wconf 83' lang='grc' dir='ltr'><strong>νῦν</strong></span> <span class='ocrx_word' id='word_1_524' title='bbox 3441 2559 3730 2615; x_wconf 80' lang='grc' dir='ltr'>ἐπιτελού-</span> 
     </span>
    </p>
   </div>
   <div class='ocr_carea' id='block_1_73' title="bbox 2131 2654 3727 2735">
    <p class='ocr_par' dir='ltr' id='par_1_73' title="bbox 2131 2654 3727 2735">
     <span class='ocr_line' id='line_1_73' title="bbox 2131 2654 3727 2735; baseline -0.008 -17"><span class='ocrx_word' id='word_1_525' title='bbox 2131 2682 2290 2735; x_wconf 86' lang='grc' dir='ltr'>μενα,</span> <span class='ocrx_word' id='word_1_526' title='bbox 2310 2663 2405 2717; x_wconf 82' lang='grc' dir='ltr'><strong>καὶ</strong></span> <span class='ocrx_word' id='word_1_527' title='bbox 2428 2663 2580 2734; x_wconf 85' lang='grc' dir='ltr'><strong>παρά</strong></span> <span class='ocrx_word' id='word_1_528' title='bbox 2602 2661 2873 2723; x_wconf 81' lang='grc' dir='ltr'>πλείστοις</span> <span class='ocrx_word' id='word_1_529' title='bbox 2903 2658 3083 2721; x_wconf 81' lang='grc' dir='ltr'>ἄλλοις</span> <span class='ocrx_word' id='word_1_530' title='bbox 3110 2655 3434 2728; x_wconf 82' lang='grc' dir='ltr'>ἀνθρώπων.</span> <span class='ocrx_word' id='word_1_531' title='bbox 3457 2654 3727 2724; x_wconf 84' lang='grc' dir='ltr'>Μοιχείας</span> 
     </span>
    </p>
   </div>
   <div class='ocr_carea' id='block_1_74' title="bbox 2127 2745 3727 2827">
    <p class='ocr_par' dir='ltr' id='par_1_74' title="bbox 2127 2745 3727 2827">
     <span class='ocr_line' id='line_1_74' title="bbox 2127 2745 3727 2827; baseline -0.008 -17"><span class='ocrx_word' id='word_1_532' title='bbox 2127 2754 2260 2825; x_wconf 80' lang='grc' dir='ltr'>γοῦν</span> <span class='ocrx_word' id='word_1_533' title='bbox 2294 2756 2390 2809; x_wconf 76' lang='grc' dir='ltr'><strong>καὶ</strong></span> <span class='ocrx_word' id='word_1_534' title='bbox 2415 2753 2644 2827; x_wconf 81' lang='grc' dir='ltr'>φθορὰς,</span> <span class='ocrx_word' id='word_1_535' title='bbox 2677 2751 2773 2806; x_wconf 73' lang='grc' dir='ltr'><strong>καὶ</strong></span> <span class='ocrx_word' id='word_1_536' title='bbox 2807 2750 3158 2823; x_wconf 89' lang='grc' dir='ltr'>παρανόμους</span> <span class='ocrx_word' id='word_1_537' title='bbox 3198 2748 3391 2819; x_wconf 85' lang='grc' dir='ltr'>ἐτέρας</span> <span class='ocrx_word' id='word_1_538' title='bbox 3420 2745 3597 2818; x_wconf 81' lang='grc' dir='ltr'>μίξεις</span> <span class='ocrx_word' id='word_1_539' title='bbox 3628 2747 3727 2798; x_wconf 69' lang='grc' dir='ltr'><strong>ἐπὶ</strong></span> 
     </span>
    </p>
   </div>
   <div class='ocr_carea' id='block_1_75' title="bbox 2125 2837 3727 2921">
    <p class='ocr_par' dir='ltr' id='par_1_75' title="bbox 2125 2837 3727 2921">
     <span class='ocr_line' id='line_1_75' title="bbox 2125 2837 3727 2921; baseline -0.007 -19"><span class='ocrx_word' id='word_1_540' title='bbox 2125 2851 2259 2921; x_wconf 78' lang='grc' dir='ltr'>τιμῇ</span> <span class='ocrx_word' id='word_1_541' title='bbox 2310 2847 2488 2913; x_wconf 91' lang='grc' dir='ltr'>θεῶν,</span> <span class='ocrx_word' id='word_1_542' title='bbox 2553 2845 2742 2917; x_wconf 88' lang='grc' dir='ltr'>ῶσπερ</span> <span class='ocrx_word' id='word_1_543' title='bbox 2793 2862 2842 2897; x_wconf 91' lang='grc' dir='ltr'><strong>τι</strong></span> <span class='ocrx_word' id='word_1_544' title='bbox 2889 2843 3047 2915; x_wconf 81' lang='grc' dir='ltr'>χρέος</span> <span class='ocrx_word' id='word_1_545' title='bbox 3091 2840 3471 2910; x_wconf 82' lang='grc' dir='ltr'>ὀφειλόμενον,</span> <span class='ocrx_word' id='word_1_546' title='bbox 3524 2837 3727 2909; x_wconf 80' lang='grc' dir='ltr'>χρῆναί</span> 
     </span>
    </p>
   </div>
   <div class='ocr_carea' id='block_1_76' title="bbox 2129 2931 3728 3010">
    <p class='ocr_par' dir='ltr' id='par_1_76' title="bbox 2129 2931 3728 3010">
     <span class='ocr_line' id='line_1_76' title="bbox 2129 2931 3728 3010; baseline -0.006 -17"><span class='ocrx_word' id='word_1_547' title='bbox 2129 2957 2292 3010; x_wconf 86' lang='grc' dir='ltr'>φασιν</span> <span class='ocrx_word' id='word_1_548' title='bbox 2320 2937 2582 3003; x_wconf 83' lang='grc' dir='ltr'>ἐκτελεῖν,</span> <span class='ocrx_word' id='word_1_549' title='bbox 2617 2937 2711 2990; x_wconf 77' lang='grc' dir='ltr'><strong>καὶ</strong></span> <span class='ocrx_word' id='word_1_550' title='bbox 2740 2935 2838 3006; x_wconf 80' lang='grc' dir='ltr'>τῆς</span> <span class='ocrx_word' id='word_1_551' title='bbox 2875 2933 3135 3005; x_wconf 87' lang='grc' dir='ltr'>μοιχιδίου</span> <span class='ocrx_word' id='word_1_552' title='bbox 3172 2934 3264 2986; x_wconf 77' lang='grc' dir='ltr'><strong>καὶ</strong></span> <span class='ocrx_word' id='word_1_553' title='bbox 3290 2932 3553 3005; x_wconf 77' lang='grc' dir='ltr'>πορνικῆς</span> <span class='ocrx_word' id='word_1_554' title='bbox 3582 2931 3728 3002; x_wconf 88' lang='grc' dir='ltr'>πρά-</span> 
     </span>
    </p>
   </div>
   <div class='ocr_carea' id='block_1_77' title="bbox 2129 3025 3727 3101">
    <p class='ocr_par' dir='ltr' id='par_1_77' title="bbox 2129 3025 3727 3101">
     <span class='ocr_line' id='line_1_77' title="bbox 2129 3025 3727 3101; baseline -0.004 -17"><span class='ocrx_word' id='word_1_555' title='bbox 2129 3031 2264 3098; x_wconf 82' lang='grc' dir='ltr'>ξεως</span> <span class='ocrx_word' id='word_1_556' title='bbox 2294 3034 2406 3095; x_wconf 83' lang='grc' dir='ltr'>τοῖς</span> <span class='ocrx_word' id='word_1_557' title='bbox 2429 3030 2570 3094; x_wconf 85' lang='grc' dir='ltr'>θεοῖς</span> <span class='ocrx_word' id='word_1_558' title='bbox 2599 3028 2964 3101; x_wconf 82' lang='grc' dir='ltr'>ἀπάρχεσθαι,</span> <span class='ocrx_word' id='word_1_559' title='bbox 2992 3027 3093 3097; x_wconf 77' lang='grc' dir='ltr'>τῆς</span> <span class='ocrx_word' id='word_1_560' title='bbox 3124 3026 3352 3091; x_wconf 75' lang='grc' dir='ltr'>ἀκλεοῦς</span> <span class='ocrx_word' id='word_1_561' title='bbox 3383 3025 3590 3096; x_wconf 86' lang='grc' dir='ltr'>ταύτης</span> <span class='ocrx_word' id='word_1_562' title='bbox 3627 3025 3727 3099; x_wconf 69' lang='grc' dir='ltr'><strong>καὶ</strong></span> 
     </span>
    </p>
   </div>
   <div class='ocr_carea' id='block_1_78' title="bbox 2128 3117 3729 3195">
    <p class='ocr_par' dir='ltr' id='par_1_78' title="bbox 2128 3117 3729 3195">
     <span class='ocr_line' id='line_1_78' title="bbox 2128 3117 3729 3195; baseline -0.004 -18"><span class='ocrx_word' id='word_1_563' title='bbox 2128 3125 2365 3195; x_wconf 85' lang='grc' dir='ltr'>ἀσέμνου</span> <span class='ocrx_word' id='word_1_564' title='bbox 2395 3122 2688 3194; x_wconf 85' lang='grc' dir='ltr'>ἐμπορίας,</span> <span class='ocrx_word' id='word_1_565' title='bbox 2709 3121 2899 3191; x_wconf 84' lang='grc' dir='ltr'>ὥσπερ</span> <span class='ocrx_word' id='word_1_566' title='bbox 2920 3137 2972 3174; x_wconf 89' lang='grc' dir='ltr'><strong>τι</strong></span> <span class='ocrx_word' id='word_1_567' title='bbox 3001 3120 3349 3192; x_wconf 83' lang='grc' dir='ltr'>χαριστήριον</span> <span class='ocrx_word' id='word_1_568' title='bbox 3369 3117 3571 3186; x_wconf 81' lang='grc' dir='ltr'>ἀγαθὸν</span> <span class='ocrx_word' id='word_1_569' title='bbox 3598 3118 3729 3180; x_wconf 78' lang='grc' dir='ltr'>τοὺς</span> 
     </span>
    </p>
   </div>
   <div class='ocr_carea' id='block_1_79' title="bbox 2127 3209 3729 3290">
    <p class='ocr_par' dir='ltr' id='par_1_79' title="bbox 2127 3209 3729 3290">
     <span class='ocr_line' id='line_1_79' title="bbox 2127 3209 3729 3290; baseline -0.007 -18"><span class='ocrx_word' id='word_1_570' title='bbox 2127 3218 2372 3290; x_wconf 85' lang='grc' dir='ltr'>καρποὺς</span> <span class='ocrx_word' id='word_1_571' title='bbox 2401 3216 2569 3286; x_wconf 82' lang='grc' dir='ltr'>αὑτῆς</span> <span class='ocrx_word' id='word_1_572' title='bbox 2594 3227 2617 3256; x_wconf 78' lang='grc'><strong><em>⁸</em></strong></span> <span class='ocrx_word' id='word_1_573' title='bbox 2653 3213 3006 3276; x_wconf 75' lang='grc' dir='ltr'>ἀνατιθέντας</span> <span class='ocrx_word' id='word_1_574' title='bbox 3025 3230 3038 3242; x_wconf 93' lang='grc'><strong>·</strong></span> <span class='ocrx_word' id='word_1_575' title='bbox 3071 3213 3233 3283; x_wconf 85' lang='grc' dir='ltr'>ὅμοια</span> <span class='ocrx_word' id='word_1_576' title='bbox 3259 3211 3368 3284; x_wconf 78' lang='grc' dir='ltr'>γὰρ</span> <span class='ocrx_word' id='word_1_577' title='bbox 3397 3209 3572 3264; x_wconf 80' lang='grc' dir='ltr'>ταῦτα</span> <span class='ocrx_word' id='word_1_578' title='bbox 3603 3210 3729 3272; x_wconf 77' lang='grc' dir='ltr'>ταῖς</span> 
     </span>
    </p>
   </div>
   <div class='ocr_carea' id='block_1_80' title="bbox 2129 3300 3730 3379">
    <p class='ocr_par' dir='ltr' id='par_1_80' title="bbox 2129 3300 3730 3379">
     <span class='ocr_line' id='line_1_80' title="bbox 2129 3300 3730 3379; baseline -0.005 -17"><span class='ocrx_word' id='word_1_579' title='bbox 2129 3306 2618 3379; x_wconf 86' lang='grc' dir='ltr'>ἀνθρωποθυσίαις.</span> <span class='ocrx_word' id='word_1_580' title='bbox 2667 3306 2730 3359; x_wconf 83' lang='lat' dir='ltr'><strong>El</strong></span> <span class='ocrx_word' id='word_1_581' title='bbox 2778 3304 2843 3376; x_wconf 83' lang='grc' dir='ltr'>δὴ</span> <span class='ocrx_word' id='word_1_582' title='bbox 2872 3300 2965 3358; x_wconf 75' lang='grc' dir='ltr'><strong>οὖν</strong></span> <span class='ocrx_word' id='word_1_583' title='bbox 3016 3303 3137 3357; x_wconf 85' lang='grc' dir='ltr'>οὑδὲ</span> <span class='ocrx_word' id='word_1_584' title='bbox 3195 3302 3470 3374; x_wconf 85' lang='grc' dir='ltr'>σώφρονος</span> <span class='ocrx_word' id='word_1_585' title='bbox 3525 3301 3730 3374; x_wconf 79' lang='grc' dir='ltr'>ἀνδρὸς</span> 
     </span>
    </p>
   </div>
   <div class='ocr_carea' id='block_1_81' title="bbox 2126 3395 3733 3472">
    <p class='ocr_par' dir='ltr' id='par_1_81' title="bbox 2126 3395 3733 3472">
     <span class='ocr_line' id='line_1_81' title="bbox 2126 3395 3733 3472; baseline -0.004 -17"><span class='ocrx_word' id='word_1_586' title='bbox 2126 3403 2326 3455; x_wconf 85' lang='grc' dir='ltr'>οἰκεῖον</span> <span class='ocrx_word' id='word_1_587' title='bbox 2362 3400 2423 3453; x_wconf 83' lang='grc' dir='ltr'>τὸ</span> <span class='ocrx_word' id='word_1_588' title='bbox 2452 3400 2665 3472; x_wconf 89' lang='grc' dir='ltr'>χαίρειν</span> <span class='ocrx_word' id='word_1_589' title='bbox 2697 3398 2899 3466; x_wconf 85' lang='grc' dir='ltr'>φόνοις,</span> <span class='ocrx_word' id='word_1_590' title='bbox 2928 3395 3497 3468; x_wconf 77' lang='grc' dir='ltr'>αίσχρορρημοσύναις</span> <span class='ocrx_word' id='word_1_591' title='bbox 3526 3412 3587 3448; x_wconf 85' lang='grc' dir='ltr'><strong>τε</strong></span> <span class='ocrx_word' id='word_1_592' title='bbox 3631 3397 3733 3449; x_wconf 71' lang='grc' dir='ltr'><strong>καὶ</strong></span> 
     </span>
    </p>
   </div>
   <div class='ocr_carea' id='block_1_82' title="bbox 2128 3482 3727 3559">
    <p class='ocr_par' dir='ltr' id='par_1_82' title="bbox 2128 3482 3727 3559">
     <span class='ocr_line' id='line_1_82' title="bbox 2128 3482 3727 3559; baseline -0.003 -19"><span class='ocrx_word' id='word_1_593' title='bbox 2128 3488 2468 3559; x_wconf 88' lang='grc' dir='ltr'>παρανόμοις</span> <span class='ocrx_word' id='word_1_594' title='bbox 2499 3485 2770 3551; x_wconf 85' lang='grc' dir='ltr'>γυναικῶν</span> <span class='ocrx_word' id='word_1_595' title='bbox 2803 3484 3048 3556; x_wconf 82' lang='grc' dir='ltr'>μίξεσιν,</span> <span class='ocrx_word' id='word_1_596' title='bbox 3085 3487 3175 3536; x_wconf 70' lang='grc' dir='ltr'><strong>ἐπὶ</strong></span> <span class='ocrx_word' id='word_1_597' title='bbox 3214 3482 3390 3554; x_wconf 84' lang='grc' dir='ltr'>μισθῷ</span> <span class='ocrx_word' id='word_1_598' title='bbox 3428 3482 3523 3554; x_wconf 84' lang='grc' dir='ltr'><strong>τὴν</strong></span> <span class='ocrx_word' id='word_1_599' title='bbox 3564 3482 3727 3556; x_wconf 82' lang='grc' dir='ltr'>ὥραν</span> 
     </span>
    </p>
   </div>
   <div class='ocr_carea' id='block_1_83' title="bbox 2128 3574 3734 3650">
    <p class='ocr_par' dir='ltr' id='par_1_83' title="bbox 2128 3574 3734 3650">
     <span class='ocr_line' id='line_1_83' title="bbox 2128 3574 3734 3650; baseline -0.002 -18"><span class='ocrx_word' id='word_1_600' title='bbox 2128 3576 2576 3650; x_wconf 86' lang='grc' dir='ltr'>ἀπεμπολούσαις</span> <span class='ocrx_word' id='word_1_601' title='bbox 2598 3618 2613 3642; x_wconf 93' lang='grc'><strong>,</strong></span> <span class='ocrx_word' id='word_1_602' title='bbox 2644 3576 2838 3630; x_wconf 85' lang='grc' dir='ltr'>πολλοῦ</span> <span class='ocrx_word' id='word_1_603' title='bbox 2880 3576 2961 3630; x_wconf 87' lang='grc' dir='ltr'><strong>δεῖ</strong></span> <span class='ocrx_word' id='word_1_604' title='bbox 3002 3576 3166 3645; x_wconf 85' lang='grc' dir='ltr'>φάναι</span> <span class='ocrx_word' id='word_1_605' title='bbox 3200 3574 3338 3628; x_wconf 87' lang='grc' dir='ltr'>θεῶν</span> <span class='ocrx_word' id='word_1_606' title='bbox 3383 3575 3415 3646; x_wconf 79' lang='grc' dir='ltr'>ἢ</span> <span class='ocrx_word' id='word_1_607' title='bbox 3449 3574 3734 3645; x_wconf 84' lang='grc' dir='ltr'>δαιμόνων</span> 
     </span>
    </p>
   </div>
   <div class='ocr_carea' id='block_1_84' title="bbox 2128 3664 3736 3740">
    <p class='ocr_par' dir='ltr' id='par_1_84' title="bbox 2128 3664 3736 3740">
     <span class='ocr_line' id='line_1_84' title="bbox 2128 3664 3736 3740; baseline 0 -19"><span class='ocrx_word' id='word_1_608' title='bbox 2128 3664 2268 3723; x_wconf 79' lang='grc' dir='ltr'>εἶναι</span> <span class='ocrx_word' id='word_1_609' title='bbox 2302 3668 2521 3738; x_wconf 88' lang='grc' dir='ltr'>ἀγαθῶν</span> <span class='ocrx_word' id='word_1_610' title='bbox 2560 3667 2621 3720; x_wconf 84' lang='grc' dir='ltr'><strong>τὸ</strong></span> <span class='ocrx_word' id='word_1_611' title='bbox 2666 3666 3026 3738; x_wconf 88' lang='grc' dir='ltr'>ἀποδέχεσθαι</span> <span class='ocrx_word' id='word_1_612' title='bbox 3065 3666 3135 3719; x_wconf 79' lang='grc' dir='ltr'>τὰ</span> <span class='ocrx_word' id='word_1_613' title='bbox 3176 3665 3420 3720; x_wconf 81' lang='grc' dir='ltr'>τοιαῦτα.</span> <span class='ocrx_word' id='word_1_614' title='bbox 3467 3667 3528 3721; x_wconf 77' lang='grc' dir='ltr'><strong>Εἰ</strong></span> <span class='ocrx_word' id='word_1_615' title='bbox 3565 3666 3624 3720; x_wconf 86' lang='grc' dir='ltr'>δὲ</span> <span class='ocrx_word' id='word_1_616' title='bbox 3661 3667 3736 3740; x_wconf 81' lang='grc' dir='ltr'>δὴ</span> 
     </span>
    </p>
   </div>
   <div class='ocr_carea' id='block_1_85' title="bbox 2127 3754 3737 3830">
    <p class='ocr_par' dir='ltr' id='par_1_85' title="bbox 2127 3754 3737 3830">
     <span class='ocr_line' id='line_1_85' title="bbox 2127 3754 3737 3830; baseline 0.001 -18"><span class='ocrx_word' id='word_1_617' title='bbox 2127 3760 2274 3830; x_wconf 87' lang='grc' dir='ltr'>λέγοι</span> <span class='ocrx_word' id='word_1_618' title='bbox 2321 3777 2434 3824; x_wconf 88' lang='grc' dir='ltr'>τις,</span> <span class='ocrx_word' id='word_1_619' title='bbox 2477 3759 2694 3830; x_wconf 87' lang='grc' dir='ltr'>φαύλων</span> <span class='ocrx_word' id='word_1_620' title='bbox 2747 3759 2844 3830; x_wconf 87' lang='grc' dir='ltr'>μὲν</span> <span class='ocrx_word' id='word_1_621' title='bbox 2892 3758 3338 3830; x_wconf 79' lang='grc' dir='ltr'>ὁμολογουμένως</span> <span class='ocrx_word' id='word_1_622' title='bbox 3371 3754 3507 3811; x_wconf 77' lang='grc' dir='ltr'>εἶναι</span> <span class='ocrx_word' id='word_1_623' title='bbox 3544 3759 3737 3813; x_wconf 72' lang='grc' dir='ltr'>ταῦτα.</span> 
     </span>
    </p>
   </div>
   <div class='ocr_carea' id='block_1_86' title="bbox 2129 3843 3738 3922">
    <p class='ocr_par' dir='ltr' id='par_1_86' title="bbox 2129 3843 3738 3922">
     <span class='ocr_line' id='line_1_86' title="bbox 2129 3843 3738 3922; baseline -0.002 -18"><span class='ocrx_word' id='word_1_624' title='bbox 2129 3852 2422 3922; x_wconf 84' lang='grc' dir='ltr'>δαιμόνων,</span> <span class='ocrx_word' id='word_1_625' title='bbox 2450 3849 2589 3921; x_wconf 84' lang='grc' dir='ltr'>πλὴν</span> <span class='ocrx_word' id='word_1_626' title='bbox 2619 3849 2733 3902; x_wconf 90' lang='grc' dir='ltr'>ἀλλ’</span> <span class='ocrx_word' id='word_1_627' title='bbox 2769 3848 2989 3919; x_wconf 82' lang='grc' dir='ltr'>ἑτέρους</span> <span class='ocrx_word' id='word_1_628' title='bbox 3018 3843 3307 3911; x_wconf 80' lang='grc' dir='ltr'>εἶναιτοὺς</span> <span class='ocrx_word' id='word_1_629' title='bbox 3338 3845 3596 3915; x_wconf 85' lang='grc' dir='ltr'>ἀγαθοὺς,</span> <span class='ocrx_word' id='word_1_630' title='bbox 3627 3848 3738 3913; x_wconf 81' lang='grc' dir='ltr'><strong>οὓς</strong></span> 
     </span>
    </p>
   </div>
   <div class='ocr_carea' id='block_1_87' title="bbox 2128 3935 3739 4015">
    <p class='ocr_par' dir='ltr' id='par_1_87' title="bbox 2128 3935 3739 4015">
     <span class='ocr_line' id='line_1_87' title="bbox 2128 3935 3739 4015; baseline -0.002 -18"><span class='ocrx_word' id='word_1_631' title='bbox 2128 3944 2191 4015; x_wconf 82' lang='grc' dir='ltr'>δὴ</span> <span class='ocrx_word' id='word_1_632' title='bbox 2236 3944 2472 4014; x_wconf 84' lang='grc' dir='ltr'>μάλιστα</span> <span class='ocrx_word' id='word_1_633' title='bbox 2526 3941 2704 3996; x_wconf 76' lang='grc' dir='ltr'>σέϐειν</span> <span class='ocrx_word' id='word_1_634' title='bbox 2741 3942 2939 4004; x_wconf 82' lang='grc' dir='ltr'>αὑτοὺς</span> <span class='ocrx_word' id='word_1_635' title='bbox 2988 3935 3075 3993; x_wconf 75' lang='grc' dir='ltr'>οἷα</span> <span class='ocrx_word' id='word_1_636' title='bbox 3123 3940 3409 4013; x_wconf 82' lang='grc' dir='ltr'>σωτῆρας·</span> <span class='ocrx_word' id='word_1_637' title='bbox 3455 3939 3739 3993; x_wconf 73' lang='grc' dir='ltr'>πευστέωο</span> 
     </span>
    </p>
   </div>
   <div class='ocr_carea' id='block_1_88' title="bbox 2133 4028 3740 4104">
    <p class='ocr_par' dir='ltr' id='par_1_88' title="bbox 2133 4028 3740 4104">
     <span class='ocr_line' id='line_1_88' title="bbox 2133 4028 3740 4104; baseline -0.002 -18"><span class='ocrx_word' id='word_1_638' title='bbox 2133 4033 2236 4086; x_wconf 81' lang='grc' dir='ltr'>ποῦ</span> <span class='ocrx_word' id='word_1_639' title='bbox 2268 4034 2375 4104; x_wconf 84' lang='grc' dir='ltr'><strong>ἄρα</strong></span> <span class='ocrx_word' id='word_1_640' title='bbox 2417 4028 2558 4103; x_wconf 80' lang='grc' dir='ltr'>ἦσαν</span> <span class='ocrx_word' id='word_1_641' title='bbox 2592 4032 2775 4094; x_wconf 79' lang='grc' dir='ltr'>αὐτοῖς</span> <span class='ocrx_word' id='word_1_642' title='bbox 2808 4031 2856 4082; x_wconf 82' lang='grc' dir='ltr'>οἱ</span> <span class='ocrx_word' id='word_1_643' title='bbox 2907 4028 3104 4097; x_wconf 77' lang='grc' dir='ltr'>ἀγαθοὶ</span> <span class='ocrx_word' id='word_1_644' title='bbox 3137 4029 3380 4101; x_wconf 77' lang='grc' dir='ltr'>σωτῆρες</span> <span class='ocrx_word' id='word_1_645' title='bbox 3400 4069 3415 4093; x_wconf 95' lang='grc'><strong>,</strong></span> <span class='ocrx_word' id='word_1_646' title='bbox 3452 4031 3500 4081; x_wconf 85' lang='grc' dir='ltr'><strong>εί</strong></span> <span class='ocrx_word' id='word_1_647' title='bbox 3525 4028 3591 4100; x_wconf 86' lang='grc' dir='ltr'>δὴ</span> <span class='ocrx_word' id='word_1_648' title='bbox 3628 4031 3740 4082; x_wconf 72' lang='grc' dir='ltr'><strong>καὶ</strong></span> 
     </span>
    </p>
   </div>
   <div class='ocr_carea' id='block_1_89' title="bbox 2129 4120 3740 4192">
    <p class='ocr_par' dir='ltr' id='par_1_89' title="bbox 2129 4120 3740 4192">
     <span class='ocr_line' id='line_1_89' title="bbox 2129 4120 3740 4192; baseline -0.002 -14"><span class='ocrx_word' id='word_1_649' title='bbox 2129 4123 2350 4188; x_wconf 88' lang='grc' dir='ltr'>τούτους</span> <span class='ocrx_word' id='word_1_650' title='bbox 2406 4123 2627 4186; x_wconf 78' lang='grc' dir='ltr'>ἔσεϐον,</span> <span class='ocrx_word' id='word_1_651' title='bbox 2668 4121 2808 4175; x_wconf 83' lang='grc' dir='ltr'>ὥστε</span> <span class='ocrx_word' id='word_1_652' title='bbox 2870 4121 2943 4192; x_wconf 83' lang='grc' dir='ltr'><strong>μὴ</strong></span> <span class='ocrx_word' id='word_1_653' title='bbox 2987 4121 3115 4184; x_wconf 73' lang='grc' dir='ltr'>τοὺς</span> <span class='ocrx_word' id='word_1_654' title='bbox 3177 4120 3449 4192; x_wconf 82' lang='grc' dir='ltr'>πονηροὺς</span> <span class='ocrx_word' id='word_1_655' title='bbox 3495 4120 3740 4175; x_wconf 76' lang='grc' dir='ltr'>τοιαῦτα.</span> 
     </span>
    </p>
   </div>
   <div class='ocr_carea' id='block_1_90' title="bbox 2128 4210 3739 4287">
    <p class='ocr_par' dir='ltr' id='par_1_90' title="bbox 2128 4210 3739 4287">
     <span class='ocr_line' id='line_1_90' title="bbox 2128 4210 3739 4287; baseline 0.001 -19"><span class='ocrx_word' id='word_1_656' title='bbox 2128 4215 2371 4287; x_wconf 86' lang='grc' dir='ltr'>δρῶντας</span> <span class='ocrx_word' id='word_1_657' title='bbox 2401 4214 2541 4269; x_wconf 87' lang='grc' dir='ltr'>κατὰ</span> <span class='ocrx_word' id='word_1_658' title='bbox 2574 4214 2682 4267; x_wconf 87' lang='grc' dir='ltr'><strong>τῶν</strong></span> <span class='ocrx_word' id='word_1_659' title='bbox 2714 4212 3046 4286; x_wconf 87' lang='grc' dir='ltr'>προσφύγων</span> <span class='ocrx_word' id='word_1_660' title='bbox 3084 4212 3399 4285; x_wconf 86' lang='grc' dir='ltr'>ἀπερύκειν.</span> <span class='ocrx_word' id='word_1_661' title='bbox 3442 4210 3551 4265; x_wconf 81' lang='grc' dir='ltr'><strong>Ποῦ</strong></span> <span class='ocrx_word' id='word_1_662' title='bbox 3582 4212 3644 4266; x_wconf 87' lang='grc' dir='ltr'>δὲ</span> <span class='ocrx_word' id='word_1_663' title='bbox 3678 4218 3739 4269; x_wconf 85' lang='grc' dir='ltr'>οἱ</span> 
     </span>
    </p>
   </div>
   <div class='ocr_carea' id='block_1_91' title="bbox 2129 4301 3740 4374">
    <p class='ocr_par' dir='ltr' id='par_1_91' title="bbox 2129 4301 3740 4374">
     <span class='ocr_line' id='line_1_91' title="bbox 2129 4301 3740 4374; baseline 0.001 -19"><span class='ocrx_word' id='word_1_664' title='bbox 2129 4302 2323 4372; x_wconf 80' lang='grc' dir='ltr'>ἀγαθοὶ</span> <span class='ocrx_word' id='word_1_665' title='bbox 2354 4303 2636 4374; x_wconf 89' lang='grc' dir='ltr'>δαίμονες,</span> <span class='ocrx_word' id='word_1_666' title='bbox 2669 4304 2794 4367; x_wconf 75' lang='grc' dir='ltr'>τοὺς</span> <span class='ocrx_word' id='word_1_667' title='bbox 2816 4304 2844 4343; x_wconf 78' lang='lat' dir='ltr'><strong>b</strong></span> <span class='ocrx_word' id='word_1_668' title='bbox 2882 4302 3211 4373; x_wconf 80' lang='grc' dir='ltr'>βλαπτικοὺς</span> <span class='ocrx_word' id='word_1_669' title='bbox 3247 4301 3320 4373; x_wconf 83' lang='grc' dir='ltr'>μὴ</span> <span class='ocrx_word' id='word_1_670' title='bbox 3354 4302 3693 4358; x_wconf 85' lang='grc' dir='ltr'>ἀπελαύνειν</span> <span class='ocrx_word' id='word_1_671' title='bbox 3720 4348 3740 4370; x_wconf 87' lang='grc'><strong>,</strong></span> 
     </span>
    </p>
   </div>
   <div class='ocr_carea' id='block_1_92' title="bbox 446 4388 2029 4491">
    <p class='ocr_par' dir='ltr' id='par_1_92' title="bbox 446 4388 2026 4463">
     <span class='ocr_line' id='line_1_92' title="bbox 446 4388 2026 4463; baseline 0.004 -21"><span class='ocrx_word' id='word_1_672' title='bbox 446 4403 636 4442; x_wconf 88' lang='lat' dir='ltr'><strong>verum</strong></span> <span class='ocrx_word' id='word_1_673' title='bbox 676 4388 840 4443; x_wconf 87' lang='lat' dir='ltr'><strong>etiam</strong></span> <span class='ocrx_word' id='word_1_674' title='bbox 887 4389 1034 4444; x_wconf 90' lang='lat' dir='ltr'><strong>dictu</strong></span> <span class='ocrx_word' id='word_1_675' title='bbox 1083 4389 1244 4446; x_wconf 67' lang='lat' dir='ltr'><strong>foedis</strong></span> <span class='ocrx_word' id='word_1_676' title='bbox 1289 4391 1631 4457; x_wconf 89' lang='lat' dir='ltr'><strong>libidinibus,</strong></span> <span class='ocrx_word' id='word_1_677' title='bbox 1688 4390 2026 4463; x_wconf 78' lang='lat' dir='ltr'><strong>nefariisque</strong></span> 
     </span>
    </p>
   </div>
   <div class='ocr_carea' id='block_1_93' title="bbox 2139 4388 3747 4491">
    <p class='ocr_par' dir='ltr' id='par_1_93' title="bbox 2139 4392 3747 4466">
     <span class='ocr_line' id='line_1_93' title="bbox 2139 4392 3747 4466; baseline -0.001 -18"><span class='ocrx_word' id='word_1_678' title='bbox 2139 4396 2225 4448; x_wconf 75' lang='grc' dir='ltr'><strong>καὶ</strong></span> <span class='ocrx_word' id='word_1_679' title='bbox 2265 4396 2378 4459; x_wconf 88' lang='grc' dir='ltr'>τοῖς</span> <span class='ocrx_word' id='word_1_680' title='bbox 2409 4393 2774 4466; x_wconf 86' lang='grc' dir='ltr'>θεραπεύουσι</span> <span class='ocrx_word' id='word_1_681' title='bbox 2815 4395 3160 4465; x_wconf 47' lang='grc' dir='ltr'>συμμαχεῖις</span> <span class='ocrx_word' id='word_1_682' title='bbox 3205 4392 3271 4445; x_wconf 92' lang='grc' dir='ltr'>Τί</span> <span class='ocrx_word' id='word_1_683' title='bbox 3311 4392 3370 4445; x_wconf 79' lang='grc' dir='ltr'>δὲ</span> <span class='ocrx_word' id='word_1_684' title='bbox 3409 4392 3502 4446; x_wconf 74' lang='grc' dir='ltr'>καὶ</span> <span class='ocrx_word' id='word_1_685' title='bbox 3535 4409 3747 4465; x_wconf 83' lang='grc' dir='ltr'>περιε-</span> 
     </span>
    </p>
   </div>
   <div class='ocr_carea' id='block_1_94' title="bbox 449 4477 2027 4550">
    <p class='ocr_par' dir='ltr' id='par_1_94' title="bbox 449 4477 2027 4550">
     <span class='ocr_line' id='line_1_94' title="bbox 449 4477 2027 4550; baseline 0.003 -18"><span class='ocrx_word' id='word_1_686' title='bbox 449 4477 895 4533; x_wconf 72' lang='lat' dir='ltr'><strong>muliercularum</strong></span> <span class='ocrx_word' id='word_1_687' title='bbox 954 4482 1192 4550; x_wconf 87' lang='lat' dir='ltr'><strong>speciem</strong></span> <span class='ocrx_word' id='word_1_688' title='bbox 1246 4481 1494 4536; x_wconf 84' lang='lat' dir='ltr'><strong>venalem</strong></span> <span class='ocrx_word' id='word_1_689' title='bbox 1554 4482 1875 4538; x_wconf 88' lang='lat' dir='ltr'><strong>habentium</strong></span> <span class='ocrx_word' id='word_1_690' title='bbox 1908 4495 2027 4540; x_wconf 92' lang='lat' dir='ltr'><strong>stu-</strong></span> 
     </span>
    </p>
   </div>
   <div class='ocr_carea' id='block_1_95' title="bbox 447 4571 2027 4643">
    <p class='ocr_par' dir='ltr' id='par_1_95' title="bbox 447 4571 2027 4643">
     <span class='ocr_line' id='line_1_95' title="bbox 447 4571 2027 4643; baseline 0.004 -18"><span class='ocrx_word' id='word_1_691' title='bbox 447 4571 561 4640; x_wconf 85' lang='lat' dir='ltr'><strong>pris</strong></span> <span class='ocrx_word' id='word_1_692' title='bbox 597 4571 858 4625; x_wconf 88' lang='lat' dir='ltr'><strong>delectari</strong></span> <span class='ocrx_word' id='word_1_693' title='bbox 897 4589 911 4625; x_wconf 90' lang='lat'><strong>:</strong></span> <span class='ocrx_word' id='word_1_694' title='bbox 952 4572 1110 4642; x_wconf 84' lang='lat' dir='ltr'><strong>longe</strong></span> <span class='ocrx_word' id='word_1_695' title='bbox 1154 4572 1401 4643; x_wconf 84' lang='lat' dir='ltr'><strong>profecto</strong></span> <span class='ocrx_word' id='word_1_696' title='bbox 1432 4573 1725 4628; x_wconf 83' lang='lat' dir='ltr'><strong>dicendum</strong></span> <span class='ocrx_word' id='word_1_697' title='bbox 1767 4589 1870 4640; x_wconf 80' lang='lat' dir='ltr'><strong>est.</strong></span> <span class='ocrx_word' id='word_1_698' title='bbox 1931 4591 2027 4631; x_wconf 91' lang='lat' dir='ltr'><strong>seu</strong></span> 
     </span>
    </p>
   </div>
   <div class='ocr_carea' id='block_1_96' title="bbox 440 4661 2028 4736">
    <p class='ocr_par' dir='ltr' id='par_1_96' title="bbox 440 4661 2028 4736">
     <span class='ocr_line' id='line_1_96' title="bbox 440 4661 2028 4736; baseline 0.004 -20"><span class='ocrx_word' id='word_1_699' title='bbox 440 4661 597 4728; x_wconf 86' lang='lat' dir='ltr'><strong>deos,</strong></span> <span class='ocrx_word' id='word_1_700' title='bbox 644 4678 740 4718; x_wconf 86' lang='lat' dir='ltr'><strong>seu</strong></span> <span class='ocrx_word' id='word_1_701' title='bbox 767 4665 941 4718; x_wconf 87' lang='lat' dir='ltr'><strong>bonos</strong></span> <span class='ocrx_word' id='word_1_702' title='bbox 969 4664 1133 4718; x_wconf 90' lang='lat' dir='ltr'><strong>etiam</strong></span> <span class='ocrx_word' id='word_1_703' title='bbox 1165 4666 1441 4720; x_wconf 73' lang='lat' dir='ltr'><strong>daemones</strong></span> <span class='ocrx_word' id='word_1_704' title='bbox 1482 4666 1552 4720; x_wconf 86' lang='lat' dir='ltr'><strong>ab</strong></span> <span class='ocrx_word' id='word_1_705' title='bbox 1600 4666 1668 4721; x_wconf 91' lang='lat' dir='ltr'><strong>iis</strong></span> <span class='ocrx_word' id='word_1_706' title='bbox 1713 4668 2028 4736; x_wconf 79' lang='lat' dir='ltr'><strong>expetendis</strong></span> 
     </span>
    </p>
   </div>
   <div class='ocr_carea' id='block_1_97' title="bbox 443 4756 2029 4828">
    <p class='ocr_par' dir='ltr' id='par_1_97' title="bbox 443 4756 2029 4828">
     <span class='ocr_line' id='line_1_97' title="bbox 443 4756 2029 4828; baseline 0.001 -15"><span class='ocrx_word' id='word_1_707' title='bbox 443 4772 509 4813; x_wconf 81' lang='lat' dir='ltr'><strong>ac</strong></span> <span class='ocrx_word' id='word_1_708' title='bbox 543 4756 842 4827; x_wconf 87' lang='lat' dir='ltr'><strong>probaudis</strong></span> <span class='ocrx_word' id='word_1_709' title='bbox 902 4757 1115 4812; x_wconf 86' lang='lat' dir='ltr'><strong>abesse.</strong></span> <span class='ocrx_word' id='word_1_710' title='bbox 1172 4756 1269 4812; x_wconf 87' lang='lat' dir='ltr'><strong>Sin</strong></span> <span class='ocrx_word' id='word_1_711' title='bbox 1332 4766 1513 4812; x_wconf 87' lang='lat' dir='ltr'><strong>autem</strong></span> <span class='ocrx_word' id='word_1_712' title='bbox 1569 4758 1841 4828; x_wconf 89' lang='lat' dir='ltr'><strong>quispiam</strong></span> <span class='ocrx_word' id='word_1_713' title='bbox 1891 4757 2029 4814; x_wconf 81' lang='lat' dir='ltr'><strong>forte</strong></span> 
     </span>
    </p>
   </div>
   <div class='ocr_carea' id='block_1_98' title="bbox 442 4846 2028 4919">
    <p class='ocr_par' dir='ltr' id='par_1_98' title="bbox 442 4846 2028 4919">
     <span class='ocr_line' id='line_1_98' title="bbox 442 4846 2028 4919; baseline 0.001 -18"><span class='ocrx_word' id='word_1_714' title='bbox 442 4847 568 4909; x_wconf 85' lang='lat' dir='ltr'><strong>erit,</strong></span> <span class='ocrx_word' id='word_1_715' title='bbox 595 4846 691 4916; x_wconf 92' lang='lat' dir='ltr'><strong>qui</strong></span> <span class='ocrx_word' id='word_1_716' title='bbox 742 4846 844 4901; x_wconf 90' lang='lat' dir='ltr'><strong>ista</strong></span> <span class='ocrx_word' id='word_1_717' title='bbox 874 4847 1095 4916; x_wconf 90' lang='lat' dir='ltr'><strong>quidem</strong></span> <span class='ocrx_word' id='word_1_718' title='bbox 1132 4847 1198 4902; x_wconf 87' lang='lat' dir='ltr'><strong>ad</strong></span> <span class='ocrx_word' id='word_1_719' title='bbox 1228 4848 1512 4919; x_wconf 82' lang='lat' dir='ltr'><strong>improbos</strong></span> <span class='ocrx_word' id='word_1_720' title='bbox 1542 4849 1819 4903; x_wconf 71' lang='lat' dir='ltr'><strong>dmmones</strong></span> <span class='ocrx_word' id='word_1_721' title='bbox 1856 4849 2028 4918; x_wconf 84' lang='lat' dir='ltr'><strong>perti-</strong></span> 
     </span>
    </p>
   </div>
   <div class='ocr_carea' id='block_1_99' title="bbox 2136 4482 3744 4560">
    <p class='ocr_par' dir='ltr' id='par_1_99' title="bbox 2136 4482 3744 4560">
     <span class='ocr_line' id='line_1_99' title="bbox 2136 4482 3744 4560; baseline -0.002 -19"><span class='ocrx_word' id='word_1_722' title='bbox 2136 4488 2365 4560; x_wconf 80' lang='grc' dir='ltr'>φρόνουν</span> <span class='ocrx_word' id='word_1_723' title='bbox 2400 4483 2751 4558; x_wconf 88' lang='grc' dir='ltr'>παρορῶντες</span> <span class='ocrx_word' id='word_1_724' title='bbox 2776 4484 2836 4537; x_wconf 87' lang='grc' dir='ltr'><strong>τὸ</strong></span> <span class='ocrx_word' id='word_1_725' title='bbox 2867 4482 3194 4552; x_wconf 82' lang='grc' dir='ltr'>λογικὸν,καῖ</span> <span class='ocrx_word' id='word_1_726' title='bbox 3228 4482 3470 4550; x_wconf 84' lang='grc' dir='ltr'>θεοφιλὲς</span> <span class='ocrx_word' id='word_1_727' title='bbox 3505 4482 3744 4555; x_wconf 84' lang='grc' dir='ltr'>ἀνθρώ-</span> 
     </span>
    </p>
   </div>
   <div class='ocr_carea' id='block_1_100' title="bbox 2135 4573 3749 4646">
    <p class='ocr_par' dir='ltr' id='par_1_100' title="bbox 2135 4573 3749 4646">
     <span class='ocr_line' id='line_1_100' title="bbox 2135 4573 3749 4646; baseline 0.001 -19"><span class='ocrx_word' id='word_1_728' title='bbox 2135 4593 2251 4629; x_wconf 91' lang='grc' dir='ltr'><strong>πων</strong></span> <span class='ocrx_word' id='word_1_729' title='bbox 2277 4576 2452 4644; x_wconf 86' lang='grc' dir='ltr'>γένος,</span> <span class='ocrx_word' id='word_1_730' title='bbox 2489 4577 2554 4646; x_wconf 81' lang='grc' dir='ltr'>τῇ</span> <span class='ocrx_word' id='word_1_731' title='bbox 2583 4573 2692 4627; x_wconf 90' lang='grc' dir='ltr'><strong>τῶν</strong></span> <span class='ocrx_word' id='word_1_732' title='bbox 2727 4573 2943 4644; x_wconf 90' lang='grc' dir='ltr'>φαύλων</span> <span class='ocrx_word' id='word_1_733' title='bbox 2976 4574 3244 4645; x_wconf 87' lang='grc' dir='ltr'>δαιμόνων</span> <span class='ocrx_word' id='word_1_734' title='bbox 3275 4573 3517 4645; x_wconf 81' lang='grc' dir='ltr'>ὠμότητι</span> <span class='ocrx_word' id='word_1_735' title='bbox 3549 4591 3749 4628; x_wconf 78' lang='grc' dir='ltr'>κατα-</span> 
     </span>
    </p>
   </div>
   <div class='ocr_carea' id='block_1_101' title="bbox 2133 4665 3748 4739">
    <p class='ocr_par' dir='ltr' id='par_1_101' title="bbox 2133 4665 3748 4739">
     <span class='ocr_line' id='line_1_101' title="bbox 2133 4665 3748 4739; baseline -0.002 -19"><span class='ocrx_word' id='word_1_736' title='bbox 2133 4668 2506 4739; x_wconf 77' lang='grc' dir='ltr'>τρυχόμενον;</span> <span class='ocrx_word' id='word_1_737' title='bbox 2548 4666 2683 4737; x_wconf 74' lang='grc' dir='ltr'>Οὐχὶ</span> <span class='ocrx_word' id='word_1_738' title='bbox 2735 4666 2792 4719; x_wconf 84' lang='grc' dir='ltr'>δὲ</span> <span class='ocrx_word' id='word_1_739' title='bbox 2840 4666 3100 4737; x_wconf 80' lang='grc' dir='ltr'>ἄντικρυς</span> <span class='ocrx_word' id='word_1_740' title='bbox 3144 4667 3257 4729; x_wconf 87' lang='grc' dir='ltr'>τοῖς</span> <span class='ocrx_word' id='word_1_741' title='bbox 3308 4665 3444 4718; x_wconf 82' lang='grc' dir='ltr'>πᾶσι</span> <span class='ocrx_word' id='word_1_742' title='bbox 3477 4668 3748 4738; x_wconf 81' lang='grc' dir='ltr'>προεκή-</span> 
     </span>
    </p>
   </div>
   <div class='ocr_carea' id='block_1_102' title="bbox 2138 4755 3746 4830">
    <p class='ocr_par' dir='ltr' id='par_1_102' title="bbox 2138 4755 3746 4830">
     <span class='ocr_line' id='line_1_102' title="bbox 2138 4755 3746 4830; baseline 0.001 -19"><span class='ocrx_word' id='word_1_743' title='bbox 2138 4775 2327 4830; x_wconf 89' lang='grc' dir='ltr'>ρυττον</span> <span class='ocrx_word' id='word_1_744' title='bbox 2375 4757 2781 4829; x_wconf 75' lang='grc' dir='ltr'>ἀμεταστρεπτὶ</span> <span class='ocrx_word' id='word_1_745' title='bbox 2845 4757 3098 4825; x_wconf 88' lang='grc' dir='ltr'>φεύγειν,</span> <span class='ocrx_word' id='word_1_746' title='bbox 3165 4755 3259 4808; x_wconf 73' lang='grc' dir='ltr'>καὶ</span> <span class='ocrx_word' id='word_1_747' title='bbox 3313 4756 3746 4826; x_wconf 79' lang='grc' dir='ltr'>ἀποτρέπεσθαι</span> 
     </span>
    </p>
   </div>
   <div class='ocr_carea' id='block_1_103' title="bbox 2135 4846 3748 4921">
    <p class='ocr_par' dir='ltr' id='par_1_103' title="bbox 2135 4846 3748 4921">
     <span class='ocr_line' id='line_1_103' title="bbox 2135 4846 3748 4921; baseline 0 -17"><span class='ocrx_word' id='word_1_748' title='bbox 2135 4851 2315 4904; x_wconf 82' lang='grc' dir='ltr'>πάντα</span> <span class='ocrx_word' id='word_1_749' title='bbox 2345 4849 2466 4904; x_wconf 83' lang='grc' dir='ltr'>θεὸν</span> <span class='ocrx_word' id='word_1_750' title='bbox 2493 4850 2911 4921; x_wconf 83' lang='grc' dir='ltr'>ὀνομαζόμενον,</span> <span class='ocrx_word' id='word_1_751' title='bbox 2946 4849 3022 4913; x_wconf 85' lang='grc' dir='ltr'>ὡς</span> <span class='ocrx_word' id='word_1_752' title='bbox 3049 4849 3108 4902; x_wconf 90' lang='grc' dir='ltr'><strong>οὑ</strong></span> <span class='ocrx_word' id='word_1_753' title='bbox 3143 4847 3284 4913; x_wconf 84' lang='grc' dir='ltr'>θεὸν,</span> <span class='ocrx_word' id='word_1_754' title='bbox 3340 4846 3475 4902; x_wconf 78' lang='grc' dir='ltr'>ἀλλὰ</span> <span class='ocrx_word' id='word_1_755' title='bbox 3513 4847 3748 4917; x_wconf 77' lang='grc' dir='ltr'>φαῦλον</span> 
     </span>
    </p>
   </div>
   <div class='ocr_carea' id='block_1_104' title="bbox 511 4961 2141 5034">
    <p class='ocr_par' dir='ltr' id='par_1_104' title="bbox 511 4961 2141 5034">
     <span class='ocr_line' id='line_1_104' title="bbox 511 4961 2141 5034; baseline 0.006 -19"><span class='ocrx_word' id='word_1_756' title='bbox 511 4962 557 4995; x_wconf 78' lang='grc'>³³</span> <span class='ocrx_word' id='word_1_757' title='bbox 596 4961 741 5018; x_wconf 84' lang='lat' dir='ltr'><strong>Psal.</strong></span> <span class='ocrx_word' id='word_1_758' title='bbox 772 4979 935 5029; x_wconf 77' lang='lat' dir='ltr'><strong>xxxv,</strong></span> <span class='ocrx_word' id='word_1_759' title='bbox 958 4964 1048 5019; x_wconf 76' lang='grc'><strong>57.</strong></span> <span class='ocrx_word' id='word_1_760' title='bbox 1125 4965 1174 4997; x_wconf 65' lang='grc'>³⁸</span> <span class='ocrx_word' id='word_1_761' title='bbox 1212 4964 1357 5020; x_wconf 83' lang='lat' dir='ltr'><strong>Psal.</strong></span> <span class='ocrx_word' id='word_1_762' title='bbox 1390 4981 1511 5033; x_wconf 84' lang='lat' dir='ltr'><strong>xcv,</strong></span> <span class='ocrx_word' id='word_1_763' title='bbox 1538 4965 1592 5021; x_wconf 80' lang='grc'>5.</span> <span class='ocrx_word' id='word_1_764' title='bbox 1670 4966 1715 4998; x_wconf 76' lang='grc'>⁸³</span> <span class='ocrx_word' id='word_1_765' title='bbox 1756 4964 1775 5019; x_wconf 84' lang='grc' dir='ltr'><strong>Ι</strong></span> <span class='ocrx_word' id='word_1_766' title='bbox 1811 4965 1940 5021; x_wconf 88' lang='lat' dir='ltr'><strong>Cor.</strong></span> <span class='ocrx_word' id='word_1_767' title='bbox 1968 4984 2021 5034; x_wconf 78' lang='grc' dir='ltr'><strong>ιι,</strong></span> <span class='ocrx_word' id='word_1_768' title='bbox 2049 4966 2141 5025; x_wconf 72' lang='grc'><strong>20.</strong></span> 
     </span>
    </p>
   </div>
   <div class='ocr_carea' id='block_1_105' title="bbox 512 5057 1426 5122">
    <p class='ocr_par' dir='ltr' id='par_1_105' title="bbox 512 5057 1426 5122">
     <span class='ocr_line' id='line_1_105' title="bbox 512 5057 1426 5122; baseline 0.001 -12"><span class='ocrx_word' id='word_1_769' title='bbox 512 5068 537 5097; x_wconf 72' lang='grc' dir='ltr'>α</span> <span class='ocrx_word' id='word_1_770' title='bbox 580 5057 665 5111; x_wconf 84' lang='grc' dir='ltr'><strong>ῖσ.</strong></span> <span class='ocrx_word' id='word_1_771' title='bbox 697 5059 901 5122; x_wconf 87' lang='grc' dir='ltr'>αὑτοῖς.</span> <span class='ocrx_word' id='word_1_772' title='bbox 977 5058 1006 5097; x_wconf 70' lang='grc' dir='ltr'><strong>δ</strong></span> <span class='ocrx_word' id='word_1_773' title='bbox 1046 5057 1133 5113; x_wconf 85' lang='grc' dir='ltr'>τσ.</span> <span class='ocrx_word' id='word_1_774' title='bbox 1167 5058 1244 5122; x_wconf 84' lang='grc' dir='ltr'>ὡς</span> <span class='ocrx_word' id='word_1_775' title='bbox 1280 5057 1426 5121; x_wconf 83' lang='grc' dir='ltr'>τούς.</span> 
     </span>
    </p>
   </div>
   <div class='ocr_carea' id='block_1_106' title="bbox 517 5150 2039 5223">
    <p class='ocr_par' dir='ltr' id='par_1_106' title="bbox 517 5150 2039 5223">
     <span class='ocr_line' id='line_1_106' title="bbox 517 5150 2039 5223; baseline -0.002 -19"><span class='ocrx_word' id='word_1_776' title='bbox 517 5151 626 5223; x_wconf 73' lang='lat'><strong>(&#39;26)</strong></span> <span class='ocrx_word' id='word_1_777' title='bbox 670 5152 964 5219; x_wconf 76' lang='grc' dir='ltr'>Ἐξάντεις</span> <span class='ocrx_word' id='word_1_778' title='bbox 1010 5150 1417 5223; x_wconf 77' lang='grc' dir='ltr'>κατέστησαν.</span> <span class='ocrx_word' id='word_1_779' title='bbox 1465 5150 1516 5223; x_wconf 84' lang='lat' dir='ltr'><strong>Id</strong></span> <span class='ocrx_word' id='word_1_780' title='bbox 1546 5160 1661 5214; x_wconf 86' lang='lat' dir='ltr'><strong>est,</strong></span> <span class='ocrx_word' id='word_1_781' title='bbox 1698 5151 2039 5223; x_wconf 76' lang='grc' dir='ltr'>ὑγιαίνοντας</span> 
     </span>
    </p>
   </div>
   <div class='ocr_carea' id='block_1_107' title="bbox 447 5220 2036 5294">
    <p class='ocr_par' dir='ltr' id='par_1_107' title="bbox 447 5220 2036 5294">
     <span class='ocr_line' id='line_1_107' title="bbox 447 5220 2036 5294; baseline -0.003 -17"><span class='ocrx_word' id='word_1_782' title='bbox 447 5220 733 5294; x_wconf 75' lang='grc' dir='ltr'>ἀπέφηναν</span> <span class='ocrx_word' id='word_1_783' title='bbox 754 5264 769 5289; x_wconf 86' lang='grc'><strong>,</strong></span> <span class='ocrx_word' id='word_1_784' title='bbox 813 5225 861 5276; x_wconf 83' lang='grc' dir='ltr'><strong>εί</strong></span> <span class='ocrx_word' id='word_1_785' title='bbox 890 5226 990 5294; x_wconf 79' lang='grc' dir='ltr'>τὴν</span> <span class='ocrx_word' id='word_1_786' title='bbox 1023 5222 1236 5294; x_wconf 82' lang='grc' dir='ltr'>ὑγίειαν</span> <span class='ocrx_word' id='word_1_787' title='bbox 1263 5222 1736 5294; x_wconf 79' lang='grc' dir='ltr'>ἀποκατέστησαν.</span> <span class='ocrx_word' id='word_1_788' title='bbox 1776 5220 2036 5292; x_wconf 76' lang='lat' dir='ltr'><strong>llesych.,</strong></span> 
     </span>
    </p>
   </div>
   <div class='ocr_carea' id='block_1_108' title="bbox 460 5291 2034 5364">
    <p class='ocr_par' dir='ltr' id='par_1_108' title="bbox 460 5291 2034 5364">
     <span class='ocr_line' id='line_1_108' title="bbox 460 5291 2034 5364; baseline -0.001 -18"><span class='ocrx_word' id='word_1_789' title='bbox 460 5291 768 5361; x_wconf 58' lang='grc' dir='ltr'>Ὲξάιέτης,</span> <span class='ocrx_word' id='word_1_790' title='bbox 802 5297 830 5347; x_wconf 90' lang='grc' dir='ltr'>ὁ</span> <span class='ocrx_word' id='word_1_791' title='bbox 854 5291 956 5364; x_wconf 78' lang='grc' dir='ltr'>τῆς</span> <span class='ocrx_word' id='word_1_792' title='bbox 985 5294 1139 5346; x_wconf 92' lang='grc' dir='ltr'>νόσου</span> <span class='ocrx_word' id='word_1_793' title='bbox 1178 5292 1285 5359; x_wconf 77' lang='grc' dir='ltr'>ἔξω</span> <span class='ocrx_word' id='word_1_794' title='bbox 1315 5291 1410 5364; x_wconf 82' lang='grc' dir='ltr'>ῶν.</span> <span class='ocrx_word' id='word_1_795' title='bbox 1443 5292 1709 5364; x_wconf 48' lang='lat' dir='ltr'><strong>{innupta</strong></span> <span class='ocrx_word' id='word_1_796' title='bbox 1755 5291 2034 5364; x_wconf 58' lang='lat' dir='ltr'><strong>suntqui?</strong></span> 
     </span>
    </p>
   </div>
   <div class='ocr_carea' id='block_1_109' title="bbox 448 5359 2036 5433">
    <p class='ocr_par' dir='ltr' id='par_1_109' title="bbox 448 5359 2036 5433">
     <span class='ocr_line' id='line_1_109' title="bbox 448 5359 2036 5433; baseline -0.004 -16"><span class='ocrx_word' id='word_1_797' title='bbox 448 5366 590 5428; x_wconf 83' lang='lat' dir='ltr'><strong>apud</strong></span> <span class='ocrx_word' id='word_1_798' title='bbox 664 5359 815 5417; x_wconf 85' lang='lat' dir='ltr'><strong>illum</strong></span> <span class='ocrx_word' id='word_1_799' title='bbox 912 5359 1223 5433; x_wconf 80' lang='lat' dir='ltr'><strong>sequuntur</strong></span> <span class='ocrx_word' id='word_1_800' title='bbox 1278 5381 1290 5415; x_wconf 91' lang='lat'>:</span> <span class='ocrx_word' id='word_1_801' title='bbox 1371 5359 1701 5433; x_wconf 59' lang='lat' dir='ltr'><strong>’Eé‘grtér,</strong></span> <span class='ocrx_word' id='word_1_802' title='bbox 1765 5362 2036 5423; x_wconf 79' lang='grc' dir='ltr'>ἀντιάζων</span> 
     </span>
    </p>
   </div>
   <div class='ocr_carea' id='block_1_110' title="bbox 448 5427 2034 5505">
    <p class='ocr_par' dir='ltr' id='par_1_110' title="bbox 448 5427 2034 5505">
     <span class='ocr_line' id='line_1_110' title="bbox 448 5427 2034 5505; baseline -0.003 -20"><span class='ocrx_word' id='word_1_803' title='bbox 448 5435 565 5505; x_wconf 67' lang='grc' dir='ltr'><strong>τῆςΔ</strong></span> <span class='ocrx_word' id='word_1_804' title='bbox 603 5434 807 5505; x_wconf 76' lang='grc' dir='ltr'>κόρρης</span> <span class='ocrx_word' id='word_1_805' title='bbox 870 5434 963 5505; x_wconf 78' lang='grc' dir='ltr'><strong>καὶ</strong></span> <span class='ocrx_word' id='word_1_806' title='bbox 993 5427 1069 5486; x_wconf 77' lang='grc' dir='ltr'><strong>’τὸ</strong></span> <span class='ocrx_word' id='word_1_807' title='bbox 1121 5432 1406 5505; x_wconf 80' lang='grc' dir='ltr'>ὑπόγονον,</span> <span class='ocrx_word' id='word_1_808' title='bbox 1442 5427 1553 5505; x_wconf 74' lang='grc' dir='ltr'>οἷον</span> <span class='ocrx_word' id='word_1_809' title='bbox 1588 5432 2034 5505; x_wconf 17' lang='grc' dir='ltr'>-ὑπργεᾼνειάζων,</span> 
     </span>
    </p>
   </div>
   <div class='ocr_carea' id='block_1_111' title="bbox 449 5500 2034 5573">
    <p class='ocr_par' dir='ltr' id='par_1_111' title="bbox 449 5500 2034 5573">
     <span class='ocr_line' id='line_1_111' title="bbox 449 5500 2034 5573; baseline -0.001 -18"><span class='ocrx_word' id='word_1_810' title='bbox 449 5500 684 5573; x_wconf 77' lang='grc' dir='ltr'>ῆοὺτως</span> <span class='ocrx_word' id='word_1_811' title='bbox 709 5500 965 5568; x_wconf 74' lang='grc' dir='ltr'>’ἐξαντῶν</span> <span class='ocrx_word' id='word_1_812' title='bbox 1005 5503 1146 5556; x_wconf 83' lang='grc' dir='ltr'><strong>κατά</strong></span> <span class='ocrx_word' id='word_1_813' title='bbox 1194 5501 1729 5573; x_wconf 24' lang='grc' dir='ltr'>τῆςῌὺγείας-αὑτοῦ,</span> <span class='ocrx_word' id='word_1_814' title='bbox 1773 5500 2034 5573; x_wconf 79' lang='grc' dir='ltr'>ἐξορκῶν,</span> 
     </span>
    </p>
   </div>
   <div class='ocr_carea' id='block_1_112' title="bbox 451 5570 2033 5645">
    <p class='ocr_par' dir='ltr' id='par_1_112' title="bbox 451 5570 2033 5645">
     <span class='ocr_line' id='line_1_112' title="bbox 451 5570 2033 5645; baseline 0 0"><span class='ocrx_word' id='word_1_815' title='bbox 451 5570 552 5645; x_wconf 14' lang='grc' dir='ltr'>έδν.</span> <span class='ocrx_word' id='word_1_816' title='bbox 572 5574 883 5645; x_wconf 63' lang='grc' dir='ltr'>ὑγιαίνοντα</span> <span class='ocrx_word' id='word_1_817' title='bbox 908 5574 1017 5645; x_wconf 61' lang='grc' dir='ltr'><strong>γὰρ</strong></span> <span class='ocrx_word' id='word_1_818' title='bbox 1046 5570 1479 5645; x_wconf 52' lang='lat' dir='ltr'><strong>somew-</strong></span> <span class='ocrx_word' id='word_1_819' title='bbox 1509 5570 1674 5645; x_wconf 70' lang='lat' dir='ltr'><strong>Fons</strong></span> <span class='ocrx_word' id='word_1_820' title='bbox 1706 5573 1807 5641; x_wconf 63' lang='lat' dir='ltr'><strong>legi</strong></span> <span class='ocrx_word' id='word_1_821' title='bbox 1839 5570 2033 5645; x_wconf 53' lang='lat' dir='ltr'><strong>possit,</strong></span> 
     </span>
    </p>
   </div>
   <div class='ocr_carea' id='block_1_113' title="bbox 464 5641 2036 5713">
    <p class='ocr_par' dir='ltr' id='par_1_113' title="bbox 464 5641 2036 5713">
     <span class='ocr_line' id='line_1_113' title="bbox 464 5641 2036 5713; baseline -0.001 -18"><span class='ocrx_word' id='word_1_822' title='bbox 464 5642 784 5713; x_wconf 65' lang='lat' dir='ltr'><strong>’ufar‘rdw,</strong></span> <span class='ocrx_word' id='word_1_823' title='bbox 807 5641 1074 5713; x_wconf 67' lang='grc' dir='ltr'>ἀντιάζων</span> <span class='ocrx_word' id='word_1_824' title='bbox 1099 5643 1200 5713; x_wconf 81' lang='grc' dir='ltr'><strong>τῆς</strong></span> <span class='ocrx_word' id='word_1_825' title='bbox 1224 5641 1431 5713; x_wconf 75' lang='grc' dir='ltr'>κόρρης</span> <span class='ocrx_word' id='word_1_826' title='bbox 1464 5642 1559 5713; x_wconf 59' lang='grc' dir='ltr'><strong>καὶ</strong></span> <span class='ocrx_word' id='word_1_827' title='bbox 1582 5641 1676 5713; x_wconf 67' lang='grc' dir='ltr'>τοῦ</span> <span class='ocrx_word' id='word_1_828' title='bbox 1701 5641 1932 5713; x_wconf 78' lang='grc' dir='ltr'>γενείου,</span> <span class='ocrx_word' id='word_1_829' title='bbox 1951 5643 2036 5693; x_wconf 85' lang='lat' dir='ltr'><strong>vel</strong></span> 
     </span>
    </p>
   </div>
   <div class='ocr_carea' id='block_1_114' title="bbox 452 5708 2038 5783">
    <p class='ocr_par' dir='ltr' id='par_1_114' title="bbox 452 5708 2038 5783">
     <span class='ocr_line' id='line_1_114' title="bbox 452 5708 2038 5783; baseline -0.004 -15"><span class='ocrx_word' id='word_1_830' title='bbox 452 5715 547 5768; x_wconf 73' lang='grc' dir='ltr'><strong>τοῦ</strong></span> <span class='ocrx_word' id='word_1_831' title='bbox 568 5712 673 5766; x_wconf 84' lang='grc' dir='ltr'><strong>ὑπὺ</strong></span> <span class='ocrx_word' id='word_1_832' title='bbox 701 5713 926 5783; x_wconf 81' lang='grc' dir='ltr'>γένειον,</span> <span class='ocrx_word' id='word_1_833' title='bbox 944 5708 1054 5767; x_wconf 80' lang='grc' dir='ltr'>οἷον</span> <span class='ocrx_word' id='word_1_834' title='bbox 1079 5708 1498 5783; x_wconf 70' lang='grc' dir='ltr'>ὑπὸγενέιάξων·</span> <span class='ocrx_word' id='word_1_835' title='bbox 1536 5712 1568 5782; x_wconf 78' lang='grc' dir='ltr'><strong>ἢ</strong></span> <span class='ocrx_word' id='word_1_836' title='bbox 1603 5708 1807 5775; x_wconf 77' lang='grc' dir='ltr'>οὓτως·</span> <span class='ocrx_word' id='word_1_837' title='bbox 1842 5711 2038 5775; x_wconf 75' lang='grc' dir='ltr'><strong>Ἐξαν-</strong></span> 
     </span>
    </p>
   </div>
   <div class='ocr_carea' id='block_1_115' title="bbox 2144 5145 3753 5219">
    <p class='ocr_par' dir='ltr' id='par_1_115' title="bbox 2144 5145 3753 5219">
     <span class='ocr_line' id='line_1_115' title="bbox 2144 5145 3753 5219; baseline 0.004 -18"><span class='ocrx_word' id='word_1_838' title='bbox 2144 5146 2284 5213; x_wconf 77' lang='grc' dir='ltr'>τῶν,</span> <span class='ocrx_word' id='word_1_839' title='bbox 2318 5146 2460 5201; x_wconf 87' lang='grc' dir='ltr'><strong>κατά</strong></span> <span class='ocrx_word' id='word_1_840' title='bbox 2488 5147 2586 5218; x_wconf 78' lang='grc' dir='ltr'>τῆς</span> <span class='ocrx_word' id='word_1_841' title='bbox 2608 5147 2797 5219; x_wconf 76' lang='grc' dir='ltr'>ὑγείας</span> <span class='ocrx_word' id='word_1_842' title='bbox 2815 5145 3051 5219; x_wconf 83' lang='grc' dir='ltr'>ὲξορκῶν</span> <span class='ocrx_word' id='word_1_843' title='bbox 3073 5165 3086 5178; x_wconf 78' lang='grc' dir='ltr'><strong><em>ο</em></strong></span> <span class='ocrx_word' id='word_1_844' title='bbox 3107 5146 3213 5203; x_wconf 88' lang='lat' dir='ltr'><strong>hoc</strong></span> <span class='ocrx_word' id='word_1_845' title='bbox 3237 5157 3341 5212; x_wconf 83' lang='lat' dir='ltr'><strong>est,</strong></span> <span class='ocrx_word' id='word_1_846' title='bbox 3370 5166 3462 5219; x_wconf 84' lang='lat' dir='ltr'><strong>per</strong></span> <span class='ocrx_word' id='word_1_847' title='bbox 3489 5149 3753 5208; x_wconf 74' lang='lat' dir='ltr'><strong>salutem</strong></span> 
     </span>
    </p>
   </div>
   <div class='ocr_carea' id='block_1_116' title="bbox 2145 5217 3751 5285">
    <p class='ocr_par' dir='ltr' id='par_1_116' title="bbox 2145 5217 3751 5285">
     <span class='ocr_line' id='line_1_116' title="bbox 2145 5217 3751 5285; baseline 0.005 -14"><span class='ocrx_word' id='word_1_848' title='bbox 2145 5228 2237 5271; x_wconf 85' lang='lat' dir='ltr'><strong>aut</strong></span> <span class='ocrx_word' id='word_1_849' title='bbox 2282 5220 2564 5271; x_wconf 74' lang='lat' dir='ltr'><strong>sanitatem</strong></span> <span class='ocrx_word' id='word_1_850' title='bbox 2610 5217 2865 5285; x_wconf 75' lang='lat' dir='ltr'><strong>udjurans</strong></span> <span class='ocrx_word' id='word_1_851' title='bbox 2883 5217 3054 5281; x_wconf 62' lang='lat' dir='ltr'><strong>{nam</strong></span> <span class='ocrx_word' id='word_1_852' title='bbox 3102 5219 3246 5271; x_wconf 82' lang='lat' dir='ltr'><strong>istud</strong></span> <span class='ocrx_word' id='word_1_853' title='bbox 3284 5217 3424 5274; x_wconf 81' lang='grc' dir='ltr'>κατά</span> <span class='ocrx_word' id='word_1_854' title='bbox 3470 5225 3751 5279; x_wconf 72' lang='lat' dir='ltr'><strong>terrentis</strong></span> 
     </span>
    </p>
   </div>
   <div class='ocr_carea' id='block_1_117' title="bbox 2144 5286 3757 5365">
    <p class='ocr_par' dir='ltr' id='par_1_117' title="bbox 2144 5286 3757 5365">
     <span class='ocr_line' id='line_1_117' title="bbox 2144 5286 3757 5365; baseline 0.002 -24"><span class='ocrx_word' id='word_1_855' title='bbox 2144 5298 2243 5350; x_wconf 77' lang='lat' dir='ltr'><strong>est,</strong></span> <span class='ocrx_word' id='word_1_856' title='bbox 2272 5288 2358 5342; x_wconf 86' lang='grc' dir='ltr'><strong>διά</strong></span> <span class='ocrx_word' id='word_1_857' title='bbox 2410 5288 2724 5365; x_wconf 67' lang='lat' dir='ltr'><strong>obtestantis</strong></span> <span class='ocrx_word' id='word_1_858' title='bbox 2758 5298 2914 5365; x_wconf 65' lang='lat' dir='ltr'><strong>esset,</strong></span> <span class='ocrx_word' id='word_1_859' title='bbox 2947 5299 3051 5345; x_wconf 88' lang='lat' dir='ltr'><strong>etc.</strong></span> <span class='ocrx_word' id='word_1_860' title='bbox 3105 5286 3377 5365; x_wconf 80' lang='lat' dir='ltr'><strong>Zenobius</strong></span> <span class='ocrx_word' id='word_1_861' title='bbox 3418 5299 3636 5365; x_wconf 60' lang='lat' dir='ltr'><strong>centum</strong></span> <span class='ocrx_word' id='word_1_862' title='bbox 3680 5298 3757 5365; x_wconf 71' lang='lat'><strong>3,</strong></span> 
     </span>
    </p>
   </div>
   <div class='ocr_carea' id='block_1_118' title="bbox 2144 5358 3761 5442">
    <p class='ocr_par' dir='ltr' id='par_1_118' title="bbox 2144 5358 3761 5442">
     <span class='ocr_line' id='line_1_118' title="bbox 2144 5358 3761 5442; baseline 0.004 -32"><span class='ocrx_word' id='word_1_863' title='bbox 2144 5375 2376 5442; x_wconf 64' lang='lat' dir='ltr'><strong>partem.</strong></span> <span class='ocrx_word' id='word_1_864' title='bbox 2423 5358 2545 5442; x_wconf 32' lang='grc' dir='ltr'>,ε</span> <span class='ocrx_word' id='word_1_865' title='bbox 2575 5358 2996 5442; x_wconf 48' lang='lat' dir='ltr'><strong>proverbialiter,</strong></span> <span class='ocrx_word' id='word_1_866' title='bbox 3029 5360 3407 5442; x_wconf 69' lang='lat' dir='ltr'><strong>usuirpari_ait,</strong></span> <span class='ocrx_word' id='word_1_867' title='bbox 3458 5358 3761 5442; x_wconf 56' lang='grc' dir='ltr'>Ἐξάνιεηξ</span> 
     </span>
    </p>
   </div>
   <div class='ocr_carea' id='block_1_119' title="bbox 2144 5418 3763 5508">
    <p class='ocr_par' dir='ltr' id='par_1_119' title="bbox 2144 5418 3763 5508">
     <span class='ocr_line' id='line_1_119' title="bbox 2144 5418 3763 5508; baseline 0 -27"><span class='ocrx_word' id='word_1_868' title='bbox 2144 5418 2354 5508; x_wconf 70' lang='grc' dir='ltr'>λεύσσω</span> <span class='ocrx_word' id='word_1_869' title='bbox 2388 5418 2587 5508; x_wconf 78' lang='grc' dir='ltr'><strong>τού</strong></span> <span class='ocrx_word' id='word_1_870' title='bbox 2607 5428 2778 5508; x_wconf 63' lang='grc' dir='ltr'>κακὸν</span> <span class='ocrx_word' id='word_1_871' title='bbox 2794 5427 2950 5508; x_wconf 74' lang='grc' dir='ltr'>ᾅλλρν</span> <span class='ocrx_word' id='word_1_872' title='bbox 2968 5418 3211 5508; x_wconf 58' lang='grc' dir='ltr'>ἔχοντας,</span> <span class='ocrx_word' id='word_1_873' title='bbox 3237 5418 3763 5508; x_wconf 42' lang='grc' dir='ltr'>ιιέιίὶ-ῑέιιιεξεξάἓίεῖ</span> 
     </span>
    </p>
   </div>
   <div class='ocr_carea' id='block_1_120' title="bbox 2141 5497 3757 5569">
    <p class='ocr_par' dir='ltr' id='par_1_120' title="bbox 2141 5497 3757 5569">
     <span class='ocr_line' id='line_1_120' title="bbox 2141 5497 3757 5569; baseline 0.006 -17"><span class='ocrx_word' id='word_1_874' title='bbox 2141 5516 2239 5569; x_wconf 87' lang='grc' dir='ltr'><strong>της</strong></span> <span class='ocrx_word' id='word_1_875' title='bbox 2264 5499 2354 5552; x_wconf 87' lang='grc' dir='ltr'><strong>τὸν</strong></span> <span class='ocrx_word' id='word_1_876' title='bbox 2384 5497 2511 5568; x_wconf 88' lang='grc' dir='ltr'>ὑγιῆ</span> <span class='ocrx_word' id='word_1_877' title='bbox 2537 5498 2706 5569; x_wconf 86' lang='grc' dir='ltr'>δηλοῖ,</span> <span class='ocrx_word' id='word_1_878' title='bbox 2736 5498 2831 5551; x_wconf 71' lang='grc' dir='ltr'><strong>καὶ</strong></span> <span class='ocrx_word' id='word_1_879' title='bbox 2853 5498 2945 5569; x_wconf 63' lang='grc' dir='ltr'>τρν</span> <span class='ocrx_word' id='word_1_880' title='bbox 2966 5497 3069 5562; x_wconf 78' lang='grc' dir='ltr'><strong>ἔξω</strong></span> <span class='ocrx_word' id='word_1_881' title='bbox 3091 5499 3245 5569; x_wconf 78' lang='grc' dir='ltr'>ἄτης.</span> <span class='ocrx_word' id='word_1_882' title='bbox 3267 5497 3463 5553; x_wconf 72' lang='lat' dir='ltr'><strong>Eadem</strong></span> <span class='ocrx_word' id='word_1_883' title='bbox 3501 5497 3757 5567; x_wconf 72' lang='lat' dir='ltr'><strong>Suidus.</strong></span> 
     </span>
    </p>
   </div>
   <div class='ocr_carea' id='block_1_121' title="bbox 2217 5567 3750 5647">
    <p class='ocr_par' dir='ltr' id='par_1_121' title="bbox 2217 5567 3750 5647">
     <span class='ocr_line' id='line_1_121' title="bbox 2217 5567 3750 5647; baseline 0.03 -59"><span class='ocrx_word' id='word_1_884' title='bbox 2217 5570 2325 5647; x_wconf 53' lang='lat'><strong>(.27)</strong></span> <span class='ocrx_word' id='word_1_885' title='bbox 2362 5567 2845 5647; x_wconf 47' lang='grc' dir='ltr'><strong>Αλχγᾶνθρωῖπος.</strong></span> <span class='ocrx_word' id='word_1_886' title='bbox 2876 5567 3050 5637; x_wconf 89' lang='lat' dir='ltr'><strong>Supra</strong></span> <span class='ocrx_word' id='word_1_887' title='bbox 3069 5567 3195 5647; x_wconf 40' lang='lat' dir='ltr'><strong>pag.</strong></span> <span class='ocrx_word' id='word_1_888' title='bbox 3224 5568 3325 5624; x_wconf 81' lang='grc'><strong>156</strong></span> <span class='ocrx_word' id='word_1_889' title='bbox 3349 5578 3405 5647; x_wconf 65' lang='grc' dir='ltr'>εξ</span> <span class='ocrx_word' id='word_1_890' title='bbox 3429 5572 3573 5627; x_wconf 81' lang='lat' dir='ltr'><strong>infra</strong></span> <span class='ocrx_word' id='word_1_891' title='bbox 3605 5576 3750 5647; x_wconf 64' lang='grc'><strong>164,</strong></span> 
     </span>
    </p>
   </div>
   <div class='ocr_carea' id='block_1_122' title="bbox 2146 5639 3765 5710">
    <p class='ocr_par' dir='ltr' id='par_1_122' title="bbox 2146 5639 3765 5710">
     <span class='ocr_line' id='line_1_122' title="bbox 2146 5639 3765 5710; baseline 0.001 -15"><span class='ocrx_word' id='word_1_892' title='bbox 2146 5639 2196 5695; x_wconf 88' lang='lat' dir='ltr'><strong>id</strong></span> <span class='ocrx_word' id='word_1_893' title='bbox 2223 5639 2323 5696; x_wconf 84' lang='lat' dir='ltr'><strong>sub</strong></span> <span class='ocrx_word' id='word_1_894' title='bbox 2349 5640 2588 5696; x_wconf 78' lang='lat' dir='ltr'><strong>Adriano</strong></span> <span class='ocrx_word' id='word_1_895' title='bbox 2618 5640 2964 5709; x_wconf 81' lang='lat' dir='ltr'><strong>potissimum</strong></span> <span class='ocrx_word' id='word_1_896' title='bbox 2997 5640 3291 5710; x_wconf 78' lang='lat' dir='ltr'><strong>contigisse</strong></span> <span class='ocrx_word' id='word_1_897' title='bbox 3318 5639 3510 5699; x_wconf 79' lang='lat' dir='ltr'><strong>refert.</strong></span> <span class='ocrx_word' id='word_1_898' title='bbox 3738 5639 3765 5703; x_wconf 69' lang='grc' dir='ltr'><strong>ἰ</strong></span> 
     </span>
    </p>
   </div>
  </div>
