3850 6222
180 329 267 383 285
1307 323 1634 384 PREPAR.
1677 318 1935 379 EVANG.
1970 315 2098 372 LIB.
2131 311 2221 370 IV.

168 448 386 517 δαίμονα,
418 438 461 513 ᾧ
490 444 557 498 τά
587 444 739 515 ὠμά,
773 438 866 496 καὶ
886 440 1249 512 ἀπάνθρωπα,
1274 439 1368 490 καὶ
1399 431 1712 517 παράνομα,
1743 425 1784 481 Α

178 514 255 577 καί
278 525 467 595 αἰσχρὰ
503 522 637 592 φίλα
675 525 967 592 conamen;
1006 521 1115 573 Kal.
1160 521 1271 571 εἴτε
1318 534 1399 580 τις
1434 514 1503 587 ἦν
1547 514 1714 567 πάλαι

177 612 410 685 πρότερον
428 615 485 665 ὲν
510 612 676 682 Ῥόδῳ
703 609 1085 680 νενομισμένος
1109 606 1250 671 θεὸς,
1267 607 1473 677 χαίρων
1503 601 1716 675 ἀνθρω-

178 704 447 768 ποθυσίαις.
468 703 656 759 τοῦτον
689 704 719 756 6
749 700 955 772 ἀληθὴς
1000 699 1135 763 Θεὸς
1154 738 1169 761 ,
1190 696 1337 762 εῐτις
1384 691 1453 767 ἦν
1480 693 1719 766 ἄρα,τὴν

176 794 345 864 πρᾶξιν
370 791 627 863 ἐπισχὼν,
651 793 713 845 οὐ
747 790 887 853 θεὸν,
910 788 1046 843 ἀλλὰ
1085 787 1288 858 φαῦλον
1321 782 1573 856 ἡγεῖσθαι
1604 782 1719 835 δαί-

181 903 293 956 μονα
309 891 412 950 τοῖς
452 886 585 938 πᾶσι
629 880 1039 956 προεκήρυξεν;
1091 880 1216 933 Εἴτε
1264 880 1323 930 ὲν
1357 876 1617 946 Σαλαμῖνι
1649 875 1716 944 τῇ

178 980 405 1049 πρότερον
434 975 715 1046 Κορωνείᾳ
738 972 1135 1044 ὀνομαζομένῃ,
1171 972 1231 1024 ἐν
1320 971 1378 1021 ὲν
1414 967 1545 1039 μηνὶ
1577 965 1722 1021 κατὰ

176 1065 414 1137 Κυπρίους
477 1065 804 1137 Ἀφροδισίῳ
838 1063 1025 1118 ἐθύετο
1056 1061 1337 1133 ἄνθρωπος
1360 1076 1375 1090 σ
1411 1060 1507 1112 καὶ
1530 1057 1721 1111 τοῦτον

175 1158 266 1210 δνι
297 1161 322 1211 6
362 1157 560 1229 ἀληθὴς
600 1156 733 1220 Θεὸς
788 1157 1064 1226 ἀπέφηνεν
1095 1152 1372 1224 ἀλιτήριον
1422 1147 1562 1205 εἶναι
1605 1148 1714 1203 δαι-

178 1262 308 1314 μπνα,
346 1246 554 1309 παύσας
588 1246 663 1310 ὼς
694 1245 889 1308 ἀσεϐὲς
929 1245 1021 1298 καὶ
1057 1243 1271 1296 ἀνόσιον
1304 1242 1364 1295 τὸ
1399 1242 1719 1311 γινόμενον;

176 1334 225 1385 Ei
244 1334 293 1387 δὲ
326 1338 411 1388 καὶ
443 1337 500 1387 ὲν
538 1334 724 1388 Ἡλίου
754 1334 903 1387 πόλει
934 1334 1034 1404 τῆς
1064 1332 1341 1401 Αἰγύπτου
1376 1332 1468 1384 τὸν
1501 1329 1602 1400 τῆς
1625 1331 1722 1383 ἁν-

176 1425 541 1494 θρωποκτονξας
579 1428 743 1497 νόμον
770 1428 1015 1496 Ἀμωσις
1044 1424 1201 1477 ἔλυσε
1220 1466 1235 1491 ,
1268 1424 1402 1476 πολὺ
1435 1422 1724 1493 κρείττονα

174 1517 247 1569 τοῦ
273 1517 393 1570 Θεοῦ
426 1518 515 1571 τὸν
560 1519 849 1589 ἄνθρωπον
880 1520 909 1570 6
950 1515 1157 1587 ἀληθὴς
1194 1515 1329 1578 Θεὸς
1370 1512 1610 1580 ἐδίδαξεν
1654 1512 1723 1567 ἂν

173 1611 416 1679 γεγονέναι
437 1628 450 1640 ’
484 1611 547 1663 ού
604 1611 713 1683 γὰρ
740 1609 873 1673 Θεὸς
892 1651 906 1674 ,
936 1607 1144 1678 δαίμων
1175 1607 1233 1659 δὲ
1267 1606 1430 1660 πάλιν
1472 1606 1726 1669 κάκεῖνος

173 1698 226 1773 ἢν
244 1704 270 1754 ὁ
289 1701 567 1773 κατάρχων
592 1703 692 1773 τῆς
722 1697 1215 1772 ἀνθρωποκτονίας.
1241 1698 1354 1750 Οὐκ
1376 1697 1442 1750 ἂν
1462 1696 1519 1748 δὲ
1546 1698 1575 1748 6
1597 1694 1727 1766 ἀλη-

3281 273 3388 330 286

1813 434 1943 476 nere
1974 414 2158 471 omnia
2214 409 2501 468 fatebitur,
2538 402 2632 460 sed
2688 408 2874 454 tamen
2933 391 3072 447 alios
3127 395 3390 456 praeterea

1825 508 1997 561 bonos
2023 518 2146 558 esse
2174 502 2345 565 dicet,
2397 510 2539 568 quos
2591 503 2854 562 tauquam
2908 482 3126 556 generis
3176 475 3403 533 humani

1824 597 2070 652 vindices
2103 592 2381 665 praecipuo
2431 588 2585 644 cultu
2639 578 2893 639 venerari
2927 580 3177 646 oporteat
3205 586 3220 624 :
3252 582 3404 639 quae-

1826 689 2059 744 rendum
2095 659 2163 740 ex
2202 659 2281 739 eo
2303 680 2491 743 fuerit,
2527 676 2620 732 ubi
2661 677 2879 729 tandem
2913 672 3098 722 essent
3122 660 3251 717 boni
3280 659 3403 713 viu-

1824 781 1998 843 dices,
2034 792 2177 847 quos
2221 790 2287 829 ea
2337 771 2604 841 religione
2637 769 3062 830 venerarentur,
3108 771 3232 812 cum
3287 763 3407 809 tan-

1825 879 1935 924 tam
2009 866 2390 937 improborum
2456 861 2689 914 istorum
2749 851 3030 908 vesaniam
3087 860 3314 902 suorum
3372 858 3403 897 a

1825 961 2087 1016 clientum
2136 953 2462 1025 corporibus
2534 945 2764 1003 minime
2812 940 3219 1015 propulsarent.
3276 932 3403 994 llbi,

1827 1051 2080 1121 inquam,
2116 1047 2248 1102 boni
2279 1046 2583 1104 dmmones,
2638 1037 2732 1107 qui
2787 1048 2889 1088 nec
2940 1031 3231 1086 carnilices
3284 1025 3408 1078 illos

1827 1148 2095 1205 arcerent,
2158 1153 2260 1193 nec
2292 1134 2597 1191 cultoribus
2654 1130 2772 1185 suis
2819 1142 2979 1198 opem
3030 1122 3408 1188 auxiliumque

1828 1231 2059 1290 ferrent?
2089 1232 2199 1287 Cur
2225 1228 2372 1284 enim
2406 1224 2695 1280 hominum
2728 1235 2922 1291 genus,
2956 1215 3100 1287 quod
3124 1222 3178 1267 et
3200 1211 3410 1265 ratione

1829 1325 2140 1395 praeditum,
2195 1330 2250 1375 et
2298 1315 2521 1372 Numiui
2594 1313 2824 1369 charum
2870 1317 2973 1374 est,
3034 1302 3407 1374 improborum

1829 1418 2139 1472 daemonum
2179 1409 2501 1467 crudelitate
2532 1404 2726 1461 contlci
2761 1401 3097 1473 negligenter
3146 1395 3283 1450 adeo
3312 1407 3411 1463 pa-

1833 1506 2145 1563 tiebantur?
2179 1503 2316 1571 lino,
2343 1501 2536 1573 quidni
2571 1497 2831 1552 omnibus
2890 1492 3071 1564 palam
3122 1499 3177 1543 et
3229 1494 3413 1557 aperte

1830 1602 2250 1665 denuntiabant,
2310 1599 2392 1654 uti
2448 1596 2761 1663 cuicunque
2797 1606 2865 1645 ex
2925 1588 3015 1650 iis,
3067 1598 3208 1655 quos
3252 1582 3414 1650 vulgo

1832 1695 1968 1750 deos
2001 1692 2381 1757 nominabant,
2414 1689 2500 1744 vel
2534 1685 2869 1746 immanitas,
2897 1680 2980 1735 vel
3012 1679 3194 1734 scelus
3227 1692 3292 1731 ac
3319 1674 3418 1729 Ila-

177 1770 258 1865 θὴς
296 1770 431 1859 Θεὸς-
456 1770 565 1848 ’καὶ
604 1770 696 1847 τὸν
727 1770 839 1863 τῆς
870 1792 1048 1863 Ἤρας
1078 1790 1310 1860 δαίμονα
1363 1788 1486 1858 οὐχὶ
1534 1786 1728 1858 μιαρὸν

1836 1789 2023 1859 gitium
2074 1787 2330 1856 placeret,
2361 1797 2488 1837 eum
2552 1786 2743 1849 utpote
2784 1789 2893 1830 non
2945 1774 3107 1827 deum
3153 1770 3413 1838 aliquem,

174 1886 387 1956 ἡγεῖσθαι
411 1886 521 1939 δεῖν
553 1885 985 1956 ἐνομοθέτησεν,
1029 1875 1073 1949 ᾧ
1114 1881 1218 1951 τῆς
1251 1880 1464 1952 ἡμέρας
1491 1879 1729 1947 ἑκάστης

175 1980 298 2048 τρεῖς
325 1977 647 2049 ἀνθρώπους
675 1976 900 2031 θύεσθαι
929 1973 1273 2046 παρέστησεν
1309 1974 1342 2044 ἡ
1389 1972 1620 2042 ἱστορία.
1663 1970 1729 2023 Τί

173 2067 210 2121 δ’
238 2068 294 2123 ἂν
317 2069 521 2138 γένοιτο
560 2067 1023 2139 δαιμονικιὶνεερον
1066 2065 1282 2138 άληθῶς
1320 2064 1414 2118 τοῦ
1459 2061 1724 2133 καλουμέ-

175 2179 250 2213 νου
283 2161 523 2231 Ὡμαδίου
559 2159 819 2213 Διονύσου
843 2198 858 2221 ,
894 2151 938 2226 ᾧ
968 2174 1133 2227 φασιν
1179 2159 1237 2209 ὲν
1296 2157 1414 2225 Χίῳ
1445 2154 1731 2226 ἄνθρωπον

180 2250 359 2320 μελιστὶ
405 2249 754 2313 διασπῶντας
787 2248 935 2302 θύειν
955 2265 968 2277 ·
1012 2248 1046 2318 ἢ
1077 2246 1172 2301 τοῦ
1217 2248 1275 2299 ἐν
1307 2244 1518 2316 Τενέδῳ
1546 2243 1729 2297 ὡσαύ-

170 2359 274 2404 τως,
302 2342 355 2395 ὃν
382 2344 475 2396 καὶ
503 2340 674 2396 αὑτὸν
700 2340 789 2394 διὰ
817 2341 916 2409 τῆς
939 2338 1394 2408 ἀνθρωποθυσίας
1426 2336 1729 2399 ἱλάσκοντος

180 2434 516 2506 Ἀπηγόρευσε
552 2435 599 2487 δ’
634 2434 700 2487 ἂν
734 2436 763 2487 6
788 2433 997 2505 ἀληθὴς
1039 2432 1173 2496 Θεὸς
1219 2430 1315 2485 καὶ¹
1344 2428 1423 2500 τῷ
1462 2431 1619 2500 "Aps:
1653 2427 1733 2499 τῷ

172 2525 467 2598 βροτολοιγῷ
497 2528 597 2581 καὶ
622 2525 971 2597 φιλοπολέμῳ
999 2525 1215 2595 δαίμονι
1239 2522 1391 2575 θύειν
1420 2519 1728 2593 ἄνθρωπον

166 2618 502 2690 ἐνομοθέτησε
535 2619 583 2672 δ’
614 2618 714 2684 ἂν,
770 2619 909 2688 μήτε
957 2617 1066 2670 τῶν
1102 2614 1349 2679 οἰκείων,
1408 2614 1545 2684 μήτε
1578 2611 1735 2665 ἁλλο-

161 2709 308 2779 τρίων
337 2711 401 2763 τά
445 2711 685 2780 φίλτατα
715 2710 1115 2778 κατασφάττειν
1144 2707 1316 2777 αύτῷ.
1352 2707 1416 2760 El
1445 2705 1503 2759 δὲ
1528 2705 1624 2759 καὶ
1663 2708 1731 2777 τῇ

171 2800 353 2874 Ἀθηνᾷ
376 2806 494 2856 κατ’
520 2803 646 2867 ἔτος
668 2801 957 2874 παρθένος,
985 2800 1060 2865 ὥς
1093 2816 1277 2870 φασιν,
1294 2797 1484 2852 ἐθύετο
1507 2799 1564 2850 ὲν
1591 2797 1734 2850 Aac-

162 2890 325 2965 δικεια
367 2896 432 2965 τῇ
476 2894 624 2947 κατὰ
667 2893 892 2964 Συρίαν,
938 2891 1033 2944 καὶ
1060 2889 1266 2959 ταύτην
1293 2891 1466 2943 εἰπεῖν
1498 2885 1735 2959 πονηρὸν

162 2982 367 3055 δαίμονα
406 2986 509 3038 οὐκ
543 2984 614 3038 ἂν
664 2981 967 3054 ἐφυλάξατο
1013 2984 1042 3036 6
1088 2981 1295 3052 ἀληθὴς
1339 2979 1503 3043 Θεός’
1531 2977 1608 3041 ὡς
1641 2978 1735 3033 καὶ

164 3076 244 3128 τὸν
271 3077 323 3129 ὲν
348 3076 521 3147 Λιϐύῃ
558 3079 676 3140 τοῖς
708 3075 920 3145 ὁμοίοις
948 3073 1229 3145 χαίροντα,
1266 3072 1361 3124 καὶ
1392 3072 1483 3124 τὸν
1511 3070 1604 3123 ἐπὶ
1635 3069 1736 3141 τῆς

1833 1881 1928 1937 sed
1987 1877 2298 1949 improbum
2347 1873 2653 1929 dzemonem
2695 1865 2965 1923 exsecrati
3002 1869 3321 1919 constanter
3353 1874 3418 1914 ac

1832 1979 2098 2043 perpetuo
2133 1966 2424 2039 fugerent?
2454 1963 2677 2031 Quidni,
2714 1961 2963 2030 inquam,
2991 1971 3087 2011 seu
3120 1952 3245 2023 quis
3284 1951 3415 2004 olim

1834 2063 1931 2118 Dei
1998 2062 2122 2117 loco
2177 2076 2207 2114 a
2267 2057 2498 2112 Rhodiis
2556 2053 2779 2107 habitus
2832 2050 3104 2103 humanas
3165 2043 3419 2098 victimas

1834 2154 2143 2226 expetebat,
2179 2165 2343 2206 verus
2375 2163 2499 2203 eum
2536 2144 2702 2205 Deus,
2753 2142 2799 2197 si
2848 2155 3012 2211 quem
3065 2135 3169 2207 ipsi
3225 2147 3417 2188 verum

1835 2224 2134 2312 habebant,
2194 2256 2454 2314 represso
2516 2237 2827 2300 maleﬁcio,
2902 2248 3013 2287 non
3070 2229 3264 2293 Deum,
3323 2224 3419 2281 sed

1835 2340 2040 2396 malum
2129 2338 2433 2392 daemonem
2508 2326 2939 2386 existimandum
3013 2323 3083 2377 ab
3162 2319 3421 2376 omnibus

1833 2446 1956 2488 esse
2015 2426 2377 2486 declarabat?
2430 2424 2537 2479 Seu
2601 2422 2726 2491 quis
2785 2420 2927 2475 idem
2981 2413 3253 2486 ejusmodi
3316 2409 3421 2465 Sa—

1834 2524 2039 2579 lamine
2097 2520 2202 2576 fuit
2250 2520 2439 2589 (quam
2493 2525 2705 2571 veteres
2749 2513 3055 2567 Coroneam
3106 2505 3420 2576 vocabant),

1835 2612 1927 2666 ubi
1992 2624 2183 2665 mense
2243 2607 2338 2678 qui
2401 2605 2543 2675 apud
2597 2602 2828 2674 Cyprios
2893 2598 3261 2669 Aphrodisius
3318 2605 3422 2658 est,

1838 2703 2117 2757 hominem
2177 2698 2578 2762 immolabant;
2639 2711 2765 2748 eum
2824 2706 3046 2763 quoque
3105 2704 3273 2743 verus
3344 2686 3424 2741 is-

1837 2803 2018 2850 torum
2080 2792 2225 2848 Dens
2267 2831 2282 2856 ,
2355 2799 2417 2845 ut
2474 2788 2703 2857 impium
2783 2799 2991 2839 morem
3081 2782 3368 2850 abrogaret
3408 2820 3423 2844 ,

1838 2884 2158 2955 pestiferum
2248 2884 2553 2938 daemonem
2646 2893 2765 2933 esse
2841 2871 3188 2932 statuebat?
3266 2870 3423 2941 163

1835 2978 2018 3041 Nam,
2073 2976 2117 3031 si
2188 2974 2333 3045 apud
2392 2971 2717 3043 Heliopolim
2790 2967 3011 3039 Egypti
3045 3007 3060 3032 ,
3125 2965 3425 3020 solemnem

1842 3068 2082 3124 hominis
2127 3064 2448 3122 immolandi
2498 3060 2952 3118 consuetudinem
2992 3056 3211 3112 Amasis
3278 3053 3425 3108 auti-

172 3162 409 3233 Ἀραϐίας
427 3182 441 3195 ·
656 3163 804 3234 αύτῷ
824 3165 942 3216 κατ’
965 3163 1081 3227 ἔτος
1107 3163 1338 3216 ἕκαστον
1365 3160 1523 3216 ἔθυον
1546 3161 1731 3225 παῖδα,

1841 3160 2054 3229 quavit,
2097 3158 2378 3212 hominem
2413 3156 2603 3224 utique
2630 3152 2739 3208 Deo
2767 3153 2927 3222 longe
2961 3149 3241 3205 meliorem
3270 3162 3426 3208 esse,

165 3253 219 3307 ὃν
237 3258 322 3311 καὶ
343 3257 447 3311 ὑπὸ
475 3256 668 3328 βωμὸν
702 3255 953 3309 ἔθαπτον.

1844 3266 2011 3305 verus
2059 3266 2251 3305 eorum
2308 3248 2455 3305 Deus
2502 3249 2701 3305 docere
2747 3245 3027 3300 debuisset
3071 3260 3088 3296 ι
3147 3254 3243 3294 nec
3277 3239 3424 3293 enim

169 3345 414 3406 Deusiste
446 3365 703 3422 quoque,
785 3350 878 3404 sed
914 3350 1126 3404 daemon
1199 3346 1444 3417 profecto
1477 3346 1601 3413 fuit,
1653 3350 1910 3420 quisquis
1971 3349 2138 3418 hujus
2208 3347 2494 3402 hominum
2531 3343 2694 3399 caedis
2731 3351 2924 3396 auctor
2975 3337 3097 3393 fuit.
3124 3334 3235 3391 Nec
3268 3348 3431 3388 verus

174 3440 280 3496 item
309 3441 472 3510 Deus,
507 3443 672 3498 illum
701 3441 933 3497 lunonis
960 3441 1286 3506 daemonem,
1311 3440 1399 3495 cui
1442 3449 1555 3496 tres
1590 3442 1720 3496 olim
1762 3442 1992 3513 singulis
2032 3442 2226 3496 diebus
2253 3440 2506 3495 homines
2540 3434 2771 3491 mactari
2836 3432 3029 3488 solitos
3062 3445 3128 3483 ex
3190 3426 3426 3484 historia

175 3540 569 3639 cognoscimus,-
606 3538 945 3639 ﬂagitiosum
984 3551 1228 3606 unquam
1270 3544 1432 3606 atque
1462 3537 1787 3592 sceleratum
1829 3538 2015 3593 haberi
2054 3537 2336 3592 vetuisset.
2372 3533 2529 3601 Quod
2560 3547 2723 3604 porro
2787 3529 2963 3599 magis
2997 3528 3297 3583 daemonem
3337 3539 3432 3578 sa—

1486 3637 1493 3639 .
1708 3629 1720 3639 .
1911 3630 1922 3639 ι
2037 3629 2049 3639 .
2140 3630 2152 3639 ι
2273 3629 2283 3639 -
2482 3626 2535 3639 η.
2564 3627 2593 3636 --
2700 3622 2821 3639 |-,,,
2868 3629 2981 3639 ἑ.--
3050 3633 3162 3639 ν.-η-
3196 3616 3415 3639 Ρ,---..ιι-

176 3632 284 3695 piat,
312 3647 471 3701 quam
508 3632 609 3685 illa
644 3630 732 3685 vel
777 3628 989 3685 Omadii
1029 3628 1228 3683 Bacchi
1266 3628 1586 3696 crudelitas,
1633 3629 1723 3684 cui
1759 3629 2108 3684 membratim
2138 3629 2389 3684 homines
2419 3643 2448 3680 a
2478 3626 2629 3680 Chiis
2683 3622 2986 3691 discerptos
3042 3633 3165 3673 esse
3196 3616 3419 3682 ferunt;

177 3720 243 3824 χοι
271 3720 488 3824 alterius
535 3720 690 3824 apud
731 3718 1023 3824 Tenedia-si,
1058 3734 1223 3824 quem
1258 3718 1512 3772 similiter
1580 3719 1868 3774 hominum
1925 3720 2073 3775 caede
2126 3718 2459 3790 placebant?
2494 3716 2769 3770 Edixisset
2805 3722 3068 3783 praeterea
3093 3723 3257 3764 verus
3315 3707 3418 3761 iste

1411 3812 1424 3824 .
1620 3814 1630 3824 .
1950 3814 1961 3824 .
2088 3814 2143 3824 ..
2228 3814 2255 3824 Α.
2325 3814 2335 3824 .
2488 3810 2501 3824 .
2622 3809 2633 3820 .
3175 3802 3418 3824 dum”

178 3808 310 3877 Deus,
339 3814 413 3867 uti
448 3830 519 3869 ne
565 3812 721 3883 quis,
746 3809 904 3865 Marti
950 3811 1028 3865 illi
1065 3810 1332 3866 bellorum
1410 3812 1746 3881 humanique
1781 3814 1996 3869 cruoris
2056 3814 2435 3869 sitientissimo
2487 3809 2764 3865 hominem
2806 3805 3139 3866 immolaret,
3172 3802 3422 3870 adeoque

178 3907 654 4011 nix-sibi‘aliisque
682 3905 1008 4011 charissima
1026 3921 1271 4011 quaeque
1296 3906 1592 3977 jugularct.
1625 3904 1840 3962 Palladi
1872 3922 2127 3977 quoque,
2190 3907 2236 3962 si
2295 3904 2439 3977 quod
2472 3903 2636 3973 vulgo
2701 3900 2964 3971 jactatur,
2996 3896 3147 3966 virgo
3196 3902 3434 3965 quotan-

178 3997 537 4105 ¹¹¹ῗί¹ξ9δί⁰θ³⁵
564 3999 744 4073 Syria?
768 4001 1039 4105 Immo'al‘i
1073 4002 1305 4067 5010111“,
1340 4016 1403 4055 ea
1435 4016 1504 4056 ne
1546 4002 1725 4058 malus
1786 4004 2000 4059 daemon
2060 4003 2378 4066 haberetur,
2438 4015 2602 4055 verus
2635 3997 2880 4070 profecto
2923 3993 3067 4047 Deus
3112 4005 3220 4045 non
3256 3988 3432 4043 cavis-

179 4099 244 4147 set
270 4113 282 4149 :
312 4095 552 4167 itemque
606 4113 679 4152 ne
730 4097 892 4163 alter,
918 4097 1012 4167 qui
1054 4098 1160 4153 hoc
1203 4112 1488 4152 sacrorum
1528 4113 1724 4167 genere
1760 4099 2138 4155 delectabatur
2182 4099 2239 4153 in
2292 4095 2487 4168 Libya,
2552 4095 2799 4164 alterque
2836 4097 3120 4162 praeterea,
3167 4082 3257 4139 cui
3316 4097 3433 4137 ma-

179 4196 349 4245 elatum
378 4192 751 4263 quotannisin
764 4191 960 4247 Arabia
990 4209 1218 4262 puerum
1247 4193 1351 4249 sub
1387 4209 1537 4247 aram
1584 4194 1815 4264 sepelire
1847 4212 1968 4253 mos
2001 4205 2142 4251 erat.

686 4289 1081 4342 ΚΕΦΑΛΑΙΟΝ
1118 4291 1217 4342 lZ'.

183 4376 280 4430 ὀτι
312 4380 455 4449 μετὰ
492 4379 619 4447 τὴν
647 4380 1053 4449 εὐαγγελικὴν
1080 4379 1514 4446 διδασκαλίαν,
1554 4380 1592 4449 ἠ
1634 4393 1739 4434 πα-

437 4453 589 4505 λαιὰ
617 4451 1082 4519 ἀνθρωποθυσία
1107 4453 1427 4520 κατελύθη.

2420 4283 2656 4343 CAPUT
2696 4281 2861 4337 XVII.

1845 4382 1980 4438 Post
2030 4384 2344 4454 evangelica:
2384 4380 2641 4434 doctrinm
2666 4371 3139 4454 prredicationem',‘
3157 4365 3438 4420 hominum

1967 4439 2416 4509 ἱηιιηοιᾶηάοτιιηι
2439 4439 2871 4505 consuetudinem
2893 4459 3002 4498 esse
3022 4439 3311 4494 sublatam.

234 4540 446 4606 Τούτους
480 4543 744 4605 ἅπαντας
763 4580 779 4605 ,
813 4541 909 4595 καὶ
938 4541 1065 4604 τούς
1095 4558 1157 4609 γε
1200 4544 1731 4615 αἰσχρορῤημονοῦν-

1915 4547 2076 4613 Istos,
2100 4548 2349 4617 inquam,
2370 4560 2559 4599 omnes
2581 4555 2787 4609 eosque
2803 4536 3077 4599 similiter,
3097 4531 3190 4603 qui
3211 4540 3319 4584 tam
3337 4528 3437 4583 ob-

179 4647 290 4696 τας,
327 4635 419 4687 καὶ
459 4633 751 4704 γυναικῶν
802 4633 1139 4705 παρανόμοις
1169 4636 1524 4707 διαφθοραῖς,
1572 4640 1637 4710 τῇ
1683 4657 1744 4693 τε

180 4724 288 4799 ἄλλῃ
314 4731 373 4799 τῇ
403 4727 924 4802 προκατειλεγμένῃ
956 4728 1124 4800 μανίᾳ
1144 4729 1457 4801 χαίροντας,
1488 4729 1743 4802 προεφιὶμ

183 4833 314 4887 νησεν
336 4821 399 4874 ἂν
419 4825 449 4876 6
497 4820 719 4893 ἀληθὴς
760 4821 854 4873 καὶ
875 4820 1076 4889 ἀγαθὸς
1102 4821 1212 4874 εἴτε
1241 4822 1375 4885 Θεὸς
1400 4822 1509 4875 εἴτε
1533 4822 1746 4894 δαίμων

186 4913 413 4985 μηδαμῶς
442 4914 712 4987 ἡγεῖσθαι
747 4912 921 4978 θεούς.
952 4915 1125 4969 Τοῦτο
1156 4915 1213 4969 δὲ
1258 4918 1438 4981 οὐδεὶς
1478 4917 1588 4971 τῶν
1629 4917 1744 4971 πώ-

182 5019 323 5071 ποτε,
352 5007 384 5077 ἢ
417 5009 583 5078 μόνος
631 5009 664 5060 ὀ
721 5009 852 5078 παρ’
890 5006 1162 5077 Ἑϐραίοις
1190 5008 1529 5079 τιμώμενος,
1570 5009 1645 5072 ὼς
1680 5009 1747 5062 ἂν

186 5092 318 5161 μόνος
366 5098 460 5151 καὶ
507 5096 727 5169 ἀληθὴς
773 5097 906 5161 Θεὸς
953 5096 1269 5168 πεποιηκὼς
1325 5098 1743 5170 μνημονεύεται.

183 5181 330 5249 Μόνος
368 5189 475 5259 γὰρ
526 5180 694 5248 οὗτος
741 5184 828 5238 διὰ
875 5184 969 5238 τοῦ
1020 5186 1296 5257 προφήτου
1346 5186 1441 5241 καὶ
1493 5185 1744 5255 θεολόγοι)

185 5272 428 5343 Minicio);
460 5276 817 5350 προεκήρυξε
850 5280 962 5340 τοῖς
992 5278 1125 5330 πᾶσι.
1165 5277 1241 5348 μὴ
1275 5276 1457 5330 σέὸειν
1500 5277 1575 5341 ὡς
1604 5279 1744 5347 ἀγαι-

186 5363 288 5430 Gaia;
308 5370 570 5441 δαίμονας
611 5371 742 5433 τοὺς
775 5369 1013 5439 φαύλους
1032 5385 1045 5399 ·
1078 5368 1313 5441 ἔμπαλιν
1340 5369 1397 5424 δὲ
1436 5370 1745 5442 ἀποτρέπε-

188 5457 285 5514 σθαι
328 5463 421 5517 καὶ
465 5461 802 5519 ἀπελαύνειν
826 5502 840 5527 ,
878 5462 955 5526 ὡς
1003 5460 1068 5516 ἂν
1119 5462 1338 5535 πονηρὰ
1381 5462 1747 5533 τυγχάνοντας

187 5550 470 5621 πνεύματα·
507 5552 609 5606 καὶ
645 5552 753 5623 μὴν
789 5553 885 5606 καὶ
929 5550 1212 5624 καθαίρειν
1254 5552 1364 5625 (28)
1410 5551 1588 5605 αὐτῶν
1620 5550 1746 5616 τούς

244 5659 265 5686 ι
299 5666 385 5716 τι).
418 5652 506 5705 ἄν.

245 5737 340 5810 (τε)
364 5740 713 5810 Καθαίρειγ.
746 5736 926 5810 Malim
980 5737 1203 5810 omnino
1253 5736 1572 5810 καθαιρεῖν,
1604 5752 1745 5790 ever-

197 5816 293 5876 tere,
328 5806 580 5865 diruere.
648 5806 820 5865 Jussit
844 5809 990 5865 enim
1023 5807 1235 5881 Moyses
1268 5806 1468 5879 templa
1519 5806 1608 5863 illa
1634 5822 1742 5862 non

1850 4655 2038 4697 scaena
2090 4639 2479 4711 loquebantur,
2508 4636 2715 4705 quique
2762 4628 3047 4701 ﬂagitiosis
3102 4642 3167 4680 ac
3213 4621 3439 4677 nefariis

1851 4735 2146 4790 mulierum
2175 4729 2503 4799 corruptelis
2543 4742 2606 4781 ac
2637 4723 2866 4793 stupris,
2899 4729 3122 4787 totoque
3148 4718 3252 4770 hoc
3284 4729 3438 4769 com-

1849 4834 2169 4880 memoratae
2214 4820 2471 4891 superius
2534 4814 2782 4871 libidinis
2836 4812 3024 4866 furore
3084 4808 3435 4869 tenebantur,

1848 4932 2012 4971 verus
2052 4922 2200 4970 certe
2246 4913 2467 4983 quidem
2503 4909 2793 4976 bonusque
2826 4905 2940 4959 sive
2973 4899 3140 4961 Deus,
3175 4898 3291 4952 sive
3326 4897 3436 4949 dte-

1850 5023 2006 5074 mou,
2038 5022 2067 5061 a
2094 5020 2373 5077 quoquam
2403 5004 2632 5057 deorum
2668 4999 2721 5062 in
2754 5008 2987 5050 numero
3035 4989 3247 5046 censeri
3282 4986 3434 5039 omni

1849 5100 2062 5153 ratione
2103 5098 2384 5152 vetuisset.
2431 5091 2619 5163 Atqui,
2654 5099 2850 5160 praeter
2898 5101 3047 5146 eum,
3082 5081 3173 5153 qui
3230 5080 3299 5133 ab
3330 5077 3409 5131 He

1848 5192 2011 5248 braais
2062 5190 2360 5249 colebatur,
2396 5193 2586 5256 utpote
2627 5181 2721 5251 qui
2784 5194 2926 5233 unus
2963 5183 3110 5230 esset
3158 5185 3434 5239 verosque

1851 5286 2016 5350 Deus,
2047 5299 2078 5339 a
2105 5283 2258 5337 nullo
2284 5296 2510 5352 prorsus
2543 5279 2650 5333 alio
2682 5275 2884 5329 factum
2909 5271 2962 5325 id
2987 5282 3228 5337 unquam
3261 5264 3433 5318 fuisse

1848 5376 2100 5445 legimus.
2126 5370 2288 5428 Solus
2318 5372 2409 5426 ille
2436 5368 2586 5425 solus
2614 5365 2893 5435 propheta:
2922 5376 2986 5416 ac
3012 5357 3250 5426 theologi
3275 5354 3430 5427 Moy-

1848 5468 1928 5523 sis
1954 5481 2050 5522 ore
2083 5462 2431 5520 denuntiavit
2454 5458 2750 5520 universis,
2783 5470 2892 5509 non
2921 5451 3083 5507 modo
3131 5464 3198 5503 ne
3226 5448 3431 5517 improo

1848 5558 1950 5615 bos
2001 5557 2281 5615 daemones
2312 5563 2573 5624 tanquam
2607 5549 2785 5605 bonos
2819 5546 3083 5607 colerent,
3121 5542 3217 5598 sed
3247 5538 3437 5612 potius

1849 5737 2093 5811 purgari,
2123 5735 2217 5794 sed
2247 5731 2433 5792 everti.
2463 5731 2640 5803 Atque
2671 5728 2747 5785 ita
2770 5728 2875 5799 leg.
2925 5724 3019 5782 alt.
3052 5738 3117 5780 ex
3146 5732 3425 5779 manus“,
