3850 6222
408 270 512 328 287

1043 271 1320 332 EUSEBll
1363 274 1842 335 CJESARIENSIS
1872 278 2023 335 OPP.
2060 275 2244 332 PARS
2275 274 2341 331 ll.
2360 307 2433 318 —-
2464 274 2968 332 APOLOGETICA.

3565 272 3676 330 288

406 397 670 463 tanquam
725 392 1023 449 sceleratos
1053 393 1281 464 spiritus
1333 395 1635 451 abominati
1677 397 1979 468 ejicerent:

2086 411 2147 448 τε
2162 393 2321 459 νεὼς,
2337 393 2432 448 xui
2456 391 2556 458 τὰς
2581 394 2833 464 άνιέρους
2863 393 2960 446 xui
2989 391 3309 456 ἀτελέστους
3339 391 3640 465 θρησκείας
3659 431 3674 457 ,

407 481 679 557 iussitque
699 493 962 555 praeterea
990 500 1181 540 eorum
1207 487 1407 557 templa
1439 489 1671 558 expiari,
1695 504 1988 551 exsecran-

407 575 510 632 das
539 575 909 649 profanasque
949 578 1269 648 religiones,
1300 581 1624 635 memoriam
1657 582 1817 651 quasi
1857 581 1991 637 deo-

409 682 534 722 rum
568 668 904 733 universam,
933 666 1093 739 164
1122 667 1471 740 honoresque
1501 671 1773 726 solemnes
1798 687 1865 727 ex
1888 671 1989 726 ho-

409 760 622 815 minum
651 759 899 817 funditus
928 761 1192 816 societate
1232 763 1423 818 deleri.
1472 762 1667 820 Merito
1700 780 1853 833 sane,
1885 781 1988 821 nec

411 855 559 909 enim
595 856 876 925 improbos
910 857 980 912 ab
1006 858 1095 922 iis,
1112 858 1205 929 qui
1244 858 1516 913 bonorum
1546 875 1679 914 cura
1702 860 1989 927 providen-

409 945 596 1016 tiaquc
645 946 994 1017 regebantur,
1042 950 1329 1004 conciliari
1375 950 1695 1021 placarique
1730 949 1813 1006 fas
1845 960 1984 1009 erat.

408 1034 531 1091 Tibi
565 1053 718 1102 vero,
748 1053 843 1093 seu
874 1038 1203 1096 Philarchus
1248 1042 1339 1097 ille
1384 1052 1489 1109 est,
1526 1058 1624 1097 seu
1671 1043 1987 1115 quicunque

406 1128 571 1191 alius,
604 1130 697 1200 qui
721 1129 942 1187 Graecos
978 1134 1181 1202 passim
1219 1134 1525 1200 universos,
1573 1135 1895 1206 priusquam
1931 1139 1986 1192 in

406 1217 617 1274 hostem
667 1234 973 1291 moverent,
1001 1225 1253 1280 homines
1310 1226 1599 1281 immolare
1642 1227 1837 1284 solitos
1864 1245 1988 1285 esse

407 1311 623 1375 scribit,
653 1329 760 1382 qua
793 1314 1061 1371 daemonis
1088 1317 1378 1387 tyrannide
1422 1319 1670 1389 Oppressi
1706 1319 1799 1376 ille
1831 1329 1987 1376 tene-

408 1412 622 1465 rentur,
658 1404 825 1474 hujus
856 1406 1023 1460 etiam
1069 1409 1176 1464 ﬁde
1221 1410 1645 1481 testimonioque
1690 1414 1983 1468 constabit.

404 1492 549 1559 Quin
603 1497 767 1551 etiam
806 1500 971 1557 Afros
1028 1502 1172 1567 illos,
1201 1511 1256 1557 et
1302 1500 1565 1569 Thraces,
1620 1512 1676 1559 et
1727 1504 1983 1575 Scythas,

407 1594 677 1655 quotquot
704 1589 979 1646 similibus
1009 1592 1204 1647 ritibus
1235 1604 1540 1661 uterentur,
1577 1596 1742 1650 simili
1776 1597 1983 1652 daemo-

406 1691 536 1731 num
576 1678 760 1737 furore
808 1693 962 1739 actos
1007 1685 1370 1754 pronuntiare
1415 1702 1480 1742 ac
1531 1688 1769 1757 probare
1801 1689 1982 1745 liceat.

407 1766 618 1833 Quibus
674 1772 1059 1839 Athenienses,
1095 1774 1355 1846 ipsosque
1407 1778 1544 1832 adeo
1593 1780 1740 1834 cives
1779 1778 1986 1851 Magnae

411 1856 578 1916 Urbis
604 1863 862 1936 adjunge,
895 1882 1018 1921 cum
1054 1866 1197 1922 circa
1230 1866 1409 1937 Magni
1436 1866 1586 1924 Jovis
1614 1868 1781 1925 ferias
1808 1870 1986 1925 homi-

408 1969 508 2010 nes
535 1954 638 2025 ipsi
664 1972 888 2029 quoque
914 1959 1251 2030 jugularent.
1281 1961 1394 2017 lmo
1420 1976 1572 2027 vero,
1599 1963 1646 2019 si
1673 1965 1985 2020 universam

404 2062 620 2116 eorum,
657 2066 780 2120 qua:
804 2053 970 2121 paulo
1009 2062 1137 2109 ante
1177 2058 1749 2126 commemoravimus,
1786 2060 1985 2114 seriem

406 2139 511 2194 sub
561 2151 845 2210 aspectum
896 2160 1068 2201 unum
1122 2148 1446 2218 subjeceris,
1502 2150 1750 2206 invenies
1809 2160 1981 2206 totam

404 2245 575 2301 prope
601 2232 854 2289 lictorum
871 2238 1167 2307 agentibus
1194 2240 1483 2295 numinum
1515 2242 1855 2298 molitionem
1876 2243 1986 2298 illis

403 2322 541 2391 ipsis
584 2326 869 2395 spiritibus
913 2329 1199 2385 hominum
1242 2332 1628 2397 carnificibus,
1673 2334 1985 2390 sceleratis-

404 2430 512 2483 que
542 2415 885 2476 daemonibus
910 2436 1032 2478 esse
1063 2421 1431 2479 tribuendam.
1454 2423 1662 2479 Etenim
1689 2426 1735 2480 si
1762 2427 1985 2481 eviden-

404 2506 552 2563 tibus
585 2509 861 2580 certisque
890 2515 1244 2579 testimoniis,
1274 2515 1417 2586 apud
1453 2515 1721 2584 Rhodios,
1749 2515 1984 2573 Salami-

403 2615 525 2667 nos,
565 2617 631 2657 ac
653 2613 881 2661 caeteros
908 2606 1201 2674 insulares,
1235 2610 1478 2681 itemque
1528 2609 1672 2679 apud
1721 2608 1981 2680 Heliopo-

401 2690 603 2748 litanos
653 2691 897 2765 Egypti,
941 2696 1131 2764 Chios,
1176 2697 1468 2767 Tencdios,
1503 2699 1978 2770 Lacedaamonios,

400 2784 664 2852 Arcadas,
687 2784 999 2854 Plimnices,
1031 2788 1236 2862 Libyae,
1266 2790 1439 2864 Syriae
1476 2802 1531 2849 et
1553 2794 1772 2849 Arabiae
1801 2810 1980 2865 popu-

400 2876 504 2942 los,
537 2878 785 2949 adeoque
839 2883 984 2953 apud
1028 2882 1392 2941 Athenienses
1443 2886 1616 2957 ipsos,
1644 2888 1737 2960 qui
1763 2888 1983 2944 Graeco-

399 2987 518 3024 rnm
551 2973 798 3029 omnium
831 2976 1107 3046 principes
1130 2994 1194 3033 ac
1220 2980 1388 3033 veluti
1437 2980 1617 3049 capita
1672 2982 1979 3037 etiamnum

2091 486 2186 540 xui
2231 486 2466 558 πάμπαν
2511 486 2573 552 ἐξ
2611 485 2917 559 ἀνθρώπων
2958 483 3242 554 ἀφανίζειν
3285 485 3383 557 τὴν
3423 485 3499 549 ὡς
3544 486 3675 557 περὶ

2091 576 2230 632 θεῶν
2270 578 2452 632 αὐτῶν
2485 579 2739 651 μνήμην,
2773 578 2869 632 καὶ
2902 577 3002 649 τὴν
3034 577 3453 649 ἀπονεμομένην
3490 577 3675 641 αὐτοῖς

2088 670 2255 742 τιμὴν
2282 669 2693 741 ἐνομοθέτησεν.
2720 668 2855 722 Οὐδὲ
2880 669 2989 740 γὰρ
3021 670 3147 732 τοὺς
3174 667 3410 737 φαύλους
3441 667 3676 738 ἀπομει-

2089 761 2368 815 λίσσεσθαι
2401 762 2548 818 ὅσιον
2580 758 2648 834 ἦν
2668 763 2795 826 τοὺς
2826 764 2939 826 τοῖς
2973 760 3199 831 ἀγαθοῖς
3237 759 3673 832 μεμελημένους.

2088 852 2216 907 Εἴτε
2243 853 2300 907 δέ
2332 854 2429 907 καὶ
2460 854 2725 927 Φίλαρχος
2748 895 2763 920 ,
2794 855 2904 909 εἴτε
2949 854 3198 909 ὁστισοῦν
3227 855 3431 926 ἱστορεῖ
3462 853 3677 919 πάντας

2087 945 2214 1008 τοὺς
2246 943 2514 1016 ’Έλληνας
2533 984 2548 1009 ,
2580 945 2711 1017 πρὶν
2736 945 2831 998 ἐπὶ
2858 947 2986 1010 τοὺς
3013 945 3283 1016 πολέμους
3312 944 3547 1010 ἐξιέναι,
3576 946 3677 998 άν-

2090 1035 2515 1109 θρωποκτονεῖν,
2577 1038 2671 1091 καὶ
2718 1035 2908 1093 τοῦτον
2963 1038 3214 1111 μάρτυρα
3258 1037 3360 1108 τῆς
3407 1037 3678 1110 Ἑλλήνων

2088 1127 2411 1200 δαιμονικῆς
2461 1129 2754 1201 ἐπιληψίας
2791 1130 2865 1202 μὴ
2896 1129 3044 1185 δκνει
3075 1129 3562 1202 παραλαμϐάνειν*
3597 1129 3677 1202 μὴ

2089 1222 2325 1295 παρίδῃς
2356 1221 2491 1293 μηδέ
2523 1224 2650 1285 τοὺς
2678 1221 2820 1275 κατὰ
2850 1222 2947 1292 τὴν
2985 1220 3270 1293 Ἀφρικὴν,
3301 1221 3426 1286 τούς
3445 1238 3506 1274 τε
3524 1220 3673 1294 Θρᾷ-

2088 1329 2192 1376 κας
2236 1314 2477 1377 καὶτοὺς
2507 1312 2719 1376 Σκύθας
2746 1311 2814 1366 τὰ
2846 1313 3009 1384 ὃμοια
3041 1313 3401 1384 πράττοντας,
3430 1314 3550 1377 ταῖς
3574 1314 3677 1368 αύ-

2088 1405 2209 1466 ταῖς
2232 1403 2342 1457 τῶν
2367 1402 2637 1474 δαιμόνων
2661 1402 2900 1473 ὑπῆχθαι
2925 1403 3143 1474 μανίαις
3174 1402 3677 1473 ἀποφαίνεσθαιοὼς

2089 1494 2183 1548 xui
2220 1494 2568 1565 Ἀθηναίους,
2602 1494 2698 1548 καὶ
2730 1496 2856 1559 τοὺς
2884 1495 3027 1548 κατὰ
3066 1496 3164 1566 τὴν
3196 1495 3455 1566 Μεγάλην
3488 1495 3675 1560 πόλιν,

2088 1590 2138 1642 εί
2157 1588 2220 1660 δὴ
2250 1590 2343 1643 xui.
2367 1582 2510 1643 οὗτοι
2531 1588 2673 1642 κατὰ
2700 1586 2795 1641 τοῦ
2825 1588 3078 1657 Μεγάλου
3098 1588 3219 1652 Διὸς
3249 1588 3441 1661 ἑορτὰς
3460 1586 3680 1660 ἀνθρὼο

2089 1697 2224 1744 πους
2258 1678 2515 1750 ἔσφαζον.
2558 1679 2720 1733 Ἀλλὰ
2751 1679 2861 1752 γὰρ
2896 1679 3221 1750 συναγαγὼν
3248 1680 3385 1750 ὁμοῦ
3413 1680 3505 1733 τὸν
3533 1680 3677 1734 πάν-

2087 1790 2195 1825 των
2225 1773 2331 1855 τῶν
2360 1773 2775 1846 προειρημένων
2808 1772 3127 1842 κατάλογον,
3164 1773 3345 1844 εὕροις
3373 1772 3459 1839 ἂν,
3485 1772 3678 1844 σχεδὸν

2087 1866 2262 1918 εἰπεῖν
2281 1906 2296 1929 ,
2339 1867 2519 1919 πᾶσαν
2550 1867 2650 1937 τὴν
2687 1865 2797 1921 τῶν
2830 1866 2998 1920 ἐθνῶν
3030 1867 3304 1922 θεοποιίαν
3332 1866 3541 1931 τούτοις
3571 1868 3679 1921 αύ-

2086 1960 2197 2021 τοῖς
2214 1961 2326 2021 τοῖς
2345 1958 2813 2029 άνθρωποκτόνοις
2842 1960 3119 2031 πνεύμασι
3152 1961 3248 2014 xui
3277 1962 3390 2024 τοῖς
3415 1962 3680 2032 πονηροῖς

2084 2047 2380 2119 δαιμονίοις
2423 2050 2810 2123 ἀνακειμένην.
2862 2053 2926 2106 Ei
2972 2053 3082 2125 γὰρ
3125 2054 3184 2107 ἐν
3240 2053 3439 2123 Ῥόδῳ,
3478 2053 3573 2107 xui
3618 2057 3681 2107 ἐν

2086 2138 2381 2210 Σαλαμῖνι,
2414 2141 2509 2195 καὶ
2545 2144 2668 2207 ταῖς
2699 2142 2888 2209 ἄλλαις
2919 2146 3107 2216 νήσοις
3129 2187 3144 2212 ,
3180 2145 3237 2199 ἐν
3262 2163 3321 2200 τε
3365 2146 3544 2200 Ἠλίου
3570 2147 3677 2200 πό-

2085 2231 2167 2285 λει
2214 2235 2278 2303 τῇ
2334 2234 2456 2286 κατ’
2485 2235 2758 2303 Αἴγυπτον
2778 2275 2792 2300 ,
2824 2235 2880 2289 ἐν
2912 2254 2972 2289 τε
3001 2237 3118 2308 Χίῳ
3137 2278 3152 2301 ,
3180 2238 3274 2291 xui
3301 2237 3542 2309 Τενέδῳ,
3578 2240 3680 2293 καὶ

2083 2322 2481 2394 Λακεδαίμονι,
2514 2325 2605 2377 xui
2644 2326 2936 2399 Ἀρκαδίᾳ,
2970 2327 3193 2399 Φοινίκῃ
3224 2344 3284 2380 τε
3334 2328 3427 2381 καὶ
3471 2327 3676 2401 Λιϐύῃ,

2085 2414 2179 2467 xui
2204 2415 2341 2488 πρὸς
2375 2416 2587 2481 τούτοις
2619 2418 2824 2474 ἆπασιν
2853 2422 2912 2473 ἐν
2949 2420 3123 2492 Συρίᾳ
3154 2421 3250 2473 xui
3288 2420 3553 2494 Ἀραϐίᾳ,
3578 2424 3681 2475 xui

2085 2509 2239 2579 παρά
2265 2526 2328 2578 γε
2357 2513 2470 2575 τοῖς
2496 2512 2832 2584 Πανέλλησιν
2890 2511 3200 2582 Ἀθηναίοις
3240 2514 3387 2585 (29),
3435 2515 3532 2569 καὶ
3579 2515 3680 2568 ἐπὶ

2082 2600 2288 2657 τούτων
2312 2606 2425 2668 τοῖς
2456 2605 2904 2677 κορυφαιοτάτοις
2922 2646 2938 2671 ,
2980 2606 3123 2660 κατά
3179 2619 3281 2675 γει
3309 2607 3636 2681 Καρχηδόνα
3659 2650 3677 2673 ,

2083 2694 2180 2748 xui
2203 2695 2304 2767 τὴν
2333 2696 2619 2770 Ἀφρικὴν,
2647 2698 2742 2751 xui
2766 2698 2919 2770 παρὰ
2944 2698 3117 2772 Θρᾳξὶ
3147 2699 3243 2754 καὶ
3268 2700 3504 2764 Σκύθαις
3536 2701 3678 2754 ἀπο-

2080 2783 2350 2840 δέδεικται
2394 2788 2463 2841 τὰ
2505 2788 2608 2860 τῆς
2656 2788 2978 2861 δαιμονικῆς
3022 2789 3495 2861 άνθρωποκτονίας
3533 2791 3681 2845 κατᾶ

2083 2878 2208 2942 τοὺς
2248 2879 2512 2945 παλαιοὺς
2538 2881 2766 2953 χρόνους
2800 2881 3214 2953 ἐπιτελούμενα,
3250 2884 3345 2936 xui
3380 2883 3546 2955 μέχρι
3574 2884 3673 2937 τοῦ

2082 2964 2336 3040 Σωτῆρος
2359 2969 2518 3039 ⁴ἡμῶν
2542 2971 2949 3041 παρατείναντα
2968 2988 2981 3000 ·
3014 2970 3133 3035 πῶς
3156 2972 3256 3025 ούκ
3285 2972 3527 3039 εὐλόγως
3547 2974 3677 3037 τοὺς

401 3063 584 3120 haberi
615 3063 814 3132 solent,
841 3081 1065 3121 necnon
1094 3069 1239 3137 apud
1267 3069 1774 3141 Carthaginienses,
1794 3071 1976 3141 Afros,

2086 3058 2289 3123 πάντας
2329 3060 2504 3124 εἴποις
2543 3061 2610 3115 ἂν
2646 3064 2768 3115 τότε
2800 3066 2913 3129 τοῖς
2950 3065 3208 3137 πονηροῖς
3244 3063 3461 3135 δαίμοσι
3493 3064 3673 3118 δεδουο

400 3154 642 3210 Tltraces
696 3166 859 3228 atque
892 3157 1149 3231 Scythas,
1186 3163 1473 3217 hominum
1526 3164 1656 3218 olim
1709 3167 1979 3221 sacriﬁcia

401 3244 675 3302 diabolica
701 3247 887 3304 furore
917 3264 1181 3321 usurpata
1204 3268 1329 3309 esse
1359 3254 1720 3320 ostendimus,
1755 3258 1982 3328 impios-

400 3341 672 3417 queritus
701 3342 767 3396 ad
790 3341 1100 3399 Servatoris
1134 3360 1309 3413 usque
1343 3346 1519 3400 nostri
1556 3358 1803 3417 tempora
1852 3365 1981 3419 pro-

400 3444 624 3500 pagatos
662 3452 675 3487 :
707 3433 898 3503 quidni
926 3435 1145 3490 tandem
1172 3434 1297 3505 jure
1327 3436 1633 3507 meritoque
1659 3440 1976 3506 concludas,

400 3523 525 3578 illos
558 3533 671 3578 tum
694 3526 925 3596 populos
958 3527 1223 3597 improbis
1242 3543 1433 3583 omnes
1461 3529 1803 3587 daemonibus
1824 3549 1979 3587 man-

396 3615 611 3685 cipatos
636 3615 830 3683 fuisse,
863 3634 964 3673 nec
993 3629 1117 3675 ante
1155 3636 1327 3690 genus
1361 3622 1669 3678 humanum
1699 3633 1977 3681 tantorum

397 3707 691 3762 acerbitate
725 3709 995 3764 malorum
1026 3711 1214 3766 vexari
1242 3712 1495 3779 desiisse,
1525 3730 1689 3783 quam
1722 3714 1980 3771 Servato-

398 3796 475 3850 ris
502 3799 673 3852 nostri
707 3799 957 3855 doctrina
993 3801 1200 3872 passim
1226 3802 1533 3858 illuxisset?
1559 3803 1693 3858 Nam
1726 3806 1817 3861 illa
1852 3808 1977 3878 qui-

395 3888 517 3942 dem
537 3888 605 3942 ad
638 3890 929 3959 imperium
960 3889 1187 3947 Adriani
1211 3893 1475 3963 viguisse,
1502 3910 1565 3949 ac
1583 3895 1800 3950 sublata
1823 3897 1979 3951 dein-

394 3994 523 4050 ceps
556 3980 726 4037 fuisse
763 3992 982 4038 constat
1008 3999 1076 4039 ex
1114 3985 1366 4050 historia,
1392 4002 1503 4057 quo
1539 3987 1804 4043 nimirum
1835 3997 1978 4043 tem-

395 4087 529 4140 pore
557 4073 814 4129 salutaris
850 4074 1017 4144 hujus
1049 4076 1322 4132 doctrina:
1352 4078 1435 4133 vis
1466 4080 1611 4148 apud
1630 4095 1823 4137 omnes
1858 4080 1974 4152 jam

395 4164 502 4216 late
555 4165 787 4233 populos
832 4177 1129 4237 gentesque
1151 4178 1429 4238 regnaret.
1464 4168 1654 4241 Neque
1686 4187 1817 4227 vero
1872 4175 1974 4230 hoc

397 4255 521 4310 istis
582 4255 843 4327 eﬂ‘ugium
904 4268 1172 4329 superest,
1217 4269 1277 4315 ut
1340 4264 1602 4318 nonnisi
1664 4266 1824 4320 malis
1865 4266 1978 4322 dae-

396 4353 654 4408 monibus
718 4354 933 4409 litatum
989 4355 1247 4412 humanis
1296 4357 1538 4415 victimis
1592 4376 1716 4417 esse
1763 4362 1971 4433 dicant,

2083 3147 2287 3203 λῶσθαι
2307 3189 2322 3215 ,
2362 3152 2423 3204 οὐ
2451 3152 2714 3225 πρότερόν
2742 3172 2803 3207 τε
2837 3154 3048 3208 παῦλαν
3081 3155 3189 3209 τῶν
3217 3155 3487 3209 τοσούτων
3519 3157 3681 3226 γενέ-

2086 3239 2205 3293 σθαι
2231 3241 2309 3314 τῷ
2340 3242 2440 3314 βίῳ
2463 3244 2648 3297 κακῶν
2669 3286 2682 3310 ,
2714 3245 2746 3317 ἢ
2778 3246 2875 3317 τὴν
2906 3247 2998 3301 τοῦ
3038 3249 3287 3320 Σωτῆρος
3314 3247 3473 3320 ἡμῶν
3504 3266 3679 3303 κατα-

2082 3327 2292 3400 λάμψαι
2324 3330 2711 3399 διδασκαλίαν;
2756 3334 2878 3386 ’Ότι
2919 3333 2984 3406 δὴ
3030 3335 3191 3406 μέχρι
3229 3336 3339 3389 τῶν
3390 3337 3678 3409 Ἀδριανοῦ

2081 3422 2289 3493 χρόνων
2315 3422 2585 3494 διαμεῖναι
2615 3424 2789 3479 ταῦτα
2809 3425 3093 3480 ’λελύσθαι
3122 3428 3164 3481 δ’
3195 3427 3256 3493 ἐξ
3287 3429 3496 3483 ἐκείνου
3528 3448 3683 3504 παρο

2088 3514 2315 3585 έστησεν
2373 3516 2400 3567 ὁ
2429 3516 2527 3586 τῆς
2561 3518 2803 3590 ἱστορίας
2828 3519 3003 3589 λόγος.
3036 3515 3205 3584 Οὗτος
3248 3520 3314 3593 δὴ
3346 3522 3579 3593 μάλιστα
3603 3521 3682 3596 ἦν

2082 3606 2110 3657 ὁ
2134 3605 2354 3676 χρόνος,
2382 3606 2505 3659 καθ’
2536 3606 2597 3660 ὃν
2622 3609 2655 3679 ἡ
2689 3610 2956 3681 σωτήριος
2984 3610 3065 3672 είς
3097 3610 3308 3674 πάντας
3349 3610 3685 3683 ἀνθρώπους

2081 3697 2297 3766 ἤκμασε
2329 3695 2663 3754 διδασκαλία.
2694 3700 2805 3753 Καὶ
2840 3701 2947 3772 μὴν
2968 3702 3089 3754 ούδέ
3111 3702 3336 3756 δυνατὸν
3375 3704 3558 3768 αὐτοῖς
3590 3708 3681 3759 εί-

2080 3789 2202 3840 πεῖν
2217 3816 2243 3850 ,·
2270 3788 2345 3852 ὼς
2381 3793 2493 3853 τοῖς
2532 3794 2789 3863 πονηροῖς
2831 3791 3081 3863 δαίμοσιν
3121 3792 3311 3849 ἔθυονο
3334 3794 3524 3858 αὐτοῖς
3556 3794 3676 3868 γὰρ

2083 3877 2320 3948 μάλιστα
2354 3884 2467 3945 τοῖς
2506 3881 2786 3952 μεγίστοις
2815 3882 2957 3948 θεοῖς
2993 3886 3025 3957 ἡ
3076 3886 3287 3957 ἱστορία
3317 3885 3417 3949 τὰς
3457 3885 3679 3958 ἀνθρω-

2080 3970 2344 4035 ποθυσίας
2372 3972 2641 4044 ἐδήλωσεν
2670 3974 3057 4029 ἐπιτελεῖσθαι.
3108 3975 3343 4031 Θύεσθαι
3368 3977 3477 4050 γὰρ
3498 3978 3677 4051 ἔφησε

2079 4064 2145 4132 τῇ
2183 4062 2331 4133 Ἥρᾳ
2367 4064 2459 4117 xui.
2500 4067 2566 4135 τῇ
2612 4065 2831 4137 Ἀθηνᾷ,
2866 4067 3062 4139 Κρόνῳ
3107 4085 3167 4120 τε
3208 4070 3300 4123 xui
3333 4072 3523 4143 Ἀρει,
3569 4076 3677 4127 xui.

2078 4150 2318 4222 Διονύσῳ
2338 4192 2352 4217 ,
2399 4153 2494 4206 xui
2532 4153 2681 4226 αύτῷ
2712 4171 2776 4223 γε
2819 4155 2900 4227 τῷ
2927 4158 3020 4210 ἐπὶ
3054 4158 3272 4213 πάντων
3304 4162 3418 4227 Διὶ,
3461 4162 3555 4216 xui.
3585 4164 3677 4235 τῷ

2077 4244 2252 4315 Φοίϐῳ
2273 4289 2286 4309 ,
2334 4244 2411 4316 τῷ
2454 4246 2518 4318 δὴ
2563 4249 2875 4321 σεμνοτάτῳ
2931 4250 3150 4306 πάντων
3210 4252 3304 4306 xui
3370 4253 3679 4327 σοφωτάτῳ

2093 4334 2423 4389 Ἀπόλλωνι·
2438 4337 2660 4403 τούτους
2679 4338 2741 4392 δὲ
2759 4341 2868 4411 (50)
2893 4342 2987 4395 xui
3010 4342 3130 4396 ούδέ
3152 4342 3345 4408 ἄλλους
3365 4346 3492 4410 τοὺς
3514 4349 3677 4417 μεγίο

394 4462 518 4501 cum
548 4447 802 4502 maximis
829 4450 1129 4517 praesertim
1144 4450 1451 4521 quibusque
1468 4452 1574 4508 diis
1594 4463 1863 4510 mactatos
1880 4456 1978 4511 ho-

2086 4443 2240 4491 στους
2264 4445 2323 4481 τε
2350 4429 2444 4483 xui
2473 4430 2711 4499 ἀγαθοὺς
2742 4433 2994 4506 σωτῆρας
3022 4434 3179 4499 θεοὺς
3214 4438 3671 4509 ἀναγορεύουσιν.

394 4539 572 4594 mines
599 4538 769 4594 fuisse
801 4554 867 4594 ex
897 4540 1117 4596 illorum
1146 4543 1391 4598 historiis
1420 4545 1747 4604 habeamus.
1784 4546 1975 4605 Testes

392 4634 538 4684 cnim
569 4644 648 4684 ea“.
681 4639 831 4695 sunt,
865 4626 1070 4685 Junoni
1097 4649 1161 4687 ac
1185 4632 1460 4703 Minervae,
1516 4635 1778 4704 Saturno,
1815 4639 1974 4695 Marti

392 4730 557 4789 atque
612 4719 851 4789 Baccho,
893 4719 1125 4791 Iovique
1177 4724 1314 4778 adeo
1358 4734 1685 4781 caeterorum
1728 4730 1974 4785 omnium

396 4813 658 4883 principi,
691 4829 793 4868 nec
845 4827 954 4867 non
1006 4813 1110 4883 ipsi
1166 4814 1395 4882 Ριιωϋο,
1418 4816 1688 4887 Apollini,
1725 4821 1971 4891 inquam,

388 4903 494 4970 illi,
524 4906 620 4977 qui
645 4913 858 4960 tantum
888 4906 1159 4975 gravitate
1195 4908 1420 4978 reliquis
1454 4926 1519 4965 ac
1564 4912 1829 4981 sapientia
1870 4929 1972 4968 an—

384 4994 580 5060 teibat,
605 5011 776 5067 genus
809 4995 862 5051 id
894 4995 1199 5051 hostiarum
1233 4997 1529 5068 placuisse,
1564 5016 1706 5070 quos
1749 5002 1959 5071 utique,

461 5142 489 5174 ι
531 5131 617 5185 ῖσ.
645 5149 726 5186 τε.

462 5289 987 5364 (29)_Ilt_zré.1.1_nmr
1021 5294 1365 5364 Ἀθηναίοις.
1394 5292 1471 5349 lta
1500 5310 1634 5351 mss.
1654 5295 1836 5364 ambo,
1861 5297 1968 5352 nisi

392 5359 537 5440 quod
590 5361 788 5415 habent
799 5362 902 5440 ἑτι
933 5379 1033 5440 pro
1060 5359 1377 5440 enl,_recte.
1430 5365 1584 5440 Alter
1612 5381 1754 5440 _v_er_o
1777 5408 1793 5433 ,
1822 5359 1967 5440 ’παρ’

393 5428 668 5506 ξΕλληξτιν,
688 5448 785 5506 pro
799 5428 1156 5505 Πανέλλησιν.
1181 5434 1436 5497 M0ntac.,
1456 5437 1584 5506 παρ’
1609 5428 1853 5506 Ἕλληάῆ
1876 5428 1968 5493 κὰ).

390 5498 611 5577 ἕτιιτοῖς
648 5498 851 5555 τούτων
900 5498 1351 5577 κορυφαιοτάτοις
1393 5498 1717 5577 Ἀθηναίοις.
1752 5498 1916 5564 Recte
1949 5529 1963 5564 :

2078 4519 2241 4572 Αὐτοὶ
2261 4520 2306 4573 δ’
2334 4519 2442 4592 ἄρα
2475 4519 2585 4576 εἷεν
2630 4522 2696 4576 ἂν
2743 4525 2792 4577 oi
2849 4527 3077 4598 πονηροὶ
3137 4526 3406 4599 δαίμονες.
3458 4530 3521 4582 Εἰ
3552 4531 3676 4605 γὰρ

2075 4608 2185 4661 οἵδε
2225 4609 2503 4685 τοιαύταις
2533 4610 3005 4682 άνθρωποθυσίαις
3045 4615 3142 4669 xui
3164 4616 3675 4690 ἁνθρωποκτονίαις

2075 4699 2310 4772 ἔχαιρον,
2343 4703 2460 4767 πῶς
2488 4703 2587 4757 οὐκ
2636 4704 2702 4759 ἂν
2754 4704 2952 4770 αὐτοὺς
2979 4708 3204 4773 εἰκότως
3240 4712 3307 4781 τῇ
3355 4710 3463 4764 τῶν
3495 4728 3671 4785 πονη-

2080 4793 2187 4864 ρῶν
2221 4796 2548 4867 πνευμάτων
2577 4797 2860 4869 μιαιφονίᾳ
2888 4799 3394 4873 καταριθμήσειας;
3422 4803 3534 4867 εἶτε
3564 4808 3676 4861 αὐ-

2072 4886 2157 4938 τοὶ
2186 4887 2399 4959 χαίρειν
2431 4887 2672 4957 λέγοιντο
2696 4890 2809 4952 τοῖς
2841 4889 3124 4955 τοιούτοις,
3178 4891 3289 4946 εἴτε
3330 4902 3673 4970 συγχωρεῖν,

2074 4979 2169 5031 xui
2189 4981 2453 5052 περιορᾷν
2493 4980 2701 5054 ἑτέροις
2750 4984 3030 5056 γινόμενα.
3074 4985 3139 5038 Τί
3198 4986 3306 5059 γὰρ
3351 4989 3492 5061 χρῆν
3527 4991 3677 5058 ὅλως

2074 5308 2339 5395 ’Έλληνας
2368 5310 2471 5366 hac
2487 5311 2777 5395 impietate
2818 5313 3095 5395 laborasse
3143 5319 3418 5395 narrabat.
3471 5322 3669 5395 Itaque

2069 5382 2388 5467 vertendu‘m
2422 5382 2549 5467 erit,
2580 5382 2698 5466 lino
2723 5392 2771 5437 et
2802 5387 2943 5467 apud
2969 5385 3180 5441 ercos
3221 5392 3500 5467 universos
3522 5436 3538 5461 ,
3574 5382 3667 5467 ip;

2068 5465 2256 5531 suque
2274 5450 2405 5531 αέεο
2424 5452 2791 5531 Athenienses,
2827 5450 2916 5525 qui
2945 5472 3127 5510 eorum
3150 5461 3446 5531 principes,
3482 5450 3591 5522 εἰς,

2140 5523 2258 5606 (5ολ
2295 5522 2552 5606 Τούτρμς
2581 5522 2668 5576 δέ.
2704 5522 2812 5606 Ait.
2838 5522 2878 5579 'e
2908 5522 3185 5606 manuscr.
3228 5522 3375 5606 legit,
3404 5522 3667 5606 Τούτους

394 5569 577 5652 ttialint
613 5579 816 5663 tamen.
850 5574 946 5627 xui
972 5569 1130 5647 ’παρά
1150 5592 1214 5697 ἴε
1257 5577 1370 5639 τοῖς
1397 5569 1716 5659 Ιξανέλλησι,
1761 5580 1855 5633 καὶ
1886 5579 1965 5635 ἔτι
2065 5569 2268 5657 aha-ali
2295 5569 3665 5680 ὶῦἶᾶἱὶοζςῖτὸῖξζ”ἀὲξόὂῖξξ

394 5656 595 5691 τουτων
626 5657 676 5694 τ.
699 5660 752 5697 κ.
814 5642 1122 5699 Αθηναίοις.
1181 5646 1340 5699 sthuc
1360 5662 1505 5699 enim
1536 5649 1873 5699 Πανέλληνες
1895 5652 1964 5699 ad
2066 5663 2156 5699 vni
2186 5662 2438 5699 ωηη-τιηηρ
2462 5664 2884 5699 summasumma.
2944 5666 3107 5699 non...

392 5638 595 5715 τούτων
613 5657 676 5715 τ.
699 5660 752 5697 κ.
800 5638 1122 5715 Ἀθηναίοίς.

393 5706 737 5767 Philarchnm
782 5706 1044 5783 pertinet,
1079 5706 1171 5787 qui
1210 5717 1374 5787 paulo
1422 5728 1548 5775 ante
1601 5706 1811 5786 πάντάς
1838 5706 1963 5787 τοὺς

1235 5646 1340 5740 huc
1360 5648 1511 5740 enim.
1536 5646 1873 5740 Πανέλληνες
1895 5652 1965 5736 ad

2086 5646 2161 5716 cui
2186 5662 2438 5736 σωτῆρας
2462 5646 2922 5740 ἁναγῷεύόύσᾜί
