3850 6222
192 337 272 392 239
1301 331 1621 388 PR/EPAR.
1661 331 1914 387 EVA‘NG.
1959 330 2088 386 L'B.
2123 329 2213 385 iV.

3295 333 3403 388 290

188 455 449 530 ἐπιτρέπειν
474 454 779 527 ἀνθρώποις
814 453 1127 510 ἱλάσκεσθαι
1177 455 1248 509 τὰ
1302 454 1516 527 πονηρὰ
1554 455 1701 507 πνεύ-

1819 470 1925 508 non
1960 455 2117 516 alios,
2152 453 2252 525 ipsi
2295 467 2419 508 cum
2451 452 2721 507 maximos
2768 452 3058 523 bonosque
3089 452 3240 517 deos,
3280 462 3394 508 tum

189 564 332 621 pars;
353 546 481 600 Τίδὲ
531 546 787 600 τοσοῦτον
820 546 1140 611 πλανᾶσθαι,
1174 545 1250 610 ὡς
1272 545 1594 617 θεραπεύειν
1622 545 1716 598 καλ⁸

184 640 449 694 κολακεύειν
478 639 605 702 τοὺς
630 638 904 709 φαύλους;
940 638 1004 692 Ti
1035 638 1092 693 δὲ
1114 641 1228 704 τοῖς
1259 641 1513 711 πονηροῖς
1544 655 1715 692 κατα-

183 730 479 794 δουλοῦσθαι;
518 730 638 783 δέον
671 730 907 798 ἀγαθοὺς
939 730 1101 794 ὄντας
1151 731 1247 784 καὶ
1292 729 1469 795 θεοὺς,
1500 732 1716 802 πορρω-

191 825 297 876 ritu
324 822 412 892 τῆς
441 821 743 894 ἀνθρώπων
801 821 1104 893 διατριϐῆς,
1164 823 1272 875 πᾶν
1326 822 1355 875 ὃ
1403 839 1456 874 τι
1510 821 1714 890 φαῦλον

186 916 255 967 καὶ
284 914 492 985 πονηρὸν
513 914 739 983 δυνάμει
766 913 1035 985 κρείττονι
1073 914 1168 966 καὶ
1198 912 1447 986 θειοτέρα
1478 913 1715 966 ἀπελαύ-

184 1024 285 1060 νειν.
305 1001 372 1058 Ἦ
400 1005 574 1075 πατὴρ
602 1006 700 1075 μὲν
734 1004 934 1073 ἀγαθὸς
971 1004 1072 1057 οὐκ
1129 1005 1196 1058 ἂν
1229 1005 1333 1058 ὑπὸ
1375 1004 1598 1074 φαύλοις
1622 1007 1715 1060 ἀν-

181 1096 304 1167 δράσι
334 1096 675 1168 φθειρόμενον
708 1095 936 1168 περιίδοι
964 1094 1028 1150 ἂν
1060 1097 1152 1149 τὸν
1185 1096 1350 1151 αὑτοῦ
1385 1098 1567 1151 παῖδα·
1593 1098 1713 1152 οὑδὲ

179 1186 249 1240 τὸν
274 1187 465 1256 οἰκέτην
497 1187 730 1257 σώφρων
752 1185 1021 1257 δεσπότης
1050 1186 1154 1239 ὑπὸ
1200 1190 1313 1247 τοῖς
1344 1186 1559 1258 ἐχθροῖς
1584 1187 1714 1255 ἀγό-

182 1298 307 1351 μενον
329 1280 655 1352 περιόψεται·
688 1279 812 1333 ούδέ
852 1297 916 1348 γε
955 1278 1262 1350 στρατηγὸς
1289 1279 1421 1350 (3i),
1474 1280 1712 1350 πολέμου

179 1372 399 1443 παρόντος
426 1372 552 1435 τοὺς
570 1370 807 1433 οἰκείους
861 1368 1250 1433 διασώσασθαι,
1280 1372 1395 1433 τοῖς
1435 1370 1713 1442 πολεμίοις

176 1463 510 1534 αἰχμαλώτους
536 1464 748 1533 ἀνήσει·
786 1462 907 1515 οὐδὲ
942 1460 1145 1533 ποιμήν
1176 1460 1245 1515 τὰ
1282 1461 1574 1534 θρέμματα
1598 1464 1713 1526 τοῖς

175 1554 338 1618 λύκοις·
370 1553 475 1606 θεοὶ
535 1552 591 1607 δὲ
641 1553 752 1623 ἀρα
804 1553 897 1607 καὶ
929 1551 1126 1621 ἀγαθοὶ
1154 1551 1405 1623 δαίμονες
1448 1552 1553 1606 ὑπὸ
1599 1555 1711 1618 τοῖς

176 1648 421 1718 μοχθηροξ
452 1648 551 1701 καὶ
585 1645 810 1717 φαύλοις
859 1647 1118 1718 ἀνήσουσι
1150 1646 1211 1700 τὸ
1255 1645 1364 1699 τῶν
1408 1644 1713 1719 ἀνθρώπων

173 1754 297 1805 γενος
313 1753 326 1803 ;

1823 557 2131 601 servatores
2162 546 2326 600 etiam
2361 560 2425 599 ac
2448 544 2689 599 vindices
2729 546 3004 615 appellare
3026 547 3222 599 solent.
3246 545 3404 618 165

1825 635 1927 690 Sed
1960 637 2221 691 nimirum
2250 637 2490 706 improbi
2525 637 2802 691 dmmones
2837 645 2996 691 erant
3037 636 3127 691 isti
3158 653 3401 708 quoque.

1822 725 1957 781 Nam
1993 728 2039 783 si
2076 728 2317 783 humano
2367 729 2530 783 etiam
2588 743 2785 783 cruore
2828 736 3113 797 tantopere
3165 730 3408 784 delecta-

1821 818 2041 884 bantur,
2089 817 2279 888 quidni
2326 819 2578 873 similiter
2610 834 2800 873 verum
2841 819 3028 874 siteos
3064 819 3117 872 in
3153 819 3402 875 eamdem

1820 926 1945 966 cum
2005 910 2286 966 sceleratis
2340 927 2404 965 ac
2470 911 2655 966 tinctis
2718 911 2986 981 sanguine
3060 912 3406 967 daemonibus

1821 1002 2052 1057 classem
2088 1000 2534 1069 conjicere?Nec
2562 1017 2696 1057 sane
2742 1004 2993 1066 interest,
3030 1004 3405 1073 gauderentne

1823 1093 1926 1163 ipsi
1968 1095 2071 1148 hoc
2104 1095 2499 1149 sacriﬁciorum
2534 1109 2753 1165 genere,
2778 1110 2847 1148 an
2876 1096 2999 1150 aliis
3030 1097 3139 1150 isto
3175 1097 3284 1150 ritu
3313 1097 3407 1150 tie-

1820 1186 1864 1240 ri
1892 1196 2223 1255 paterentur.
2270 1185 2583 1253 Enimvero,
2621 1186 2877 1241 decuitne
2928 1188 3277 1254 mortalibus,
3323 1191 3403 1242 uti

1819 1277 2058 1334 nefarios
2087 1279 2313 1349 spiritus
2347 1279 2656 1348 placarent,
2695 1278 2807 1332 ullo
2842 1279 3006 1332 modo
3038 1280 3354 1348 permittere
3381 1287 3402 1334 ι

1820 1370 2082 1425 Decuitne
2113 1381 2323 1427 tantum
2356 1373 2409 1424 in
2434 1371 2500 1425 iis
2528 1385 2769 1424 errorem
2794 1370 3167 1433 dissimulare.
3198 1381 3258 1426 ut
3282 1373 3402 1427 cul-

1817 1470 1877 1517 tu
1902 1473 1952 1517 et
1981 1463 2246 1533 obsequio
2276 1464 2558 1533 improbos
2584 1462 2914 1532 delinirent?
2945 1462 3230 1527 Decuitne,
3272 1479 3399 1520 cum

1819 1553 2113 1624 impiorum
2143 1570 2265 1610 sese
2294 1554 2568 1626 tyrannidi
2604 1553 2959 1624 subiicerent,
2990 1552 3133 1609 ferre
3158 1554 3347 1611 leviter
3372 1557 3401 1611 ἵ

1819 1659 1945 1698 cum
2000 1645 2121 1700 illos
2172 1645 2374 1716 potius,
2421 1646 2469 1701 si
2520 1646 2741 1717 quidem
2772 1652 2826 1698 et
2850 1645 2979 1700 boni
3005 1656 3057 1701 et
3082 1647 3158 1700 dii
3191 1646 3397 1712 forent,

1748 1730 1790 1785 Β
1819 1736 2141 1807 longissime
2186 1747 2462 1809 oporteret
2508 1740 2579 1794 ab
2634 1740 2878 1797 humana
2933 1742 3211 1805 societate,
3241 1742 3403 1811 quid-

170 1827 273 1895 quid
302 1826 440 1897 pravi
469 1828 715 1898 malique
761 1835 925 1893 esset,
971 1824 1264 1898 potentiori
1310 1840 1376 1880 ae
1428 1825 1685 1881 diviniori
1724 1824 1959 1885 Numine
1995 1832 2523 1900 propulsare?Quid
2554 1834 2742 1889 enim?
2785 1832 2964 1902 Pater,
2990 1835 3035 1889 si
3094 1836 3258 1890 modo
3300 1837 3401 1893 bo-

171 1934 253 1975 nus
292 1918 464 1986 fuerit,
510 1936 797 1991 nunquam
828 1936 859 1976 a
884 1920 1109 1991 perditis
1151 1920 1467 1976 hominibus
1500 1922 1644 1977 male
1710 1923 1881 1978 ﬁlium
1955 1924 2143 1980 haberi
2209 1927 2448 1997 patiatur
2481 1947 2496 1983 :
2528 1944 2718 1998 aequus
2757 1930 3108 2000 prudeusque
3140 1930 3399 1987 dominus

173 2031 354 2070 servum
391 2016 458 2071 ab
504 2017 751 2072 inimicis
780 2017 965 2071 vexari
1001 2017 1265 2073 abdueive
1304 2033 1590 2088 nunquam
1658 2018 1843 2075 ferat:
1877 2021 2173 2092 imperator
2216 2038 2445 2078 suorum
2508 2023 2564 2078 in
2622 2023 2767 2079 bello
2812 2024 3046 2079 salutem
3096 2023 3391 2080 defendere

167 2126 217 2164 ac
249 2111 370 2165 tueri
432 2112 478 2166 si
521 2112 744 2181 poterit,
785 2111 840 2165 in
889 2112 1126 2167 hostium
1186 2128 1281 2168 eos
1347 2122 1672 2184 potestatem
1711 2118 1897 2171 venire
1943 2132 2051 2172 non
2097 2118 2287 2173 sinat:
2320 2129 2509 2190 pastor
2550 2134 2619 2175 ne
2660 2135 2789 2175 oves
2842 2120 3061 2191 quidem
3092 2137 3221 2177 suas
3253 2121 3397 2192 lupis

165 2207 385 2276 objiciat:
410 2208 568 2263 etdii
595 2220 778 2262 tamen
804 2208 1041 2277 bonique
1083 2209 1359 2265 daemones
1384 2210 1683 2266 humanum
1722 2228 1892 2282 genus
1959 2213 2285 2285 gravissimo
2349 2214 2759 2270 teterrimorum
2810 2216 3122 2271 daemonum
3150 2218 3286 2290 jugo
3305 2233 3399 2290 op-

165 2316 350 2368 pressos
371 2300 559 2371 jacere
583 2302 903 2371 patientur?
936 2302 1000 2357 Et
1020 2306 1267 2359 sexcenti

162 2397 250 2451 Καὶ
288 2402 336 2453 οι
380 2400 721 2469 τρισμύριοι
781 2399 1049 2473 φύλακες
1103 2400 1216 2473 (52)
1289 2404 1570 2472 μερόπων
1607 2403 1713 2458 ἀν-

832 2470 1096 2539 θρώπων,

152 2581 195 2633 οἱ
220 2580 541 2655 δήποιμένες
580 2584 681 2638 καὶ
712 2584 978 2655 σωτῆρες,
1030 2584 1271 2656 βασιλεῖς
1301 2604 1360 2640 τε
1389 2588 1485 2643 καὶ
1534 2590 1706 2643 πατέ-

153 2689 250 2739 ρες,
276 2676 359 2729 καὶ
412 2677 620 2748 κύριοι,
662 2681 773 2741 τοῖς
834 2676 1048 2750 ἐχθροῖς
1106 2679 1201 2734 καὶ
1252 2680 1554 2752 πολεμίοις,
1617 2682 1709 2735 καὶ

149 2761 335 2834 ἀγρίοις
367 2764 565 2839 θηρσὶν
594 2767 839 2847 ἀνηλεῶς
861 2767 1034 2833 οὕτως
1080 2770 1176 2823 καὶ
1222 2769 1389 2841 ὠμῶς
1436 2770 1590 2840 ἄγειν
1614 2772 1709 2825 καὶ

149 2855 311 2927 φέρειν
334 2858 397 2911 τὰ
425 2860 664 2929 φίλτατα
689 2860 1109 2932 παραδώσουσι;
1167 2862 1303 2934 οὐχὶ
1332 2863 1389 2917 δὲ
1435 2864 1706 2937 προπολε-

149 2952 377 3021 μήσουσιν
409 2953 885 3025 ὑπερασπίζοντες
914 2952 1022 3007 τῶν
1072 2953 1426 3025 προσφύγων,
1462 2956 1707 3022 καὶτοὺς

149 3042 233 3109 μὲν
258 3042 471 3116 ἐχθροὺς
496 3046 598 3099 καὶ
628 3046 901 3117 πονηροὺς
938 3044 1199 3117 δαίμονας
1258 3046 1359 3119 τῆς
1400 3045 1704 3120 ἀνθρώπων

2014 2393 2269 2453 Custodes
2285 2400 2579 2468 hominum,
2612 2418 2742 2473 quos
2774 2402 2960 2473 lingua
2987 2404 3224 2473 diremit,

1820 2587 2092 2650 pastores,
2123 2577 2371 2648 inquam,
2401 2577 2499 2642 illi,
2532 2576 2799 2639 vindices,
2829 2592 3005 2647 reges,
3037 2586 3313 2647 parentes,
3329 2589 3397 2633 ac

1813 2670 2041 2735 domini,
2072 2685 2212 2739 quos
2234 2669 2391 2739 longe
2413 2669 2772 2723 cbarissimos
2806 2668 3061 2734 habeant,
3089 2683 3186 2723 eos
3216 2667 3397 2723 infen-

1816 2764 2052 2820 sissimis
2088 2763 2363 2828 hostibus,
2389 2778 2453 2817 ac
2486 2762 2812 2817 truculentis
2845 2761 3043 2816 belluis
3066 2761 3217 2816 omni
3261 2778 3394 2816 rru—

1813 2857 2032 2912 delitate
2058 2871 2123 2911 ac
2149 2856 2366 2910 diritate
2397 2848 2674 2909 vexandos
2692 2854 3128 2924 crueiandosque
3146 2855 3398 2910 tradent!

1811 2949 1950 3011 lmo.
1980 2961 2089 3001 non
2115 2946 2433 3017 pugnabant
2464 2946 2566 3015 ipsi
2608 2962 2707 3016 pro
2738 2946 3063 3001 clientibus!
3116 2962 3227 3001 non
3275 2948 3395 3003 suis

1808 3056 1906 3095 eos
1944 3041 2113 3095 armis
2170 3054 2235 3093 ac
2288 3038 2611 3093 defensione
2664 3039 2875 3109 tegent!
2923 3053 3032 3093 non
3062 3037 3293 3095 infestos
3326 3055 3396 3096 ac

145 3133 337 3204 ἀγέλης,
361 3134 585 3207 μακρὰν
607 3134 803 3204 ῶσπερ
825 3135 974 3198 τινὰς
1004 3135 1321 3209 ώμοδόρους
1351 3138 1445 3190 καὶ
1478 3139 1701 3210 ἀγρίους

1809 3134 2100 3189 sceleratos
2134 3132 2412 3186 daemones
2434 3129 2626 3200 procul
2649 3130 2718 3184 ab
2750 3130 3034 3185 hominum
3059 3147 3241 3202 grege,
3271 3140 3394 3186 tan-

145 3222 291 3293 θῆρας
316 3226 704 3291 ἀποδιώξουσι,
765 3226 1035 3292 διδάξουσι
1084 3227 1144 3280 δὲ
1180 3228 1359 3283 πάντα
1414 3229 1702 3303 ἄνθρωπον

145 3318 321 3385 μυρίων
345 3317 483 3371 θεῶν
508 3320 612 3372 καὶ
646 3318 916 3390 δαιμόνων
973 3320 1194 3389 ἀγαθῶν
1240 3321 1438 3394 πλήθει
1490 3341 1704 3396 προσῳ-

144 3410 421 3480 κειωμένον,
448 3410 864 3484 ὲπιθαρσοῦντα
896 3414 1008 3476 τοῖς
1048 3413 1109 3467 οὐ
1171 3414 1332 3485 μόνον
1374 3415 1701 3486 κρείττοσιν,

144 3499 252 3554 ἀλλά
278 3504 365 3556 καὶ
384 3503 636 3557 πλείοσιν
659 3502 756 3558 καὶ
786 3504 1062 3575 μεγίστοις
1083 3505 1225 3571 θεοῖς
1258 3505 1699 3578 καθωσιωμένον,

146 3595 334 3665 σμικρὰ,
369 3596 577 3667 μᾶλλον
608 3595 670 3649 δὲ
694 3595 757 3649 τὸ
789 3595 958 3669 μηθὲν
1010 3598 1434 3670 ἐπιστρέφεσθαι
1461 3600 1563 3670 τῆς
1590 3600 1702 3655 τῶν

148 3686 356 3756 πονηρῶν
405 3687 692 3759 δαιμόνων
753 3688 1069 3755 ἀσθενείας;
1106 3692 1236 3745 ’Ὀτε
1294 3690 1352 3745 δὲ
1414 3692 1574 3746 τοῦτο
1623 3692 1701 3765 μὴ

144 3773 386 3846 ἔπραττον,
416 3782 735 3853 συνήργουν
758 3779 803 3833 δ’
835 3779 1070 3851 ἔμπαλιν
1088 3784 1200 3845 τοῖς
1232 3785 1490 3855 πονηροῖς
1521 3785 1697 3851 αὐτοὶ,

143 3865 210 3919 διὰ
233 3870 328 3923 τῶν
351 3872 630 3944 χρησμῶν
658 3872 756 3938 τὰς
778 3872 1108 3946 δηλωθείοας
1148 3874 1388 3941 ἀνιέντες
1412 3877 1509 3931 ἀνθ
1517 3896 1699 3950 ρωπο-

143 3955 314 4025 θυσίας,
335 3962 626 4034 χαίροντές
660 3980 722 4016 τε
753 3963 1319 4035 αἰσχρορῥημοσύναις
1344 3966 1585 4030 ἀπάσαις
1604 3967 1700 4020 καί¹

142 4053 234 4115 ταῖς
259 4053 450 4108 τούτων
478 4054 812 4119 ἀκολούθοις
848 4055 1131 4127 πράξεσιν,
1183 4053 1351 4127 ἔργῳ,
1398 4058 1552 4126 φασὶ,
1603 4057 1693 4128 δῆ-

140 4140 227 4205 λον,
254 4145 321 4210 ὡς
345 4147 496 4201 οὐδέν
523 4164 582 4200 τι
609 4146 711 4200 καὶ
744 4146 898 4198 αὐτοὶ
932 4144 1150 4214 φαύλων
1174 4144 1443 4216 δαιμόνων
1467 4146 1564 4217 τὴν
1598 4146 1699 4217 φύ-

142 4245 206 4283 σιν
228 4232 453 4291 διέλαθον
468 4250 520 4280 ι·
544 4234 757 4308 μᾶλλον
782 4234 839 4287 δὲ
867 4236 995 4306 μιᾶς
1022 4235 1117 4288 καὶ
1143 4235 1244 4306 τῆς
1260 4236 1430 4307 αὐτῆς
1451 4236 1697 4309 ὑπῆρχον

141 4329 466 4398 προαιρέσεως
491 4331 596 4386 καὶ
622 4327 873 4401 γνώμης·
903 4329 996 4382 καὶ
1029 4327 1110 4382 ἔτι
1147 4328 1345 4400 μᾶλλον
1394 4332 1590 4393 εἰπεῖν,
1620 4330 1697 4394 ὡς

138 4416 524 4488 semesa;
575 4439 670 4486 τις
726 4416 818 4492 ἦν,
853 4420 975 4474 ούδὲ
1019 4438 1103 4485 τις
1143 4420 1349 4489 ἀγαθὸς
1383 4420 1618 4495 δαίμων,
1659 4423 1689 4475 ὁ

1809 3238 1975 3291 quam
2014 3222 2283 3277 immanes
2314 3229 2368 3277 et
2411 3220 2733 3277 erudivoras
2781 3223 3046 3277 arcebunt
3075 3222 3248 3279 feras!
3282 3222 3393 3279 De-

1806 3316 1972 3385 nique
2008 3329 2125 3369 non
2166 3322 2398 3370 cunctos
2456 3315 2707 3370 homines
2758 3315 3085 3381 edocebunt,
3121 3315 3215 3386 qui
3263 3330 3390 3371 cum

1806 3407 2081 3463 sexcentis
2107 3406 2215 3462 diis
2242 3406 2516 3476 bonisque
2540 3406 2888 3463 daemonibus
2922 3422 3113 3463 amore
3152 3408 3391 3462 benevo-

1806 3499 2082 3569 lentiaque
2102 3498 2388 3569 conjuncti
2424 3498 2554 3566 sint,
2615 3499 2683 3554 iis
2742 3499 2897 3569 parvi
2929 3498 3248 3567 admodum,
3276 3500 3389 3556 imo

1806 3591 1961 3647 nihili
2005 3591 2165 3661 plane
2197 3591 2576 3661 improborum
2612 3591 2925 3646 dwmonum
2954 3592 3386 3647 imbecillitatem

1805 3681 2111 3739 faciendam
2136 3698 2279 3749 esse,
2314 3683 2514 3753 quippe
2546 3697 2687 3753 quos
2720 3697 2830 3737 non
2854 3683 3020 3739 modo
3054 3683 3385 3753 potentiori-

1803 3775 1929 3842 bus,
1953 3791 2143 3831 verum
2168 3778 2331 3833 etiam
2363 3777 2614 3849 pluribus
2646 3777 2825 3848 iisque
2853 3776 3111 3830 maximis
3140 3777 3387 3832 numini-

1803 3867 1906 3923 bus
1922 3878 2299 3936 consecratos,
2325 3885 2518 3924 eorum
2564 3885 2667 3939 ope
2708 3885 2771 3925 ac
2805 3868 3059 3939 praasidio
3112 3869 3386 3925 conlidere

1804 3963 2014 4034 nitique
2063 3964 2343 4034 oporteat!
2370 3962 2490 4017 Jam
2536 3978 2666 4018 vero
2692 3978 2817 4018 cum
2848 3962 2917 4017 ab
2948 3976 3015 4017 eo
3045 3970 3255 4017 tantum
3285 3961 3385 4017 ab-

1802 4055 2025 4123 fuerint,
2060 4065 2123 4111 ut
2155 4071 2311 4111 suam
2343 4055 2446 4126 ipsi
2474 4070 2698 4126 quoque
2729 4056 3010 4110 sceleratis
3033 4070 3255 4124 operam
3286 4070 3385 4109 na-

1800 4157 2013 4215 varent,
2053 4150 2253 4219 partim
2297 4149 2582 4218 responsis
2625 4149 2910 4203 hominum
2957 4147 3227 4202 sacriﬁcia
3256 4162 3382 4216 per-

1801 4241 2106 4306 mittendo,
2149 4241 2350 4311 partim
2383 4239 2744 4296 obscoenitate
2789 4241 3101 4306 verborum,
3150 4253 3384 4310 quaeque

1800 4333 1904 4403 ipsi
1935 4334 2268 4390 comitantur
2289 4332 2606 4387 libidinibus
2627 4347 2692 4387 ac
2714 4332 2919 4401 stupris
2947 4332 3013 4386 ad
3044 4332 3378 4402 voluptatem

1800 4425 2070 4494 fruendo;
2094 4442 2182 4480 res
2218 4425 2379 4495 plane
2424 4426 2541 4495 ipsa
2574 4423 2839 4494 loquitur,
2879 4424 3015 4477 nihil
3050 4439 3276 4495 prorsus
3308 4424 3380 4478 ab

138 4511 272 4566 πάλαι
296 4517 429 4589 πρὸς
454 4517 569 4570 τῶν
601 4513 781 4570 ἐθνῶν
839 4513 1093 4568 ἁπάντων
1122 4512 1266 4567 κατά
1306 4513 1490 4577 πόλεις
1516 4531 1576 4568 τε
1598 4514 1692 4568 καὶ

1806 4519 2170 4588 improborum
2193 4519 2503 4573 daemonum
2533 4515 2819 4573 deﬂexisse
2843 4526 3064 4583 natura,
3082 4516 3176 4572 sed
3211 4531 3376 4570 unam

137 4601 283 4675 χώρας
306 4607 817 4680 προσκυνούμενος.
850 4605 979 4668 Πῶς
1040 4605 1150 4677 γὰρ
1198 4603 1266 4659 ἂν
1300 4603 1510 4674 γένοιτό
1556 4622 1692 4660 ποτε

137 4694 196 4762 τῷ
222 4698 392 4771 ἁγαθῷ
412 4700 474 4753 τὸ
526 4698 745 4770 φαῦλον
790 4696 979 4768 φίλονς
1026 4700 1076 4750 et
1125 4696 1200 4769 μὴ
1231 4697 1324 4750 καὶ
1349 4687 1546 4767 (ῥωτὸς,
1597 4698 1695 4752 καὶ

139 4786 321 4852 σκότους
340 4793 541 4861 κρᾶσιν
571 4787 843 4844 δύνασθαι
879 4785 1009 4858 μίαν
1037 4786 1174 4857 φαίη
1204 4785 1382 4850 τιςιᾶν
1415 4786 1688 4855 γενέσθαι.

136 4872 328 4949 Πόπῳδὲ
350 4882 626 4954 κρείττων
676 4881 705 4933 ό
757 4881 891 4949 παρ’
936 4876 1244 4949 ἀνθρώποις
1274 4877 1532 4949 λογισμὸς
1582 4877 1693 4932 τῶν

134 4971 494 5042 νενομισμένων
553 4969 726 5033 θεῶν,
790 4968 926 5040 μηδὲ
981 4967 1207 5037 φαύλοις
1247 4966 1465 5038 δαίμοσι
1494 4968 1692 5039 χρῆναι

184 5087 210 5119 ⁸
230 5098 310 5149 γρ.
340 5081 694 5155 διήλλαττον.

188 5169 686 5244 (51)Στρατητός,
735 5180 839 5244 etc.
900 5170 1175 5244 Manuscr.
1230 5170 1415 5244 altera
1453 5170 1688 5244 πολέμου

136 5241 395 5315 στρατηγὸς
440 5241 573 5309 τους
618 5242 858 5306 οἰκείους
895 5245 1091 5315 παρὼν
1150 5241 1505 5296 διασώσαθαι.
1548 5241 1685 5299 Vera

137 5307 281 5364 lectio.
308 5317 351 5364 si
389 5316 592 5364 παρών
622 5321 869 5364 mutetur
890 5314 947 5364 in
978 5312 1177 5364 παρόν.

158 5312 351 5375 εειίο,ἐί
389 5316 592 5403 παρών
621 5321 869 5402 mutetur
890 5314 947 5367 in
978 5312 1177 5435 ἆτῗρόν.

158 5374 668 5459 ,(5⁸1)Τριο·μυριοι
707 5386 993 5459 φυλᾳκες.
1078 5380 1683 5459 ορμηςτρισμακάριοι.

142 5445 374 5512 Utrumvis
408 5445 663 5526 legatur,
707 5445 1200 5526 crediderimillos
1246 5445 1688 5526 Hesio'divei'sus

140 5526 312 5597 585:)ch
364 5522 509 5597 quo's
568 5524 740 5594 vulgo
767 5523 1064 5597 Christiani
1087 5522 1570 5597 etiam_doctores,
1630 5531 1690 5577 nt

139 5584 409 5663 iactantius
439 5584 706 5650 [nstitui
736 5610 795 5660 ll,
825 5594 916 5659 15,
946 5595 1015 5649 ad
1047 5592 1484 5663 persuadendum
1517 5584 1687 5663 ange-

140 5610 409 5651 ωειιιιιιιυε
439 5610 706 5650 l-mtuut.
736 5610 795 5660 ll,
825 5610 916 5659 ‘12),
946 5610 1015 5649 aa
1116 5610 1484 5648 rsuaaennum
1517 5610 1686 5663 ange-

140 5656 276 5718 lorum
301 5667 550 5731 tutelam,
585 5664 790 5721 aﬂ‘erre
809 5666 1009 5721 solent.
1041 5610 1271 5721 sistant
1306 5661 1362 5717 in
1403 5662 1557 5731 Ἕργ.
1598 5665 1644 5717 Α
1668 5703 1686 5730 ,

138 5736 645 5881 Ὲῖῗιέἓξέαίμονές
674 5805 814 5874 εισι,
846 5803 980 5875 Διὸς
1001 5805 1269 5879 μεγάλου
1303 5804 1400 5861 διὰ
1418 5801 1685 5871 βουλὰς,

1796 4612 1996 4682 potius,
2028 4618 2083 4666 et
2107 4611 2354 4665 eamdem
2385 4618 2548 4680 atque
2576 4609 2725 4679 ipsos
2754 4609 3091 4664 voluntatem
3132 4621 3196 4663 ac
3225 4622 3380 4662 men-

1793 4710 1905 4758 tem
1934 4701 2240 4757 habuisse:
2288 4700 2453 4772 166
2501 4701 2838 4772 proindeque
2897 4700 3110 4755 nullum
3151 4699 3380 4754 omnino

1795 4795 1911 4849 sive
1940 4794 2127 4860 deum,
2157 4794 2272 4849 sive
2305 4795 2510 4849 bonum
2543 4793 2848 4849 demonem
2890 4792 3081 4857 fuisse,
3122 4790 3401 4862 quisquis.

1792 4882 1924 4936 olim
1959 4882 2029 4937 ab
2056 4883 2334 4938 universis
2367 4884 2621 4954 gentibus
2648 4898 2744 4952 per
2783 4884 2947 4939 urbes
2975 4884 3178 4953 passim
3211 4889 3378 4951 atque

1793 4991 1968 5049 pagos
2002 4976 2106 5032 hoc
2137 4978 2359 5032 nomine
2385 4978 2678 5033 coleretur.
2702 4975 2838 5033 Nam
2861 4978 2933 5044 ei,
2954 4977 3049 5046 qui
3078 4975 3257 5031 bonus
3279 4973 3372 5040 sit,

1804 5176 2062 5242 Ἑσθλοὶ,
2094 5177 2444 5245 ἐπιχθόνιοι,
2479 5176 2751 5244 φύλακες
2770 5172 3004 5243 θνητῶν·
3023 5172 3371 5241 ἀνθρώπων,

1794 5249 1862 5301 Οἵ
1884 5249 1961 5316 ῥα
1986 5247 2384 5315 φυλάσσουσι
2407 5264 2471 5300 τε
2493 5247 2684 5312 δίκας,
2709 5247 2805 5300 καὶ
2830 5246 3083 5315 σχέτλια
3112 5246 3277 5314 ἔργα.

1792 5338 2056 5410 Synesius
2079 5340 2117 5394 l.
2153 5339 2228 5393 De
2260 5337 2590 5403 Provident.,
2629 5353 2681 5410 p.
2708 5338 2776 5392 99
2815 5337 3095 5410 D:_f'Eo1;t
3119 5336 3229 5410 ⁸μὲν
3262 5338 3374 5410 γὰρ

1787 5406 1914 5481 τῇδε
1960 5410 2054 5482 καὶ
2098 5410 2294 5482 ἡρώων
2338 5410 2520 5482 φῦλονΔ
2545 5406 2708 5482 ἱερὸν,
2739 5406 3370 5482 ἐπιμελὲς-ἀνθρώπων,

1788 5476 1883 5534 κάι
1916 5480 1983 5533 τὰ
2014 5476 2223 5551 σμικρά
2246 5476 2478 5551 ὠφελεῖν
2501 5476 2816 5551 δυναμενον,
2848 5478 2939 5530 καὶ
2977 5476 3037 5530 τὸ
3072 5476 3373 5551 πρεσϐύτε-

1789 5568 1881 5620 ρον
1908 5546 2129 5619 ἀγαθόν.
2156 5546 2403 5606 Consule
2429 5549 2489 5602 P.
2526 5546 2733 5620 Petavii
2769 5557 2977 5620 notam,
3006 5548 3099 5620 qui
3118 5546 3202 5602 ἐχ
3248 5546 3372 5602 Pla-

1788 5619 1933 5676 tonis
1960 5632 2013 5676 et
2043 5620 2319 5676 Plutarchi
2341 5620 2522 5674 verbis
2555 5619 2753 5674 merito
2787 5619 3029 5686 conjicit,
3054 5619 3213 5673 aliter
3240 5622 3370 5676 olim

1786 5707 1980 5817 minus
2017 5692 2154 5750 istos
2199 5693 2367 5748 lectos
2400 5705 2523 5747 esse
2572 5704 2737 5761 quam
2777 5690 2940 5761 vulgo
2976 5689 3226 5761 concepti
3276 5693 3371 5746 ba-

1857 5773 2039 5817 antur.

1857 5773 2039 5818 antur.
