  <div class='ocr_page' id='page_1' title='image "/cluster/home/n/w/nwhite01/storage/ocr_20150623/21/nnc1.0046978437/183.png"; bbox 0 0 3850 6222; ppageno 0'>
   <div class='ocr_carea' id='block_1_1' title="bbox 1381 178 1431 193">
    <p class='ocr_par' dir='ltr' id='par_1_1' title="bbox 1381 178 1431 193">
     <span class='ocr_line' id='line_1_1' title="bbox 1381 178 1431 193; baseline 0 -7"><span class='ocrx_word' id='word_1_1' title='bbox 1381 178 1431 193; x_wconf 62' lang='grc' dir='ltr'><strong>ρ-</strong></span> 
     </span>
    </p>
   </div>
   <div class='ocr_carea' id='block_1_2' title="bbox 401 279 3685 349">
    <p class='ocr_par' dir='ltr' id='par_1_2' title="bbox 401 279 3685 349">
     <span class='ocr_line' id='line_1_2' title="bbox 401 279 3685 349; baseline -0.004 0"><span class='ocrx_word' id='word_1_2' title='bbox 401 292 502 349; x_wconf 63' lang='grc' dir='ltr'><strong>ΞΜ</strong></span> <span class='ocrx_word' id='word_1_3' title='bbox 1077 291 1166 348; x_wconf 85' lang='lat' dir='ltr'><strong>EU</strong></span> <span class='ocrx_word' id='word_1_4' title='bbox 1178 289 1349 347; x_wconf 85' lang='lat' dir='ltr'><strong>SEBll</strong></span> <span class='ocrx_word' id='word_1_5' title='bbox 1378 286 1865 346; x_wconf 65' lang='lat' dir='ltr'><strong>CIESARIENSIS</strong></span> <span class='ocrx_word' id='word_1_6' title='bbox 1902 284 2054 343; x_wconf 82' lang='lat' dir='ltr'><strong>OPP.</strong></span> <span class='ocrx_word' id='word_1_7' title='bbox 2099 282 2280 339; x_wconf 78' lang='lat' dir='ltr'><strong>PARS</strong></span> <span class='ocrx_word' id='word_1_8' title='bbox 2300 282 2367 338; x_wconf 89' lang='lat' dir='ltr'><strong>ll.</strong></span> <span class='ocrx_word' id='word_1_9' title='bbox 2391 313 2463 325; x_wconf 92' lang='lat'><strong>—-</strong></span> <span class='ocrx_word' id='word_1_10' title='bbox 2487 279 2998 338; x_wconf 81' lang='lat' dir='ltr'><strong>APOLOGETICA.</strong></span> <span class='ocrx_word' id='word_1_11' title='bbox 3570 281 3685 336; x_wconf 78' lang='lat'><strong>292</strong></span> 
     </span>
    </p>
   </div>
   <div class='ocr_carea' id='block_1_3' title="bbox 403 393 1923 481">
    <p class='ocr_par' dir='ltr' id='par_1_3' title="bbox 403 406 1922 481">
     <span class='ocr_line' id='line_1_3' title="bbox 403 406 1922 481; baseline -0.007 -13"><span class='ocrx_word' id='word_1_12' title='bbox 403 412 610 468; x_wconf 88' lang='lat' dir='ltr'><strong>malum</strong></span> <span class='ocrx_word' id='word_1_13' title='bbox 635 408 914 481; x_wconf 92' lang='lat' dir='ltr'><strong>quomodo</strong></span> <span class='ocrx_word' id='word_1_14' title='bbox 938 408 1190 479; x_wconf 88' lang='lat' dir='ltr'><strong>placeat?</strong></span> <span class='ocrx_word' id='word_1_15' title='bbox 1215 408 1322 463; x_wconf 83' lang='lat' dir='ltr'><strong>nisi</strong></span> <span class='ocrx_word' id='word_1_16' title='bbox 1362 406 1506 463; x_wconf 86' lang='lat' dir='ltr'><strong>forte</strong></span> <span class='ocrx_word' id='word_1_17' title='bbox 1538 407 1717 461; x_wconf 84' lang='lat' dir='ltr'><strong>lucem</strong></span> <span class='ocrx_word' id='word_1_18' title='bbox 1753 412 1922 460; x_wconf 91' lang='lat' dir='ltr'><strong>cumt</strong></span> 
     </span>
    </p>
   </div>
   <div class='ocr_carea' id='block_1_4' title="bbox 2160 393 3680 481">
    <p class='ocr_par' dir='ltr' id='par_1_4' title="bbox 2160 393 3680 471">
     <span class='ocr_line' id='line_1_4' title="bbox 2160 393 3680 471; baseline -0.001 -16"><span class='ocrx_word' id='word_1_19' title='bbox 2160 416 2233 455; x_wconf 82' lang='grc' dir='ltr'><strong>ειν</strong></span> <span class='ocrx_word' id='word_1_20' title='bbox 2262 397 2819 470; x_wconf 83' lang='grc' dir='ltr'>παρακελευόμενος;</span> <span class='ocrx_word' id='word_1_21' title='bbox 2866 400 3030 469; x_wconf 82' lang='grc' dir='ltr'><strong>Λέγει</strong></span> <span class='ocrx_word' id='word_1_22' title='bbox 3062 398 3106 451; x_wconf 87' lang='grc' dir='ltr'>δ’</span> <span class='ocrx_word' id='word_1_23' title='bbox 3133 393 3225 452; x_wconf 78' lang='grc' dir='ltr'>οὖν</span> <span class='ocrx_word' id='word_1_24' title='bbox 3247 401 3275 452; x_wconf 88' lang='grc' dir='ltr'><strong>ό</strong></span> <span class='ocrx_word' id='word_1_25' title='bbox 3313 398 3548 471; x_wconf 89' lang='grc' dir='ltr'>πρόσθεν</span> <span class='ocrx_word' id='word_1_26' title='bbox 3593 402 3680 453; x_wconf 86' lang='grc' dir='ltr'><strong>εἱ-</strong></span> 
     </span>
    </p>
   </div>
   <div class='ocr_carea' id='block_1_5' title="bbox 402 487 1922 571">
    <p class='ocr_par' dir='ltr' id='par_1_5' title="bbox 402 495 1922 571">
     <span class='ocr_line' id='line_1_5' title="bbox 402 495 1922 571; baseline -0.007 -13"><span class='ocrx_word' id='word_1_27' title='bbox 402 502 860 571; x_wconf 79' lang='lat' dir='ltr'><strong>ncbriscnnjungi</strong></span> <span class='ocrx_word' id='word_1_28' title='bbox 889 516 953 555; x_wconf 89' lang='lat' dir='ltr'><strong>ac</strong></span> <span class='ocrx_word' id='word_1_29' title='bbox 984 500 1201 555; x_wconf 86' lang='lat' dir='ltr'><strong>misceri</strong></span> <span class='ocrx_word' id='word_1_30' title='bbox 1224 514 1385 569; x_wconf 84' lang='lat' dir='ltr'><strong>posse</strong></span> <span class='ocrx_word' id='word_1_31' title='bbox 1407 499 1532 569; x_wconf 87' lang='lat' dir='ltr'><strong>quis</strong></span> <span class='ocrx_word' id='word_1_32' title='bbox 1550 498 1767 552; x_wconf 79' lang='lat' dir='ltr'><strong>dixerit.</strong></span> <span class='ocrx_word' id='word_1_33' title='bbox 1793 495 1922 562; x_wconf 78' lang='lat' dir='ltr'><strong>Qual</strong></span> 
     </span>
    </p>
   </div>
   <div class='ocr_carea' id='block_1_6' title="bbox 2165 487 3685 571">
    <p class='ocr_par' dir='ltr' id='par_1_6' title="bbox 2165 487 3685 564">
     <span class='ocr_line' id='line_1_6' title="bbox 2165 487 3685 564; baseline -0.001 -18"><span class='ocrx_word' id='word_1_34' title='bbox 2165 493 2323 564; x_wconf 81' lang='grc' dir='ltr'>μένος</span> <span class='ocrx_word' id='word_1_35' title='bbox 2370 490 2740 562; x_wconf 77' lang='grc' dir='ltr'>συγγραφεὺς,</span> <span class='ocrx_word' id='word_1_36' title='bbox 2784 493 2846 544; x_wconf 82' lang='grc' dir='ltr'><strong>ἐν</strong></span> <span class='ocrx_word' id='word_1_37' title='bbox 2898 487 2979 556; x_wconf 71' lang='grc' dir='ltr'>οἷς</span> <span class='ocrx_word' id='word_1_38' title='bbox 3022 491 3188 561; x_wconf 74' lang='grc' dir='ltr'>ἔφυσε</span> <span class='ocrx_word' id='word_1_39' title='bbox 3226 491 3301 564; x_wconf 85' lang='grc' dir='ltr'><strong>μὴ</strong></span> <span class='ocrx_word' id='word_1_40' title='bbox 3332 491 3442 545; x_wconf 82' lang='grc' dir='ltr'>δεῖν</span> <span class='ocrx_word' id='word_1_41' title='bbox 3475 492 3685 557; x_wconf 76' lang='grc' dir='ltr'>ζωοθυ-</span> 
     </span>
    </p>
   </div>
   <div class='ocr_carea' id='block_1_7' title="bbox 402 581 1922 657">
    <p class='ocr_par' dir='ltr' id='par_1_7' title="bbox 402 591 1922 657">
     <span class='ocr_line' id='line_1_7' title="bbox 402 591 1922 657; baseline -0.005 -9"><span class='ocrx_word' id='word_1_42' title='bbox 402 604 517 650; x_wconf 79' lang='grc' dir='ltr'><strong>ῑυεη</strong></span> <span class='ocrx_word' id='word_1_43' title='bbox 550 608 680 649; x_wconf 85' lang='lat' dir='ltr'><strong>vero</strong></span> <span class='ocrx_word' id='word_1_44' title='bbox 713 593 917 647; x_wconf 85' lang='lat' dir='ltr'><strong>lictitiis</strong></span> <span class='ocrx_word' id='word_1_45' title='bbox 946 592 1267 646; x_wconf 87' lang='lat' dir='ltr'><strong>numinibus</strong></span> <span class='ocrx_word' id='word_1_46' title='bbox 1304 592 1544 644; x_wconf 88' lang='lat' dir='ltr'><strong>humana</strong></span> <span class='ocrx_word' id='word_1_47' title='bbox 1588 591 1731 643; x_wconf 91' lang='lat' dir='ltr'><strong>ratio</strong></span> <span class='ocrx_word' id='word_1_48' title='bbox 1762 596 1922 657; x_wconf 69' lang='lat' dir='ltr'><strong>praest</strong></span> 
     </span>
    </p>
   </div>
   <div class='ocr_carea' id='block_1_8' title="bbox 2160 581 3680 657">
    <p class='ocr_par' dir='ltr' id='par_1_8' title="bbox 2160 581 3680 655">
     <span class='ocr_line' id='line_1_8' title="bbox 2160 581 3680 655; baseline 0.002 -19"><span class='ocrx_word' id='word_1_49' title='bbox 2160 588 2216 650; x_wconf 77' lang='grc' dir='ltr'>ἵν,</span> <span class='ocrx_word' id='word_1_50' title='bbox 2277 584 2359 637; x_wconf 83' lang='grc' dir='ltr'><strong>ὅτι</strong></span> <span class='ocrx_word' id='word_1_51' title='bbox 2404 582 2539 654; x_wconf 83' lang='grc' dir='ltr'>μηδὲ</span> <span class='ocrx_word' id='word_1_52' title='bbox 2597 581 2823 652; x_wconf 82' lang='grc' dir='ltr'><strong>φαύλοις</strong></span> <span class='ocrx_word' id='word_1_53' title='bbox 2854 584 3072 655; x_wconf 81' lang='grc' dir='ltr'>δαίμοσι</span> <span class='ocrx_word' id='word_1_54' title='bbox 3108 583 3317 649; x_wconf 79' lang='grc' dir='ltr'>θυτέον,</span> <span class='ocrx_word' id='word_1_55' title='bbox 3368 583 3555 639; x_wconf 79' lang='grc' dir='ltr'>τοῦτον</span> <span class='ocrx_word' id='word_1_56' title='bbox 3581 584 3680 640; x_wconf 80' lang='grc' dir='ltr'><strong>τὸν</strong></span> 
     </span>
    </p>
   </div>
   <div class='ocr_carea' id='block_1_9' title="bbox 403 676 2304 755">
    <p class='ocr_par' dir='ltr' id='par_1_9' title="bbox 403 676 2304 755">
     <span class='ocr_line' id='line_1_9' title="bbox 403 676 2304 755; baseline -0.004 -16"><span class='ocrx_word' id='word_1_57' title='bbox 403 684 488 750; x_wconf 90' lang='lat' dir='ltr'><strong>tit,</strong></span> <span class='ocrx_word' id='word_1_58' title='bbox 519 700 642 755; x_wconf 67' lang='lat' dir='ltr'><strong>quae</strong></span> <span class='ocrx_word' id='word_1_59' title='bbox 700 700 768 738; x_wconf 86' lang='lat' dir='ltr'><strong>ne</strong></span> <span class='ocrx_word' id='word_1_60' title='bbox 817 682 1084 752; x_wconf 83' lang='lat' dir='ltr'><strong>improbis</strong></span> <span class='ocrx_word' id='word_1_61' title='bbox 1135 683 1357 752; x_wconf 90' lang='lat' dir='ltr'><strong>quidem</strong></span> <span class='ocrx_word' id='word_1_62' title='bbox 1385 680 1728 735; x_wconf 66' lang='lat' dir='ltr'><strong>daemonibus</strong></span> <span class='ocrx_word' id='word_1_63' title='bbox 1764 676 1977 733; x_wconf 83' lang='lat' dir='ltr'><strong>sacriﬁ-</strong></span> <span class='ocrx_word' id='word_1_64' title='bbox 2082 679 2304 750; x_wconf 86' lang='grc' dir='ltr'><strong>τρόπον.</strong></span> 
     </span>
    </p>
   </div>
   <div class='ocr_carea' id='block_1_10' title="bbox 401 768 3679 844">
    <p class='ocr_par' dir='ltr' id='par_1_10' title="bbox 401 768 3679 844">
     <span class='ocr_line' id='line_1_10' title="bbox 401 768 3679 844; baseline -0.002 -12"><span class='ocrx_word' id='word_1_65' title='bbox 401 779 548 832; x_wconf 90' lang='lat' dir='ltr'><strong>cium</strong></span> <span class='ocrx_word' id='word_1_66' title='bbox 590 776 758 830; x_wconf 90' lang='lat' dir='ltr'><strong>ullum</strong></span> <span class='ocrx_word' id='word_1_67' title='bbox 817 775 932 828; x_wconf 78' lang='lat' dir='ltr'><strong>ﬁeri</strong></span> <span class='ocrx_word' id='word_1_68' title='bbox 958 773 1163 828; x_wconf 77' lang='lat' dir='ltr'><strong>voluit?</strong></span> <span class='ocrx_word' id='word_1_69' title='bbox 1206 771 1340 826; x_wconf 85' lang='lat' dir='ltr'><strong>Nam</strong></span> <span class='ocrx_word' id='word_1_70' title='bbox 1374 773 1424 826; x_wconf 88' lang='lat' dir='ltr'><strong>id</strong></span> <span class='ocrx_word' id='word_1_71' title='bbox 1460 786 1591 827; x_wconf 87' lang='lat' dir='ltr'><strong>sane</strong></span> <span class='ocrx_word' id='word_1_72' title='bbox 1639 777 1786 825; x_wconf 86' lang='lat' dir='ltr'><strong>vetat</strong></span> <span class='ocrx_word' id='word_1_73' title='bbox 1853 768 1996 823; x_wconf 89' lang='lat' dir='ltr'><strong>idem</strong></span> <span class='ocrx_word' id='word_1_74' title='bbox 2038 768 2155 838; x_wconf 88' lang='lat' dir='ltr'><strong>ipse</strong></span> <span class='ocrx_word' id='word_1_75' title='bbox 2183 769 2523 844; x_wconf 80' lang='lat' dir='ltr'><strong>Porphyrius</strong></span> <span class='ocrx_word' id='word_1_76' title='bbox 2555 789 2623 831; x_wconf 87' lang='lat' dir='ltr'><strong>eo</strong></span> <span class='ocrx_word' id='word_1_77' title='bbox 2686 774 2849 840; x_wconf 87' lang='lat' dir='ltr'><strong>libro,</strong></span> <span class='ocrx_word' id='word_1_78' title='bbox 2913 772 2970 828; x_wconf 91' lang='lat' dir='ltr'><strong>in</strong></span> <span class='ocrx_word' id='word_1_79' title='bbox 2996 787 3108 843; x_wconf 91' lang='lat' dir='ltr'><strong>quo</strong></span> <span class='ocrx_word' id='word_1_80' title='bbox 3136 772 3206 827; x_wconf 86' lang='lat' dir='ltr'><strong>ab</strong></span> <span class='ocrx_word' id='word_1_81' title='bbox 3234 772 3558 827; x_wconf 86' lang='lat' dir='ltr'><strong>animalium</strong></span> <span class='ocrx_word' id='word_1_82' title='bbox 3583 787 3679 827; x_wconf 86' lang='lat' dir='ltr'><strong>sa-</strong></span> 
     </span>
    </p>
   </div>
   <div class='ocr_carea' id='block_1_11' title="bbox 399 861 2375 932">
    <p class='ocr_par' dir='ltr' id='par_1_11' title="bbox 399 861 2375 932">
     <span class='ocr_line' id='line_1_11' title="bbox 399 861 2375 932; baseline -0.004 -7"><span class='ocrx_word' id='word_1_83' title='bbox 399 869 622 925; x_wconf 76' lang='lat' dir='ltr'><strong>criﬁciis</strong></span> <span class='ocrx_word' id='word_1_84' title='bbox 668 867 1051 922; x_wconf 82' lang='lat' dir='ltr'><strong>abstinendum</strong></span> <span class='ocrx_word' id='word_1_85' title='bbox 1086 881 1207 920; x_wconf 84' lang='lat' dir='ltr'><strong>esse</strong></span> <span class='ocrx_word' id='word_1_86' title='bbox 1245 865 1424 931; x_wconf 86' lang='lat' dir='ltr'><strong>docet,</strong></span> <span class='ocrx_word' id='word_1_87' title='bbox 1456 864 1546 919; x_wconf 87' lang='lat' dir='ltr'><strong>ubi</strong></span> <span class='ocrx_word' id='word_1_88' title='bbox 1575 863 1720 918; x_wconf 86' lang='lat' dir='ltr'><strong>hunc</strong></span> <span class='ocrx_word' id='word_1_89' title='bbox 1749 862 1805 916; x_wconf 93' lang='lat' dir='ltr'><strong>in</strong></span> <span class='ocrx_word' id='word_1_90' title='bbox 1843 861 2375 932; x_wconf 69' lang='lat' dir='ltr'><strong>modumJoquitur.</strong></span> 
     </span>
    </p>
   </div>
   <div class='ocr_carea' id='block_1_12' title="bbox 948 958 2468 1017">
    <p class='ocr_par' dir='ltr' id='par_1_12' title="bbox 948 958 1413 1015">
     <span class='ocr_line' id='line_1_12' title="bbox 948 958 1413 1015; baseline -0.009 0"><span class='ocrx_word' id='word_1_91' title='bbox 948 959 1180 1015; x_wconf 82' lang='lat' dir='ltr'><strong>CAPUT</strong></span> <span class='ocrx_word' id='word_1_92' title='bbox 1220 958 1413 1014; x_wconf 76' lang='lat' dir='ltr'><strong>XVIII.</strong></span> 
     </span>
    </p>
   </div>
   <div class='ocr_carea' id='block_1_13' title="bbox 1630 958 3150 1017">
    <p class='ocr_par' dir='ltr' id='par_1_13' title="bbox 2603 960 3150 1017">
     <span class='ocr_line' id='line_1_13' title="bbox 2603 960 3150 1017; baseline -0.005 -1"><span class='ocrx_word' id='word_1_93' title='bbox 2603 961 3001 1017; x_wconf 82' lang='grc' dir='ltr'><strong>ΚΕΦΑΛΑῘΟΝ</strong></span> <span class='ocrx_word' id='word_1_94' title='bbox 3045 960 3150 1014; x_wconf 82' lang='grc' dir='ltr'><strong>1Η’.</strong></span> 
     </span>
    </p>
   </div>
   <div class='ocr_carea' id='block_1_14' title="bbox 395 1050 1915 1124">
    <p class='ocr_par' dir='ltr' id='par_1_14' title="bbox 395 1050 1915 1124">
     <span class='ocr_line' id='line_1_14' title="bbox 395 1050 1915 1124; baseline -0.002 -16"><span class='ocrx_word' id='word_1_95' title='bbox 395 1052 623 1108; x_wconf 80' lang='lat' dir='ltr'><strong>Nullum</strong></span> <span class='ocrx_word' id='word_1_96' title='bbox 668 1054 915 1124; x_wconf 72' lang='lat' dir='ltr'><strong>improbis</strong></span> <span class='ocrx_word' id='word_1_97' title='bbox 953 1052 1278 1107; x_wconf 72' lang='lat' dir='ltr'><strong>dtemouibus</strong></span> <span class='ocrx_word' id='word_1_98' title='bbox 1326 1053 1653 1121; x_wconf 80' lang='lat' dir='ltr'><strong>sacriﬁcium</strong></span> <span class='ocrx_word' id='word_1_99' title='bbox 1686 1050 1915 1112; x_wconf 71' lang='lat' dir='ltr'><strong>facienda</strong></span> 
     </span>
    </p>
   </div>
   <div class='ocr_carea' id='block_1_15' title="bbox 2017 1050 3537 1124">
    <p class='ocr_par' dir='ltr' id='par_1_15' title="bbox 2221 1051 3537 1124">
     <span class='ocr_line' id='line_1_15' title="bbox 2221 1051 3537 1124; baseline 0.001 -18"><span class='ocrx_word' id='word_1_100' title='bbox 2221 1053 2349 1107; x_wconf 87' lang='grc' dir='ltr'><strong>Ὅτι</strong></span> <span class='ocrx_word' id='word_1_101' title='bbox 2369 1053 2456 1124; x_wconf 84' lang='grc' dir='ltr'>μὴ</span> <span class='ocrx_word' id='word_1_102' title='bbox 2486 1055 2583 1109; x_wconf 80' lang='grc' dir='ltr'>δεῖ</span> <span class='ocrx_word' id='word_1_103' title='bbox 2620 1055 2746 1122; x_wconf 86' lang='grc' dir='ltr'>τοῖς</span> <span class='ocrx_word' id='word_1_104' title='bbox 2779 1051 3065 1122; x_wconf 80' lang='grc' dir='ltr'><strong>πονηροῖς</strong></span> <span class='ocrx_word' id='word_1_105' title='bbox 3089 1051 3333 1121; x_wconf 82' lang='grc' dir='ltr'>δαίμοσι</span> <span class='ocrx_word' id='word_1_106' title='bbox 3355 1053 3537 1108; x_wconf 73' lang='grc' dir='ltr'>θύειν.</span> 
     </span>
    </p>
   </div>
   <div class='ocr_carea' id='block_1_16' title="bbox 1130 1139 1262 1176">
    <p class='ocr_par' dir='ltr' id='par_1_16' title="bbox 1130 1139 1262 1176">
     <span class='ocr_line' id='line_1_16' title="bbox 1130 1139 1262 1176; baseline 0 -1"><span class='ocrx_word' id='word_1_107' title='bbox 1130 1139 1262 1176; x_wconf 71' lang='lat'><strong>€888.</strong></span> 
     </span>
    </p>
   </div>
   <div class='ocr_carea' id='block_1_17' title="bbox 469 1213 1989 1304">
    <p class='ocr_par' dir='ltr' id='par_1_17' title="bbox 469 1213 1984 1287">
     <span class='ocr_line' id='line_1_17' title="bbox 469 1213 1984 1287; baseline 0.001 -20"><span class='ocrx_word' id='word_1_108' title='bbox 469 1234 488 1267; x_wconf 77' lang='grc' dir='ltr'><strong>ι</strong></span> <span class='ocrx_word' id='word_1_109' title='bbox 515 1214 907 1282; x_wconf 87' lang='lat' dir='ltr'><strong>Quamobrem,</strong></span> <span class='ocrx_word' id='word_1_110' title='bbox 928 1216 1126 1284; x_wconf 82' lang='lat' dir='ltr'><strong>inquit,</strong></span> <span class='ocrx_word' id='word_1_111' title='bbox 1146 1215 1227 1268; x_wconf 89' lang='lat' dir='ltr'><strong>vir</strong></span> <span class='ocrx_word' id='word_1_112' title='bbox 1248 1230 1437 1285; x_wconf 73' lang='lat' dir='ltr'><strong>aequus</strong></span> <span class='ocrx_word' id='word_1_113' title='bbox 1454 1231 1516 1270; x_wconf 88' lang='lat' dir='ltr'><strong>ac</strong></span> <span class='ocrx_word' id='word_1_114' title='bbox 1533 1216 1774 1287; x_wconf 86' lang='lat' dir='ltr'><strong>prudens</strong></span> <span class='ocrx_word' id='word_1_115' title='bbox 1787 1214 1890 1270; x_wconf 85' lang='lat' dir='ltr'><strong>sibi</strong></span> <span class='ocrx_word' id='word_1_116' title='bbox 1915 1213 1984 1268; x_wconf 83' lang='lat' dir='ltr'><strong>ab</strong></span> 
     </span>
    </p>
   </div>
   <div class='ocr_carea' id='block_1_18' title="bbox 2155 1213 3675 1304">
    <p class='ocr_par' dir='ltr' id='par_1_18' title="bbox 2166 1230 3675 1304">
     <span class='ocr_line' id='line_1_18' title="bbox 2166 1230 3675 1304; baseline 0.003 -22"><span class='ocrx_word' id='word_1_117' title='bbox 2166 1249 2185 1282; x_wconf 74' lang='grc' dir='ltr'><strong>ι</strong></span> <span class='ocrx_word' id='word_1_118' title='bbox 2226 1232 2319 1285; x_wconf 86' lang='grc' dir='ltr'>Διὸ</span> <span class='ocrx_word' id='word_1_119' title='bbox 2342 1232 2560 1297; x_wconf 81' lang='grc' dir='ltr'>συνετὸς</span> <span class='ocrx_word' id='word_1_120' title='bbox 2595 1232 2707 1304; x_wconf 70' lang='grc'><strong>(55)</strong></span> <span class='ocrx_word' id='word_1_121' title='bbox 2742 1232 2881 1304; x_wconf 81' lang='grc' dir='ltr'>ἀνὴρ</span> <span class='ocrx_word' id='word_1_122' title='bbox 2913 1232 3006 1286; x_wconf 78' lang='grc' dir='ltr'><strong>καὶ</strong></span> <span class='ocrx_word' id='word_1_123' title='bbox 3041 1230 3273 1302; x_wconf 81' lang='grc' dir='ltr'><strong>σώφρων</strong></span> <span class='ocrx_word' id='word_1_124' title='bbox 3304 1231 3675 1304; x_wconf 80' lang='grc' dir='ltr'>εὐλαϐηθήσε-</span> 
     </span>
    </p>
   </div>
   <div class='ocr_carea' id='block_1_19' title="bbox 412 1306 1932 1397">
    <p class='ocr_par' dir='ltr' id='par_1_19' title="bbox 412 1306 1932 1377">
     <span class='ocr_line' id='line_1_19' title="bbox 412 1306 1932 1377; baseline 0.001 -16"><span class='ocrx_word' id='word_1_125' title='bbox 412 1306 521 1361; x_wconf 82' lang='lat' dir='ltr'><strong>isto</strong></span> <span class='ocrx_word' id='word_1_126' title='bbox 569 1307 965 1361; x_wconf 85' lang='lat' dir='ltr'><strong>sacriﬁciorum</strong></span> <span class='ocrx_word' id='word_1_127' title='bbox 1001 1322 1197 1377; x_wconf 80' lang='lat' dir='ltr'><strong>genere</strong></span> <span class='ocrx_word' id='word_1_128' title='bbox 1240 1308 1545 1362; x_wconf 89' lang='lat' dir='ltr'><strong>cavendum</strong></span> <span class='ocrx_word' id='word_1_129' title='bbox 1597 1308 1932 1377; x_wconf 88' lang='lat' dir='ltr'><strong>putabit,qu</strong></span> 
     </span>
    </p>
   </div>
   <div class='ocr_carea' id='block_1_20' title="bbox 2154 1306 3674 1397">
    <p class='ocr_par' dir='ltr' id='par_1_20' title="bbox 2154 1318 3674 1397">
     <span class='ocr_line' id='line_1_20' title="bbox 2154 1318 3674 1397; baseline 0.001 -19"><span class='ocrx_word' id='word_1_130' title='bbox 2154 1324 2467 1389; x_wconf 79' lang='grc' dir='ltr'>ιτοιαύταις</span> <span class='ocrx_word' id='word_1_131' title='bbox 2508 1325 2746 1397; x_wconf 81' lang='grc' dir='ltr'>χρῆσθαι</span> <span class='ocrx_word' id='word_1_132' title='bbox 2780 1326 3011 1390; x_wconf 82' lang='grc' dir='ltr'>θυσίαις,</span> <span class='ocrx_word' id='word_1_133' title='bbox 3064 1325 3133 1378; x_wconf 85' lang='grc' dir='ltr'>δι’</span> <span class='ocrx_word' id='word_1_134' title='bbox 3179 1318 3254 1379; x_wconf 81' lang='grc' dir='ltr'>ὧν</span> <span class='ocrx_word' id='word_1_135' title='bbox 3305 1326 3674 1379; x_wconf 78' lang='grc' dir='ltr'><strong>ἐπισπάσεται</strong></span> 
     </span>
    </p>
   </div>
   <div class='ocr_carea' id='block_1_21' title="bbox 391 1397 3676 1488">
    <p class='ocr_par' dir='ltr' id='par_1_21' title="bbox 391 1397 3676 1488">
     <span class='ocr_line' id='line_1_21' title="bbox 391 1397 3676 1488; baseline 0.001 -20"><span class='ocrx_word' id='word_1_136' title='bbox 391 1412 687 1468; x_wconf 64' lang='grc' dir='ltr'><strong>Ρνθνθτυηι</strong></span> <span class='ocrx_word' id='word_1_137' title='bbox 737 1397 1045 1451; x_wconf 60' lang='grc' dir='ltr'><strong>ἀεθίηοηυῐη</strong></span> <span class='ocrx_word' id='word_1_138' title='bbox 1078 1399 1307 1466; x_wconf 57' lang='lat' dir='ltr'><strong>gratiam</strong></span> <span class='ocrx_word' id='word_1_139' title='bbox 1350 1409 1674 1468; x_wconf 68' lang='grc' dir='ltr'><strong>θυουβθῑυτο</strong></span> <span class='ocrx_word' id='word_1_140' title='bbox 1711 1400 1971 1455; x_wconf 71' lang='grc' dir='ltr'><strong>Αηίηὶυῐη</strong></span> <span class='ocrx_word' id='word_1_141' title='bbox 2083 1416 2218 1487; x_wconf 84' lang='grc' dir='ltr'>πρὸς</span> <span class='ocrx_word' id='word_1_142' title='bbox 2248 1417 2441 1470; x_wconf 77' lang='grc' dir='ltr'>ἑαυτὸν</span> <span class='ocrx_word' id='word_1_143' title='bbox 2465 1416 2591 1481; x_wconf 85' lang='grc' dir='ltr'>τοὺς</span> <span class='ocrx_word' id='word_1_144' title='bbox 2623 1416 2917 1479; x_wconf 79' lang='grc' dir='ltr'><strong>τοιούτους·</strong></span> <span class='ocrx_word' id='word_1_145' title='bbox 2950 1416 3242 1470; x_wconf 80' lang='grc' dir='ltr'>σπουδάσει</span> <span class='ocrx_word' id='word_1_146' title='bbox 3278 1415 3335 1470; x_wconf 87' lang='grc' dir='ltr'><strong>δὲ</strong></span> <span class='ocrx_word' id='word_1_147' title='bbox 3384 1415 3676 1488; x_wconf 78' lang='grc' dir='ltr'>καθαίρειν</span> 
     </span>
    </p>
   </div>
   <div class='ocr_carea' id='block_1_22' title="bbox 393 1487 1913 1581">
    <p class='ocr_par' dir='ltr' id='par_1_22' title="bbox 393 1487 1913 1562">
     <span class='ocr_line' id='line_1_22' title="bbox 393 1487 1913 1562; baseline 0.001 -18"><span class='ocrx_word' id='word_1_148' title='bbox 393 1487 509 1559; x_wconf 87' lang='lat' dir='ltr'><strong>ipse</strong></span> <span class='ocrx_word' id='word_1_149' title='bbox 543 1490 726 1559; x_wconf 86' lang='lat' dir='ltr'><strong>potius</strong></span> <span class='ocrx_word' id='word_1_150' title='bbox 754 1490 905 1543; x_wconf 89' lang='lat' dir='ltr'><strong>omni</strong></span> <span class='ocrx_word' id='word_1_151' title='bbox 932 1491 1142 1544; x_wconf 80' lang='lat' dir='ltr'><strong>ratione</strong></span> <span class='ocrx_word' id='word_1_152' title='bbox 1174 1506 1239 1545; x_wconf 90' lang='lat' dir='ltr'><strong>ac</strong></span> <span class='ocrx_word' id='word_1_153' title='bbox 1270 1492 1452 1547; x_wconf 88' lang='lat' dir='ltr'><strong>studio</strong></span> <span class='ocrx_word' id='word_1_154' title='bbox 1482 1507 1720 1562; x_wconf 82' lang='lat' dir='ltr'><strong>purgare</strong></span> <span class='ocrx_word' id='word_1_155' title='bbox 1746 1494 1913 1547; x_wconf 89' lang='lat' dir='ltr'><strong>conal:</strong></span> 
     </span>
    </p>
   </div>
   <div class='ocr_carea' id='block_1_23' title="bbox 2157 1487 3677 1581">
    <p class='ocr_par' dir='ltr' id='par_1_23' title="bbox 2157 1507 3677 1581">
     <span class='ocr_line' id='line_1_23' title="bbox 2157 1507 3677 1581; baseline 0.003 -22"><span class='ocrx_word' id='word_1_156' title='bbox 2157 1524 2175 1559; x_wconf 77' lang='grc' dir='ltr'><strong>ν</strong></span> <span class='ocrx_word' id='word_1_157' title='bbox 2204 1507 2379 1578; x_wconf 81' lang='grc' dir='ltr'>ψυχὴν</span> <span class='ocrx_word' id='word_1_158' title='bbox 2410 1509 2698 1573; x_wconf 80' lang='grc' dir='ltr'><strong>παντοίως·</strong></span> <span class='ocrx_word' id='word_1_159' title='bbox 2730 1507 2944 1580; x_wconf 83' lang='grc' dir='ltr'>καθαρᾷ</span> <span class='ocrx_word' id='word_1_160' title='bbox 2966 1508 3075 1581; x_wconf 76' lang='grc' dir='ltr'>γὰρ</span> <span class='ocrx_word' id='word_1_161' title='bbox 3105 1508 3249 1580; x_wconf 72' lang='grc' dir='ltr'>ψυχῇ</span> <span class='ocrx_word' id='word_1_162' title='bbox 3278 1508 3377 1562; x_wconf 82' lang='grc' dir='ltr'><strong>οὐκ</strong></span> <span class='ocrx_word' id='word_1_163' title='bbox 3403 1508 3677 1563; x_wconf 84' lang='grc' dir='ltr'>ἐπιτίθεν-</span> 
     </span>
    </p>
   </div>
   <div class='ocr_carea' id='block_1_24' title="bbox 391 1587 1911 1670">
    <p class='ocr_par' dir='ltr' id='par_1_24' title="bbox 391 1587 1911 1655">
     <span class='ocr_line' id='line_1_24' title="bbox 391 1587 1911 1655; baseline 0.003 -21"><span class='ocrx_word' id='word_1_164' title='bbox 391 1588 502 1647; x_wconf 90' lang='lat' dir='ltr'><strong>tur,</strong></span> <span class='ocrx_word' id='word_1_165' title='bbox 544 1592 726 1636; x_wconf 87' lang='lat' dir='ltr'><strong>certus</strong></span> <span class='ocrx_word' id='word_1_166' title='bbox 762 1598 856 1638; x_wconf 90' lang='lat' dir='ltr'><strong>eos</strong></span> <span class='ocrx_word' id='word_1_167' title='bbox 893 1601 1172 1654; x_wconf 88' lang='lat' dir='ltr'><strong>nunquam</strong></span> <span class='ocrx_word' id='word_1_168' title='bbox 1208 1601 1357 1655; x_wconf 74' lang='lat' dir='ltr'><strong>purae</strong></span> <span class='ocrx_word' id='word_1_169' title='bbox 1385 1602 1450 1640; x_wconf 90' lang='lat' dir='ltr'><strong>ac</strong></span> <span class='ocrx_word' id='word_1_170' title='bbox 1496 1587 1725 1641; x_wconf 80' lang='lat' dir='ltr'><strong>sincerae</strong></span> <span class='ocrx_word' id='word_1_171' title='bbox 1770 1597 1911 1641; x_wconf 76' lang='lat' dir='ltr'><strong>ment</strong></span> 
     </span>
    </p>
   </div>
   <div class='ocr_carea' id='block_1_25' title="bbox 2147 1587 3667 1670">
    <p class='ocr_par' dir='ltr' id='par_1_25' title="bbox 2150 1598 3667 1670">
     <span class='ocr_line' id='line_1_25' title="bbox 2150 1598 3667 1670; baseline 0.002 -20"><span class='ocrx_word' id='word_1_172' title='bbox 2150 1616 2165 1650; x_wconf 89' lang='grc' dir='ltr'><strong>ι</strong></span> <span class='ocrx_word' id='word_1_173' title='bbox 2196 1598 2283 1652; x_wconf 76' lang='grc' dir='ltr'>διὰ</span> <span class='ocrx_word' id='word_1_174' title='bbox 2314 1599 2375 1651; x_wconf 86' lang='grc' dir='ltr'><strong>τὸ</strong></span> <span class='ocrx_word' id='word_1_175' title='bbox 2404 1599 2585 1662; x_wconf 85' lang='grc' dir='ltr'>αὐτοῖς</span> <span class='ocrx_word' id='word_1_176' title='bbox 2617 1599 2886 1670; x_wconf 88' lang='grc' dir='ltr'>ἀνόμοιον.</span> <span class='ocrx_word' id='word_1_177' title='bbox 2921 1600 2983 1651; x_wconf 82' lang='grc' dir='ltr'><strong>Εἰ</strong></span> <span class='ocrx_word' id='word_1_178' title='bbox 3014 1599 3069 1652; x_wconf 81' lang='grc' dir='ltr'>δὲ</span> <span class='ocrx_word' id='word_1_179' title='bbox 3090 1602 3211 1662; x_wconf 87' lang='grc' dir='ltr'>ταῖς</span> <span class='ocrx_word' id='word_1_180' title='bbox 3241 1598 3460 1652; x_wconf 88' lang='grc' dir='ltr'>πόλεσιν</span> <span class='ocrx_word' id='word_1_181' title='bbox 3491 1600 3667 1668; x_wconf 82' lang='grc' dir='ltr'>ἀναγο</span> 
     </span>
    </p>
   </div>
   <div class='ocr_carea' id='block_1_26' title="bbox 391 1670 1911 1762">
    <p class='ocr_par' dir='ltr' id='par_1_26' title="bbox 391 1670 1911 1745">
     <span class='ocr_line' id='line_1_26' title="bbox 391 1670 1911 1745; baseline 0.004 -19"><span class='ocrx_word' id='word_1_182' title='bbox 391 1670 669 1726; x_wconf 83' lang='lat' dir='ltr'><strong>hominem</strong></span> <span class='ocrx_word' id='word_1_183' title='bbox 701 1675 943 1745; x_wconf 80' lang='lat' dir='ltr'><strong>aggredi,</strong></span> <span class='ocrx_word' id='word_1_184' title='bbox 974 1685 1198 1745; x_wconf 81' lang='lat' dir='ltr'><strong>propter</strong></span> <span class='ocrx_word' id='word_1_185' title='bbox 1233 1691 1447 1730; x_wconf 89' lang='lat' dir='ltr'><strong>morum</strong></span> <span class='ocrx_word' id='word_1_186' title='bbox 1483 1693 1546 1731; x_wconf 89' lang='lat' dir='ltr'><strong>ac</strong></span> <span class='ocrx_word' id='word_1_187' title='bbox 1570 1687 1781 1732; x_wconf 67' lang='lat' dir='ltr'><strong>naturae</strong></span> <span class='ocrx_word' id='word_1_188' title='bbox 1807 1679 1911 1733; x_wconf 78' lang='lat' dir='ltr'><strong>diss</strong></span> 
     </span>
    </p>
   </div>
   <div class='ocr_carea' id='block_1_27' title="bbox 2146 1670 3666 1762">
    <p class='ocr_par' dir='ltr' id='par_1_27' title="bbox 2146 1690 3666 1762">
     <span class='ocr_line' id='line_1_27' title="bbox 2146 1690 3666 1762; baseline 0.003 -22"><span class='ocrx_word' id='word_1_189' title='bbox 2146 1691 2226 1742; x_wconf 73' lang='lat' dir='ltr'><strong>Iov</strong></span> <span class='ocrx_word' id='word_1_190' title='bbox 2260 1691 2354 1744; x_wconf 72' lang='grc' dir='ltr'><strong>καὶ</strong></span> <span class='ocrx_word' id='word_1_191' title='bbox 2380 1692 2601 1754; x_wconf 76' lang='grc' dir='ltr'>τούτους</span> <span class='ocrx_word' id='word_1_192' title='bbox 2626 1690 3124 1761; x_wconf 80' lang='grc' dir='ltr'>ὰπομειλίττεσθαι,</span> <span class='ocrx_word' id='word_1_193' title='bbox 3153 1691 3306 1746; x_wconf 78' lang='grc' dir='ltr'>οὐδὲν</span> <span class='ocrx_word' id='word_1_194' title='bbox 3333 1690 3470 1762; x_wconf 80' lang='grc' dir='ltr'>πρὸς</span> <span class='ocrx_word' id='word_1_195' title='bbox 3489 1692 3666 1761; x_wconf 78' lang='grc' dir='ltr'>ἡμᾶς.</span> 
     </span>
    </p>
   </div>
   <div class='ocr_carea' id='block_1_28' title="bbox 391 1764 1911 1856">
    <p class='ocr_par' dir='ltr' id='par_1_28' title="bbox 391 1764 1911 1833">
     <span class='ocr_line' id='line_1_28' title="bbox 391 1764 1911 1833; baseline 0.005 -17"><span class='ocrx_word' id='word_1_196' title='bbox 391 1764 777 1821; x_wconf 88' lang='lat' dir='ltr'><strong>militudiuem.</strong></span> <span class='ocrx_word' id='word_1_197' title='bbox 810 1765 967 1833; x_wconf 81' lang='lat' dir='ltr'><strong>Quod</strong></span> <span class='ocrx_word' id='word_1_198' title='bbox 999 1769 1045 1824; x_wconf 87' lang='lat' dir='ltr'><strong>si</strong></span> <span class='ocrx_word' id='word_1_199' title='bbox 1068 1766 1210 1823; x_wconf 85' lang='lat' dir='ltr'><strong>forte</strong></span> <span class='ocrx_word' id='word_1_200' title='bbox 1239 1784 1270 1825; x_wconf 89' lang='lat' dir='ltr'><strong>a</strong></span> <span class='ocrx_word' id='word_1_201' title='bbox 1299 1769 1612 1825; x_wconf 83' lang='lat' dir='ltr'><strong>civitatibus</strong></span> <span class='ocrx_word' id='word_1_202' title='bbox 1640 1771 1776 1826; x_wconf 88' lang='lat' dir='ltr'><strong>istos</strong></span> <span class='ocrx_word' id='word_1_203' title='bbox 1807 1772 1911 1825; x_wconf 85' lang='lat' dir='ltr'><strong>etia</strong></span> 
     </span>
    </p>
   </div>
   <div class='ocr_carea' id='block_1_29' title="bbox 2151 1764 3671 1856">
    <p class='ocr_par' dir='ltr' id='par_1_29' title="bbox 2151 1783 3671 1856">
     <span class='ocr_line' id='line_1_29' title="bbox 2151 1783 3671 1856; baseline 0.003 -21"><span class='ocrx_word' id='word_1_204' title='bbox 2151 1783 2314 1849; x_wconf 75' lang='grc' dir='ltr'>ιύταις</span> <span class='ocrx_word' id='word_1_205' title='bbox 2342 1784 2453 1856; x_wconf 80' lang='grc' dir='ltr'>γὰρ</span> <span class='ocrx_word' id='word_1_206' title='bbox 2475 1786 2568 1839; x_wconf 72' lang='grc' dir='ltr'><strong>καὶ</strong></span> <span class='ocrx_word' id='word_1_207' title='bbox 2595 1785 2843 1850; x_wconf 80' lang='grc' dir='ltr'>πλοῦτος,</span> <span class='ocrx_word' id='word_1_208' title='bbox 2871 1786 2965 1839; x_wconf 72' lang='grc' dir='ltr'><strong>καὶ</strong></span> <span class='ocrx_word' id='word_1_209' title='bbox 3005 1785 3072 1839; x_wconf 83' lang='grc' dir='ltr'>τὰ</span> <span class='ocrx_word' id='word_1_210' title='bbox 3116 1786 3294 1849; x_wconf 83' lang='grc' dir='ltr'>ἐκτὸς,</span> <span class='ocrx_word' id='word_1_211' title='bbox 3329 1786 3423 1839; x_wconf 77' lang='grc' dir='ltr'><strong>καὶ</strong></span> <span class='ocrx_word' id='word_1_212' title='bbox 3451 1785 3519 1838; x_wconf 82' lang='grc' dir='ltr'>τὰ</span> <span class='ocrx_word' id='word_1_213' title='bbox 3554 1801 3671 1839; x_wconf 79' lang='grc' dir='ltr'><strong>σωο</strong></span> 
     </span>
    </p>
   </div>
   <div class='ocr_carea' id='block_1_30' title="bbox 390 1855 1910 1948">
    <p class='ocr_par' dir='ltr' id='par_1_30' title="bbox 390 1855 1910 1928">
     <span class='ocr_line' id='line_1_30' title="bbox 390 1855 1910 1928; baseline 0.004 -17"><span class='ocrx_word' id='word_1_214' title='bbox 390 1855 605 1911; x_wconf 87' lang='lat' dir='ltr'><strong>deliniri</strong></span> <span class='ocrx_word' id='word_1_215' title='bbox 653 1859 966 1928; x_wconf 88' lang='lat' dir='ltr'><strong>placarique</strong></span> <span class='ocrx_word' id='word_1_216' title='bbox 1000 1876 1223 1917; x_wconf 89' lang='lat' dir='ltr'><strong>necesse</strong></span> <span class='ocrx_word' id='word_1_217' title='bbox 1274 1863 1365 1927; x_wconf 87' lang='lat' dir='ltr'><strong>sit,</strong></span> <span class='ocrx_word' id='word_1_218' title='bbox 1413 1864 1639 1918; x_wconf 88' lang='lat' dir='ltr'><strong>nihilad</strong></span> <span class='ocrx_word' id='word_1_219' title='bbox 1675 1880 1797 1919; x_wconf 89' lang='lat' dir='ltr'><strong>nos.</strong></span> <span class='ocrx_word' id='word_1_220' title='bbox 1834 1863 1910 1918; x_wconf 87' lang='lat' dir='ltr'><strong>Na</strong></span> 
     </span>
    </p>
   </div>
   <div class='ocr_carea' id='block_1_31' title="bbox 2147 1855 3667 1948">
    <p class='ocr_par' dir='ltr' id='par_1_31' title="bbox 2147 1874 3667 1948">
     <span class='ocr_line' id='line_1_31' title="bbox 2147 1874 3667 1948; baseline 0.003 -21"><span class='ocrx_word' id='word_1_221' title='bbox 2147 1876 2303 1939; x_wconf 76' lang='grc' dir='ltr'>ιτικὰ,</span> <span class='ocrx_word' id='word_1_222' title='bbox 2356 1877 2538 1948; x_wconf 79' lang='grc' dir='ltr'>ἀγαθά</span> <span class='ocrx_word' id='word_1_223' title='bbox 2588 1874 2726 1932; x_wconf 83' lang='grc' dir='ltr'>εἶναι</span> <span class='ocrx_word' id='word_1_224' title='bbox 2780 1878 3112 1948; x_wconf 86' lang='grc' dir='ltr'>νενόμισται,</span> <span class='ocrx_word' id='word_1_225' title='bbox 3162 1878 3258 1931; x_wconf 73' lang='lat' dir='ltr'><strong>xui.</strong></span> <span class='ocrx_word' id='word_1_226' title='bbox 3314 1876 3383 1931; x_wconf 82' lang='grc' dir='ltr'>τὰ</span> <span class='ocrx_word' id='word_1_227' title='bbox 3421 1876 3667 1943; x_wconf 80' lang='grc' dir='ltr'>ἐναντία,</span> 
     </span>
    </p>
   </div>
   <div class='ocr_carea' id='block_1_32' title="bbox 393 1948 1913 2041">
    <p class='ocr_par' dir='ltr' id='par_1_32' title="bbox 393 1948 1913 2026">
     <span class='ocr_line' id='line_1_32' title="bbox 393 1948 1913 2026; baseline 0.005 -23"><span class='ocrx_word' id='word_1_228' title='bbox 393 1948 503 2005; x_wconf 86' lang='lat' dir='ltr'><strong>illis</strong></span> <span class='ocrx_word' id='word_1_229' title='bbox 542 1951 764 2021; x_wconf 85' lang='lat' dir='ltr'><strong>quidem</strong></span> <span class='ocrx_word' id='word_1_230' title='bbox 799 1967 951 2021; x_wconf 91' lang='lat' dir='ltr'><strong>opes,</strong></span> <span class='ocrx_word' id='word_1_231' title='bbox 989 1968 1221 2022; x_wconf 86' lang='lat' dir='ltr'><strong>quaeque</strong></span> <span class='ocrx_word' id='word_1_232' title='bbox 1270 1952 1402 2009; x_wconf 82' lang='lat' dir='ltr'><strong>foris</strong></span> <span class='ocrx_word' id='word_1_233' title='bbox 1442 1963 1590 2021; x_wconf 88' lang='lat' dir='ltr'><strong>sunt,</strong></span> <span class='ocrx_word' id='word_1_234' title='bbox 1632 1970 1861 2026; x_wconf 60' lang='lat' dir='ltr'><strong>quaeque</strong></span> <span class='ocrx_word' id='word_1_235' title='bbox 1900 1972 1913 2011; x_wconf 82' lang='lat'><strong>:</strong></span> 
     </span>
    </p>
   </div>
   <div class='ocr_carea' id='block_1_33' title="bbox 2148 1948 3668 2041">
    <p class='ocr_par' dir='ltr' id='par_1_33' title="bbox 2152 1965 3668 2041">
     <span class='ocr_line' id='line_1_33' title="bbox 2152 1965 3668 2041; baseline 0.003 -23"><span class='ocrx_word' id='word_1_236' title='bbox 2152 1965 2243 2018; x_wconf 73' lang='grc' dir='ltr'>κάσ</span> <span class='ocrx_word' id='word_1_237' title='bbox 2268 1967 2449 2035; x_wconf 81' lang='grc' dir='ltr'>ὀλίγον</span> <span class='ocrx_word' id='word_1_238' title='bbox 2478 1968 2535 2022; x_wconf 84' lang='grc' dir='ltr'>δὲ</span> <span class='ocrx_word' id='word_1_239' title='bbox 2563 1970 2619 2022; x_wconf 89' lang='grc' dir='ltr'><strong>ἐν</strong></span> <span class='ocrx_word' id='word_1_240' title='bbox 2648 1969 2838 2032; x_wconf 80' lang='grc' dir='ltr'>αὐταῖς</span> <span class='ocrx_word' id='word_1_241' title='bbox 2870 1968 2930 2021; x_wconf 78' lang='grc' dir='ltr'><strong>τὸ</strong></span> <span class='ocrx_word' id='word_1_242' title='bbox 2960 1968 3060 2037; x_wconf 82' lang='grc' dir='ltr'>τῆς</span> <span class='ocrx_word' id='word_1_243' title='bbox 3091 1967 3271 2040; x_wconf 74' lang='grc' dir='ltr'>ψυχῆς</span> <span class='ocrx_word' id='word_1_244' title='bbox 3295 1968 3668 2041; x_wconf 68' lang='grc' dir='ltr'>ἐπιμελούμει</span> 
     </span>
    </p>
   </div>
   <div class='ocr_carea' id='block_1_34' title="bbox 392 2043 1912 2131">
    <p class='ocr_par' dir='ltr' id='par_1_34' title="bbox 392 2043 1912 2113">
     <span class='ocr_line' id='line_1_34' title="bbox 392 2043 1912 2113; baseline 0.004 -18"><span class='ocrx_word' id='word_1_245' title='bbox 392 2056 595 2111; x_wconf 86' lang='lat' dir='ltr'><strong>corpus</strong></span> <span class='ocrx_word' id='word_1_246' title='bbox 641 2043 866 2098; x_wconf 87' lang='lat' dir='ltr'><strong>omnino</strong></span> <span class='ocrx_word' id='word_1_247' title='bbox 914 2044 1210 2113; x_wconf 87' lang='lat' dir='ltr'><strong>pertinent,</strong></span> <span class='ocrx_word' id='word_1_248' title='bbox 1259 2044 1404 2099; x_wconf 89' lang='lat' dir='ltr'><strong>bona</strong></span> <span class='ocrx_word' id='word_1_249' title='bbox 1449 2046 1622 2099; x_wconf 86' lang='lat' dir='ltr'><strong>videri</strong></span> <span class='ocrx_word' id='word_1_250' title='bbox 1679 2047 1912 2113; x_wconf 66' lang='lat' dir='ltr'><strong>solent,‘</strong></span> 
     </span>
    </p>
   </div>
   <div class='ocr_carea' id='block_1_35' title="bbox 1564 2043 3084 2131">
    <p class='ocr_par' dir='ltr' id='par_1_35' title="bbox 1564 2047 3084 2131">
     <span class='ocr_line' id='line_1_35' title="bbox 1564 2047 3084 2131; baseline 0.007 -28"><span class='ocrx_word' id='word_1_251' title='bbox 1564 2047 1622 2099; x_wconf 69' lang='lat' dir='ltr'><strong>tri</strong></span> <span class='ocrx_word' id='word_1_252' title='bbox 1679 2047 1877 2113; x_wconf 77' lang='lat' dir='ltr'><strong>solent,</strong></span> <span class='ocrx_word' id='word_1_253' title='bbox 1908 2056 1972 2102; x_wconf 81' lang='grc' dir='ltr'><strong>ιιι</strong></span> <span class='ocrx_word' id='word_1_254' title='bbox 2075 2072 2220 2110; x_wconf 71' lang='grc' dir='ltr'>νον.)</span> <span class='ocrx_word' id='word_1_255' title='bbox 2254 2058 2478 2124; x_wconf 81' lang='grc' dir='ltr'>Τούτοις</span> <span class='ocrx_word' id='word_1_256' title='bbox 2516 2060 2642 2131; x_wconf 77' lang='grc' dir='ltr'>ἑξῆς</span> <span class='ocrx_word' id='word_1_257' title='bbox 2669 2061 2864 2129; x_wconf 88' lang='grc' dir='ltr'>ἐπάγει</span> <span class='ocrx_word' id='word_1_258' title='bbox 2893 2060 3084 2125; x_wconf 81' lang='grc' dir='ltr'>λέγων.</span> 
     </span>
    </p>
   </div>
   <div class='ocr_carea' id='block_1_36' title="bbox 391 2135 3334 2221">
    <p class='ocr_par' dir='ltr' id='par_1_36' title="bbox 391 2135 3334 2221">
     <span class='ocr_line' id='line_1_36' title="bbox 391 2135 3334 2221; baseline 0.006 -34"><span class='ocrx_word' id='word_1_259' title='bbox 391 2138 557 2199; x_wconf 85' lang='lat' dir='ltr'><strong>mala,</strong></span> <span class='ocrx_word' id='word_1_260' title='bbox 582 2150 704 2205; x_wconf 68' lang='lat' dir='ltr'><strong>quae</strong></span> <span class='ocrx_word' id='word_1_261' title='bbox 735 2135 1011 2190; x_wconf 88' lang='lat' dir='ltr'><strong>contraria</strong></span> <span class='ocrx_word' id='word_1_262' title='bbox 1039 2152 1053 2188; x_wconf 89' lang='lat'><strong>:</strong></span> <span class='ocrx_word' id='word_1_263' title='bbox 1090 2135 1184 2204; x_wconf 93' lang='lat' dir='ltr'><strong>qui</strong></span> <span class='ocrx_word' id='word_1_264' title='bbox 1213 2150 1341 2190; x_wconf 85' lang='lat' dir='ltr'><strong>vero</strong></span> <span class='ocrx_word' id='word_1_265' title='bbox 1365 2135 1533 2191; x_wconf 88' lang='lat' dir='ltr'><strong>animi</strong></span> <span class='ocrx_word' id='word_1_266' title='bbox 1564 2152 1753 2193; x_wconf 90' lang='lat' dir='ltr'><strong>curam</strong></span> <span class='ocrx_word' id='word_1_267' title='bbox 1781 2155 1847 2195; x_wconf 88' lang='lat' dir='ltr'><strong>ac</strong></span> <span class='ocrx_word' id='word_1_268' title='bbox 1869 2142 2136 2200; x_wconf 90' lang='lat' dir='ltr'><strong>rationem</strong></span> <span class='ocrx_word' id='word_1_269' title='bbox 2172 2147 2427 2211; x_wconf 85' lang='lat' dir='ltr'><strong>habeant.</strong></span> <span class='ocrx_word' id='word_1_270' title='bbox 2453 2150 2655 2221; x_wconf 87' lang='lat' dir='ltr'><strong>oppido</strong></span> <span class='ocrx_word' id='word_1_271' title='bbox 2676 2150 2858 2220; x_wconf 89' lang='lat' dir='ltr'><strong>pauci.</strong></span> <span class='ocrx_word' id='word_1_272' title='bbox 2902 2169 2922 2204; x_wconf 75' lang='grc' dir='ltr'><strong>ι</strong></span> <span class='ocrx_word' id='word_1_273' title='bbox 2949 2148 3029 2205; x_wconf 83' lang='lat' dir='ltr'><strong>Ac</strong></span> <span class='ocrx_word' id='word_1_274' title='bbox 3057 2149 3334 2221; x_wconf 87' lang='lat' dir='ltr'><strong>deinceps.</strong></span> 
     </span>
    </p>
   </div>
   <div class='ocr_carea' id='block_1_37' title="bbox 963 2263 2483 2326">
    <p class='ocr_par' dir='ltr' id='par_1_37' title="bbox 963 2263 1380 2321">
     <span class='ocr_line' id='line_1_37' title="bbox 963 2263 1380 2321; baseline -0.002 0"><span class='ocrx_word' id='word_1_275' title='bbox 963 2265 1196 2321; x_wconf 84' lang='lat' dir='ltr'><strong>CAPUT</strong></span> <span class='ocrx_word' id='word_1_276' title='bbox 1239 2263 1380 2320; x_wconf 83' lang='lat' dir='ltr'><strong>XIX.</strong></span> 
     </span>
    </p>
   </div>
   <div class='ocr_carea' id='block_1_38' title="bbox 1603 2263 3123 2326">
    <p class='ocr_par' dir='ltr' id='par_1_38' title="bbox 2592 2271 3123 2326">
     <span class='ocr_line' id='line_1_38' title="bbox 2592 2271 3123 2326; baseline 0.002 -2"><span class='ocrx_word' id='word_1_277' title='bbox 2592 2271 2990 2326; x_wconf 75' lang='grc' dir='ltr'><strong>ΚΕΦΑΛΑΙΟΝ</strong></span> <span class='ocrx_word' id='word_1_278' title='bbox 3024 2272 3123 2326; x_wconf 88' lang='grc' dir='ltr'><strong>ΙΘ’.</strong></span> 
     </span>
    </p>
   </div>
   <div class='ocr_carea' id='block_1_39' title="bbox 496 2358 2016 2430">
    <p class='ocr_par' dir='ltr' id='par_1_39' title="bbox 496 2358 1863 2430">
     <span class='ocr_line' id='line_1_39' title="bbox 496 2358 1863 2430; baseline 0.001 -17"><span class='ocrx_word' id='word_1_279' title='bbox 496 2358 820 2428; x_wconf 78' lang='grc' dir='ltr'>Ρνιεροιεηιὶ</span> <span class='ocrx_word' id='word_1_280' title='bbox 854 2360 948 2413; x_wconf 85' lang='lat' dir='ltr'><strong>um‘</strong></span> <span class='ocrx_word' id='word_1_281' title='bbox 996 2359 1105 2414; x_wconf 86' lang='lat' dir='ltr'><strong>Deo</strong></span> <span class='ocrx_word' id='word_1_282' title='bbox 1149 2361 1422 2414; x_wconf 83' lang='lat' dir='ltr'><strong>addictum</strong></span> <span class='ocrx_word' id='word_1_283' title='bbox 1464 2377 1579 2415; x_wconf 78' lang='lat' dir='ltr'><strong>esse</strong></span> <span class='ocrx_word' id='word_1_284' title='bbox 1607 2370 1863 2430; x_wconf 79' lang='lat' dir='ltr'><strong>oportere.</strong></span> 
     </span>
    </p>
   </div>
   <div class='ocr_carea' id='block_1_40' title="bbox 2033 2358 3553 2430">
    <p class='ocr_par' dir='ltr' id='par_1_40' title="bbox 2181 2359 3553 2428">
     <span class='ocr_line' id='line_1_40' title="bbox 2181 2359 3553 2428; baseline 0.004 -16"><span class='ocrx_word' id='word_1_285' title='bbox 2181 2359 2381 2427; x_wconf 83' lang='grc' dir='ltr'><em>Ὅπως</em></span> <span class='ocrx_word' id='word_1_286' title='bbox 2407 2361 2759 2417; x_wconf 77' lang='grc' dir='ltr'>ἀνακεῖσθαι</span> <span class='ocrx_word' id='word_1_287' title='bbox 2786 2361 2881 2415; x_wconf 86' lang='grc' dir='ltr'><strong>δεῖ</strong></span> <span class='ocrx_word' id='word_1_288' title='bbox 2900 2361 2980 2427; x_wconf 78' lang='grc' dir='ltr'>τῷ</span> <span class='ocrx_word' id='word_1_289' title='bbox 3010 2362 3109 2415; x_wconf 76' lang='grc' dir='ltr'>ἐπὶ</span> <span class='ocrx_word' id='word_1_290' title='bbox 3139 2362 3381 2416; x_wconf 67' lang='grc' dir='ltr'>πάντων</span> <span class='ocrx_word' id='word_1_291' title='bbox 3415 2361 3553 2428; x_wconf 83' lang='grc' dir='ltr'>Θεῷ.</span> 
     </span>
    </p>
   </div>
   <div class='ocr_carea' id='block_1_41' title="bbox 456 2448 1976 2525">
    <p class='ocr_par' dir='ltr' id='par_1_41' title="bbox 456 2448 1974 2521">
     <span class='ocr_line' id='line_1_41' title="bbox 456 2448 1974 2521; baseline 0.005 -20"><span class='ocrx_word' id='word_1_292' title='bbox 456 2468 475 2501; x_wconf 79' lang='grc' dir='ltr'><strong>ι</strong></span> <span class='ocrx_word' id='word_1_293' title='bbox 501 2448 669 2506; x_wconf 83' lang='lat' dir='ltr'><strong>Nobis</strong></span> <span class='ocrx_word' id='word_1_294' title='bbox 683 2460 885 2518; x_wconf 89' lang='lat' dir='ltr'><strong>autem,</strong></span> <span class='ocrx_word' id='word_1_295' title='bbox 900 2452 1094 2521; x_wconf 90' lang='lat' dir='ltr'><strong>inquit,</strong></span> <span class='ocrx_word' id='word_1_296' title='bbox 1112 2453 1370 2508; x_wconf 88' lang='lat' dir='ltr'><strong>omnibus</strong></span> <span class='ocrx_word' id='word_1_297' title='bbox 1385 2453 1488 2509; x_wconf 91' lang='lat' dir='ltr'><strong>hoc</strong></span> <span class='ocrx_word' id='word_1_298' title='bbox 1500 2454 1705 2509; x_wconf 87' lang='lat' dir='ltr'><strong>viribus</strong></span> <span class='ocrx_word' id='word_1_299' title='bbox 1723 2454 1974 2510; x_wconf 83' lang='lat' dir='ltr'><strong>laboran-</strong></span> 
     </span>
    </p>
   </div>
   <div class='ocr_carea' id='block_1_42' title="bbox 2140 2448 3660 2525">
    <p class='ocr_par' dir='ltr' id='par_1_42' title="bbox 2147 2449 3660 2525">
     <span class='ocr_line' id='line_1_42' title="bbox 2147 2449 3660 2525; baseline 0.005 -22"><span class='ocrx_word' id='word_1_300' title='bbox 2147 2468 2167 2502; x_wconf 78' lang='grc' dir='ltr'><strong>ι</strong></span> <span class='ocrx_word' id='word_1_301' title='bbox 2220 2451 2415 2522; x_wconf 78' lang='grc' dir='ltr'>Ἡμεῖς</span> <span class='ocrx_word' id='word_1_302' title='bbox 2446 2452 2502 2505; x_wconf 84' lang='grc' dir='ltr'>δὲ</span> <span class='ocrx_word' id='word_1_303' title='bbox 2531 2450 2672 2505; x_wconf 85' lang='grc' dir='ltr'>κατὰ</span> <span class='ocrx_word' id='word_1_304' title='bbox 2708 2452 2938 2524; x_wconf 87' lang='grc' dir='ltr'>δύναμιν</span> <span class='ocrx_word' id='word_1_305' title='bbox 2975 2453 3037 2506; x_wconf 84' lang='grc' dir='ltr'><strong>οὐ</strong></span> <span class='ocrx_word' id='word_1_306' title='bbox 3071 2453 3377 2525; x_wconf 87' lang='grc' dir='ltr'>δεησόμεθα</span> <span class='ocrx_word' id='word_1_307' title='bbox 3410 2449 3483 2508; x_wconf 83' lang='grc' dir='ltr'>ὧν</span> <span class='ocrx_word' id='word_1_308' title='bbox 3509 2450 3660 2511; x_wconf 74' lang='grc' dir='ltr'>οὗτοι</span> 
     </span>
    </p>
   </div>
   <div class='ocr_carea' id='block_1_43' title="bbox 387 2540 1907 2616">
    <p class='ocr_par' dir='ltr' id='par_1_43' title="bbox 387 2541 1907 2616">
     <span class='ocr_line' id='line_1_43' title="bbox 387 2541 1907 2616; baseline 0.003 -21"><span class='ocrx_word' id='word_1_309' title='bbox 387 2542 518 2595; x_wconf 82' lang='lat' dir='ltr'><strong>dum</strong></span> <span class='ocrx_word' id='word_1_310' title='bbox 542 2541 667 2608; x_wconf 87' lang='lat' dir='ltr'><strong>erit,</strong></span> <span class='ocrx_word' id='word_1_311' title='bbox 702 2542 838 2596; x_wconf 88' lang='lat' dir='ltr'><strong>nihil</strong></span> <span class='ocrx_word' id='word_1_312' title='bbox 866 2550 926 2596; x_wconf 91' lang='lat' dir='ltr'><strong>ut</strong></span> <span class='ocrx_word' id='word_1_313' title='bbox 953 2543 1120 2598; x_wconf 89' lang='lat' dir='ltr'><strong>rebus</strong></span> <span class='ocrx_word' id='word_1_314' title='bbox 1143 2543 1285 2611; x_wconf 85' lang='lat' dir='ltr'><strong>istis,</strong></span> <span class='ocrx_word' id='word_1_315' title='bbox 1313 2560 1452 2614; x_wconf 90' lang='lat' dir='ltr'><strong>quas</strong></span> <span class='ocrx_word' id='word_1_316' title='bbox 1485 2545 1563 2599; x_wconf 89' lang='lat' dir='ltr'><strong>illi</strong></span> <span class='ocrx_word' id='word_1_317' title='bbox 1593 2546 1907 2616; x_wconf 83' lang='lat' dir='ltr'><strong>suppeditar</strong></span> 
     </span>
    </p>
   </div>
   <div class='ocr_carea' id='block_1_44' title="bbox 2139 2540 3659 2616">
    <p class='ocr_par' dir='ltr' id='par_1_44' title="bbox 2139 2540 3659 2614">
     <span class='ocr_line' id='line_1_44' title="bbox 2139 2540 3659 2614; baseline 0.006 -20"><span class='ocrx_word' id='word_1_318' title='bbox 2139 2540 2422 2614; x_wconf 76' lang='grc' dir='ltr'>ιρέχουσιν·</span> <span class='ocrx_word' id='word_1_319' title='bbox 2453 2541 2566 2595; x_wconf 84' lang='grc' dir='ltr'>ἀλλ’</span> <span class='ocrx_word' id='word_1_320' title='bbox 2589 2541 2652 2595; x_wconf 77' lang='grc' dir='ltr'><strong>ἐκ</strong></span> <span class='ocrx_word' id='word_1_321' title='bbox 2676 2559 2735 2595; x_wconf 87' lang='grc' dir='ltr'><strong>τε</strong></span> <span class='ocrx_word' id='word_1_322' title='bbox 2770 2542 2949 2614; x_wconf 75' lang='grc' dir='ltr'>ψυχῆς</span> <span class='ocrx_word' id='word_1_323' title='bbox 2971 2542 3034 2597; x_wconf 78' lang='grc' dir='ltr'><strong>ἐκ</strong></span> <span class='ocrx_word' id='word_1_324' title='bbox 3055 2561 3112 2596; x_wconf 86' lang='grc' dir='ltr'><strong>τε</strong></span> <span class='ocrx_word' id='word_1_325' title='bbox 3146 2544 3252 2597; x_wconf 81' lang='grc' dir='ltr'><strong>τῶν</strong></span> <span class='ocrx_word' id='word_1_326' title='bbox 3282 2544 3459 2600; x_wconf 82' lang='grc' dir='ltr'>ἄλλων</span> <span class='ocrx_word' id='word_1_327' title='bbox 3475 2549 3659 2603; x_wconf 79' lang='grc' dir='ltr'>πᾶσαν</span> 
     </span>
    </p>
   </div>
   <div class='ocr_carea' id='block_1_45' title="bbox 388 2632 1908 2707">
    <p class='ocr_par' dir='ltr' id='par_1_45' title="bbox 388 2634 1908 2706">
     <span class='ocr_line' id='line_1_45' title="bbox 388 2634 1908 2706; baseline 0.003 -20"><span class='ocrx_word' id='word_1_328' title='bbox 388 2649 648 2706; x_wconf 76' lang='lat' dir='ltr'><strong>egeamus</strong></span> <span class='ocrx_word' id='word_1_329' title='bbox 682 2652 697 2688; x_wconf 86' lang='lat'><strong>:</strong></span> <span class='ocrx_word' id='word_1_330' title='bbox 731 2634 824 2688; x_wconf 91' lang='lat' dir='ltr'><strong>sed</strong></span> <span class='ocrx_word' id='word_1_331' title='bbox 848 2634 1029 2704; x_wconf 88' lang='lat' dir='ltr'><strong>potius</strong></span> <span class='ocrx_word' id='word_1_332' title='bbox 1064 2644 1123 2688; x_wconf 93' lang='lat' dir='ltr'><strong>ut</strong></span> <span class='ocrx_word' id='word_1_333' title='bbox 1148 2636 1334 2690; x_wconf 89' lang='lat' dir='ltr'><strong>animo</strong></span> <span class='ocrx_word' id='word_1_334' title='bbox 1353 2636 1518 2691; x_wconf 91' lang='lat' dir='ltr'><strong>simul</strong></span> <span class='ocrx_word' id='word_1_335' title='bbox 1551 2651 1616 2691; x_wconf 90' lang='lat' dir='ltr'><strong>ac</strong></span> <span class='ocrx_word' id='word_1_336' title='bbox 1639 2637 1908 2704; x_wconf 80' lang='lat' dir='ltr'><strong>caeteris,:</strong></span> 
     </span>
    </p>
   </div>
   <div class='ocr_carea' id='block_1_46' title="bbox 2136 2632 3656 2707">
    <p class='ocr_par' dir='ltr' id='par_1_46' title="bbox 2136 2632 3656 2707">
     <span class='ocr_line' id='line_1_46' title="bbox 2136 2632 3656 2707; baseline 0.004 -22"><span class='ocrx_word' id='word_1_337' title='bbox 2136 2632 2309 2704; x_wconf 74' lang='grc' dir='ltr'>εουδὴν</span> <span class='ocrx_word' id='word_1_338' title='bbox 2340 2632 2640 2704; x_wconf 78' lang='grc' dir='ltr'>ποιούμεθα</span> <span class='ocrx_word' id='word_1_339' title='bbox 2669 2646 2717 2699; x_wconf 82' lang='grc' dir='ltr'><strong>ιι,</strong></span> <span class='ocrx_word' id='word_1_340' title='bbox 2751 2633 2869 2705; x_wconf 80' lang='grc' dir='ltr'>Θεῷ</span> <span class='ocrx_word' id='word_1_341' title='bbox 2910 2635 3007 2703; x_wconf 85' lang='grc' dir='ltr'><strong>μὲν</strong></span> <span class='ocrx_word' id='word_1_342' title='bbox 3041 2636 3133 2688; x_wconf 67' lang='grc' dir='ltr'><strong>καὶ</strong></span> <span class='ocrx_word' id='word_1_343' title='bbox 3156 2639 3267 2699; x_wconf 83' lang='grc' dir='ltr'>τοῖς</span> <span class='ocrx_word' id='word_1_344' title='bbox 3306 2637 3442 2707; x_wconf 80' lang='grc' dir='ltr'>ἀμφ’</span> <span class='ocrx_word' id='word_1_345' title='bbox 3489 2639 3656 2693; x_wconf 78' lang='grc' dir='ltr'>αὐτὸν</span> 
     </span>
    </p>
   </div>
   <div class='ocr_carea' id='block_1_47' title="bbox 388 2723 1908 2802">
    <p class='ocr_par' dir='ltr' id='par_1_47' title="bbox 388 2725 1908 2799">
     <span class='ocr_line' id='line_1_47' title="bbox 388 2725 1908 2799; baseline 0.001 -18"><span class='ocrx_word' id='word_1_346' title='bbox 388 2725 483 2781; x_wconf 86' lang='lat' dir='ltr'><strong>Dei</strong></span> <span class='ocrx_word' id='word_1_347' title='bbox 510 2727 750 2798; x_wconf 91' lang='lat' dir='ltr'><strong>quidem,</strong></span> <span class='ocrx_word' id='word_1_348' title='bbox 784 2735 840 2781; x_wconf 88' lang='lat' dir='ltr'><strong>et</strong></span> <span class='ocrx_word' id='word_1_349' title='bbox 862 2742 1075 2793; x_wconf 89' lang='lat' dir='ltr'><strong>eorum,</strong></span> <span class='ocrx_word' id='word_1_350' title='bbox 1101 2728 1195 2798; x_wconf 92' lang='lat' dir='ltr'><strong>qui</strong></span> <span class='ocrx_word' id='word_1_351' title='bbox 1231 2727 1341 2783; x_wconf 91' lang='lat' dir='ltr'><strong>Deo</strong></span> <span class='ocrx_word' id='word_1_352' title='bbox 1373 2729 1794 2799; x_wconf 91' lang='lat' dir='ltr'><strong>propinquiores</strong></span> <span class='ocrx_word' id='word_1_353' title='bbox 1816 2746 1908 2785; x_wconf 83' lang='lat' dir='ltr'><strong>sun</strong></span> 
     </span>
    </p>
   </div>
   <div class='ocr_carea' id='block_1_48' title="bbox 2136 2723 3656 2802">
    <p class='ocr_par' dir='ltr' id='par_1_48' title="bbox 2136 2723 3656 2802">
     <span class='ocr_line' id='line_1_48' title="bbox 2136 2723 3656 2802; baseline 0.005 -25"><span class='ocrx_word' id='word_1_354' title='bbox 2136 2723 2408 2778; x_wconf 75' lang='grc' dir='ltr'>,οιοῦσθαιο</span> <span class='ocrx_word' id='word_1_355' title='bbox 2464 2724 2544 2796; x_wconf 80' lang='grc' dir='ltr'>(ὃ</span> <span class='ocrx_word' id='word_1_356' title='bbox 2575 2725 2640 2797; x_wconf 86' lang='grc' dir='ltr'><strong>δὴ</strong></span> <span class='ocrx_word' id='word_1_357' title='bbox 2700 2725 2909 2794; x_wconf 83' lang='grc' dir='ltr'>γίνεται</span> <span class='ocrx_word' id='word_1_358' title='bbox 2971 2727 3038 2781; x_wconf 84' lang='grc' dir='ltr'><strong>δι’</strong></span> <span class='ocrx_word' id='word_1_359' title='bbox 3081 2728 3347 2793; x_wconf 83' lang='grc' dir='ltr'>ἀπαθείας</span> <span class='ocrx_word' id='word_1_360' title='bbox 3396 2732 3492 2784; x_wconf 78' lang='grc' dir='ltr'>καὶ</span> <span class='ocrx_word' id='word_1_361' title='bbox 3552 2732 3656 2802; x_wconf 84' lang='grc' dir='ltr'>τῆς</span> 
     </span>
    </p>
   </div>
   <div class='ocr_carea' id='block_1_49' title="bbox 386 2816 1906 2894">
    <p class='ocr_par' dir='ltr' id='par_1_49' title="bbox 386 2817 1906 2890">
     <span class='ocr_line' id='line_1_49' title="bbox 386 2817 1906 2890; baseline 0.004 -20"><span class='ocrx_word' id='word_1_362' title='bbox 386 2817 749 2873; x_wconf 87' lang='lat' dir='ltr'><strong>imitationem</strong></span> <span class='ocrx_word' id='word_1_363' title='bbox 784 2820 1340 2887; x_wconf 86' lang='lat' dir='ltr'><strong>ac.similitudinem,</strong></span> <span class='ocrx_word' id='word_1_364' title='bbox 1384 2833 1652 2890; x_wconf 86' lang='lat' dir='ltr'><strong>quantum</strong></span> <span class='ocrx_word' id='word_1_365' title='bbox 1700 2822 1756 2876; x_wconf 90' lang='lat' dir='ltr'><strong>in</strong></span> <span class='ocrx_word' id='word_1_366' title='bbox 1805 2822 1906 2876; x_wconf 89' lang='lat' dir='ltr'><strong>noh</strong></span> 
     </span>
    </p>
   </div>
   <div class='ocr_carea' id='block_1_50' title="bbox 2132 2816 3652 2894">
    <p class='ocr_par' dir='ltr' id='par_1_50' title="bbox 2132 2816 3652 2894">
     <span class='ocr_line' id='line_1_50' title="bbox 2132 2816 3652 2894; baseline 0.006 -27"><span class='ocrx_word' id='word_1_367' title='bbox 2132 2817 2198 2889; x_wconf 76' lang='lat' dir='ltr'><strong>:p‘t</strong></span> <span class='ocrx_word' id='word_1_368' title='bbox 2243 2817 2352 2872; x_wconf 83' lang='grc' dir='ltr'><strong>τῶν</strong></span> <span class='ocrx_word' id='word_1_369' title='bbox 2415 2816 2583 2880; x_wconf 79' lang='grc' dir='ltr'>ὅντως</span> <span class='ocrx_word' id='word_1_370' title='bbox 2626 2816 2795 2871; x_wconf 83' lang='grc' dir='ltr'>ὅντων</span> <span class='ocrx_word' id='word_1_371' title='bbox 2849 2817 3264 2891; x_wconf 78' lang='grc' dir='ltr'>διηρθρωμένης</span> <span class='ocrx_word' id='word_1_372' title='bbox 3317 2820 3652 2894; x_wconf 77' lang='grc' dir='ltr'>διαλήψεως,</span> 
     </span>
    </p>
   </div>
   <div class='ocr_carea' id='block_1_51' title="bbox 386 2907 1906 3012">
    <p class='ocr_par' dir='ltr' id='par_1_51' title="bbox 386 2908 1906 2983">
     <span class='ocr_line' id='line_1_51' title="bbox 386 2908 1906 2983; baseline 0.004 -21"><span class='ocrx_word' id='word_1_373' title='bbox 386 2908 512 2975; x_wconf 80' lang='lat' dir='ltr'><strong>crit,</strong></span> <span class='ocrx_word' id='word_1_374' title='bbox 543 2910 849 2978; x_wconf 86' lang='lat' dir='ltr'><strong>aspiremus</strong></span> <span class='ocrx_word' id='word_1_375' title='bbox 883 2909 960 2981; x_wconf 89' lang='lat' dir='ltr'><strong>(id</strong></span> <span class='ocrx_word' id='word_1_376' title='bbox 990 2912 1134 2981; x_wconf 87' lang='lat' dir='ltr'><strong>quod</strong></span> <span class='ocrx_word' id='word_1_377' title='bbox 1162 2913 1361 2982; x_wconf 87' lang='lat' dir='ltr'><strong>partim</strong></span> <span class='ocrx_word' id='word_1_378' title='bbox 1390 2913 1747 2983; x_wconf 89' lang='lat' dir='ltr'><strong>cupiditatum</strong></span> <span class='ocrx_word' id='word_1_379' title='bbox 1775 2929 1906 2968; x_wconf 88' lang='lat' dir='ltr'><strong>vacu</strong></span> 
     </span>
    </p>
   </div>
   <div class='ocr_carea' id='block_1_52' title="bbox 2137 2907 3657 3012">
    <p class='ocr_par' dir='ltr' id='par_1_52' title="bbox 2137 2907 3657 2986">
     <span class='ocr_line' id='line_1_52' title="bbox 2137 2907 3657 2986; baseline 0.005 -26"><span class='ocrx_word' id='word_1_380' title='bbox 2137 2907 2160 2960; x_wconf 87' lang='lat' dir='ltr'><strong>i.</strong></span> <span class='ocrx_word' id='word_1_381' title='bbox 2184 2908 2319 2980; x_wconf 87' lang='grc' dir='ltr'>πρὸς</span> <span class='ocrx_word' id='word_1_382' title='bbox 2338 2908 2477 2962; x_wconf 86' lang='grc' dir='ltr'>αὐτὰ</span> <span class='ocrx_word' id='word_1_383' title='bbox 2493 2910 2584 2962; x_wconf 77' lang='grc' dir='ltr'>καὶ</span> <span class='ocrx_word' id='word_1_384' title='bbox 2628 2911 2749 2962; x_wconf 86' lang='grc' dir='ltr'>κατ’</span> <span class='ocrx_word' id='word_1_385' title='bbox 2778 2909 2917 2963; x_wconf 84' lang='grc' dir='ltr'>αὐτὰ</span> <span class='ocrx_word' id='word_1_386' title='bbox 2938 2911 3082 2982; x_wconf 81' lang='grc' dir='ltr'>ζωῆς</span> <span class='ocrx_word' id='word_1_387' title='bbox 3109 2911 3292 2982; x_wconf 79' lang='grc'><strong>(55⁴)·)</strong></span> <span class='ocrx_word' id='word_1_388' title='bbox 3316 2916 3570 2986; x_wconf 83' lang='grc' dir='ltr'>πονηροῖς</span> <span class='ocrx_word' id='word_1_389' title='bbox 3594 2914 3657 2968; x_wconf 77' lang='grc' dir='ltr'><strong>δὲ</strong></span> 
     </span>
    </p>
   </div>
   <div class='ocr_carea' id='block_1_53' title="bbox 393 2998 1913 3077">
    <p class='ocr_par' dir='ltr' id='par_1_53' title="bbox 393 3000 1913 3075">
     <span class='ocr_line' id='line_1_53' title="bbox 393 3000 1913 3075; baseline 0.005 -23"><span class='ocrx_word' id='word_1_390' title='bbox 393 3008 521 3065; x_wconf 87' lang='lat' dir='ltr'><strong>tate,</strong></span> <span class='ocrx_word' id='word_1_391' title='bbox 547 3000 744 3069; x_wconf 89' lang='lat' dir='ltr'><strong>partim</strong></span> <span class='ocrx_word' id='word_1_392' title='bbox 794 3001 1006 3055; x_wconf 88' lang='lat' dir='ltr'><strong>sincera</strong></span> <span class='ocrx_word' id='word_1_393' title='bbox 1062 3010 1117 3057; x_wconf 94' lang='lat' dir='ltr'><strong>et</strong></span> <span class='ocrx_word' id='word_1_394' title='bbox 1164 3004 1449 3058; x_wconf 88' lang='lat' dir='ltr'><strong>enucleata</strong></span> <span class='ocrx_word' id='word_1_395' title='bbox 1479 3005 1546 3058; x_wconf 91' lang='lat' dir='ltr'><strong>de</strong></span> <span class='ocrx_word' id='word_1_396' title='bbox 1572 3005 1660 3070; x_wconf 91' lang='lat' dir='ltr'><strong>iis,</strong></span> <span class='ocrx_word' id='word_1_397' title='bbox 1696 3021 1818 3075; x_wconf 82' lang='lat' dir='ltr'><strong>quae</strong></span> <span class='ocrx_word' id='word_1_398' title='bbox 1844 3021 1913 3060; x_wconf 87' lang='lat' dir='ltr'><strong>ve.</strong></span> 
     </span>
    </p>
   </div>
   <div class='ocr_carea' id='block_1_54' title="bbox 2135 2998 3655 3077">
    <p class='ocr_par' dir='ltr' id='par_1_54' title="bbox 2135 2998 3655 3077">
     <span class='ocr_line' id='line_1_54' title="bbox 2135 2998 3655 3077; baseline 0.005 -26"><span class='ocrx_word' id='word_1_399' title='bbox 2135 2998 2373 3072; x_wconf 85' lang='grc' dir='ltr'>θρώποις</span> <span class='ocrx_word' id='word_1_400' title='bbox 2445 3000 2538 3053; x_wconf 79' lang='grc' dir='ltr'><strong>καὶ</strong></span> <span class='ocrx_word' id='word_1_401' title='bbox 2614 3000 2868 3073; x_wconf 86' lang='grc' dir='ltr'>δαίμοσι,</span> <span class='ocrx_word' id='word_1_402' title='bbox 2943 3003 3041 3056; x_wconf 77' lang='grc' dir='ltr'><strong>καὶ</strong></span> <span class='ocrx_word' id='word_1_403' title='bbox 3119 3003 3259 3067; x_wconf 81' lang='grc' dir='ltr'>ὅλως</span> <span class='ocrx_word' id='word_1_404' title='bbox 3333 3005 3497 3058; x_wconf 66' lang='grc' dir='ltr'><strong>’παντῖ⁹</strong></span> <span class='ocrx_word' id='word_1_405' title='bbox 3571 3005 3655 3077; x_wconf 84' lang='grc' dir='ltr'>τῷ</span> 
     </span>
    </p>
   </div>
   <div class='ocr_carea' id='block_1_55' title="bbox 388 3089 1908 3167">
    <p class='ocr_par' dir='ltr' id='par_1_55' title="bbox 388 3091 1908 3167">
     <span class='ocr_line' id='line_1_55' title="bbox 388 3091 1908 3167; baseline 0.009 -25"><span class='ocrx_word' id='word_1_406' title='bbox 388 3098 536 3156; x_wconf 76' lang='lat' dir='ltr'><strong>sunt,</strong></span> <span class='ocrx_word' id='word_1_407' title='bbox 579 3091 1008 3158; x_wconf 81' lang='lat' dir='ltr'><strong>existimatione,</strong></span> <span class='ocrx_word' id='word_1_408' title='bbox 1047 3096 1248 3164; x_wconf 90' lang='lat' dir='ltr'><strong>partim</strong></span> <span class='ocrx_word' id='word_1_409' title='bbox 1303 3098 1425 3152; x_wconf 69' lang='lat' dir='ltr'><strong>vitae</strong></span> <span class='ocrx_word' id='word_1_410' title='bbox 1459 3098 1634 3167; x_wconf 90' lang='lat' dir='ltr'><strong>ipsius</strong></span> <span class='ocrx_word' id='word_1_411' title='bbox 1668 3099 1737 3153; x_wconf 85' lang='lat' dir='ltr'><strong>ad</strong></span> <span class='ocrx_word' id='word_1_412' title='bbox 1774 3114 1908 3155; x_wconf 88' lang='lat' dir='ltr'><strong>eoru</strong></span> 
     </span>
    </p>
   </div>
   <div class='ocr_carea' id='block_1_56' title="bbox 2136 3089 3656 3167">
    <p class='ocr_par' dir='ltr' id='par_1_56' title="bbox 2141 3089 3656 3163">
     <span class='ocr_line' id='line_1_56' title="bbox 2141 3089 3656 3163; baseline 0.005 -20"><span class='ocrx_word' id='word_1_413' title='bbox 2141 3092 2307 3162; x_wconf 75' lang='grc' dir='ltr'>εροντι</span> <span class='ocrx_word' id='word_1_414' title='bbox 2367 3089 2445 3162; x_wconf 85' lang='grc' dir='ltr'>τῷ</span> <span class='ocrx_word' id='word_1_415' title='bbox 2507 3091 2686 3163; x_wconf 84' lang='grc' dir='ltr'>θνητῷ</span> <span class='ocrx_word' id='word_1_416' title='bbox 2754 3094 2846 3146; x_wconf 76' lang='grc' dir='ltr'><strong>καὶ</strong></span> <span class='ocrx_word' id='word_1_417' title='bbox 2899 3092 3068 3163; x_wconf 80' lang='grc' dir='ltr'>ὑλικῷ</span> <span class='ocrx_word' id='word_1_418' title='bbox 3113 3095 3511 3163; x_wconf 82' lang='grc' dir='ltr'>άνομοιοῦσθαι.</span> <span class='ocrx_word' id='word_1_419' title='bbox 3555 3097 3656 3151; x_wconf 79' lang='grc' dir='ltr'>Ὃν</span> 
     </span>
    </p>
   </div>
   <div class='ocr_carea' id='block_1_57' title="bbox 386 3181 1906 3261">
    <p class='ocr_par' dir='ltr' id='par_1_57' title="bbox 386 3181 1905 3261">
     <span class='ocr_line' id='line_1_57' title="bbox 386 3181 1905 3261; baseline 0.007 -25"><span class='ocrx_word' id='word_1_420' title='bbox 386 3182 664 3250; x_wconf 83' lang='lat' dir='ltr'><strong>exemplar</strong></span> <span class='ocrx_word' id='word_1_421' title='bbox 686 3181 1121 3240; x_wconf 82' lang='lat' dir='ltr'><strong>conformatione</strong></span> <span class='ocrx_word' id='word_1_422' title='bbox 1144 3190 1560 3259; x_wconf 87' lang='lat' dir='ltr'><strong>assequemur);</strong></span> <span class='ocrx_word' id='word_1_423' title='bbox 1589 3190 1905 3261; x_wconf 89' lang='lat' dir='ltr'><strong>improboru</strong></span> 
     </span>
    </p>
   </div>
   <div class='ocr_carea' id='block_1_58' title="bbox 2136 3181 3656 3261">
    <p class='ocr_par' dir='ltr' id='par_1_58' title="bbox 2179 3182 3656 3258">
     <span class='ocr_line' id='line_1_58' title="bbox 2179 3182 3656 3258; baseline 0.004 -23"><span class='ocrx_word' id='word_1_424' title='bbox 2179 3185 2342 3255; x_wconf 82' lang='grc' dir='ltr'>ἡμεῖς</span> <span class='ocrx_word' id='word_1_425' title='bbox 2397 3182 2505 3254; x_wconf 65' lang='grc'><strong>(54)</strong></span> <span class='ocrx_word' id='word_1_426' title='bbox 2562 3184 2954 3256; x_wconf 78' lang='grc' dir='ltr'>ὑπογράφομεν</span> <span class='ocrx_word' id='word_1_427' title='bbox 3013 3185 3299 3255; x_wconf 79' lang='grc' dir='ltr'>φιλόσοφον</span> <span class='ocrx_word' id='word_1_428' title='bbox 3344 3187 3656 3258; x_wconf 74' lang='grc' dir='ltr'>ἀφιστάμε-</span> 
     </span>
    </p>
   </div>
   <div class='ocr_carea' id='block_1_59' title="bbox 389 3274 1909 3351">
    <p class='ocr_par' dir='ltr' id='par_1_59' title="bbox 389 3274 1909 3351">
     <span class='ocr_line' id='line_1_59' title="bbox 389 3274 1909 3351; baseline 0.007 -24"><span class='ocrx_word' id='word_1_429' title='bbox 389 3282 569 3328; x_wconf 89' lang='lat' dir='ltr'><strong>autem</strong></span> <span class='ocrx_word' id='word_1_430' title='bbox 593 3274 707 3328; x_wconf 85' lang='lat' dir='ltr'><strong>sive</strong></span> <span class='ocrx_word' id='word_1_431' title='bbox 738 3274 1046 3339; x_wconf 84' lang='lat' dir='ltr'><strong>hominum,</strong></span> <span class='ocrx_word' id='word_1_432' title='bbox 1082 3276 1195 3331; x_wconf 86' lang='lat' dir='ltr'><strong>sive</strong></span> <span class='ocrx_word' id='word_1_433' title='bbox 1222 3279 1551 3342; x_wconf 54' lang='lat' dir='ltr'><strong>daemonum,</strong></span> <span class='ocrx_word' id='word_1_434' title='bbox 1583 3290 1909 3351; x_wconf 83' lang='lat' dir='ltr'><strong>atque-omn</strong></span> 
     </span>
    </p>
   </div>
   <div class='ocr_carea' id='block_1_60' title="bbox 2137 3274 3657 3351">
    <p class='ocr_par' dir='ltr' id='par_1_60' title="bbox 2137 3274 3657 3348">
     <span class='ocr_line' id='line_1_60' title="bbox 2137 3274 3657 3348; baseline 0.003 -21"><span class='ocrx_word' id='word_1_435' title='bbox 2137 3292 2152 3328; x_wconf 69' lang='grc' dir='ltr'><em>θ</em></span> <span class='ocrx_word' id='word_1_436' title='bbox 2189 3274 2298 3328; x_wconf 82' lang='grc' dir='ltr'>τῶν</span> <span class='ocrx_word' id='word_1_437' title='bbox 2360 3275 2518 3338; x_wconf 87' lang='grc' dir='ltr'>ἐκτὸς</span> <span class='ocrx_word' id='word_1_438' title='bbox 2540 3316 2554 3340; x_wconf 91' lang='grc'><strong>,</strong></span> <span class='ocrx_word' id='word_1_439' title='bbox 2591 3275 2815 3339; x_wconf 77' lang='grc' dir='ltr'>εἰκότως</span> <span class='ocrx_word' id='word_1_440' title='bbox 2848 3276 3028 3347; x_wconf 80' lang='grc' dir='ltr'>φαμὲν</span> <span class='ocrx_word' id='word_1_441' title='bbox 3068 3275 3143 3347; x_wconf 83' lang='grc' dir='ltr'><strong>μὴ</strong></span> <span class='ocrx_word' id='word_1_442' title='bbox 3190 3276 3499 3348; x_wconf 78' lang='grc' dir='ltr'>ἐνοχλήσειν</span> <span class='ocrx_word' id='word_1_443' title='bbox 3531 3279 3657 3333; x_wconf 79' lang='grc' dir='ltr'>δαῖ-</span> 
     </span>
    </p>
   </div>
   <div class='ocr_carea' id='block_1_61' title="bbox 389 3365 1909 3440">
    <p class='ocr_par' dir='ltr' id='par_1_61' title="bbox 389 3365 1907 3440">
     <span class='ocr_line' id='line_1_61' title="bbox 389 3365 1907 3440; baseline 0.007 -21"><span class='ocrx_word' id='word_1_444' title='bbox 389 3380 461 3421; x_wconf 87' lang='lat' dir='ltr'><strong>no</strong></span> <span class='ocrx_word' id='word_1_445' title='bbox 490 3365 742 3437; x_wconf 89' lang='lat' dir='ltr'><strong>quisquis</strong></span> <span class='ocrx_word' id='word_1_446' title='bbox 767 3367 998 3420; x_wconf 86' lang='lat' dir='ltr'><strong>mortale</strong></span> <span class='ocrx_word' id='word_1_447' title='bbox 1025 3369 1324 3440; x_wconf 83' lang='lat' dir='ltr'><strong>quidquam</strong></span> <span class='ocrx_word' id='word_1_448' title='bbox 1347 3381 1402 3427; x_wconf 91' lang='lat' dir='ltr'><strong>et</strong></span> <span class='ocrx_word' id='word_1_449' title='bbox 1427 3388 1552 3428; x_wconf 88' lang='lat' dir='ltr'><strong>cum</strong></span> <span class='ocrx_word' id='word_1_450' title='bbox 1582 3376 1811 3429; x_wconf 87' lang='lat' dir='ltr'><strong>materia</strong></span> <span class='ocrx_word' id='word_1_451' title='bbox 1841 3391 1907 3430; x_wconf 90' lang='lat' dir='ltr'><strong>co</strong></span> 
     </span>
    </p>
   </div>
   <div class='ocr_carea' id='block_1_62' title="bbox 2140 3365 3660 3440">
    <p class='ocr_par' dir='ltr' id='par_1_62' title="bbox 2140 3367 3660 3440">
     <span class='ocr_line' id='line_1_62' title="bbox 2140 3367 3660 3440; baseline 0.005 -20"><span class='ocrx_word' id='word_1_452' title='bbox 2140 3384 2213 3432; x_wconf 90' lang='grc' dir='ltr'><strong>σι,</strong></span> <span class='ocrx_word' id='word_1_453' title='bbox 2275 3368 2408 3438; x_wconf 80' lang='grc' dir='ltr'>μηδὲ</span> <span class='ocrx_word' id='word_1_454' title='bbox 2473 3368 2716 3437; x_wconf 85' lang='grc' dir='ltr'>μάντεων</span> <span class='ocrx_word' id='word_1_455' title='bbox 2765 3367 3089 3438; x_wconf 88' lang='grc' dir='ltr'>δεήσεσθαι,</span> <span class='ocrx_word' id='word_1_456' title='bbox 3144 3368 3279 3439; x_wconf 85' lang='grc' dir='ltr'>μηδέ</span> <span class='ocrx_word' id='word_1_457' title='bbox 3327 3369 3660 3440; x_wconf 77' lang='grc' dir='ltr'>σπλάγχνων</span> 
     </span>
    </p>
   </div>
   <div class='ocr_carea' id='block_1_63' title="bbox 384 3451 1904 3531">
    <p class='ocr_par' dir='ltr' id='par_1_63' title="bbox 384 3459 1904 3531">
     <span class='ocr_line' id='line_1_63' title="bbox 384 3459 1904 3531; baseline 0.006 -19"><span class='ocrx_word' id='word_1_458' title='bbox 384 3459 633 3528; x_wconf 86' lang='lat' dir='ltr'><strong>junctum</strong></span> <span class='ocrx_word' id='word_1_459' title='bbox 687 3469 873 3528; x_wconf 87' lang='lat' dir='ltr'><strong>amet,</strong></span> <span class='ocrx_word' id='word_1_460' title='bbox 917 3461 1039 3531; x_wconf 84' lang='lat' dir='ltr'><strong>ejus</strong></span> <span class='ocrx_word' id='word_1_461' title='bbox 1096 3461 1392 3519; x_wconf 86' lang='lat' dir='ltr'><strong>dissimiles</strong></span> <span class='ocrx_word' id='word_1_462' title='bbox 1445 3479 1566 3520; x_wconf 89' lang='lat' dir='ltr'><strong>esse</strong></span> <span class='ocrx_word' id='word_1_463' title='bbox 1624 3467 1904 3521; x_wconf 88' lang='lat' dir='ltr'><strong>studeamu</strong></span> 
     </span>
    </p>
   </div>
   <div class='ocr_carea' id='block_1_64' title="bbox 2141 3451 3661 3531">
    <p class='ocr_par' dir='ltr' id='par_1_64' title="bbox 2141 3451 3661 3530">
     <span class='ocr_line' id='line_1_64' title="bbox 2141 3451 3661 3530; baseline 0.002 -20"><span class='ocrx_word' id='word_1_464' title='bbox 2141 3474 2237 3513; x_wconf 90' lang='grc' dir='ltr'><strong>ων.</strong></span> <span class='ocrx_word' id='word_1_465' title='bbox 2275 3451 2374 3510; x_wconf 81' lang='grc' dir='ltr'>Ὧν</span> <span class='ocrx_word' id='word_1_466' title='bbox 2406 3455 2515 3528; x_wconf 87' lang='grc' dir='ltr'>γὰρ</span> <span class='ocrx_word' id='word_1_467' title='bbox 2539 3456 2701 3510; x_wconf 79' lang='grc' dir='ltr'>ἓνεκα</span> <span class='ocrx_word' id='word_1_468' title='bbox 2731 3458 2786 3510; x_wconf 90' lang='grc' dir='ltr'>αἱ</span> <span class='ocrx_word' id='word_1_469' title='bbox 2823 3460 3103 3527; x_wconf 81' lang='grc' dir='ltr'>μαντεῖαι,</span> <span class='ocrx_word' id='word_1_470' title='bbox 3133 3457 3338 3512; x_wconf 86' lang='grc' dir='ltr'>τούτων</span> <span class='ocrx_word' id='word_1_471' title='bbox 3363 3453 3515 3522; x_wconf 76' lang='grc' dir='ltr'>οὗτος</span> <span class='ocrx_word' id='word_1_472' title='bbox 3547 3477 3661 3530; x_wconf 74' lang='grc' dir='ltr'>με-</span> 
     </span>
    </p>
   </div>
   <div class='ocr_carea' id='block_1_65' title="bbox 394 3546 1914 3629">
    <p class='ocr_par' dir='ltr' id='par_1_65' title="bbox 394 3552 1914 3629">
     <span class='ocr_line' id='line_1_65' title="bbox 394 3552 1914 3629; baseline 0.003 -20"><span class='ocrx_word' id='word_1_473' title='bbox 394 3552 551 3623; x_wconf 80' lang='lat'><strong>167</strong></span> <span class='ocrx_word' id='word_1_474' title='bbox 597 3554 665 3608; x_wconf 83' lang='lat' dir='ltr'><strong>At</strong></span> <span class='ocrx_word' id='word_1_475' title='bbox 714 3570 845 3610; x_wconf 89' lang='lat' dir='ltr'><strong>vero</strong></span> <span class='ocrx_word' id='word_1_476' title='bbox 877 3556 972 3627; x_wconf 90' lang='lat' dir='ltr'><strong>qui</strong></span> <span class='ocrx_word' id='word_1_477' title='bbox 1025 3571 1057 3609; x_wconf 88' lang='lat' dir='ltr'><strong>a</strong></span> <span class='ocrx_word' id='word_1_478' title='bbox 1097 3557 1255 3612; x_wconf 90' lang='lat' dir='ltr'><strong>nobis</strong></span> <span class='ocrx_word' id='word_1_479' title='bbox 1285 3558 1388 3613; x_wconf 87' lang='lat' dir='ltr'><strong>hoc</strong></span> <span class='ocrx_word' id='word_1_480' title='bbox 1417 3559 1541 3614; x_wconf 91' lang='lat' dir='ltr'><strong>loco</strong></span> <span class='ocrx_word' id='word_1_481' title='bbox 1571 3559 1914 3629; x_wconf 77' lang='lat' dir='ltr'><strong>philosophu:</strong></span> 
     </span>
    </p>
   </div>
   <div class='ocr_carea' id='block_1_66' title="bbox 2137 3546 3657 3629">
    <p class='ocr_par' dir='ltr' id='par_1_66' title="bbox 2137 3546 3657 3622">
     <span class='ocr_line' id='line_1_66' title="bbox 2137 3546 3657 3622; baseline 0.005 -25"><span class='ocrx_word' id='word_1_482' title='bbox 2137 3547 2308 3620; x_wconf 85' lang='grc' dir='ltr'>,ληκεν</span> <span class='ocrx_word' id='word_1_483' title='bbox 2336 3547 2685 3617; x_wconf 86' lang='grc' dir='ltr'>ἀφίστασθαι.</span> <span class='ocrx_word' id='word_1_484' title='bbox 2720 3546 2857 3600; x_wconf 77' lang='grc' dir='ltr'>Οὔτε</span> <span class='ocrx_word' id='word_1_485' title='bbox 2889 3548 2998 3619; x_wconf 89' lang='grc' dir='ltr'>γὰρ</span> <span class='ocrx_word' id='word_1_486' title='bbox 3041 3550 3121 3611; x_wconf 74' lang='grc' dir='ltr'><strong>εἰς</strong></span> <span class='ocrx_word' id='word_1_487' title='bbox 3163 3548 3338 3619; x_wconf 82' lang='grc' dir='ltr'>γάμον</span> <span class='ocrx_word' id='word_1_488' title='bbox 3372 3549 3657 3622; x_wconf 78' lang='grc' dir='ltr'>καθίησιν,</span> 
     </span>
    </p>
   </div>
   <div class='ocr_carea' id='block_1_67' title="bbox 388 3635 1908 3710">
    <p class='ocr_par' dir='ltr' id='par_1_67' title="bbox 388 3645 1908 3709">
     <span class='ocr_line' id='line_1_67' title="bbox 388 3645 1908 3709; baseline 0.005 -11"><span class='ocrx_word' id='word_1_489' title='bbox 388 3645 712 3709; x_wconf 81' lang='lat' dir='ltr'><strong>deliueatur,</strong></span> <span class='ocrx_word' id='word_1_490' title='bbox 745 3661 777 3701; x_wconf 93' lang='lat' dir='ltr'><strong>a</strong></span> <span class='ocrx_word' id='word_1_491' title='bbox 811 3662 995 3702; x_wconf 91' lang='lat' dir='ltr'><strong>rerum</strong></span> <span class='ocrx_word' id='word_1_492' title='bbox 1037 3649 1375 3704; x_wconf 76' lang='lat' dir='ltr'><strong>exteriorum</strong></span> <span class='ocrx_word' id='word_1_493' title='bbox 1413 3652 1751 3707; x_wconf 85' lang='lat' dir='ltr'><strong>commercio</strong></span> <span class='ocrx_word' id='word_1_494' title='bbox 1781 3663 1834 3707; x_wconf 92' lang='lat' dir='ltr'><strong>et</strong></span> <span class='ocrx_word' id='word_1_495' title='bbox 1870 3668 1908 3708; x_wconf 74' lang='grc' dir='ltr'>δι</span> 
     </span>
    </p>
   </div>
   <div class='ocr_carea' id='block_1_68' title="bbox 2137 3635 3657 3710">
    <p class='ocr_par' dir='ltr' id='par_1_68' title="bbox 2137 3635 3657 3710">
     <span class='ocr_line' id='line_1_68' title="bbox 2137 3635 3657 3710; baseline 0.002 -21"><span class='ocrx_word' id='word_1_496' title='bbox 2137 3655 2157 3689; x_wconf 78' lang='grc' dir='ltr'><strong>ιι</strong></span> <span class='ocrx_word' id='word_1_497' title='bbox 2192 3637 2319 3708; x_wconf 80' lang='grc' dir='ltr'>περὶ</span> <span class='ocrx_word' id='word_1_498' title='bbox 2358 3636 2537 3708; x_wconf 86' lang='grc' dir='ltr'>γάμου</span> <span class='ocrx_word' id='word_1_499' title='bbox 2568 3635 2647 3707; x_wconf 82' lang='grc' dir='ltr'><strong>τῷ</strong></span> <span class='ocrx_word' id='word_1_500' title='bbox 2678 3636 2867 3707; x_wconf 88' lang='grc' dir='ltr'>μάντει</span> <span class='ocrx_word' id='word_1_501' title='bbox 2896 3637 3159 3710; x_wconf 84' lang='grc' dir='ltr'>ἐνοχλήσῃ</span> <span class='ocrx_word' id='word_1_502' title='bbox 3179 3654 3193 3668; x_wconf 89' lang='grc'><strong>·</strong></span> <span class='ocrx_word' id='word_1_503' title='bbox 3230 3638 3329 3691; x_wconf 78' lang='grc' dir='ltr'><strong>οὐκ</strong></span> <span class='ocrx_word' id='word_1_504' title='bbox 3360 3641 3440 3703; x_wconf 79' lang='lat' dir='ltr'><strong>si;</strong></span> <span class='ocrx_word' id='word_1_505' title='bbox 3469 3640 3657 3708; x_wconf 64' lang='grc' dir='ltr'>ἐμποη</span> 
     </span>
    </p>
   </div>
   <div class='ocr_carea' id='block_1_69' title="bbox 388 3730 1908 3813">
    <p class='ocr_par' dir='ltr' id='par_1_69' title="bbox 388 3736 1908 3807">
     <span class='ocr_line' id='line_1_69' title="bbox 388 3736 1908 3807; baseline 0.007 -18"><span class='ocrx_word' id='word_1_506' title='bbox 388 3736 585 3807; x_wconf 64' lang='lat' dir='ltr'><strong>cietate</strong></span> <span class='ocrx_word' id='word_1_507' title='bbox 608 3737 910 3807; x_wconf 67' lang='lat' dir='ltr'><strong>seiunctus,</strong></span> <span class='ocrx_word' id='word_1_508' title='bbox 943 3741 1011 3794; x_wconf 89' lang='lat' dir='ltr'><strong>ab</strong></span> <span class='ocrx_word' id='word_1_509' title='bbox 1033 3755 1100 3795; x_wconf 90' lang='lat' dir='ltr'><strong>eo</strong></span> <span class='ocrx_word' id='word_1_510' title='bbox 1134 3755 1233 3795; x_wconf 91' lang='lat' dir='ltr'><strong>nec</strong></span> <span class='ocrx_word' id='word_1_511' title='bbox 1264 3742 1542 3797; x_wconf 84' lang='lat' dir='ltr'><strong>daemones</strong></span> <span class='ocrx_word' id='word_1_512' title='bbox 1578 3743 1908 3799; x_wconf 78' lang='lat' dir='ltr'><strong>sollicitatun</strong></span> 
     </span>
    </p>
   </div>
   <div class='ocr_carea' id='block_1_70' title="bbox 2139 3730 3659 3813">
    <p class='ocr_par' dir='ltr' id='par_1_70' title="bbox 2139 3730 3659 3802">
     <span class='ocr_line' id='line_1_70' title="bbox 2139 3730 3659 3802; baseline 0.002 -19"><span class='ocrx_word' id='word_1_513' title='bbox 2139 3748 2205 3795; x_wconf 89' lang='grc' dir='ltr'><strong>ιν,</strong></span> <span class='ocrx_word' id='word_1_514' title='bbox 2239 3731 2301 3784; x_wconf 85' lang='grc' dir='ltr'><strong>οὐ</strong></span> <span class='ocrx_word' id='word_1_515' title='bbox 2335 3731 2463 3802; x_wconf 80' lang='grc' dir='ltr'>περὶ</span> <span class='ocrx_word' id='word_1_516' title='bbox 2493 3730 2724 3795; x_wconf 78' lang='grc' dir='ltr'>οἰκέτου,</span> <span class='ocrx_word' id='word_1_517' title='bbox 2756 3730 2816 3782; x_wconf 84' lang='grc' dir='ltr'><strong>ού</strong></span> <span class='ocrx_word' id='word_1_518' title='bbox 2845 3730 2971 3801; x_wconf 82' lang='grc' dir='ltr'>περὶ</span> <span class='ocrx_word' id='word_1_519' title='bbox 2997 3730 3204 3800; x_wconf 79' lang='grc' dir='ltr'>κλοπῆς</span> <span class='ocrx_word' id='word_1_520' title='bbox 3228 3732 3276 3796; x_wconf 68' lang='lat' dir='ltr'><strong>b,</strong></span> <span class='ocrx_word' id='word_1_521' title='bbox 3307 3732 3400 3785; x_wconf 68' lang='grc' dir='ltr'><strong>καὶ</strong></span> <span class='ocrx_word' id='word_1_522' title='bbox 3425 3731 3523 3802; x_wconf 81' lang='grc' dir='ltr'><strong>τῆς</strong></span> <span class='ocrx_word' id='word_1_523' title='bbox 3552 3731 3659 3786; x_wconf 74' lang='grc' dir='ltr'><strong>ἆλ-</strong></span> 
     </span>
    </p>
   </div>
   <div class='ocr_carea' id='block_1_71' title="bbox 388 3813 1908 3907">
    <p class='ocr_par' dir='ltr' id='par_1_71' title="bbox 388 3814 1899 3907">
     <span class='ocr_line' id='line_1_71' title="bbox 388 3814 1899 3907; baseline 0.007 -25"><span class='ocrx_word' id='word_1_524' title='bbox 388 3814 490 3884; x_wconf 77' lang='lat' dir='ltr'><strong>nec</strong></span> <span class='ocrx_word' id='word_1_525' title='bbox 536 3840 688 3886; x_wconf 84' lang='lat' dir='ltr'><strong>vates</strong></span> <span class='ocrx_word' id='word_1_526' title='bbox 740 3841 836 3885; x_wconf 91' lang='lat' dir='ltr'><strong>aut</strong></span> <span class='ocrx_word' id='word_1_527' title='bbox 871 3833 1193 3887; x_wconf 89' lang='lat' dir='ltr'><strong>animalium</strong></span> <span class='ocrx_word' id='word_1_528' title='bbox 1226 3847 1351 3889; x_wconf 85' lang='lat' dir='ltr'><strong>exta</strong></span> <span class='ocrx_word' id='word_1_529' title='bbox 1386 3835 1700 3891; x_wconf 90' lang='lat' dir='ltr'><strong>consultum</strong></span> <span class='ocrx_word' id='word_1_530' title='bbox 1730 3837 1819 3902; x_wconf 91' lang='lat' dir='ltr'><strong>iri,</strong></span> <span class='ocrx_word' id='word_1_531' title='bbox 1841 3839 1899 3907; x_wconf 93' lang='lat' dir='ltr'><strong>ju</strong></span> 
     </span>
    </p>
   </div>
   <div class='ocr_carea' id='block_1_72' title="bbox 2132 3813 3652 3907">
    <p class='ocr_par' dir='ltr' id='par_1_72' title="bbox 2132 3813 3652 3892">
     <span class='ocr_line' id='line_1_72' title="bbox 2132 3813 3652 3892; baseline 0.001 -19"><span class='ocrx_word' id='word_1_532' title='bbox 2132 3839 2157 3884; x_wconf 90' lang='grc' dir='ltr'><strong>ς</strong></span> <span class='ocrx_word' id='word_1_533' title='bbox 2202 3819 2354 3892; x_wconf 78' lang='grc' dir='ltr'>παρὰ</span> <span class='ocrx_word' id='word_1_534' title='bbox 2385 3819 2693 3892; x_wconf 84' lang='grc' dir='ltr'>ἀνθρώποις</span> <span class='ocrx_word' id='word_1_535' title='bbox 2723 3819 3065 3887; x_wconf 79' lang='grc' dir='ltr'>δοξοκοπίας.</span> <span class='ocrx_word' id='word_1_536' title='bbox 3098 3821 3234 3892; x_wconf 73' lang='grc' dir='ltr'>Περὶ</span> <span class='ocrx_word' id='word_1_537' title='bbox 3272 3813 3345 3875; x_wconf 84' lang='grc' dir='ltr'>ὧν</span> <span class='ocrx_word' id='word_1_538' title='bbox 3384 3820 3439 3873; x_wconf 81' lang='grc' dir='ltr'><strong>δὲ</strong></span> <span class='ocrx_word' id='word_1_539' title='bbox 3469 3822 3652 3892; x_wconf 80' lang='grc' dir='ltr'>ζητεῖ,</span> 
     </span>
    </p>
   </div>
   <div class='ocr_carea' id='block_1_73' title="bbox 389 3911 1909 3992">
    <p class='ocr_par' dir='ltr' id='par_1_73' title="bbox 389 3922 1909 3992">
     <span class='ocr_line' id='line_1_73' title="bbox 389 3922 1909 3992; baseline 0.007 -17"><span class='ocrx_word' id='word_1_540' title='bbox 389 3936 454 3975; x_wconf 90' lang='lat' dir='ltr'><strong>ac</strong></span> <span class='ocrx_word' id='word_1_541' title='bbox 476 3922 671 3977; x_wconf 89' lang='lat' dir='ltr'><strong>merito</strong></span> <span class='ocrx_word' id='word_1_542' title='bbox 709 3927 1150 3992; x_wconf 84' lang='lat' dir='ltr'><strong>pronuntiamus.</strong></span> <span class='ocrx_word' id='word_1_543' title='bbox 1171 3924 1416 3991; x_wconf 84' lang='lat' dir='ltr'><strong>Quorum</strong></span> <span class='ocrx_word' id='word_1_544' title='bbox 1445 3928 1591 3981; x_wconf 90' lang='lat' dir='ltr'><strong>enim</strong></span> <span class='ocrx_word' id='word_1_545' title='bbox 1615 3944 1781 3984; x_wconf 90' lang='lat' dir='ltr'><strong>causa</strong></span> <span class='ocrx_word' id='word_1_546' title='bbox 1805 3930 1909 3985; x_wconf 87' lang='lat' dir='ltr'><strong>inst</strong></span> 
     </span>
    </p>
   </div>
   <div class='ocr_carea' id='block_1_74' title="bbox 2136 3911 3656 3992">
    <p class='ocr_par' dir='ltr' id='par_1_74' title="bbox 2136 3911 3656 3983">
     <span class='ocr_line' id='line_1_74' title="bbox 2136 3911 3656 3983; baseline 0.003 -20"><span class='ocrx_word' id='word_1_547' title='bbox 2136 3930 2255 3976; x_wconf 84' lang='grc' dir='ltr'>,ντις</span> <span class='ocrx_word' id='word_1_548' title='bbox 2298 3912 2398 3983; x_wconf 83' lang='grc' dir='ltr'>μὲν</span> <span class='ocrx_word' id='word_1_549' title='bbox 2427 3912 2621 3977; x_wconf 81' lang='grc' dir='ltr'>οὐδεὶς,</span> <span class='ocrx_word' id='word_1_550' title='bbox 2657 3911 2777 3964; x_wconf 78' lang='grc' dir='ltr'>οὐδὲ</span> <span class='ocrx_word' id='word_1_551' title='bbox 2823 3911 3105 3982; x_wconf 86' lang='grc' dir='ltr'>σπλάγχνα</span> <span class='ocrx_word' id='word_1_552' title='bbox 3135 3911 3288 3975; x_wconf 77' lang='grc' dir='ltr'>ζώων</span> <span class='ocrx_word' id='word_1_553' title='bbox 3320 3913 3550 3983; x_wconf 84' lang='grc' dir='ltr'>μηνύσει</span> <span class='ocrx_word' id='word_1_554' title='bbox 3583 3914 3656 3969; x_wconf 81' lang='grc' dir='ltr'><strong>τὸ</strong></span> 
     </span>
    </p>
   </div>
   <div class='ocr_carea' id='block_1_75' title="bbox 387 4002 1907 4081">
    <p class='ocr_par' dir='ltr' id='par_1_75' title="bbox 387 4016 1907 4081">
     <span class='ocr_line' id='line_1_75' title="bbox 387 4016 1907 4081; baseline 0.006 -12"><span class='ocrx_word' id='word_1_555' title='bbox 387 4024 505 4069; x_wconf 86' lang='lat' dir='ltr'><strong>tuta</strong></span> <span class='ocrx_word' id='word_1_556' title='bbox 532 4016 797 4071; x_wconf 90' lang='lat' dir='ltr'><strong>divinatio</strong></span> <span class='ocrx_word' id='word_1_557' title='bbox 818 4026 922 4081; x_wconf 89' lang='lat' dir='ltr'><strong>est,</strong></span> <span class='ocrx_word' id='word_1_558' title='bbox 951 4018 1018 4072; x_wconf 85' lang='lat' dir='ltr'><strong>iis</strong></span> <span class='ocrx_word' id='word_1_559' title='bbox 1050 4019 1196 4073; x_wconf 88' lang='lat' dir='ltr'><strong>ultro</strong></span> <span class='ocrx_word' id='word_1_560' title='bbox 1220 4019 1323 4074; x_wconf 89' lang='lat' dir='ltr'><strong>sibi</strong></span> <span class='ocrx_word' id='word_1_561' title='bbox 1346 4021 1646 4076; x_wconf 88' lang='lat' dir='ltr'><strong>carendum</strong></span> <span class='ocrx_word' id='word_1_562' title='bbox 1687 4024 1907 4078; x_wconf 83' lang='lat' dir='ltr'><strong>statueri</strong></span> 
     </span>
    </p>
   </div>
   <div class='ocr_carea' id='block_1_76' title="bbox 2134 4002 3654 4081">
    <p class='ocr_par' dir='ltr' id='par_1_76' title="bbox 2138 4002 3654 4077">
     <span class='ocr_line' id='line_1_76' title="bbox 2138 4002 3654 4077; baseline 0 -19"><span class='ocrx_word' id='word_1_563' title='bbox 2138 4004 2265 4075; x_wconf 79' lang='grc' dir='ltr'>φές’</span> <span class='ocrx_word' id='word_1_564' title='bbox 2299 4004 2462 4068; x_wconf 72' lang='grc' dir='ltr'>αὐτὸς</span> <span class='ocrx_word' id='word_1_565' title='bbox 2500 4003 2555 4057; x_wconf 86' lang='grc' dir='ltr'>δὲ</span> <span class='ocrx_word' id='word_1_566' title='bbox 2588 4003 2655 4056; x_wconf 75' lang='grc' dir='ltr'><strong>δι’</strong></span> <span class='ocrx_word' id='word_1_567' title='bbox 2700 4002 2916 4069; x_wconf 80' lang='grc' dir='ltr'>ἑαυτοῦ,</span> <span class='ocrx_word' id='word_1_568' title='bbox 2960 4003 3035 4068; x_wconf 84' lang='grc' dir='ltr'>ὡς</span> <span class='ocrx_word' id='word_1_569' title='bbox 3066 4004 3358 4075; x_wconf 84' lang='grc' dir='ltr'>ἐλέγομεν,</span> <span class='ocrx_word' id='word_1_570' title='bbox 3402 4006 3654 4077; x_wconf 86' lang='grc' dir='ltr'>προσιὼν</span> 
     </span>
    </p>
   </div>
   <div class='ocr_carea' id='block_1_77' title="bbox 386 4096 1906 4186">
    <p class='ocr_par' dir='ltr' id='par_1_77' title="bbox 386 4105 1871 4186">
     <span class='ocr_line' id='line_1_77' title="bbox 386 4105 1871 4186; baseline 0.007 -26"><span class='ocrx_word' id='word_1_571' title='bbox 386 4105 499 4163; x_wconf 87' lang='lat' dir='ltr'><strong>Nec</strong></span> <span class='ocrx_word' id='word_1_572' title='bbox 533 4110 680 4163; x_wconf 88' lang='lat' dir='ltr'><strong>enim</strong></span> <span class='ocrx_word' id='word_1_573' title='bbox 714 4110 769 4163; x_wconf 88' lang='lat' dir='ltr'><strong>in</strong></span> <span class='ocrx_word' id='word_1_574' title='bbox 799 4110 1137 4166; x_wconf 89' lang='lat' dir='ltr'><strong>matrimonii</strong></span> <span class='ocrx_word' id='word_1_575' title='bbox 1172 4127 1293 4168; x_wconf 89' lang='lat' dir='ltr'><strong>sese</strong></span> <span class='ocrx_word' id='word_1_576' title='bbox 1345 4114 1564 4170; x_wconf 91' lang='lat' dir='ltr'><strong>vincula</strong></span> <span class='ocrx_word' id='word_1_577' title='bbox 1592 4116 1871 4186; x_wconf 86' lang='lat' dir='ltr'><strong>conjiciet,</strong></span> 
     </span>
    </p>
   </div>
   <div class='ocr_carea' id='block_1_78' title="bbox 2131 4096 3651 4186">
    <p class='ocr_par' dir='ltr' id='par_1_78' title="bbox 2131 4096 3651 4169">
     <span class='ocr_line' id='line_1_78' title="bbox 2131 4096 3651 4169; baseline 0.003 -23"><span class='ocrx_word' id='word_1_578' title='bbox 2131 4122 2135 4146; x_wconf 70' lang='grc' dir='ltr'><strong>ι</strong></span> <span class='ocrx_word' id='word_1_579' title='bbox 2164 4096 2301 4169; x_wconf 83' lang='grc' dir='ltr'>Θεῷ,</span> <span class='ocrx_word' id='word_1_580' title='bbox 2325 4097 2383 4161; x_wconf 85' lang='grc' dir='ltr'>ὃς</span> <span class='ocrx_word' id='word_1_581' title='bbox 2416 4098 2473 4151; x_wconf 91' lang='grc' dir='ltr'><strong>ἐν</strong></span> <span class='ocrx_word' id='word_1_582' title='bbox 2499 4101 2611 4160; x_wconf 82' lang='grc' dir='ltr'>τοῖς</span> <span class='ocrx_word' id='word_1_583' title='bbox 2636 4096 2910 4167; x_wconf 82' lang='grc' dir='ltr'>ἀληθινοῖς</span> <span class='ocrx_word' id='word_1_584' title='bbox 2937 4097 3101 4150; x_wconf 75' lang='grc' dir='ltr'>αὑτοῦ</span> <span class='ocrx_word' id='word_1_585' title='bbox 3136 4097 3465 4169; x_wconf 85' lang='grc' dir='ltr'>σπλάγχνοις</span> <span class='ocrx_word' id='word_1_586' title='bbox 3492 4099 3651 4169; x_wconf 80' lang='grc' dir='ltr'>ἰδρυ-</span> 
     </span>
    </p>
   </div>
   <div class='ocr_carea' id='block_1_79' title="bbox 388 4187 1908 4275">
    <p class='ocr_par' dir='ltr' id='par_1_79' title="bbox 388 4199 1908 4275">
     <span class='ocr_line' id='line_1_79' title="bbox 388 4199 1908 4275; baseline 0.005 -21"><span class='ocrx_word' id='word_1_587' title='bbox 388 4199 457 4254; x_wconf 87' lang='lat' dir='ltr'><strong>de</strong></span> <span class='ocrx_word' id='word_1_588' title='bbox 480 4200 601 4269; x_wconf 82' lang='lat' dir='ltr'><strong>ejus</strong></span> <span class='ocrx_word' id='word_1_589' title='bbox 627 4216 886 4256; x_wconf 81' lang='lat' dir='ltr'><strong>successu</strong></span> <span class='ocrx_word' id='word_1_590' title='bbox 921 4202 1166 4257; x_wconf 86' lang='lat' dir='ltr'><strong>divinum</strong></span> <span class='ocrx_word' id='word_1_591' title='bbox 1194 4205 1534 4275; x_wconf 89' lang='lat' dir='ltr'><strong>interpellet;</strong></span> <span class='ocrx_word' id='word_1_592' title='bbox 1563 4223 1665 4263; x_wconf 89' lang='lat' dir='ltr'><strong>nec</strong></span> <span class='ocrx_word' id='word_1_593' title='bbox 1688 4218 1908 4265; x_wconf 84' lang='lat' dir='ltr'><strong>mercati</strong></span> 
     </span>
    </p>
   </div>
   <div class='ocr_carea' id='block_1_80' title="bbox 2132 4187 3652 4275">
    <p class='ocr_par' dir='ltr' id='par_1_80' title="bbox 2132 4187 3652 4261">
     <span class='ocr_line' id='line_1_80' title="bbox 2132 4187 3652 4261; baseline -0.001 -18"><span class='ocrx_word' id='word_1_594' title='bbox 2132 4209 2182 4254; x_wconf 89' lang='grc' dir='ltr'><strong>ι,</strong></span> <span class='ocrx_word' id='word_1_595' title='bbox 2222 4187 2471 4260; x_wconf 74' lang='grc' dir='ltr'>περὶτοῦ</span> <span class='ocrx_word' id='word_1_596' title='bbox 2517 4189 2735 4241; x_wconf 77' lang='grc' dir='ltr'>αἰωνίου</span> <span class='ocrx_word' id='word_1_597' title='bbox 2772 4187 2888 4258; x_wconf 82' lang='grc' dir='ltr'>βίου</span> <span class='ocrx_word' id='word_1_598' title='bbox 2920 4188 3146 4261; x_wconf 78' lang='grc' dir='ltr'>λήψεται</span> <span class='ocrx_word' id='word_1_599' title='bbox 3193 4190 3291 4253; x_wconf 78' lang='grc' dir='ltr'><strong>τὰς</strong></span> <span class='ocrx_word' id='word_1_600' title='bbox 3338 4188 3652 4260; x_wconf 78' lang='grc' dir='ltr'>ὑποθήκας,</span> 
     </span>
    </p>
   </div>
   <div class='ocr_carea' id='block_1_81' title="bbox 388 4280 1908 4372">
    <p class='ocr_par' dir='ltr' id='par_1_81' title="bbox 388 4290 1908 4372">
     <span class='ocr_line' id='line_1_81' title="bbox 388 4290 1908 4372; baseline 0.008 -28"><span class='ocrx_word' id='word_1_601' title='bbox 388 4305 507 4345; x_wconf 78' lang='lat' dir='ltr'><strong>ram</strong></span> <span class='ocrx_word' id='word_1_602' title='bbox 536 4290 840 4360; x_wconf 79' lang='lat' dir='ltr'><strong>factitabit;</strong></span> <span class='ocrx_word' id='word_1_603' title='bbox 867 4309 967 4349; x_wconf 87' lang='lat' dir='ltr'><strong>nec</strong></span> <span class='ocrx_word' id='word_1_604' title='bbox 995 4294 1062 4349; x_wconf 91' lang='lat' dir='ltr'><strong>de</strong></span> <span class='ocrx_word' id='word_1_605' title='bbox 1082 4296 1328 4363; x_wconf 90' lang='lat' dir='ltr'><strong>servitio,</strong></span> <span class='ocrx_word' id='word_1_606' title='bbox 1358 4314 1460 4353; x_wconf 91' lang='lat' dir='ltr'><strong>nec</strong></span> <span class='ocrx_word' id='word_1_607' title='bbox 1481 4299 1549 4353; x_wconf 91' lang='lat' dir='ltr'><strong>de</strong></span> <span class='ocrx_word' id='word_1_608' title='bbox 1573 4315 1739 4370; x_wconf 90' lang='lat' dir='ltr'><strong>opum</strong></span> <span class='ocrx_word' id='word_1_609' title='bbox 1765 4303 1908 4372; x_wconf 87' lang='lat' dir='ltr'><strong>ampl</strong></span> 
     </span>
    </p>
   </div>
   <div class='ocr_carea' id='block_1_82' title="bbox 1391 4280 2911 4372">
    <p class='ocr_par' dir='ltr' id='par_1_82' title="bbox 1397 4280 2911 4372">
     <span class='ocr_line' id='line_1_82' title="bbox 1397 4280 2911 4372; baseline -0.009 -26"><span class='ocrx_word' id='word_1_610' title='bbox 1397 4314 1460 4353; x_wconf 85' lang='lat' dir='ltr'><strong>ec</strong></span> <span class='ocrx_word' id='word_1_611' title='bbox 1481 4299 1549 4353; x_wconf 83' lang='lat' dir='ltr'><strong>de</strong></span> <span class='ocrx_word' id='word_1_612' title='bbox 1573 4315 1739 4370; x_wconf 79' lang='lat' dir='ltr'><strong>opum</strong></span> <span class='ocrx_word' id='word_1_613' title='bbox 1765 4302 1962 4372; x_wconf 70' lang='lat' dir='ltr'><strong>ampli-</strong></span> <span class='ocrx_word' id='word_1_614' title='bbox 1996 4291 2040 4346; x_wconf 87' lang='lat' dir='ltr'><strong>D</strong></span> <span class='ocrx_word' id='word_1_615' title='bbox 2064 4282 2198 4337; x_wconf 80' lang='grc' dir='ltr'>ὅλως</span> <span class='ocrx_word' id='word_1_616' title='bbox 2231 4281 2342 4354; x_wconf 79' lang='grc'><strong>(55)</strong></span> <span class='ocrx_word' id='word_1_617' title='bbox 2376 4283 2494 4335; x_wconf 80' lang='grc' dir='ltr'>ἐκεῖ</span> <span class='ocrx_word' id='word_1_618' title='bbox 2528 4280 2851 4353; x_wconf 67' lang='grc' dir='ltr'>συρρεύσας.</span> <span class='ocrx_word' id='word_1_619' title='bbox 2892 4299 2911 4332; x_wconf 78' lang='grc' dir='ltr'><strong>ι</strong></span> 
     </span>
    </p>
   </div>
   <div class='ocr_carea' id='block_1_83' title="bbox 390 4382 1963 4457">
    <p class='ocr_par' dir='ltr' id='par_1_83' title="bbox 390 4382 1963 4457">
     <span class='ocr_line' id='line_1_83' title="bbox 390 4382 1963 4457; baseline 0.009 -20"><span class='ocrx_word' id='word_1_620' title='bbox 390 4382 665 4450; x_wconf 78' lang='lat' dir='ltr'><strong>ticatione,</strong></span> <span class='ocrx_word' id='word_1_621' title='bbox 701 4399 802 4438; x_wconf 89' lang='lat' dir='ltr'><strong>nec</strong></span> <span class='ocrx_word' id='word_1_622' title='bbox 826 4385 894 4439; x_wconf 91' lang='lat' dir='ltr'><strong>de</strong></span> <span class='ocrx_word' id='word_1_623' title='bbox 924 4385 1136 4457; x_wconf 88' lang='lat' dir='ltr'><strong>reliquo</strong></span> <span class='ocrx_word' id='word_1_624' title='bbox 1167 4387 1420 4444; x_wconf 68' lang='lat' dir='ltr'><strong>humanae</strong></span> <span class='ocrx_word' id='word_1_625' title='bbox 1440 4393 1562 4446; x_wconf 73' lang='lat' dir='ltr'><strong>vitae</strong></span> <span class='ocrx_word' id='word_1_626' title='bbox 1585 4392 1728 4448; x_wconf 77' lang='lat' dir='ltr'><strong>fastu</strong></span> <span class='ocrx_word' id='word_1_627' title='bbox 1761 4409 1963 4450; x_wconf 84' lang='lat' dir='ltr'><strong>consu-</strong></span> 
     </span>
    </p>
   </div>
   <div class='ocr_carea' id='block_1_84' title="bbox 388 4476 3661 4557">
    <p class='ocr_par' dir='ltr' id='par_1_84' title="bbox 388 4476 3661 4557">
     <span class='ocr_line' id='line_1_84' title="bbox 388 4476 3661 4557; baseline 0.003 -27"><span class='ocrx_word' id='word_1_628' title='bbox 388 4476 483 4531; x_wconf 81' lang='lat' dir='ltr'><strong>let.</strong></span> <span class='ocrx_word' id='word_1_629' title='bbox 516 4476 726 4543; x_wconf 88' lang='lat' dir='ltr'><strong>Quibus</strong></span> <span class='ocrx_word' id='word_1_630' title='bbox 756 4486 936 4531; x_wconf 88' lang='lat' dir='ltr'><strong>autem</strong></span> <span class='ocrx_word' id='word_1_631' title='bbox 962 4478 1028 4532; x_wconf 92' lang='lat' dir='ltr'><strong>de</strong></span> <span class='ocrx_word' id='word_1_632' title='bbox 1048 4479 1212 4534; x_wconf 90' lang='lat' dir='ltr'><strong>rebus</strong></span> <span class='ocrx_word' id='word_1_633' title='bbox 1237 4480 1355 4549; x_wconf 90' lang='lat' dir='ltr'><strong>ipse</strong></span> <span class='ocrx_word' id='word_1_634' title='bbox 1378 4484 1712 4552; x_wconf 76' lang='lat' dir='ltr'><strong>quaesiturus</strong></span> <span class='ocrx_word' id='word_1_635' title='bbox 1767 4496 1870 4554; x_wconf 90' lang='lat' dir='ltr'><strong>est,</strong></span> <span class='ocrx_word' id='word_1_636' title='bbox 1930 4506 2033 4546; x_wconf 87' lang='lat' dir='ltr'><strong>nec</strong></span> <span class='ocrx_word' id='word_1_637' title='bbox 2071 4498 2223 4545; x_wconf 87' lang='lat' dir='ltr'><strong>vates</strong></span> <span class='ocrx_word' id='word_1_638' title='bbox 2267 4490 2433 4555; x_wconf 81' lang='lat' dir='ltr'><strong>unus,</strong></span> <span class='ocrx_word' id='word_1_639' title='bbox 2461 4502 2563 4543; x_wconf 89' lang='lat' dir='ltr'><strong>nec</strong></span> <span class='ocrx_word' id='word_1_640' title='bbox 2593 4486 2956 4542; x_wconf 85' lang='lat' dir='ltr'><strong>animantium</strong></span> <span class='ocrx_word' id='word_1_641' title='bbox 2994 4494 3118 4542; x_wconf 85' lang='lat' dir='ltr'><strong>exta</strong></span> <span class='ocrx_word' id='word_1_642' title='bbox 3161 4484 3294 4541; x_wconf 87' lang='lat' dir='ltr'><strong>certi</strong></span> <span class='ocrx_word' id='word_1_643' title='bbox 3345 4484 3661 4557; x_wconf 81' lang='lat' dir='ltr'><strong>quidquam</strong></span> 
     </span>
    </p>
   </div>
   <div class='ocr_carea' id='block_1_85' title="bbox 388 4569 3665 4654">
    <p class='ocr_par' dir='ltr' id='par_1_85' title="bbox 388 4569 3665 4654">
     <span class='ocr_line' id='line_1_85' title="bbox 388 4569 3665 4654; baseline 0.003 -28"><span class='ocrx_word' id='word_1_644' title='bbox 388 4572 652 4643; x_wconf 88' lang='lat' dir='ltr'><strong>aperient.</strong></span> <span class='ocrx_word' id='word_1_645' title='bbox 692 4569 845 4628; x_wconf 87' lang='lat' dir='ltr'><strong>Unus</strong></span> <span class='ocrx_word' id='word_1_646' title='bbox 890 4572 981 4628; x_wconf 91' lang='lat' dir='ltr'><strong>ille</strong></span> <span class='ocrx_word' id='word_1_647' title='bbox 1030 4589 1125 4644; x_wconf 89' lang='lat' dir='ltr'><strong>per</strong></span> <span class='ocrx_word' id='word_1_648' title='bbox 1169 4576 1431 4646; x_wconf 88' lang='lat' dir='ltr'><strong>seipsum,</strong></span> <span class='ocrx_word' id='word_1_649' title='bbox 1484 4586 1546 4633; x_wconf 89' lang='lat' dir='ltr'><strong>ut</strong></span> <span class='ocrx_word' id='word_1_650' title='bbox 1587 4580 1854 4649; x_wconf 81' lang='lat' dir='ltr'><strong>diximus,</strong></span> <span class='ocrx_word' id='word_1_651' title='bbox 1885 4584 1952 4638; x_wconf 87' lang='lat' dir='ltr'><strong>ad</strong></span> <span class='ocrx_word' id='word_1_652' title='bbox 1994 4585 2186 4651; x_wconf 90' lang='lat' dir='ltr'><strong>Deum,</strong></span> <span class='ocrx_word' id='word_1_653' title='bbox 2255 4582 2348 4654; x_wconf 90' lang='lat' dir='ltr'><strong>qui</strong></span> <span class='ocrx_word' id='word_1_654' title='bbox 2385 4582 2568 4638; x_wconf 86' lang='lat' dir='ltr'><strong>sedem</strong></span> <span class='ocrx_word' id='word_1_655' title='bbox 2629 4581 2773 4637; x_wconf 86' lang='lat' dir='ltr'><strong>veris</strong></span> <span class='ocrx_word' id='word_1_656' title='bbox 2803 4580 2857 4635; x_wconf 90' lang='lat' dir='ltr'><strong>in</strong></span> <span class='ocrx_word' id='word_1_657' title='bbox 2917 4579 3221 4636; x_wconf 82' lang='lat' dir='ltr'><strong>visceribus</strong></span> <span class='ocrx_word' id='word_1_658' title='bbox 3250 4579 3365 4635; x_wconf 91' lang='lat' dir='ltr'><strong>suis</strong></span> <span class='ocrx_word' id='word_1_659' title='bbox 3391 4579 3528 4646; x_wconf 79' lang='lat' dir='ltr'><strong>ﬁxit,</strong></span> <span class='ocrx_word' id='word_1_660' title='bbox 3562 4579 3665 4635; x_wconf 83' lang='lat' dir='ltr'><strong>ul-</strong></span> 
     </span>
    </p>
   </div>
   <div class='ocr_carea' id='block_1_86' title="bbox 392 4665 2822 4748">
    <p class='ocr_par' dir='ltr' id='par_1_86' title="bbox 392 4665 2822 4748">
     <span class='ocr_line' id='line_1_86' title="bbox 392 4665 2822 4748; baseline 0.002 -27"><span class='ocrx_word' id='word_1_661' title='bbox 392 4676 476 4721; x_wconf 87' lang='lat' dir='ltr'><strong>tro</strong></span> <span class='ocrx_word' id='word_1_662' title='bbox 501 4665 742 4733; x_wconf 83' lang='lat' dir='ltr'><strong>accedet,</strong></span> <span class='ocrx_word' id='word_1_663' title='bbox 771 4681 949 4737; x_wconf 89' lang='lat' dir='ltr'><strong>coque</strong></span> <span class='ocrx_word' id='word_1_664' title='bbox 975 4675 1121 4724; x_wconf 91' lang='lat' dir='ltr'><strong>totus</strong></span> <span class='ocrx_word' id='word_1_665' title='bbox 1154 4668 1454 4738; x_wconf 82' lang='lat' dir='ltr'><strong>conﬂuens,</strong></span> <span class='ocrx_word' id='word_1_666' title='bbox 1488 4672 1731 4728; x_wconf 89' lang='lat' dir='ltr'><strong>indidem</strong></span> <span class='ocrx_word' id='word_1_667' title='bbox 1757 4686 1972 4734; x_wconf 69' lang='lat' dir='ltr'><strong>aeternae</strong></span> <span class='ocrx_word' id='word_1_668' title='bbox 2008 4680 2135 4735; x_wconf 66' lang='lat' dir='ltr'><strong>vitae</strong></span> <span class='ocrx_word' id='word_1_669' title='bbox 2164 4676 2557 4748; x_wconf 80' lang='lat' dir='ltr'><strong>praeceptiones</strong></span> <span class='ocrx_word' id='word_1_670' title='bbox 2586 4674 2822 4728; x_wconf 87' lang='lat' dir='ltr'><strong>hauriet.</strong></span> 
     </span>
    </p>
   </div>
   <div class='ocr_carea' id='block_1_87' title="bbox 461 4755 1981 4837">
    <p class='ocr_par' dir='ltr' id='par_1_87' title="bbox 461 4755 1954 4834">
     <span class='ocr_line' id='line_1_87' title="bbox 461 4755 1954 4834; baseline 0.008 -24"><span class='ocrx_word' id='word_1_671' title='bbox 461 4755 575 4812; x_wconf 83' lang='lat' dir='ltr'><strong>Hac</strong></span> <span class='ocrx_word' id='word_1_672' title='bbox 609 4757 773 4827; x_wconf 81' lang='lat' dir='ltr'><strong>igitur</strong></span> <span class='ocrx_word' id='word_1_673' title='bbox 802 4773 870 4812; x_wconf 89' lang='lat' dir='ltr'><strong>ex</strong></span> <span class='ocrx_word' id='word_1_674' title='bbox 895 4757 1180 4829; x_wconf 83' lang='lat' dir='ltr'><strong>Porphyrii</strong></span> <span class='ocrx_word' id='word_1_675' title='bbox 1207 4760 1574 4830; x_wconf 89' lang='lat' dir='ltr'><strong>disputatione</strong></span> <span class='ocrx_word' id='word_1_676' title='bbox 1599 4764 1808 4834; x_wconf 87' lang='lat' dir='ltr'><strong>liquido</strong></span> <span class='ocrx_word' id='word_1_677' title='bbox 1833 4783 1954 4822; x_wconf 86' lang='lat' dir='ltr'><strong>con-</strong></span> 
     </span>
    </p>
   </div>
   <div class='ocr_carea' id='block_1_88' title="bbox 2144 4755 3664 4837">
    <p class='ocr_par' dir='ltr' id='par_1_88' title="bbox 2144 4763 3664 4837">
     <span class='ocr_line' id='line_1_88' title="bbox 2144 4763 3664 4837; baseline -0.002 -15"><span class='ocrx_word' id='word_1_678' title='bbox 2144 4768 2460 4837; x_wconf 85' lang='grc' dir='ltr'>Σαφέστατα</span> <span class='ocrx_word' id='word_1_679' title='bbox 2501 4766 2566 4837; x_wconf 85' lang='grc' dir='ltr'><strong>δὴ</strong></span> <span class='ocrx_word' id='word_1_680' title='bbox 2604 4764 2692 4819; x_wconf 78' lang='grc' dir='ltr'><strong>διὰ</strong></span> <span class='ocrx_word' id='word_1_681' title='bbox 2724 4763 2927 4819; x_wconf 86' lang='grc' dir='ltr'>τούτων</span> <span class='ocrx_word' id='word_1_682' title='bbox 2953 4763 2982 4817; x_wconf 81' lang='grc' dir='ltr'>ὁ</span> <span class='ocrx_word' id='word_1_683' title='bbox 3012 4763 3168 4832; x_wconf 89' lang='grc' dir='ltr'>λόγος</span> <span class='ocrx_word' id='word_1_684' title='bbox 3208 4763 3457 4833; x_wconf 81' lang='grc' dir='ltr'>ἐξέφηνε,</span> <span class='ocrx_word' id='word_1_685' title='bbox 3487 4764 3664 4819; x_wconf 83' lang='grc' dir='ltr'>τίνων</span> 
     </span>
    </p>
   </div>
   <div class='ocr_carea' id='block_1_89' title="bbox 387 4851 1907 4931">
    <p class='ocr_par' dir='ltr' id='par_1_89' title="bbox 387 4851 1907 4928">
     <span class='ocr_line' id='line_1_89' title="bbox 387 4851 1907 4928; baseline 0.007 -26"><span class='ocrx_word' id='word_1_686' title='bbox 387 4856 516 4912; x_wconf 83' lang='lat' dir='ltr'><strong>stat,</strong></span> <span class='ocrx_word' id='word_1_687' title='bbox 543 4851 745 4920; x_wconf 89' lang='lat' dir='ltr'><strong>quibus</strong></span> <span class='ocrx_word' id='word_1_688' title='bbox 777 4851 999 4906; x_wconf 87' lang='lat' dir='ltr'><strong>tandem</strong></span> <span class='ocrx_word' id='word_1_689' title='bbox 1045 4861 1100 4907; x_wconf 90' lang='lat' dir='ltr'><strong>et</strong></span> <span class='ocrx_word' id='word_1_690' title='bbox 1139 4853 1557 4911; x_wconf 87' lang='lat' dir='ltr'><strong>vaticinationes</strong></span> <span class='ocrx_word' id='word_1_691' title='bbox 1582 4896 1597 4921; x_wconf 95' lang='lat'><strong>,</strong></span> <span class='ocrx_word' id='word_1_692' title='bbox 1647 4864 1703 4910; x_wconf 90' lang='lat' dir='ltr'><strong>et</strong></span> <span class='ocrx_word' id='word_1_693' title='bbox 1743 4873 1907 4928; x_wconf 78' lang='lat' dir='ltr'><strong>aruSp</strong></span> 
     </span>
    </p>
   </div>
   <div class='ocr_carea' id='block_1_90' title="bbox 2146 4851 3666 4931">
    <p class='ocr_par' dir='ltr' id='par_1_90' title="bbox 2146 4853 3666 4930">
     <span class='ocr_line' id='line_1_90' title="bbox 2146 4853 3666 4930; baseline -0.004 -17"><span class='ocrx_word' id='word_1_694' title='bbox 2146 4859 2316 4913; x_wconf 87' lang='grc' dir='ltr'>εἶσθαι</span> <span class='ocrx_word' id='word_1_695' title='bbox 2360 4857 2467 4930; x_wconf 83' lang='grc' dir='ltr'>χρὴ</span> <span class='ocrx_word' id='word_1_696' title='bbox 2495 4857 2563 4911; x_wconf 74' lang='grc' dir='ltr'>τὰ</span> <span class='ocrx_word' id='word_1_697' title='bbox 2598 4859 2846 4928; x_wconf 85' lang='grc' dir='ltr'>μαντεῖα,</span> <span class='ocrx_word' id='word_1_698' title='bbox 2876 4856 2973 4908; x_wconf 71' lang='grc' dir='ltr'>καὶ</span> <span class='ocrx_word' id='word_1_699' title='bbox 3014 4856 3112 4920; x_wconf 82' lang='grc' dir='ltr'>τὰς</span> <span class='ocrx_word' id='word_1_700' title='bbox 3153 4854 3242 4909; x_wconf 78' lang='grc' dir='ltr'>διὰ</span> <span class='ocrx_word' id='word_1_701' title='bbox 3284 4855 3383 4925; x_wconf 81' lang='grc' dir='ltr'>τῆς</span> <span class='ocrx_word' id='word_1_702' title='bbox 3420 4853 3666 4927; x_wconf 73' lang='grc' dir='ltr'>θυτικῆς</span> 
     </span>
    </p>
   </div>
   <div class='ocr_carea' id='block_1_91' title="bbox 386 4939 1906 5023">
    <p class='ocr_par' dir='ltr' id='par_1_91' title="bbox 386 4939 1906 5016">
     <span class='ocr_line' id='line_1_91' title="bbox 386 4939 1906 5016; baseline 0.006 -22"><span class='ocrx_word' id='word_1_703' title='bbox 386 4939 590 5008; x_wconf 85' lang='lat' dir='ltr'><strong>cinam,</strong></span> <span class='ocrx_word' id='word_1_704' title='bbox 623 4950 678 4995; x_wconf 89' lang='lat' dir='ltr'><strong>et</strong></span> <span class='ocrx_word' id='word_1_705' title='bbox 715 4941 837 4997; x_wconf 90' lang='lat' dir='ltr'><strong>illas</strong></span> <span class='ocrx_word' id='word_1_706' title='bbox 870 4956 1085 5007; x_wconf 86' lang='lat' dir='ltr'><strong>omnes,</strong></span> <span class='ocrx_word' id='word_1_707' title='bbox 1124 4958 1264 5012; x_wconf 89' lang='lat' dir='ltr'><strong>quas</strong></span> <span class='ocrx_word' id='word_1_708' title='bbox 1293 4946 1491 5016; x_wconf 75' lang='lat' dir='ltr'><strong>vulgus</strong></span> <span class='ocrx_word' id='word_1_709' title='bbox 1522 4945 1829 5003; x_wconf 89' lang='lat' dir='ltr'><strong>admiratur</strong></span> <span class='ocrx_word' id='word_1_710' title='bbox 1875 4966 1906 5002; x_wconf 78' lang='grc' dir='ltr'><strong>ι·‹</strong></span> 
     </span>
    </p>
   </div>
   <div class='ocr_carea' id='block_1_92' title="bbox 2146 4939 3666 5023">
    <p class='ocr_par' dir='ltr' id='par_1_92' title="bbox 2146 4944 3666 5022">
     <span class='ocr_line' id='line_1_92' title="bbox 2146 4944 3666 5022; baseline -0.003 -18"><span class='ocrx_word' id='word_1_711' title='bbox 2146 4952 2383 5022; x_wconf 81' lang='grc' dir='ltr'>υτήσεις,</span> <span class='ocrx_word' id='word_1_712' title='bbox 2421 4949 2521 5010; x_wconf 89' lang='grc' dir='ltr'><strong>τάς</strong></span> <span class='ocrx_word' id='word_1_713' title='bbox 2550 4965 2612 5000; x_wconf 88' lang='grc' dir='ltr'><strong>τε</strong></span> <span class='ocrx_word' id='word_1_714' title='bbox 2651 4948 2802 5016; x_wconf 72' lang='grc' dir='ltr'>παρὰ</span> <span class='ocrx_word' id='word_1_715' title='bbox 2835 4949 2945 5010; x_wconf 83' lang='grc' dir='ltr'>τοῖς</span> <span class='ocrx_word' id='word_1_716' title='bbox 2979 4946 3193 5010; x_wconf 83' lang='grc' dir='ltr'>πολλοῖς</span> <span class='ocrx_word' id='word_1_717' title='bbox 3226 4944 3666 5016; x_wconf 68' lang='grc' dir='ltr'>θαυμαζομένεις</span> 
     </span>
    </p>
   </div>
   <div class='ocr_carea' id='block_1_93' title="bbox 386 5031 1906 5110">
    <p class='ocr_par' dir='ltr' id='par_1_93' title="bbox 386 5034 1906 5110">
     <span class='ocr_line' id='line_1_93' title="bbox 386 5034 1906 5110; baseline 0.005 -24"><span class='ocrx_word' id='word_1_718' title='bbox 386 5048 511 5086; x_wconf 81' lang='lat' dir='ltr'><strong>rum</strong></span> <span class='ocrx_word' id='word_1_719' title='bbox 553 5034 914 5089; x_wconf 86' lang='lat' dir='ltr'><strong>obscurarum</strong></span> <span class='ocrx_word' id='word_1_720' title='bbox 965 5035 1345 5103; x_wconf 64' lang='lat' dir='ltr'><strong>pradietiones</strong></span> <span class='ocrx_word' id='word_1_721' title='bbox 1373 5038 1654 5108; x_wconf 77' lang='lat' dir='ltr'><strong>assignare</strong></span> <span class='ocrx_word' id='word_1_722' title='bbox 1691 5050 1906 5110; x_wconf 84' lang='lat' dir='ltr'><strong>oportea</strong></span> 
     </span>
    </p>
   </div>
   <div class='ocr_carea' id='block_1_94' title="bbox 2142 5031 3662 5110">
    <p class='ocr_par' dir='ltr' id='par_1_94' title="bbox 2147 5031 3662 5110">
     <span class='ocr_line' id='line_1_94' title="bbox 2147 5031 3662 5110; baseline -0.003 -18"><span class='ocrx_word' id='word_1_723' title='bbox 2147 5040 2199 5110; x_wconf 78' lang='lat' dir='ltr'><strong>pi.</strong></span> <span class='ocrx_word' id='word_1_724' title='bbox 2230 5038 2337 5091; x_wconf 84' lang='grc' dir='ltr'>τῶν</span> <span class='ocrx_word' id='word_1_725' title='bbox 2371 5037 2580 5108; x_wconf 86' lang='grc' dir='ltr'>ἀδήλων</span> <span class='ocrx_word' id='word_1_726' title='bbox 2610 5034 2964 5107; x_wconf 85' lang='grc' dir='ltr'>προγνώσεις.</span> <span class='ocrx_word' id='word_1_727' title='bbox 2994 5031 3181 5088; x_wconf 71' lang='grc' dir='ltr'>Ταῦτσξ</span> <span class='ocrx_word' id='word_1_728' title='bbox 3210 5034 3317 5105; x_wconf 81' lang='grc' dir='ltr'><strong>γὰρ</strong></span> <span class='ocrx_word' id='word_1_729' title='bbox 3351 5034 3529 5088; x_wconf 77' lang='grc' dir='ltr'>πάντα</span> <span class='ocrx_word' id='word_1_730' title='bbox 3561 5035 3662 5088; x_wconf 78' lang='grc' dir='ltr'>δο-</span> 
     </span>
    </p>
   </div>
   <div class='ocr_carea' id='block_1_95' title="bbox 390 5122 1910 5200">
    <p class='ocr_par' dir='ltr' id='par_1_95' title="bbox 390 5122 1909 5199">
     <span class='ocr_line' id='line_1_95' title="bbox 390 5122 1909 5199; baseline 0.005 -22"><span class='ocrx_word' id='word_1_731' title='bbox 390 5122 514 5180; x_wconf 65' lang='lat' dir='ltr'><strong>Hzec</strong></span> <span class='ocrx_word' id='word_1_732' title='bbox 556 5125 645 5180; x_wconf 88' lang='lat' dir='ltr'><strong>ille</strong></span> <span class='ocrx_word' id='word_1_733' title='bbox 691 5126 877 5181; x_wconf 89' lang='lat' dir='ltr'><strong>omnia</strong></span> <span class='ocrx_word' id='word_1_734' title='bbox 900 5123 1103 5180; x_wconf 79' lang='lat' dir='ltr'><strong>fastum</strong></span> <span class='ocrx_word' id='word_1_735' title='bbox 1132 5127 1463 5198; x_wconf 86' lang='lat' dir='ltr'><strong>inanemque</strong></span> <span class='ocrx_word' id='word_1_736' title='bbox 1495 5144 1751 5199; x_wconf 90' lang='lat' dir='ltr'><strong>pompam</strong></span> <span class='ocrx_word' id='word_1_737' title='bbox 1783 5146 1909 5184; x_wconf 92' lang='lat' dir='ltr'><strong>nom</strong></span> 
     </span>
    </p>
   </div>
   <div class='ocr_carea' id='block_1_96' title="bbox 2143 5122 3663 5200">
    <p class='ocr_par' dir='ltr' id='par_1_96' title="bbox 2143 5126 3663 5200">
     <span class='ocr_line' id='line_1_96' title="bbox 2143 5126 3663 5200; baseline -0.002 -15"><span class='ocrx_word' id='word_1_738' title='bbox 2143 5130 2330 5193; x_wconf 71' lang='grc' dir='ltr'>ιοπεας</span> <span class='ocrx_word' id='word_1_739' title='bbox 2361 5129 2602 5200; x_wconf 83' lang='grc' dir='ltr'>ὀνόματα</span> <span class='ocrx_word' id='word_1_740' title='bbox 2636 5137 2687 5193; x_wconf 72' lang='grc' dir='ltr'><strong>ο,</strong></span> <span class='ocrx_word' id='word_1_741' title='bbox 2730 5127 2806 5190; x_wconf 82' lang='grc' dir='ltr'>ὡς</span> <span class='ocrx_word' id='word_1_742' title='bbox 2846 5128 2912 5182; x_wconf 81' lang='grc' dir='ltr'><strong>ἂν</strong></span> <span class='ocrx_word' id='word_1_743' title='bbox 2951 5127 3055 5181; x_wconf 84' lang='grc' dir='ltr'><strong>ὑπὸ</strong></span> <span class='ocrx_word' id='word_1_744' title='bbox 3086 5127 3355 5197; x_wconf 86' lang='grc' dir='ltr'>δαιμόνων</span> <span class='ocrx_word' id='word_1_745' title='bbox 3397 5126 3663 5198; x_wconf 80' lang='grc' dir='ltr'>πονηρῶν</span> 
     </span>
    </p>
   </div>
   <div class='ocr_carea' id='block_1_97' title="bbox 388 5216 1908 5295">
    <p class='ocr_par' dir='ltr' id='par_1_97' title="bbox 388 5216 1908 5287">
     <span class='ocr_line' id='line_1_97' title="bbox 388 5216 1908 5287; baseline 0.005 -19"><span class='ocrx_word' id='word_1_746' title='bbox 388 5229 544 5279; x_wconf 81' lang='lat' dir='ltr'><strong>nans,</strong></span> <span class='ocrx_word' id='word_1_747' title='bbox 583 5224 843 5287; x_wconf 88' lang='lat' dir='ltr'><strong>tauquam</strong></span> <span class='ocrx_word' id='word_1_748' title='bbox 871 5216 1245 5286; x_wconf 89' lang='lat' dir='ltr'><strong>improborum</strong></span> <span class='ocrx_word' id='word_1_749' title='bbox 1280 5219 1589 5275; x_wconf 69' lang='lat' dir='ltr'><strong>dwmonum</strong></span> <span class='ocrx_word' id='word_1_750' title='bbox 1617 5230 1735 5275; x_wconf 90' lang='lat' dir='ltr'><strong>arte</strong></span> <span class='ocrx_word' id='word_1_751' title='bbox 1766 5237 1832 5276; x_wconf 89' lang='lat' dir='ltr'><strong>ac</strong></span> <span class='ocrx_word' id='word_1_752' title='bbox 1874 5237 1908 5275; x_wconf 89' lang='lat' dir='ltr'><strong>v</strong></span> 
     </span>
    </p>
   </div>
   <div class='ocr_carea' id='block_1_98' title="bbox 2143 5216 3663 5295">
    <p class='ocr_par' dir='ltr' id='par_1_98' title="bbox 2143 5218 3663 5295">
     <span class='ocr_line' id='line_1_98' title="bbox 2143 5218 3663 5295; baseline -0.003 -18"><span class='ocrx_word' id='word_1_753' title='bbox 2143 5222 2463 5295; x_wconf 74' lang='grc' dir='ltr'>εργουμένας</span> <span class='ocrx_word' id='word_1_754' title='bbox 2485 5220 2512 5260; x_wconf 77' lang='grc' dir='ltr'><strong>ἀ</strong></span> <span class='ocrx_word' id='word_1_755' title='bbox 2548 5218 2863 5275; x_wconf 80' lang='grc' dir='ltr'>ἀποϐάλλει.</span> <span class='ocrx_word' id='word_1_756' title='bbox 2916 5219 3022 5273; x_wconf 87' lang='grc' dir='ltr'>Τὸν</span> <span class='ocrx_word' id='word_1_757' title='bbox 3068 5218 3199 5288; x_wconf 81' lang='grc' dir='ltr'>γοῦν</span> <span class='ocrx_word' id='word_1_758' title='bbox 3254 5220 3384 5290; x_wconf 78' lang='grc' dir='ltr'>περὶ</span> <span class='ocrx_word' id='word_1_759' title='bbox 3430 5218 3663 5288; x_wconf 76' lang='grc' dir='ltr'>φαύλων</span> 
     </span>
    </p>
   </div>
   <div class='ocr_carea' id='block_1_99' title="bbox 459 5377 2808 5455">
    <p class='ocr_par' dir='ltr' id='par_1_99' title="bbox 459 5377 2808 5455">
     <span class='ocr_line' id='line_1_99' title="bbox 459 5377 2808 5455; baseline 0.002 -25"><span class='ocrx_word' id='word_1_760' title='bbox 459 5386 488 5417; x_wconf 80' lang='grc' dir='ltr'>ι</span> <span class='ocrx_word' id='word_1_761' title='bbox 527 5377 613 5431; x_wconf 79' lang='grc' dir='ltr'>ἵσ.</span> <span class='ocrx_word' id='word_1_762' title='bbox 642 5377 1001 5450; x_wconf 85' lang='grc' dir='ltr'>ποιησόμεθα.</span> <span class='ocrx_word' id='word_1_763' title='bbox 1075 5381 1105 5422; x_wconf 74' lang='grc'><strong>1)</strong></span> <span class='ocrx_word' id='word_1_764' title='bbox 1143 5379 1268 5436; x_wconf 89' lang='lat' dir='ltr'><strong>Por.</strong></span> <span class='ocrx_word' id='word_1_765' title='bbox 1299 5383 1602 5455; x_wconf 84' lang='grc' dir='ltr'>προκοπῆς.</span> <span class='ocrx_word' id='word_1_766' title='bbox 1681 5392 1705 5422; x_wconf 70' lang='grc' dir='ltr'>α</span> <span class='ocrx_word' id='word_1_767' title='bbox 1748 5399 1838 5453; x_wconf 68' lang='lat' dir='ltr'><strong>7p.</strong></span> <span class='ocrx_word' id='word_1_768' title='bbox 1870 5381 2162 5455; x_wconf 82' lang='grc' dir='ltr'>ὀνομάσας.</span> <span class='ocrx_word' id='word_1_769' title='bbox 2241 5381 2266 5421; x_wconf 76' lang='grc' dir='ltr'>ἀ</span> <span class='ocrx_word' id='word_1_770' title='bbox 2308 5382 2393 5437; x_wconf 75' lang='grc' dir='ltr'><strong>ῖσ.</strong></span> <span class='ocrx_word' id='word_1_771' title='bbox 2421 5379 2808 5453; x_wconf 82' lang='grc' dir='ltr'>ἐνεργούμενα.</span> 
     </span>
    </p>
   </div>
   <div class='ocr_carea' id='block_1_100' title="bbox 463 5515 1983 5591">
    <p class='ocr_par' dir='ltr' id='par_1_100' title="bbox 463 5515 1965 5591">
     <span class='ocr_line' id='line_1_100' title="bbox 463 5515 1965 5591; baseline 0.001 -21"><span class='ocrx_word' id='word_1_772' title='bbox 463 5515 576 5586; x_wconf 78' lang='lat'><strong>(&#39;55)</strong></span> <span class='ocrx_word' id='word_1_773' title='bbox 601 5515 699 5569; x_wconf 87' lang='grc' dir='ltr'><strong>Διὸ</strong></span> <span class='ocrx_word' id='word_1_774' title='bbox 723 5519 1000 5591; x_wconf 64' lang='grc' dir='ltr'>συνετός.</span> <span class='ocrx_word' id='word_1_775' title='bbox 1022 5518 1311 5590; x_wconf 83' lang='lat' dir='ltr'><strong>Porphyrii</strong></span> <span class='ocrx_word' id='word_1_776' title='bbox 1355 5519 1509 5575; x_wconf 80' lang='lat' dir='ltr'><strong>locus</strong></span> <span class='ocrx_word' id='word_1_777' title='bbox 1536 5528 1638 5585; x_wconf 89' lang='lat' dir='ltr'><strong>est,</strong></span> <span class='ocrx_word' id='word_1_778' title='bbox 1673 5534 1711 5573; x_wconf 86' lang='grc' dir='ltr'><strong>ιι</strong></span> <span class='ocrx_word' id='word_1_779' title='bbox 1762 5517 1834 5572; x_wconf 81' lang='lat' dir='ltr'><strong>De</strong></span> <span class='ocrx_word' id='word_1_780' title='bbox 1872 5519 1965 5572; x_wconf 88' lang='lat' dir='ltr'><strong>ab-</strong></span> 
     </span>
    </p>
   </div>
   <div class='ocr_carea' id='block_1_101' title="bbox 2140 5515 3660 5591">
    <p class='ocr_par' dir='ltr' id='par_1_101' title="bbox 2141 5518 3660 5591">
     <span class='ocr_line' id='line_1_101' title="bbox 2141 5518 3660 5591; baseline 0.002 -18"><span class='ocrx_word' id='word_1_781' title='bbox 2141 5518 2252 5590; x_wconf 73' lang='grc'><strong>(54)</strong></span> <span class='ocrx_word' id='word_1_782' title='bbox 2296 5520 2405 5573; x_wconf 81' lang='grc' dir='ltr'><strong>Ὃν</strong></span> <span class='ocrx_word' id='word_1_783' title='bbox 2429 5518 2499 5573; x_wconf 81' lang='grc' dir='ltr'><strong>δὲ</strong></span> <span class='ocrx_word' id='word_1_784' title='bbox 2522 5519 2713 5587; x_wconf 80' lang='grc' dir='ltr'>ἡμεῖς.</span> <span class='ocrx_word' id='word_1_785' title='bbox 2746 5520 2911 5576; x_wconf 81' lang='lat' dir='ltr'><strong>Multa</strong></span> <span class='ocrx_word' id='word_1_786' title='bbox 2947 5520 3312 5591; x_wconf 62' lang='lat' dir='ltr'><strong>praetermittit</strong></span> <span class='ocrx_word' id='word_1_787' title='bbox 3340 5518 3660 5589; x_wconf 79' lang='lat' dir='ltr'><strong>Eusebius;</strong></span> 
     </span>
    </p>
   </div>
   <div class='ocr_carea' id='block_1_102' title="bbox 389 5588 1909 5661">
    <p class='ocr_par' dir='ltr' id='par_1_102' title="bbox 389 5588 1893 5661">
     <span class='ocr_line' id='line_1_102' title="bbox 389 5588 1893 5661; baseline 0.017 -25"><span class='ocrx_word' id='word_1_788' title='bbox 389 5588 873 5661; x_wconf 21' lang='grc' dir='ltr'>διιιιςίιιηγμ-Ξυιι.</span> <span class='ocrx_word' id='word_1_789' title='bbox 1055 5658 1064 5661; x_wconf 88' lang='lat'><strong><em>_</em></strong></span> <span class='ocrx_word' id='word_1_790' title='bbox 1134 5588 1145 5589; x_wconf 26' lang='grc' dir='ltr'>ί</span> <span class='ocrx_word' id='word_1_791' title='bbox 1199 5588 1220 5661; x_wconf 54' lang='grc' dir='ltr'><em>ί</em></span> <span class='ocrx_word' id='word_1_792' title='bbox 1339 5659 1348 5661; x_wconf 79' lang='lat'><strong><em>_</em></strong></span> <span class='ocrx_word' id='word_1_793' title='bbox 1560 5659 1587 5661; x_wconf 78' lang='lat'><strong><em>__</em></strong></span> <span class='ocrx_word' id='word_1_794' title='bbox 1635 5657 1660 5661; x_wconf 75' lang='lat'>_</span> <span class='ocrx_word' id='word_1_795' title='bbox 1735 5658 1763 5661; x_wconf 87' lang='lat'><em>_</em></span> <span class='ocrx_word' id='word_1_796' title='bbox 1880 5658 1893 5661; x_wconf 74' lang='lat'><strong><em>_</em></strong></span> 
     </span>
    </p>
   </div>
   <div class='ocr_carea' id='block_1_103' title="bbox 1434 5588 2954 5661">
    <p class='ocr_par' dir='ltr' id='par_1_103' title="bbox 1560 5588 2954 5661">
     <span class='ocr_line' id='line_1_103' title="bbox 1560 5588 2954 5661; baseline -0.004 -11"><span class='ocrx_word' id='word_1_797' title='bbox 1560 5659 1587 5661; x_wconf 78' lang='lat'><strong><em>__</em></strong></span> <span class='ocrx_word' id='word_1_798' title='bbox 1635 5657 1660 5661; x_wconf 76' lang='lat'>_</span> <span class='ocrx_word' id='word_1_799' title='bbox 1735 5658 1763 5661; x_wconf 87' lang='lat'><em>_</em></span> <span class='ocrx_word' id='word_1_800' title='bbox 1880 5658 1893 5661; x_wconf 75' lang='lat'><strong><em>_</em></strong></span> <span class='ocrx_word' id='word_1_801' title='bbox 2070 5588 2705 5661; x_wconf 46' lang='lat' dir='ltr'><strong>quaesequunturuleges</strong></span> <span class='ocrx_word' id='word_1_802' title='bbox 2729 5608 2782 5661; x_wconf 86' lang='lat' dir='ltr'><strong>p.</strong></span> <span class='ocrx_word' id='word_1_803' title='bbox 2830 5588 2954 5646; x_wconf 75' lang='grc'><strong>218.</strong></span> 
     </span>
    </p>
   </div>
   <div class='ocr_carea' id='block_1_104' title="bbox 464 5655 1984 5734">
    <p class='ocr_par' dir='ltr' id='par_1_104' title="bbox 464 5655 1961 5734">
     <span class='ocr_line' id='line_1_104' title="bbox 464 5655 1961 5734; baseline 0.003 -24"><span class='ocrx_word' id='word_1_804' title='bbox 464 5655 598 5734; x_wconf 61' lang='grc'><strong>(55]</strong></span> <span class='ocrx_word' id='word_1_805' title='bbox 621 5655 733 5734; x_wconf 64' lang='lat' dir='ltr'><strong>Kai</strong></span> <span class='ocrx_word' id='word_1_806' title='bbox 754 5658 1097 5734; x_wconf 42' lang='grc' dir='ltr'>πρός-αὑτᾷ,</span> <span class='ocrx_word' id='word_1_807' title='bbox 1115 5660 1213 5734; x_wconf 66' lang='grc' dir='ltr'>καὶ</span> <span class='ocrx_word' id='word_1_808' title='bbox 1226 5659 1352 5734; x_wconf 53' lang='grc' dir='ltr'>κατ’</span> <span class='ocrx_word' id='word_1_809' title='bbox 1375 5661 1527 5718; x_wconf 81' lang='grc' dir='ltr'>αὐτὰ</span> <span class='ocrx_word' id='word_1_810' title='bbox 1550 5657 1716 5728; x_wconf 82' lang='grc' dir='ltr'>ζωῆς.</span> <span class='ocrx_word' id='word_1_811' title='bbox 1735 5658 1961 5730; x_wconf 87' lang='lat' dir='ltr'><strong>Porph.,</strong></span> 
     </span>
    </p>
   </div>
   <div class='ocr_carea' id='block_1_105' title="bbox 2131 5655 3651 5734">
    <p class='ocr_par' dir='ltr' id='par_1_105' title="bbox 2140 5655 3651 5734">
     <span class='ocr_line' id='line_1_105' title="bbox 2140 5655 3651 5734; baseline 0.003 -21"><span class='ocrx_word' id='word_1_812' title='bbox 2140 5658 2253 5731; x_wconf 79' lang='lat'><strong>(35)</strong></span> <span class='ocrx_word' id='word_1_813' title='bbox 2282 5655 2486 5727; x_wconf 78' lang='grc' dir='ltr'>Ὄλως.</span> <span class='ocrx_word' id='word_1_814' title='bbox 2518 5655 2703 5716; x_wconf 80' lang='lat' dir='ltr'><strong>Malim</strong></span> <span class='ocrx_word' id='word_1_815' title='bbox 2729 5655 2855 5725; x_wconf 64' lang='grc' dir='ltr'>ὅλος</span> <span class='ocrx_word' id='word_1_816' title='bbox 2882 5676 3006 5717; x_wconf 91' lang='lat' dir='ltr'><strong>cum</strong></span> <span class='ocrx_word' id='word_1_817' title='bbox 3049 5660 3317 5734; x_wconf 79' lang='lat' dir='ltr'><strong>Porphyr.</strong></span> <span class='ocrx_word' id='word_1_818' title='bbox 3358 5668 3413 5717; x_wconf 88' lang='lat' dir='ltr'><strong>et</strong></span> <span class='ocrx_word' id='word_1_819' title='bbox 3449 5673 3651 5717; x_wconf 81' lang='lat' dir='ltr'><strong>manu-</strong></span> 
     </span>
    </p>
   </div>
   <div class='ocr_carea' id='block_1_106' title="bbox 397 5727 2176 5802">
    <p class='ocr_par' dir='ltr' id='par_1_106' title="bbox 397 5727 2176 5802">
     <span class='ocr_line' id='line_1_106' title="bbox 397 5727 2176 5802; baseline 0.003 -24"><span class='ocrx_word' id='word_1_820' title='bbox 397 5727 493 5779; x_wconf 73' lang='grc' dir='ltr'>καὶ</span> <span class='ocrx_word' id='word_1_821' title='bbox 517 5727 616 5799; x_wconf 83' lang='grc' dir='ltr'>τῆς</span> <span class='ocrx_word' id='word_1_822' title='bbox 642 5727 775 5799; x_wconf 83' lang='grc' dir='ltr'>πρὸς</span> <span class='ocrx_word' id='word_1_823' title='bbox 802 5729 938 5783; x_wconf 80' lang='grc' dir='ltr'>αὐτὰ</span> <span class='ocrx_word' id='word_1_824' title='bbox 966 5728 1138 5786; x_wconf 77' lang='grc' dir='ltr'>ταῦτα</span> <span class='ocrx_word' id='word_1_825' title='bbox 1168 5729 1335 5802; x_wconf 77' lang='grc' dir='ltr'>ζωῆς.</span> <span class='ocrx_word' id='word_1_826' title='bbox 1647 5727 1654 5728; x_wconf 27' lang='grc' dir='ltr'>ί</span> <span class='ocrx_word' id='word_1_827' title='bbox 1843 5727 1860 5730; x_wconf 56' lang='grc'><strong><em>“</em></strong></span> <span class='ocrx_word' id='word_1_828' title='bbox 2068 5727 2176 5785; x_wconf 76' lang='lat' dir='ltr'><strong>scr.</strong></span> 
     </span>
    </p>
   </div>
  </div>
