3850 6222
165 312 243 367 295
1281 308 1606 364 PRASPAR.
1641 306 1899 364 EVANG.
1932 306 2063 363 LIB.
2096 305 2189 363 IV.

3261 318 3368 377 295

164 430 372 500 δαιμόνων
398 426 602 492 διεξιὼν
629 426 809 496 λόγον,
840 428 935 481 καὶ
962 427 1186 496 φάσκων
1212 426 1303 480 τὸν
1340 429 1559 481 συνετὸν
1588 428 1674 481 ἂν·

1788 426 1941 480 ribus
1972 426 2089 479 ﬁeri
2124 426 2285 480 solita
2331 425 2601 495 repudiat.
2639 423 2922 496 Siquidem
2965 428 3056 484 ubi
3088 430 3155 486 de
3189 437 3381 505 pravis

165 523 239 593 δρα
259 519 335 575 καὶ
367 519 608 589 σώφρονα
643 521 853 590 μήποτε
898 519 1107 583 τούτοις
1152 519 1343 573 ἑαυτὸν
1376 519 1680 584 ἐπιδοῦναι,

166 613 258 685 μηδ’
288 612 669 666 ἐπισπάσασθαι
702 615 782 676 εις
815 613 1007 667 ἑαυτὸν
1038 612 1128 666 διὰ
1158 612 1268 666 τῶν
1309 612 1512 667 θυσιῶν
1552 614 1682 676 τοὺς

165 704 409 768 τοιούτους*
445 702 573 774 ἑξῆς
617 704 1001 769 ὲπισυνάπτει,
1035 704 1230 774 λέγων,
1265 705 1357 758 τὸν
1390 704 1682 775 φιλόσοφον

168 797 267 869 μηδὲ
305 795 548 865 μαντείων
586 795 897 867 δεήσεσθαι,
948 796 1081 868 μηδὲ
1126 797 1451 866 σπλάγχνων
1499 796 1677 862 ζώων,

166 886 341 941 καὶτῶν
368 887 778 959 παραπλησίων,
809 887 885 951 ὼς
926 886 992 940 ἂν
1030 887 1130 956 τῆς
1159 886 1481 957 δαιμονικῐκ
1513 886 1682 939 ὅντων

165 976 475 1046 κακοτεχνίας.
509 978 574 1029 Εἰ
613 977 679 1049 δὴ
719 973 811 1030 οὖν
856 977 998 1030 κατὰ
1027 976 1204 1030 ταῦτα
1233 976 1560 1043 εὐλαϐητέον
1603 977 1683 1045 τῷ

168 1068 324 1137 συνετῷ
353 1069 434 1121 καὶ
476 1067 714 1139 σώφρονι
755 1067 1032 1130 τοιαύταις
1064 1066 1303 1139 χρῆσθαι
1337 1064 1578 1129 θυσίαις,
1614 1065 1680 1119 δι’

165 1156 562 1216 ὧνὲπισπάσεται
602 1162 741 1232 πρὸς
779 1160 971 1213 ἑαυτὸν
1003 1162 1129 1224 τοὺς
1170 1160 1464 1231 δαίμονας·
1498 1152 1683 1219 (αὗται

164 1255 196 1307 δ’
210 1250 319 1325 ἦσαν
335 1255 383 1307 αἱ
404 1253 470 1306 δι’
495 1252 747 1323 αἱμάτων
773 1250 1049 1321 ὲκχύσεως
1076 1253 1173 1305 καὶ
1196 1252 1264 1304 δι’
1287 1251 1497 1320 ἀλόγων
1528 1249 1682 1316 ζώων

164 1345 394 1414 τριττῆς)
420 1344 593 1407 οὐδεὶς
611 1343 677 1398 ἂν
704 1343 928 1406 ἐνδίκως
961 1343 1150 1415 ῥηθείη
1182 1343 1417 1413 σώιρρων
1438 1344 1532 1397 καὶ
1558 1359 1683 1396 συν-

162 1439 251 1501 ετὸς
287 1438 382 1491 τῶν
424 1438 594 1491 πάλαι
648 1436 1060 1502 ζωοθυτούντων
1120 1439 1234 1500 τοῖς
1284 1436 1502 1507 δαίμοσι
1525 1476 1540 1500 ,
1590 1437 1685 1489 καὶ

162 1532 261 1584 πολὺ
297 1531 475 1602 μᾶλλον
528 1529 636 1583 τῶν
681 1528 1260 1602 ἀνθρωποθυτούντων.
1322 1528 1475 1582 "mm
1518 1527 1576 1581 δὲ
1613 1528 1683 1582 τὰ

158 1623 377 1693 πανταχοῦ
408 1624 606 1685 πάντα,
650 1621 835 1692 σχεδὸν
872 1622 1069 1684 εἰπεῖν,
1102 1620 1231 1691 ἔθνη
1263 1620 1498 1691 πρόσθεν
1526 1621 1560 1691 ἢ
1590 1620 1682 1672 τὸν

158 1716 372 1787 ἡμέτερον
399 1715 633 1787 Χριστὸν
663 1716 744 1777 είς
773 1712 1088 1785 ἀνθρώπους
1126 1712 1522 1783 ἀναδειχθῆναι,
1557 1712 1682 1774 τοὺς

1784 514 2128 571 daemonibus
2161 515 2441 581 disseruit,
2475 532 2805 589 aequumque
2843 535 2907 572 ac
2939 520 3241 590 sapientem
3287 524 3370 576 vi-

1782 622 1905 661 rum
1937 624 2244 678 nunquam,
2275 618 2371 664 aut
2400 610 2468 665 iis
2512 626 2632 666 sese
2663 611 2997 677 deditnrum,
3021 624 3116 669 aut
3156 616 3367 670 sacriﬁ—

1782 701 1885 754 ciis
1929 700 2151 755 eosdem
2209 701 2312 756 sibi
2363 702 2786 758 conciliaturum
2830 703 3137 773 afﬁrmavit,
3188 709 3372 763 subdit

1784 794 2068 857 continuo,
2098 794 2490 865 philosophum
2521 812 2697 867 neque
2722 797 3174 864 divinationihus,
3194 817 3371 871 neque

1783 885 2111 955 extispiciis,
2141 901 2320 955 neque
2361 887 2413 941 id
2450 903 2621 957 genus
2674 889 2797 945 aliis
2850 904 2990 960 opus
3031 891 3369 961 habiturum,

1784 977 1985 1044 quippe
2011 992 2133 1046 quae.
2162 992 2191 1031 a
2215 977 2525 1033 daemonum
2554 979 2742 1036 fraude
2765 983 2951 1037 omnia
2989 984 3371 1055 maleﬁcioque

1784 1065 2030 1136 profecta
2058 1068 2187 1122 sint.
2221 1067 2277 1122 Si
2302 1082 2432 1139 ergo
2458 1070 2801 1139 sapientibus
2828 1082 2883 1127 et
2908 1075 3080 1144 aequis
3117 1077 3360 1132 homini-

1785 1158 1911 1224 bus,
1942 1160 2406 1228 quemadmodum
2441 1161 2529 1216 ille
2560 1166 2822 1234 praecipit,
2856 1167 2925 1221 ah
2958 1168 3231 1236 ejusmodi
3276 1186 3368 1226 sa-

1785 1248 2034 1316 criﬁciis,
2089 1252 2293 1321 quibus
2346 1252 2656 1309 dmmonum
2715 1258 2946 1326 gratiam
3003 1272 3367 1331 aucupentur,

1786 1345 1939 1398 omni
1969 1345 2286 1414 provisione
2317 1347 2618 1401 cavendum
2648 1359 2760 1413 est;
2792 1365 2893 1403 nec
2911 1351 3016 1405 alia
3045 1353 3157 1406 sint
3189 1369 3251 1408 ea
3281 1369 3371 1409 sa-

1785 1436 2017 1502 criﬁcia,
2074 1453 2240 1507 quam
2293 1454 2418 1507 quae
2483 1437 2606 1493 fuso
2655 1441 2921 1510 sanguine
2967 1445 3367 1500 etanimalinm

1785 1527 1930 1583 unde
1969 1526 2086 1581 ﬁeri
2142 1537 2540 1584 consueverant
2572 1550 2585 1584 :
2618 1534 2866 1601 sequitur
2894 1533 3157 1603 profecto,
3195 1540 3371 1593 nemi-

1785 1632 1909 1671 nem
1943 1634 2174 1689 prorsus
2212 1636 2427 1686 eorntn,
2452 1623 2545 1691 qui
2573 1623 2884 1679 animantes
2908 1626 3061 1690 olim,
3086 1631 3368 1701 multoque

1787 1712 1970 1766 minus
2015 1713 2109 1782 qui
2165 1714 2415 1770 homines
2461 1717 2805 1773 daemonibus
2852 1721 3222 1784 immolarent.
3268 1740 3363 1779 sa-

156 1807 341 1876 ᾳαύλους
364 1807 496 1860 ἰλεού
508 1823 643 1877 μενα
673 1805 933 1875 δαίμονας
986 1807 1106 1868 ταῖς
1136 1804 1279 1857 κατὰ
1312 1804 1488 1857 πάντα
1515 1803 1674 1857 τόπον

1784 1802 2019 1871 pientem
2054 1813 2109 1858 et
2134 1820 2354 1874 aequum
2390 1808 2661 1863 nominari
2686 1809 2809 1879 jure
2839 1827 3020 1881 posse.
3045 1814 3208 1883 Atqui
3233 1832 3365 1887 gen-

158 1897 540 1968 ἐπιτελουμένας
567 1894 1054 1967 ὰνθρωποθυσίαις.
1095 1895 1284 1957 Οὐδεὶς
1322 1895 1430 1966 ἄρα
1476 1894 1680 1948 τούτων

157 1990 327 2053 συνετὸς
356 1986 418 2060 ἦν
463 1990 563 2043 καὶ
597 1988 847 2057 σώφρων.
887 1986 946 2039 Ὀ
984 1987 1083 2057 μὲν
1111 1981 1206 2040 οὖν
1239 1986 1417 2050 κοινὸς
1449 1989 1544 2040 καὶ
1584 1988 1681 2040 ἀν-

155 2078 369 2151 θρώπινος
402 2080 682 2152 λογισμὸς,
731 2079 995 2149 ἑπόμενος
1022 2078 1169 2150 ὀρθῷ
1206 2078 1368 2149 λόγῳ,
1402 2080 1568 2132 παντὶ
1605 2078 1682 2150 τῷ

155 2175 314 2245 συνετῷ
335 2176 422 2228 καὶ
450 2174 693 2245 σώφρονι
718 2173 1015 2245 διαρρήδην
1050 2170 1313 2243 κηρύττει
1343 2172 1418 2243 μὴ
1445 2171 1682 2243 χρῆσθαι

153 2264 319 2330 θυσίαις
342 2268 427 2320 ἐπὶ
457 2265 730 2339 θεραπείᾳ
754 2265 860 2319 τῶν
894 2264 1144 2336 πονηρῶν
1171 2263 1439 2333 δαιμόνων
1459 2278 1473 2295 ο
1517 2281 1683 2318 σπου-

148 2354 292 2418 δάςειν
316 2356 369 2409 δὲ
406 2354 695 2426 καθαίρειν
752 2354 850 2424 τὴν
891 2353 1066 2425 ψυχὴν
1105 2353 1396 2416 παντοίως.
1447 2351 1683 2426 Καθαρᾷ

146 2448 235 2517 γὰρ
254 2446 381 2517 ψυχῇ
415 2448 487 2518 μὴ
517 2444 880 2507 ἐπιτίθεσθαι,
909 2444 998 2498 διὰ
1021 2444 1081 2497 τὸ
1114 2444 1296 2507 αὐτοῖς
1336 2444 1588 2513 ἀνόμοιον
1607 2462 1622 2475 ο
1654 2447 1683 2498 ὁ

146 2537 192 2590 δὲ
229 2537 536 2602 θεὸςκαύτοῖς
590 2538 623 2590 ὁ
681 2536 952 2589 Ἀπόλλων
985 2535 1189 2606 (πάλιν
1228 2534 1337 2607 γὰρ
1372 2533 1682 2607 ἀνθρώποις

140 2629 293 2683 τοῦτον
323 2632 726 2704 παραϐλητέον,
775 2630 870 2684 καὶ
913 2629 1154 2683 δεικτέον
1205 2629 1330 2682 ὅσον
1370 2627 1466 2682 τοῦ
1517 2627 1678 2699 ὀρθοῦ

141 2720 344 2777 λείπεται
377 2724 707 2796 λογισμοῦ,)
740 2723 1066 2795 προστάττει
1107 2721 1186 2793 τῷ
1218 2721 1440 2792 πονηρῷ
1466 2721 1679 2792 δαίμονι

142 2813 278 2877 θύειν,
313 2816 406 2868 οὐκ
434 2816 633 2880 ἄλλως,
671 2816 705 2885 ἢ
749 2814 947 2886 δηλαδὴ
996 2813 1148 2884 φίλος
1186 2811 1261 2867 ῶν
1304 2812 1455 2883 αὐτῷ
1477 2830 1492 2844 ο
1524 2812 1680 2883 κακῷ

140 2904 179 2956 δὲ
197 2906 252 2958 το
268 2908 434 2978 ὅμοιον
469 2908 646 2977 φίλον.
684 2905 888 2960 Τούτου
916 2906 973 2959 δὲ
1002 2904 1215 2976 μάρτυς
1238 2906 1267 2958 ὁ
1301 2904 1395 2957 καὶ
1420 2903 1677 2975 πρόσθεν,

140 2996 179 3047 ia
209 2992 281 3060 οἷς
309 2999 584 3071 ἐπέγραψε
636 2998 735 3068 τῆς
774 3000 839 3050 ὲκ
875 2998 1105 3066 Aeriam
1152 2994 1547 3066 Φιλοσοφίας,
1570 2987 1675 3049 ὧδε

143 3085 327 3159 ἱστορῶν
351 3090 488 3143 κατὰ
521 3088 694 3154 λέξιν.

1786 1900 1867 1946 tes
1897 1896 2289 1963 propemodum
2326 1898 2636 1965 universas,
2673 1899 2993 1972 priusquani
3037 1915 3229 1961 noster
3278 1909 3366 1964 ille

1782 1982 2038 2041 Christus
2089 1986 2143 2040 in
2194 1987 2479 2043 hominum
2530 2005 2652 2047 sese
2686 1993 2854 2048 vitam
2921 2010 2986 2050 ac
3037 2000 3361 2055 societatem

1782 2075 2078 2142 intulisset,
2113 2077 2390 2149 improbos
2454 2081 2732 2141 daemones
2787 2087 3125 2145 solemnibus
3158 2094 3361 2161 passim

1785 2166 2071 2223 hominum
2095 2170 2383 2227 sacriﬁciis
2417 2173 2741 2244 placavisse,
2775 2180 3065 2237 manifeste
3100 2184 3234 2239 satis
3269 2201 3364 2241 os-

1785 2262 2084 2318 tendimus.
2140 2262 2333 2320 Restat
2377 2267 2565 2336 igitur,
2599 2270 2810 2325 nullum
2859 2281 2919 2328 ut
2968 2275 3111 2343 apud
3152 2292 3246 2332 eas
3280 2278 3365 2333 vel

1782 2355 2107 2423 prudentem
2140 2357 2225 2410 vel
2275 2373 2492 2427 equum
2524 2376 2831 2433 sanumque
2873 2364 3045 2422 fuisse
3071 2370 3366 2425 concluda—

1783 2461 1927 2499 mus.
1965 2445 2260 2503 Enimvero
2312 2466 2437 2504 cum
2493 2452 2770 2509 humanus
2794 2455 2908 2525 ipse
2938 2461 3363 2531 communisque

1785 2551 2002 2601 sensus,
2061 2550 2225 2595 rectae
2284 2543 2516 2599 rationis
2555 2545 2780 2601 ductum
2824 2555 3068 2609 secutus,
3107 2554 3360 2623 quisqui:

1781 2636 1836 2681 et
1864 2629 2084 2697 sapiens
2114 2641 2167 2685 et
2205 2647 2398 2701 aequus
2432 2648 2555 2688 esse
2584 2635 2733 2700 velit,
2757 2637 2805 2690 ei
2836 2640 3053 2706 penitus
3076 2641 3146 2695 ab
3178 2657 3244 2698 eo
3270 2657 3364 2698 sa-

1785 2720 2119 2776 criﬁciorum
2165 2740 2381 2794 genere,
2406 2726 2609 2796 quibus
2648 2728 2882 2798 improbi
2914 2732 3192 2789 «laniones
3224 2734 3367 2791 deli-

1782 2815 2027 2883 niantur,
2060 2818 2450 2874 abstinendum
2483 2829 2672 2888 aperte
2705 2823 3008 2886 denuntiet,
3059 2834 3363 2896 contraque

1783 2918 2018 2963 mentem
2068 2912 2220 2967 omni
2267 2913 2451 2967 studio
2495 2929 2728 2983 purgare
2772 2914 2986 2984 jubeat,
3032 2918 3178 2987 quod
3213 2935 3361 2973 nun-

1781 3016 1947 3071 quam
1985 3004 2055 3057 ab
2089 3005 2178 3072 iis,
2219 3016 2443 3076 propter
2484 3007 2646 3078 168
2678 3022 2891 3063 morum
2936 3010 3363 3065 dissimulitudi-

1783 3108 1943 3159 nem,
1992 3111 2166 3165 purus
2212 3113 2279 3154 ac
2334 3099 2587 3154 sincerus
2629 3100 2847 3156 animus
2877 3101 3166 3157 invadatur
3199 3121 3212 3156 :
3245 3112 3361 3158 tum

138 3195 242 3235 vero
269 3194 446 3238 contra
482 3185 625 3239 deus
673 3182 867 3253 Apollo
903 3182 1120 3252 (rursus
1155 3179 1302 3235 enim
1367 3195 1492 3234 cum
1554 3180 1871 3241 hominibus
1912 3191 2323 3259 componendus
2376 3191 2465 3247 ille
2509 3199 2615 3256 est,
2681 3200 2760 3259 ut,
2819 3203 3085 3264 quantum
3123 3210 3155 3249 a
3199 3206 3359 3252 recta:

137 3286 349 3345 saneque
417 3278 659 3333 rationis
720 3277 928 3349 judicio
970 3276 1158 3340 distet,
1228 3280 1635 3343 ostendamus,l

1784 3284 1964 3352 probo
2013 3286 2248 3342 daemoni
2296 3287 2440 3341 litari
2487 3287 2664 3357 jubet,
2715 3288 2865 3342 aliud
2903 3289 3150 3359 profecto
3200 3292 3359 3367 nihil,

136 3378 268 3433 quam
308 3370 423 3439 ejus
468 3371 776 3427 amicitiam
845 3377 1114 3425 secutus:
1157 3369 1286 3423 mali
1349 3376 1555 3435 autem,
1618 3386 1725 3425 non
1785 3375 1893 3431 nisi
1940 3378 2141 3445 simile,
2183 3380 2421 3435 amicum
2471 3389 2574 3435 est.
2626 3381 2806 3451 Atque
2865 3382 3031 3453 hujus
3075 3385 3239 3439 etiam
3279 3384 3361 3440 rei

136 3466 292 3515 testem
338 3462 608 3520 habemus
664 3461 917 3518 eumdem
950 3461 1333 3533 Porphyrium,
1362 3461 1456 3531 qui
1523 3461 1580 3515 in
1621 3464 1739 3519 suis
1780 3464 1856 3521 De
1915 3471 2257 3524 oraculorum
2301 3470 2637 3541 philosophia
2685 3471 2843 3527 libris
2890 3474 2956 3527 ad
3003 3475 3231 3529 verbum
3285 3477 3357 3531 ita

138 3553 306 3609 scribit.

621 3643 1024 3698 ΚΕΦΑΔΔΙυΝ
1071 3645 1161 3697 Κ’.

149 3751 220 3821 Ὧς
250 3758 280 3811 ὁ
316 3757 624 3814 Ἀπόλλων
656 3756 738 3824 τῷ
1045 3756 1279 3828 δαίμονι
1323 3756 1677 3826 προστάττει

818 3845 967 3882 υειν.

818 3845 967 3882 υειν.

194 3937 210 3971 ι
248 3921 563 3985 Σπεύδοντος
611 3918 751 3990 γοῦν
787 3919 880 3973 τοῦ
917 3919 1198 3991 προφήτου
1233 3917 1574 3989 αὐτοπτῆσαι
1614 3918 1676 3972 τὸ

141 4006 264 4073 θεῖσιν,
284 4014 369 4065 καὶ
388 4011 780 4082 ἐπειγομένου,
824 4011 853 4062 ὁ
891 4008 1161 4062 Ἀπόλλων
1187 4006 1446 4061 ἀδύνατον
1485 4006 1586 4079 ἔφη
1616 4007 1677 4062 τὸ

140 4100 353 4168 τοιοῦτον,
392 4104 524 4176 πρὶν
583 4102 765 4173 λύτρα
814 4100 894 4172 τῷ
940 4099 1163 4173 πονηρῷ
1210 4099 1426 4170 δαίμονι
1468 4099 1672 4154 δοῦναι.

141 4190 489 4260 Δέγειδὲῶδε’

142 4372 294 4446 sum
319 4375 481 4431 δίδου
522 4375 712 4446 γαίης
750 4370 1009 4441 πατέρης
1024 4383 1064 4446 ι,
1085 4366 1598 4446 οικῄεορψεμιλῷν

141 4434 303 4507 Πρῶτα
342 4447 508 4516 χοὰς,
531 4434 882 4516 ’μετέπειτα
898 4434 1125 4510 ⁷πυρὴν
1163 4434 1258 4509 ἠδ’
1284 4434 1676 4564 @165:st-

143 4580 281 4638 οἶνον
318 4586 734 4656 παμμέλαν-ος,
770 4582 913 4636 ὀΐων
952 4583 1002 4636 θ’
1046 4580 1167 4651 ἅμα
1204 4579 1394 4634 λευκὰ
1434 4579 1672 4648 ῥέεθρα.

139 4709 223 4764 Καὶ
253 4715 568 4789 σαφέστερον
603 4712 736 4769 εἷπε
779 4713 907 4785 ’περὶ⁹
934 4712 1042 4767 τῶν
1086 4713 1286 4767 αὐτῶνθ

142 4797 279 4858 οἶνον
308 4809 400 4862 καὶ
437 4807 602 4880 γάλα
634 4805 846 4872 ,ϐάλλε
863 4844 878 4869 ,
922 4804 1020 4858 καὶ
1059 4804 1279 4870 ὕδατος
1322 4801 1555 4880 agr-gade-
1597 4798 1676 4856 ετ-

138 4941 221 4996 Kal
282 4945 428 5011 ξύλα
498 4944 749 5017 καρπὸν
817 4943 1038 5014 ἔχοντα
1116 4874 1674 5042 δξεηήτὲἐίἷίὶκυ-

137 5083 411 5158 ludum
446 5088 517 5144 δὲ
551 5084 920 5156 κατθέμενος
967 5011 1672 5226 λιπαρὲςῗιὲξιὲῗὲἒὶμωσι

139 5263 253 5322 Μετᾶ
288 5272 434 5335 ποίας
460 5271 520 5326 δὲ
571 5270 748 5341 εὐχῆς
788 5267 1118 5341 ἐρωτηθεὶς,
1180 5267 1383 5341 ἤρξατο
1429 5268 1564 5339 μὲν,
1609 5267 1670 5321 ού

143 5355 218 5424 μὴν
253 5359 586 5431 ἐπλήρωσεν,
639 5358 819 5423 οὕτως
867 5358 1065 5412 εἰπών·

140 5446 305 5531 ἔεξτμρν
328 5455 710 5531 deth
738 5449 957 5530 ψυκεδν
982 5450 1240 5531 διάρηιςα
1266 5448 1597 5531 λειᾷογχῲς.

165 5520 344 5587 Hephae-
384 5522 687 5590 ὑπένερθε
724 5520 970 5591 μυχῶν,
1021 5522 1279 5592 χθονίων
1317 5522 1369 5595 τί
1406 5521 1668 5644 ἐφύπερ-

1360 5606 1370 5644 ι
1441 5608 1569 5643 ενδ

1360 5606 1381 5662 ι
1406 5606 1529 5644 σεν.

190 5669 209 5697 ⁸
230 5659 293 5716 ἶσα
329 5668 593 5739 πατρίη...

1706 3653 1753 3714 C

2376 3648 2606 3705 CAPUT
2644 3648 2765 3705 XX.

1779 3761 2236 3828 Quemadmodum
2259 3764 2500 3835 improbo
2518 3765 2748 3820 dwmoni
2770 3765 2928 3819 litare
2948 3764 3135 3833 Apollo
3148 3764 3365 3834 jubea.

1852 3935 1872 3969 ι
1921 3916 2070 3985 Vale,
2100 3918 2298 3988 inquit,
2328 3918 2445 3973 suis
2485 3933 2690 3973 numen
2734 3917 2912 3988 ipsum
2947 3917 3121 3973 oculis
3151 3917 3353 3973 intueri

1777 4010 2079 4082 studiosius
2126 4027 2192 4067 ac
2247 4011 2624 4067 vehementius
2672 4013 2928 4081 cupiente
2959 4051 2975 4079 ,
3023 4011 3220 4081 Apollo
3271 4026 3358 4066 re-

1777 4101 1998 4171 spondit
2021 4101 2141 4156 ﬁeri
2190 4103 2294 4157 hoc
2332 4102 2484 4156 nullo
2523 4103 2686 4157 modo
2726 4118 2909 4173 posse,
2938 4103 3113 4157 donec
3147 4103 3359 4158 sacrili-

1777 4192 1846 4245 cii
1873 4192 2024 4261 justo
2055 4191 2215 4261 quasi
2248 4191 2425 4261 pretio
2450 4191 2652 4246 laetum
2677 4192 2928 4262 improbo
2958 4192 3191 4247 daemonii
3221 4196 3358 4251 satis

1775 4293 1940 4341 esset.
1981 4283 2330 4356 Responsum
2364 4295 2549 4340 autem
2581 4286 2663 4341 sic
2692 4286 2856 4341 habet
2889 4304 2903 4341 :

1781 4372 1858 4444 Tu
1881 4375 2074 4442 patrie
2106 4374 2326 4443 indigeti
2357 4374 2607 4441 pretium,
2652 4390 2811 4428 sacra
2846 4375 2985 4444 ferre
3022 4386 3284 4432 memento

1776 4443 2111 4511 Libamenta,
2145 4444 2333 4497 deinde
2362 4459 2572 4512 pyram,
2610 4445 2926 4514 nigrumque
2956 4462 3198 4499 cruorem

1779 4514 2208 4637 gurpyreumque
2227 4529 2451 4579 merum,
2488 4523 2644 4585 atque
2679 4516 2854 4568 ovium
2879 4517 3186 4584 spumantia
3220 4516 3359 4572 lucta

1827 4600 1923 4637 ocu
1949 4602 2001 4637 a.

1786 4718 1960 4788 Atque
2004 4719 2198 4775 iterum
2245 4719 2347 4773 hac
2407 4718 2524 4786 ipsa
2555 4714 2622 4770 de
2643 4731 2702 4770 re
2727 4715 2953 4779 clarius,

1786 4807 1999 4875 Vinum,
2021 4808 2207 4878 lacque
2222 4808 2383 4862 simul
2407 4808 2655 4879 fundens,
2674 4807 3043 4878 lymphamque
3071 4808 3353 4872 nitentem,

1778 4938 2084 5010 Ilignasque
2108 4954 2264 4993 nuces
2293 4937 2423 4992 Jove
2447 4948 2579 4993 nata
2604 4952 2668 4993 ea:
2697 4938 2890 4991 arbore
2913 4938 3144 5003 mittens,

1777 5073 1896 5144 Bito
1929 5074 2042 5128 solo
2074 5075 2270 5142 positu,
2296 5082 2346 5127 et
2370 5074 2555 5144 pingui
2581 5074 2796 5143 perfusa
2824 5073 3030 5143 liquore

1790 5143 2004 5198 Viscera
2037 5144 2224 5197 libato.

1777 5236 1924 5290 Idem
1950 5251 2081 5290 vero
2114 5235 2402 5290 consultus
2431 5245 2712 5304 prreterea,
2732 5232 3193 5303 quemadmodum
3222 5249 3346 5302 pre-

1779 5345 1871 5385 ces
1899 5328 2278 5399 nuncupanda:
2307 5326 2510 5394 forent,
2542 5341 2636 5381 eas
2664 5327 2930 5381 duntaxat
2956 5324 3234 5379 inchoavit
3263 5327 3349 5381 his

1777 5422 1958 5476 verbis
1999 5435 2018 5474 :

1780 5514 2022 5579 Daemon,
2050 5516 2353 5570 aberrantes
2385 5512 2592 5566 animas
2619 5508 2717 5579 qui
2744 5514 2884 5561 sorte
2914 5509 3128 5566 perenni

1785 5585 2149 5657 Obscurosque
2181 5587 2315 5659 regis
2344 5596 2605 5654 supraque
2634 5578 2876 5648 infraque
2898 5592 3152 5634 recessus.
3184 5593 3206 5630 ι

193 5752 278 5827 (7³6)
315 5759 663 5816 Ἀκυλαίων.
696 5753 777 5813 Me
802 5763 1011 5813 tantum
1061 5755 1243 5827 legere
1283 5751 1507 5810 memini
1533 5750 1674 5806 itqu

1784 5750 1846 5807 'cl
1874 5748 2073 5805 ἄκυλον
