3850 6222
431 269 540 327 295

1105 259 1377 319 EUSEBII
1421 259 1905 318 CAESARKENSIS
1935 259 2088 316 OPP.
2122 258 2305 315 PARS
2338 260 2402 314 ll.
2430 292 2501 305 -—
2527 258 3042 319 APOLOGETICA.

3612 263 3727 322 ΞΜ

432 383 559 440 Hac
600 387 734 439 deus
761 380 1030 453 egregius,
1057 380 1142 435 vel
1180 380 1362 451 potius
1408 380 1645 445 daemon,
1690 378 1906 436 fraudis
1952 394 2018 434 ac

2147 375 2312 431 Γαῦτα
2354 378 2452 448 μὲν
2498 379 2526 430 6
2570 377 2874 448 θαυμάσιος
2924 377 3079 443 Θεὸς,
3130 377 3331 449 μᾶλλον
3363 377 3512 432 δὲτὸ
3556 380 3728 436 πολυ-

431 476 540 533 doli
623 474 995 539 architectus;
1046 472 1248 542 quibus
1295 472 1455 543 plane
1503 472 1783 528 contraria
1855 483 2020 527 natu.

431 569 564 624 ralis
602 568 743 622 ratio
782 566 1016 631 statuit,
1074 563 1205 618 dum
1262 572 1319 619 et
1372 565 1615 620 animum
1676 564 2024 634 purgareju-

433 662 553 726 bet,
599 668 654 714 et
697 658 983 714 sacrificiis
1015 655 1391 727 improborum
1440 656 1748 712 daemonum
1789 656 2021 725 gratiam

432 763 701 820 opemque
761 756 981 817 captare
1023 755 1190 811 vetat,
1244 747 1391 818 quod
1448 763 1643 817 puram
1705 747 1782 801 illi
1835 747 2018 802 since-

434 857 664 912 ramque
705 852 942 895 mentem
999 839 1222 909 aggredi
1274 846 1499 910 propter
1537 855 1755 895 morum
1799 839 2013 895 dissen-

435 935 643 990 sionem
683 932 908 987 minime
937 932 1167 987 soleant.
1210 930 1371 998 Quod
1408 933 1455 988 si
1497 933 1823 1002 prudentem
1868 949 2017 996 eum,

440 1024 601 1097 169
630 1024 674 1080 si
699 1037 869 1096 aquae
894 1024 1094 1079 mentis
1120 1023 1398 1078 hominem
1429 1040 1550 1079 esse
1585 1025 1781 1079 merito
1805 1024 2021 1094 judica-

433 1125 583 1182 runt,
620 1114 714 1185 qui
748 1130 779 1168 a
809 1114 1117 1168 daemonum
1171 1112 1456 1168 sacrificiis
1487 1113 1735 1182 religiose
1782 1113 2023 1168 abstine-

434 1214 554 1260 ret:
579 1204 675 1276 qui
710 1205 825 1260 suis
847 1204 1092 1258 oraculis
1134 1203 1202 1258 ad
1249 1202 1516 1272 improbis
1554 1205 1717 1258 etiam
1751 1204 2019 1259 litandum

432 1296 709 1364 hortatur,
750 1295 847 1366 qui
890 1296 1107 1349 tandem
1143 1303 1197 1349 et
1224 1296 1403 1365 qualis
1437 1295 1625 1349 haberi
1668 1295 1882 1361 debeat,
1922 1297 2018 1351 tibi

434 1388 786 1447 statuendum
814 1388 1084 1458 relinquo.
1110 1387 1378 1442 Cancrum
1405 1386 1532 1443 hinc
1560 1397 1706 1443 retro
1736 1391 2019 1458 superiora

433 1483 700 1553 repetenti
744 1481 841 1535 tibi
882 1489 1032 1535 certo
1076 1480 1463 1549 evidenterque
1501 1482 1793 1546 constabit,
1833 1482 2022 1551 cujus—

436 1574 587 1629 modi
618 1583 814 1629 natura
843 1572 1199 1643 moribusque
1227 1571 1450 1637 fuerint,
1484 1581 1598 1627 tum
1633 1574 1728 1643 qui
1764 1574 2021 1629 humanis

435 1667 672 1723 vietimis
723 1667 1144 1732 delectarentur,
1199 1674 1313 1719 tum
1364 1664 1458 1734 qui
1511 1664 1813 1718 humanum
1848 1681 2020 1738 genus

2128 468 2327 532 πλανὲς
2373 468 2680 539 δαιμόνιον·
2723 470 2792 523 τὰ
2821 470 2879 522 δὲ
2922 470 3016 523 τοῦ
3065 471 3208 525 κατὰ
3245 469 3407 540 φύσιν
3450 471 3725 543 λογισμοῦ

2124 560 2403 627 τάναντία,
2454 560 2739 632 καθαίρειν
2782 561 2881 633 τὴν
2936 562 3135 641 ψυχὴν,
3186 561 3323 616 ἀλλά
3374 562 3448 635 μὴ
3504 562 3730 628 θυσίαις

2125 654 2460 706 ἐπισπᾶσθαι
2516 655 2643 717 τοὺς
2690 654 2962 725 πονηροὺς
3010 654 3294 725 δαίμονας,
3345 654 3728 727 παρακελευό-

2128 761 2284 814 μενα*
2322 745 2539 817 καθαρᾷ
2570 743 2679 817 γὰρ
2719 745 2864 817 ψυχῇ
2915 746 2991 817 μὴ
3034 746 3374 801 ἐπιτίθεσθαι
3410 747 3498 800 διὰ
3522 747 3584 802 τὸ
3621 747 3729 801 αὐ-

2124 839 2235 900 τοῖς
2263 838 2537 909 ἀνόμοιον.
2587 838 2650 890 Εἰ
2684 837 2742 890 δὲ
2791 838 2856 910 δὴ
2898 838 3119 903 συνετὸς
3162 833 3301 892 εἶναι
3343 841 3437 893 καὶ
3483 838 3726 912 σώφρων

2123 928 2262 1002 ἀνὴρ
2289 929 2464 1001 ὀρθῶς
2497 930 2687 1002 ἐκρίθη
2721 948 2780 983 τε
2815 930 3047 1002 εὐλαϐὴς
3081 932 3175 985 καὶ
3223 931 3298 1003 μὴ
3332 931 3473 985 θύων
3522 932 3725 1004 δαίμο-

2126 1024 2239 1074 σιν·’
2265 1024 2292 1075 6
2323 1025 2435 1086 τοῖς
2470 1026 2724 1094 πονηροῖς
2758 1022 2908 1076 θύειν
2939 1023 3027 1076 διὰ
3072 1022 3167 1076 τοῦ
3213 1022 3463 1096 χρησμοῦ
3515 1041 3730 1096 παραι-

2123 1114 2231 1168 νῶν
2263 1115 2349 1179 τίς
2380 1114 2447 1169 ἂν
2480 1115 2719 1184 εὐλόγως
2753 1117 2848 1169 καὶ
2881 1115 3122 1179 ποδαπὸς
3156 1115 3267 1186 (57)
3302 1115 3609 1187 νομισθείη,
3633 1116 3730 1169 σοὶ

2124 1207 2437 1260 καταλείπω
2470 1212 2711 1261 σκοπεῖν.
2762 1207 3043 1261 Ἐντεῦθεν
3074 1207 3131 1261 δὲ
3182 1208 3548 1281 ἀναδραμόντι
3582 1227 3731 1282 προ-

2124 1298 2292 1367 φανὲς
2325 1298 2497 1363 ἔσται,
2544 1300 2685 1352 ποῖοί
2728 1317 2874 1364 τινες
2923 1300 3170 1373 ὑπῆρχον
3213 1300 3311 1373 τὴν
3363 1299 3458 1354 τοῦ
3506 1302 3729 1374 τρόπου

2124 1392 2286 1461 φύσιν
2330 1394 2380 1446 οἱ
2421 1397 2542 1457 ταῖς
2577 1393 3051 1465 ἀνθρωποθυσίαις
3103 1394 3408 1466 χαίροντες,
3444 1394 3477 1465 ἢ
3510 1397 3559 1448 οἱ
3592 1394 3732 1449 τού-

2122 1504 2235 1551 τοις
2270 1488 2375 1539 πᾶν
2407 1486 2469 1538 τὸ
2502 1485 2842 1556 ἀνθρώπινον
2876 1487 3032 1556 γένος
3080 1487 3247 1541 πάλαι
3295 1487 3559 1559 πρότερον
3609 1505 3730 1542 κα-

2121 1577 2598 1649 ταδεδουλωμένοι.
2634 1580 2698 1631 Εἰ
2731 1579 2786 1632 δὲ
2820 1579 2966 1648 λέγοι
2990 1597 3073 1643 τις
3110 1578 3183 1650 μὴ
3212 1578 3415 1648 φαῦλον
3448 1575 3586 1632 εἶναι
3620 1577 3727 1631 τὸν

2122 1671 2223 1741 τῆς
2282 1670 2733 1741 ἀνθρωποθυσίας
2774 1671 3008 1743 τρόπον,
3055 1670 3321 1743 ὀρθότατα
3367 1670 3412 1723 δ’
3458 1669 3562 1723 ὑπὸ
3601 1669 3728 1723 τῶν

434 1773 625 1814 eorum
665 1757 938 1830 tyrannidi
984 1772 1051 1811 ex
1102 1755 1251 1811 omni
1305 1755 1569 1809 memoria
1615 1757 2013 1827 manciparant.

2147 1762 2369 1817 παλαιῶν
2412 1762 2704 1829 τελεῖσθαι,
2767 1762 2887 1836 ὥρα
2931 1766 3045 1828 τοῖς
3096 1764 3192 1817 νῦν
3252 1761 3730 1834 καταμέμφεσθαι

434 1851 572 1907 Nam
597 1853 644 1907 si
677 1852 781 1907 erit
811 1850 1047 1906 fortasse
1081 1849 1376 1920 quispiam,
1411 1849 1502 1919 qui
1538 1849 1680 1905 hanc
1729 1850 2020 1905 immolan-

2126 1855 2311 1913 πᾶσιν,
2348 1853 2430 1906 ὅτι
2469 1852 2653 1925 μηδεὶς
2688 1853 2889 1923 ὁμοίως
2919 1855 3033 1916 τοῖς
3068 1851 3339 1925 πατράσιν
3373 1849 3607 1902 εὐσεϐεῖ.

435 1950 631 2004 dorum
687 1948 975 2002 hominum
1010 1945 1466 2029 consuetudinem
1532 1944 1684 2000 omni
1758 1947 1960 2002 scelere
2026 1951 2300 2019 purgabit,
2355 1958 2522 2019 atque
2575 1964 2606 2002 a
2655 1947 2934 2003 veteribus
2972 1946 3317 2001 sanctissime
3368 1943 3726 1998 observatam

435 2060 558 2100 esse
590 2042 843 2099 defendet
881 2063 894 2099 :
930 2045 1035 2100 erit
1073 2058 1231 2110 sane,
1270 2042 1629 2112 quamobrem
1691 2044 1955 2100 continuo
2007 2055 2258 2116 posteros
2290 2063 2482 2102 eorum
2516 2045 2805 2101 universos
2846 2044 3226 2116 reprehendat,
3258 2056 3493 2113 quorum
3526 2037 3729 2094 nullus

437 2139 544 2194 hoc
577 2146 819 2208 tempore
839 2136 908 2192 ad
936 2138 1173 2207 priscam
1200 2134 1472 2203 majorum
1504 2152 1734 2193 suorum
1760 2137 2014 2207 pietatem
2053 2140 2395 2196 adhaerescit.

1028 2224 1255 2281 CAPUT
1296 2225 1438 2282 XXI.

440 2336 718 2392 Neminem
745 2336 808 2391 ab
843 2338 984 2391 omni
1004 2351 1112 2391 ωυο
1144 2336 1327 2406 fuisse,
1358 2346 1550 2404 praeter
1578 2340 1793 2393 unicum
1827 2339 2020 2396 Serva-

513 2420 678 2483 torem
730 2408 1115 2483 Dominumaue
1163 2418 1425 2483 nostrum,
1474 2410 1780 2483 quitotum
1856 2430 2019 2483 genus

506 2481 801 2533 humanum
828 2496 862 2532 a
889 2480 1189 2533 daemonum
1216 2479 1513 2547 imposlura
1539 2480 1802 2537 liberarit.

510 2597 609 2651 Sin
646 2604 827 2651 autem
864 2610 998 2652 sano
1040 2604 1366 2664 matureque
1397 2593 1635 2664 judicio,
1671 2596 1741 2649 ab
1790 2596 2019 2651 immani

440 2703 505 2743 ac
547 2686 723 2742 ferina
766 2687 1085 2741 crudelitate
1122 2685 1527 2741 abbot-rendam
1558 2686 1665 2742 sibi
1703 2688 1805 2741 aevi
1846 2688 2019 2743 nostri

439 2782 690 2837 homines
733 2789 1030 2850 putarunt;
1083 2781 1288 2837 nullius
1341 2779 1586 2850 profecto
1625 2780 1827 2836 mentis
1872 2779 2017 2849 fuit,

438 2873 691 2945 quisquis
719 2887 751 2928 e
778 2873 1053 2928 veteribus
1110 2873 1390 2942 improbos
1420 2873 1699 2928 daemones
1728 2873 2018 2928 hominum

439 2969 586 3023 caede
614 2966 867 3036 placavit.
899 2966 1003 3021 Sed
1028 2965 1175 3019 enim
1203 2966 1288 3020 vel
1312 2980 1513 3030 caecus,
1540 2973 1601 3020 ut
1634 2966 1812 3032 aiunt,
1839 2966 2019 3020 mani-

440 3057 577 3113 feste
605 3057 804 3124 videat,
830 3071 933 3111 nec
954 3056 1107 3122 deos,
1134 3071 1235 3112 nec
1262 3070 1391 3111 vero
1421 3055 1595 3111 bonos
1616 3055 1892 3110 daemones
1923 3070 2019 3112 eos
2042 3075 2092 3145 ‘C

442 3151 633 3217 fuisse,
665 3157 935 3219 quotquot
980 3163 1012 3202 a
1053 3147 1267 3204 cunctis
1319 3148 1451 3201 olim
1502 3148 1757 3217 gentibus
1789 3147 2018 3202 deorum

442 3242 565 3298 loco
594 3249 649 3296 et
676 3242 897 3294 nomine
922 3239 1284 3294 censebantur
1306 3255 1321 3291 :
1348 3239 1441 3294 sed
1470 3239 1653 3309 potius
1679 3238 1748 3293 ab
1766 3253 1853 3300 eo,
1873 3239 2020 3307 quod

444 3335 651 3390 bonum
686 3340 790 3399 est,
821 3331 1146 3403 longissimo
1178 3332 1464 3386 intervallo
1495 3331 1824 3402 disjunctos,
1857 3340 2022 3401 atque

441 3424 738 3494 ejusmodi,
778 3438 918 3492 quos
947 3423 1071 3492 jure
1108 3433 1160 3477 et
1200 3422 1294 3478 Dei
1334 3423 1544 3487 hostes,
1578 3433 1632 3477 et
1661 3423 1861 3493 impios
1888 3438 2020 3493 pro-

440 3526 628 3586 pterea
655 3516 881 3579 dixeris,
915 3515 1010 3584 qui
1041 3530 1212 3586 genus
1238 3516 1518 3586 vitamque
1552 3510 1838 3570 hominum
1893 3516 2019 3571 uni-

443 3623 653 3663 versam
687 3607 1163 3678 pessundederint.
1216 3607 1393 3678 Atque
1427 3608 1660 3663 istorum
1688 3606 1870 3679 fugam
1903 3608 2021 3662 odi-

440 3713 644 3769 umque
695 3713 858 3753 nemo
896 3713 1123 3769 prorsus
1176 3714 1245 3754 ex
1295 3699 1447 3753 omni
1493 3701 1783 3765 memoria,
1827 3707 2021 3769 praeter

443 3807 613 3846 unum
683 3800 1011 3848 assertorem
1060 3789 1466 3862 Dominumque
1527 3802 1776 3848 nostrum
1833 3790 2019 3846 Jesum

440 3884 743 3951 Christum,
780 3882 876 3938 Dei
908 3883 1108 3937 Filium
1133 3924 1149 3950 ,
1205 3884 1422 3939 cunctis
1462 3884 1777 3939 hominibus
1812 3885 2022 3938 denun-

444 3976 617 4040 tiavit,
644 3977 845 4047 quippe
891 3976 987 4045 qui
1034 3975 1261 4030 salutari
1309 3975 1607 4047 Evangelio
1653 3976 1813 4046 patrii
1843 3977 2021 4031 morbi

443 4066 769 4121 medicinam
794 4066 996 4121 Graecis
1016 4066 1217 4136 pariter
1236 4080 1301 4121 ac
1320 4066 1571 4123 barbaris
1596 4068 1853 4123 omnibus
1879 4076 2022 4121 attu-

443 4159 525 4224 lit,
567 4159 838 4229 simulque
870 4160 939 4213 ab
974 4160 1327 4215 acerbissima
1372 4160 1859 4230 vetustissimaque
1905 4175 2023 4215 ser-

442 4252 616 4306 vitute
639 4251 964 4318 libertatem,
989 4253 1056 4306 ad
1076 4268 1240 4322 quam
1260 4261 1519 4310 contento
1539 4268 1705 4308 cursu
1726 4266 2022 4322 properare

442 4359 635 4398 omnes
692 4342 1027 4413 Evangelicze
1072 4343 1556 4399 demonstrationis
1610 4351 1766 4414 urget
1819 4343 2018 4407 oratio,

2632 2232 3031 2287 ΚΕΦΑΛΑῐΟΝ
3068 2231 3199 2283 KA’.

2137 2347 2236 2412 Ὠς
2264 2346 2466 2413 οὐδεὶς
2490 2346 2682 2411 ἄλλος
2717 2344 2837 2399 τῶν
2858 2344 2919 2411 ἐξ
2940 2343 3156 2409 αἰῶνος
3180 2341 3219 2413 ἢ
3237 2340 3426 2410 μόνος
3438 2342 3479 2413 μό
3505 2337 3728 2413 Σωτὴρ

2199 2409 2297 2470 καὶ
2322 2409 2537 2485 Κύρίος
2566 2409 2735 2485 ἡμῶν
2755 2416 2819 2469 τὸ
2856 2409 2979 2469 πᾶν
3025 2409 3352 2485 ἀνθρώπων
3383 2410 3555 2482 γένος
3603 2409 3718 2481 τῆς

2200 2483 2552 2557 δαιμονικῆς
2578 2483 2958 2555 ἠλευθέρωσε
2982 2483 3244 2551 πλάνης.

2198 2602 2262 2654 Ei
2293 2600 2337 2652 δ’
2389 2599 2676 2670 ἐμφρόνως
2728 2600 2777 2651 οἱ
2812 2599 2934 2653 καθ’
2981 2597 3129 2668 ἡμᾶς
3172 2596 3271 2667 τῆς
3327 2590 3571 2665 ἀπηνοῦς
3617 2591 3723 2647 καὶ

2128 2693 2324 2766 ἀγρίας
2356 2692 2636 2763 ὠμότητος
2669 2692 2768 2763 τὴν
2828 2688 3171 2762 ἀποστροφὴν
3206 2690 3553 2759 ἐποιήσαντο,
3599 2683 3720 2738 τῶν

2126 2781 2371 2835 παλαιῶν
2416 2781 2591 2844 οὐδεὶς
2636 2778 2704 2853 ἦν
2765 2782 2872 2852 ἄρα
2923 2780 3106 2848 σοφὸς,
3140 2780 3268 2843 τούς
3301 2777 3571 2848 πονηροὺς
3595 2774 3722 2829 δαί-

2128 2892 2294 2946 μονας
2343 2877 2463 2938 ταῖς
2510 2873 3001 2945 ἀνθρωποκτονίαις
3056 2871 3480 2944 μειλισσόμενος.
3552 2867 3724 2921 ’Δλλά

2124 2964 2234 3036 γὰρ
2282 2965 2378 3019 καὶ
2431 2963 2635 3033 τυφλῷ,
2689 2964 2843 3033 φασὶ,
2876 2962 3056 3033 δῆλον,
3093 2963 3165 3024 ὡς
3198 2959 3322 3013 οὐτε
3360 2960 3471 3013 θεοὶ
3503 2957 3571 3013 ἂν
3602 2952 3722 3011 εἷεν

2123 3054 2247 3108 οὔτε
2278 3053 2528 3125 δαίμονες
2551 3052 2812 3122 ἀγαθοὶοί
2838 3051 3002 3107 πάλαι
3026 3052 3162 3123 πρὸς
3192 3048 3302 3102 τῶν
3331 3048 3501 3102 ὲθνῶν
3533 3047 3722 3102 ἀπάν-

2123 3163 2231 3200 των
2264 3144 2692 3216 θεολογούμενοι·
2730 3145 3065 3217 πορρωτάτω
3096 3142 3153 3194 δὲ
3186 3142 3280 3195 τοῦ
3335 3139 3543 3210 ἀγαθοῦ
3580 3138 3723 3209 ἐξῳ-

2126 3238 2393 3310 κισμένοι.
2431 3237 2522 3291 Διὸ
2555 3239 2648 3291 καὶ
2680 3237 2905 3299 ἐνδίκως
2927 3234 3185 3306 θεομάχοι
3203 3233 3346 3297 τινὲς
3372 3233 3466 3286 καὶ
3492 3230 3722 3295 ἁσεὸεῖς

2124 3329 2384 3400 λεχθεῖεν,
2418 3330 2511 3383 τὸν
2544 3330 2721 3383 πάντα
2752 3329 3122 3400 λυμηνάμενοι
3156 3326 3291 3398 βίον,
3326 3319 3401 3379 ὧν
3426 3324 3484 3391 ἐξ
3516 3323 3723 3389 αἰῶνος

2124 3424 2296 3487 οὐδεὶς
2336 3424 2368 3494 ἢ
2424 3424 2581 3494 μόνος
2619 3424 2648 3475 6
2690 3423 2878 3494 Σωτὴρ
2918 3422 3013 3475 καὶ
3052 3420 3255 3491 Κύριος
3302 3417 3459 3492 ἡμῶν
3502 3414 3725 3491 Ἰησοῦς

2124 3515 2361 3586 Χριστὸς
2393 3516 2421 3567 6
2457 3515 2584 3579 Υἱὸς
2615 3515 2709 3567 τοῦ
2743 3512 2878 3567 Θεοῦ
2915 3516 3080 3566 πᾶσιν
3113 3510 3420 3586 ἀνθρώποις
3461 3508 3561 3580 τὴν
3617 3526 3728 3580 φυ-

2124 3607 2226 3678 γὴν
2284 3606 2688 3679 προεκήρυξεν,
2751 3603 3239 3676 εὐαγγελιζόμενος
3311 3599 3449 3674 ὁμοῦ
3502 3601 3726 3669 πάντας

2128 3698 2395 3770 Ἕλληνάς
2424 3716 2485 3751 τε
2515 3699 2609 3752 καὶ
2634 3698 2944 3770 βαρϐάρους
2978 3696 3275 3769 θεραπειαν
3305 3696 3407 3767 τῆς
3439 3697 3729 3767 πατρικῆς

2123 3787 2302 3851 νόσου,
2351 3790 2446 3840 καὶ
2495 3787 2597 3857 τῆς
2656 3789 2859 3860 πικρᾶς
2915 3788 3011 3841 καὶ
3058 3786 3425 3860 παλαιοτάτης
3470 3785 3729 3850 δουλείας

2124 3878 2455 3950 ὲλευθερίαν’
2518 3880 2605 3949 ἐφ’
2660 3880 2728 3951 ἣν
2795 3879 3048 3933 σπεύδειν
3108 3881 3137 3932 ὁ
3192 3879 3294 3951 τῆς
3349 3876 3730 3949 εὺαΠελικῆς

2125 3974 2452 4038 ἀποδείξεως
2495 3974 2756 4045 παρορμᾷ
2783 3972 2962 4043 λόγος,
3013 3972 3221 4044 μεγάλῃ
3252 3974 3320 4043 τῇ
3359 3974 3511 4043 φωνῇ
3545 3972 3730 4026 πᾶσιν

2125 4067 2204 4129 εἰς
2225 4066 2547 4132 ἐξάκουστον
2565 4066 2724 4136 βοῶν·
2746 4066 2992 4135 Πνεῦμα
3013 4067 3238 4134 Κυρίου
3262 4064 3376 4137 (58)
3391 4065 3624 4135 ἐπ’ὲμέ,
3641 4062 3729 4124 οὗ

2122 4157 2333 4211 ἕνεκεν
2357 4158 2567 4228 ἔχρισέ
2586 4175 2685 4228 με.
2728 4159 3234 4229 εὐαγγελίσασθαι
3266 4157 3526 4228 πτωχοῖς
3566 4158 3731 4212 ἀπέ-

2123 4250 2354 4304 στιιλκέ
2375 4269 2474 4320 με,
2504 4250 2757 4319 κηρύξαι
2788 4250 3185 4319 αἰχμαλώτοις
3212 4250 3453 4320 ἄφεσιν,
3487 4249 3588 4303 καὶ
3613 4265 3733 4304 τυ-

2124 4343 2300 4413 φλοῖς
2324 4343 2677 4413 ἀνάϐλεψιν-ο
2710 4342 2995 4399 ἰάσασθαι
3015 4344 3157 4410 τοὺς
3169 4345 3733 4413 συντετριμμένους

443 4450 638 4505 magna
660 4434 839 4505 palam
866 4450 1022 4500 \oce,
1052 4451 1283 4506 quaeque
1313 4452 1345 4490 a
1382 4435 1603 4491 nemine
1633 4449 1743 4489 non
1770 4434 2019 4489 exaudiri

2147 4433 2239 4501 τὴν
2283 4432 2553 4501 καρδίαν·
2607 4434 2700 4487 καὶ
2754 4433 2934 4488 πάλιν·
2986 4433 3335 4503 Ἐξαγαγεῖν
3367 4434 3478 4506 (59)
3518 4433 3591 4487 ἐκ
3622 4433 3735 4490 δε-

442 4524 639 4594 possit,
685 4523 986 4579 inclamans
1015 4541 1029 4576 :
1063 4523 1294 4595 Spiritus
1336 4525 1552 4579 Domini
1603 4540 1760 4594 super
1810 4541 1913 4593 me,
1963 4542 2023 4579 eo

443 4616 585 4684 quod
622 4615 833 4669 unxerit
862 4614 1122 4670 Dominus
1152 4633 1233 4672 me
1266 4632 1285 4671 :
1314 4618 1384 4671 ad
1410 4616 1837 4672 annuntiandum
1872 4633 2025 4670 man-

447 4708 613 4761 suetis
634 4708 780 4762 misit
804 4725 906 4775 me,
949 4719 1005 4762 ut
1040 4709 1274 4763 mederer
1301 4710 1547 4763 contritis
1578 4709 1755 4773 corde,
1804 4717 1856 4762 et
1884 4724 2023 4777 pra!-

446 4797 676 4851 dicarem
724 4795 946 4869 captivis
978 4798 1383 4869 indulgentiam,
1423 4809 1475 4853 ει
1525 4797 1725 4853 clausis
1792 4800 2026 4868 apertio-

448 4904 565 4942 nem
581 4889 645 4944 ’°.
662 4888 1001 4958 lterumque:
1021 4891 1181 4963 170
1192 4890 1425 4947 Educere
1438 4906 1503 4945 ea:
1522 4890 1743 4945 vinculis
1759 4889 2025 4958 compedi-

446 4990 550 5047 tos,
587 4992 637 5038 et
665 4981 730 5036 de
773 4981 929 5036 domo
964 4984 1191 5037 carceris
1244 4983 1478 5037 sedentes
1533 4983 1591 5035 in
1624 4984 1871 5038 tenebris.
1899 4981 2026 5038 Haec

445 5071 592 5125 enim
627 5071 811 5126 divina
843 5087 977 5126 sane
1009 5070 1363 5127 Hebraeorum
1399 5073 1620 5128 oracula
1647 5074 2025 5143 superioribus

449 5175 595 5219 retro
620 5164 834 5219 saeculis
856 5164 1197 5232 cecinerunt,
1227 5163 1429 5234 quibus
1456 5162 1699 5219 futurum
1729 5165 2025 5236 aliquando

522 5299 570 5330 “
608 5299 714 5356 lsa.
746 5317 859 5370 ut,
889 5303 915 5357 l
953 5318 1108 5374 seqq.

519 5432 639 5509 (37)
659 5435 964 5509 Hodaadc.
982 5436 1173 5492 Scribe
1202 5439 1463 5503 ποταπός.
1498 5438 1607 5494 Sed
1646 5439 1873 5509 perinde
1920 5448 2021 5496 est.

448 5499 708 5576 Hesiona
738 5499 1034 5571 ποδαπὸν,
1069 5510 1335 5576 ποταπὸν,
1364 5499 1567 5565 ὁποῖον.

519 5572 630 5643 (58)
663 5576 905 5653 Πνεῦμα
949 5580 1192 5653 Κυρίου.
1240 5572 1627 5651 Septuaginta,
1685 5598 1825 5653 quos
1857 5581 2025 5638 habe-

450 5658 604 5723 tuus,
643 5648 890 5723 nonnihil
925 5651 1166 5723 variant;
1206 5659 1261 5705 et
1302 5648 1425 5723 post
1450 5648 1784 5707 ’ἀπέσταλκε
1816 5668 1915 5723 με.
1950 5654 2028 5707 le-

453 5720 607 5783 gunt,
642 5715 893 5771 ἰάσασθαι
922 5721 1047 5783 τοὺς
1069 5715 1555 5795 συντετρὶμμένους
1586 5726 1652 5795 τῇ
1687 5715 1903 5796 καρδίᾳ,
1932 5740 2027 5798 κη-

2125 4521 2297 4594 σμῶν
2324 4523 2798 4593 πεπεδημένους,
2832 4524 2933 4578 καὶ
2976 4524 3046 4589 ἐξ
3087 4524 3257 4579 οἷκον
3286 4525 3567 4593 φυλακῆς
3612 4542 3737 4582 και

2126 4615 2422 4686 θημένους
2449 4617 2511 4671 ἐν
2539 4618 2762 4671 σκότει.
2796 4618 2980 4671 Ταῦτα
3003 4617 3113 4689 γὰρ
3142 4617 3350 4672 ἄνωθεν
3380 4619 3448 4671 ἐκ
3478 4618 3732 4674 παλαιοῦ

2124 4706 2196 4759 τὰ
2226 4705 2345 4759 θεῖα
2370 4707 2445 4770 ὡς
2480 4707 2694 4778 άληθῶς
2740 4709 2871 4781 παρ’
2930 4708 3201 4783 Ἑϐραίοις
3247 4709 3498 4774 ἐθέσπιζε
3532 4710 3731 4780 λόγια,

2124 4799 2225 4871 τὴν
2259 4799 2415 4871 ἡμῶν
2448 4799 2557 4853 τῶν
2590 4799 2759 4854 πάλαι
2791 4801 3008 4871 τυφλῶν
3043 4801 3142 4866 τὰς
3172 4801 3372 4874 ψυχὰς,
3407 4804 3503 4857 καὶ
3528 4801 3736 4876 δαιμό-

2126 4906 2233 4944 νων
2295 4890 2548 4962 πονηρῶν
2616 4890 2977 4956 πολυπλόκοις
3049 4892 3268 4965 δεσμοῖς
3321 4893 3731 4967 πεπεδημένων

2127 4982 2502 5054 ἀπολύτρωσιν
2523 4984 2996 5055 εὐαγγελιζόμενα.
3036 4984 3198 5039 Ὅθεν
3218 4986 3443 5050 εἰκότως
3459 4987 3587 5050 τοὺς
3619 4987 3729 5058 τῆς

2126 5072 2360 5137 διανοίας
2391 5073 2701 5145 ὀφθαλμοὺς
2727 5075 2863 5148 πρὸς
2894 5074 2987 5130 τοῦ
3022 5076 3290 5150 σωτηρίου
3321 5075 3479 5145 λόγου
3511 5092 3729 5129 καταυ-

2125 5164 2440 5234 γασθέντες,
2467 5165 2743 5241 σώφρονές
2769 5185 2829 5222 τε
2864 5170 2959 5223 καὶ
2989 5168 3235 5234 εὐλαϐεῖς
3255 5168 3349 5224 καὶ
3383 5168 3595 5222 συνετοὶ
3626 5184 3731 5239 γε-

2131 5429 2677 5506 ρύξμιαίχμαλώτοις
2706 5432 2920 5501 ἄφεσιν,
2954 5434 3051 5488 καὶ
3083 5433 3303 5503 τυφλοῖς
3327 5433 3648 5506 ἀνάϐλεψιν.

2199 5502 2313 5579 ςὸθλ
2338 5502 2431 5564 Ἐξ
2434 5503 2804 5579 arrange-ﬁte.
2821 5505 3075 5579 Septuag.
3093 5502 3411 5579 Ἐξαγαγεῖν
3424 5502 3728 5579 ageam

2126 5572 2462 5647 δεδεμένους,
2497 5572 2556 5639 ἐξ
2585 5574 2734 5647 οῐκου
2772 5572 2996 5644 φυλάκ.,
3029 5572 3137 5632 etc.
3167 5572 3396 5647 vulgata
3416 5617 3434 5646 ,
3474 5572 3732 5636 Educta

2129 5643 2194 5698 de
2214 5641 2547 5700 conclusione
2566 5641 2816 5710 vinctum,
2848 5646 2914 5702 de
2945 5647 3126 5712 domo,
3159 5657 3266 5703 etc.
