3850 6222
401 242 508 299 ἱ99

1067 246 1342 306 EUSEBll
1372 244 1852 304 CASSARIENSIS
1882 245 2033 303 UPP.
2090 245 2272 303 PARS
2302 246 2370 302 ll.
2399 276 2472 288 —
2500 246 3011 309 APOLOGETICA.

3569 264 3668 318 300

400 362 635 433 populus
653 364 718 418 ⁸⁷.
747 382 769 417 ι
807 363 913 421 Sed
941 365 1390 422 bactenusistum
1415 363 1703 437 Porphyrii
1721 363 1790 420 de
1815 379 1940 419 sacr

2059 408 2067 426 λ
2094 362 2204 417 τῶν
2237 362 2576 433 προξενεῖται
2600 382 2615 397 ·
2653 366 2803 431 ὅπως
2826 384 2887 421 τε
2914 367 3029 423 θεοὶ
3058 363 3195 425 εἶναι
3226 369 3529 442 βούλονται,
3562 377 3671 433 δαί-

401 456 540 512 tlciis
575 457 729 527 171
767 459 969 521 locum,
1006 456 1072 514 ad
1115 458 1519 530 improbitatem
1549 460 1857 513 daemonum
1888 471 1980 511 co-

399 550 731 619 arguendam
791 551 1063 620 persecuti
1099 551 1292 607 simus.
1342 550 1501 607 Nunc
1551 565 1682 605 vero
1720 549 1849 605 audi
1879 549 1978 616 sis,

396 641 855 711 quemadmodum
893 644 963 697 ab
993 644 1185 699 iisdem
1207 654 1466 715 praeterea
1494 645 1786 715 plerosque
1831 656 1983 697 mor-

2091 472 2252 526 μονες
2302 455 2454 520 ὄντες
2509 457 2723 525 φαῦλοι,
2780 462 2875 513 καὶ
2912 461 2988 524 ὡς
3037 463 3070 533 ἡ
3127 465 3448 535 προεστῶσα
3494 469 3667 523 αὐτῶν

2088 546 2315 618 δύναμις
2345 547 2493 629 oost
2523 548 2655 613 Θεὸς
2689 547 2827 604 εἶναι
2857 553 2885 604 ὁ
2927 554 3203 624 μέγιστος.
3244 575 3267 608 ι
3321 558 3503 613 Ταῦτα
3547 561 3602 615 δὲ
3637 565 3667 617 ὀ

2088 639 2396 711 Πορφύριος
2428 640 2605 694 πάντα
2634 641 2821 696 τοῦτον
2853 644 3054 717 ἱστορεῖ
3082 646 3171 700 τὸν
3198 647 3418 719 τρόπον.

395 738 587 793 talium
619 740 767 794 varia
798 749 853 795 et
887 740 1174 811 multiplici
1222 741 1528 797 formarum
1580 741 1969 808 larvarumque
2010 736 2192 806 specie
2247 737 2387 790 clam
2443 736 2499 789 in
2543 752 2787 793 errorem
2836 754 2899 795 ac
2934 739 3183 796 fraudem
3225 743 3451 813 impelli,
3499 746 3666 801 citato

397 834 600 905 saepius
645 849 810 906 Opere
852 835 928 890 De
979 852 1158 891 rerum
1214 838 1577 891 animatarum
1628 835 1972 899 abstinentia,
2022 833 2165 887 idem
2222 831 2337 901 ipse
2385 831 2563 900 palam
2617 841 2674 888 et
2728 843 2912 904 aperte
2963 834 3217 891 fateatur.
3297 857 3316 891 ι
3390 838 3663 895 Bonorum

345 966 354 992 ι
391 933 562 995 enim,
595 932 792 1004 inquit,
834 936 1044 990 vultum
1078 935 1425 989 .mentientes
1449 974 1463 999 ,
1526 933 1833 1003 blandeque
1891 928 2301 985 multitudinem
2338 926 2741 984 inﬂammandis
2791 930 3077 986 hominum
3139 933 3528 1003 cupiditatibus
3561 936 3664 990 illi-

389 1026 618 1096 cientes,
656 1043 998 1085 summorum
1041 1030 1146 1100 ipsi
1182 1029 1415 1084 deorum
1447 1030 1567 1085 loco
1602 1029 1791 1083 haberi
1840 1026 2166 1095 censerique
2216 1023 2424 1078 volunt.
2493 1022 2561 1078 Et
2615 1025 2835 1095 quidem
2899 1042 2995 1083 eos
3034 1037 3243 1083 tantum
3312 1029 3389 1085 ait
3426 1033 3663 1087 versutia

388 1122 655 1192 potuisse,
709 1136 770 1180 ut
827 1125 1264 1196 sapientissimos
1303 1140 1523 1197 quoque
1568 1125 1882 1181 Graecorum
1932 1132 1986 1178 et
2022 1131 2214 1193 poetas
2258 1128 2314 1175 et
2340 1120 2695 1190 philosophos
2746 1123 3079 1193 deceperint,
3140 1139 3281 1196 quos
3308 1126 3471 1180 etiam
3505 1126 3663 1196 vulgo

387 1216 606 1271 errandi
655 1231 881 1273 causam
934 1217 1232 1287 praebuisse
1286 1217 1596 1273 conﬁtetur.
1654 1214 1799 1283 Quin
1830 1214 1995 1269 etiam
2035 1212 2255 1275 asserit,
2301 1210 2522 1265 illorum
2584 1224 2653 1265 ex
2694 1212 2980 1281 praeceptis
3020 1213 3329 1268 universam
3368 1217 3665 1287 praestigia-

385 1323 511 1363 rum
561 1318 735 1364 artem
773 1324 896 1366 esse
933 1307 1249 1376 conﬂatam,
1303 1310 1374 1365 ab
1398 1309 1507 1365 illis
1560 1324 1756 1365 omnes
1785 1304 2080 1376 voluptatis
2118 1303 2401 1359 illecebras
2436 1304 2490 1357 in
2537 1303 2821 1359 hominum
2851 1305 3017 1360 vitam
3048 1304 3392 1375 proﬂuxisse,
3410 1309 3658 1375 eosdem,

385 1401 623 1472 improbi
665 1401 943 1457 daemones
975 1417 1099 1456 cum
1135 1403 1266 1468 sint,
1315 1402 1668 1468 divinitatem,
1694 1400 1969 1466 affectare,
2010 1398 2254 1466 adeoque
2291 1396 2593 1466 principem
2632 1412 2823 1452 eorum
2857 1397 3114 1459 virtutem
3182 1401 3485 1456 maximum
3553 1399 3673 1456 Nu-

386 1507 512 1549 men
535 1493 726 1549 videri.
778 1512 796 1545 ι
824 1491 957 1560 Quae
988 1494 1172 1547 omnia
1206 1491 1543 1566 Porphyrius
1574 1493 1724 1549 hunc
1764 1494 1819 1547 in
1847 1491 2072 1546 modum
2094 1488 2436 1559 exsequitur.

949 1583 1179 1640 CAPUT
1219 1584 1386 1641 XXII.

561 1675 821 1741 Quianam
849 1676 1245 1747 prwstigiarum
1269 1677 1528 1731 damonis
1558 1678 1697 1730 ratio
1730 1677 1825 1732 sit.

459 1786 478 1820 ι
509 1767 883 1838 Quaecunque,
916 1769 1135 1839 inquit,
1192 1769 1392 1824 animae
1446 1770 1803 1839 conjunctum
1861 1768 1965 1823 sibi

381 1860 863 1930 adbterentemque
891 1867 1159 1931 perpetuo
1202 1860 1456 1931 spiritum
1488 1877 1663 1931 usque
1696 1861 1833 1916 adeo
1853 1875 1963 1915 non

381 1960 663 2023 superant,
694 1959 755 2007 ut
781 1953 851 2007 ab
878 1967 943 2008 eo
972 1952 1156 2022 potius
1185 1953 1239 2007 in
1271 1953 1551 2024 plerisque
1583 1954 1841 2009 omnibus
1868 1969 1963 2008 su-

380 2054 663 2115 perentur,
692 2060 772 2100 eae
795 2044 1026 2115 proinde
1057 2044 1104 2100 si
1154 2045 1379 2115 quando
1424 2060 1547 2100 sese
1594 2045 1823 2114 spiritus
1855 2046 1965 2099 ira-

377 2137 600 2202 cundia,
628 2144 682 2192 et
701 2137 1062 2207 cupiditatum
1090 2144 1259 2193 aestus
1284 2147 1449 2208 atque
1479 2138 1714 2208 impetus
1754 2137 1961 2192 etl‘ude-

378 2229 469 2294 rit,
503 2229 882 2285 miserandum
917 2230 973 2284 in
1009 2228 1232 2284 modum
1260 2228 1461 2299 jactari
1497 2231 1697 2286 solent.
1721 2228 1788 2284 Et
1812 2230 1961 2301 ejus-

375 2320 524 2374 modi
560 2319 783 2385 animae,
814 2314 1092 2375 daemones
1123 2321 1347 2391 quidem
1393 2320 1527 2391 ipsae
1576 2337 1818 2393 quoque,
1865 2323 1961 2378 sed

375 2411 612 2481 improbi
639 2426 705 2466 ac
734 2411 967 2467 malefici
992 2411 1119 2482 jure
1157 2413 1515 2468 nominentur
1542 2429 1555 2465 :
1585 2416 1681 2484 qtti
1725 2429 1917 2469 omnes
1941 2456 1957 2483 ,

371 2503 602 2574 perinde
628 2512 689 2558 ut
720 2503 782 2569 ii,
824 2504 918 2574 qui
955 2503 1233 2559 contraria
1271 2505 1375 2559 sub
1406 2505 1607 2559 virtute
1633 2513 1956 2573 censentur,

372 2610 477 2650 nec
508 2594 708 2659 oculis,
746 2611 847 2651 nec
882 2596 993 2650 alio
1038 2597 1238 2667 quovis
1271 2597 1514 2652 humano
1547 2611 1714 2653 sensu
1761 2600 1956 2671 attingi

369 2687 596 2743 omnino
628 2694 883 2758 possunt.
918 2686 1105 2759 Neque
1133 2689 1282 2744 enim
1311 2696 1406 2744 aut
1437 2689 1674 2745 solidum
1711 2706 1914 2761 corpus
1935 2733 1950 2756 ,

371 2784 469 2831 aut
526 2778 769 2834 eamdem
814 2793 1007 2834 omnes
1070 2776 1338 2846 formam,
1397 2780 1493 2836 sed
1559 2780 1744 2850 plures
1813 2782 1957 2837 inter

366 2882 535 2938 seque
588 2869 877 2926 distinctas
908 2869 1111 2941 ﬁguras
1137 2886 1250 2942 prae
1281 2886 1341 2925 se
1367 2870 1574 2926 ferunt.
1625 2872 1799 2928 Porro
1853 2888 1954 2928 suo

366 2957 600 3027 singulae
632 2958 829 3028 spiritu
879 2959 1047 3015 certis
1091 2960 1437 3030 propriisque
1491 2963 1638 3017 notis
1689 2979 1950 3033 expresso

2581 1583 2978 1636 ΚΕΦΑΛΑΙΟΝ
3009 1582 3139 1639 ΚΒ¹-.

2230 1674 2328 1740 Τίς
2353 1676 2387 1728 ό
2408 1675 2629 1742 τρόπος
2661 1674 2772 1743 τῆς
2799 1675 3154 1744 δαιμωικῆς
3181 1676 3501 1748 ἐνεργείας.

2145 1780 2164 1814 ι
2202 1763 2362 1817 Ὅσαι
2409 1763 2467 1817 δὲ
2509 1763 2680 1834 ψυχαὶ
2730 1762 2844 1833 (45)
2890 1762 2984 1816 τοῦ
3039 1765 3297 1834 συνεχοῦς
3346 1767 3657 1837 πνεύματος

2061 1852 2128 1905 οὐ
2162 1853 2474 1925 κρατοῦσιν,
2493 1853 2606 1909 ἀλλ’
2632 1854 2712 1918 ὡς
2736 1855 2795 1907 τὸ
2824 1854 2960 1909 πολὺ
2987 1855 3375 1927 κεκράτηνται,
3392 1857 3480 1912 διὰ
3495 1858 3659 1914 τοῦτο

2067 1943 2292 2011 ἄγονται
2319 1961 2379 1997 τε
2404 1946 2501 1998 καὶ
2534 1945 2789 2017 φέρονται
2818 1946 2958 2013 λίαν,
2983 1947 3111 2001 ὃταν
3139 1949 3195 2000 αἱ
3224 1949 3318 2002 τοῦ
3346 1950 3659 2022 πνεύματος

2065 2035 2224 2106 ὀργαί
2245 2053 2303 2089 τε
2332 2037 2426 2089 καὶ
2451 2037 2738 2109 ἐπιθυμίαι
2764 2039 2863 2109 τὴν
2895 2039 3071 2111 ὁρμὴν
3104 2040 3361 2095 λάϐωσιν.
3395 2037 3566 2096 Αὗται
3591 2044 3656 2098 δὲ

2061 2130 2119 2181 αἱ
2148 2129 2318 2199 ψυχαὶ
2349 2130 2600 2202 δαίμονες
2646 2132 2745 2202 μὲν
2791 2133 2886 2185 καὶ
2931 2133 3112 2198 αὐταὶ,
3159 2136 3453 2207 κακοεργοὶ
3492 2137 3537 2190 δ’
3582 2137 3655 2191 ἂν

2063 2223 2288 2287 εἰκότως
2330 2222 2590 2292 λέγοιντο·
2636 2222 2729 2277 καί
2775 2224 2912 2276 εἰσιν
2954 2224 3003 2276 οἱ
3041 2221 3355 2294 σύμπαντες
3383 2221 3528 2280 οὗτοί
3563 2244 3652 2291 τε,

2062 2316 2158 2368 καὶ
2187 2317 2236 2368 οἱ
2274 2316 2374 2386 τῆς
2401 2316 2650 2378 ἐναντίας
2694 2314 2977 2386 δυνάμεως
3001 2314 3113 2385 (46)
3162 2316 3387 2386 ἀόρατοί
3420 2333 3500 2380 τε,
3552 2320 3656 2373 καὶ

2060 2405 2282 2470 τελείως
2306 2406 2622 2477 ἀναίσθητοι
2653 2406 2975 2478 αἰσθήσεσιν
3006 2406 3397 2478 ἀνθρωπίναις.
3432 2409 3505 2463 Οὐ
3538 2410 3654 2483 γὰρ

2061 2499 2281 2569 στερεὸν
2324 2500 2484 2569 σῶμα
2533 2497 2972 2569 περιϐέϐληνται,
3020 2499 3142 2551 οὐδὲ
3195 2498 3409 2570 μορφὴν
3443 2503 3650 2566 πάντες

2062 2590 2213 2661 μίαν,
2249 2590 2364 2644 ἀλλ’
2396 2592 2454 2644 ὲν
2496 2591 2742 2661 σχήμασι
2772 2590 3013 2643 πλείοσιν
3060 2591 3170 2661 (47)
3192 2609 3204 2621 ”
3242 2593 3647 2664 ὲκτυπούμεναι

2054 2681 2115 2735 δὲ
2144 2682 2238 2735 καὶ
2259 2680 2764 2753 χαρακτηρίζουσαι
2790 2681 2850 2734 τὸ
2880 2682 3094 2752 πνεῦμα
3116 2682 3296 2736 αὐτῶν
3326 2685 3383 2738 at
3413 2686 3640 2757 μορφαὶ,

2056 2775 2177 2828 τοτὲ
2210 2774 2308 2845 μὲν
2344 2775 2743 2844 ἐπιφαίνονται,
2772 2775 2893 2827 τοτὲ
2918 2775 2976 2828 δὲ
3002 2777 3227 2845 ἀφανεῖς
3260 2778 3426 2830 εἰσιν·
3463 2779 3644 2834 ἐνίοτε

2054 2865 2113 2918 δὲ
2144 2864 2238 2918 καὶ
2276 2865 2667 2936 μεταϐάλλουσι
2694 2865 2794 2930 τὰς
2835 2866 3070 2938 μορφὰς,
3106 2869 3162 2921 οἴ
3195 2887 3259 2938 γε
3291 2873 3529 2944 χείρους.
3566 2873 3642 2927 Τὸ

2056 2955 2113 3009 δὲ
2142 2956 2377 3026 πνεῦμα,
2511 2957 2608 3026 μέν
2648 2959 2765 3009 ἐστι
2802 2957 3132 3026 σωματικὸν,
3181 2961 3478 3031 παθητικόν
3521 2966 3642 3017 ἐστι

364 3049 638 3121 imagines
676 3051 840 3106 modo
868 3059 1155 3122 apparent,
1189 3053 1356 3108 modo
1382 3064 1752 3123 evanescunt,
1788 3057 1944 3113 modo

2059 3046 2152 3101 καὶ
2178 3047 2417 3119 φθαρτόν
2441 3065 2454 3078 ο
2490 3047 2551 3101 τὸ
2584 3047 2642 3099 δὲ
2678 3048 2781 3100 ὑπὸ
2811 3047 2922 3119 (48)
2957 3049 3063 3102 τῶν
3085 3050 3271 3120 ψυχῶν
3302 3052 3472 3116 οὕτως
3499 3053 3643 3108 δεδέ-

361 3141 577 3196 vultum
603 3142 955 3212 speciemque
986 3151 1222 3210 mutant,
1255 3145 1294 3197 ii
1326 3146 1545 3213 saltem,
1575 3148 1670 3217 qui
1707 3148 1946 3206 deterio-

363 3250 455 3290 res
480 3242 631 3291 sunt.
660 3234 781 3289 Jam
822 3250 954 3290 vero
983 3236 1211 3304 spiritus
1252 3237 1366 3302 ille,
1399 3246 1673 3308 quatenus
1729 3242 1947 3311 quidem

359 3340 668 3396 corporeus
697 3334 804 3391 est,
839 3327 1135 3383 mutationi
1164 3344 1385 3400 quoque
1410 3340 1465 3385 et
1493 3333 1837 3402 corruptioni
1865 3341 1948 3389 est

357 3420 682 3476 obnoxius:
712 3420 860 3490 quod
897 3427 1079 3475 autem
1108 3420 1175 3474 ad
1221 3421 1437 3476 animas
1468 3422 1610 3476 idem
1644 3423 1726 3478 sic
1755 3423 1947 3493 alliga-

352 3523 450 3568 tus
485 3513 927 3583 constrictusque
963 3512 1057 3580 sit,
1095 3517 1159 3567 ut
1199 3527 1358 3568 suam
1384 3528 1463 3568 eae
1495 3522 1780 3583 propterea
1819 3530 1945 3585 spe-

358 3599 499 3654 ciem
540 3600 703 3670 paulo
735 3600 947 3656 diutius
984 3600 1292 3667 retineant,
1332 3616 1442 3655 non
1484 3610 1569 3657 est
1607 3604 1825 3673 quidem
1856 3604 1947 3659 ille

358 3694 728 3762 sempiternus
766 3693 910 3764 (ejus
950 3693 1099 3748 enim
1142 3694 1408 3749 continuo
1453 3694 1689 3750 deﬂuere
1736 3698 1943 3768 aliquid

356 3800 423 3839 ac
459 3786 660 3840 mutari
688 3785 988 3840 verisimile
1015 3786 1160 3856 est);
1202 3787 1359 3856 172
1389 3795 1648 3841 cmterum
1686 3794 1745 3841 ut
1773 3789 1946 3845 bona-

354 3891 480 3930 rum
514 3876 741 3946 spiritus
784 3877 1015 3934 modicze
1045 3878 1336 3946 cujusdam
1369 3893 1433 3932 ac
1458 3877 1625 3947 justte
1671 3884 1943 3948 tempera-

346 3967 520 4021 tionis
541 3973 595 4021 et
618 3967 1013 4037 magnitudinis
1042 3977 1146 4033 est,
1177 3968 1639 4039 quemadmodum
1667 3979 1721 4025 et
1751 3985 1938 4026 earum

351 4073 580 4128 corpus,
632 4059 679 4112 si
726 4059 949 4127 quando
984 4060 1144 4115 nobis
1178 4068 1512 4131 appareant;
1543 4060 1624 4116 sic
1666 4061 1942 4118 maleﬁca-

352 4165 477 4204 rum
506 4151 653 4204 nulla
682 4151 911 4220 spiritus
943 4159 1027 4207 est
1056 4152 1373 4222 corporisve
1418 4153 1725 4222 proportio.
1760 4153 1940 4224 Atque

352 4256 526 4313 genus
557 4243 662 4297 hoc
685 4243 1019 4310 daemonum,
1047 4250 1108 4298 ut
1137 4243 1190 4297 in
1216 4243 1351 4299 locis
1379 4249 1542 4299 terra.
1576 4244 1937 4303 vicinioribus

413 4335 469 4368 "7
511 4336 555 4389 ll
583 4334 711 4389 Cor.
745 4350 825 4402 Vl,
852 4334 940 4390 16.
1886 4324 1893 4329 ’

2054 3142 2197 3206 σθαι,
2232 3141 2374 3195 ὥστε
2403 3141 2463 3195 τὸ
2496 3138 2634 3205 εἶδος
2664 3141 2843 3195 αὐτῶν
2889 3142 3167 3213 διαμένειν
3202 3140 3373 3198 πλείω
3402 3144 3632 3215 χρόνον,

2046 3233 2108 3285 οὐ
2138 3234 2245 3305 μήν
2276 3235 2423 3287 ἐστιν
2456 3232 2674 3287 αἰώνιον
2695 3250 2709 3263 ο
2766 3232 2898 3304 (καὶ
2926 3233 3033 3307 γὰρ
3079 3235 3344 3308 ἀπορρεῖν
3380 3236 3548 3290 αὐτοῦ
3581 3254 3640 3290 τι

2047 3327 2285 3397 συνεχῶς
2317 3328 2463 3390 εἰκός
2495 3329 2610 3380 ἐστι
2641 3329 2734 3381 καὶ
2757 3328 3055 3399 τρέπεσθαι
3087 3328 3247 3401 [49ι).
3291 3331 3378 3385 Ἐν
3417 3347 3640 3402 συμμε-

2044 3416 2175 3488 τρίᾳ
2210 3417 2306 3488 μὲν
2338 3413 2431 3470 οὖν
2462 3417 2530 3470 τὰ
2553 3416 2660 3470 τῶν
2691 3418 2911 3486 ἀγαθῶν
2942 3420 3052 3492 (50)
3080 3421 3158 3485 ὼς
3184 3421 3279 3475 καὶ
3307 3423 3376 3476 τὰ
3405 3422 3645 3495 σώματι

2043 3508 2153 3563 τῶν
2204 3508 2562 3580 φαινομένωνο
2594 3509 2704 3562 τῶν
2734 3510 2791 3563 δὲ
2824 3511 3133 3565 κακοποιῶν
3176 3514 3524 3588 ἀσύμμετρα.
3565 3519 3641 3573 0!

2045 3600 2206 3654 πλέον
2243 3601 2355 3673 (51)
2388 3601 2466 3673 τῷ
2496 3601 2785 3674 παθητικῷ
2812 3604 3069 3674 νέμοντες
3096 3604 3189 3658 τὸν
3234 3607 3510 3678 περίγειον
3536 3610 3639 3662 τό·

2045 3707 2169 3756 πον,
2195 3691 2348 3744 οὐδὲν
2375 3693 2402 3745 ὃ
2430 3711 2483 3746 τι
2511 3693 2622 3764 (52)
2647 3694 2755 3747 τῶν
2783 3695 2967 3749 κακῶν
2987 3696 3086 3749 οὐκ
3108 3698 3443 3770 ἐπιχειροῦσι
3472 3701 3637 3772 δρᾷν.

2043 3785 2230 3839 Βίαιον
2255 3785 2363 3857 γὰρ
2391 3786 2528 3850 ὅλως
2569 3788 2664 3841 καὶ
2696 3787 2927 3842 ὕπουλον
2966 3789 3181 3860 ἔχοντες
3206 3787 3358 3863 ἦθος,
3394 3793 3638 3866 ἐστερη-

2049 3876 2212 3947 μένον
2259 3894 2318 3930 τε
2354 3877 2465 3948 (55)
2496 3878 2598 3949 τῆς
2641 3879 2761 3953 ἀπὸ,
2796 3879 2889 3933 τοῦ
2920 3882 3230 3952 κρείττονος
3264 3885 3500 3956 φυσικῆς
3536 3887 3641 3941 εὗ-

2040 3969 2344 4039 δαιμονίας,
2381 3969 2616 4042 σφοδρὰς
2649 3972 2743 4024 καὶ
2770 3973 3089 4042 αἰφνιδίους,
3130 3968 3242 4027 οἷον
3273 3975 3515 4048 ἐνέδρας,
3547 3977 3639 4044 ὡς

2037 4060 2100 4114 τὸ
2132 4060 2266 4114 πολὺ
2292 4060 2573 4115 ποιοῦνται
2602 4060 2704 4126 τὰς
2734 4062 3046 4133 ἐμπτώσεις
3065 4082 3080 4097 ο
3112 4066 3188 4136 πὴ
3217 4066 3316 4136 μὲν
3337 4067 3636 4124 λανθάνειν

2040 4151 2391 4226 πειρώμενοι,
2430 4152 2504 4224 πὴ
2535 4153 2592 4206 δὲ
2617 4153 2951 4225 βιαζόμενοι.
2994 4175 3013 4208 ι
3050 4158 3160 4211 Καὶ
3200 4158 3327 4229 ἑξῆς
3358 4160 3632 4231 ἐπιλέγει·

2046 4264 2064 4297 ι
2105 4244 2291 4298 Ταῦτα
2335 4245 2393 4298 δὲ
2425 4245 2534 4317 (54)
2567 4245 2759 4301 καὶτὰ
2793 4247 2954 4319 ὃμοια
2999 4249 3235 4315 ποιοῦσι,
3283 4254 3633 4326 μεταστῆσαι

445 4426 536 4502 ῥὸ)
574 4428 745 4502 ’ξοοναι
780 4426 857 4502 δὲ.
882 4429 1096 4499 ψυχαί.
1144 4428 1409 4499 Porphyr.
1443 4427 1504 4502 l_._
1524 4443 1567 4502 tl
1600 4428 1675 4482 De
1709 4430 1931 4500 abstin.,

2065 4444 2130 4502 ur
2163 4428 2307 4482 enim
2333 4424 2573 4502 πνεῦμα,
2601 4428 2758 4498 cujus
2777 4444 2843 4483 ex
2869 4430 3261 4499 temperatione
3293 4446 3358 4485 ac
3382 4447 3630 4502 symme-

346 4511 404 4567 p.
434 4497 764 4553 Bl'edition.
800 4497 1066 4563 Florent.,
1096 4508 1151 4552 at
1180 4497 1411 4568 nov:ep.
1448 4498 1573 4553 195.

426 4567 538 4639 (46)
579 4569 887 4634 Ἐναντιας
910 4568 1247 4638 δυνάμεως.
1284 4567 1537 4623 Meliores
1564 4569 1687 4626 illos
1733 4571 1933 4628 ἱειιεὶέί-

348 4639 447 4709 git,
475 4640 542 4693 de
567 4641 767 4706 quibus
797 4640 1042 4709 proxime
1076 4649 1201 4693 ante
1223 4640 1540 4709 disputavit.

422 4708 535 4783 (47)
579 4709 737 4763 Ἀλλ’
753 4709 824 4762 ἐν
842 4708 1115 4779 σχήμασι
1135 4710 1432 4764 πλείοσιν.
1451 4707 1617 4783 itaet;
1642 4708 1927 4783 Porphyt-.,

346 4779 544 4854 melius
569 4796 732 4854 quam
756 4819 788 4854 ,Δ
821 4791 878 4834 ut
930 4793 1055 4834 ante
1089 4783 1366 4854 legebatur
1390 4819 1404 4842 ,
1440 4779 1552 4832 ἀλλ’
1584 4780 1617 4851 ἢ
1651 4779 1925 4854 ἐνίσχῆμ.

344 4849 517 4904 Porro
549 4851 956 4905 distinctionem
1016 4852 1188 4905 secuti
1236 4866 1429 4905 sumus
1484 4849 1648 4919 quam
1688 4849 1929 4908 alte'r'ex

344 4935 596 4990 manusc.
639 4922 834 4984 habet,
862 4921 1009 4990 quod
1055 4923 1402 4990 perspicuum
1450 4935 1673 4975 sensum
1704 4924 1923 4978 elliciat.

341 4988 479 5064 Nam
514 4992 561 5046 si
604 5000 727 5060 post
782 4988 1197 5064 ἐκτυπούμεναι
1229 5007 1353 5046 cum
1396 5006 1600 5064 excuso
1654 4990 1923 5064 Porpliyr.

342 5063 769 5147 distinguamus,
821 5063 1133 5147 necessario
1174 5063 1543 5147 reponendum
1579 5063 1743 5147 fuerit
1768 5063 1929 5116 ἐκτυ-

343 5132 624 5202 πούμενοι,
655 5133 739 5186 vcl
765 5133 946 5200 potius
978 5132 1412 5203 ὲκτυπουμένας,
1453 5140 1509 5186 ut
1541 5133 1626 5186 vel
1656 5132 1925 5188 referatur

342 5203 411 5254 ad
437 5202 655 5265 πάντες,
687 5202 771 5256 vel
802 5203 1163 5275 subaudiatur
1194 5203 1428 5275 μορφάς.
1459 5200 1534 5256 Ea
1560 5204 1838 5258 distinctio
1868 5208 1922 5257 in

342 5288 511 5327 causa
535 5280 637 5337 est,
669 5274 1025 5341 quamobrem
1052 5275 1105 5327 in
1134 5274 1493 5329 cod.'excuso
1525 5284 1923 5341 consequenter

343 5288 511 5327 causa
535 5288 637 5337 εει,
710 5288 999 5327 uamouren

343 5288 736 5416 lustrasti?
764 5359 999 5416 xaemts.

417 5411 531 5485 (ᾀβ)
567 5411 737 5485 Idea
755 5411 896 5469 ὗπό.
936 5413 1116 5485 Malim
1139 5412 1219 5485 τῷ
1249 5412 1307 5466 δέ
1330 5428 1455 5469 cum
1477 5411 1743 5484 Porphyr.

415 5482 526 5551 (49)
561 5482 902 5558 Τρέπεονθαι.
933 5483 1073 5558 Hinc
1089 5482 1466 5558 emendandus
1493 5482 1682 5540 excus.
1720 5485 1775 5539 in
1807 5502 1918 5558 quo

340 5564 629 5624 perperam,
653 5553 850 5624 legitur
876 5554 1193 5624 τρέφεσθαι.

411 5620 526 5692 (50)
570 5623 648 5676 Τὰ
694 5620 813 5677 ἰῶν
836 5620 1007 5695 arati.
1040 5626 1338 5697 Porphyr.,
1367 5626 1430 5680 τὸ
1460 5626 1569 5680 τῶν
1613 5627 1706 5696 ἀγ.
1740 5624 1917 5692 Quam

342 5692 629 5751 lectionem
646 5692 1023 5754 secutus'sum
1049 5713 1065 5765 ;
1098 5692 1266 5766 recte,
1288 5699 1484 5769 opinor
1509 5714 1523 5752 :
1558 5692 1920 5772 subintelligi—

2040 4500 2140 4553 tria
2169 4514 2464 4568 corporum
2490 4499 2654 4554 etiam
2686 4501 3005 4570 temperatio
3044 4509 3101 4555 et
3128 4499 3446 4571 symmetria
3481 4519 3628 4559 con-

2036 4580 2315 4624 sequatur.

2099 4586 2316 4714 (⁸ἓῦᾞὲ
2343 4639 2575 4714 πλέον,
2608 4648 2796 4714 recte;
2860 4656 2966 4714 non
3019 4650 3078 4695 ut
3104 4656 3294 4698 excus.
3337 4642 3422 4705 οὐ,
3469 4645 3629 4714 quod

2035 4711 2203 4765 miras
2229 4709 2459 4764 olIumlit
2484 4710 2612 4765 huic
2639 4711 2757 4764 loco
2783 4711 3052 4769 tenebras.

2104 4779 2217 4849 (5'2)
2257 4778 2449 4851 Οὐδὲν
2508 4773 2548 4851 ἔξ
2573 4798 2644 4833 τι.
2681 4779 2818 4834 Hinc
2863 4782 3027 4835 etiam
3062 4797 3323 4838 excusnm
3376 4785 3623 4851 corrige,

2033 4845 2277 4920 quilegit
2302 4850 2456 4923 οὐδέν
2487 4845 2602 4915 οὖν,
2632 4859 2891 4920 tanquam
2930 4852 3148 4908 initium
3191 4853 3415 4923 aliquod
3466 4845 3625 4913 esset

2030 4936 2186 4977 novae
2204 4921 2441 4989 periodi.

2101 4992 2212 5063 (55)
2252 4990 2679 5063 Ἐσζτερημένον
2717 5006 2782 5044 τε
2810 5029 2824 5054 ,
2862 4999 2967 5047 etc.
3014 4990 3265 5051 Excusus
3305 5003 3623 5063 opportune

2030 5058 2277 5116 mutuam
2314 5061 2399 5115 hic
2418 5058 2689 5130 rependet
2714 5063 2921 5128 vicem;
2947 5063 3075 5130 legit
3095 5065 3262 5127 enim,
3291 5058 3356 5116 ut
3376 5058 3618 5130 videtur,

2029 5134 2253 5205 optime,
2291 5130 2654 5205 ἐστερημένον
2694 5147 2759 5205 τε
2788 5132 2888 5203 τῆς
2925 5131 3191 5203 φυλακῆς,
3236 5135 3335 5205 τῆς
3378 5135 3489 5188 ἀπὸ
3517 5138 3620 5191 τοῦ

2028 5203 2335 5275 κρείττονος
2366 5200 2684 5275 δαιμονίουη
2709 5200 3377 5275 Μαιιυεονίριιιέυιθηῇυο
3420 5207 3622 5275 lectio~

2027 5271 2151 5345 nem
2182 5273 2364 5345 eamd.
2401 5280 2602 5345 tuetur,
2634 5271 2738 5345 nisi
2772 5274 2915 5342 quod
2957 5271 3242 5344 δαιμονίας
3275 5271 3373 5343 pro
3416 5273 3617 5345 δαιμο-

2029 5343 2148 5397 νίου
2176 5341 2437 5413 -σειιιίῐὶοίι,Δ
2465 5338 2745 5413 Utramvis
2787 5338 3062 5413 sequare;
3085 5338 3301 5413 gemina
3339 5338 3618 5401 sententia

2027 5426 2133 5468 εει.
2162 5411 2403 5468 Consule
2424 5410 2535 5479 hic,
2564 5412 2612 5468 si
2638 5412 2838 5482 placet,
2867 5410 3303 5484 Porpbyiianum
3337 5415 3619 5485 interpres-

2025 5493 2131 5538 tem
2141 5524 2155 5538 .

2096 5554 2209 5625 (54)
2243 5553 2435 5625 Ταῦτα
2463 5552 2551 5611 δέ.
2581 5552 2847 5624 Porphyr.
2871 5592 2886 5617 ,
2929 5567 2984 5621 p.
3016 5551 3119 5625 199
3152 5568 3278 5625 nov.
3318 5551 3450 5609 edit.
3500 5555 3612 5611 ista

2094 5623 2275 5682 rtexit.
2307 5624 2625 5679 Daemonum
2675 5634 2858 5677 autem
2893 5633 3043 5694 artes
3075 5623 3364 5694 intelligit,
3401 5626 3618 5694 quibus

2023 5692 2076 5752 id
2112 5704 2354 5768 agerent,
2385 5706 2448 5753 ut
2475 5695 2544 5751 ab
2566 5694 2878 5750 hominibus
2911 5692 3075 5748 iidem
3103 5692 3328 5751 omnino
3352 5704 3407 5751 et
3425 5692 3622 5754 'malo-
