3850 6222
384 328 501 388 ’503

1065 323 1335 383 EUSEBII
1370 321 1853 381 CJESARIENSIS
1884 322 2036 379 OPP.
2080 322 2260 379 PARS
2291 322 2358 380 ll.
2397 354 2469 364 —
2509 322 2991 380 APOLOGETICA

3547 322 3651 377 501

393 447 616 519 quidem
640 451 807 503 esset.
842 442 1027 512 Quare
1054 443 1164 498 vim
1209 441 1394 505 istam,
1420 449 1584 511 atque
1609 442 1709 495 has
1739 438 1971 494 nocendi

2091 438 2405 511 ῑυναμοῦται
2451 442 2573 503 ταῖς
2608 442 2672 493 ὲκ
2721 437 2833 493 τῶν
2874 437 3123 509 αἱμάτων
3166 438 3262 492 καὶ
3293 436 3512 508 σαρκῶν
3554 437 3652 494 θυ-

394 546 633 611 partes,a
658 536 908 607 benignis
935 549 999 591 ac
1028 533 1287 590 beneﬁcis
1318 531 1662 587 daemonibus
1695 544 1975 586 removere

396 627 625 687 om'nino
654 629 830 684 decet.
862 625 1018 693 Quod
1052 623 1202 680 enim
1239 623 1308 678 ad
1331 621 1642 678 nocendum
1678 628 1789 677 tam
1820 637 1851 675 a
1876 636 1975 676 na-

397 732 543 787 tura,
588 734 756 791 quam
796 732 828 771 a
862 716 1146 771 voluntate
1178 720 1553 785 comparatum
1604 712 1705 777 sit,
1747 713 1801 767 id
1844 728 1971 767 curn

398 811 644 866 beneﬁce
697 821 941 881 pugnare
1001 818 1227 861 necesse
1273 810 1360 859 est
1391 819 1405 855 :
1435 802 1733 858 contrariis
1785 808 1971 857 autem

397 901 877 974 pug-nautibusque
903 897 1070 955 rebus
1092 897 1242 952 nulla
1270 910 1393 952 esse
1420 902 1600 966 potest
1624 895 1770 951 circa
1799 910 1971 951 unum

396 995 650 1062 idemque
686 988 1002 1047 consensio.
1038 1006 1058 1040 ι
1101 986 1169 1042 Ει
1193 1002 1411 1044 rursus.
1447 1005 1468 1041 ι
1507 985 1860 1052 lnfestorum,
1889 986 1974 1041 in-

394 1086 534 1156 quit,
585 1084 896 1140 dmonum
918 1081 1130 1137 artibus
1170 1095 1342 1151 genus
1385 1095 1549 1135 omne
1572 1080 1972 1150 praestigiarum

394 1175 666 1232 efficitur:
703 1172 940 1241 illosque
969 1180 1276 1240 propterea,
1312 1170 1642 1240 illorumque
1668 1171 1971 1241 principem

388 1266 635 1322 .maleﬁci
669 1264 925 1321 homines
940 1262 1179 1321 maxime
1198 1273 1546 1319 venerantur.
1567 1261 1779 1332 Quippe
1806 1263 1975 1317 abun-

393 1359 529 1414 dant
557 1359 704 1415 enim
756 1356 851 1413 isti
898 1354 1057 1411 vanis
1092 1354 1344 1425 ﬁctisque
1378 1370 1560 1409 rerum
1622 1354 1971 1425 imaginibus,

392 1467 572 1523 eoque
618 1451 686 1508 ad
730 1448 1142 1506 coneinnandas
1174 1448 1531 1504 insolentibus
1561 1449 1831 1503 machinis
1872 1448 1975 1503 fal-

393 1546 566 1602 lacias
606 1543 875 1615 aptissimi
909 1549 1060 1598 sunt.
1093 1540 1302 1597 [lorum
1332 1541 1499 1612 igitur
1523 1556 1710 1610 opera,
1762 1549 1976 1596 amato-

394 1641 511 1695 rias
550 1637 840 1694 illecebras
868 1633 1066 1693 nefarii
1104 1633 1383 1689 dar-mones
1410 1632 1712 1689 moliuntur
1738 1651 1752 1687 :
1785 1648 1816 1687 a
1846 1633 1969 1702 qui.

395 1732 500 1788 bus
546 1730 757 1785 scilicet
789 1742 914 1784 cum
949 1725 1272 1796 impotentia
1328 1724 1689 1794 voluptatum,
1741 1738 1975 1794 spesque

392 1822 706 1877 divitiarum
745 1802 802 1876 Et
844 1818 1034 1891 gloriae
1075 1816 1462 1887 proﬁciscitur,
1512 1822 1628 1871 tum
1676 1815 1732 1870 in
1780 1815 1974 1886 primis

392 1910 504 1966 doli
528 1909 848 1979 fraudisque
878 1905 1061 1962 omnis
1087 1904 1403 1961 artiﬁcium.
1438 1903 1644 1961 Horum
1668 1905 1813 1960 enim
1843 1919 1973 1976 pro-

392 2003 573 2074 prium
598 2002 947 2058 mendacium
979 2006 1089 2066 est,
1122 2014 1250 2054 cum
1286 2006 1342 2053 et
1372 2013 1567 2055 omnes
1621 1998 1697 2053 dii
1726 2013 1849 2055 esse
1881 2013 1976 2054 ve-

393 2096 517 2160 lint,
532 2102 586 2150 et
608 2095 861 2166 princeps
881 2107 1071 2149 eorum
1094 2089 1270 2145 virtus
1286 2092 1487 2146 summi
1508 2089 1760 2148 Numinis
1781 2090 1971 2146 existi-

394 2185 694 2241 mationem
726 2183 957 2240 aﬂ‘ectet.
989 2180 1070 2236 Illi
1107 2180 1388 2238 enimvero
1419 2189 1571 2248 sunt,
1607 2182 1705 2252 qui
1733 2187 1789 2237 et
1831 2181 1972 2236 liba-

2075 532 2219 597 σίαις
2253 531 2385 604 (60).
2428 551 2446 585 ι
2480 532 2580 586 Διά
2619 531 2682 604 δὴ
2722 532 2926 585 τούτων
2968 529 3288 602 ἀκηκόαμεν
3327 529 3653 601 ὁμολογούν-

2073 640 2205 686 των,
2227 623 2308 675 ὅτι
2345 621 2419 694 μὴ
2464 620 2624 692 μόνον
2649 622 2699 674 of
2730 620 2859 692 παρ’
2886 618 3111 690 Ἕλλησι
3141 619 3362 689 ποιηταὶ
3396 616 3656 689 προσεξέ-

2073 733 2282 770 καυσαν
2306 714 2406 778 τὰς
2438 714 2736 786 ὑπολήψεις
2781 714 2891 767 τῶν
2919 710 3240 783 ἀνθρώπων,
3266 711 3367 775 τὰς
3393 711 3521 782 περὶ
3546 710 3654 764 τῶν

2074 801 2293 873 φαύλων
2316 799 2587 873 δαιμόνων
2615 801 2691 866 ὡς
2715 802 2845 874 περὶ
2860 801 2996 854 θεῶν
3026 801 3121 854 καὶ
3148 800 3535 868 ἀγαθῶν,ἁλλὰ
3560 800 3654 854 καὶ

2072 894 2181 948 τῶν
2208 896 2267 948 ὲν
2294 893 2579 965 φιλοσοφίᾳ
2600 893 2982 965 διατριϐόντων
2996 893 3046 944 οἱ
3063 894 3190 964 περὶ
3205 892 3358 955 θεοὺς
3372 892 3656 958 δοκοῦντες

2074 987 2375 1050 σπουδαίως
2418 988 2584 1058 ἔχειν,
2614 986 2664 1040 οἳ
2712 987 2808 1040 καὶ
2837 987 2989 1038 αὐτοὶ
3016 986 3078 1037 οὐ
3113 984 3288 1048 θεοὺς,
3320 985 3455 1038 ἀλλὰ
3492 1002 3658 1056 πονη-

2075 1077 2204 1149 ροὺς
2241 1076 2503 1147 δαίμονας
2544 1077 2918 1148 περιέποντες,
2959 1073 3029 1127 τὰ
3074 1073 3254 1144 πλήθη
3288 1074 3534 1138 καὶτοὺς
3558 1073 3656 1144 δή»

2074 1188 2210 1242 μους
2237 1173 2317 1234 είς
2342 1170 2444 1241 τὴν
2473 1168 2676 1223 οίκείαν
2719 1168 2926 1239 πλάνην
2951 1165 3393 1239 ἐξετραχήλισαν.
3435 1166 3657 1239 Ὠμολό-

2072 1279 2209 1335 γησε
2239 1262 2370 1332 γοῦν
2398 1261 2584 1331 σαφῶς
2614 1263 2642 1315 ὁ
2672 1261 2848 1330 λόγος,
2877 1260 2953 1324 ὡς
2982 1259 3091 1332 ἄρα
3124 1259 3276 1331 παρὰ
3299 1258 3408 1312 τῶν
3437 1258 3648 1313 δοκούν-

2071 1370 2180 1408 των
2220 1352 2401 1419 σοφῶν
2437 1351 2703 1406 ὰκούοντα
2741 1351 2871 1423 περὶ
2910 1349 3049 1403 θεῶν
3078 1349 3149 1402 τὰ
3175 1349 3352 1421 πλήθη
3389 1348 3660 1419 σύμφωνα

2070 1449 2194 1509 ταῖς
2227 1444 2404 1499 αὐτῶν
2438 1443 2637 1509 δόξαις,
2675 1443 3001 1516 ἐπερρώσθη
3045 1445 3261 1515 φρονεῖν
3305 1442 3387 1495 ἔτι
3431 1441 3657 1513 μᾶλλον,

2074 1539 2150 1602 ὡς
2188 1538 2318 1610 περὶ⁹
2352 1537 2510 1602 θεῶν,
2551 1538 2679 1608 περὶ
2728 1537 2836 1591 τῶν
2875 1536 3165 1609 μοχθηρῶν
3208 1535 3500 1606 δαιμόνων.
3545 1534 3659 1587 Καὶ

2073 1628 2246 1684 ταῦτα
2268 1631 2368 1683 οὐκ
2396 1629 2457 1694 ἐξ
2483 1629 2639 1702 ήμῶν
2666 1632 3074 1701 κατηγορεῖται,
3102 1628 3215 1682 ἀλλ’
3241 1629 3332 1682 ὑπ’
3349 1628 3524 1682 αὐτῶν
3546 1629 3660 1683 τῶν

2075 1720 2442 1793 ἀκριϐέστατα
2462 1719 2533 1773 τὰ
2553 1722 2728 1773 οἰκεῖα
2756 1719 2951 1791 μᾶλλον
2983 1719 3016 1790 ἢ
3050 1722 3211 1790 ἡμεῖς
3235 1718 3470 1773 εἰδότων.
3498 1721 3565 1773 ’Ὀ
3593 1718 3662 1787 γέ

2002 1795 2158 1865 Βτοι
2204 1812 2365 1877 αὐτὸς
2412 1813 2780 1884 συγγραφεὺς,
2828 1812 2889 1866 οὐ
2935 1812 3229 1882 παρέργως
3275 1810 3540 1882 ὁμιλήσας
3588 1813 3660 1884 τῇ

2077 1905 2204 1968 τοὺς
2219 1903 2447 1968 πολλοὺς
2465 1903 2801 1976 λανθανούσῃ
2829 1904 3240 1974 δεισιδαιμονίᾳ,
3259 1902 3392 1975 φησι
3410 1903 3536 1968 τοὺς
3564 1916 3665 1956 πο-

2079 1998 2278 2070 νηροὺς
2300 1995 2558 2067 δαίμονας
2588 1993 2870 2066 βούλεσθαι
2911 1989 3051 2048 εἶναι
3089 1992 3266 2059 θεοὺς,
3308 1993 3403 2047 καὶ
3440 1991 3665 2062 ἀγαθῶν

2077 2089 2237 2153 δόξαν
2286 2089 2426 2160 ἔχειν
2457 2087 2609 2157 παρὰ
2672 2085 2999 2158 ἀνθρώποις,
3045 2085 3080 2156 ἥ
3106 2102 3168 2139 τε
3196 2083 3518 2158 προεστῶσα
3547 2082 3665 2156 (ﬁl)

2077 2179 2258 2235 αὐτῶν
2282 2179 2511 2250 δύναμις
2542 2180 2719 2234 δοκεῖν
2754 2178 2890 2244 Θεὸς
2918 2175 3058 2234 εἶναι
3088 2181 3117 2234 ό
3148 2178 3426 2251 μέγιστος.

393 2277 636 2334 tionibus
666 2284 722 2333 et
759 2276 952 2334 nidore
996 2277 1242 2334 carnium
1288 2275 1649 2342 delectantur,
1682 2288 1794 2344 quo
1822 2280 2056 2343 utroque
2090 2272 2384 2342 spirituum
2441 2287 2845 2344 corporumque
2903 2288 3077 2343 genus
3136 2272 3440 2341 saginatur.
3481 2267 3665 2323 Vitam

393 2375 542 2430 enim
596 2383 658 2430 ut
709 2374 1008 2444 vaporibus
1054 2373 1612 2441 exhalationibusque
1663 2376 1972 2434 sustentat,
2035 2367 2200 2438 idque
2238 2370 2403 2424 modo
2431 2384 2533 2440 pro
2558 2385 2748 2424 eorum
2777 2369 3092 2424 diversitate
3117 2367 3357 2430 diverso,
3390 2368 3465 2421 ita
3516 2364 3668 2420 vires

393 2468 677 2540 sanguinis
714 2468 1074 2539 carniumque
1117 2468 1308 2523 nidore
1349 2466 1655 2523 conﬁrmat.
1682 2486 1701 2520 ι
1740 2464 1832 2521 Sic
1852 2464 2017 2536 igitur
2054 2464 2189 2520 istos
2222 2465 2456 2534 ingenue
2484 2465 2805 2521 conﬁtentes
2856 2465 3198 2531 audivimus,
3227 2473 3534 2533 prmceptas
3570 2461 3669 2515 ho-

393 2549 607 2613 minum
631 2557 700 2613 de
735 2558 999 2629 improbis
1043 2557 1406 2623 daemonibus,
1446 2557 1670 2626 perinde
1719 2571 1785 2611 ac
1814 2556 1861 2611 si
1895 2556 1972 2611 dii
2009 2555 2248 2625 bonique
2271 2554 2469 2621 forent,
2492 2556 2781 2626 opiniones
2812 2556 3190 2611 vehementius
3219 2570 3330 2610 non
3382 2570 3413 2609 a
3454 2552 3667 2609 Graecis

396 2649 563 2704 modo
604 2651 783 2721 poetis
822 2666 1083 2707 accensas
1125 2649 1315 2716 fuisse,
1350 2666 1539 2706 verum
1598 2650 1762 2705 etiam
1810 2649 1880 2705 ab
1909 2649 1978 2705 iis
2015 2650 2108 2720 qui
2157 2649 2510 2719 philosophia:
2536 2650 2712 2704 studia
2742 2648 2996 2720 professi,
3040 2651 3281 2719 aequiore
3330 2664 3395 2703 ac
3423 2662 3665 2718 propen-

393 2740 540 2796 siore
559 2743 829 2813 ergadeos
849 2746 1031 2799 anima
1061 2744 1394 2809 viderentur,
1447 2751 1634 2814 utpote
1680 2743 1774 2813 qui
1816 2759 1926 2798 non
1965 2742 2071 2798 diis
2106 2744 2240 2815 ipsis
2268 2745 2504 2814 quoq‘ue,
2557 2745 2651 2800 sed
2681 2743 2943 2815 improbis
3000 2744 3339 2800 daamonibus
3393 2742 3661 2806 colendis,

391 2833 728 2904 praecipitem
760 2835 816 2889 in
848 2849 1091 2891 errorem
1122 2851 1284 2892 suum
1334 2836 1739 2892 multitudinem
1768 2837 1997 2906 egerint.
2034 2835 2192 2891 Enim
2226 2851 2358 2891 vero
2383 2837 2601 2893 disertis
2646 2838 2830 2894 verbis
2861 2835 3198 2909 Porphyrius
3233 2837 3455 2906 fatetur,
3509 2836 3662 2891 illam

389 2940 517 2981 cum
551 2928 730 2995 exiis,
767 2929 860 3000 qui
909 2930 1181 3000 sapientes
1212 2931 1574 3000 habebantur,
1619 2932 2045 3002 cogitationibus
2079 2933 2196 2988 suis
2235 2943 2633 2989 consentaneas
2654 2934 3055 3005 disputationes
3104 2934 3429 3008 audiret,_in
3462 2947 3564 2988 sua
3595 2932 3668 2987 de

393 3016 623 3074 nefariis
660 3020 1002 3078 daemonibus
1040 3022 1121 3078 sic
1176 3031 1438 3094 tanquam
1473 3025 1540 3080 de
1572 3026 1679 3081 diis
1705 3028 1963 3097 opinione
1995 3028 2169 3098 magis
2195 3027 2249 3081 in
2286 3029 2404 3082 dies
2438 3028 2718 3099 magisque
2751 3027 3122 3085 conﬁrmatam
3156 3043 3297 3084 esse.
3333 3028 3512 3097 Atque
3544 3028 3667 3082 haec

392 3124 503 3164 non
527 3113 854 3167 auctoritate
884 3128 1017 3169 sane
1041 3116 1461 3185 testimonioque
1476 3124 1789 3172 nostrorum
1815 3127 2137 3190 arguuntur,
2163 3120 2257 3175 sed
2281 3120 2525 3189 ipsorum
2556 3121 2649 3191 qui
2667 3136 2757 3176 res
2782 3136 2913 3177 suas
2936 3122 3171 3193 penitus,
3195 3135 3261 3175 ac
3301 3121 3457 3191 longe
3488 3134 3662 3191 quam

394 3216 498 3259 nos
524 3204 729 3260 certius
759 3205 1208 3278 enucleatiusque
1239 3210 1606 3279 perviderant.
1653 3210 1936 3281 Siquidem
1967 3214 2058 3268 ille
2090 3213 2206 3283 ipse
2236 3214 2491 3284 scriptor,
2515 3214 2608 3284 qui
2636 3228 2745 3268 non
2779 3212 3147 3284 perfunctorie
3167 3230 3234 3270 ac
3257 3215 3448 3269 leviter
3484 3212 3673 3270 fuerat

393 3294 451 3349 in
477 3310 564 3357 ea.
605 3311 727 3366 qua:
759 3296 954 3367 vulgus
1015 3298 1241 3365 latebat,
1303 3301 1691 3369 superstitione
1736 3312 2011 3369 versatus,
2046 3304 2327 3374 improbos
2365 3304 2640 3360 daemones
2683 3305 2883 3360 asserit
2934 3306 3065 3363 deos
3112 3319 3233 3362 esse
3278 3306 3438 3371 velle,
3486 3306 3671 3364 bono-

393 3402 630 3457 rumque
651 3389 794 3460 apud
826 3389 1077 3447 homines
1100 3391 1568 3449 existimationem
1599 3405 1890 3464 expetere;
1950 3409 2014 3451 ac
2045 3396 2302 3451 virtutem
2338 3410 2529 3451 eorum
2562 3397 2868 3468 principem
2915 3398 3120 3453 summi
3152 3396 3409 3455 Numinis
3457 3398 3674 3455 famam

392 3488 451 3535 et
482 3496 681 3539 nomen
714 3484 944 3539 ambire.

472 3573 632 3647 1'75
668 3574 931 3642 Quaenam
991 3589 1157 3646 porro
1191 3575 1262 3631 sit
1314 3575 1488 3631 virtus
1548 3575 1639 3631 illa
1700 3578 1971 3649 princeps,

2153 3579 2250 3644 Τίς
2273 3596 2367 3635 ουν
2394 3580 2503 3653 ἄρα
2527 3583 2560 3655 ἡ
2584 3583 2905 3657 προεστῶσα
2929 3583 3109 3640 αὐτῶν
3130 3586 3391 3657 τυγχάνει
3409 3586 3677 3660 δύναμις,

395 3667 536 3724 idem
571 3668 687 3739 ipse
723 3668 986 3732 declarat,
1019 3668 1392 3740 improborum
1417 3667 1729 3724 daemonum
1770 3670 1978 3740 princi-

393 3776 493 3831 pes
523 3759 750 3832 Serapin
794 3770 956 3831 atque
996 3759 1236 3816 Hecaten
1271 3775 1394 3817 esse
1431 3761 1637 3828 dicens,
1671 3777 1794 3816 cum
1820 3763 1977 3819 Beel-

396 3852 572 3908 zebud
605 3852 673 3908 iis
697 3853 953 3909 omnibus
978 3869 1214 3925 praeesse
1268 3852 1549 3924 Scriptura
1582 3854 1765 3909 divina
1809 3865 1975 3911 teste-

398 3948 509 3997 tur.
551 3941 692 3996 Audi
720 3956 850 3997 vero
879 3950 1162 4012 praeterea,
1194 3943 1650 4012 quemadmodum
1682 3943 1785 4000 hac
1810 3944 1878 3999 de
1916 3959 1977 4000 re

399 4032 454 4087 in
516 4033 632 4087 suis
688 4033 756 4088 de
810 4034 1006 4090 hausta
1031 4051 1097 4090 ex
1127 4035 1371 4091 oraculis
1420 4035 1762 4107 philosophia
1817 4037 1973 4093 libris

398 4124 652 4180 disserat.

964 4215 1193 4272 CAPUT
1212 4215 1404 4272 XXIII.

398 4305 477 4361 De
505 4304 756 4378 improbis
773 4306 1121 4371 daemonibus,
1143 4318 1193 4362 et
1213 4310 1426 4378 quinam
1445 4309 1553 4364 sint
1567 4324 1749 4364 eorum
1775 4311 1976 4378 princi-

472 4391 596 4499 pes
609 4377 848 4498 quodque
868 4378 1102 4432 omnium
1123 4377 1437 4434 animalium
1456 4378 1625 4450 specie
1637 4377 1870 4437 houzi’ues
1892 4399 1983 4454 ag-

472 4462 562 4499 are
603 4463 689 4499 tan
720 4462 805 4499 ur.

470 4462 805 4517 gradiantur.

477 4639 497 4674 ι
540 4618 827 4691 Improbos
879 4618 1177 4685 daemones,
1229 4619 1429 4691 inquit,
1477 4619 1670 4691 Sarapi
1724 4623 1975 4680 subditos

396 4728 522 4770 esse
552 4713 696 4768 haud
729 4721 932 4767 temere
956 4713 1301 4783 suspicamur
1323 4730 1338 4767 :
1358 4713 1561 4785 quippe
1597 4713 1739 4768 hanc
1765 4713 1831 4769 ad
1855 4715 1976 4784 opi-

2084 3674 2114 3725 ό
2141 3674 2499 3739 αὐτός’πάλιν
2529 3676 2874 3749 διασαφήσει,
2906 3679 3030 3744 τοὺς
3061 3679 3327 3752 ἄρχοντας
3358 3680 3464 3736 τῶν
3498 3698 3679 3755 mw).

2087 3766 2195 3840 ρῶν
2224 3767 2496 3840 δαιμόνων
2516 3769 2690 3840 λέγων
2712 3767 2854 3825 εἶναι
2880 3772 2971 3826 τὸν
2993 3773 3239 3845 Σάραπιν
3262 3774 3357 3828 καὶ
3377 3775 3476 3847 τὴν
3509 3774 3687 3831 Ἐκά-

2080 3875 2181 3929 την
2208 3859 2340 3932 (62).
2385 3860 2449 3914 Ἠ
2480 3860 2537 3914 δὲ
2561 3862 2681 3916 θεία
2708 3863 2922 3935 Γραφὴ,
2954 3864 3045 3919 τὸν
3079 3864 3424 3930 Βεελζεὸούλ.
3464 3867 3677 3921 Ἀκσυε

2078 3947 2144 4014 δ’,
2188 3951 2336 4016 ὅπως
2367 3953 2462 4006 καὶ
2494 3954 2623 4026 περὶ
2658 3953 2847 4009 τούτου
2880 3956 3082 4028 γράφει
3105 3957 3163 4011 ὲν
3191 3961 3302 4022 τοῖς
3322 3959 3450 4031 περὶ
3478 3959 3580 4032 τῆς
3598 3961 3679 4015 ὲκ

2077 4043 2270 4114 λογίων
2296 4046 2631 4119 φιλοσοφίας.

2598 4229 2994 4283 ΚΕΦΑΛΑΙΟΝ
3031 4231 3126 4284 ΚΓ
3125 4237 3159 4284 ’.

2082 4316 2224 4396 Rep}
2272 4316 2392 4396 τῶν
2416 4318 2700 4396 πονηρῶν
2728 4321 3041 4396 δαιιιότςων,
3071 4323 3169 4396 θεαὶ
3200 4324 3359 4396 τίνες
3384 4323 3545 4378 εἰσιν
3567 4327 3681 4378 αὺ-

2153 4390 2273 4441 τῶν
2302 4391 2357 4442 οὶ
2400 4390 2726 4464 ἄρχοντες-Α·
2759 4391 2872 4464 ’καὶ
2909 4390 2998 4444 ότι
3035 4392 3185 4449 πᾶσι
3227 4393 3388 4460 ζώοις
3429 4397 3681 4464 ὁμοιού-

2145 4474 2319 4533 μεκοι
2359 4463 2411 4513 οἱ
2451 4460 2701 4529 πονηροὶ
2747 4460 3027 4531 δαίμονες
3067 4465 3355 4533 προσίασι
3398 4460 3522 4531 τοῖς
3554 4465 3679 4519 dr-

2150 4528 2424 4596 θρώποις.
2609 4528 2617 4529 ί
2843 4528 2856 4531 ⁷
3107 4528 3121 4533 ⁷
3495 4528 3508 4531 ’
3587 4558 3617 4583 ο

2168 4617 2409 4693 (Τοὺςδὴ
2432 4625 2699 4699 πονηροὺς
2718 4623 2977 4696 δαίμονας
2992 4624 3091 4680 οὐκ
3124 4625 3247 4697 είκῆ
3296 4625 3402 4679 ὑπὸ
3438 4626 3530 4680 τὸν
3561 4628 3684 4682 Σά-

2087 4727 2252 4782 ραπιν
2293 4713 2705 4786 ὑποπτεύομενο
2753 4715 2863 4769 οὐδ’
2911 4716 2976 4771 ὲκ
3019 4717 3131 4771 τῶν
3172 4718 3454 4790 συμϐόλων
3503 4720 3682 4790 μόνον

399 4804 619 4859 nionem
667 4816 777 4857 non
828 4802 950 4872 ejus
988 4812 1203 4859 tantum
1255 4805 1521 4876 symbolis
1565 4813 1620 4861 et
1667 4806 1971 4878 insignibus

2091 4805 2524 4873 ἀναπεισθέντες,
2555 4806 2668 4860 ἀλλ’
2692 4808 2773 4861 ὅτι
2803 4807 2870 4862 τὰ
2899 4808 3230 4881 μειλίγματα
3252 4811 3347 4863 καὶ
3370 4808 3439 4863 τὰ
3457 4810 3685 4866 τούτων

398 4896 642 4963 adducti,
678 4894 774 4951 sed
807 4894 974 4949 etiam
1010 4896 1157 4965 quod
1196 4873 1539 4967 quaecunque
1589 4897 1700 4951 vim
1747 4873 1844 4954 eos
1892 4898 1971 4954 vel

2091 4896 2420 4967 importata
2440 4898 2574 4970 πρὸς
2593 4898 2685 4952 τὸν
2698 4873 2985 4954 Πλούτωνα
2999 4873 3226 4969 γίνεται,
3242 4900 3316 4964 ὠς
3342 4904 3398 4956 ὲν
3421 4900 3499 4973 τῷ
3514 4902 3687 4975 πρά-

399 4984 729 5042 eonciliandi
755 4984 958 5039 habent
990 4985 1073 5040 vel
1094 4988 1517 5053 averruncandi,
1572 4987 1639 5041 ad
1685 4985 1975 5043 Plutonem

401 5078 588 5135 omnia
605 5075 941 5144 referuntur,
961 5078 1424 5147 quemadmodum
1439 5079 1580 5134 libro
1598 5079 1777 5150 primo
1795 5089 1983 5137 osten-

400 5170 604 5226 dimus.
640 5169 805 5240 Atqui
832 5170 976 5225 idem
1009 5184 1236 5239 prorsus
1272 5173 1369 5242 qui
1399 5170 1556 5227 Pluto
1576 5172 1712 5228 deus
1746 5173 1849 5228 iste
1873 5181 1976 5238 est,

399 5276 578 5333 eoque
606 5261 846 5318 maxime
886 5260 1231 5317 daemonibus
1259 5263 1513 5335 imperat,
1541 5272 1801 5334 certaque
1829 5277 1978 5335 sym-

475 5492 593 5569 (ρο)
619 5497 885 5569 βγσίαις.
909 5494 1496 5569 Ροτριιγνηᾉκνίσσαις,
1531 5498 1675 5568 quod
1718 5498 1907 5553 malui.

476 5564 593 5639 (61)
620 5567 691 5620 Ἦ
715 5583 783 5639 τε
797 5564 1170 5639 προεστῶοῖα.
1191 5567 1411 5639 Debuit,
1434 5564 1648 5639 opinor,
1676 5571 1776 5639 τήν
1796 5586 1858 5622 τε
1888 5587 1977 5623 πε-

408 5635 704 5707 ριεστῶσαν
728 5638 906 5711 αὐτῶν
925 5637 1154 5711 δύναμιν
1183 5638 1358 5691 δοκεῖν
1387 5635 1517 5691 Θεδν
1560 5635 1697 5691 εἶναι
1733 5635 1833 5692 ’τὸν
1882 5641 1978 5711 μέ-

402 5706 592 5776 γιστον
609 5722 625 5733 ·
651 5706 904 5777 praecedit
928 5706 1096 5774 enim,
1134 5710 1267 5779 φησὶ
1294 5711 1419 5773 τοὺς
1445 5710 1730 5780 πονηροὺς,
1759 5720 1863 5765 etc.

2074 5004 2155 5059 τῳ
2180 4986 2515 5060 ἐδείκνυμεν.
2555 4990 2612 5043 '0
2647 4989 2808 5055 αὐτὸς
2836 4990 2892 5044 δὲ
2922 4990 3001 5063 τῷ
3027 4993 3302 5048 Πλούτωνι
3331 4996 3361 5047 ὁ
3392 4983 3533 5059 θεὸςζ
3567 4998 3686 5052 καὶ

2080 5078 2169 5132 διὰ
2183 5077 2343 5133 τοῦτο
2370 5079 2606 5151 μάλιστα
2620 5081 2890 5152 δαιμόνων
2905 5082 3109 5153 ἄρχων,
3124 5086 3218 5138 καὶ⁵
3233 5085 3477 5156 σύμϐολα
3489 5086 3689 5154 διδοὺς

2085 5170 2226 5242 πρὸς
2251 5170 2353 5240 τὴν
2376 5172 2580 5229 τούτων
2612 5172 2813 5227 ἔλασιν.
2851 5168 3014 5238 Οὗτος
3043 5175 3176 5245 γοῦν
3198 5178 3428 5243 καὶτοῖς
3458 5180 3691 5250 ἱκέταις

2086 5262 2374 5333 ἐδήλωσεν,
2404 5262 2482 5329 ὡς
2527 5266 2661 5319 πᾶσι
2687 5263 2847 5330 ζώοις
2881 5267 3228 5341 ὁμοιούμενοι
3257 5271 3515 5345 προσίασι
3552 5277 3692 5343 τοῖς

2159 5494 2271 5619 ita?)
2302 5493 2569 5564 Σάραπιν
2599 5498 2697 5553 καὶ
2725 5497 2842 5567 τὴν
2875 5500 3162 5583 ,Ἑκάτηπ
3218 5503 3393 5586 Supra
3522 5503 3641 5563 126
3668 5552 3692 5575 ,

2233 5607 2247 5628 ,
2280 5569 2450 5623 solius
2474 5567 2701 5623 Hecates
2727 5581 2991 5626 memtmt.
3019 5572 3096 5626 De
3124 5573 3384 5628 Serapide
3464 5579 3692 5628 θωὴν-

2083 5581 2134 5646 c:
2159 5566 2259 5646 fi,
2280 5567 2701 5649 soliusIllecates
2727 5566 2991 5649 meminit.
3124 5566 3384 5645 Serapide
3418 5566 3697 5649 Porphy—Z

2082 5637 2199 5690 rius
2239 5638 2396 5760 iutilia
2428 5636 2569 5693 tituli
2604 5642 2907 5711 sequentis.
2934 5640 3011 5697 De
3050 5636 3423 5702 Hecate'vero
3463 5636 3692 5718 pagina

2082 5720 2283 5760 seuuen
2315 5722 2352 5760 ι.

2081 5720 2352 5777 sequenti.
