  <div class='ocr_page' id='page_1' title='image "/cluster/home/n/w/nwhite01/storage/ocr_20150623/21/nnc1.0046978437/190.png"; bbox 0 0 3850 6222; ppageno 0'>
   <div class='ocr_carea' id='block_1_1' title="bbox 194 328 1717 389">
    <p class='ocr_par' dir='ltr' id='par_1_1' title="bbox 194 329 1717 389">
     <span class='ocr_line' id='line_1_1' title="bbox 194 329 1717 389; baseline -0.005 0"><span class='ocrx_word' id='word_1_1' title='bbox 194 336 274 389; x_wconf 77' lang='grc'><strong>505</strong></span> <span class='ocrx_word' id='word_1_2' title='bbox 1272 329 1596 386; x_wconf 65' lang='grc' dir='ltr'><strong>ΡΒᾸΞΡΑΒ.</strong></span> <span class='ocrx_word' id='word_1_3' title='bbox 1641 329 1717 384; x_wconf 77' lang='lat' dir='ltr'><strong>EV&#39;</strong></span> 
     </span>
    </p>
   </div>
   <div class='ocr_carea' id='block_1_2' title="bbox 1823 328 2185 389">
    <p class='ocr_par' dir='ltr' id='par_1_2' title="bbox 1823 328 2185 385">
     <span class='ocr_line' id='line_1_2' title="bbox 1823 328 2185 385; baseline 0.003 -2"><span class='ocrx_word' id='word_1_4' title='bbox 1823 328 1896 385; x_wconf 75' lang='grc' dir='ltr'><strong>[ϐ.</strong></span> <span class='ocrx_word' id='word_1_5' title='bbox 1929 329 2058 385; x_wconf 87' lang='lat' dir='ltr'><strong>LIB.</strong></span> <span class='ocrx_word' id='word_1_6' title='bbox 2100 328 2185 384; x_wconf 77' lang='lat' dir='ltr'><strong>IV.</strong></span> 
     </span>
    </p>
   </div>
   <div class='ocr_carea' id='block_1_3' title="bbox 3291 321 3400 378">
    <p class='ocr_par' dir='ltr' id='par_1_3' title="bbox 3291 321 3400 378">
     <span class='ocr_line' id='line_1_3' title="bbox 3291 321 3400 378; baseline -0.009 0"><span class='ocrx_word' id='word_1_7' title='bbox 3291 321 3400 378; x_wconf 70' lang='lat'><strong>800</strong></span> 
     </span>
    </p>
   </div>
   <div class='ocr_carea' id='block_1_4' title="bbox 194 441 1717 520">
    <p class='ocr_par' dir='ltr' id='par_1_4' title="bbox 194 445 1717 520">
     <span class='ocr_line' id='line_1_4' title="bbox 194 445 1717 520; baseline -0.002 -18"><span class='ocrx_word' id='word_1_8' title='bbox 194 446 447 517; x_wconf 70' lang='grc' dir='ltr'>ἀνθρώποις</span> <span class='ocrx_word' id='word_1_9' title='bbox 467 461 482 476; x_wconf 86' lang='grc'><strong>·</strong></span> <span class='ocrx_word' id='word_1_10' title='bbox 519 445 642 499; x_wconf 77' lang='grc' dir='ltr'>ὅθεν</span> <span class='ocrx_word' id='word_1_11' title='bbox 666 445 760 500; x_wconf 76' lang='grc' dir='ltr'><strong>καὶ</strong></span> <span class='ocrx_word' id='word_1_12' title='bbox 788 445 916 517; x_wconf 78' lang='grc' dir='ltr'>παρ’</span> <span class='ocrx_word' id='word_1_13' title='bbox 941 446 1280 514; x_wconf 70' lang='grc' dir='ltr'><strong>Αἰγυπτίοις,</strong></span> <span class='ocrx_word' id='word_1_14' title='bbox 1310 449 1405 500; x_wconf 75' lang='grc' dir='ltr'><strong>καὶ</strong></span> <span class='ocrx_word' id='word_1_15' title='bbox 1435 447 1586 520; x_wconf 85' lang='grc' dir='ltr'><strong>παρά</strong></span> <span class='ocrx_word' id='word_1_16' title='bbox 1607 446 1717 501; x_wconf 70' lang='grc' dir='ltr'>Φοί-</span> 
     </span>
    </p>
   </div>
   <div class='ocr_carea' id='block_1_5' title="bbox 1823 441 3403 520">
    <p class='ocr_par' dir='ltr' id='par_1_5' title="bbox 1823 441 3403 516">
     <span class='ocr_line' id='line_1_5' title="bbox 1823 441 3403 516; baseline -0.004 -14"><span class='ocrx_word' id='word_1_17' title='bbox 1823 448 1948 502; x_wconf 90' lang='lat' dir='ltr'><strong>bola</strong></span> <span class='ocrx_word' id='word_1_18' title='bbox 1981 447 2195 511; x_wconf 91' lang='lat' dir='ltr'><strong>tribuit,</strong></span> <span class='ocrx_word' id='word_1_19' title='bbox 2230 445 2433 516; x_wconf 79' lang='lat' dir='ltr'><strong>quibus</strong></span> <span class='ocrx_word' id='word_1_20' title='bbox 2483 443 2653 500; x_wconf 77' lang='lat' dir='ltr'><strong>averti</strong></span> <span class='ocrx_word' id='word_1_21' title='bbox 2693 443 2997 514; x_wconf 73' lang='lat' dir='ltr'><strong>depelliquc</strong></span> <span class='ocrx_word' id='word_1_22' title='bbox 3039 441 3270 513; x_wconf 84' lang='lat' dir='ltr'><strong>possint.</strong></span> <span class='ocrx_word' id='word_1_23' title='bbox 3320 442 3403 496; x_wconf 79' lang='lat' dir='ltr'><strong>At:</strong></span> 
     </span>
    </p>
   </div>
   <div class='ocr_carea' id='block_1_6' title="bbox 195 538 1714 611">
    <p class='ocr_par' dir='ltr' id='par_1_6' title="bbox 195 538 1714 611">
     <span class='ocr_line' id='line_1_6' title="bbox 195 538 1714 611; baseline 0.001 -21"><span class='ocrx_word' id='word_1_24' title='bbox 195 538 292 604; x_wconf 79' lang='grc' dir='ltr'>νιξι,</span> <span class='ocrx_word' id='word_1_25' title='bbox 313 538 393 592; x_wconf 70' lang='grc' dir='ltr'><strong>καὶ</strong></span> <span class='ocrx_word' id='word_1_26' title='bbox 412 538 546 602; x_wconf 79' lang='grc' dir='ltr'>ὅλως</span> <span class='ocrx_word' id='word_1_27' title='bbox 574 539 724 610; x_wconf 79' lang='grc' dir='ltr'><strong>παρά</strong></span> <span class='ocrx_word' id='word_1_28' title='bbox 752 542 865 603; x_wconf 79' lang='grc' dir='ltr'>τοῖς</span> <span class='ocrx_word' id='word_1_29' title='bbox 879 538 948 592; x_wconf 76' lang='grc' dir='ltr'>τὰ</span> <span class='ocrx_word' id='word_1_30' title='bbox 971 539 1090 592; x_wconf 85' lang='grc' dir='ltr'>θεῖα</span> <span class='ocrx_word' id='word_1_31' title='bbox 1120 542 1302 608; x_wconf 71' lang='grc' dir='ltr'>σοφοῖς</span> <span class='ocrx_word' id='word_1_32' title='bbox 1322 540 1354 610; x_wconf 74' lang='grc' dir='ltr'>ἢ</span> <span class='ocrx_word' id='word_1_33' title='bbox 1373 541 1630 611; x_wconf 86' lang='grc' dir='ltr'>μάντεσιν</span> <span class='ocrx_word' id='word_1_34' title='bbox 1657 541 1714 592; x_wconf 86' lang='grc' dir='ltr'><strong>ἐν</strong></span> 
     </span>
    </p>
   </div>
   <div class='ocr_carea' id='block_1_7' title="bbox 194 631 1722 704">
    <p class='ocr_par' dir='ltr' id='par_1_7' title="bbox 194 631 1722 704">
     <span class='ocr_line' id='line_1_7' title="bbox 194 631 1722 704; baseline 0.003 -22"><span class='ocrx_word' id='word_1_35' title='bbox 194 635 279 694; x_wconf 78' lang='grc' dir='ltr'>τοῖς</span> <span class='ocrx_word' id='word_1_36' title='bbox 322 632 468 701; x_wconf 80' lang='grc' dir='ltr'>ίεροίς</span> <span class='ocrx_word' id='word_1_37' title='bbox 510 631 956 703; x_wconf 76' lang='grc' dir='ltr'>ἐπιρρήσσονται,</span> <span class='ocrx_word' id='word_1_38' title='bbox 1005 633 1102 685; x_wconf 79' lang='grc' dir='ltr'>καὶ</span> <span class='ocrx_word' id='word_1_39' title='bbox 1152 631 1266 696; x_wconf 77' lang='grc' dir='ltr'><strong>ζῶα</strong></span> <span class='ocrx_word' id='word_1_40' title='bbox 1314 633 1722 704; x_wconf 74' lang='grc' dir='ltr'>προσουδίζεται</span> 
     </span>
    </p>
   </div>
   <div class='ocr_carea' id='block_1_8' title="bbox 196 721 1724 794">
    <p class='ocr_par' dir='ltr' id='par_1_8' title="bbox 196 721 1724 794">
     <span class='ocr_line' id='line_1_8' title="bbox 196 721 1724 794; baseline 0.002 -20"><span class='ocrx_word' id='word_1_41' title='bbox 196 722 277 794; x_wconf 77' lang='grc' dir='ltr'><strong>πρὸ</strong></span> <span class='ocrx_word' id='word_1_42' title='bbox 298 722 382 793; x_wconf 81' lang='grc' dir='ltr'>τῆς</span> <span class='ocrx_word' id='word_1_43' title='bbox 408 721 698 792; x_wconf 82' lang='grc' dir='ltr'><strong>θρησκείας</strong></span> <span class='ocrx_word' id='word_1_44' title='bbox 730 722 840 775; x_wconf 85' lang='grc' dir='ltr'>τῶν</span> <span class='ocrx_word' id='word_1_45' title='bbox 869 721 1006 775; x_wconf 82' lang='grc' dir='ltr'>θεῶν</span> <span class='ocrx_word' id='word_1_46' title='bbox 1031 738 1046 751; x_wconf 92' lang='grc'><strong>·</strong></span> <span class='ocrx_word' id='word_1_47' title='bbox 1077 722 1468 788; x_wconf 74' lang='grc' dir='ltr'><strong>ἐξελαυνόντων</strong></span> <span class='ocrx_word' id='word_1_48' title='bbox 1498 723 1606 776; x_wconf 85' lang='grc' dir='ltr'><strong>τῶν</strong></span> <span class='ocrx_word' id='word_1_49' title='bbox 1649 725 1724 778; x_wconf 78' lang='lat' dir='ltr'><strong>is—</strong></span> 
     </span>
    </p>
   </div>
   <div class='ocr_carea' id='block_1_9' title="bbox 197 813 1720 886">
    <p class='ocr_par' dir='ltr' id='par_1_9' title="bbox 197 813 1720 886">
     <span class='ocr_line' id='line_1_9' title="bbox 197 813 1720 886; baseline 0.002 -20"><span class='ocrx_word' id='word_1_50' title='bbox 197 815 302 886; x_wconf 85' lang='grc' dir='ltr'><strong>ρέων</strong></span> <span class='ocrx_word' id='word_1_51' title='bbox 325 815 527 878; x_wconf 88' lang='grc' dir='ltr'><strong>τούτους</strong></span> <span class='ocrx_word' id='word_1_52' title='bbox 553 814 642 869; x_wconf 86' lang='grc' dir='ltr'><strong>διά</strong></span> <span class='ocrx_word' id='word_1_53' title='bbox 682 813 776 867; x_wconf 80' lang='grc' dir='ltr'>τοῦ</span> <span class='ocrx_word' id='word_1_54' title='bbox 822 814 1004 868; x_wconf 72' lang='grc' dir='ltr'>δοῦναι</span> <span class='ocrx_word' id='word_1_55' title='bbox 1035 814 1253 886; x_wconf 77' lang='grc' dir='ltr'>πνεῦμα</span> <span class='ocrx_word' id='word_1_56' title='bbox 1298 815 1330 886; x_wconf 78' lang='grc' dir='ltr'>ἦ</span> <span class='ocrx_word' id='word_1_57' title='bbox 1377 813 1515 886; x_wconf 77' lang='grc' dir='ltr'>αἷμα</span> <span class='ocrx_word' id='word_1_58' title='bbox 1546 815 1720 882; x_wconf 79' lang='grc' dir='ltr'>ζώων,</span> 
     </span>
    </p>
   </div>
   <div class='ocr_carea' id='block_1_10' title="bbox 195 903 1724 976">
    <p class='ocr_par' dir='ltr' id='par_1_10' title="bbox 195 903 1724 976">
     <span class='ocr_line' id='line_1_10' title="bbox 195 903 1724 976; baseline 0.003 -19"><span class='ocrx_word' id='word_1_59' title='bbox 195 906 266 958; x_wconf 78' lang='grc' dir='ltr'><strong>καὶ</strong></span> <span class='ocrx_word' id='word_1_60' title='bbox 290 905 363 958; x_wconf 75' lang='grc' dir='ltr'>διὰ</span> <span class='ocrx_word' id='word_1_61' title='bbox 385 904 481 974; x_wconf 78' lang='grc' dir='ltr'>τῆς</span> <span class='ocrx_word' id='word_1_62' title='bbox 504 903 599 957; x_wconf 73' lang='grc' dir='ltr'><strong>τοῦ</strong></span> <span class='ocrx_word' id='word_1_63' title='bbox 629 905 789 976; x_wconf 82' lang='grc' dir='ltr'>ἀέρος</span> <span class='ocrx_word' id='word_1_64' title='bbox 822 905 1057 976; x_wconf 82' lang='grc' dir='ltr'><strong>πληγῆς,</strong></span> <span class='ocrx_word' id='word_1_65' title='bbox 1089 907 1196 971; x_wconf 81' lang='grc' dir='ltr'>ἵνα,</span> <span class='ocrx_word' id='word_1_66' title='bbox 1232 907 1438 960; x_wconf 87' lang='grc' dir='ltr'>τούτων</span> <span class='ocrx_word' id='word_1_67' title='bbox 1462 907 1724 962; x_wconf 81' lang='grc' dir='ltr'>ἀπελθόν-</span> 
     </span>
    </p>
   </div>
   <div class='ocr_carea' id='block_1_11' title="bbox 193 995 1723 1068">
    <p class='ocr_par' dir='ltr' id='par_1_11' title="bbox 193 995 1723 1068">
     <span class='ocr_line' id='line_1_11' title="bbox 193 995 1723 1068; baseline 0.002 -18"><span class='ocrx_word' id='word_1_68' title='bbox 193 1013 294 1060; x_wconf 80' lang='grc' dir='ltr'>των,</span> <span class='ocrx_word' id='word_1_69' title='bbox 321 996 574 1068; x_wconf 74' lang='grc' dir='ltr'>παρουσία</span> <span class='ocrx_word' id='word_1_70' title='bbox 615 995 712 1048; x_wconf 80' lang='grc' dir='ltr'><strong>τοῦ</strong></span> <span class='ocrx_word' id='word_1_71' title='bbox 748 997 881 1049; x_wconf 87' lang='grc' dir='ltr'><strong>Θεοῦ</strong></span> <span class='ocrx_word' id='word_1_72' title='bbox 917 997 1166 1068; x_wconf 80' lang='grc' dir='ltr'>γένηται.</span> <span class='ocrx_word' id='word_1_73' title='bbox 1196 1000 1306 1052; x_wconf 77' lang='grc' dir='ltr'>Καὶ</span> <span class='ocrx_word' id='word_1_74' title='bbox 1335 995 1484 1062; x_wconf 79' lang='grc' dir='ltr'>οἶκος</span> <span class='ocrx_word' id='word_1_75' title='bbox 1520 1000 1577 1053; x_wconf 85' lang='grc' dir='ltr'>δὲ</span> <span class='ocrx_word' id='word_1_76' title='bbox 1614 1003 1723 1064; x_wconf 80' lang='grc' dir='ltr'><strong>πᾶς</strong></span> 
     </span>
    </p>
   </div>
   <div class='ocr_carea' id='block_1_12' title="bbox 197 1087 1721 1162">
    <p class='ocr_par' dir='ltr' id='par_1_12' title="bbox 197 1087 1721 1162">
     <span class='ocr_line' id='line_1_12' title="bbox 197 1087 1721 1162; baseline 0.003 -21"><span class='ocrx_word' id='word_1_77' title='bbox 197 1088 368 1158; x_wconf 75' lang='grc' dir='ltr'>μεστὸς,</span> <span class='ocrx_word' id='word_1_78' title='bbox 396 1089 486 1141; x_wconf 76' lang='grc' dir='ltr'><strong>καὶ</strong></span> <span class='ocrx_word' id='word_1_79' title='bbox 512 1087 602 1141; x_wconf 76' lang='grc' dir='ltr'>διὰ</span> <span class='ocrx_word' id='word_1_80' title='bbox 632 1087 791 1141; x_wconf 84' lang='grc' dir='ltr'>τοῦτο</span> <span class='ocrx_word' id='word_1_81' title='bbox 821 1089 1256 1162; x_wconf 87' lang='grc' dir='ltr'>προκαθαίρουσι</span> <span class='ocrx_word' id='word_1_82' title='bbox 1281 1092 1374 1144; x_wconf 73' lang='grc' dir='ltr'><strong>καὶ</strong></span> <span class='ocrx_word' id='word_1_83' title='bbox 1401 1092 1721 1146; x_wconf 77' lang='grc' dir='ltr'>ἐκϐάλλουσι</span> 
     </span>
    </p>
   </div>
   <div class='ocr_carea' id='block_1_13' title="bbox 192 1179 1723 1255">
    <p class='ocr_par' dir='ltr' id='par_1_13' title="bbox 192 1179 1723 1255">
     <span class='ocr_line' id='line_1_13' title="bbox 192 1179 1723 1255; baseline 0.006 -24"><span class='ocrx_word' id='word_1_84' title='bbox 192 1179 400 1242; x_wconf 78' lang='grc' dir='ltr'>τούτους,</span> <span class='ocrx_word' id='word_1_85' title='bbox 447 1181 574 1233; x_wconf 82' lang='grc' dir='ltr'>ὅταν</span> <span class='ocrx_word' id='word_1_86' title='bbox 621 1179 744 1233; x_wconf 77' lang='grc' dir='ltr'>θεὸν</span> <span class='ocrx_word' id='word_1_87' title='bbox 789 1182 1161 1236; x_wconf 85' lang='grc' dir='ltr'>κατακαλῶσι.</span> <span class='ocrx_word' id='word_1_88' title='bbox 1213 1184 1322 1236; x_wconf 73' lang='grc' dir='ltr'><strong>Καὶ</strong></span> <span class='ocrx_word' id='word_1_89' title='bbox 1371 1184 1439 1237; x_wconf 81' lang='grc' dir='ltr'>τὰ</span> <span class='ocrx_word' id='word_1_90' title='bbox 1494 1185 1723 1255; x_wconf 76' lang='grc' dir='ltr'>σώματα</span> 
     </span>
    </p>
   </div>
   <div class='ocr_carea' id='block_1_14' title="bbox 191 1272 1720 1346">
    <p class='ocr_par' dir='ltr' id='par_1_14' title="bbox 191 1272 1720 1346">
     <span class='ocr_line' id='line_1_14' title="bbox 191 1272 1720 1346; baseline 0.005 -23"><span class='ocrx_word' id='word_1_91' title='bbox 191 1273 330 1324; x_wconf 78' lang='grc' dir='ltr'>τοίνυν</span> <span class='ocrx_word' id='word_1_92' title='bbox 354 1272 514 1341; x_wconf 78' lang='grc' dir='ltr'>μεστὰ</span> <span class='ocrx_word' id='word_1_93' title='bbox 533 1273 642 1327; x_wconf 83' lang='grc' dir='ltr'><strong>ἀπὸ</strong></span> <span class='ocrx_word' id='word_1_94' title='bbox 657 1273 886 1326; x_wconf 63' lang='grc' dir='ltr'>τούτων*</span> <span class='ocrx_word' id='word_1_95' title='bbox 905 1274 1000 1327; x_wconf 67' lang='grc' dir='ltr'>καὶ</span> <span class='ocrx_word' id='word_1_96' title='bbox 1018 1274 1127 1346; x_wconf 85' lang='grc' dir='ltr'><strong>γάρ</strong></span> <span class='ocrx_word' id='word_1_97' title='bbox 1151 1275 1383 1346; x_wconf 90' lang='grc' dir='ltr'>μάλιστα</span> <span class='ocrx_word' id='word_1_98' title='bbox 1406 1279 1526 1340; x_wconf 81' lang='grc' dir='ltr'>ταῖς</span> <span class='ocrx_word' id='word_1_99' title='bbox 1544 1281 1720 1341; x_wconf 87' lang='grc' dir='ltr'>ποιαῖς</span> 
     </span>
    </p>
   </div>
   <div class='ocr_carea' id='block_1_15' title="bbox 191 1365 1721 1439">
    <p class='ocr_par' dir='ltr' id='par_1_15' title="bbox 191 1365 1721 1439">
     <span class='ocr_line' id='line_1_15' title="bbox 191 1365 1721 1439; baseline 0.005 -24"><span class='ocrx_word' id='word_1_100' title='bbox 191 1367 372 1434; x_wconf 53' lang='lat' dir='ltr'><strong>amni;</strong></span> <span class='ocrx_word' id='word_1_101' title='bbox 412 1365 680 1435; x_wconf 82' lang='grc' dir='ltr'>χαίρουσι.</span> <span class='ocrx_word' id='word_1_102' title='bbox 715 1368 1052 1438; x_wconf 81' lang='grc' dir='ltr'>Σιτουμένων</span> <span class='ocrx_word' id='word_1_103' title='bbox 1099 1367 1210 1439; x_wconf 79' lang='grc' dir='ltr'><strong>γὰρ</strong></span> <span class='ocrx_word' id='word_1_104' title='bbox 1256 1367 1415 1437; x_wconf 75' lang='grc' dir='ltr'>ἡμῶν</span> <span class='ocrx_word' id='word_1_105' title='bbox 1463 1369 1721 1439; x_wconf 75' lang='grc' dir='ltr'>προσίασι</span> 
     </span>
    </p>
   </div>
   <div class='ocr_carea' id='block_1_16' title="bbox 190 1457 1721 1530">
    <p class='ocr_par' dir='ltr' id='par_1_16' title="bbox 190 1457 1721 1530">
     <span class='ocr_line' id='line_1_16' title="bbox 190 1457 1721 1530; baseline 0.004 -23"><span class='ocrx_word' id='word_1_106' title='bbox 190 1457 262 1507; x_wconf 80' lang='grc' dir='ltr'><strong>καὶ</strong></span> <span class='ocrx_word' id='word_1_107' title='bbox 305 1457 672 1526; x_wconf 80' lang='grc' dir='ltr'>προσιζάνουσι</span> <span class='ocrx_word' id='word_1_108' title='bbox 727 1457 805 1528; x_wconf 83' lang='grc' dir='ltr'><strong>τῷ</strong></span> <span class='ocrx_word' id='word_1_109' title='bbox 859 1458 1108 1530; x_wconf 79' lang='grc' dir='ltr'>σώματι,</span> <span class='ocrx_word' id='word_1_110' title='bbox 1163 1461 1259 1513; x_wconf 76' lang='grc' dir='ltr'><strong>καὶ</strong></span> <span class='ocrx_word' id='word_1_111' title='bbox 1311 1459 1398 1512; x_wconf 79' lang='grc' dir='ltr'><strong>διά</strong></span> <span class='ocrx_word' id='word_1_112' title='bbox 1449 1460 1612 1513; x_wconf 78' lang='grc' dir='ltr'>τοῦτο</span> <span class='ocrx_word' id='word_1_113' title='bbox 1664 1462 1721 1514; x_wconf 90' lang='grc' dir='ltr'><strong>αί</strong></span> 
     </span>
    </p>
   </div>
   <div class='ocr_carea' id='block_1_17' title="bbox 189 1547 1720 1624">
    <p class='ocr_par' dir='ltr' id='par_1_17' title="bbox 189 1547 1720 1624">
     <span class='ocr_line' id='line_1_17' title="bbox 189 1547 1720 1624; baseline 0.006 -26"><span class='ocrx_word' id='word_1_114' title='bbox 189 1547 377 1613; x_wconf 80' lang='grc' dir='ltr'>ἁγνεῖαι,</span> <span class='ocrx_word' id='word_1_115' title='bbox 415 1549 475 1601; x_wconf 78' lang='grc' dir='ltr'>οὐ</span> <span class='ocrx_word' id='word_1_116' title='bbox 523 1549 612 1602; x_wconf 70' lang='grc' dir='ltr'><strong>διὰ</strong></span> <span class='ocrx_word' id='word_1_117' title='bbox 650 1550 779 1612; x_wconf 70' lang='grc' dir='ltr'>τοὺς</span> <span class='ocrx_word' id='word_1_118' title='bbox 824 1550 978 1614; x_wconf 84' lang='grc' dir='ltr'>θεοὺς</span> <span class='ocrx_word' id='word_1_119' title='bbox 1012 1552 1460 1624; x_wconf 75' lang='grc' dir='ltr'>προηγουμένως,</span> <span class='ocrx_word' id='word_1_120' title='bbox 1492 1553 1606 1606; x_wconf 81' lang='grc' dir='ltr'>ἀλλ’</span> <span class='ocrx_word' id='word_1_121' title='bbox 1653 1555 1720 1608; x_wconf 83' lang='grc' dir='ltr'><strong>ἵν’</strong></span> 
     </span>
    </p>
   </div>
   <div class='ocr_carea' id='block_1_18' title="bbox 188 1634 1722 1716">
    <p class='ocr_par' dir='ltr' id='par_1_18' title="bbox 188 1634 1722 1716">
     <span class='ocr_line' id='line_1_18' title="bbox 188 1634 1722 1716; baseline 0.007 -26"><span class='ocrx_word' id='word_1_122' title='bbox 188 1634 298 1691; x_wconf 68' lang='grc' dir='ltr'>οὗτοι</span> <span class='ocrx_word' id='word_1_123' title='bbox 345 1641 636 1694; x_wconf 78' lang='grc' dir='ltr'><strong>ἀποστῶσι.</strong></span> <span class='ocrx_word' id='word_1_124' title='bbox 675 1643 928 1696; x_wconf 80' lang='grc' dir='ltr'><strong>Μάλιστα</strong></span> <span class='ocrx_word' id='word_1_125' title='bbox 977 1643 1034 1696; x_wconf 83' lang='grc' dir='ltr'><strong>δὲ</strong></span> <span class='ocrx_word' id='word_1_126' title='bbox 1097 1645 1290 1716; x_wconf 78' lang='grc' dir='ltr'>αἵματι</span> <span class='ocrx_word' id='word_1_127' title='bbox 1320 1645 1568 1716; x_wconf 89' lang='grc' dir='ltr'>χαίρουσι</span> <span class='ocrx_word' id='word_1_128' title='bbox 1627 1647 1722 1700; x_wconf 68' lang='grc' dir='ltr'>καὶ</span> 
     </span>
    </p>
   </div>
   <div class='ocr_carea' id='block_1_19' title="bbox 187 1731 1721 1804">
    <p class='ocr_par' dir='ltr' id='par_1_19' title="bbox 187 1731 1721 1804">
     <span class='ocr_line' id='line_1_19' title="bbox 187 1731 1721 1804; baseline 0.007 -22"><span class='ocrx_word' id='word_1_129' title='bbox 187 1733 281 1794; x_wconf 83' lang='grc' dir='ltr'>ταῖς</span> <span class='ocrx_word' id='word_1_130' title='bbox 320 1731 694 1804; x_wconf 85' lang='grc' dir='ltr'>ἀκαθαρσίαις,</span> <span class='ocrx_word' id='word_1_131' title='bbox 750 1735 843 1787; x_wconf 71' lang='grc' dir='ltr'><strong>καὶ</strong></span> <span class='ocrx_word' id='word_1_132' title='bbox 902 1736 1235 1790; x_wconf 78' lang='grc' dir='ltr'>ἀπολαύουσι</span> <span class='ocrx_word' id='word_1_133' title='bbox 1285 1737 1492 1790; x_wconf 87' lang='grc' dir='ltr'>τούτων</span> <span class='ocrx_word' id='word_1_134' title='bbox 1543 1737 1721 1792; x_wconf 77' lang='grc' dir='ltr'>εἰσδύ-</span> 
     </span>
    </p>
   </div>
   <div class='ocr_carea' id='block_1_20' title="bbox 187 1827 1721 1900">
    <p class='ocr_par' dir='ltr' id='par_1_20' title="bbox 187 1827 1721 1900">
     <span class='ocr_line' id='line_1_20' title="bbox 187 1827 1721 1900; baseline 0.006 -26"><span class='ocrx_word' id='word_1_135' title='bbox 187 1839 333 1887; x_wconf 78' lang='grc' dir='ltr'>νονιις</span> <span class='ocrx_word' id='word_1_136' title='bbox 397 1828 507 1888; x_wconf 76' lang='grc' dir='ltr'>τοῖς</span> <span class='ocrx_word' id='word_1_137' title='bbox 584 1827 909 1897; x_wconf 81' lang='grc' dir='ltr'><strong>χρωμένοις.</strong></span> <span class='ocrx_word' id='word_1_138' title='bbox 973 1829 1148 1893; x_wconf 83' lang='grc' dir='ltr'>Ὀλως</span> <span class='ocrx_word' id='word_1_139' title='bbox 1209 1829 1316 1900; x_wconf 78' lang='grc' dir='ltr'>γὰρ</span> <span class='ocrx_word' id='word_1_140' title='bbox 1374 1831 1406 1900; x_wconf 83' lang='grc' dir='ltr'>ἠ</span> <span class='ocrx_word' id='word_1_141' title='bbox 1471 1830 1721 1893; x_wconf 76' lang='grc' dir='ltr'>ἐπίτασις</span> 
     </span>
    </p>
   </div>
   <div class='ocr_carea' id='block_1_21' title="bbox 187 1913 1720 1992">
    <p class='ocr_par' dir='ltr' id='par_1_21' title="bbox 187 1913 1720 1992">
     <span class='ocr_line' id='line_1_21' title="bbox 187 1913 1720 1992; baseline 0.005 -25"><span class='ocrx_word' id='word_1_142' title='bbox 187 1913 264 1981; x_wconf 83' lang='grc' dir='ltr'>τῆς</span> <span class='ocrx_word' id='word_1_143' title='bbox 315 1914 439 1986; x_wconf 83' lang='grc' dir='ltr'>πρός</span> <span class='ocrx_word' id='word_1_144' title='bbox 496 1934 552 1968; x_wconf 90' lang='grc' dir='ltr'><strong>τι</strong></span> <span class='ocrx_word' id='word_1_145' title='bbox 630 1917 924 1988; x_wconf 75' lang='grc' dir='ltr'>ἐπιθυμίας</span> <span class='ocrx_word' id='word_1_146' title='bbox 992 1920 1088 1973; x_wconf 75' lang='grc' dir='ltr'>καὶ</span> <span class='ocrx_word' id='word_1_147' title='bbox 1149 1922 1182 1992; x_wconf 81' lang='grc' dir='ltr'>ἡ</span> <span class='ocrx_word' id='word_1_148' title='bbox 1244 1919 1338 1974; x_wconf 82' lang='grc' dir='ltr'><strong>τοῦ</strong></span> <span class='ocrx_word' id='word_1_149' title='bbox 1415 1921 1720 1992; x_wconf 87' lang='grc' dir='ltr'>πνεύματος</span> 
     </span>
    </p>
   </div>
   <div class='ocr_carea' id='block_1_22' title="bbox 185 2007 1720 2085">
    <p class='ocr_par' dir='ltr' id='par_1_22' title="bbox 185 2007 1720 2085">
     <span class='ocr_line' id='line_1_22' title="bbox 185 2007 1720 2085; baseline 0.003 -24"><span class='ocrx_word' id='word_1_150' title='bbox 185 2007 262 2077; x_wconf 78' lang='grc' dir='ltr'>τῆς</span> <span class='ocrx_word' id='word_1_151' title='bbox 304 2009 519 2079; x_wconf 80' lang='grc' dir='ltr'><strong>ὀρέξεως</strong></span> <span class='ocrx_word' id='word_1_152' title='bbox 555 2011 703 2081; x_wconf 79' lang='grc' dir='ltr'>ὁρμὴ</span> <span class='ocrx_word' id='word_1_153' title='bbox 750 2010 1046 2082; x_wconf 76' lang='grc' dir='ltr'><strong>ἀλλαχόθεν</strong></span> <span class='ocrx_word' id='word_1_154' title='bbox 1081 2011 1143 2064; x_wconf 87' lang='grc' dir='ltr'>ού</span> <span class='ocrx_word' id='word_1_155' title='bbox 1189 2012 1541 2084; x_wconf 74' lang='grc' dir='ltr'>σφοδρύνεται</span> <span class='ocrx_word' id='word_1_156' title='bbox 1586 2013 1620 2085; x_wconf 77' lang='grc' dir='ltr'>ἢ</span> <span class='ocrx_word' id='word_1_157' title='bbox 1655 2015 1720 2066; x_wconf 88' lang='grc' dir='ltr'><strong>ἐκ</strong></span> 
     </span>
    </p>
   </div>
   <div class='ocr_carea' id='block_1_23' title="bbox 183 2100 1721 2176">
    <p class='ocr_par' dir='ltr' id='par_1_23' title="bbox 183 2100 1721 2176">
     <span class='ocr_line' id='line_1_23' title="bbox 183 2100 1721 2176; baseline 0.005 -24"><span class='ocrx_word' id='word_1_158' title='bbox 183 2100 259 2170; x_wconf 72' lang='grc' dir='ltr'><strong>τῆς</strong></span> <span class='ocrx_word' id='word_1_159' title='bbox 278 2101 458 2155; x_wconf 79' lang='grc' dir='ltr'>τούτων</span> <span class='ocrx_word' id='word_1_160' title='bbox 492 2104 821 2175; x_wconf 75' lang='grc' dir='ltr'>παρουσίας,</span> <span class='ocrx_word' id='word_1_161' title='bbox 852 2105 902 2156; x_wconf 78' lang='grc' dir='ltr'><strong>οἳ</strong></span> <span class='ocrx_word' id='word_1_162' title='bbox 930 2106 1022 2158; x_wconf 73' lang='grc' dir='ltr'>καὶ</span> <span class='ocrx_word' id='word_1_163' title='bbox 1055 2106 1136 2169; x_wconf 80' lang='grc' dir='ltr'><strong>είς</strong></span> <span class='ocrx_word' id='word_1_164' title='bbox 1169 2106 1417 2176; x_wconf 79' lang='grc' dir='ltr'>ἀσήμους</span> <span class='ocrx_word' id='word_1_165' title='bbox 1449 2105 1721 2175; x_wconf 81' lang='grc' dir='ltr'>φθόγγους</span> 
     </span>
    </p>
   </div>
   <div class='ocr_carea' id='block_1_24' title="bbox 184 2193 1720 2268">
    <p class='ocr_par' dir='ltr' id='par_1_24' title="bbox 184 2193 1720 2268">
     <span class='ocr_line' id='line_1_24' title="bbox 184 2193 1720 2268; baseline 0.005 -25"><span class='ocrx_word' id='word_1_166' title='bbox 184 2193 256 2244; x_wconf 79' lang='grc' dir='ltr'>καὶ</span> <span class='ocrx_word' id='word_1_167' title='bbox 284 2193 440 2262; x_wconf 80' lang='grc' dir='ltr'>φύσας</span> <span class='ocrx_word' id='word_1_168' title='bbox 471 2196 843 2264; x_wconf 78' lang='grc' dir='ltr'>ἀναγκάζουσι</span> <span class='ocrx_word' id='word_1_169' title='bbox 889 2197 1015 2260; x_wconf 80' lang='grc' dir='ltr'>τοὺς</span> <span class='ocrx_word' id='word_1_170' title='bbox 1059 2195 1378 2268; x_wconf 80' lang='grc' dir='ltr'>ἀνθρώπους</span> <span class='ocrx_word' id='word_1_171' title='bbox 1423 2197 1720 2268; x_wconf 79' lang='grc' dir='ltr'>ἐμπίπτειν</span> 
     </span>
    </p>
   </div>
   <div class='ocr_carea' id='block_1_25' title="bbox 180 2279 1716 2360">
    <p class='ocr_par' dir='ltr' id='par_1_25' title="bbox 180 2279 1716 2360">
     <span class='ocr_line' id='line_1_25' title="bbox 180 2279 1716 2360; baseline 0.005 -24"><span class='ocrx_word' id='word_1_172' title='bbox 180 2283 249 2337; x_wconf 66' lang='grc' dir='ltr'><strong>διὰ</strong></span> <span class='ocrx_word' id='word_1_173' title='bbox 274 2286 360 2356; x_wconf 76' lang='grc' dir='ltr'>τῆς</span> <span class='ocrx_word' id='word_1_174' title='bbox 387 2279 850 2351; x_wconf 77' lang='grc' dir='ltr'>συναπολαύσεως</span> <span class='ocrx_word' id='word_1_175' title='bbox 881 2289 980 2358; x_wconf 80' lang='grc' dir='ltr'>τῆς</span> <span class='ocrx_word' id='word_1_176' title='bbox 1024 2289 1139 2358; x_wconf 84' lang='grc' dir='ltr'>μετ’</span> <span class='ocrx_word' id='word_1_177' title='bbox 1184 2288 1362 2342; x_wconf 78' lang='grc' dir='ltr'>αὐτῶν</span> <span class='ocrx_word' id='word_1_178' title='bbox 1406 2289 1716 2360; x_wconf 52' lang='grc' dir='ltr'>γινομένης,</span> 
     </span>
    </p>
   </div>
   <div class='ocr_carea' id='block_1_26' title="bbox 185 2378 1719 2453">
    <p class='ocr_par' dir='ltr' id='par_1_26' title="bbox 185 2378 1719 2453">
     <span class='ocr_line' id='line_1_26' title="bbox 185 2378 1719 2453; baseline 0.005 -23"><span class='ocrx_word' id='word_1_179' title='bbox 185 2378 324 2430; x_wconf 77' lang='grc' dir='ltr'>Ὀπου</span> <span class='ocrx_word' id='word_1_180' title='bbox 357 2379 460 2450; x_wconf 77' lang='grc' dir='ltr'>γὰρ</span> <span class='ocrx_word' id='word_1_181' title='bbox 483 2381 801 2450; x_wconf 84' lang='grc' dir='ltr'>πνεύματος</span> <span class='ocrx_word' id='word_1_182' title='bbox 828 2380 1071 2445; x_wconf 85' lang='grc' dir='ltr'>πλείονος</span> <span class='ocrx_word' id='word_1_183' title='bbox 1103 2381 1257 2451; x_wconf 73' lang='grc' dir='ltr'>ὁλκὴ,</span> <span class='ocrx_word' id='word_1_184' title='bbox 1292 2381 1326 2452; x_wconf 77' lang='grc' dir='ltr'><strong>ἢ</strong></span> <span class='ocrx_word' id='word_1_185' title='bbox 1355 2382 1454 2452; x_wconf 84' lang='grc' dir='ltr'>τῆς</span> <span class='ocrx_word' id='word_1_186' title='bbox 1484 2382 1719 2453; x_wconf 79' lang='grc' dir='ltr'>γαστρὸς</span> 
     </span>
    </p>
   </div>
   <div class='ocr_carea' id='block_1_27' title="bbox 177 2469 1718 2544">
    <p class='ocr_par' dir='ltr' id='par_1_27' title="bbox 177 2469 1718 2544">
     <span class='ocr_line' id='line_1_27' title="bbox 177 2469 1718 2544; baseline 0.005 -25"><span class='ocrx_word' id='word_1_187' title='bbox 177 2469 223 2534; x_wconf 81' lang='grc' dir='ltr'>ἐξ</span> <span class='ocrx_word' id='word_1_188' title='bbox 260 2470 573 2539; x_wconf 79' lang='grc' dir='ltr'>ἡδυπαθείας</span> <span class='ocrx_word' id='word_1_189' title='bbox 618 2471 1028 2542; x_wconf 82' lang='grc' dir='ltr'>πεπλησμένης,</span> <span class='ocrx_word' id='word_1_190' title='bbox 1079 2471 1111 2544; x_wconf 77' lang='grc' dir='ltr'>ἢ</span> <span class='ocrx_word' id='word_1_191' title='bbox 1160 2472 1260 2542; x_wconf 81' lang='grc' dir='ltr'>τῆς</span> <span class='ocrx_word' id='word_1_192' title='bbox 1305 2471 1614 2543; x_wconf 84' lang='grc' dir='ltr'>προθυμίας</span> <span class='ocrx_word' id='word_1_193' title='bbox 1651 2473 1718 2527; x_wconf 86' lang='grc' dir='ltr'>δι’</span> 
     </span>
    </p>
   </div>
   <div class='ocr_carea' id='block_1_28' title="bbox 174 2560 1720 2641">
    <p class='ocr_par' dir='ltr' id='par_1_28' title="bbox 174 2560 1720 2641">
     <span class='ocr_line' id='line_1_28' title="bbox 174 2560 1720 2641; baseline 0.003 -28"><span class='ocrx_word' id='word_1_194' title='bbox 174 2560 334 2631; x_wconf 67' lang='grc' dir='ltr'>ἡδονῆς</span> <span class='ocrx_word' id='word_1_195' title='bbox 375 2564 628 2616; x_wconf 80' lang='grc' dir='ltr'>ἐπίτασιν</span> <span class='ocrx_word' id='word_1_196' title='bbox 677 2561 1042 2634; x_wconf 83' lang='grc' dir='ltr'>ὲκφυσώσης,</span> <span class='ocrx_word' id='word_1_197' title='bbox 1089 2562 1184 2616; x_wconf 77' lang='grc' dir='ltr'>καὶ</span> <span class='ocrx_word' id='word_1_198' title='bbox 1235 2563 1370 2616; x_wconf 78' lang='grc' dir='ltr'>πολὺ</span> <span class='ocrx_word' id='word_1_199' title='bbox 1395 2563 1474 2641; x_wconf 45' lang='grc' dir='ltr'>,τὸ</span> <span class='ocrx_word' id='word_1_200' title='bbox 1511 2563 1720 2630; x_wconf 76' lang='grc' dir='ltr'>,ἔξωθεν</span> 
     </span>
    </p>
   </div>
   <div class='ocr_carea' id='block_1_29' title="bbox 172 2650 1719 2724">
    <p class='ocr_par' dir='ltr' id='par_1_29' title="bbox 172 2650 1719 2724">
     <span class='ocr_line' id='line_1_29' title="bbox 172 2650 1719 2724; baseline 0.004 -21"><span class='ocrx_word' id='word_1_201' title='bbox 172 2650 378 2722; x_wconf 76' lang='grc' dir='ltr'>σπώσης,</span> <span class='ocrx_word' id='word_1_202' title='bbox 406 2657 517 2706; x_wconf 81' lang='grc' dir='ltr'>ἐκεῖ</span> <span class='ocrx_word' id='word_1_203' title='bbox 540 2653 815 2722; x_wconf 82' lang='grc' dir='ltr'>παρουσία</span> <span class='ocrx_word' id='word_1_204' title='bbox 850 2653 960 2707; x_wconf 84' lang='grc' dir='ltr'><strong>τῶν</strong></span> <span class='ocrx_word' id='word_1_205' title='bbox 994 2651 1249 2707; x_wconf 80' lang='grc' dir='ltr'>τοιούτων</span> <span class='ocrx_word' id='word_1_206' title='bbox 1281 2654 1604 2724; x_wconf 83' lang='grc' dir='ltr'>πνευμάτων</span> <span class='ocrx_word' id='word_1_207' title='bbox 1637 2671 1719 2709; x_wconf 89' lang='grc' dir='ltr'><strong>σοι</strong></span> 
     </span>
    </p>
   </div>
   <div class='ocr_carea' id='block_1_30' title="bbox 167 2742 1720 2818">
    <p class='ocr_par' dir='ltr' id='par_1_30' title="bbox 167 2742 1720 2818">
     <span class='ocr_line' id='line_1_30' title="bbox 167 2742 1720 2818; baseline 0.004 -25"><span class='ocrx_word' id='word_1_208' title='bbox 167 2742 424 2812; x_wconf 79' lang='grc' dir='ltr'>δηλούσθω.</span> <span class='ocrx_word' id='word_1_209' title='bbox 459 2747 631 2816; x_wconf 82' lang='grc' dir='ltr'><strong>Ἀχρι</strong></span> <span class='ocrx_word' id='word_1_210' title='bbox 655 2744 858 2798; x_wconf 84' lang='grc' dir='ltr'>τούτων</span> <span class='ocrx_word' id='word_1_211' title='bbox 899 2745 1074 2816; x_wconf 83' lang='grc' dir='ltr'>τολμᾷ</span> <span class='ocrx_word' id='word_1_212' title='bbox 1113 2745 1275 2815; x_wconf 82' lang='grc' dir='ltr'>φύσις</span> <span class='ocrx_word' id='word_1_213' title='bbox 1312 2744 1598 2818; x_wconf 88' lang='grc' dir='ltr'>ἀνθρώπου</span> <span class='ocrx_word' id='word_1_214' title='bbox 1627 2746 1720 2799; x_wconf 78' lang='grc' dir='ltr'>εὐ·-</span> 
     </span>
    </p>
   </div>
   <div class='ocr_carea' id='block_1_31' title="bbox 168 2837 1720 2909">
    <p class='ocr_par' dir='ltr' id='par_1_31' title="bbox 168 2837 1720 2909">
     <span class='ocr_line' id='line_1_31' title="bbox 168 2837 1720 2909; baseline 0.002 -22"><span class='ocrx_word' id='word_1_215' title='bbox 168 2837 344 2906; x_wconf 83' lang='grc' dir='ltr'>ρίσκειν</span> <span class='ocrx_word' id='word_1_216' title='bbox 384 2838 479 2900; x_wconf 76' lang='grc' dir='ltr'>τὰς</span> <span class='ocrx_word' id='word_1_217' title='bbox 525 2837 662 2909; x_wconf 73' lang='grc' dir='ltr'>περὶ</span> <span class='ocrx_word' id='word_1_218' title='bbox 695 2838 864 2908; x_wconf 76' lang='grc' dir='ltr'>αὐτῆς</span> <span class='ocrx_word' id='word_1_219' title='bbox 893 2849 919 2878; x_wconf 78' lang='grc' dir='ltr'>ι</span> <span class='ocrx_word' id='word_1_220' title='bbox 952 2837 1293 2902; x_wconf 78' lang='grc' dir='ltr'>συνεστώσας</span> <span class='ocrx_word' id='word_1_221' title='bbox 1345 2837 1593 2906; x_wconf 83' lang='grc' dir='ltr'>παγίδας·</span> <span class='ocrx_word' id='word_1_222' title='bbox 1625 2837 1720 2891; x_wconf 81' lang='grc' dir='ltr'>καὶ</span> 
     </span>
    </p>
   </div>
   <div class='ocr_carea' id='block_1_32' title="bbox 166 2927 1720 3000">
    <p class='ocr_par' dir='ltr' id='par_1_32' title="bbox 166 2927 1720 3000">
     <span class='ocr_line' id='line_1_32' title="bbox 166 2927 1720 3000; baseline 0.001 -20"><span class='ocrx_word' id='word_1_223' title='bbox 166 2928 257 2999; x_wconf 74' lang='grc' dir='ltr'>γὰρ</span> <span class='ocrx_word' id='word_1_224' title='bbox 301 2928 328 2980; x_wconf 99' lang='lat'><strong>6</strong></span> <span class='ocrx_word' id='word_1_225' title='bbox 381 2929 508 2994; x_wconf 77' lang='grc' dir='ltr'>Θεὸς</span> <span class='ocrx_word' id='word_1_226' title='bbox 563 2931 699 2984; x_wconf 81' lang='grc' dir='ltr'>ὅταν</span> <span class='ocrx_word' id='word_1_227' title='bbox 762 2929 1047 3000; x_wconf 82' lang='grc' dir='ltr'>εἰσκριθῇ,</span> <span class='ocrx_word' id='word_1_228' title='bbox 1114 2928 1608 2994; x_wconf 76' lang='grc' dir='ltr'>πολυπλασιάζεται</span> <span class='ocrx_word' id='word_1_229' title='bbox 1659 2927 1720 2982; x_wconf 82' lang='grc' dir='ltr'><strong>τὸ</strong></span> 
     </span>
    </p>
   </div>
   <div class='ocr_carea' id='block_1_33' title="bbox 166 3017 1720 3093">
    <p class='ocr_par' dir='ltr' id='par_1_33' title="bbox 166 3017 1720 3093">
     <span class='ocr_line' id='line_1_33' title="bbox 166 3017 1720 3093; baseline 0 -19"><span class='ocrx_word' id='word_1_230' title='bbox 166 3020 368 3091; x_wconf 79' lang='grc' dir='ltr'>πνεῦμα.</span> <span class='ocrx_word' id='word_1_231' title='bbox 399 3041 416 3070; x_wconf 74' lang='grc' dir='ltr'><strong><em>ι</em></strong></span> <span class='ocrx_word' id='word_1_232' title='bbox 444 3025 634 3080; x_wconf 70' lang='grc' dir='ltr'>Ταῦτα</span> <span class='ocrx_word' id='word_1_233' title='bbox 661 3022 760 3093; x_wconf 85' lang='grc' dir='ltr'><strong>μὲν</strong></span> <span class='ocrx_word' id='word_1_234' title='bbox 777 3017 870 3074; x_wconf 79' lang='grc' dir='ltr'><strong>οὖν</strong></span> <span class='ocrx_word' id='word_1_235' title='bbox 919 3023 1048 3093; x_wconf 73' lang='grc' dir='ltr'>περὶ</span> <span class='ocrx_word' id='word_1_236' title='bbox 1090 3021 1199 3074; x_wconf 81' lang='grc' dir='ltr'>τῶν</span> <span class='ocrx_word' id='word_1_237' title='bbox 1245 3020 1500 3091; x_wconf 80' lang='grc' dir='ltr'>πονηρῶν</span> <span class='ocrx_word' id='word_1_238' title='bbox 1531 3021 1720 3092; x_wconf 82' lang='grc' dir='ltr'>δαιμό-</span> 
     </span>
    </p>
   </div>
   <div class='ocr_carea' id='block_1_34' title="bbox 164 3110 1716 3188">
    <p class='ocr_par' dir='ltr' id='par_1_34' title="bbox 164 3110 1716 3188">
     <span class='ocr_line' id='line_1_34' title="bbox 164 3110 1716 3188; baseline 0.001 -21"><span class='ocrx_word' id='word_1_239' title='bbox 164 3132 270 3177; x_wconf 83' lang='grc' dir='ltr'>νων,</span> <span class='ocrx_word' id='word_1_240' title='bbox 296 3110 362 3170; x_wconf 83' lang='grc' dir='ltr'>ὧν</span> <span class='ocrx_word' id='word_1_241' title='bbox 394 3134 555 3188; x_wconf 78' lang='grc' dir='ltr'>φησιν</span> <span class='ocrx_word' id='word_1_242' title='bbox 601 3115 838 3188; x_wconf 82' lang='grc' dir='ltr'>ἄρχοντα</span> <span class='ocrx_word' id='word_1_243' title='bbox 872 3112 1007 3168; x_wconf 79' lang='grc' dir='ltr'>εἶναι</span> <span class='ocrx_word' id='word_1_244' title='bbox 1039 3115 1130 3169; x_wconf 82' lang='grc' dir='ltr'><strong>τὸν</strong></span> <span class='ocrx_word' id='word_1_245' title='bbox 1173 3115 1440 3185; x_wconf 85' lang='grc' dir='ltr'>Σάραπιν·</span> <span class='ocrx_word' id='word_1_246' title='bbox 1494 3115 1587 3168; x_wconf 73' lang='grc' dir='ltr'><strong>καὶ</strong></span> <span class='ocrx_word' id='word_1_247' title='bbox 1617 3115 1716 3186; x_wconf 82' lang='grc' dir='ltr'><strong>τὴν</strong></span> 
     </span>
    </p>
   </div>
   <div class='ocr_carea' id='block_1_35' title="bbox 173 3206 1717 3279">
    <p class='ocr_par' dir='ltr' id='par_1_35' title="bbox 173 3206 1717 3279">
     <span class='ocr_line' id='line_1_35' title="bbox 173 3206 1717 3279; baseline 0.001 -19"><span class='ocrx_word' id='word_1_248' title='bbox 173 3206 374 3279; x_wconf 80' lang='grc' dir='ltr'>Ἑκάτην</span> <span class='ocrx_word' id='word_1_249' title='bbox 406 3209 462 3262; x_wconf 84' lang='grc' dir='ltr'>δὲ</span> <span class='ocrx_word' id='word_1_250' title='bbox 507 3209 721 3262; x_wconf 82' lang='grc' dir='ltr'>τούτων</span> <span class='ocrx_word' id='word_1_251' title='bbox 767 3209 953 3278; x_wconf 77' lang='grc' dir='ltr'>ἄρχειν</span> <span class='ocrx_word' id='word_1_252' title='bbox 981 3209 1012 3260; x_wconf 90' lang='lat'><strong>6</strong></span> <span class='ocrx_word' id='word_1_253' title='bbox 1042 3208 1206 3270; x_wconf 71' lang='grc' dir='ltr'>αὐτὸς</span> <span class='ocrx_word' id='word_1_254' title='bbox 1237 3207 1510 3270; x_wconf 83' lang='grc' dir='ltr'>διδάσκει,</span> <span class='ocrx_word' id='word_1_255' title='bbox 1541 3207 1717 3276; x_wconf 84' lang='grc' dir='ltr'>λέγων</span> 
     </span>
    </p>
   </div>
   <div class='ocr_carea' id='block_1_36' title="bbox 161 3293 1715 3372">
    <p class='ocr_par' dir='ltr' id='par_1_36' title="bbox 161 3293 1715 3372">
     <span class='ocr_line' id='line_1_36' title="bbox 161 3293 1715 3372; baseline 0.003 -23"><span class='ocrx_word' id='word_1_256' title='bbox 161 3297 337 3364; x_wconf 66' lang='grc' dir='ltr'>οὕτως·</span> <span class='ocrx_word' id='word_1_257' title='bbox 373 3321 390 3352; x_wconf 78' lang='grc' dir='ltr'><strong>ι</strong></span> <span class='ocrx_word' id='word_1_258' title='bbox 425 3303 516 3372; x_wconf 80' lang='grc' dir='ltr'><strong>Μή</strong></span> <span class='ocrx_word' id='word_1_259' title='bbox 551 3318 691 3354; x_wconf 83' lang='grc' dir='ltr'>ποτε</span> <span class='ocrx_word' id='word_1_260' title='bbox 723 3296 867 3354; x_wconf 75' lang='grc' dir='ltr'>οὗτοι</span> <span class='ocrx_word' id='word_1_261' title='bbox 899 3301 1057 3364; x_wconf 80' lang='grc' dir='ltr'>εἰσιν,</span> <span class='ocrx_word' id='word_1_262' title='bbox 1087 3293 1161 3352; x_wconf 83' lang='grc' dir='ltr'>ὧν</span> <span class='ocrx_word' id='word_1_263' title='bbox 1185 3298 1344 3371; x_wconf 75' lang='grc' dir='ltr'>ἄρχει</span> <span class='ocrx_word' id='word_1_264' title='bbox 1375 3298 1402 3351; x_wconf 90' lang='lat'><strong>6</strong></span> <span class='ocrx_word' id='word_1_265' title='bbox 1436 3300 1715 3372; x_wconf 86' lang='grc' dir='ltr'>Σάραπις,</span> 
     </span>
    </p>
   </div>
   <div class='ocr_carea' id='block_1_37' title="bbox 165 3391 1718 3465">
    <p class='ocr_par' dir='ltr' id='par_1_37' title="bbox 165 3391 1718 3465">
     <span class='ocr_line' id='line_1_37' title="bbox 165 3391 1718 3465; baseline 0.004 -24"><span class='ocrx_word' id='word_1_266' title='bbox 165 3391 242 3442; x_wconf 73' lang='grc' dir='ltr'><strong>καὶ</strong></span> <span class='ocrx_word' id='word_1_267' title='bbox 284 3393 363 3446; x_wconf 76' lang='grc' dir='ltr'>διὰ</span> <span class='ocrx_word' id='word_1_268' title='bbox 403 3394 636 3462; x_wconf 69' lang='grc' dir='ltr'>τούτωνὶ</span> <span class='ocrx_word' id='word_1_269' title='bbox 665 3394 698 3435; x_wconf 69' lang='grc'><strong>1)</strong></span> <span class='ocrx_word' id='word_1_270' title='bbox 751 3391 1016 3465; x_wconf 79' lang='grc' dir='ltr'>σύμϐολον</span> <span class='ocrx_word' id='word_1_271' title='bbox 1053 3394 1080 3446; x_wconf 92' lang='lat'><strong>6</strong></span> <span class='ocrx_word' id='word_1_272' title='bbox 1139 3393 1471 3464; x_wconf 79' lang='grc' dir='ltr'>τρικάρηνος</span> <span class='ocrx_word' id='word_1_273' title='bbox 1529 3391 1676 3448; x_wconf 87' lang='grc' dir='ltr'>κύων</span> <span class='ocrx_word' id='word_1_274' title='bbox 1700 3433 1718 3457; x_wconf 92' lang='grc'>,</span> 
     </span>
    </p>
   </div>
   <div class='ocr_carea' id='block_1_38' title="bbox 168 3483 1715 3555">
    <p class='ocr_par' dir='ltr' id='par_1_38' title="bbox 168 3483 1715 3555">
     <span class='ocr_line' id='line_1_38' title="bbox 168 3483 1715 3555; baseline 0.002 -22"><span class='ocrx_word' id='word_1_275' title='bbox 168 3483 398 3536; x_wconf 79' lang='grc' dir='ltr'>τουτέστιν</span> <span class='ocrx_word' id='word_1_276' title='bbox 447 3485 476 3536; x_wconf 92' lang='lat'><strong>6</strong></span> <span class='ocrx_word' id='word_1_277' title='bbox 531 3488 591 3538; x_wconf 89' lang='grc' dir='ltr'><strong>ἐν</strong></span> <span class='ocrx_word' id='word_1_278' title='bbox 641 3487 755 3547; x_wconf 89' lang='grc' dir='ltr'>τοῖς</span> <span class='ocrx_word' id='word_1_279' title='bbox 791 3483 940 3555; x_wconf 72' lang='grc' dir='ltr'>τρισὶ</span> <span class='ocrx_word' id='word_1_280' title='bbox 989 3484 1309 3554; x_wconf 85' lang='grc' dir='ltr'>στοιχείοις,</span> <span class='ocrx_word' id='word_1_281' title='bbox 1359 3483 1547 3548; x_wconf 82' lang='grc' dir='ltr'>ὕδατι,</span> <span class='ocrx_word' id='word_1_282' title='bbox 1605 3487 1715 3555; x_wconf 83' lang='grc' dir='ltr'><strong>γῇ,</strong></span> 
     </span>
    </p>
   </div>
   <div class='ocr_carea' id='block_1_39' title="bbox 169 3569 1716 3648">
    <p class='ocr_par' dir='ltr' id='par_1_39' title="bbox 169 3569 1716 3648">
     <span class='ocr_line' id='line_1_39' title="bbox 169 3569 1716 3648; baseline 0.004 -26"><span class='ocrx_word' id='word_1_283' title='bbox 169 3569 264 3640; x_wconf 75' lang='grc' dir='ltr'>ἀέρι</span> <span class='ocrx_word' id='word_1_284' title='bbox 310 3573 536 3648; x_wconf 75' lang='grc' dir='ltr'>πονηρὸς</span> <span class='ocrx_word' id='word_1_285' title='bbox 582 3573 834 3643; x_wconf 73' lang='grc' dir='ltr'>δαίμωνς</span> <span class='ocrx_word' id='word_1_286' title='bbox 890 3573 982 3636; x_wconf 79' lang='grc' dir='ltr'>οὒς</span> <span class='ocrx_word' id='word_1_287' title='bbox 1032 3572 1339 3627; x_wconf 80' lang='grc' dir='ltr'>καταπαύει</span> <span class='ocrx_word' id='word_1_288' title='bbox 1391 3575 1420 3626; x_wconf 87' lang='lat'><strong>6</strong></span> <span class='ocrx_word' id='word_1_289' title='bbox 1465 3574 1632 3638; x_wconf 83' lang='grc' dir='ltr'>Θεὸς,</span> <span class='ocrx_word' id='word_1_290' title='bbox 1687 3577 1716 3628; x_wconf 88' lang='lat'><strong>6</strong></span> 
     </span>
    </p>
   </div>
   <div class='ocr_carea' id='block_1_40' title="bbox 170 3660 1712 3741">
    <p class='ocr_par' dir='ltr' id='par_1_40' title="bbox 170 3660 1712 3741">
     <span class='ocr_line' id='line_1_40' title="bbox 170 3660 1712 3741; baseline 0.009 -30"><span class='ocrx_word' id='word_1_291' title='bbox 170 3660 275 3730; x_wconf 57' lang='grc' dir='ltr'>ἔχων</span> <span class='ocrx_word' id='word_1_292' title='bbox 296 3665 390 3717; x_wconf 74' lang='grc' dir='ltr'><strong>ὑπὸ</strong></span> <span class='ocrx_word' id='word_1_293' title='bbox 418 3669 602 3738; x_wconf 81' lang='grc' dir='ltr'>χεῖρα.</span> <span class='ocrx_word' id='word_1_294' title='bbox 641 3668 833 3737; x_wconf 79' lang='grc' dir='ltr'>Ἀρχει</span> <span class='ocrx_word' id='word_1_295' title='bbox 861 3666 906 3719; x_wconf 86' lang='grc' dir='ltr'>δ’</span> <span class='ocrx_word' id='word_1_296' title='bbox 937 3666 1118 3720; x_wconf 82' lang='grc' dir='ltr'>αὐτῶν</span> <span class='ocrx_word' id='word_1_297' title='bbox 1146 3667 1239 3720; x_wconf 75' lang='grc' dir='ltr'><strong>καὶ</strong></span> <span class='ocrx_word' id='word_1_298' title='bbox 1266 3669 1299 3740; x_wconf 88' lang='grc' dir='ltr'>ή</span> <span class='ocrx_word' id='word_1_299' title='bbox 1339 3667 1537 3740; x_wconf 86' lang='grc' dir='ltr'>Ἑκάτη</span> <span class='ocrx_word' id='word_1_300' title='bbox 1577 3669 1712 3741; x_wconf 78' lang='grc'>(65).</span> 
     </span>
    </p>
   </div>
   <div class='ocr_carea' id='block_1_41' title="bbox 168 3749 1708 3831">
    <p class='ocr_par' dir='ltr' id='par_1_41' title="bbox 168 3749 1708 3831">
     <span class='ocr_line' id='line_1_41' title="bbox 168 3749 1708 3831; baseline 0.006 -24"><span class='ocrx_word' id='word_1_301' title='bbox 168 3749 223 3818; x_wconf 86' lang='grc' dir='ltr'>ὡς</span> <span class='ocrx_word' id='word_1_302' title='bbox 261 3758 548 3828; x_wconf 59' lang='grc' dir='ltr'>συνέχουσα,</span> <span class='ocrx_word' id='word_1_303' title='bbox 583 3757 654 3811; x_wconf 77' lang='grc' dir='ltr'>τὸ</span> <span class='ocrx_word' id='word_1_304' title='bbox 694 3758 1018 3829; x_wconf 81' lang='grc' dir='ltr'>τρίστοιχον.</span> <span class='ocrx_word' id='word_1_305' title='bbox 1071 3777 1091 3810; x_wconf 73' lang='grc' dir='ltr'><strong>ι</strong></span> <span class='ocrx_word' id='word_1_306' title='bbox 1138 3759 1248 3814; x_wconf 73' lang='grc' dir='ltr'><strong>Καὶ</strong></span> <span class='ocrx_word' id='word_1_307' title='bbox 1302 3759 1464 3814; x_wconf 88' lang='grc' dir='ltr'>πάλιν</span> <span class='ocrx_word' id='word_1_308' title='bbox 1510 3762 1708 3831; x_wconf 78' lang='grc' dir='ltr'>φησιν’</span> 
     </span>
    </p>
   </div>
   <div class='ocr_carea' id='block_1_42' title="bbox 173 3845 1717 3925">
    <p class='ocr_par' dir='ltr' id='par_1_42' title="bbox 173 3845 1717 3925">
     <span class='ocr_line' id='line_1_42' title="bbox 173 3845 1717 3925; baseline 0.008 -29"><span class='ocrx_word' id='word_1_309' title='bbox 173 3861 185 3892; x_wconf 80' lang='grc' dir='ltr'><strong>ι</strong></span> <span class='ocrx_word' id='word_1_310' title='bbox 215 3845 292 3897; x_wconf 85' lang='grc' dir='ltr'>Ἔν</span> <span class='ocrx_word' id='word_1_311' title='bbox 318 3851 655 3921; x_wconf 70' lang='grc' dir='ltr'>χρηστήριον</span> <span class='ocrx_word' id='word_1_312' title='bbox 679 3849 759 3901; x_wconf 83' lang='grc' dir='ltr'><strong>ἔτι</strong></span> <span class='ocrx_word' id='word_1_313' title='bbox 791 3849 1077 3920; x_wconf 76' lang='grc' dir='ltr'>παραθεὶς,</span> <span class='ocrx_word' id='word_1_314' title='bbox 1110 3850 1247 3923; x_wconf 82' lang='grc' dir='ltr'>ὅπερ</span> <span class='ocrx_word' id='word_1_315' title='bbox 1278 3851 1413 3923; x_wconf 84' lang='grc' dir='ltr'>αὐτὴ</span> <span class='ocrx_word' id='word_1_316' title='bbox 1441 3855 1474 3924; x_wconf 83' lang='grc' dir='ltr'>ἡ</span> <span class='ocrx_word' id='word_1_317' title='bbox 1517 3853 1717 3925; x_wconf 84' lang='grc' dir='ltr'>Ἑκάτη</span> 
     </span>
    </p>
   </div>
   <div class='ocr_carea' id='block_1_43' title="bbox 168 3937 1535 4013">
    <p class='ocr_par' dir='ltr' id='par_1_43' title="bbox 168 3937 1535 4013">
     <span class='ocr_line' id='line_1_43' title="bbox 168 3937 1535 4013; baseline 0.006 -25"><span class='ocrx_word' id='word_1_318' title='bbox 168 3937 434 4008; x_wconf 77' lang='grc' dir='ltr'>πεποίηται,</span> <span class='ocrx_word' id='word_1_319' title='bbox 465 3940 819 3996; x_wconf 78' lang='grc' dir='ltr'>καταπαύσω</span> <span class='ocrx_word' id='word_1_320' title='bbox 849 3940 941 3993; x_wconf 86' lang='grc' dir='ltr'><strong>τὸν</strong></span> <span class='ocrx_word' id='word_1_321' title='bbox 975 3941 1105 4012; x_wconf 78' lang='grc' dir='ltr'>περὶ</span> <span class='ocrx_word' id='word_1_322' title='bbox 1126 3939 1330 4013; x_wconf 81' lang='grc' dir='ltr'>ταύτης</span> <span class='ocrx_word' id='word_1_323' title='bbox 1358 3941 1535 4011; x_wconf 84' lang='grc' dir='ltr'>λόγον.</span> 
     </span>
    </p>
   </div>
   <div class='ocr_carea' id='block_1_44' title="bbox 1825 532 3402 609">
    <p class='ocr_par' dir='ltr' id='par_1_44' title="bbox 1825 532 3402 609">
     <span class='ocr_line' id='line_1_44' title="bbox 1825 532 3402 609; baseline -0.006 -14"><span class='ocrx_word' id='word_1_324' title='bbox 1825 541 1942 596; x_wconf 85' lang='lat' dir='ltr'><strong>suis</strong></span> <span class='ocrx_word' id='word_1_325' title='bbox 1964 540 2184 609; x_wconf 85' lang='lat' dir='ltr'><strong>quidem</strong></span> <span class='ocrx_word' id='word_1_326' title='bbox 2217 537 2553 608; x_wconf 87' lang='lat' dir='ltr'><strong>supplicibus</strong></span> <span class='ocrx_word' id='word_1_327' title='bbox 2571 536 2803 606; x_wconf 83' lang='lat' dir='ltr'><strong>aperuit,</strong></span> <span class='ocrx_word' id='word_1_328' title='bbox 2832 549 2942 604; x_wconf 88' lang='lat' dir='ltr'><strong>quo</strong></span> <span class='ocrx_word' id='word_1_329' title='bbox 2963 543 3120 603; x_wconf 90' lang='lat' dir='ltr'><strong>pacto</strong></span> <span class='ocrx_word' id='word_1_330' title='bbox 3149 532 3402 587; x_wconf 83' lang='lat' dir='ltr'><strong>animan-</strong></span> 
     </span>
    </p>
   </div>
   <div class='ocr_carea' id='block_1_45' title="bbox 1824 626 3397 700">
    <p class='ocr_par' dir='ltr' id='par_1_45' title="bbox 1824 626 3397 700">
     <span class='ocr_line' id='line_1_45' title="bbox 1824 626 3397 700; baseline -0.008 -12"><span class='ocrx_word' id='word_1_331' title='bbox 1824 634 1962 688; x_wconf 91' lang='lat' dir='ltr'><strong>tium</strong></span> <span class='ocrx_word' id='word_1_332' title='bbox 1984 633 2058 686; x_wconf 82' lang='lat' dir='ltr'><strong>illi</strong></span> <span class='ocrx_word' id='word_1_333' title='bbox 2086 632 2317 685; x_wconf 91' lang='lat' dir='ltr'><strong>formam</strong></span> <span class='ocrx_word' id='word_1_334' title='bbox 2351 646 2416 685; x_wconf 89' lang='lat' dir='ltr'><strong>ac</strong></span> <span class='ocrx_word' id='word_1_335' title='bbox 2445 631 2682 700; x_wconf 80' lang='lat' dir='ltr'><strong>speciem</strong></span> <span class='ocrx_word' id='word_1_336' title='bbox 2719 627 2931 682; x_wconf 82' lang='lat' dir='ltr'><strong>mentiti</strong></span> <span class='ocrx_word' id='word_1_337' title='bbox 2979 626 3228 681; x_wconf 80' lang='lat' dir='ltr'><strong>homines</strong></span> <span class='ocrx_word' id='word_1_338' title='bbox 3261 639 3397 678; x_wconf 88' lang='lat' dir='ltr'><strong>con-</strong></span> 
     </span>
    </p>
   </div>
   <div class='ocr_carea' id='block_1_46' title="bbox 1822 714 3400 795">
    <p class='ocr_par' dir='ltr' id='par_1_46' title="bbox 1822 714 3400 795">
     <span class='ocr_line' id='line_1_46' title="bbox 1822 714 3400 795; baseline -0.007 -15"><span class='ocrx_word' id='word_1_339' title='bbox 1822 727 2074 780; x_wconf 83' lang='lat' dir='ltr'><strong>venirent</strong></span> <span class='ocrx_word' id='word_1_340' title='bbox 2101 743 2113 778; x_wconf 93' lang='lat'>:</span> <span class='ocrx_word' id='word_1_341' title='bbox 2145 740 2255 795; x_wconf 93' lang='lat' dir='ltr'><strong>quo</strong></span> <span class='ocrx_word' id='word_1_342' title='bbox 2289 723 2492 779; x_wconf 89' lang='lat' dir='ltr'><strong>factum</strong></span> <span class='ocrx_word' id='word_1_343' title='bbox 2524 730 2585 778; x_wconf 88' lang='lat' dir='ltr'><strong>ut</strong></span> <span class='ocrx_word' id='word_1_344' title='bbox 2621 722 2690 776; x_wconf 91' lang='lat' dir='ltr'><strong>ab</strong></span> <span class='ocrx_word' id='word_1_345' title='bbox 2721 719 2992 790; x_wconf 60' lang='lat' dir='ltr'><strong>[Egyptiis</strong></span> <span class='ocrx_word' id='word_1_346' title='bbox 3027 733 3091 773; x_wconf 89' lang='lat' dir='ltr'><strong>ac</strong></span> <span class='ocrx_word' id='word_1_347' title='bbox 3119 714 3400 772; x_wconf 62' lang='lat' dir='ltr'><strong>Phanici-</strong></span> 
     </span>
    </p>
   </div>
   <div class='ocr_carea' id='block_1_47' title="bbox 1823 810 3399 885">
    <p class='ocr_par' dir='ltr' id='par_1_47' title="bbox 1823 810 3399 885">
     <span class='ocr_line' id='line_1_47' title="bbox 1823 810 3399 885; baseline -0.006 -12"><span class='ocrx_word' id='word_1_348' title='bbox 1823 820 1948 883; x_wconf 83' lang='lat' dir='ltr'><strong>bus,</strong></span> <span class='ocrx_word' id='word_1_349' title='bbox 1971 830 2023 873; x_wconf 91' lang='lat' dir='ltr'><strong>et</strong></span> <span class='ocrx_word' id='word_1_350' title='bbox 2050 819 2303 873; x_wconf 77' lang='lat' dir='ltr'><strong>universe</strong></span> <span class='ocrx_word' id='word_1_351' title='bbox 2336 819 2404 872; x_wconf 91' lang='lat' dir='ltr'><strong>ab</strong></span> <span class='ocrx_word' id='word_1_352' title='bbox 2445 817 2702 872; x_wconf 89' lang='lat' dir='ltr'><strong>omnibus</strong></span> <span class='ocrx_word' id='word_1_353' title='bbox 2743 815 3067 885; x_wconf 73' lang='lat' dir='ltr'><strong>religionum</strong></span> <span class='ocrx_word' id='word_1_354' title='bbox 3103 810 3310 882; x_wconf 86' lang='lat' dir='ltr'><strong>peritis,</strong></span> <span class='ocrx_word' id='word_1_355' title='bbox 3342 816 3399 864; x_wconf 77' lang='lat' dir='ltr'><strong>et</strong></span> 
     </span>
    </p>
   </div>
   <div class='ocr_carea' id='block_1_48' title="bbox 1824 901 3400 978">
    <p class='ocr_par' dir='ltr' id='par_1_48' title="bbox 1824 901 3400 978">
     <span class='ocr_line' id='line_1_48' title="bbox 1824 901 3400 978; baseline -0.007 -16"><span class='ocrx_word' id='word_1_356' title='bbox 1824 909 1938 963; x_wconf 92' lang='lat' dir='ltr'><strong>lora</strong></span> <span class='ocrx_word' id='word_1_357' title='bbox 1974 909 2027 962; x_wconf 91' lang='lat' dir='ltr'><strong>in</strong></span> <span class='ocrx_word' id='word_1_358' title='bbox 2051 909 2266 978; x_wconf 88' lang='lat' dir='ltr'><strong>templis</strong></span> <span class='ocrx_word' id='word_1_359' title='bbox 2294 907 2582 976; x_wconf 85' lang='lat' dir='ltr'><strong>disrumpi,</strong></span> <span class='ocrx_word' id='word_1_360' title='bbox 2611 915 2665 960; x_wconf 90' lang='lat' dir='ltr'><strong>et</strong></span> <span class='ocrx_word' id='word_1_361' title='bbox 2690 905 2993 960; x_wconf 81' lang='lat' dir='ltr'><strong>animantes</strong></span> <span class='ocrx_word' id='word_1_362' title='bbox 3021 903 3087 956; x_wconf 89' lang='lat' dir='ltr'><strong>ad</strong></span> <span class='ocrx_word' id='word_1_363' title='bbox 3117 901 3400 971; x_wconf 81' lang='lat' dir='ltr'><strong>pavimen-</strong></span> 
     </span>
    </p>
   </div>
   <div class='ocr_carea' id='block_1_49' title="bbox 1823 995 3399 1072">
    <p class='ocr_par' dir='ltr' id='par_1_49' title="bbox 1823 995 3399 1072">
     <span class='ocr_line' id='line_1_49' title="bbox 1823 995 3399 1072; baseline -0.006 -16"><span class='ocrx_word' id='word_1_364' title='bbox 1823 1012 1964 1064; x_wconf 89' lang='lat' dir='ltr'><strong>tum,</strong></span> <span class='ocrx_word' id='word_1_365' title='bbox 1989 1011 2280 1072; x_wconf 82' lang='lat' dir='ltr'><strong>antequam</strong></span> <span class='ocrx_word' id='word_1_366' title='bbox 2310 1002 2535 1055; x_wconf 76' lang='lat' dir='ltr'><strong>deorum</strong></span> <span class='ocrx_word' id='word_1_367' title='bbox 2566 1000 2740 1055; x_wconf 89' lang='lat' dir='ltr'><strong>sacris</strong></span> <span class='ocrx_word' id='word_1_368' title='bbox 2773 1004 3098 1069; x_wconf 88' lang='lat' dir='ltr'><strong>operentur,</strong></span> <span class='ocrx_word' id='word_1_369' title='bbox 3131 995 3280 1050; x_wconf 92' lang='lat' dir='ltr'><strong>allidi</strong></span> <span class='ocrx_word' id='word_1_370' title='bbox 3304 1010 3399 1049; x_wconf 79' lang='lat' dir='ltr'><strong>su-</strong></span> 
     </span>
    </p>
   </div>
   <div class='ocr_carea' id='block_1_50' title="bbox 1824 1086 3397 1163">
    <p class='ocr_par' dir='ltr' id='par_1_50' title="bbox 1824 1086 3397 1163">
     <span class='ocr_line' id='line_1_50' title="bbox 1824 1086 3397 1163; baseline -0.006 -16"><span class='ocrx_word' id='word_1_371' title='bbox 1824 1094 1970 1149; x_wconf 88' lang='lat' dir='ltr'><strong>leant</strong></span> <span class='ocrx_word' id='word_1_372' title='bbox 2005 1113 2020 1150; x_wconf 89' lang='lat'><strong>:</strong></span> <span class='ocrx_word' id='word_1_373' title='bbox 2059 1095 2240 1163; x_wconf 82' lang='lat' dir='ltr'><strong>itaque</strong></span> <span class='ocrx_word' id='word_1_374' title='bbox 2268 1094 2542 1148; x_wconf 86' lang='lat' dir='ltr'><strong>daemones</strong></span> <span class='ocrx_word' id='word_1_375' title='bbox 2581 1108 2611 1146; x_wconf 88' lang='lat' dir='ltr'><strong>a</strong></span> <span class='ocrx_word' id='word_1_376' title='bbox 2642 1091 3020 1148; x_wconf 80' lang='lat' dir='ltr'><strong>sacerdotibus</strong></span> <span class='ocrx_word' id='word_1_377' title='bbox 3053 1087 3254 1159; x_wconf 89' lang='lat' dir='ltr'><strong>partim</strong></span> <span class='ocrx_word' id='word_1_378' title='bbox 3284 1086 3397 1155; x_wconf 78' lang='lat' dir='ltr'><strong>Spi-</strong></span> 
     </span>
    </p>
   </div>
   <div class='ocr_carea' id='block_1_51' title="bbox 1823 1179 3400 1256">
    <p class='ocr_par' dir='ltr' id='par_1_51' title="bbox 1823 1179 3400 1256">
     <span class='ocr_line' id='line_1_51' title="bbox 1823 1179 3400 1256; baseline -0.006 -16"><span class='ocrx_word' id='word_1_379' title='bbox 1823 1187 1955 1252; x_wconf 84' lang='lat' dir='ltr'><strong>ritu,</strong></span> <span class='ocrx_word' id='word_1_380' title='bbox 1980 1186 2175 1256; x_wconf 84' lang='lat' dir='ltr'><strong>partim</strong></span> <span class='ocrx_word' id='word_1_381' title='bbox 2199 1185 2514 1240; x_wconf 87' lang='lat' dir='ltr'><strong>animalium</strong></span> <span class='ocrx_word' id='word_1_382' title='bbox 2543 1183 2827 1255; x_wconf 85' lang='lat' dir='ltr'><strong>sanguine,</strong></span> <span class='ocrx_word' id='word_1_383' title='bbox 2848 1181 3046 1254; x_wconf 86' lang='lat' dir='ltr'><strong>partim</strong></span> <span class='ocrx_word' id='word_1_384' title='bbox 3065 1179 3208 1235; x_wconf 91' lang='lat' dir='ltr'><strong>aeris</strong></span> <span class='ocrx_word' id='word_1_385' title='bbox 3228 1179 3400 1248; x_wconf 86' lang='lat' dir='ltr'><strong>ipsius</strong></span> 
     </span>
    </p>
   </div>
   <div class='ocr_carea' id='block_1_52' title="bbox 1823 1270 3392 1348">
    <p class='ocr_par' dir='ltr' id='par_1_52' title="bbox 1823 1270 3392 1348">
     <span class='ocr_line' id='line_1_52' title="bbox 1823 1270 3392 1348; baseline -0.003 -18"><span class='ocrx_word' id='word_1_386' title='bbox 1823 1278 2178 1348; x_wconf 88' lang='lat' dir='ltr'><strong>percussione</strong></span> <span class='ocrx_word' id='word_1_387' title='bbox 2209 1276 2522 1346; x_wconf 86' lang='lat' dir='ltr'><strong>abiguntur,</strong></span> <span class='ocrx_word' id='word_1_388' title='bbox 2550 1283 2610 1330; x_wconf 93' lang='lat' dir='ltr'><strong>ut</strong></span> <span class='ocrx_word' id='word_1_389' title='bbox 2641 1275 2709 1331; x_wconf 88' lang='lat' dir='ltr'><strong>iis</strong></span> <span class='ocrx_word' id='word_1_390' title='bbox 2743 1274 2931 1345; x_wconf 85' lang='lat' dir='ltr'><strong>ejectis</strong></span> <span class='ocrx_word' id='word_1_391' title='bbox 2970 1288 3211 1342; x_wconf 57' lang='lat' dir='ltr'><strong>praesens</strong></span> <span class='ocrx_word' id='word_1_392' title='bbox 3249 1270 3392 1325; x_wconf 84' lang='lat' dir='ltr'><strong>Deus</strong></span> 
     </span>
    </p>
   </div>
   <div class='ocr_carea' id='block_1_53' title="bbox 1825 1361 3393 1437">
    <p class='ocr_par' dir='ltr' id='par_1_53' title="bbox 1825 1361 3393 1437">
     <span class='ocr_line' id='line_1_53' title="bbox 1825 1361 3393 1437; baseline -0.004 -16"><span class='ocrx_word' id='word_1_393' title='bbox 1825 1369 2090 1424; x_wconf 83' lang='lat' dir='ltr'><strong>interesse</strong></span> <span class='ocrx_word' id='word_1_394' title='bbox 2116 1369 2260 1422; x_wconf 80' lang='lat' dir='ltr'><strong>velit.</strong></span> <span class='ocrx_word' id='word_1_395' title='bbox 2306 1367 2485 1422; x_wconf 63' lang='lat' dir='ltr'><strong>Plenas</strong></span> <span class='ocrx_word' id='word_1_396' title='bbox 2529 1367 2797 1437; x_wconf 90' lang='lat' dir='ltr'><strong>siquidem</strong></span> <span class='ocrx_word' id='word_1_397' title='bbox 2836 1380 3028 1420; x_wconf 91' lang='lat' dir='ltr'><strong>eorum</strong></span> <span class='ocrx_word' id='word_1_398' title='bbox 3079 1373 3208 1418; x_wconf 90' lang='lat' dir='ltr'><strong>sunt</strong></span> <span class='ocrx_word' id='word_1_399' title='bbox 3247 1361 3393 1416; x_wconf 64' lang='lat' dir='ltr'><strong>aedes</strong></span> 
     </span>
    </p>
   </div>
   <div class='ocr_carea' id='block_1_54' title="bbox 1823 1454 3397 1528">
    <p class='ocr_par' dir='ltr' id='par_1_54' title="bbox 1823 1454 3397 1528">
     <span class='ocr_line' id='line_1_54' title="bbox 1823 1454 3397 1528; baseline -0.003 -17"><span class='ocrx_word' id='word_1_400' title='bbox 1823 1459 2114 1524; x_wconf 61' lang='lat' dir='ltr'><strong>universa},</strong></span> <span class='ocrx_word' id='word_1_401' title='bbox 2148 1473 2286 1528; x_wconf 88' lang='lat' dir='ltr'><strong>quas</strong></span> <span class='ocrx_word' id='word_1_402' title='bbox 2330 1467 2455 1514; x_wconf 83' lang='lat' dir='ltr'><strong>ante</strong></span> <span class='ocrx_word' id='word_1_403' title='bbox 2492 1468 2774 1528; x_wconf 86' lang='lat' dir='ltr'><strong>propterea</strong></span> <span class='ocrx_word' id='word_1_404' title='bbox 2820 1456 2952 1526; x_wconf 84' lang='lat' dir='ltr'><strong>ipsis</strong></span> <span class='ocrx_word' id='word_1_405' title='bbox 2980 1454 3262 1526; x_wconf 86' lang='lat' dir='ltr'><strong>ejiciendis</strong></span> <span class='ocrx_word' id='word_1_406' title='bbox 3299 1469 3397 1507; x_wconf 76' lang='lat' dir='ltr'><strong>ex-</strong></span> 
     </span>
    </p>
   </div>
   <div class='ocr_carea' id='block_1_55' title="bbox 1823 1546 3395 1620">
    <p class='ocr_par' dir='ltr' id='par_1_55' title="bbox 1823 1546 3395 1620">
     <span class='ocr_line' id='line_1_55' title="bbox 1823 1546 3395 1620; baseline -0.004 -16"><span class='ocrx_word' id='word_1_407' title='bbox 1823 1551 1994 1620; x_wconf 89' lang='lat' dir='ltr'><strong>piant,</strong></span> <span class='ocrx_word' id='word_1_408' title='bbox 2052 1551 2272 1620; x_wconf 90' lang='lat' dir='ltr'><strong>quoties</strong></span> <span class='ocrx_word' id='word_1_409' title='bbox 2310 1549 2415 1605; x_wconf 90' lang='lat' dir='ltr'><strong>diis</strong></span> <span class='ocrx_word' id='word_1_410' title='bbox 2469 1549 2824 1620; x_wconf 89' lang='lat' dir='ltr'><strong>supplicaturi</strong></span> <span class='ocrx_word' id='word_1_411' title='bbox 2881 1557 3030 1603; x_wconf 91' lang='lat' dir='ltr'><strong>sunt.</strong></span> <span class='ocrx_word' id='word_1_412' title='bbox 3079 1546 3395 1613; x_wconf 85' lang='lat' dir='ltr'><strong>Quinetiam</strong></span> 
     </span>
    </p>
   </div>
   <div class='ocr_carea' id='block_1_56' title="bbox 1823 1636 3393 1712">
    <p class='ocr_par' dir='ltr' id='par_1_56' title="bbox 1823 1636 3393 1712">
     <span class='ocr_line' id='line_1_56' title="bbox 1823 1636 3393 1712; baseline -0.006 -14"><span class='ocrx_word' id='word_1_413' title='bbox 1823 1643 2148 1698; x_wconf 89' lang='lat' dir='ltr'><strong>eorumdem</strong></span> <span class='ocrx_word' id='word_1_414' title='bbox 2177 1642 2337 1712; x_wconf 85' lang='lat' dir='ltr'><strong>plena</strong></span> <span class='ocrx_word' id='word_1_415' title='bbox 2365 1653 2494 1697; x_wconf 91' lang='lat' dir='ltr'><strong>sunt</strong></span> <span class='ocrx_word' id='word_1_416' title='bbox 2535 1655 2788 1712; x_wconf 89' lang='lat' dir='ltr'><strong>corpora,</strong></span> <span class='ocrx_word' id='word_1_417' title='bbox 2813 1640 2958 1710; x_wconf 93' lang='lat' dir='ltr'><strong>quod</strong></span> <span class='ocrx_word' id='word_1_418' title='bbox 2983 1649 3132 1694; x_wconf 90' lang='lat' dir='ltr'><strong>certo</strong></span> <span class='ocrx_word' id='word_1_419' title='bbox 3156 1636 3393 1708; x_wconf 90' lang='lat' dir='ltr'><strong>quodam</strong></span> 
     </span>
    </p>
   </div>
   <div class='ocr_carea' id='block_1_57' title="bbox 1823 1731 3401 1806">
    <p class='ocr_par' dir='ltr' id='par_1_57' title="bbox 1823 1731 3401 1806">
     <span class='ocr_line' id='line_1_57' title="bbox 1823 1731 3401 1806; baseline -0.006 -15"><span class='ocrx_word' id='word_1_420' title='bbox 1823 1736 2074 1792; x_wconf 82' lang='lat' dir='ltr'><strong>ciborum</strong></span> <span class='ocrx_word' id='word_1_421' title='bbox 2095 1750 2291 1806; x_wconf 79' lang='lat' dir='ltr'><strong>genere</strong></span> <span class='ocrx_word' id='word_1_422' title='bbox 2307 1734 2578 1805; x_wconf 65' lang='lat' dir='ltr'><strong>praecipue</strong></span> <span class='ocrx_word' id='word_1_423' title='bbox 2597 1733 2956 1788; x_wconf 88' lang='lat' dir='ltr'><strong>delectentur.</strong></span> <span class='ocrx_word' id='word_1_424' title='bbox 2978 1731 3162 1802; x_wconf 83' lang='lat' dir='ltr'><strong>Itaque</strong></span> <span class='ocrx_word' id='word_1_425' title='bbox 3183 1745 3401 1784; x_wconf 77' lang='lat' dir='ltr'><strong>accum-</strong></span> 
     </span>
    </p>
   </div>
   <div class='ocr_carea' id='block_1_58' title="bbox 1756 1806 3396 1893">
    <p class='ocr_par' dir='ltr' id='par_1_58' title="bbox 1756 1806 3396 1893">
     <span class='ocr_line' id='line_1_58' title="bbox 1756 1806 3396 1893; baseline -0.005 -12"><span class='ocrx_word' id='word_1_426' title='bbox 1756 1806 1796 1860; x_wconf 77' lang='grc' dir='ltr'><strong><em>Β</em></strong></span> <span class='ocrx_word' id='word_1_427' title='bbox 1822 1825 2078 1881; x_wconf 91' lang='lat' dir='ltr'><strong>bentibus</strong></span> <span class='ocrx_word' id='word_1_428' title='bbox 2111 1825 2270 1879; x_wconf 86' lang='lat' dir='ltr'><strong>nobis</strong></span> <span class='ocrx_word' id='word_1_429' title='bbox 2298 1839 2408 1878; x_wconf 91' lang='lat' dir='ltr'><strong>non</strong></span> <span class='ocrx_word' id='word_1_430' title='bbox 2440 1823 2707 1879; x_wconf 82' lang='lat' dir='ltr'><strong>accedunt</strong></span> <span class='ocrx_word' id='word_1_431' title='bbox 2742 1822 2845 1893; x_wconf 87' lang='lat' dir='ltr'><strong>ipsi</strong></span> <span class='ocrx_word' id='word_1_432' title='bbox 2877 1821 3060 1888; x_wconf 90' lang='lat' dir='ltr'><strong>modo,</strong></span> <span class='ocrx_word' id='word_1_433' title='bbox 3108 1820 3202 1875; x_wconf 90' lang='lat' dir='ltr'><strong>sed</strong></span> <span class='ocrx_word' id='word_1_434' title='bbox 3230 1820 3396 1874; x_wconf 89' lang='lat' dir='ltr'><strong>etiam</strong></span> 
     </span>
    </p>
   </div>
   <div class='ocr_carea' id='block_1_59' title="bbox 1823 1911 3396 1984">
    <p class='ocr_par' dir='ltr' id='par_1_59' title="bbox 1823 1911 3396 1984">
     <span class='ocr_line' id='line_1_59' title="bbox 1823 1911 3396 1984; baseline -0.004 -15"><span class='ocrx_word' id='word_1_435' title='bbox 1823 1924 2073 1970; x_wconf 90' lang='lat' dir='ltr'><strong>nostrum</strong></span> <span class='ocrx_word' id='word_1_436' title='bbox 2118 1914 2186 1969; x_wconf 88' lang='lat' dir='ltr'><strong>ad</strong></span> <span class='ocrx_word' id='word_1_437' title='bbox 2231 1928 2432 1984; x_wconf 89' lang='lat' dir='ltr'><strong>corpus</strong></span> <span class='ocrx_word' id='word_1_438' title='bbox 2479 1911 2891 1976; x_wconf 65' lang='lat' dir='ltr'><strong>adhaerescunt;</strong></span> <span class='ocrx_word' id='word_1_439' title='bbox 2936 1925 3058 1982; x_wconf 66' lang='lat' dir='ltr'><strong>quae</strong></span> <span class='ocrx_word' id='word_1_440' title='bbox 3086 1924 3251 1966; x_wconf 78' lang='lat' dir='ltr'><strong>causa</strong></span> <span class='ocrx_word' id='word_1_441' title='bbox 3293 1917 3396 1973; x_wconf 86' lang='lat' dir='ltr'><strong>est,</strong></span> 
     </span>
    </p>
   </div>
   <div class='ocr_carea' id='block_1_60' title="bbox 1819 2003 3398 2078">
    <p class='ocr_par' dir='ltr' id='par_1_60' title="bbox 1819 2003 3398 2078">
     <span class='ocr_line' id='line_1_60' title="bbox 1819 2003 3398 2078; baseline -0.004 -16"><span class='ocrx_word' id='word_1_442' title='bbox 1819 2007 2177 2078; x_wconf 85' lang='lat' dir='ltr'><strong>quamobrem</strong></span> <span class='ocrx_word' id='word_1_443' title='bbox 2211 2006 2564 2063; x_wconf 82' lang='lat' dir='ltr'><strong>lustrationes</strong></span> <span class='ocrx_word' id='word_1_444' title='bbox 2591 2005 2836 2062; x_wconf 80' lang='lat' dir='ltr'><strong>adhiberi</strong></span> <span class='ocrx_word' id='word_1_445' title='bbox 2859 2003 3262 2068; x_wconf 72' lang='lat' dir='ltr'><strong>consueverint,</strong></span> <span class='ocrx_word' id='word_1_446' title='bbox 3291 2018 3398 2056; x_wconf 90' lang='lat' dir='ltr'><strong>non</strong></span> 
     </span>
    </p>
   </div>
   <div class='ocr_carea' id='block_1_61' title="bbox 1821 2096 3396 2171">
    <p class='ocr_par' dir='ltr' id='par_1_61' title="bbox 1821 2096 3396 2171">
     <span class='ocr_line' id='line_1_61' title="bbox 1821 2096 3396 2171; baseline -0.004 -15"><span class='ocrx_word' id='word_1_447' title='bbox 1821 2101 2010 2171; x_wconf 87' lang='lat' dir='ltr'><strong>utique</strong></span> <span class='ocrx_word' id='word_1_448' title='bbox 2047 2110 2270 2171; x_wconf 88' lang='lat' dir='ltr'><strong>propter</strong></span> <span class='ocrx_word' id='word_1_449' title='bbox 2301 2099 2434 2155; x_wconf 91' lang='lat' dir='ltr'><strong>deos</strong></span> <span class='ocrx_word' id='word_1_450' title='bbox 2461 2099 2831 2168; x_wconf 91' lang='lat' dir='ltr'><strong>potissimum,</strong></span> <span class='ocrx_word' id='word_1_451' title='bbox 2861 2097 2953 2152; x_wconf 92' lang='lat' dir='ltr'><strong>sed</strong></span> <span class='ocrx_word' id='word_1_452' title='bbox 2986 2098 3168 2167; x_wconf 88' lang='lat' dir='ltr'><strong>potius</strong></span> <span class='ocrx_word' id='word_1_453' title='bbox 3196 2105 3255 2150; x_wconf 90' lang='lat' dir='ltr'><strong>ut</strong></span> <span class='ocrx_word' id='word_1_454' title='bbox 3288 2096 3396 2150; x_wconf 78' lang='lat' dir='ltr'><strong>dae—</strong></span> 
     </span>
    </p>
   </div>
   <div class='ocr_carea' id='block_1_62' title="bbox 1821 2183 3401 2260">
    <p class='ocr_par' dir='ltr' id='par_1_62' title="bbox 1821 2183 3401 2260">
     <span class='ocr_line' id='line_1_62' title="bbox 1821 2183 3401 2260; baseline -0.008 -12"><span class='ocrx_word' id='word_1_455' title='bbox 1821 2208 2011 2249; x_wconf 83' lang='lat' dir='ltr'><strong>mones</strong></span> <span class='ocrx_word' id='word_1_456' title='bbox 2045 2192 2296 2248; x_wconf 86' lang='lat' dir='ltr'><strong>recedere</strong></span> <span class='ocrx_word' id='word_1_457' title='bbox 2319 2200 2480 2260; x_wconf 86' lang='lat' dir='ltr'><strong>atque</strong></span> <span class='ocrx_word' id='word_1_458' title='bbox 2514 2189 2624 2244; x_wconf 89' lang='lat' dir='ltr'><strong>alio</strong></span> <span class='ocrx_word' id='word_1_459' title='bbox 2653 2189 2887 2258; x_wconf 81' lang='lat' dir='ltr'><strong>migrare</strong></span> <span class='ocrx_word' id='word_1_460' title='bbox 2915 2195 3202 2258; x_wconf 76' lang='lat' dir='ltr'><strong>cogantur.</strong></span> <span class='ocrx_word' id='word_1_461' title='bbox 3232 2183 3401 2239; x_wconf 66' lang='lat' dir='ltr'><strong>Caetr-</strong></span> 
     </span>
    </p>
   </div>
   <div class='ocr_carea' id='block_1_63' title="bbox 1821 2279 3397 2356">
    <p class='ocr_par' dir='ltr' id='par_1_63' title="bbox 1821 2279 3397 2356">
     <span class='ocr_line' id='line_1_63' title="bbox 1821 2279 3397 2356; baseline -0.006 -16"><span class='ocrx_word' id='word_1_462' title='bbox 1821 2301 1944 2340; x_wconf 90' lang='lat' dir='ltr'><strong>rum</strong></span> <span class='ocrx_word' id='word_1_463' title='bbox 1965 2285 2229 2356; x_wconf 74' lang='lat' dir='ltr'><strong>sanguine</strong></span> <span class='ocrx_word' id='word_1_464' title='bbox 2246 2283 2545 2355; x_wconf 65' lang='lat' dir='ltr'><strong>praesertim</strong></span> <span class='ocrx_word' id='word_1_465' title='bbox 2563 2282 2928 2350; x_wconf 90' lang='lat' dir='ltr'><strong>sordibusque</strong></span> <span class='ocrx_word' id='word_1_466' title='bbox 2946 2279 3258 2350; x_wconf 90' lang='lat' dir='ltr'><strong>capiuntur,</strong></span> <span class='ocrx_word' id='word_1_467' title='bbox 3273 2279 3397 2349; x_wconf 83' lang='lat' dir='ltr'><strong>qui-</strong></span> 
     </span>
    </p>
   </div>
   <div class='ocr_carea' id='block_1_64' title="bbox 1820 2371 3395 2446">
    <p class='ocr_par' dir='ltr' id='par_1_64' title="bbox 1820 2371 3395 2446">
     <span class='ocr_line' id='line_1_64' title="bbox 1820 2371 3395 2446; baseline -0.006 -12"><span class='ocrx_word' id='word_1_468' title='bbox 1820 2377 1926 2434; x_wconf 88' lang='lat' dir='ltr'><strong>bus</strong></span> <span class='ocrx_word' id='word_1_469' title='bbox 1947 2387 2007 2433; x_wconf 93' lang='lat' dir='ltr'><strong>ut</strong></span> <span class='ocrx_word' id='word_1_470' title='bbox 2037 2378 2144 2432; x_wconf 93' lang='lat' dir='ltr'><strong>frui</strong></span> <span class='ocrx_word' id='word_1_471' title='bbox 2176 2378 2428 2442; x_wconf 89' lang='lat' dir='ltr'><strong>liceat,in</strong></span> <span class='ocrx_word' id='word_1_472' title='bbox 2449 2377 2775 2446; x_wconf 86' lang='lat' dir='ltr'><strong>eorum.qui</strong></span> <span class='ocrx_word' id='word_1_473' title='bbox 2807 2375 2971 2430; x_wconf 88' lang='lat' dir='ltr'><strong>rebus</strong></span> <span class='ocrx_word' id='word_1_474' title='bbox 2992 2371 3112 2428; x_wconf 89' lang='lat' dir='ltr'><strong>istis</strong></span> <span class='ocrx_word' id='word_1_475' title='bbox 3144 2380 3395 2437; x_wconf 78' lang='lat' dir='ltr'><strong>utuntur,</strong></span> 
     </span>
    </p>
   </div>
   <div class='ocr_carea' id='block_1_65' title="bbox 1821 2467 3398 2541">
    <p class='ocr_par' dir='ltr' id='par_1_65' title="bbox 1821 2467 3398 2541">
     <span class='ocr_line' id='line_1_65' title="bbox 1821 2467 3398 2541; baseline -0.003 -16"><span class='ocrx_word' id='word_1_476' title='bbox 1821 2485 1942 2527; x_wconf 90' lang='lat' dir='ltr'><strong>sese</strong></span> <span class='ocrx_word' id='word_1_477' title='bbox 1976 2485 2177 2541; x_wconf 89' lang='lat' dir='ltr'><strong>corpus</strong></span> <span class='ocrx_word' id='word_1_478' title='bbox 2210 2471 2510 2526; x_wconf 86' lang='lat' dir='ltr'><strong>insinuant.</strong></span> <span class='ocrx_word' id='word_1_479' title='bbox 2547 2467 2740 2524; x_wconf 78' lang='lat' dir='ltr'><strong>Nullus</strong></span> <span class='ocrx_word' id='word_1_480' title='bbox 2774 2469 2920 2523; x_wconf 86' lang='lat' dir='ltr'><strong>enim</strong></span> <span class='ocrx_word' id='word_1_481' title='bbox 2954 2467 3185 2522; x_wconf 89' lang='lat' dir='ltr'><strong>omnino</strong></span> <span class='ocrx_word' id='word_1_482' title='bbox 3216 2474 3398 2521; x_wconf 80' lang='lat' dir='ltr'><strong>motus</strong></span> 
     </span>
    </p>
   </div>
   <div class='ocr_carea' id='block_1_66' title="bbox 1819 2556 3397 2633">
    <p class='ocr_par' dir='ltr' id='par_1_66' title="bbox 1819 2556 3397 2633">
     <span class='ocr_line' id='line_1_66' title="bbox 1819 2556 3397 2633; baseline -0.004 -15"><span class='ocrx_word' id='word_1_483' title='bbox 1819 2563 2036 2618; x_wconf 80' lang='lat' dir='ltr'><strong>exsistit</strong></span> <span class='ocrx_word' id='word_1_484' title='bbox 2079 2561 2394 2633; x_wconf 86' lang='lat' dir='ltr'><strong>cupiditatis</strong></span> <span class='ocrx_word' id='word_1_485' title='bbox 2441 2561 2832 2625; x_wconf 84' lang='lat' dir='ltr'><strong>vehementior,</strong></span> <span class='ocrx_word' id='word_1_486' title='bbox 2866 2559 3050 2614; x_wconf 89' lang='lat' dir='ltr'><strong>nullus</strong></span> <span class='ocrx_word' id='word_1_487' title='bbox 3103 2558 3157 2614; x_wconf 87' lang='lat' dir='ltr'><strong>in</strong></span> <span class='ocrx_word' id='word_1_488' title='bbox 3189 2556 3397 2628; x_wconf 88' lang='lat' dir='ltr'><strong>Spiritu</strong></span> 
     </span>
    </p>
   </div>
   <div class='ocr_carea' id='block_1_67' title="bbox 1825 2651 3400 2726">
    <p class='ocr_par' dir='ltr' id='par_1_67' title="bbox 1825 2651 3400 2726">
     <span class='ocr_line' id='line_1_67' title="bbox 1825 2651 3400 2726; baseline -0.005 -14"><span class='ocrx_word' id='word_1_489' title='bbox 1825 2655 1983 2726; x_wconf 80' lang='grc'><strong>175</strong></span> <span class='ocrx_word' id='word_1_490' title='bbox 2015 2655 2362 2726; x_wconf 88' lang='lat' dir='ltr'><strong>appetitionis</strong></span> <span class='ocrx_word' id='word_1_491' title='bbox 2387 2654 2640 2724; x_wconf 89' lang='lat' dir='ltr'><strong>impetus,</strong></span> <span class='ocrx_word' id='word_1_492' title='bbox 2663 2653 2755 2723; x_wconf 88' lang='lat' dir='ltr'><strong>qui</strong></span> <span class='ocrx_word' id='word_1_493' title='bbox 2781 2651 2997 2706; x_wconf 85' lang='lat' dir='ltr'><strong>aliunde</strong></span> <span class='ocrx_word' id='word_1_494' title='bbox 3022 2665 3186 2720; x_wconf 77' lang='lat' dir='ltr'><strong>quam</strong></span> <span class='ocrx_word' id='word_1_495' title='bbox 3207 2665 3273 2704; x_wconf 78' lang='lat' dir='ltr'><strong>ex</strong></span> <span class='ocrx_word' id='word_1_496' title='bbox 3307 2665 3400 2705; x_wconf 88' lang='lat' dir='ltr'><strong>eo-</strong></span> 
     </span>
    </p>
   </div>
   <div class='ocr_carea' id='block_1_68' title="bbox 1821 2738 3397 2816">
    <p class='ocr_par' dir='ltr' id='par_1_68' title="bbox 1821 2738 3397 2816">
     <span class='ocr_line' id='line_1_68' title="bbox 1821 2738 3397 2816; baseline -0.005 -15"><span class='ocrx_word' id='word_1_497' title='bbox 1821 2763 1943 2801; x_wconf 89' lang='lat' dir='ltr'><strong>rum</strong></span> <span class='ocrx_word' id='word_1_498' title='bbox 1983 2745 2272 2816; x_wconf 72' lang='lat' dir='ltr'><strong>prwsenlia</strong></span> <span class='ocrx_word' id='word_1_499' title='bbox 2303 2744 2582 2798; x_wconf 88' lang='lat' dir='ltr'><strong>incitetur.</strong></span> <span class='ocrx_word' id='word_1_500' title='bbox 2618 2741 2809 2811; x_wconf 91' lang='lat' dir='ltr'><strong>ltaque</strong></span> <span class='ocrx_word' id='word_1_501' title='bbox 2840 2739 3095 2796; x_wconf 83' lang='lat' dir='ltr'><strong>homines</strong></span> <span class='ocrx_word' id='word_1_502' title='bbox 3136 2739 3205 2794; x_wconf 90' lang='lat' dir='ltr'><strong>ab</strong></span> <span class='ocrx_word' id='word_1_503' title='bbox 3239 2739 3307 2793; x_wconf 90' lang='lat' dir='ltr'><strong>iis</strong></span> <span class='ocrx_word' id='word_1_504' title='bbox 3342 2738 3397 2793; x_wconf 89' lang='lat' dir='ltr'><strong>in</strong></span> 
     </span>
    </p>
   </div>
   <div class='ocr_carea' id='block_1_69' title="bbox 1820 2831 3398 2908">
    <p class='ocr_par' dir='ltr' id='par_1_69' title="bbox 1820 2831 3398 2908">
     <span class='ocr_line' id='line_1_69' title="bbox 1820 2831 3398 2908; baseline -0.005 -15"><span class='ocrx_word' id='word_1_505' title='bbox 1820 2839 2088 2894; x_wconf 86' lang='lat' dir='ltr'><strong>obscuros</strong></span> <span class='ocrx_word' id='word_1_506' title='bbox 2112 2836 2412 2908; x_wconf 88' lang='lat' dir='ltr'><strong>aliquando</strong></span> <span class='ocrx_word' id='word_1_507' title='bbox 2439 2850 2608 2890; x_wconf 88' lang='lat' dir='ltr'><strong>sonos</strong></span> <span class='ocrx_word' id='word_1_508' title='bbox 2656 2832 2929 2903; x_wconf 84' lang='lat' dir='ltr'><strong>ﬂatusque</strong></span> <span class='ocrx_word' id='word_1_509' title='bbox 2953 2841 3228 2903; x_wconf 88' lang='lat' dir='ltr'><strong>coguntur</strong></span> <span class='ocrx_word' id='word_1_510' title='bbox 3255 2831 3398 2886; x_wconf 83' lang='lat' dir='ltr'><strong>inci-</strong></span> 
     </span>
    </p>
   </div>
   <div class='ocr_carea' id='block_1_70' title="bbox 1821 2923 3400 3001">
    <p class='ocr_par' dir='ltr' id='par_1_70' title="bbox 1821 2923 3400 3001">
     <span class='ocr_line' id='line_1_70' title="bbox 1821 2923 3400 3001; baseline -0.007 -15"><span class='ocrx_word' id='word_1_511' title='bbox 1821 2930 1990 2997; x_wconf 89' lang='lat' dir='ltr'><strong>dere,</strong></span> <span class='ocrx_word' id='word_1_512' title='bbox 2025 2930 2171 3001; x_wconf 92' lang='lat' dir='ltr'><strong>quod</strong></span> <span class='ocrx_word' id='word_1_513' title='bbox 2229 2929 2421 2984; x_wconf 88' lang='lat' dir='ltr'><strong>eadem</strong></span> <span class='ocrx_word' id='word_1_514' title='bbox 2469 2928 2570 2995; x_wconf 90' lang='lat' dir='ltr'><strong>ipsi</strong></span> <span class='ocrx_word' id='word_1_515' title='bbox 2611 2940 2834 2996; x_wconf 88' lang='lat' dir='ltr'><strong>quoque</strong></span> <span class='ocrx_word' id='word_1_516' title='bbox 2881 2923 3242 2978; x_wconf 90' lang='lat' dir='ltr'><strong>delectatione</strong></span> <span class='ocrx_word' id='word_1_517' title='bbox 3275 2937 3400 2992; x_wconf 89' lang='lat' dir='ltr'><strong>per-</strong></span> 
     </span>
    </p>
   </div>
   <div class='ocr_carea' id='block_1_71' title="bbox 1820 3017 3399 3089">
    <p class='ocr_par' dir='ltr' id='par_1_71' title="bbox 1820 3017 3399 3089">
     <span class='ocr_line' id='line_1_71' title="bbox 1820 3017 3399 3089; baseline -0.004 -11"><span class='ocrx_word' id='word_1_518' title='bbox 1820 3024 2094 3080; x_wconf 84' lang='lat' dir='ltr'><strong>fruantur.</strong></span> <span class='ocrx_word' id='word_1_519' title='bbox 2128 3021 2231 3078; x_wconf 88' lang='lat' dir='ltr'><strong>Ubi</strong></span> <span class='ocrx_word' id='word_1_520' title='bbox 2276 3022 2420 3078; x_wconf 87' lang='lat' dir='ltr'><strong>enim</strong></span> <span class='ocrx_word' id='word_1_521' title='bbox 2454 3021 2695 3076; x_wconf 84' lang='lat' dir='ltr'><strong>abundat</strong></span> <span class='ocrx_word' id='word_1_522' title='bbox 2721 3019 2968 3089; x_wconf 86' lang='lat' dir='ltr'><strong>spiritus,</strong></span> <span class='ocrx_word' id='word_1_523' title='bbox 3003 3019 3118 3072; x_wconf 86' lang='lat' dir='ltr'><strong>sive</strong></span> <span class='ocrx_word' id='word_1_524' title='bbox 3161 3017 3307 3087; x_wconf 90' lang='lat' dir='ltr'><strong>quod</strong></span> <span class='ocrx_word' id='word_1_525' title='bbox 3333 3031 3399 3072; x_wconf 92' lang='lat' dir='ltr'><strong>eo</strong></span> 
     </span>
    </p>
   </div>
   <div class='ocr_carea' id='block_1_72' title="bbox 1819 3110 3399 3188">
    <p class='ocr_par' dir='ltr' id='par_1_72' title="bbox 1819 3110 3399 3188">
     <span class='ocr_line' id='line_1_72' title="bbox 1819 3110 3399 3188; baseline -0.005 -16"><span class='ocrx_word' id='word_1_526' title='bbox 1819 3127 2008 3172; x_wconf 89' lang='lat' dir='ltr'><strong>venter</strong></span> <span class='ocrx_word' id='word_1_527' title='bbox 2039 3115 2109 3171; x_wconf 93' lang='lat' dir='ltr'><strong>ob</strong></span> <span class='ocrx_word' id='word_1_528' title='bbox 2131 3116 2396 3172; x_wconf 89' lang='lat' dir='ltr'><strong>acriorem</strong></span> <span class='ocrx_word' id='word_1_529' title='bbox 2427 3113 2800 3170; x_wconf 83' lang='lat' dir='ltr'><strong>delectationis</strong></span> <span class='ocrx_word' id='word_1_530' title='bbox 2834 3127 3056 3167; x_wconf 86' lang='lat' dir='ltr'><strong>sensum</strong></span> <span class='ocrx_word' id='word_1_531' title='bbox 3088 3110 3399 3188; x_wconf 56' lang='lat' dir='ltr'><strong>impleatur.</strong></span> 
     </span>
    </p>
   </div>
   <div class='ocr_carea' id='block_1_73' title="bbox 1823 3200 3399 3278">
    <p class='ocr_par' dir='ltr' id='par_1_73' title="bbox 1823 3200 3399 3278">
     <span class='ocr_line' id='line_1_73' title="bbox 1823 3200 3399 3278; baseline -0.006 -13"><span class='ocrx_word' id='word_1_532' title='bbox 1823 3209 1938 3265; x_wconf 86' lang='lat' dir='ltr'><strong>sive</strong></span> <span class='ocrx_word' id='word_1_533' title='bbox 1965 3207 2110 3278; x_wconf 92' lang='lat' dir='ltr'><strong>quod</strong></span> <span class='ocrx_word' id='word_1_534' title='bbox 2149 3207 2313 3261; x_wconf 87' lang='lat' dir='ltr'><strong>ardor</strong></span> <span class='ocrx_word' id='word_1_535' title='bbox 2342 3207 2454 3277; x_wconf 90' lang='lat' dir='ltr'><strong>ipse</strong></span> <span class='ocrx_word' id='word_1_536' title='bbox 2477 3215 2641 3276; x_wconf 80' lang='lat' dir='ltr'><strong>atque</strong></span> <span class='ocrx_word' id='word_1_537' title='bbox 2663 3212 2830 3260; x_wconf 56' lang='lat' dir='ltr'><strong>astus</strong></span> <span class='ocrx_word' id='word_1_538' title='bbox 2859 3211 3080 3273; x_wconf 85' lang='lat' dir='ltr'><strong>prepter</strong></span> <span class='ocrx_word' id='word_1_539' title='bbox 3103 3200 3399 3270; x_wconf 85' lang='lat' dir='ltr'><strong>voluptatis</strong></span> 
     </span>
    </p>
   </div>
   <div class='ocr_carea' id='block_1_74' title="bbox 1825 3291 3400 3362">
    <p class='ocr_par' dir='ltr' id='par_1_74' title="bbox 1825 3291 3400 3362">
     <span class='ocr_line' id='line_1_74' title="bbox 1825 3291 3400 3362; baseline -0.004 -10"><span class='ocrx_word' id='word_1_540' title='bbox 1825 3297 2225 3354; x_wconf 86' lang='lat' dir='ltr'><strong>vehementiam</strong></span> <span class='ocrx_word' id='word_1_541' title='bbox 2255 3296 2396 3351; x_wconf 81' lang='lat' dir='ltr'><strong>emet</strong></span> <span class='ocrx_word' id='word_1_542' title='bbox 2428 3295 2592 3351; x_wconf 89' lang='lat' dir='ltr'><strong>simul</strong></span> <span class='ocrx_word' id='word_1_543' title='bbox 2627 3294 2966 3357; x_wconf 89' lang='lat' dir='ltr'><strong>interiorem,</strong></span> <span class='ocrx_word' id='word_1_544' title='bbox 2997 3291 3273 3362; x_wconf 87' lang='lat' dir='ltr'><strong>simulque</strong></span> <span class='ocrx_word' id='word_1_545' title='bbox 3303 3307 3400 3346; x_wconf 76' lang='lat' dir='ltr'><strong>ex-</strong></span> 
     </span>
    </p>
   </div>
   <div class='ocr_carea' id='block_1_75' title="bbox 1826 3385 3401 3461">
    <p class='ocr_par' dir='ltr' id='par_1_75' title="bbox 1826 3385 3401 3461">
     <span class='ocr_line' id='line_1_75' title="bbox 1826 3385 3401 3461; baseline -0.004 -15"><span class='ocrx_word' id='word_1_546' title='bbox 1826 3392 2084 3447; x_wconf 91' lang='lat' dir='ltr'><strong>teriorem</strong></span> <span class='ocrx_word' id='word_1_547' title='bbox 2125 3390 2350 3446; x_wconf 87' lang='lat' dir='ltr'><strong>densius</strong></span> <span class='ocrx_word' id='word_1_548' title='bbox 2379 3391 2768 3461; x_wconf 80' lang='lat' dir='ltr'><strong>copiosiusque</strong></span> <span class='ocrx_word' id='word_1_549' title='bbox 2796 3388 2999 3453; x_wconf 87' lang='lat' dir='ltr'><strong>ducat;</strong></span> <span class='ocrx_word' id='word_1_550' title='bbox 3034 3387 3105 3441; x_wconf 91' lang='lat' dir='ltr'><strong>ibi</strong></span> <span class='ocrx_word' id='word_1_551' title='bbox 3136 3385 3401 3441; x_wconf 91' lang='lat' dir='ltr'><strong>continuo</strong></span> 
     </span>
    </p>
   </div>
   <div class='ocr_carea' id='block_1_76' title="bbox 1824 3480 3396 3559">
    <p class='ocr_par' dir='ltr' id='par_1_76' title="bbox 1824 3480 3396 3559">
     <span class='ocr_line' id='line_1_76' title="bbox 1824 3480 3396 3559; baseline -0.003 -16"><span class='ocrx_word' id='word_1_552' title='bbox 1824 3489 2054 3559; x_wconf 86' lang='lat' dir='ltr'><strong>spiritus</strong></span> <span class='ocrx_word' id='word_1_553' title='bbox 2086 3488 2210 3544; x_wconf 90' lang='lat' dir='ltr'><strong>illos</strong></span> <span class='ocrx_word' id='word_1_554' title='bbox 2258 3499 2559 3558; x_wconf 65' lang='lat' dir='ltr'><strong>prmsentes</strong></span> <span class='ocrx_word' id='word_1_555' title='bbox 2589 3500 2711 3540; x_wconf 90' lang='lat' dir='ltr'><strong>esse</strong></span> <span class='ocrx_word' id='word_1_556' title='bbox 2741 3484 2990 3555; x_wconf 85' lang='lat' dir='ltr'><strong>judicare</strong></span> <span class='ocrx_word' id='word_1_557' title='bbox 3021 3491 3171 3539; x_wconf 90' lang='lat' dir='ltr'><strong>certo</strong></span> <span class='ocrx_word' id='word_1_558' title='bbox 3194 3480 3396 3553; x_wconf 86' lang='lat' dir='ltr'><strong>possis.</strong></span> 
     </span>
    </p>
   </div>
   <div class='ocr_carea' id='block_1_77' title="bbox 1824 3573 3400 3647">
    <p class='ocr_par' dir='ltr' id='par_1_77' title="bbox 1824 3573 3400 3647">
     <span class='ocr_line' id='line_1_77' title="bbox 1824 3573 3400 3647; baseline -0.004 -15"><span class='ocrx_word' id='word_1_559' title='bbox 1824 3579 2002 3647; x_wconf 80' lang='lat' dir='ltr'><strong>Atque</strong></span> <span class='ocrx_word' id='word_1_560' title='bbox 2024 3578 2290 3633; x_wconf 87' lang='lat' dir='ltr'><strong>hactenus</strong></span> <span class='ocrx_word' id='word_1_561' title='bbox 2319 3579 2574 3632; x_wconf 68' lang='lat' dir='ltr'><strong>humanae</strong></span> <span class='ocrx_word' id='word_1_562' title='bbox 2597 3585 2807 3631; x_wconf 75' lang='lat' dir='ltr'><strong>natura:</strong></span> <span class='ocrx_word' id='word_1_563' title='bbox 2830 3575 3056 3645; x_wconf 89' lang='lat' dir='ltr'><strong>laqueos</strong></span> <span class='ocrx_word' id='word_1_564' title='bbox 3083 3573 3138 3628; x_wconf 92' lang='lat' dir='ltr'><strong>in</strong></span> <span class='ocrx_word' id='word_1_565' title='bbox 3166 3588 3226 3630; x_wconf 89' lang='lat' dir='ltr'><strong>se</strong></span> <span class='ocrx_word' id='word_1_566' title='bbox 3256 3573 3400 3628; x_wconf 90' lang='lat' dir='ltr'><strong>necti</strong></span> 
     </span>
    </p>
   </div>
   <div class='ocr_carea' id='block_1_78' title="bbox 1820 3664 3400 3741">
    <p class='ocr_par' dir='ltr' id='par_1_78' title="bbox 1820 3664 3400 3741">
     <span class='ocr_line' id='line_1_78' title="bbox 1820 3664 3400 3741; baseline -0.006 -12"><span class='ocrx_word' id='word_1_567' title='bbox 1820 3671 2013 3729; x_wconf 85' lang='lat' dir='ltr'><strong>solitos</strong></span> <span class='ocrx_word' id='word_1_568' title='bbox 2049 3669 2379 3741; x_wconf 89' lang='lat' dir='ltr'><strong>investigare</strong></span> <span class='ocrx_word' id='word_1_569' title='bbox 2411 3669 2494 3724; x_wconf 86' lang='lat' dir='ltr'><strong>fas</strong></span> <span class='ocrx_word' id='word_1_570' title='bbox 2521 3677 2643 3723; x_wconf 88' lang='lat' dir='ltr'><strong>est:</strong></span> <span class='ocrx_word' id='word_1_571' title='bbox 2677 3677 2794 3722; x_wconf 91' lang='lat' dir='ltr'><strong>tum</strong></span> <span class='ocrx_word' id='word_1_572' title='bbox 2824 3667 2969 3721; x_wconf 90' lang='lat' dir='ltr'><strong>enim</strong></span> <span class='ocrx_word' id='word_1_573' title='bbox 3022 3666 3104 3720; x_wconf 91' lang='lat' dir='ltr'><strong>vel</strong></span> <span class='ocrx_word' id='word_1_574' title='bbox 3159 3664 3400 3720; x_wconf 67' lang='lat' dir='ltr'><strong>maxime</strong></span> 
     </span>
    </p>
   </div>
   <div class='ocr_carea' id='block_1_79' title="bbox 1820 3755 3400 3832">
    <p class='ocr_par' dir='ltr' id='par_1_79' title="bbox 1820 3755 3400 3832">
     <span class='ocr_line' id='line_1_79' title="bbox 1820 3755 3400 3832; baseline -0.005 -16"><span class='ocrx_word' id='word_1_575' title='bbox 1820 3761 2005 3832; x_wconf 79' lang='lat' dir='ltr'><strong>augeri</strong></span> <span class='ocrx_word' id='word_1_576' title='bbox 2033 3762 2258 3832; x_wconf 89' lang='lat' dir='ltr'><strong>spiritus</strong></span> <span class='ocrx_word' id='word_1_577' title='bbox 2286 3760 2402 3830; x_wconf 85' lang='lat' dir='ltr'><strong>ipse</strong></span> <span class='ocrx_word' id='word_1_578' title='bbox 2430 3760 2737 3825; x_wconf 88' lang='lat' dir='ltr'><strong>consuevit,</strong></span> <span class='ocrx_word' id='word_1_579' title='bbox 2766 3773 2891 3814; x_wconf 90' lang='lat' dir='ltr'><strong>cum</strong></span> <span class='ocrx_word' id='word_1_580' title='bbox 2934 3757 2987 3811; x_wconf 93' lang='lat' dir='ltr'><strong>in</strong></span> <span class='ocrx_word' id='word_1_581' title='bbox 3015 3756 3182 3812; x_wconf 87' lang='lat' dir='ltr'><strong>Deum</strong></span> <span class='ocrx_word' id='word_1_582' title='bbox 3213 3755 3400 3811; x_wconf 84' lang='lat' dir='ltr'><strong>curio-</strong></span> 
     </span>
    </p>
   </div>
   <div class='ocr_carea' id='block_1_80' title="bbox 1823 3850 3401 3924">
    <p class='ocr_par' dir='ltr' id='par_1_80' title="bbox 1823 3850 3401 3924">
     <span class='ocr_line' id='line_1_80' title="bbox 1823 3850 3401 3924; baseline -0.003 -15"><span class='ocrx_word' id='word_1_583' title='bbox 1823 3853 1941 3909; x_wconf 87' lang='lat' dir='ltr'><strong>sius</strong></span> <span class='ocrx_word' id='word_1_584' title='bbox 1968 3870 2033 3909; x_wconf 89' lang='lat' dir='ltr'><strong>ac</strong></span> <span class='ocrx_word' id='word_1_585' title='bbox 2070 3853 2296 3924; x_wconf 90' lang='lat' dir='ltr'><strong>propius</strong></span> <span class='ocrx_word' id='word_1_586' title='bbox 2349 3853 2668 3923; x_wconf 88' lang='lat' dir='ltr'><strong>inquiritur.</strong></span> <span class='ocrx_word' id='word_1_587' title='bbox 2727 3871 2745 3906; x_wconf 71' lang='grc' dir='ltr'><strong>ι</strong></span> <span class='ocrx_word' id='word_1_588' title='bbox 2774 3851 2898 3907; x_wconf 71' lang='lat' dir='ltr'><strong>llaac</strong></span> <span class='ocrx_word' id='word_1_589' title='bbox 2927 3853 3017 3908; x_wconf 90' lang='lat' dir='ltr'><strong>ille</strong></span> <span class='ocrx_word' id='word_1_590' title='bbox 3043 3851 3110 3907; x_wconf 91' lang='lat' dir='ltr'><strong>de</strong></span> <span class='ocrx_word' id='word_1_591' title='bbox 3134 3850 3401 3922; x_wconf 77' lang='lat' dir='ltr'><strong>improbis</strong></span> 
     </span>
    </p>
   </div>
   <div class='ocr_carea' id='block_1_81' title="bbox 1823 3942 3396 4015">
    <p class='ocr_par' dir='ltr' id='par_1_81' title="bbox 1823 3942 3396 4015">
     <span class='ocr_line' id='line_1_81' title="bbox 1823 3942 3396 4015; baseline -0.003 -15"><span class='ocrx_word' id='word_1_592' title='bbox 1823 3943 2187 4012; x_wconf 80' lang='lat' dir='ltr'><strong>daemonibus,</strong></span> <span class='ocrx_word' id='word_1_593' title='bbox 2222 3959 2458 4014; x_wconf 90' lang='lat' dir='ltr'><strong>quorum</strong></span> <span class='ocrx_word' id='word_1_594' title='bbox 2505 3945 2804 4015; x_wconf 89' lang='lat' dir='ltr'><strong>principem</strong></span> <span class='ocrx_word' id='word_1_595' title='bbox 2839 3944 3070 4014; x_wconf 87' lang='lat' dir='ltr'><strong>Sarapin</strong></span> <span class='ocrx_word' id='word_1_596' title='bbox 3103 3958 3227 4000; x_wconf 89' lang='lat' dir='ltr'><strong>esse</strong></span> <span class='ocrx_word' id='word_1_597' title='bbox 3280 3942 3396 4010; x_wconf 87' lang='lat' dir='ltr'><strong>ait;</strong></span> 
     </span>
    </p>
   </div>
   <div class='ocr_carea' id='block_1_82' title="bbox 170 4031 3398 4107">
    <p class='ocr_par' dir='ltr' id='par_1_82' title="bbox 170 4031 3398 4107">
     <span class='ocr_line' id='line_1_82' title="bbox 170 4031 3398 4107; baseline 0.002 -27"><span class='ocrx_word' id='word_1_598' title='bbox 170 4031 228 4084; x_wconf 77' lang='lat' dir='ltr'><strong>sic</strong></span> <span class='ocrx_word' id='word_1_599' title='bbox 247 4043 409 4088; x_wconf 82' lang='lat' dir='ltr'><strong>tamen</strong></span> <span class='ocrx_word' id='word_1_600' title='bbox 439 4046 502 4090; x_wconf 92' lang='lat' dir='ltr'><strong>ut</strong></span> <span class='ocrx_word' id='word_1_601' title='bbox 564 4036 770 4090; x_wconf 88' lang='lat' dir='ltr'><strong>iisdem</strong></span> <span class='ocrx_word' id='word_1_602' title='bbox 801 4032 1035 4090; x_wconf 89' lang='lat' dir='ltr'><strong>Hecaten</strong></span> <span class='ocrx_word' id='word_1_603' title='bbox 1078 4036 1242 4090; x_wconf 86' lang='lat' dir='ltr'><strong>etiam</strong></span> <span class='ocrx_word' id='word_1_604' title='bbox 1285 4036 1554 4106; x_wconf 88' lang='lat' dir='ltr'><strong>imperare</strong></span> <span class='ocrx_word' id='word_1_605' title='bbox 1590 4036 1804 4102; x_wconf 88' lang='lat' dir='ltr'><strong>doceat,</strong></span> <span class='ocrx_word' id='word_1_606' title='bbox 1847 4036 1994 4093; x_wconf 90' lang='lat' dir='ltr'><strong>hunc</strong></span> <span class='ocrx_word' id='word_1_607' title='bbox 2026 4038 2080 4092; x_wconf 92' lang='lat' dir='ltr'><strong>in</strong></span> <span class='ocrx_word' id='word_1_608' title='bbox 2105 4036 2327 4093; x_wconf 91' lang='lat' dir='ltr'><strong>modum</strong></span> <span class='ocrx_word' id='word_1_609' title='bbox 2359 4056 2374 4094; x_wconf 91' lang='lat'><strong>:</strong></span> <span class='ocrx_word' id='word_1_610' title='bbox 2421 4057 2439 4089; x_wconf 75' lang='grc' dir='ltr'><strong>ι</strong></span> <span class='ocrx_word' id='word_1_611' title='bbox 2476 4035 2615 4092; x_wconf 82' lang='lat' dir='ltr'><strong>Num</strong></span> <span class='ocrx_word' id='word_1_612' title='bbox 2650 4035 2809 4100; x_wconf 87' lang='lat' dir='ltr'><strong>forte,</strong></span> <span class='ocrx_word' id='word_1_613' title='bbox 2839 4036 3034 4107; x_wconf 88' lang='lat' dir='ltr'><strong>inquit,</strong></span> <span class='ocrx_word' id='word_1_614' title='bbox 3062 4037 3338 4092; x_wconf 58' lang='lat' dir='ltr'><strong>damones</strong></span> <span class='ocrx_word' id='word_1_615' title='bbox 3362 4035 3398 4089; x_wconf 92' lang='lat' dir='ltr'><strong>ii</strong></span> 
     </span>
    </p>
   </div>
   <div class='ocr_carea' id='block_1_83' title="bbox 168 4126 3397 4202">
    <p class='ocr_par' dir='ltr' id='par_1_83' title="bbox 168 4126 3397 4202">
     <span class='ocr_line' id='line_1_83' title="bbox 168 4126 3397 4202; baseline 0.002 -27"><span class='ocrx_word' id='word_1_616' title='bbox 168 4134 285 4188; x_wconf 84' lang='lat' dir='ltr'><strong>sunt,</strong></span> <span class='ocrx_word' id='word_1_617' title='bbox 316 4127 365 4180; x_wconf 92' lang='lat' dir='ltr'><strong>in</strong></span> <span class='ocrx_word' id='word_1_618' title='bbox 402 4144 544 4197; x_wconf 87' lang='lat' dir='ltr'><strong>quos</strong></span> <span class='ocrx_word' id='word_1_619' title='bbox 589 4126 824 4197; x_wconf 89' lang='lat' dir='ltr'><strong>Sarapis</strong></span> <span class='ocrx_word' id='word_1_620' title='bbox 853 4127 1061 4182; x_wconf 90' lang='lat' dir='ltr'><strong>obtinet</strong></span> <span class='ocrx_word' id='word_1_621' title='bbox 1089 4128 1479 4197; x_wconf 86' lang='lat' dir='ltr'><strong>principatum,</strong></span> <span class='ocrx_word' id='word_1_622' title='bbox 1516 4144 1752 4199; x_wconf 92' lang='lat' dir='ltr'><strong>quorum</strong></span> <span class='ocrx_word' id='word_1_623' title='bbox 1790 4139 2078 4199; x_wconf 89' lang='lat' dir='ltr'><strong>propterea</strong></span> <span class='ocrx_word' id='word_1_624' title='bbox 2131 4130 2437 4202; x_wconf 84' lang='lat' dir='ltr'><strong>symbolum</strong></span> <span class='ocrx_word' id='word_1_625' title='bbox 2465 4129 2536 4184; x_wconf 91' lang='lat' dir='ltr'><strong>sit</strong></span> <span class='ocrx_word' id='word_1_626' title='bbox 2586 4129 2783 4199; x_wconf 91' lang='lat' dir='ltr'><strong>triceps</strong></span> <span class='ocrx_word' id='word_1_627' title='bbox 2828 4129 2919 4184; x_wconf 90' lang='lat' dir='ltr'><strong>ille</strong></span> <span class='ocrx_word' id='word_1_628' title='bbox 2961 4129 3138 4195; x_wconf 89' lang='lat' dir='ltr'><strong>canis,</strong></span> <span class='ocrx_word' id='word_1_629' title='bbox 3163 4129 3269 4184; x_wconf 91' lang='lat' dir='ltr'><strong>hoc</strong></span> <span class='ocrx_word' id='word_1_630' title='bbox 3313 4137 3397 4184; x_wconf 88' lang='lat' dir='ltr'><strong>est</strong></span> 
     </span>
    </p>
   </div>
   <div class='ocr_carea' id='block_1_84' title="bbox 169 4219 3402 4306">
    <p class='ocr_par' dir='ltr' id='par_1_84' title="bbox 169 4219 3402 4306">
     <span class='ocr_line' id='line_1_84' title="bbox 169 4219 3402 4306; baseline 0.001 -34"><span class='ocrx_word' id='word_1_631' title='bbox 169 4219 404 4290; x_wconf 84' lang='lat' dir='ltr'><strong>improbus</strong></span> <span class='ocrx_word' id='word_1_632' title='bbox 425 4224 671 4290; x_wconf 70' lang='lat' dir='ltr'><strong>daamon,</strong></span> <span class='ocrx_word' id='word_1_633' title='bbox 705 4223 801 4306; x_wconf 88' lang='lat' dir='ltr'><strong>qui</strong></span> <span class='ocrx_word' id='word_1_634' title='bbox 831 4223 1004 4278; x_wconf 91' lang='lat' dir='ltr'><strong>tribus</strong></span> <span class='ocrx_word' id='word_1_635' title='bbox 1037 4224 1091 4277; x_wconf 94' lang='lat' dir='ltr'><strong>in</strong></span> <span class='ocrx_word' id='word_1_636' title='bbox 1133 4225 1418 4280; x_wconf 90' lang='lat' dir='ltr'><strong>elementis</strong></span> <span class='ocrx_word' id='word_1_637' title='bbox 1443 4264 1462 4289; x_wconf 91' lang='lat'><strong>,</strong></span> <span class='ocrx_word' id='word_1_638' title='bbox 1512 4241 1651 4296; x_wconf 89' lang='lat' dir='ltr'><strong>aqua</strong></span> <span class='ocrx_word' id='word_1_639' title='bbox 1684 4267 1702 4294; x_wconf 95' lang='lat'><strong>,</strong></span> <span class='ocrx_word' id='word_1_640' title='bbox 1742 4233 1888 4281; x_wconf 89' lang='lat' dir='ltr'><strong>terra</strong></span> <span class='ocrx_word' id='word_1_641' title='bbox 1917 4235 1973 4281; x_wconf 92' lang='lat' dir='ltr'><strong>et</strong></span> <span class='ocrx_word' id='word_1_642' title='bbox 2017 4241 2143 4282; x_wconf 91' lang='lat' dir='ltr'><strong>aere</strong></span> <span class='ocrx_word' id='word_1_643' title='bbox 2184 4225 2484 4283; x_wconf 77' lang='lat' dir='ltr'><strong>versatur?</strong></span> <span class='ocrx_word' id='word_1_644' title='bbox 2516 4240 2658 4296; x_wconf 91' lang='lat' dir='ltr'><strong>quos</strong></span> <span class='ocrx_word' id='word_1_645' title='bbox 2691 4225 2880 4294; x_wconf 91' lang='lat' dir='ltr'><strong>utique</strong></span> <span class='ocrx_word' id='word_1_646' title='bbox 2913 4225 3054 4280; x_wconf 91' lang='lat' dir='ltr'><strong>Deus</strong></span> <span class='ocrx_word' id='word_1_647' title='bbox 3095 4223 3205 4286; x_wconf 89' lang='lat' dir='ltr'><strong>ille,</strong></span> <span class='ocrx_word' id='word_1_648' title='bbox 3241 4223 3402 4292; x_wconf 88' lang='lat' dir='ltr'><strong>cujus</strong></span> 
     </span>
    </p>
   </div>
   <div class='ocr_carea' id='block_1_85' title="bbox 168 4311 3399 4386">
    <p class='ocr_par' dir='ltr' id='par_1_85' title="bbox 168 4311 3399 4386">
     <span class='ocr_line' id='line_1_85' title="bbox 168 4311 3399 4386; baseline 0.001 -22"><span class='ocrx_word' id='word_1_649' title='bbox 168 4311 210 4364; x_wconf 90' lang='lat' dir='ltr'><strong>in</strong></span> <span class='ocrx_word' id='word_1_650' title='bbox 235 4324 473 4382; x_wconf 83' lang='lat' dir='ltr'><strong>potestate</strong></span> <span class='ocrx_word' id='word_1_651' title='bbox 505 4325 665 4377; x_wconf 89' lang='lat' dir='ltr'><strong>sunt,</strong></span> <span class='ocrx_word' id='word_1_652' title='bbox 705 4314 854 4370; x_wconf 92' lang='lat' dir='ltr'><strong>sistit</strong></span> <span class='ocrx_word' id='word_1_653' title='bbox 901 4323 955 4368; x_wconf 93' lang='lat' dir='ltr'><strong>et</strong></span> <span class='ocrx_word' id='word_1_654' title='bbox 1005 4313 1244 4368; x_wconf 87' lang='lat' dir='ltr'><strong>cohibet.</strong></span> <span class='ocrx_word' id='word_1_655' title='bbox 1301 4314 1570 4370; x_wconf 65' lang='lat' dir='ltr'><strong>Caeterum</strong></span> <span class='ocrx_word' id='word_1_656' title='bbox 1601 4316 1795 4371; x_wconf 92' lang='lat' dir='ltr'><strong>iisdem</strong></span> <span class='ocrx_word' id='word_1_657' title='bbox 1833 4317 1996 4370; x_wconf 85' lang='lat' dir='ltr'><strong>etiam</strong></span> <span class='ocrx_word' id='word_1_658' title='bbox 2030 4317 2261 4386; x_wconf 91' lang='lat' dir='ltr'><strong>imperat</strong></span> <span class='ocrx_word' id='word_1_659' title='bbox 2295 4315 2528 4382; x_wconf 83' lang='lat' dir='ltr'><strong>Hecate,</strong></span> <span class='ocrx_word' id='word_1_660' title='bbox 2557 4314 2715 4383; x_wconf 90' lang='lat' dir='ltr'><strong>cujus</strong></span> <span class='ocrx_word' id='word_1_661' title='bbox 2765 4314 3015 4368; x_wconf 87' lang='lat' dir='ltr'><strong>videlicet</strong></span> <span class='ocrx_word' id='word_1_662' title='bbox 3045 4315 3269 4370; x_wconf 91' lang='lat' dir='ltr'><strong>numine</strong></span> <span class='ocrx_word' id='word_1_663' title='bbox 3299 4315 3399 4368; x_wconf 88' lang='lat' dir='ltr'><strong>tri-</strong></span> 
     </span>
    </p>
   </div>
   <div class='ocr_carea' id='block_1_86' title="bbox 169 4405 3396 4480">
    <p class='ocr_par' dir='ltr' id='par_1_86' title="bbox 169 4405 3396 4480">
     <span class='ocr_line' id='line_1_86' title="bbox 169 4405 3396 4480; baseline 0.001 -24"><span class='ocrx_word' id='word_1_664' title='bbox 169 4405 262 4472; x_wconf 75' lang='lat' dir='ltr'><strong>plex</strong></span> <span class='ocrx_word' id='word_1_665' title='bbox 304 4407 439 4463; x_wconf 90' lang='lat' dir='ltr'><strong>istud</strong></span> <span class='ocrx_word' id='word_1_666' title='bbox 489 4409 836 4464; x_wconf 89' lang='lat' dir='ltr'><strong>elementum</strong></span> <span class='ocrx_word' id='word_1_667' title='bbox 899 4405 1228 4462; x_wconf 89' lang='lat' dir='ltr'><strong>continetur.</strong></span> <span class='ocrx_word' id='word_1_668' title='bbox 1271 4409 1411 4463; x_wconf 48' lang='lat' dir='ltr'><strong>rAc</strong></span> <span class='ocrx_word' id='word_1_669' title='bbox 1444 4423 1640 4464; x_wconf 87' lang='lat' dir='ltr'><strong>rursus</strong></span> <span class='ocrx_word' id='word_1_670' title='bbox 1676 4429 1690 4465; x_wconf 88' lang='lat'><strong>:</strong></span> <span class='ocrx_word' id='word_1_671' title='bbox 1735 4425 1754 4460; x_wconf 76' lang='grc' dir='ltr'><strong>ι</strong></span> <span class='ocrx_word' id='word_1_672' title='bbox 1785 4406 2074 4476; x_wconf 59' lang='lat' dir='ltr'><strong>Institutas,</strong></span> <span class='ocrx_word' id='word_1_673' title='bbox 2110 4410 2308 4480; x_wconf 86' lang='lat' dir='ltr'><strong>inquit,</strong></span> <span class='ocrx_word' id='word_1_674' title='bbox 2337 4409 2405 4464; x_wconf 91' lang='lat' dir='ltr'><strong>de</strong></span> <span class='ocrx_word' id='word_1_675' title='bbox 2437 4407 2636 4464; x_wconf 88' lang='lat' dir='ltr'><strong>Hecate</strong></span> <span class='ocrx_word' id='word_1_676' title='bbox 2690 4405 3047 4477; x_wconf 88' lang='lat' dir='ltr'><strong>disputationi</strong></span> <span class='ocrx_word' id='word_1_677' title='bbox 3109 4407 3268 4460; x_wconf 84' lang='lat' dir='ltr'><strong>tinem</strong></span> <span class='ocrx_word' id='word_1_678' title='bbox 3300 4406 3396 4459; x_wconf 87' lang='lat' dir='ltr'><strong>im-</strong></span> 
     </span>
    </p>
   </div>
   <div class='ocr_carea' id='block_1_87' title="bbox 169 4499 2250 4574">
    <p class='ocr_par' dir='ltr' id='par_1_87' title="bbox 169 4499 2250 4574">
     <span class='ocr_line' id='line_1_87' title="bbox 169 4499 2250 4574; baseline 0.004 -23"><span class='ocrx_word' id='word_1_679' title='bbox 169 4513 344 4574; x_wconf 74' lang='lat' dir='ltr'><strong>ponam,</strong></span> <span class='ocrx_word' id='word_1_680' title='bbox 371 4502 416 4555; x_wconf 92' lang='lat' dir='ltr'><strong>si</strong></span> <span class='ocrx_word' id='word_1_681' title='bbox 458 4503 630 4557; x_wconf 92' lang='lat' dir='ltr'><strong>modo</strong></span> <span class='ocrx_word' id='word_1_682' title='bbox 667 4516 842 4555; x_wconf 90' lang='lat' dir='ltr'><strong>unum</strong></span> <span class='ocrx_word' id='word_1_683' title='bbox 898 4499 1001 4555; x_wconf 89' lang='lat' dir='ltr'><strong>hoc</strong></span> <span class='ocrx_word' id='word_1_684' title='bbox 1051 4511 1315 4571; x_wconf 61' lang='lat' dir='ltr'><strong>praiterea</strong></span> <span class='ocrx_word' id='word_1_685' title='bbox 1341 4502 1587 4573; x_wconf 87' lang='lat' dir='ltr'><strong>ejusdem</strong></span> <span class='ocrx_word' id='word_1_686' title='bbox 1620 4518 1940 4574; x_wconf 87' lang='lat' dir='ltr'><strong>responsum</strong></span> <span class='ocrx_word' id='word_1_687' title='bbox 1969 4505 2250 4560; x_wconf 91' lang='lat' dir='ltr'><strong>addidero.</strong></span> 
     </span>
    </p>
   </div>
   <div class='ocr_carea' id='block_1_88' title="bbox 170 4571 1717 4673">
    <p class='ocr_par' dir='ltr' id='par_1_88' title="bbox 170 4571 1717 4673">
     <span class='ocr_line' id='line_1_88' title="bbox 170 4571 1717 4673; baseline 0.005 -29"><span class='ocrx_word' id='word_1_688' title='bbox 170 4571 263 4673; x_wconf 47' lang='grc' dir='ltr'><strong>ᾖδ’</strong></span> <span class='ocrx_word' id='word_1_689' title='bbox 283 4592 386 4673; x_wconf 60' lang='grc' dir='ltr'><strong>ἑχιὶ)</strong></span> <span class='ocrx_word' id='word_1_690' title='bbox 407 4597 526 4664; x_wconf 82' lang='grc' dir='ltr'>ειμι</span> <span class='ocrx_word' id='word_1_691' title='bbox 554 4596 715 4673; x_wconf 68' lang='grc' dir='ltr'>κόρη</span> <span class='ocrx_word' id='word_1_692' title='bbox 741 4593 1235 4673; x_wconf 52' lang='grc' dir='ltr'>πολυςοὰσμᾳτος,</span> <span class='ocrx_word' id='word_1_693' title='bbox 1262 4571 1717 4673; x_wconf 54' lang='grc' dir='ltr'>οὐρατᾴφοιτος,</span> 
     </span>
    </p>
   </div>
   <div class='ocr_carea' id='block_1_89' title="bbox 1823 4571 3080 4673">
    <p class='ocr_par' dir='ltr' id='par_1_89' title="bbox 1825 4595 3080 4673">
     <span class='ocr_line' id='line_1_89' title="bbox 1825 4595 3080 4673; baseline -0.003 -22"><span class='ocrx_word' id='word_1_694' title='bbox 1825 4597 1935 4673; x_wconf 43' lang='lat' dir='ltr'><strong>illa</strong></span> <span class='ocrx_word' id='word_1_695' title='bbox 1967 4615 2060 4673; x_wconf 75' lang='lat' dir='ltr'><strong>ego</strong></span> <span class='ocrx_word' id='word_1_696' title='bbox 2085 4597 2312 4654; x_wconf 76' lang='lat' dir='ltr'><strong>caelestis</strong></span> <span class='ocrx_word' id='word_1_697' title='bbox 2335 4598 2490 4673; x_wconf 71' lang='lat' dir='ltr'><strong>uaria</strong></span> <span class='ocrx_word' id='word_1_698' title='bbox 2517 4595 2612 4673; x_wconf 79' lang='lat' dir='ltr'><strong>sub</strong></span> <span class='ocrx_word' id='word_1_699' title='bbox 2647 4595 2878 4673; x_wconf 76' lang='lat' dir='ltr'><strong>imagine</strong></span> <span class='ocrx_word' id='word_1_700' title='bbox 2900 4595 3046 4664; x_wconf 82' lang='lat' dir='ltr'><strong>virgo</strong></span> <span class='ocrx_word' id='word_1_701' title='bbox 3066 4631 3080 4654; x_wconf 86' lang='lat'><strong>,</strong></span> 
     </span>
    </p>
   </div>
   <div class='ocr_carea' id='block_1_90' title="bbox 173 4663 1717 4758">
    <p class='ocr_par' dir='ltr' id='par_1_90' title="bbox 173 4663 1712 4758">
     <span class='ocr_line' id='line_1_90' title="bbox 173 4663 1712 4758; baseline 0.006 -43"><span class='ocrx_word' id='word_1_702' title='bbox 173 4663 1161 4758; x_wconf 27' lang='grc' dir='ltr'><strong>Ξαξξέκῗς,ίτρικὰρηνοςᾊίξςίηνὴς,</strong></span> <span class='ocrx_word' id='word_1_703' title='bbox 1206 4663 1712 4758; x_wconf 47' lang='grc' dir='ltr'><strong>χρέσοϐέλεέιζος,</strong></span> 
     </span>
    </p>
   </div>
   <div class='ocr_carea' id='block_1_91' title="bbox 1823 4663 3286 4758">
    <p class='ocr_par' dir='ltr' id='par_1_91' title="bbox 1823 4663 3286 4758">
     <span class='ocr_line' id='line_1_91' title="bbox 1823 4663 3286 4758; baseline -0.003 -37"><span class='ocrx_word' id='word_1_704' title='bbox 1823 4663 2082 4758; x_wconf 48' lang='lat' dir='ltr'><strong>lamina,</strong></span> <span class='ocrx_word' id='word_1_705' title='bbox 2114 4679 2268 4739; x_wconf 85' lang='lat' dir='ltr'><strong>atque</strong></span> <span class='ocrx_word' id='word_1_706' title='bbox 2293 4669 2502 4736; x_wconf 83' lang='lat' dir='ltr'><strong>triceps,</strong></span> <span class='ocrx_word' id='word_1_707' title='bbox 2532 4667 2776 4758; x_wconf 55' lang='lat' dir='ltr'><strong>immitis,</strong></span> <span class='ocrx_word' id='word_1_708' title='bbox 2807 4676 2855 4718; x_wconf 86' lang='lat' dir='ltr'><strong>et</strong></span> <span class='ocrx_word' id='word_1_709' title='bbox 2883 4663 3046 4746; x_wconf 71' lang='lat' dir='ltr'><strong>aurea</strong></span> <span class='ocrx_word' id='word_1_710' title='bbox 3069 4663 3286 4758; x_wconf 65' lang='lat' dir='ltr'><strong>pibrans</strong></span> 
     </span>
    </p>
   </div>
   <div class='ocr_carea' id='block_1_92' title="bbox 167 4734 1717 4879">
    <p class='ocr_par' dir='ltr' id='par_1_92' title="bbox 167 4734 1714 4879">
     <span class='ocr_line' id='line_1_92' title="bbox 167 4734 1714 4879; baseline 0.006 -95"><span class='ocrx_word' id='word_1_711' title='bbox 167 4734 308 4802; x_wconf 67' lang='grc' dir='ltr'>φοίϐη</span> <span class='ocrx_word' id='word_1_712' title='bbox 344 4735 792 4806; x_wconf 78' lang='grc' dir='ltr'>ἀπειροτεχνὴς</span> <span class='ocrx_word' id='word_1_713' title='bbox 838 4735 992 4805; x_wconf 72' lang='grc'>(64),</span> <span class='ocrx_word' id='word_1_714' title='bbox 1041 4734 1714 4879; x_wconf 59' lang='grc' dir='ltr'>φαεσίμϐροτοῖθιῖιλεί-</span> 
     </span>
     <span class='ocr_line' id='line_1_93' title="bbox 1517 4827 1637 4863; baseline 0.008 -1"><span class='ocrx_word' id='word_1_715' title='bbox 1517 4827 1637 4863; x_wconf 85' lang='grc' dir='ltr'>υια·</span> 
     </span>
    </p>
   </div>
   <div class='ocr_carea' id='block_1_93' title="bbox 1823 4734 3181 4879">
    <p class='ocr_par' dir='ltr' id='par_1_93' title="bbox 1824 4734 3181 4810">
     <span class='ocr_line' id='line_1_94' title="bbox 1824 4734 3181 4810; baseline -0.005 -16"><span class='ocrx_word' id='word_1_716' title='bbox 1824 4739 2067 4810; x_wconf 80' lang='lat' dir='ltr'><strong>Spicula,</strong></span> <span class='ocrx_word' id='word_1_717' title='bbox 2103 4734 2452 4809; x_wconf 79' lang='lat' dir='ltr'><strong>natorumque</strong></span> <span class='ocrx_word' id='word_1_718' title='bbox 2487 4754 2670 4808; x_wconf 79' lang='lat' dir='ltr'><strong>expers</strong></span> <span class='ocrx_word' id='word_1_719' title='bbox 2696 4735 2895 4802; x_wconf 85' lang='lat' dir='ltr'><strong>Diana,</strong></span> <span class='ocrx_word' id='word_1_720' title='bbox 2921 4737 3181 4804; x_wconf 82' lang='lat' dir='ltr'><strong>simulque</strong></span> 
     </span>
    </p>
   </div>
   <div class='ocr_carea' id='block_1_94' title="bbox 172 4868 1717 4948">
    <p class='ocr_par' dir='ltr' id='par_1_94' title="bbox 172 4868 1712 4948">
     <span class='ocr_line' id='line_1_95' title="bbox 172 4868 1712 4948; baseline 0.006 -25"><span class='ocrx_word' id='word_1_721' title='bbox 172 4871 469 4948; x_wconf 56' lang='lat' dir='ltr'><strong>Tgtq&#39;rolxpv</strong></span> <span class='ocrx_word' id='word_1_722' title='bbox 499 4877 758 4946; x_wconf 68' lang='grc' dir='ltr'>φύσεως</span> <span class='ocrx_word' id='word_1_723' title='bbox 786 4873 1139 4948; x_wconf 56' lang='grc' dir='ltr'>συνθήματα</span> <span class='ocrx_word' id='word_1_724' title='bbox 1169 4875 1386 4948; x_wconf 68' lang='grc' dir='ltr'>τρισσὰ</span> <span class='ocrx_word' id='word_1_725' title='bbox 1421 4868 1712 4948; x_wconf 73' lang='grc' dir='ltr'>ςὸέρουσατ</span> 
     </span>
    </p>
   </div>
   <div class='ocr_carea' id='block_1_95' title="bbox 1823 4868 3360 4948">
    <p class='ocr_par' dir='ltr' id='par_1_95' title="bbox 1823 4868 3360 4948">
     <span class='ocr_line' id='line_1_96' title="bbox 1823 4868 3360 4948; baseline -0.005 -18"><span class='ocrx_word' id='word_1_726' title='bbox 1823 4876 1945 4948; x_wconf 64' lang='lat' dir='ltr'><strong>Fax</strong></span> <span class='ocrx_word' id='word_1_727' title='bbox 1985 4875 2190 4948; x_wconf 84' lang='lat' dir='ltr'><strong>Lucina</strong></span> <span class='ocrx_word' id='word_1_728' title='bbox 2216 4875 2528 4938; x_wconf 83' lang='lat' dir='ltr'><strong>hominum;</strong></span> <span class='ocrx_word' id='word_1_729' title='bbox 2560 4873 2712 4948; x_wconf 83' lang='lat' dir='ltr'><strong>cujus</strong></span> <span class='ocrx_word' id='word_1_730' title='bbox 2751 4872 2857 4948; x_wconf 81' lang='lat' dir='ltr'><strong>t_r_ia</strong></span> <span class='ocrx_word' id='word_1_731' title='bbox 2887 4868 3360 4948; x_wconf 43' lang='lat' dir='ltr'><strong>symbola,‘mundi</strong></span> 
     </span>
    </p>
   </div>
   <div class='ocr_carea' id='block_1_96' title="bbox 166 4939 1717 5026">
    <p class='ocr_par' dir='ltr' id='par_1_96' title="bbox 166 4939 1513 5026">
     <span class='ocr_line' id='line_1_97' title="bbox 166 4939 1513 5026; baseline 0.018 -45"><span class='ocrx_word' id='word_1_732' title='bbox 166 4942 320 5026; x_wconf 52' lang='lat' dir='ltr'><strong>{qép‘</strong></span> <span class='ocrx_word' id='word_1_733' title='bbox 485 4939 844 5026; x_wconf 59' lang='grc' dir='ltr'><strong>ξειιρόεςὰιν</strong></span> <span class='ocrx_word' id='word_1_734' title='bbox 867 4939 1173 5026; x_wconf 63' lang='grc' dir='ltr'>ἐειδομένη</span> <span class='ocrx_word' id='word_1_735' title='bbox 1195 4939 1513 5026; x_wconf 61' lang='grc' dir='ltr'><strong>εἱᾷώλοὶςξ</strong></span> 
     </span>
    </p>
   </div>
   <div class='ocr_carea' id='block_1_97' title="bbox 1823 4939 3324 5026">
    <p class='ocr_par' dir='ltr' id='par_1_97' title="bbox 1823 4939 3324 5026">
     <span class='ocr_line' id='line_1_98' title="bbox 1823 4939 3324 5026; baseline -0.006 -25"><span class='ocrx_word' id='word_1_736' title='bbox 1823 4947 1994 5026; x_wconf 54' lang='lat' dir='ltr'><strong>[enim</strong></span> <span class='ocrx_word' id='word_1_737' title='bbox 2025 4947 2280 5026; x_wconf 74' lang='lat' dir='ltr'><strong>elemento</strong></span> <span class='ocrx_word' id='word_1_738' title='bbox 2315 4953 2536 4998; x_wconf 81' lang='lat' dir='ltr'><strong>notant:</strong></span> <span class='ocrx_word' id='word_1_739' title='bbox 2569 4939 3099 5026; x_wconf 43' lang='lat' dir='ltr'><strong>ardentibiis‘qitftera</strong></span> <span class='ocrx_word' id='word_1_740' title='bbox 3136 4939 3324 5011; x_wconf 79' lang='lat' dir='ltr'><strong>[armis</strong></span> 
     </span>
    </p>
   </div>
   <div class='ocr_carea' id='block_1_98' title="bbox 178 5011 1717 5090">
    <p class='ocr_par' dir='ltr' id='par_1_98' title="bbox 178 5011 1693 5090">
     <span class='ocr_line' id='line_1_99' title="bbox 178 5011 1693 5090; baseline 0.011 -28"><span class='ocrx_word' id='word_1_741' title='bbox 178 5011 306 5078; x_wconf 81' lang='grc' dir='ltr'><strong>Ἠέρα</strong></span> <span class='ocrx_word' id='word_1_742' title='bbox 337 5011 385 5068; x_wconf 76' lang='grc' dir='ltr'>δ’</span> <span class='ocrx_word' id='word_1_743' title='bbox 413 5011 776 5086; x_wconf 52' lang='grc' dir='ltr'>ἀργεῦνοῒσι</span> <span class='ocrx_word' id='word_1_744' title='bbox 807 5011 1219 5085; x_wconf 69' lang='grc' dir='ltr'>τροχάάμασὶν</span> <span class='ocrx_word' id='word_1_745' title='bbox 1244 5011 1693 5090; x_wconf 54' lang='grc' dir='ltr'><strong>ἀμέρικοίόεννιμιιι.⁸</strong></span> 
     </span>
    </p>
   </div>
   <div class='ocr_carea' id='block_1_99' title="bbox 1823 5011 3012 5090">
    <p class='ocr_par' dir='ltr' id='par_1_99' title="bbox 1823 5011 3012 5087">
     <span class='ocr_line' id='line_1_100' title="bbox 1823 5011 3012 5087; baseline -0.008 -15"><span class='ocrx_word' id='word_1_746' title='bbox 1823 5017 2092 5072; x_wconf 75' lang='lat' dir='ltr'><strong>Exltibeo:</strong></span> <span class='ocrx_word' id='word_1_747' title='bbox 2123 5018 2322 5087; x_wconf 81' lang='lat' dir='ltr'><strong>passim</strong></span> <span class='ocrx_word' id='word_1_748' title='bbox 2348 5015 2693 5070; x_wconf 82' lang='lat' dir='ltr'><strong>candentibus</strong></span> <span class='ocrx_word' id='word_1_749' title='bbox 2723 5029 2852 5066; x_wconf 88' lang='lat' dir='ltr'><strong>aera</strong></span> <span class='ocrx_word' id='word_1_750' title='bbox 2878 5011 3012 5081; x_wconf 81' lang='lat' dir='ltr'><strong>bigis</strong></span> 
     </span>
    </p>
   </div>
   <div class='ocr_carea' id='block_1_100' title="bbox 217 5157 1228 5233">
    <p class='ocr_par' dir='ltr' id='par_1_100' title="bbox 217 5157 1228 5233">
     <span class='ocr_line' id='line_1_101' title="bbox 217 5157 1228 5233; baseline 0.008 -24"><span class='ocrx_word' id='word_1_751' title='bbox 217 5167 238 5196; x_wconf 84' lang='grc' dir='ltr'><strong>ι</strong></span> <span class='ocrx_word' id='word_1_752' title='bbox 271 5159 346 5213; x_wconf 83' lang='grc' dir='ltr'><strong>ἵσ.</strong></span> <span class='ocrx_word' id='word_1_753' title='bbox 375 5163 568 5233; x_wconf 72' lang='grc' dir='ltr'>αὐτὴν.</span> <span class='ocrx_word' id='word_1_754' title='bbox 651 5161 688 5201; x_wconf 67' lang='grc' dir='ltr'><strong>δ</strong></span> <span class='ocrx_word' id='word_1_755' title='bbox 731 5177 820 5228; x_wconf 71' lang='lat' dir='ltr'><strong>7p.</strong></span> <span class='ocrx_word' id='word_1_756' title='bbox 849 5157 1004 5213; x_wconf 77' lang='grc' dir='ltr'>τοῦτο</span> <span class='ocrx_word' id='word_1_757' title='bbox 1023 5158 1228 5217; x_wconf 81' lang='grc' dir='ltr'>αὐτῶν.</span> 
     </span>
    </p>
   </div>
   <div class='ocr_carea' id='block_1_101' title="bbox 219 5296 1722 5377">
    <p class='ocr_par' dir='ltr' id='par_1_101' title="bbox 219 5296 1722 5377">
     <span class='ocr_line' id='line_1_102' title="bbox 219 5296 1722 5377; baseline -0.005 -20"><span class='ocrx_word' id='word_1_758' title='bbox 219 5299 310 5377; x_wconf 65' lang='grc'><strong>(63)</strong></span> <span class='ocrx_word' id='word_1_759' title='bbox 340 5305 446 5357; x_wconf 74' lang='grc' dir='ltr'><strong>Καὶ</strong></span> <span class='ocrx_word' id='word_1_760' title='bbox 494 5305 534 5377; x_wconf 80' lang='grc' dir='ltr'><strong><em>ή</em></strong></span> <span class='ocrx_word' id='word_1_761' title='bbox 581 5299 829 5377; x_wconf 58' lang='grc' dir='ltr'>Έκάςη.</span> <span class='ocrx_word' id='word_1_762' title='bbox 872 5299 995 5377; x_wconf 86' lang='lat' dir='ltr'><strong>Huc_</strong></span> <span class='ocrx_word' id='word_1_763' title='bbox 1027 5299 1421 5377; x_wconf 64' lang='lat' dir='ltr'><strong>pertinentilla</strong></span> <span class='ocrx_word' id='word_1_764' title='bbox 1462 5296 1722 5377; x_wconf 75' lang='lat' dir='ltr'><strong>Hesiodi,</strong></span> 
     </span>
    </p>
   </div>
   <div class='ocr_carea' id='block_1_102' title="bbox 168 5369 1707 5442">
    <p class='ocr_par' dir='ltr' id='par_1_102' title="bbox 168 5369 1707 5442">
     <span class='ocr_line' id='line_1_103' title="bbox 168 5369 1707 5442; baseline -0.005 -13"><span class='ocrx_word' id='word_1_765' title='bbox 168 5369 323 5429; x_wconf 80' lang='lat' dir='ltr'><strong>‘luihus</strong></span> <span class='ocrx_word' id='word_1_766' title='bbox 353 5369 698 5442; x_wconf 68' lang='lat' dir='ltr'><strong>prmcipuum</strong></span> <span class='ocrx_word' id='word_1_767' title='bbox 735 5369 1242 5442; x_wconf 7' lang='lat' dir='ltr'><strong>Hecataaghdnorem</strong></span> <span class='ocrx_word' id='word_1_768' title='bbox 1275 5370 1343 5424; x_wconf 90' lang='lat' dir='ltr'><strong>ab</strong></span> <span class='ocrx_word' id='word_1_769' title='bbox 1381 5369 1522 5424; x_wconf 84' lang='lat' dir='ltr'><strong>Jove.</strong></span> <span class='ocrx_word' id='word_1_770' title='bbox 1552 5369 1707 5422; x_wconf 88' lang='lat' dir='ltr'><strong>habi-</strong></span> 
     </span>
    </p>
   </div>
   <div class='ocr_carea' id='block_1_103' title="bbox 169 5440 1249 5516">
    <p class='ocr_par' dir='ltr' id='par_1_103' title="bbox 169 5440 1249 5516">
     <span class='ocr_line' id='line_1_104' title="bbox 169 5440 1249 5516; baseline 0.005 -29"><span class='ocrx_word' id='word_1_771' title='bbox 169 5440 530 5516; x_wconf 58' lang='lat' dir='ltr'><strong>tti_ni_r)stetidit,</strong></span> <span class='ocrx_word' id='word_1_772' title='bbox 551 5461 581 5497; x_wconf 86' lang='lat' dir='ltr'><strong>a</strong></span> <span class='ocrx_word' id='word_1_773' title='bbox 621 5457 772 5516; x_wconf 80' lang='lat' dir='ltr'><strong>vers.</strong></span> <span class='ocrx_word' id='word_1_774' title='bbox 803 5441 915 5516; x_wconf 26' lang='lat' dir='ltr'><strong>Ml‘</strong></span> <span class='ocrx_word' id='word_1_775' title='bbox 939 5440 1198 5516; x_wconf 71' lang='lat' dir='ltr'><strong>Theogon.</strong></span> <span class='ocrx_word' id='word_1_776' title='bbox 1231 5455 1249 5492; x_wconf 89' lang='lat'><strong><em>:</em></strong></span> 
     </span>
    </p>
   </div>
   <div class='ocr_carea' id='block_1_104' title="bbox 180 5506 1710 5580">
    <p class='ocr_par' dir='ltr' id='par_1_104' title="bbox 180 5506 1710 5580">
     <span class='ocr_line' id='line_1_105' title="bbox 180 5506 1710 5580; baseline -0.001 -20"><span class='ocrx_word' id='word_1_777' title='bbox 180 5506 285 5560; x_wconf 67' lang='lat' dir='ltr'><strong>Hd’</strong></span> <span class='ocrx_word' id='word_1_778' title='bbox 343 5506 836 5580; x_wconf 63' lang='grc' dir='ltr'>ὐποκὺσσαμέτη</span> <span class='ocrx_word' id='word_1_779' title='bbox 904 5506 1161 5577; x_wconf 58' lang='grc' dir='ltr'>Ἐκάτῖην</span> <span class='ocrx_word' id='word_1_780' title='bbox 1220 5507 1372 5580; x_wconf 67' lang='grc' dir='ltr'>τέκεο</span> <span class='ocrx_word' id='word_1_781' title='bbox 1411 5508 1529 5580; x_wconf 74' lang='grc' dir='ltr'><strong>τὴν</strong></span> <span class='ocrx_word' id='word_1_782' title='bbox 1575 5506 1710 5574; x_wconf 75' lang='grc' dir='ltr'>περὶ</span> 
     </span>
    </p>
   </div>
   <div class='ocr_carea' id='block_1_105' title="bbox 1361 5595 1603 5630">
    <p class='ocr_par' dir='ltr' id='par_1_105' title="bbox 1361 5595 1603 5630">
     <span class='ocr_line' id='line_1_106' title="bbox 1361 5595 1603 5630; baseline 0 -2"><span class='ocrx_word' id='word_1_783' title='bbox 1361 5595 1404 5628; x_wconf 86' lang='grc' dir='ltr'><strong>π</strong></span> <span class='ocrx_word' id='word_1_784' title='bbox 1407 5595 1603 5630; x_wconf 73' lang='grc' dir='ltr'>αντων</span> 
     </span>
    </p>
   </div>
   <div class='ocr_carea' id='block_1_106' title="bbox 171 5577 1704 5720">
    <p class='ocr_par' dir='ltr' id='par_1_106' title="bbox 171 5577 1704 5720">
     <span class='ocr_line' id='line_1_107' title="bbox 171 5577 1704 5720; baseline -0.003 -16"><span class='ocrx_word' id='word_1_785' title='bbox 171 5646 281 5720; x_wconf 57' lang='grc' dir='ltr'><strong>ζξὴς</strong></span> <span class='ocrx_word' id='word_1_786' title='bbox 298 5653 588 5720; x_wconf 74' lang='grc' dir='ltr'>Κρονίδης</span> <span class='ocrx_word' id='word_1_787' title='bbox 628 5650 874 5717; x_wconf 81' lang='grc' dir='ltr'>τίμησε,</span> <span class='ocrx_word' id='word_1_788' title='bbox 905 5650 1086 5720; x_wconf 76' lang='grc' dir='ltr'>πόρεν</span> <span class='ocrx_word' id='word_1_789' title='bbox 1107 5647 1174 5702; x_wconf 76' lang='grc' dir='ltr'>δέ</span> <span class='ocrx_word' id='word_1_790' title='bbox 1197 5651 1248 5720; x_wconf 78' lang='grc' dir='ltr'>οἱ</span> <span class='ocrx_word' id='word_1_791' title='bbox 1285 5577 1704 5720; x_wconf 51' lang='grc' dir='ltr'>ἒξρα·</span> 
     </span>
    </p>
   </div>
   <div class='ocr_carea' id='block_1_107' title="bbox 169 5716 1707 5794">
    <p class='ocr_par' dir='ltr' id='par_1_107' title="bbox 169 5716 1707 5794">
     <span class='ocr_line' id='line_1_108' title="bbox 169 5716 1707 5794; baseline 0.005 -31"><span class='ocrx_word' id='word_1_792' title='bbox 370 5716 547 5794; x_wconf 67' lang='grc' dir='ltr'><strong>ἔχειν’</strong></span> <span class='ocrx_word' id='word_1_793' title='bbox 564 5716 754 5794; x_wconf 60' lang='grc' dir='ltr'>γαίης</span> <span class='ocrx_word' id='word_1_794' title='bbox 778 5735 839 5770; x_wconf 80' lang='grc' dir='ltr'><strong>τε</strong></span> <span class='ocrx_word' id='word_1_795' title='bbox 887 5719 986 5794; x_wconf 63' lang='grc' dir='ltr'>καὶ</span> <span class='ocrx_word' id='word_1_796' title='bbox 1008 5717 1348 5794; x_wconf 50' lang='grc' dir='ltr'>ᾀτρυγέςοέηο</span> <span class='ocrx_word' id='word_1_797' title='bbox 1371 5717 1707 5794; x_wconf 62' lang='grc' dir='ltr'>θαλάσσης.</span> 
     </span>
    </p>
   </div>
   <div class='ocr_carea' id='block_1_108' title="bbox 178 5785 1708 5861">
    <p class='ocr_par' dir='ltr' id='par_1_108' title="bbox 178 5785 1708 5861">
     <span class='ocr_line' id='line_1_109' title="bbox 178 5785 1708 5861; baseline -0.001 -18"><span class='ocrx_word' id='word_1_798' title='bbox 178 5785 218 5840; x_wconf 74' lang='grc' dir='ltr'><em>Ἠ</em></span> <span class='ocrx_word' id='word_1_799' title='bbox 237 5790 290 5844; x_wconf 76' lang='grc' dir='ltr'>δὲ</span> <span class='ocrx_word' id='word_1_800' title='bbox 309 5785 847 5861; x_wconf 59' lang='grc' dir='ltr'>καῖ’ἀστὲρόεντος</span> <span class='ocrx_word' id='word_1_801' title='bbox 871 5791 972 5844; x_wconf 77' lang='grc' dir='ltr'><strong>ὑπ’</strong></span> <span class='ocrx_word' id='word_1_802' title='bbox 991 5785 1251 5858; x_wconf 57' lang='grc' dir='ltr'><strong>οὐρανοῦ</strong></span> <span class='ocrx_word' id='word_1_803' title='bbox 1272 5788 1488 5857; x_wconf 80' lang='grc' dir='ltr'>ἔμμορε</span> <span class='ocrx_word' id='word_1_804' title='bbox 1514 5787 1708 5857; x_wconf 78' lang='grc' dir='ltr'>τιμῆς,</span> 
     </span>
    </p>
   </div>
   <div class='ocr_carea' id='block_1_109' title="bbox 1829 5288 3392 5361">
    <p class='ocr_par' dir='ltr' id='par_1_109' title="bbox 1829 5288 3392 5361">
     <span class='ocr_line' id='line_1_110' title="bbox 1829 5288 3392 5361; baseline -0.004 -11"><span class='ocrx_word' id='word_1_805' title='bbox 1829 5294 2164 5359; x_wconf 76' lang='grc' dir='ltr'>Ἇθανὰτοις</span> <span class='ocrx_word' id='word_1_806' title='bbox 2190 5309 2253 5346; x_wconf 87' lang='grc' dir='ltr'><strong>τε</strong></span> <span class='ocrx_word' id='word_1_807' title='bbox 2281 5293 2468 5349; x_wconf 83' lang='grc' dir='ltr'>θεοῖσι</span> <span class='ocrx_word' id='word_1_808' title='bbox 2491 5291 2846 5361; x_wconf 80' lang='grc' dir='ltr'>τετιμημένη</span> <span class='ocrx_word' id='word_1_809' title='bbox 2871 5291 3002 5346; x_wconf 78' lang='grc' dir='ltr'>ἐστὶ</span> <span class='ocrx_word' id='word_1_810' title='bbox 3023 5288 3312 5360; x_wconf 63' lang='grc' dir='ltr'>μάλιστα.</span> 
     </span>
    </p>
   </div>
   <div class='ocr_carea' id='block_1_110' title="bbox 1816 5361 3396 5434">
    <p class='ocr_par' dir='ltr' id='par_1_110' title="bbox 1816 5361 3396 5434">
     <span class='ocr_line' id='line_1_111' title="bbox 1816 5361 3396 5434; baseline -0.002 -16"><span class='ocrx_word' id='word_1_811' title='bbox 1816 5367 2016 5434; x_wconf 88' lang='lat' dir='ltr'><strong>quibus</strong></span> <span class='ocrx_word' id='word_1_812' title='bbox 2051 5381 2171 5419; x_wconf 89' lang='lat' dir='ltr'><strong>eam</strong></span> <span class='ocrx_word' id='word_1_813' title='bbox 2234 5365 2383 5418; x_wconf 91' lang='lat' dir='ltr'><strong>omni</strong></span> <span class='ocrx_word' id='word_1_814' title='bbox 2417 5363 2696 5417; x_wconf 88' lang='lat' dir='ltr'><strong>hominum</strong></span> <span class='ocrx_word' id='word_1_815' title='bbox 2754 5362 2938 5432; x_wconf 86' lang='lat' dir='ltr'><strong>generi</strong></span> <span class='ocrx_word' id='word_1_816' title='bbox 2985 5371 3039 5416; x_wconf 92' lang='lat' dir='ltr'><strong>et</strong></span> <span class='ocrx_word' id='word_1_817' title='bbox 3090 5361 3396 5415; x_wconf 87' lang='lat' dir='ltr'><strong>conditioni</strong></span> 
     </span>
    </p>
   </div>
   <div class='ocr_carea' id='block_1_111' title="bbox 1814 5437 2428 5504">
    <p class='ocr_par' dir='ltr' id='par_1_111' title="bbox 1814 5437 2428 5504">
     <span class='ocr_line' id='line_1_112' title="bbox 1814 5437 2428 5504; baseline -0.003 -16"><span class='ocrx_word' id='word_1_818' title='bbox 1814 5451 2050 5504; x_wconf 77' lang='lat' dir='ltr'><strong>przeesse</strong></span> <span class='ocrx_word' id='word_1_819' title='bbox 2073 5437 2428 5489; x_wconf 87' lang='lat' dir='ltr'><strong>demonstrat.</strong></span> 
     </span>
    </p>
   </div>
   <div class='ocr_carea' id='block_1_112' title="bbox 1889 5501 3393 5574">
    <p class='ocr_par' dir='ltr' id='par_1_112' title="bbox 1889 5501 3393 5574">
     <span class='ocr_line' id='line_1_113' title="bbox 1889 5501 3393 5574; baseline -0.003 -16"><span class='ocrx_word' id='word_1_820' title='bbox 1889 5506 2000 5574; x_wconf 66' lang='lat'><strong>(64)</strong></span> <span class='ocrx_word' id='word_1_821' title='bbox 2061 5501 2522 5572; x_wconf 78' lang='grc' dir='ltr'>Ἀπειροτεχγής.</span> <span class='ocrx_word' id='word_1_822' title='bbox 2561 5501 2727 5567; x_wconf 85' lang='lat' dir='ltr'><strong>Verti,</strong></span> <span class='ocrx_word' id='word_1_823' title='bbox 2782 5508 3134 5574; x_wconf 66' lang='lat' dir='ltr'><strong>natorumque</strong></span> <span class='ocrx_word' id='word_1_824' title='bbox 3185 5516 3393 5574; x_wconf 71' lang='lat' dir='ltr'><strong>expers,</strong></span> 
     </span>
    </p>
   </div>
   <div class='ocr_carea' id='block_1_113' title="bbox 1815 5571 3393 5648">
    <p class='ocr_par' dir='ltr' id='par_1_113' title="bbox 1815 5571 3393 5648">
     <span class='ocr_line' id='line_1_114' title="bbox 1815 5571 3393 5648; baseline -0.003 -20"><span class='ocrx_word' id='word_1_825' title='bbox 1815 5571 1971 5644; x_wconf 78' lang='lat' dir='ltr'><strong>quasi</strong></span> <span class='ocrx_word' id='word_1_826' title='bbox 1986 5571 2266 5645; x_wconf 77' lang='lat' dir='ltr'><strong>legeretur</strong></span> <span class='ocrx_word' id='word_1_827' title='bbox 2291 5576 2703 5648; x_wconf 75' lang='grc' dir='ltr'>ἀπειροτεκνής,</span> <span class='ocrx_word' id='word_1_828' title='bbox 2721 5573 2800 5648; x_wconf 81' lang='lat' dir='ltr'><strong>vel</strong></span> <span class='ocrx_word' id='word_1_829' title='bbox 2819 5571 3223 5648; x_wconf 32' lang='grc' dir='ltr'>ἁπειρλότεκνος,</span> <span class='ocrx_word' id='word_1_830' title='bbox 3247 5571 3393 5640; x_wconf 82' lang='lat' dir='ltr'><strong>quod</strong></span> 
     </span>
    </p>
   </div>
   <div class='ocr_carea' id='block_1_114' title="bbox 1818 5639 3393 5712">
    <p class='ocr_par' dir='ltr' id='par_1_114' title="bbox 1818 5639 3393 5712">
     <span class='ocr_line' id='line_1_115' title="bbox 1818 5639 3393 5712; baseline -0.004 -14"><span class='ocrx_word' id='word_1_831' title='bbox 1818 5639 1996 5698; x_wconf 73' lang='lat' dir='ltr'><strong>tamen</strong></span> <span class='ocrx_word' id='word_1_832' title='bbox 2045 5639 2339 5712; x_wconf 68' lang='lat' dir='ltr'><strong>utrumque</strong></span> <span class='ocrx_word' id='word_1_833' title='bbox 2386 5639 2568 5696; x_wconf 84' lang='lat' dir='ltr'><strong>rarum</strong></span> <span class='ocrx_word' id='word_1_834' title='bbox 2597 5639 2678 5694; x_wconf 70' lang='lat' dir='ltr'><strong>eSt</strong></span> <span class='ocrx_word' id='word_1_835' title='bbox 2713 5658 2727 5696; x_wconf 86' lang='lat'>:</span> <span class='ocrx_word' id='word_1_836' title='bbox 2757 5639 3058 5712; x_wconf 84' lang='grc' dir='ltr'>ἀπειρωδίν</span> <span class='ocrx_word' id='word_1_837' title='bbox 3077 5653 3129 5695; x_wconf 90' lang='lat' dir='ltr'><strong>et</strong></span> <span class='ocrx_word' id='word_1_838' title='bbox 3170 5639 3393 5711; x_wconf 83' lang='grc' dir='ltr'>ἀπειρο-</span> 
     </span>
    </p>
   </div>
   <div class='ocr_carea' id='block_1_115' title="bbox 1816 5711 3392 5787">
    <p class='ocr_par' dir='ltr' id='par_1_115' title="bbox 1816 5711 3392 5787">
     <span class='ocr_line' id='line_1_116' title="bbox 1816 5711 3392 5787; baseline -0.007 -20"><span class='ocrx_word' id='word_1_839' title='bbox 1816 5715 1978 5787; x_wconf 74' lang='grc' dir='ltr'>λεχής</span> <span class='ocrx_word' id='word_1_840' title='bbox 2000 5717 2155 5786; x_wconf 83' lang='lat' dir='ltr'><strong>longe</strong></span> <span class='ocrx_word' id='word_1_841' title='bbox 2191 5711 2581 5787; x_wconf 75' lang='lat' dir='ltr'><strong>frequentiora.</strong></span> <span class='ocrx_word' id='word_1_842' title='bbox 2623 5712 2716 5787; x_wconf 86' lang='lat' dir='ltr'><strong>_Ac</strong></span> <span class='ocrx_word' id='word_1_843' title='bbox 2749 5711 3002 5768; x_wconf 68' lang='lat' dir='ltr'><strong>fortassis</strong></span> <span class='ocrx_word' id='word_1_844' title='bbox 3031 5712 3392 5787; x_wconf 57' lang='grc' dir='ltr'>ἀπειρολεχής</span> 
     </span>
    </p>
   </div>
   <div class='ocr_carea' id='block_1_116' title="bbox 1816 5783 2686 5858">
    <p class='ocr_par' dir='ltr' id='par_1_116' title="bbox 1816 5783 2686 5858">
     <span class='ocr_line' id='line_1_117' title="bbox 1816 5783 2686 5858; baseline -0.002 -17"><span class='ocrx_word' id='word_1_845' title='bbox 1816 5783 1917 5857; x_wconf 76' lang='lat' dir='ltr'><strong>pro</strong></span> <span class='ocrx_word' id='word_1_846' title='bbox 1939 5783 2337 5858; x_wconf 71' lang='grc' dir='ltr'>ἀπειροτεχνής</span> <span class='ocrx_word' id='word_1_847' title='bbox 2363 5783 2465 5853; x_wconf 79' lang='lat' dir='ltr'><strong>legi</strong></span> <span class='ocrx_word' id='word_1_848' title='bbox 2487 5783 2686 5854; x_wconf 83' lang='lat' dir='ltr'><strong>possit.</strong></span> 
     </span>
    </p>
   </div>
  </div>
