3850 6222
343 293 447 348 διι

998 291 1278 348 EUSEBI'I
1319 288 1800 347 C.‘ESARIENSIS
1837 283 1990 340 OPP.
2028 279 2212 335 PARS
2248 275 2312 332 Il.
2335 307 2408 321 —
2437 267 2945 329 APOLOGETICA.

3511 261 3620 317 διε

347 413 534 478 fuerit,
570 411 1032 484 quemadmodum
1075 411 1144 465 ab
1168 411 1266 466 illo
1291 421 1553 481 tempore,
1604 424 1712 463 non
1743 406 1903 461 diabo

2027 415 2086 451 τε
2135 397 2228 450 καὶ
2275 393 2540 456 δυνάστας
2571 389 2631 443 τὸ
2667 386 2892 442 παλαιὸν
2937 379 3004 456 ἦν
3037 383 3189 454 ὁρᾷν,
3236 379 3618 484 ἐθναρχίαςτε

345 507 464 560 licze
495 503 658 558 modo
686 503 1094 572 superstitionis
1128 502 1294 568 ritus,
1331 501 1425 555 sed
1475 501 1638 554 etiam
1687 497 1930 552 distracti

341 596 623 669 quondam
650 612 714 651 ac
735 596 1060 666 multiplices
1085 597 1332 663 gentium
1365 593 1704 663 principatus
1725 589 1932 645 exstin-

343 690 418 744 cti
448 689 764 758 sublatique
789 690 919 750 sint,
940 689 1044 742 hoc
1070 688 1194 743 loco
1223 687 1576 756 subjungere.
1599 682 1734 736 Nam
1761 683 1814 735 in
1841 696 1932 749 op-

341 781 487 852 pidis
509 790 668 836 antea
692 781 952 850 pagisque
980 779 1096 832 fere
1118 779 1350 848 singulis
1375 791 1554 846 reges,
1586 773 1826 845 tyranni,
1853 781 1931 826 to-

343 873 560 945 parcha:
593 870 754 940 179
777 884 841 923 ac
866 870 1112 940 dynasta:
1131 910 1146 936 ,
1172 868 1417 937 adeoque
1438 906 1454 931 ,
1495 865 1738 937 gentium
1791 861 1929 916 varii

343 981 408 1021 ac
428 964 670 1019 distincti
697 963 1009 1017 dominatus
1044 962 1209 1031 vulgo
1235 959 1600 1015 cernebantur
1625 997 1640 1021 ,
1691 969 1924 1026 quorum

340 1058 634 1114 ambitione
662 1071 786 1111 cum
835 1054 1090 1110 homines
1135 1052 1343 1106 mutuis
1387 1066 1507 1106 sese
1543 1049 1698 1104 bellis
1728 1062 1924 1118 perpe-

339 1150 557 1218 tuisque
589 1155 868 1211 vexarent,
901 1154 1019 1198 tum
1052 1145 1302 1214 regiones
1345 1144 1506 1196 etiam
1541 1141 1813 1208 urbesque
1841 1138 1925 1192 di-

339 1240 599 1310 riperent,
636 1247 798 1309 atque
830 1235 1054 1292 assidue
1085 1236 1294 1289 vicinos
1328 1235 1534 1288 circum
1585 1231 1813 1301 populos
1867 1229 1922 1282 in

335 1332 650 1389 servitutem
679 1330 1036 1395 abducerent,
1062 1326 1411 1382 familiarium
1437 1325 1624 1393 utique
1639 1332 1692 1378 et
1714 1321 1924 1378 intesti-

335 1438 533 1477 norum
569 1421 879 1476 dzemonurn
921 1418 1158 1474 stimulis
1195 1418 1250 1471 in
1292 1415 1560 1484 ejusmodi
1609 1429 1815 1485 pugnas
1868 1423 1922 1467 et

333 1516 714 1572 dimicationes
768 1513 1047 1568 concitati.
1098 1511 1231 1578 Quae
1266 1527 1387 1566 cum
1418 1511 1489 1564 ita
1524 1525 1584 1564 se
1614 1510 1918 1573 haberent,

334 1608 641 1676 cujusmodi
672 1607 889 1662 tandem
915 1606 1180 1659 malorum
1203 1612 1258 1659 et
1285 1605 1655 1657 conl‘crtarum
1690 1600 1917 1656 calami-

333 1707 506 1753 tatum
529 1697 939 1769 perturbatione
967 1697 1252 1752 hominum
1277 1695 1388 1748 vita
1419 1693 1743 1764 jactaretur,
1771 1692 1918 1747 testi-

2034 491 2127 543 καὶ
2157 487 2512 557 πολυαρχίας,
2541 483 2607 536 δι’
2647 481 2712 544 ἃς
2753 479 2844 532 ἐπὶ
2875 477 3001 539 τοὺς
3037 475 3154 528 κατ’
3179 471 3422 544 ἀλλήλων
3455 470 3618 526 πολέ-

2036 598 2168 653 μους
2192 577 2432 649 συνεχῶς
2459 573 2759 648 ὁρμῶντες,
2789 568 3018 639 δηώσεις
3049 565 3241 638 χωρῶν
3279 565 3374 618 καὶ
3411 562 3618 653 πόλεων

2032 651 2371 739 πολιορκίας,
2408 658 2875 734 ἁνδραποδισμούς
2900 675 2960 710 τε
2991 658 3084 710 καὶ
3111 653 3485 726 αίχμαλωσίας
3507 651 3617 705 τῶν

2031 755 2424 829 πλησιοχώρων
2458 757 2548 808 ἀεὶ
2579 755 2673 807 καὶ
2703 751 2991 814 διαπαντὸς
3024 751 3304 821 ἐνήργουν,
3339 746 3477 818 πρὸς
3508 744 3616 798 τῶν

2029 851 2244 904 οίκείων
2268 849 2536 919 δαιμόνων
2569 846 2662 899 ἐπὶ
2690 844 2782 898 τὸν
2805 843 2924 898 κατ’
2953 842 3195 912 ἀλλήλων
3227 839 3463 910 πόλεμον
3488 837 3614 903 ἐξοι-

2031 942 2372 1013 στρούμενοι.
2402 934 2501 994 Ὧν
2524 937 2697 1000 οὔτως
2739 935 2992 1007 ἐχόντων,
3041 935 3099 986 ἐν
3134 931 3295 1004 ὁποίᾳ
3328 932 3449 983 τότε
3479 946 3612 998 συγ-

2028 1033 2179 1104 χύσει
2208 1031 2394 1087 κακῶν
2425 1028 2717 1101 συμφορῶν
2748 1045 2806 1080 τε
2834 1025 3149 1097 ἐπαλλήλων
3175 1026 3202 1076 ὁ
3232 1026 3340 1086 πᾶς
3365 1022 3614 1092 ἐνίσχητο

2029 1126 2160 1196 βίος,
2192 1127 2286 1179 καὶ
2327 1122 2476 1194 αὑτῷ
2516 1123 2598 1175 σοὶ
2634 1119 2958 1192 παραλείπω
3006 1120 3248 1172 σκοπεῖν.
3294 1116 3510 1169 Τούτων
3546 1113 3613 1187 δὴ

2024 1214 2117 1272 οὖν
2156 1218 2367 1289 ἀθρόως
2415 1215 2670 1271 ἁπάντων
2709 1213 2843 1284 ὁμοῦ
2894 1213 2990 1265 σὺν
3031 1214 3097 1282 τῇ
3142 1209 3386 1280 πολυθέῳ
3433 1207 3610 1280 πλάνῃ

2027 1309 2272 1364 ἐκποδὼν
2306 1308 2712 1380 μεταστάντων,
2746 1307 2847 1359 οὐκ
2880 1304 3068 1359 ἄλλοτε
3109 1302 3142 1374 ἢ
3193 1301 3330 1374 μετὰ
3372 1301 3470 1372 τὴν
3512 1290 3610 1353 του

2025 1407 2276 1476 Σωτῆρος
2331 1402 2488 1474 ἡμῶν
2539 1402 2618 1464 είς
2659 1396 2978 1470 ἀνθρώπους
3018 1395 3346 1466 ἐπιδημίαν·
3387 1392 3503 1456 πῶς
3545 1392 3609 1446 οὗ

2023 1497 2129 1569 χρὴ
2162 1497 2221 1549 τὸ
2263 1495 2405 1567 μέγα
2453 1497 2749 1565 μυστήριον
2788 1492 2888 1561 τῆς
2921 1487 3134 1560 ἀληθῶς
3189 1485 3457 1556 σωτηρίου
3513 1484 3610 1537 καὶ

2021 1588 2382 1658 εύαγγελικῆς
2403 1585 2724 1650 ἀποδείξεως
2741 1581 2982 1654 ὑπερθαυ
2992 1581 3211 1653 μάζειν;
3229 1579 3295 1632 δι’
3310 1576 3378 1652 ἦς
3399 1577 3611 1650 ἁθρόως

2020 1683 2160 1737 κατὰ
2194 1684 2376 1735 πᾶσαν
2411 1679 2510 1751 τὴν
2554 1678 2664 1732 τῶν
2712 1673 3011 1746 ἀνθρώπων
3052 1671 3609 1744 οἰκουμένην,οπροσ-

330 1792 592 1848 mandum
627 1792 725 1846 tibi
757 1808 821 1847 ac
849 1791 1196 1846 statuendum
1230 1789 1500 1858 relinquo.
1527 1787 1728 1842 Eadem
1759 1803 1903 1851 vero,

2018 1778 2280 1848 ευκτήρια
2308 1774 2402 1828 καὶ
2436 1773 2555 1826 ναοὶ
2590 1769 2668 1840 τῷ
2695 1767 3028 1840 παμϐασιλεῖ
3050 1766 3142 1818 καὶ
3166 1762 3484 1836 δημιουργῷ
3512 1761 3608 1816 καὶ

330 1899 454 1938 cum
489 1893 614 1953 post
643 1884 814 1939 nostri
843 1883 1061 1938 demum
1102 1879 1411 1936 Servatoris
1456 1882 1747 1934 adventum
1787 1894 1909 1934 cum

329 1975 424 2028 iilo
458 1975 842 2045 multiplicium
874 1975 1099 2028 deorum
1131 1987 1318 2027 errore
1367 1987 1474 2025 uno
1511 1972 1654 2025 velut
1697 1970 1913 2040 agmine

329 2065 614 2138 proﬂigata
643 2066 864 2132 iuerint,
896 2066 1020 2135 quis
1053 2080 1162 2120 non
1206 2065 1330 2134 jure
1365 2079 1620 2134 magnum
1654 2063 1757 2118 hoc
1787 2077 1912 2116 vere

329 2160 586 2216 salutaris
621 2172 676 2216 et
704 2160 1028 2229 evangelica:
1064 2159 1545 2216 demonstrationis
1588 2156 1908 2226 mysterium

327 2266 544 2306 summa
570 2266 695 2306 cum
726 2251 1087 2306 admiratione
1143 2252 1444 2321 suspiciat,
1499 2265 1595 2319 per
1638 2263 1802 2317 quam
1855 2256 1910 2302 et

327 2347 536 2394 tantam
559 2341 692 2396 orbe
727 2340 932 2410 passim
965 2340 1221 2398 universo
1266 2357 1360 2412 per
1407 2340 1569 2394 urbes
1609 2348 1772 2408 atque
1816 2353 1910 2407 pa-

325 2445 446 2497 gos,
475 2431 586 2484 imo
617 2429 978 2484 barbarorum
1006 2431 1168 2486 etiam
1217 2448 1280 2486 ac
1307 2430 1546 2501 gentium
1577 2428 1903 2484 solitudines

324 2521 693 2576 oratoriorum
734 2537 798 2576 ac
844 2522 1170 2592 templorum
1201 2523 1516 2591 praepotenti
1566 2535 1750 2574 rerum
1781 2534 1904 2574 om-

325 2612 476 2663 nium
511 2609 666 2681 Regi,
701 2611 1021 2678 architecto,
1045 2611 1255 2681 solique
1284 2609 1394 2664 Deo
1426 2610 1730 2664 dicatorum
1761 2611 1904 2665 mul-

324 2701 608 2756 ttudinem
641 2701 922 2757 videamus
947 2737 960 2759 ν
1009 2710 1063 2757 et
1088 2701 1374 2766 librorum,
1433 2701 1749 2766 lectionum,
1806 2703 1906 2756 do—

245 2774 259 2794 ’
321 2795 644 2860 ctrinarum,
676 2794 878 2864 quibus
910 2795 1162 2864 perfecta:
1207 2795 1605 2864 cumulatazque
1653 2794 1901 2860 virtutis,

324 2903 648 2958 morumque
681 2889 748 2942 ad
784 2904 969 2943 veram
1001 2888 1253 2958 pietatem
1312 2903 1376 2942 ac
1421 2888 1737 2958 religionem
1773 2903 1902 2942 con-

320 2978 735 3033 formandorum
770 2978 1181 3034 accommodata
1224 2994 1332 3032 non
1379 2978 1542 3032 modo
1593 2978 1760 3045 viris,
1804 2977 1898 3033 sed

320 3070 486 3125 etiam
515 3071 837 3126 mulieribus
871 3087 936 3125 ac
970 3071 1152 3140 pueris
1184 3080 1448 3140 praicepta
1485 3071 1790 3138 tradantur,
1813 3071 1899 3124 in-

321 3161 530 3214 ﬁnitam
586 3161 768 3216 omnis
827 3159 1042 3230 generis
1099 3161 1311 3229 copiam
1367 3160 1704 3215 habeamus?
1748 3161 1899 3216 Adde

316 3261 567 3308 cmortua
619 3252 836 3323 penitus
897 3251 1204 3305 daemonum
1268 3252 1489 3306 oracula
1547 3262 1600 3307 et
1643 3254 1898 3309 vaticinia

319 3343 652 3399 conticuisse
687 3356 700 3392 :
734 3343 894 3406 adde,
925 3357 993 3396 ex
1024 3359 1132 3412 quo
1158 3342 1338 3397 divina
1367 3345 1481 3398 lucc
1511 3352 1564 3398 et
1585 3347 1897 3416 evangelica

317 3433 625 3488 Assertoris
653 3431 825 3487 nostri
867 3433 1041 3487 virtus
1068 3434 1238 3488 radiis
1264 3435 1380 3489 suis
1410 3435 1691 3490 hominum
1725 3453 1896 3508 genus

317 3539 480 3578 mune
509 3523 647 3578 lucis
678 3523 848 3578 instar
880 3522 1192 3588 illustravit,
1224 3539 1289 3579 eo
1315 3525 1429 3595 jatn
1460 3543 1634 3596 usque
1661 3511 1896 3598 amplius

317 3615 499 3672 furere
530 3617 826 3682 neminem,
857 3625 918 3671 ut
941 3616 1251 3672 cliarissimi
1286 3621 1554 3690 cujusque
1583 3622 1848 3692 sanguine
1874 3665 1890 3690 ,

317 3709 712 3780 hominumque
732 3710 1108 3781 jugulatorum
1144 3711 1449 3780 sacriﬁciis,
1477 3713 1600 3767 illos
1640 3714 1805 3770 caedis
1839 3723 1894 3770 et

317 3801 528 3857 cruoris
556 3801 766 3867 avidos,
796 3813 849 3856 et
880 3801 1263 3859 infestissimos
1301 3803 1544 3860 humano
1569 3807 1752 3876 generi
1779 3807 1891 3863 da:-

316 3910 508 3951 mones
545 3895 763 3965 placare
809 3906 1074 3951 conetur:
1117 3897 1210 3968 qui
1242 3905 1421 3953 tamen
1464 3898 1602 3954 ritus
1643 3901 1888 3957 omnium

313 3986 441 4041 olim
472 3988 799 4058 sapientium
833 3999 997 4058 atque
1041 4005 1230 4060 regum
1258 4028 1275 4055 ,
1317 4007 1456 4061 quos
1483 3992 1749 4049 damonis
1785 3996 1891 4050 uti-

313 4094 420 4149 que
442 4077 597 4133 furor
625 4081 837 4150 agebat,
865 4081 1077 4136 animos
1108 4092 1423 4151 occuparat.
1454 4081 1522 4144 Et
1552 4100 1682 4140 vero
1715 4087 1890 4155 pessi-

314 4185 527 4226 morum
560 4171 902 4239 daemonum,
957 4189 1024 4226 ex
1079 4189 1189 4242 quo
1246 4175 1530 4229 hominum
1569 4177 1884 4232 societatem

315 4261 570 4317 Servatur
595 4271 781 4317 noster
814 4262 1016 4326 inierit,
1054 4265 1165 4318 vim
1199 4281 1263 4319 ac
1292 4273 1613 4334 potestatem
1649 4269 1886 4337 amplius

311 4355 518 4410 nullam
549 4369 689 4420 esse,
724 4354 807 4409 vel
835 4355 1064 4424 ipsemet
1099 4355 1457 4428 Porphyrius,
1489 4374 1721 4430 magnus
1753 4372 1886 4415 asta-

311 4451 380 4501 t's
413 4455 612 4502 nostra:
653 4447 962 4503 daemonum
987 4457 1269 4516 patronus,
1303 4451 1358 4504 in
1396 4466 1483 4515 eo,
1518 4451 1663 4520 quod
1698 4452 1887 4507 adver-
1922 4489 1965 4545 ο

307 4555 406 4596 sus
433 4556 535 4596 nos
560 4541 903 4611 conscripsit,
934 4542 1208 4597 volumine
1258 4542 1345 4597 his
1403 4544 1588 4598 verbis
1625 4553 1882 4600 testatum

309 4631 532 4702 reliquit
558 4651 572 4687 :
607 4651 628 4686 ι
680 4632 745 4688 Et
778 4649 922 4688 nunc
952 4633 1150 4688 mirum
1179 4672 1195 4697 ,
1245 4633 1445 4704 inquit,
1475 4634 1570 4688 ulli
1600 4635 1846 4691 videatur
1870 4680 1884 4704 ,

308 4724 579 4779 civitatem
607 4724 710 4781 hoc
742 4725 934 4780 morbo
964 4733 1042 4780 tot
1065 4725 1178 4794 jam
1204 4740 1380 4781 annos
1407 4724 1727 4791 conﬂictari,
1760 4742 1883 4782 cum

308 4813 658 4886 Esculapius
686 4817 976 4886 caeterique
1019 4815 1095 4870 dii
1122 4814 1404 4870 hominum
1443 4831 1562 4871 sese
1590 4825 1886 4872 consuetu-

304 4907 418 4962 dini
457 4907 844 4979 consortioque
865 4903 1260 4962 subduxerint?
1289 4907 1367 4960 Ex
1402 4923 1512 4978 quo
1551 4909 1696 4963 enim
1723 4907 1883 4964 Iesus

305 4998 409 5052 coli
443 5008 654 5068 emptus
687 5008 772 5053 est
794 5040 809 5064 ,
843 5012 1188 5054 communem
1227 5012 1291 5051 ac
1339 4999 1612 5068 publicam
1651 4999 1882 5055 deorum

303 5101 458 5155 opem
493 5103 655 5142 nemo
697 5089 888 5143 sensit.
925 5105 945 5138 ι
1000 5083 1126 5140 Haec
1172 5087 1263 5143 ille
1304 5089 1484 5143 verbis
1540 5089 1783 5144 totidem.
1824 5089 1878 5144 Si

2019 1869 2165 1938 μόνῳ
2192 1869 2298 1920 τῶν
2329 1866 2583 1919 ἁπάντων
2627 1860 2766 1932 Θεῷ,
2802 1860 2858 1912 ἑν
2893 1877 2953 1913 τε
3001 1858 3188 1912 πόλεσι
3229 1858 3324 1910 καὶ
3367 1855 3604 1928 κώμαις,

2017 1959 2306 2032 βαρϐάρων
2335 1975 2394 2010 τε
2425 1955 2594 2009 ἐθνῶν
2617 1957 2673 2007 ἐν
2699 1952 2956 2025 ἐρημίαις
2977 1950 3330 2021 ἀφιερωμένα
3350 1948 3606 2018 συνέστη,

2014 2052 2183 2123 βίϐλοι
2222 2069 2280 2103 τε
2323 2051 2417 2103 καὶ
2461 2047 2888 2117 άναγνώσματα,
2923 2042 3224 2115 μαθήματά
3268 2059 3328 2094 τε
3377 2043 3608 2095 παντοῖα

2012 2145 2104 2197 καὶ
2133 2141 2472 2196 διδασκαλίαι
2513 2139 2640 2212 περὶ
2677 2141 2776 2210 τῆς
2813 2139 2893 2200 είς
2923 2137 3092 2208 ἄκρον
3120 2137 3320 2207 ἀρετῆς
3357 2136 3451 2189 καὶ
3481 2135 3610 2206 τρό-

2011 2253 2112 2289 που
2142 2235 2235 2288 τοῧ
2276 2233 2420 2288 κατὰ
2447 2233 2545 2304 τὴν
2591 2231 2766 2301 ἀληθῆ
2813 2229 3119 2283 θεοσέϐειαν
3163 2228 3608 2300 παραγγέλματα

2011 2328 2379 2399 περιέχουσαι,
2414 2324 2640 2396 ἀνδράσι
2666 2341 2724 2376 τε
2755 2323 2848 2376 καὶ
2879 2320 3116 2390 γυναιξὶ,
3155 2321 3249 2374 καὶ
3296 2321 3482 2373 παισὶν
3521 2321 3607 2384 είς

2010 2421 2245 2490 ἐπήκοον
2285 2417 2696 2489 παραδέδονται.
2737 2414 2928 2486 Νεκρὰ
2971 2413 3026 2465 δὲ
3068 2412 3138 2466 τὰ
3183 2412 3289 2465 ἀπὸ
3330 2411 3606 2482 δαιμόνων

2009 2510 2187 2564 πάντα
2212 2510 2522 2582 χρηστήριά
2560 2525 2620 2561 τε
2658 2508 2752 2561 καὶ
2787 2505 3174 2578 μαντεύματα·
3215 2505 3338 2558 οὐδέ
3386 2521 3470 2567 τις
3519 2506 3607 2568 εἰς

2006 2603 2257 2655 τοσοῦτον
2288 2600 2589 2673 ἀνθρώπων
2619 2600 2828 2670 μέμηνε
2858 2599 2971 2661 νῦν,
2997 2597 3054 2664 ἐξ
3080 2589 3253 2668 οὗπερ
3285 2597 3366 2659 εἰς
3391 2597 3604 2660 πάντας

2007 2695 2185 2765 φωτὸς
2221 2695 2376 2763 δίκην
2412 2692 2714 2764 ἐξέλαμψεν
2741 2694 2774 2763 ἡ
2803 2690 2898 2744 τοῦ
2927 2691 3178 2761 Σωτῆρος
3219 2688 3376 2760 ἡμῶν
3417 2687 3603 2752 ἔνθεος

2006 2787 2100 2840 καὶ
2133 2785 2462 2857 εύαγγελικὴ
2490 2785 2738 2856 δύναμις,
2764 2785 2839 2848 ὡς
2872 2783 3074 2855 τολμᾷν
3106 2781 3183 2853 τῷ
3215 2780 3310 2835 τοῦ
3339 2780 3602 2851 φιλτάτου

2006 2881 2152 2950 φόνῳ
2195 2880 2288 2932 καὶ
2315 2883 2435 2943 ταῖς
2466 2879 2532 2931 δι’
2567 2877 3027 2950 ἀνθρωποθυσιῶν
3078 2879 3332 2945 σφαγαῖς,
3379 2873 3447 2927 τὰ
3500 2890 3603 2942 φο-

2005 2974 2130 3028 νικὰ
2164 2973 2257 3027 καὶ
2294 2972 2525 3043 φίλαιμα
2559 2971 2651 3024 καὶ
2689 2969 3049 3041 μισάνθρωπα
3077 2968 3330 3039 δαιμόνια
3363 2964 3602 3032 ἐξιλεοῦ-

2007 3067 2162 3120 σθαιο
2196 3061 2283 3119 οἷα
2318 3066 2578 3138 πράττειν
2611 3067 2726 3127 τοῖς
2759 3063 2924 3117 πάλαι
2977 3065 3160 3131 σοφοῖς
3195 3079 3254 3114 τε
3302 3061 3396 3113 καὶ
3442 3058 3601 3128 βασι-

1926 3125 1970 3181 C
2006 3158 2154 3212 λεῦσι
2177 3125 2504 3228 δαιμονωσιν
2547 3156 2625 3217 ὡς
2668 3125 2883 3226 ἀληθῶς
2921 3125 3072 3224 φίλον
3115 3149 3204 3224 ἦν.
3246 3153 3383 3223 Περὶ
3413 3125 3468 3203 δέ
3496 3149 3600 3202 τοῦ

2010 3249 2207 3322 μηκέτι
2238 3249 2497 3304 δύνασθαί
2531 3265 2584 3301 τι
2615 3249 2710 3300 καὶ
2744 3247 2947 3317 ίσχύειν
2983 3248 3110 3309 τοὺς
3142 3244 3375 3314 φαύλους
3401 3243 3597 3312 δαίμο-

2005 3359 2102 3406 νας
2137 3341 2276 3413 μετὰ
2299 3342 2396 3414 τὴν
2420 3341 2513 3395 τοῦ
2546 3343 2798 3413 Σωτῆρος
2822 3341 2976 3412 ἡμῶν
3001 3341 3080 3403 είς
3106 3337 3424 3409 ἀνθρώπους
3450 3336 3599 3406 πάρ-

2000 3433 2141 3501 οδον,
2178 3435 2272 3488 καὶ
2305 3435 2466 3498 αὐτὸς
2489 3437 2516 3488 ὁ
2549 3435 2674 3488 καθ’
2697 3437 2844 3506 ἡμᾶς
2888 3433 2995 3487 τῶν
3033 3432 3301 3502 δαιμόνων
3345 3431 3592 3502 προήγο-

2005 3543 2116 3597 ρος,
2151 3529 2206 3580 ὲν
2233 3529 2299 3600 τῇ
2331 3527 2450 3580 καθ’
2475 3527 2631 3599 ήμῶν
2656 3529 2889 3598 συσκευῇ
2918 3525 3106 3579 τοῦτόν
3127 3543 3227 3578 που
3249 3524 3423 3592 λέγων
3447 3541 3593 3596 μαρ-

2001 3623 2155 3691 τυρεῖ
2179 3620 2270 3672 τὸν
2298 3620 2519 3692 τρόπον’
2552 3640 2569 3671 ι
2593 3620 2729 3674 Νυνὶ
2749 3620 2805 3674 δὲ
2821 3619 3211 3690 θαυμάζουσιν,
3240 3619 3288 3670 εί
3314 3617 3591 3670 τοσούτων

2000 3711 2138 3765 ἑτῶν
2165 3712 2457 3782 κατείληφε
2496 3713 2596 3784 τὴν
2644 3712 2795 3765 πόλιν
2837 3712 3080 3783 ηνόσος,
3121 3708 3450 3781 Ἀσκληπιοῦ
3485 3710 3589 3781 μὲν

1999 3805 2290 3876 ἐπιδημίας
2313 3806 2407 3858 καὶ
2437 3804 2545 3858 τῶν
2582 3803 2756 3858 ἄλλων
2785 3803 2922 3856 θεῶν
2968 3801 3154 3874 μηκέτ’
3187 3800 3374 3871 οὔσης.
3407 3801 3588 3872 Ἰησοῦ

1998 3898 2108 3969 γὰρ
2141 3897 2472 3969 τιμωμένου,
2523 3897 2778 3968 οὐδεμιᾶς
2823 3914 2907 3960 τις
2955 3895 3093 3949 θεῶν
3135 3895 3403 3966 δημοσίας
3439 3893 3588 3962 ὡφε-

1997 3989 2144 4053 λείας
2167 3989 2380 4062 ᾔσθετο.
2426 4010 2444 4041 ›
2483 3990 2668 4044 Ταῦτα
2697 3990 2937 4060 ῥήμασιν
2972 3989 3155 4051 αὐτοῖς
3191 3989 3219 4040 ὁ
3249 3987 3582 4060 Πορφύριος.

1995 4082 2058 4134 Εἰ
2089 4081 2152 4153 δὴ
2184 4077 2276 4134 οὖν
2311 4081 2452 4136 κατὰ
2472 4081 2628 4152 τήνδε
2653 4081 2752 4152 τὴν
2782 4079 3088 4152 ὁμολογίαν,
3127 4078 3301 4151 Ἰησοῦ
3332 4078 3588 4151 τιμωμέο

1994 4191 2108 4238 νου,
2129 4175 2384 4246 οὐδεμιᾶς
2407 4191 2490 4238 τις
2520 4174 2658 4227 θεῶν
2679 4173 2941 4246 δημοσίας
2964 4171 3231 4241 ὠφελείας
3255 4172 3582 4244 ᾗσθετομη-

1993 4267 2102 4320 κέτ³
2134 4265 2299 4338 οὔσης
2358 4267 2482 4337 μητ⁹
2557 4265 2886 4338 Ἀσκληπιοῦ
2948 4265 3243 4337 ἐπιδημίας
3282 4283 3365 4328 τε,
3438 4267 3579 4336 μήτε

1991 4357 2100 4411 τῶν
2127 4358 2306 4412 ἄλλων
2338 4358 2504 4412 θεῶν·
2535 4358 2696 4411 πόθεν
2737 4357 2801 4430 δὴ
2831 4357 3016 4411 λοιπὸν
3047 4358 3108 4410 τὸ
3156 4357 3232 4421 ὡς
3273 4358 3403 4428 περὶ
3439 4355 3581 4410 θεῶν

1993 4451 2085 4504 καὶ
2117 4451 2311 4522 ἡρώων
2349 4452 2475 4523 περὶ
2508 4451 2686 4505 αὐτῶν
2727 4451 2935 4522 δόγμα;
2984 4450 3049 4504 Τί
3077 4449 3186 4523 γάρ
3223 4451 3345 4522 οὐχὶ
3376 4449 3583 4522 μᾶλλον

1989 4544 2058 4597 τά
2095 4543 2422 4616 Ἀσκληπιοῦ
2457 4544 2551 4598 καὶ
2586 4543 2696 4598 τῶν
2740 4544 2878 4597 θεῶν
2923 4546 3115 4613 κρατεί
3139 4543 3240 4613 τῆς
3277 4541 3449 4614 Ἰησοῦ
3479 4541 3579 4596 δυ-

1988 4638 2234 4708 νάμεως;
2269 4639 2316 4690 εί
2344 4635 2408 4708 δὴ
2431 4637 2460 4689 ὁ
2493 4636 2590 4707 μὲν
2621 4636 2833 4708 θνητὸς,
2869 4636 2944 4700 ὡς
2975 4636 3039 4690 ἂν
3061 4638 3238 4704 φαῖεν,
3265 4635 3576 4706 ἄνθρωπος,

1988 4729 2149 4798 (τάχα
2181 4727 2225 4780 δ’
2262 4727 2328 4782 ἂν
2365 4727 2586 4793 εἴποιεν,
2616 4729 2697 4781 ὅτι
2737 4730 2830 4782 καὶ
2878 4729 3130 4800 πλάνος·)
3153 4729 3202 4782 οί
3241 4728 3297 4782 δὲ
3328 4727 3578 4800 σωτῆρες

1987 4821 2080 4873 καὶ
2107 4819 2254 4873 θεοί·
2288 4820 2403 4884 πῶς
2447 4816 2538 4873 οὖν
2583 4820 2782 4885 πάντες
2826 4820 3040 4892 ἀθρόως
3067 4821 3217 4893 αύτῷ
3257 4822 3576 4895 Ἀσκληπιῷ

1985 4912 2306 4981 πεφεύγασι,
2359 4913 2428 4967 τά
2475 4912 2620 4966 νῶτα
2672 4912 2750 4984 τῷ
2806 4913 3007 4986 θνητῷ,
3057 4915 3152 4968 καὶ
3205 4915 3385 4968 πᾶσαν
3440 4912 3577 4984 ἑξῆς

1985 5005 2292 5076 ὑποχείριον
2316 5005 2415 5074 τὴν
2438 5005 2830 5077 άνθρωπότητα
2867 5006 2944 5078 τῷ
2991 5007 3182 5079 μηκέτ’
3216 5007 3349 5070 ὄντι,
3393 5006 3469 5071 ὡς
3501 5006 3574 5062 ἂν

1983 5095 2187 5149 εἴποιεν
2220 5098 2394 5160 αὐτοὶ,
2421 5097 2900 5169 παραδεδωκότες;
2943 5099 3004 5152 Ὀ
3041 5099 3099 5151 δὲ
3126 5099 3220 5155 καὶ
3249 5101 3384 5171 μετὰ
3410 5099 3573 5154 θάνα-

302 5191 434 5247 ergo
463 5178 544 5233 vel
571 5180 731 5236 istius
757 5179 1129 5248 confessione,
1163 5181 1321 5249 nihil,
1353 5196 1418 5236 ex
1439 5197 1548 5252 quo
1575 5180 1762 5236 Iesum
1795 5197 1884 5238 co-

2008 5207 2070 5242 ·ον
2110 5187 2262 5263 παρὰ
2301 5191 2434 5243 πᾶσι
2463 5193 2575 5254 τοῖς
2602 5189 2810 5244 ἔθνεσιν
2849 5191 3120 5264 ὁσημέραι
3153 5190 3446 5255 διαιωνίζει
3480 5209 3572 5245 τι·-

303 5270 414 5324 lere
447 5279 748 5340 coeperunt,
772 5275 1082 5328 communis
1111 5289 1175 5329 ac
1204 5273 1434 5343 publicae
1482 5274 1707 5328 deorum
1761 5275 1881 5344 opis

2008 5280 2252 5352 ιὼμενος,
2283 5282 2539 5353 ἄντικρυς
2571 5284 2669 5353 τῆς
2705 5283 2842 5354 μετὰ
2870 5282 3100 5338 θάνατον
3139 5283 3283 5354 ζωῆς
3309 5284 3370 5337 τὸ
3399 5287 3570 5358 ἐναρ-

303 5361 594 5431 quisquam
623 5373 878 5434 expertus
907 5375 1013 5430 est,
1041 5364 1358 5434 Esculapio
1386 5365 1549 5420 simul
1575 5382 1638 5421 ac
1667 5366 1882 5436 reliqua

2008 5374 2072 5437 ’ἐς
2115 5375 2206 5427 καὶ
2235 5373 2411 5428 ἔνθεον
2438 5378 2548 5439 τοῖς
2585 5376 2716 5440 οἵοις
2743 5393 2802 5428 τε
2842 5378 3069 5448 συνορᾶν
3103 5376 3565 5447 ἐπιδεικνύμενος.

307 5453 470 5523 180
499 5455 785 5510 numinum
819 5457 978 5512 turba
1007 5473 1072 5511 ex
1110 5457 1392 5511 hominum
1441 5458 1701 5513 societate
1741 5459 1878 5513 sub-

2008 5466 2150 5520 Αλλά
2179 5467 2271 5520 καὶ
2291 5461 2371 5530 εἷς
2401 5466 2496 5530 ὢν,
2533 5468 2627 5521 καὶ
2657 5467 2727 5533 ὡς
2759 5469 2823 5523 ἄν
2859 5487 2943 5533 τις
2973 5469 3250 5536 ὑπολάϐοι,
3284 5469 3462 5541 μόνος,
3502 5471 3569 5524 τὸ

303 5557 449 5600 mota
480 5567 494 5602 :
531 5549 674 5604 unde
698 5551 910 5605 tandem
938 5567 1075 5606 vana
1099 5551 1167 5607 de
1207 5552 1312 5606 illis
1348 5562 1606 5622 tanquam
1659 5553 1726 5608 de
1773 5555 1879 5611 diis

2008 5557 2180 5628 πλῆθος
2210 5558 2318 5612 τῶν
2357 5558 2460 5612 άνᾶι
2496 5562 2674 5613 πᾶσαν
2713 5560 2812 5631 τὴν
2855 5561 3178 5634 οἰκουμένην
3221 5561 3356 5615 θεῶν
3401 5562 3570 5616 ἐλαύ-ι

301 5648 396 5693 aut
439 5640 696 5698 heroibus
740 5643 1013 5713 subrepsit
1045 5645 1262 5715 opinio?
1295 5643 1495 5711 Quidni
1525 5647 1670 5700 enim
1694 5648 1878 5716 potius

2008 5667 2054 5703 ει
2073 5667 2087 5682 ο
2119 5650 2209 5702 καὶ¹
2232 5651 2328 5713 τάς
2353 5666 2416 5717 γε
2441 5667 2490 5701 τι
2499 5651 2604 5721 μὰς
2630 5653 2810 5704 αὐτῶν
2846 5653 3052 5707 ἀθετῶν
3090 5657 3298 5724 κρατεῖ,
3321 5655 3397 5718 ὠς
3431 5657 3564 5719 τοὺς

304 5729 604 5803 Esculapii
632 5741 1061 5808 ceterorumque
1083 5738 1166 5793 vis
1203 5737 1452 5806 deorum,
1477 5735 1604 5794 Jesu
1634 5746 1877 5808 potesta-

2008 5740 2078 5796 μὲν
2109 5738 2262 5806 θεοὺς
2303 5741 2491 5814 μηκέτ’
2519 5737 2678 5808 εἶναι,
2719 5743 2840 5816 μηδ’
2865 5746 3126 5816 ἐνεργεῖν,
3163 5745 3296 5818 μηδέ
3329 5763 3417 5800 ποι
3450 5764 3561 5802 παι
