3850 6222
168 313 280 368 51⁸5

1353 306 1680 364 ΡΒᾹΞΡΑΒ.
1725 305 1978 362 EVANG.
2021 303 2150 358 LIB.
2194 302 2254 357 ν.

3349 299 3456 354 5M

169 432 550 504 ραςιαίνεσθαι,
576 432 710 504 μηδὲ
750 431 995 502 συνήθως
1028 434 1148 496 ταῖς
1187 432 1406 486 πόλεσιν
1453 432 1731 502 ἐπιδημεῖν

1836 485 1837 488 η
1867 440 1974 484 tem
2010 444 2075 484 ac
2107 441 2308 482 numen
2338 422 2568 481 evertit?
2589 418 2903 485 Enimvero,
2932 422 2979 476 si
3021 421 3188 478 homo
3220 418 3311 476 ille
3331 429 3456 478 tan-

160 527 244 579 ὅτι
270 524 347 595 μὴ
374 523 509 588 θεοὶ,
555 524 807 595 δαίμονες
831 523 875 576 δ’
911 519 1051 595 ἦσαν
1086 524 1347 596 πονηροί·
1388 524 1548 594 μόνου
1570 523 1626 576 δὲ
1659 524 1755 576 αὑ-

158 617 280 682 τοῦ,
316 621 416 672 καὶ
448 618 543 672 τοῦ
570 619 1030 690 καταπέμψαντος
1078 620 1244 672 αὐτὸν
1290 619 1425 672 Θεοῦ
1474 618 1584 672 τῶν
1617 617 1754 670 ὅλων

161 709 348 777 αὔξειν
373 711 645 783 ὁσημέραι
677 710 780 775 τὰς
813 711 998 782 τιμὰς,
1048 713 1143 764 καὶ⁵
1191 713 1271 775 είς
1315 711 1498 782 μεῖζον
1533 712 1753 782 ἀρεταῖς

163 802 284 856 καθ’
313 803 448 873 ὅλης
467 803 570 871 τῆς
605 804 1023 877 ἀνθρωπότητος
1054 804 1348 858 ἐπιδιδόναι
1367 822 1379 834 ·
1415 803 1533 856 δέον
1575 802 1752 872 ἐμπα-

161 893 240 947 λιν
265 895 396 958 τοὺς
429 896 528 966 μὲν
556 897 728 961 θεοὺς,
773 899 821 950 εἰ
848 897 910 968 δή
945 915 1087 961 τινες
1124 898 1294 960 ὅντως
1334 892 1470 968 ἦσαν
1510 894 1620 949 τῶν
1659 894 1752 946 ἐπὶ

160 984 265 1055 τῆς
297 985 618 1056 κηδεμόνες,
665 985 761 1039 τοῦ
810 987 909 1057 μὲν
951 987 1118 1058 ἄρδην
1164 984 1605 1058 μεταστήσασθαι
1652 984 1751 1056 τὴν

161 1074 390 1144 πλάνην,
426 1076 476 1126 εξ
502 1076 608 1146 ἄρα
635 1093 720 1138 τις
743 1071 842 1145 ἦν·
873 1077 1068 1140 αὐτοὺς
1097 1077 1154 1130 δὲ
1182 1078 1281 1139 τὰς
1309 1074 1369 1140 ἐξ
1399 1073 1576 1128 αὐτῶν
1597 1073 1752 1144 θερα-

162 1166 318 1230 mia;
352 1182 416 1218 τε
447 1168 542 1219 καὶ
568 1166 835 1236 ὡφελείας
869 1169 1112 1237 ἀφθόνως
1152 1171 1270 1232 τοῖς
1303 1170 1466 1221 πᾶσιν
1505 1165 1750 1239 ἐμπαρέ-

158 1276 288 1328 χειν.
328 1259 473 1312 Νυνὶ
513 1260 572 1313 δὲ
631 1261 802 1324 τοίςδε
872 1263 966 1314 καὶ
1005 1261 1151 1314 τοῦτ’
1198 1262 1608 1332 ἐπικεχείρηται
1650 1261 1749 1331 μὲν

158 1349 421 1415 πολλάκις
451 1351 541 1405 διὰ
584 1351 692 1406 τῶν
731 1352 876 1406 κατὰ
916 1355 1139 1425 χρόνους
1178 1354 1475 1426 ἀρχόντων,
1504 1353 1603 1424 τὴν
1651 1351 1746 1406 τοῦ

157 1443 414 1513 ἣπῆρος
441 1445 596 1515 ήμῶν
628 1447 993 1516 κραταιότατα
1035 1447 1459 1519 πολεμησάντων
1495 1445 1747 1498 διδασκα-

156 1531 298 1586 λίανο
335 1535 623 1606 ἄπρακτον
648 1535 693 1588 δ’
718 1537 867 1607 ὅμως
906 1536 1132 1606 εὕραντο
1162 1538 1263 1608 τῆς
1290 1535 1657 1606 ἐγχειρήσεως
1684 1533 1747 1586 τὸ

152 1624 336 1688 τέλος,
384 1624 768 1698 ὁπερνικὼσης
813 1629 938 1692 τοὺς
981 1629 1189 1693 πάντας
1243 1629 1330 1681 ἀεὶ
1370 1628 1470 1698 τῆς
1503 1627 1599 1680 τοῦ
1628 1618 1742 1679 2w:-

151 1714 316 1786 τῆρος
342 1716 505 1787 ἡμῶν
534 1718 718 1772 ἐνθέου
752 1719 1053 1790 δυνάμεως,
1089 1721 1182 1774 καὶ
1231 1721 1410 1783 πάσας
1455 1720 1557 1783 τὰς
1601 1718 1745 1773 κατὰ

1862 531 1978 576 tum
2007 528 2111 584 est,
2152 528 2213 574 ut
2241 517 2346 588 ipsi
2379 517 2665 588 garriunt,
2723 515 2888 570 morti
2943 514 3218 571 obnoxius
3248 512 3450 584 (impo-

1861 620 2066 668 storem
2104 609 2243 666 forte
2269 626 2333 666 ac
2361 610 2738 666 circulatorem
2769 607 2933 664 etiam
2979 605 3307 683 addiderint)
3335 647 3352 673 ,
3395 606 3449 660 hi

1860 711 2051 760 contra
2081 713 2388 760 servatores
2419 719 2484 758 ac
2528 703 2626 769 dii,
2648 703 2743 773 qui
2773 702 2888 758 ﬁeri
2917 701 3115 772 potuit,
3146 700 3224 755 uti
3259 697 3445 769 fugam

1861 797 2026 852 simul
2079 812 2271 852 omnes
2303 811 2432 850 cum
2465 794 2789 866 Esculapio
2825 801 3206 863 capesserent,
3241 798 3438 845 morta-

1858 887 2005 957 lique
2033 887 2264 953 homini,
2287 888 2492 957 quique
2522 887 2727 952 nullus,
2754 894 2829 948 ut.
2855 886 3159 950 blaterant,
3213 881 3443 938 omnino

1855 979 1966 1050 jam
2007 978 2098 1044 sit,
2131 995 2238 1033 non
2273 988 2422 1049 terga
2445 978 2639 1033 darent
2670 979 2772 1049 ipsi
2805 979 2991 1043 modo,
3033 976 3127 1034 sed
3153 976 3316 1031 etiam
3342 976 3445 1031 hu-

1857 1087 2079 1127 manum
2118 1087 2290 1142 genus
2321 1073 2478 1142 quasi
2498 1072 2740 1127 vinctum
2769 1072 3027 1141 deinceps
3053 1070 3444 1126 consuictum-

1856 1181 1964 1236 que
1995 1165 2276 1220 traderent
2302 1164 2661 1220 universum?
2693 1163 2764 1218 At
2781 1177 2912 1218 vero
2929 1160 3088 1218 Jesus
3110 1162 3202 1217 ille
3234 1169 3442 1226 noster,

1855 1258 1959 1313 hoc
1982 1257 2102 1327 ipso
2128 1273 2280 1322 sane,
2317 1257 2463 1327 quod
2494 1257 2660 1312 etiam
2686 1266 2809 1327 post
2833 1256 3042 1312 obitum
3075 1256 3220 1311 inter
3247 1271 3441 1312 omnes

1853 1350 2084 1421 pepulos
2146 1349 2384 1404 nominis
2437 1349 2522 1404 sui
2572 1349 2779 1404 cultum
2839 1350 3087 1420 quotidie
3137 1362 3441 1420 propagare

1852 1439 2048 1509 pergit,
2079 1438 2447 1494 clarissimum
2482 1454 2720 1511 vereque
2747 1440 2994 1496 divinum
3030 1441 3121 1505 iis,
3156 1441 3250 1512 qui
3277 1442 3441 1496 modo

1853 1530 2050 1585 intueri
2092 1538 2344 1600 possunt,
2371 1531 2496 1585 vita:
2530 1539 2656 1601 post
2689 1544 2918 1587 mortem
2975 1548 3089 1588 sua:
3127 1533 3316 1602 objicit
3346 1547 3437 1586 ar-

1851 1631 2185 1692 gumentum.
2222 1621 2312 1678 Ille
2341 1623 2526 1694 igitur,
2562 1639 2706 1678 unus
2737 1625 2853 1694 ipsa
2895 1641 3021 1680 cum
3053 1627 3145 1692 sit,
3180 1635 3344 1695 atque
3376 1634 3436 1680 ut

1850 1715 2119 1785 suspicari
2151 1717 2277 1786 quis
2309 1715 2450 1772 forte
2487 1725 2673 1786 queat,
2707 1717 2866 1786 plane
2897 1718 3069 1781 solus,
3105 1719 3432 1774 immensam

145 1807 246 1875 τῆς
273 1806 628 1872 διδασκαλίας
658 1809 826 1863 αὑτοῦ
869 1810 978 1863 τῶν
1015 1810 1266 1882 πονηρῶν
1300 1809 1568 1878 δαιμόνων
1605 1811 1731 1862 ἑπα-

1840 1805 1988 1861 illam
2023 1815 2104 1862 tot
2125 1807 2356 1864 deorum
2403 1816 2519 1863 toto
2550 1809 2827 1878 quondam
2859 1810 2992 1864 orbe
3024 1811 3429 1865 dominantium

147 1898 445 1963 ναστάπις
475 1900 864 1972 καθαιρούσης.
891 1901 1085 1964 αὐτούς
1128 1919 1188 1954 τε
1233 1900 1587 1970 ἐλαυνούσης·
1625 1899 1742 1952 δαί-

149 2008 318 2060 μονας
345 1993 448 2063 μὲν
476 1992 693 2064 ἀληθῶς
732 1994 968 2063 φαύλους
993 1994 1172 2060 ὄντας,
1200 1994 1409 2064 ψευδῶς
1436 1993 1491 2046 δὲ
1526 2009 1740 2064 νενομι-

146 2082 381 2151 σμένους
407 2081 550 2138 εἶναι
579 2084 758 2149 θεοὺς,
782 2086 815 2157 ἢ
851 2087 946 2139 καὶ
975 2085 1214 2155 ἀγαθοὺς
1241 2085 1519 2156 δαίμονας.

1846 1898 2252 1956 multitudinem
2285 1902 2635 1966 exterminat,
2664 1915 2838 1972 eaque
2883 1911 3154 1973 potestate
3184 1904 3427 1973 ipsorum

1844 1992 2111 2047 honorem
2136 1999 2192 2047 et
2215 1990 2420 2048 cultum
2451 1995 2786 2064 contemptui
2820 1994 3164 2065 ludibrioque
3185 1995 3428 2064 sulijicii,

1843 2093 1906 2137 ut
1931 2097 2032 2138 nec
2065 2082 2162 2138 ulli
2191 2083 2428 2152 amplius
2455 2084 2528 2138 dii
2559 2084 2699 2146 sint,
2748 2100 2848 2141 nec
2877 2086 3074 2140 virium
3126 2085 3426 2155 quidquam

146 2172 408 2242 habeant,
447 2193 550 2232 nec
593 2178 808 2247 uspiam
850 2177 936 2231 vel
969 2177 1157 2231 leviter
1200 2183 1516 2245 appareant,
1571 2188 1673 2228 nec
1718 2173 1770 2227 in
1813 2173 2095 2228 civitatum
2133 2183 2457 2238 conventus,
2500 2186 2560 2230 nt
2593 2175 2762 2243 olim,
2824 2190 2946 2232 sese
3002 2177 3236 2247 amplius
3285 2175 3424 2231 inl'e~

139 2276 284 2334 rant,
326 2278 522 2341 utpote
546 2272 641 2342 qui
669 2287 779 2327 non
805 2272 902 2337 dii,
935 2272 1028 2326 sed
1055 2272 1180 2325 ntali
1205 2272 1480 2325 daemones
1509 2279 1690 2324 essent
1717 2287 1730 2323 :
1771 2278 1960 2323 contra
2011 2285 2141 2325 vero
2163 2269 2368 2325 Christi
2399 2274 2562 2328 unius
2588 2271 2875 2334 duntaxat,
2910 2272 3164 2343 ejusque,
3227 2289 3258 2328 a
3313 2288 3426 2342 quo

140 2361 352 2416 missus
407 2371 516 2428 est,
571 2363 665 2417 Dei
721 2377 905 2417 rerum
957 2362 1202 2416 omnium
1243 2361 1590 2430 praepotentis
1616 2361 1897 2416 veneratio
1946 2361 2120 2432 magis
2152 2361 2206 2415 in
2237 2361 2354 2417 dies
2383 2377 2448 2417 ac
2477 2364 2650 2434 magis
2681 2373 2944 2432 augeatur
2965 2404 2978 2428 ,
3018 2381 3268 2434 novaque
3296 2380 3421 2420 cum

134 2454 460 2510 accessione
485 2453 789 2525 dignitatis,
817 2455 1026 2511 radices
1053 2457 1106 2510 in
1160 2455 1487 2525 populorum
1543 2455 1789 2509 omnium
1831 2456 2109 2510 mentibus
2139 2465 2264 2527 agat
2288 2456 2535 2512 altiores.
2580 2456 2877 2528 Oportebat
2909 2459 3098 2530 utique
3130 2459 3263 2514 deos
3298 2459 3425 2521 illo;

132 2546 352 2613 potius,
413 2546 463 2602 si
524 2547 617 2617 qui
648 2564 829 2603 rerum
876 2550 1238 2603 humanarum
1268 2563 1395 2602 vere
1441 2564 1629 2603 curam
1678 2547 1962 2613 haberent,
2010 2560 2327 2604 nascentem
2379 2550 2525 2606 illius
2571 2567 2843 2618 errorem,
2891 2552 2935 2607 si
2963 2553 3088 2623 quis
3115 2553 3421 2609 existebat.

131 2639 390 2698 funditus
423 2646 746 2714 exstirpare,
778 2646 897 2714 opis
953 2659 1083 2700 vero
1113 2644 1415 2715 auxiliique
1455 2646 1540 2700 sui
1581 2645 1861 2699 liberalem
1904 2660 1969 2700 ac
2008 2647 2277 2714 prolixam
2328 2647 2586 2702 omnibus
2629 2649 2844 2717 capiam
2905 2646 3106 2702 facere.
3143 2647 3309 2717 Atqui
3367 2646 3422 2702 id

129 2739 318 2793 conati
363 2741 585 2810 quidem
625 2742 927 2812 saepissime
969 2743 1044 2797 illi
1075 2752 1225 2806 sunt,
1265 2757 1391 2797 cum
1415 2743 1598 2798 varios
1624 2743 1794 2798 variis
1831 2743 2175 2812 temporibus
2226 2743 2587 2808 imperatores
2647 2743 2715 2799 ad
2757 2742 3067 2798 Servatoris
3116 2741 3289 2796 nostri
3323 2740 3423 2796 do-

131 2845 379 2890 ctrinam
415 2837 627 2892 viribus
666 2839 922 2894 omnibus
974 2839 1392 2910 oppugnandam
1446 2838 1865 2894 inflammarent.
1928 2838 2036 2894 Sed
2079 2838 2227 2893 inani
2274 2839 2436 2909 plane
2479 2840 2742 2908 irritoque
2804 2846 3037 2904 conatu,
3081 2835 3226 2906 quod
3284 2834 3425 2889 divi-

131 2945 259 2983 num
295 2931 440 2984 illud
469 2930 776 2988 Assertoris
817 2935 988 2990 nostri
1029 2951 1230 2988 numen
1283 2935 1549 2990 illustrem
1579 2950 1794 3004 semper
1830 2949 1898 2990 ex
1944 2935 2200 2989 omnibus
2231 2934 2515 2990 victoriam
2546 2934 2858 3005 reportarit,
2890 2941 3227 3002 cunctosque
3249 2931 3424 3002 pessi-

130 3041 355 3081 morum
405 3027 714 3083 daemonum
761 3031 1022 3087 adversus
1063 3033 1368 3087 doctrinam
1410 3048 1566 3088 suam
1613 3032 1849 3102 impetus
1880 3031 2198 3103 dissiparit,
2228 3033 2360 3101 [imo
2405 3032 2682 3090 daemones
2743 3032 2908 3087 etiam
2949 3031 3120 3101 ipsos,
3155 3029 3248 3100 qui
3297 3040 3424 3083 vere

131 3117 374 3187 improbi
397 3117 677 3174 damones
703 3135 828 3174 cum
877 3131 1080 3180 essent.
1113 3120 1254 3176 falso
1285 3132 1471 3176 tamen
1497 3138 1594 3192 pro
1620 3121 1724 3178 diis
1764 3122 2035 3192 bonisque
2058 3122 2398 3178 daemonibus
2427 3123 2786 3183 habebantur,
2811 3121 3098 3192 expulerit.

672 3209 1071 3263 ΚΕΦΔΛΑΙΟΝ
1121 3210 1194 3263 B’.

275 3299 381 3364 Ὶῖς
412 3301 448 3352 ὀ
478 3300 696 3366 τρόπος
730 3299 838 3368 τῆς
873 3301 1224 3370 δαιμονικῆς
1250 3303 1573 3374 ἐνεργείας.

193 3389 322 3442 Οἵδε
360 3387 496 3456 γοῦν
534 3389 803 3460 περίγειοί
856 3408 999 3455 τινες
1040 3395 1193 3456 ὄντες
1219 3393 1313 3446 καὶ
1360 3394 1724 3464 καταχθόνιοι,

127 3483 214 3534 τόν
241 3499 303 3535 τε
338 3484 436 3535 ἐπὶ
460 3485 565 3553 γῆς
595 3482 766 3554 βαρὺν
808 3484 903 3537 καὶ
951 3483 1179 3556 ζοφερὸν
1209 3485 1348 3558 ἀέρα
1379 3485 1729 3557 περιπολοῦν-

127 3591 237 3639 τες,
271 3577 370 3629 καὶ
414 3576 479 3630 τὸ
523 3577 758 3641 σκότιον,
816 3577 910 3630 καὶ
956 3575 1160 3646 ’γεῶδες
1216 3581 1531 3651 οἰκητήριον
1581 3579 1725 3650 ἔχειν

131 3669 620 3740 κατακεκριμένοι,
647 3668 712 3721 δι’
743 3669 808 3732 ἃς
839 3669 1064 3742 ὕστερον
1119 3670 1473 3743 ἀποδώσομεν
1521 3673 1720 3735 αἰτίας·

131 3754 319 3823 τάφοις
351 3757 570 3826 νεκρῶν
625 3758 719 3810 καὶ
755 3758 1021 3828 μνήμασι,
1079 3759 1174 3812 καὶ
1225 3761 1375 3833 πάσῃ
1401 3764 1467 3833 τῇ
1507 3763 1725 3834 μυσαρᾷ

135 3847 218 3898 καὶ
236 3847 547 3917 ἀκαθάρτῳ
577 3846 678 3920 ὕλῃ
703 3847 1126 3921 φιλοχωροῦντες
1157 3850 1291 3923 (67),
1317 3853 1509 3924 αἴμασί
1536 3871 1594 3907 τε
1629 3857 1725 3909 καὶ

134 3937 367 4007 λύθροις,
395 3939 498 3991 καὶ
525 3940 797 3996 παντοίων
826 3941 979 4004 ζώων
1016 3941 1254 4013 σώμασι,
1294 3948 1360 4016 τῇ
1389 3963 1450 4014 τε
1503 3947 1568 3999 ἐκ
1613 3947 1723 4000 τῶν

135 4032 626 4103 ἀναθυμιωμένων,
692 4035 788 4086 καὶ
835 4035 942 4087 ἀπὸ
991 4037 1091 4105 τῆς
1133 4037 1237 4108 γῆς
1283 4037 1724 4110 ὲξατμιζομένων

136 4122 375 4177 ἀναδόσει
428 4124 740 4194 χαίροντες·
797 4126 852 4178 οἵ
900 4144 960 4180 τε
1005 4127 1212 4182 τούτων
1259 4128 1517 4200 ἄρχοντες
1547 4130 1723 4203 ἀέρωί

140 4232 270 4281 τινες
304 4219 671 4289 ὑπάρχοντες,
711 4218 744 4270 ’ὃ
787 4219 882 4272 καὶ
919 4220 1266 4291 καταχθόνιοι
1295 4221 1574 4292 δυνάμεις,
1597 4224 1722 4276 ἐπεὶ

136 4310 440 4382 κατέμαθον
475 4311 536 4364 τὸ
564 4310 906 4383 ἀνθρώπινον
933 4313 1090 4381 γένος
1136 4314 1288 4367 κάτω
1333 4332 1437 4367 που
1474 4316 1602 4387 περὶ
1633 4332 1722 4369 vs-

137 4403 272 4472 κρῶν
301 4403 522 4474 ἀνδρῶν
573 4403 847 4458 θεοποιίαν
875 4404 1268 4476 ἰλυσπώμενον,
1299 4406 1510 4471 θυσίαις
1533 4425 1593 4460 τε
1626 4408 1721 4461 καὶ

138 4497 400 4561 κνίσσαις,
427 4499 554 4561 ταῖς
585 4499 648 4570 δὴ
673 4499 908 4567 μάλιστα
953 4500 1138 4564 αὐτοῖς
1179 4501 1602 4572 κεχαρισμέναις
1631 4501 1718 4555 διὰ

2347 3213 2504 3282 131
2550 3211 2781 3267 CAPUT
2822 3212 2884 3268 ιι.

1959 3303 2219 3369 Quanam
2247 3306 2547 3359 daemonum
2585 3307 2892 3374 imposturw
2929 3309 3069 3358 ratio
3101 3306 3286 3376 fuerit.

1900 3394 2193 3450 Enimvero
2223 3412 2348 3451 cum
2375 3397 2518 3450 circa
2545 3398 2850 3466 graviorem
2882 3396 3049 3462 hunc,
3078 3397 3172 3466 qui
3211 3411 3240 3449 a
3271 3405 3415 3449 terra

1827 3487 2078 3555 proxime
2099 3488 2274 3551 abest,
2301 3496 2355 3541 et
2385 3488 2747 3558 caliginosum
2803 3503 2986 3542 aerem
3014 3527 3029 3552 ,
3067 3495 3255 3557 utpote
3291 3501 3414 3540 om-

1828 3583 1960 3636 nino
2009 3583 2207 3637 terreni
2237 3585 2645 3648 volutarentur,
2695 3591 2860 3653 atque
2893 3582 2960 3636 ad
3008 3583 3413 3637 tenebricosum

1825 3675 1932 3729 hoc
1959 3684 2010 3730 et
2041 3685 2299 3731 terrestre
2321 3675 2682 3741 domicilium,
2715 3677 2786 3731 ob
2811 3692 2926 3742 eas,
2951 3692 3074 3746 qum
3103 3675 3268 3746 paulo
3291 3684 3414 3744 post

1825 3780 1856 3819 a
1891 3766 2052 3820 nobis
2078 3766 2411 3833 aﬂerentur,
2446 3783 2643 3822 causas
2681 3766 2922 3822 damnati
2970 3775 3190 3831 essent;
3246 3766 3412 3819 adeo-

1824 3872 1930 3926 que
1959 3857 2025 3912 ad
2053 3857 2318 3923 tumulos,
2345 3857 2529 3921 busta,
2557 3873 2624 3911 ac
2672 3857 2939 3926 reliquam
2993 3855 3047 3910 id
3101 3871 3272 3924 genus
3323 3844 3415 3908 fu?

1825 3956 2035 4002 nestam
2087 3948 2469 4018 impuramqne
2499 3948 2782 4002 materiam
2827 3946 3302 4012 adhmrescerent,
3356 3956 3411 4002 et

1823 4037 2090 4107 sanguine
2143 4053 2208 4092 ac
2241 4039 2416 4103 sanie,
2449 4039 2739 4107 omnisque
2785 4037 3000 4107 generis
3047 4036 3410 4092 animantium

1822 4131 2168 4200 corporibus,
2194 4145 2294 4186 nec
2345 4146 2454 4184 non
2502 4145 2686 4185 rerum
2724 4129 3076 4183 odoratarum
3129 4126 3312 4182 snﬂitu
3346 4144 3412 4184 ac

1823 4239 2023 4293 vapore
2053 4224 2490 4291 delectarentur;
2554 4222 2830 4292 simulque
2870 4237 3061 4276 eorum
3091 4221 3367 4292 principes
3391 4262 3410 4289 ,

1822 4317 1936 4370 sive
1963 4317 2140 4372 aerias
2170 4315 2436 4386 quasdam
2459 4353 2476 4380 ,
2527 4315 2644 4370 sive
2676 4322 2924 4370 terrenas
2977 4320 3275 4383 potestates
3307 4329 3410 4367 vo-

1821 4424 1946 4463 care
1983 4409 2162 4473 malis,
2188 4424 2314 4465 cum
2346 4422 2518 4478 genus
2558 4407 2862 4461 humanum
2902 4405 3284 4476 indignissima
3310 4405 3412 4460 ho-

1822 4505 2031 4558 minum
2069 4513 2414 4558 mortuorum
2461 4501 2881 4558 consecratione
2907 4511 3234 4570 occupatum
3264 4539 3278 4565 ,
3325 4515 3410 4556 sa-

138 4591 307 4664 πάσης
337 4592 582 4661 σπουδῆς
612 4593 1028 4664 ἐκπονούμενον,
1062 4571 1291 4662 ἐγγύθεν
1324 4571 1562 4665 ἔφεδροι,
1622 4595 1721 4648 καὶ

1836 4595 2045 4650 :riliciis
2071 4611 2136 4649 ac
2162 4595 2356 4650 nidore
2383 4594 2653 4656 carnium,
2677 4593 2880 4662 quibus
2913 4591 3003 4645 isti
3031 4591 3197 4647 rebus
3231 4599 3411 4647 tanto~

137 4689 381 4759 συνεργοὶ
412 4687 519 4756 τῆς
570 4686 778 4758 πλάνης
806 4687 1082 4759 παρῆσαν,
1132 4690 1246 4751 τοῖς
1271 4687 1379 4742 τῶν
1418 4687 1721 4760 ἀνθρώπων

134 4784 314 4845 κακοῖς
372 4779 787 4852 ὲπεντρίόοντες
819 4780 952 4850 (68),
1007 4781 1101 4835 καὶ
1145 4784 1272 4846 τοὺς
1327 4781 1589 4852 ἠλιθίους,
1626 4784 1720 4837 καὶ

133 4871 221 4934 τὰς
254 4871 439 4942 ψυχὰς
491 4873 737 4943 εὐχερεῖς
789 4873 1107 4938 ἀπατῶντες
1157 4875 1404 4946 κινήσεσί
1455 4892 1564 4928 τισι
1609 4875 1719 4930 τῶν

134 4959 348 5029 ξοάνων,
387 4964 427 5019 ἃ
480 4963 544 5034 δὴ
593 4965 686 5018 ἐπὶ
739 4967 870 5036 τιμῇ
915 4965 1025 5019 τῶν
1077 4968 1479 5038 κατοιχομένων
1507 4968 1718 5040 ἀνδρῶν

133 5057 258 5126 πρὶς
285 5057 400 5110 τῶν
421 5057 673 5110 παλαιῶν
702 5057 1023 5128 ἀφιέρωται,
1051 5059 1146 5111 καὶ
1190 5062 1312 5122 ταῖς
1341 5058 1430 5113 διὰ
1448 5060 1714 5132 χρησμῶν

133 5150 474 5214 φαντασίαις,
513 5148 832 5220 θεραπείαις
869 5167 928 5204 τε
980 5151 1272 5220 σωμάτων,
1304 5150 1341 5204 ἃ.
1394 5151 1481 5204 διὰ
1512 5153 1611 5223 τῆς
1638 5155 1716 5207 οξ-

134 5239 273 5305 κείας
319 5241 514 5295 αὐτῶν
572 5239 888 5311 δαιμονικῆς
953 5242 1234 5312 ἐνεργείας
1291 5243 1512 5311 ἀφανῶς
1559 5245 1714 5298 αὐτοὶ

136 5333 532 5403 λυμαινόμενοι,
565 5332 726 5386 πάλιν
763 5335 809 5386 oi
837 5335 992 5387 αὐτοὶ
1039 5334 1127 5388 διὰ
1159 5336 1257 5406 τῆς
1290 5335 1351 5400 ἐξ
1383 5336 1562 5390 αὐτῶν
1587 5338 1711 5390 ἀνέ-

138 5438 256 5486 esto;
307 5423 636 5496 ἐλευθέρους
682 5424 791 5476 τῶν
833 5423 1022 5477 παθῶν
1075 5425 1323 5492 ἠφίεσαν.
1388 5428 1466 5478 Δι’
1512 5421 1588 5480 ὧν
1631 5428 1710 5480 ἔτι

142 5515 317 5578 μᾶλλον
351 5516 501 5568 κατὰ
533 5515 798 5586 κρημνῶν
822 5515 1014 5587 ἔφερον
1048 5519 1175 5580 τοὺς
1202 5517 1620 5588 δεισιδαίμονας,
1634 5519 1710 5581 ὡς

138 5606 310 5673 αὐτοὺς
343 5605 494 5663 εἶναι
519 5607 761 5678 νομίζειν
793 5609 922 5662 ποτὲ
955 5610 1052 5680 μὲν
1110 5611 1393 5682 οὐρανίους
1416 5612 1704 5682 δυνάμεις,

326 5722 847 5809 (ξελοχωρρρντες.
877 5723 1072 5809 Alani",
1097 5726 1624 5809 .éptptloxwpoﬁvreg.

1818 4705 1947 4758 pere
1974 4689 2334 4755 delectantur,
2381 4686 2530 4742 omni
2563 4685 2746 4743 studio
2777 4701 2975 4740 vacare
3005 4685 3409 4739 animadverte-

1817 4789 1975 4833 rent:
2013 4779 2158 4834 illico
2189 4788 2389 4849 praesto
2419 4780 2644 4843 adesse,
2705 4776 2939 4832 fovendo
2971 4777 3145 4831 errori
3183 4790 3406 4846 operam

1817 4887 2019 4926 navare
2055 4888 2236 4935 suam,
2267 4872 2555 4926 hominum
2585 4871 2743 4926 malis
2772 4870 3159 4933 incumbendo,
3193 4884 3259 4923 ac
3292 4877 3408 4922 sto-

1816 4964 1957 5020 lidos
1989 4965 2284 5033 facilesque
2337 4964 2552 5020 animos
2605 4963 2794 5018 nescio
2837 4963 3040 5034 quibus
3080 4960 3407 5016 simulacro-

1818 5073 1965 5122 rum,
2003 5073 2126 5127 quae
2153 5066 2365 5112 veteres
2395 5059 2450 5111 in
2481 5056 2866 5112 defunctorum
2914 5054 3178 5108 honorem
3208 5065 3408 5106 conse-

1817 5159 2060 5216 crarant,
2084 5150 2326 5205 motibus
2362 5151 2417 5203 in
2451 5148 2700 5203 fraudem
2732 5145 3062 5202 inducendo.
3094 5142 3309 5210 Quibus
3350 5151 3407 5197 et

1816 5243 2164 5299 oraculorum
2194 5243 2452 5314 speciem,
2483 5251 2537 5297 et
2567 5239 2917 5296 curationum
2944 5238 3160 5292 inanem
3211 5231 3397 5290 fucum

1817 5337 2111 5400 addebant,
2143 5351 2266 5390 cum
2319 5335 2412 5388 illa
2457 5334 2574 5402 ipsa
2626 5346 2882 5400 corpora,
2913 5343 3034 5399 quae
3082 5324 3296 5380 occulta
3346 5327 3400 5379 vi

1818 5429 1960 5484 male
2007 5428 2367 5498 torquebant,
2419 5428 2579 5482 iidem
2638 5425 2865 5479 remotis
2915 5418 3200 5475 maleﬁciis
3250 5417 3402 5472 omni

1817 5523 2165 5590 postmodum
2200 5522 2488 5576 vexatione
2516 5519 2831 5574 liberarent.
2861 5516 3039 5585 Atque
3072 5512 3189 5568 haec
3234 5519 3397 5575 sunt,

1813 5615 2016 5685 quibus
2049 5616 2303 5677 homines
2342 5615 2479 5673 adeo
2533 5609 2843 5685 prateipites
2875 5605 3144 5678 agebant,
3207 5609 3268 5659 ut
3302 5616 3401 5659 en:-

198 5793 296 5864 (63)
345 5795 850 5862 Ἐπεντρίόοντες.
877 5792 1069 5863 Μοιιι.,
1093 5792 1533 5869 ἐπεντρυζοῶντες
1554 5839 1568 5863 ,
1610 5800 1724 5854 insit

1836 5809 1952 5854 ιιεε.
