3880 6218
430 287 540 347 ειδ

1050 246 1353 352 .EUSEBII
1385 290 1867 354 CESABIENSIS
1900 297 1992 356 ΟΡ.

2109 300 2275 358 .’ARS
2308 301 2373 357 Π.
2413 329 2488 346 --
2513 301 3020 361 APOLOGETICA.

3606 303 3709 360 516

419 410 585 466 modo
612 409 864 469 caelestes
900 381 1166 483 quasdam
1211 430 1334 471 esse
1366 416 1598 473 virtutes
1624 457 1639 482 ,
1685 418 1852 475 modo
1882 435 1992 474 ver:

2115 420 2208 474 καί
2232 439 2385 486 τινας
2409 421 2626 494 άληθῶς
2651 423 2828 485 θεοὺς.
2857 422 2989 477 ποτὲ
3017 422 3074 476 δὲ
3100 421 3201 487 τὰς
3244 421 3353 477 τῶν
3406 422 3705 498 τεθεοποιη-

418 503 669 571 numina,
713 504 986 559 interdum
1032 506 1197 559 etiam
1247 507 1473 563 heroum
1528 509 1748 564 illorum
1794 510 2012 567 animos

417 602 692 662 putarent,
725 608 865 664 quos
896 595 1128 650 deorum
1183 597 1237 651 in
1273 598 1396 653 loco
1423 615 1767 671 numeroque
1798 604 2017 672 posuis-

417 693 559 739 sent.
592 683 728 739 Nam
778 686 853 741 ita
883 687 1105 743 demum
1159 690 1437 762 plerisque
1466 708 1598 749 sane
1648 696 1812 765 paulo
1844 697 2015 754 hone-

417 776 556 831 stior
589 787 643 832 et
674 778 941 834 illustrior
992 782 1200 837 erroris
1238 783 1403 853 hujus
1430 825 1446 851 ,
1499 785 1731 842 deorum
1770 788 2016 844 multitu-

414 869 597 924 dinem
629 870 955 939 invehentis,
988 874 1200 943 species
1228 876 1343 931 fore
1372 877 1679 945 videbatur,
1706 895 1831 935 cum
1867 895 1898 935 a
1924 897 2014 937 re-

412 960 517 1018 bus
543 962 685 1027 istis,
715 979 839 1034 quae
868 964 972 1020 sub
993 974 1278 1036 aspectum
1313 968 1538 1035 cadunt,
1573 970 1643 1024 ad
1673 970 1919 1039 ignotam
1957 980 2013 1028 et

411 1054 706 1110 obscuram
729 1071 920 1111 eorum
943 1057 1036 1127 qui
1064 1058 1119 1113 in
1144 1059 1458 1115 simulacris
1482 1060 1892 1125 delitescebant,
1913 1080 2013 1119 na-

414 1153 594 1201 turam
629 1148 889 1219 cogitatio
935 1151 1334 1219 traduceretur,
1363 1152 1556 1223 sicque
1578 1169 1782 1209 novum
1817 1171 2012 1226 super-

411 1238 622 1293 stitioni
648 1241 817 1295 robur
841 1240 1182 1314 adjungeret.
1216 1242 1332 1300 Hac
1358 1246 1445 1301 via
1477 1248 1680 1303 terreni
1709 1253 2008 1319 daemones,

407 1332 618 1404 quique
656 1334 804 1390 hunc
828 1349 1010 1391 aerem
1031 1337 1347 1395 insidebant
1381 1341 1573 1396 mundi
1609 1342 1908 1413 principes,
1943 1360 2010 1400 ae

406 1426 676 1497 spiritalia
705 1429 981 1498 nequitiae,
1007 1432 1214 1502 quique
1247 1434 1462 1491 caeteris
1496 1435 1563 1490 ad
1600 1435 2006 1506 improbitatem

2120 512 2297 584 μένων
2324 514 2520 587 ἡρώων
2551 514 2749 587 ψυχάς.
2767 515 3048 571 Ἐντεῦθεν
3072 514 3202 584 γοῦν
3237 516 3337 588 ήδη
3394 516 3597 587 μείζων
3626 534 3709 583 τις

2115 604 2213 658 καὶ
2242 606 2543 678 σεμνοτὲρα
2570 610 2682 671 τοῖς
2707 607 2920 671 πολλοῖς
2951 603 3091 661 εἶναι
3117 607 3398 677 ἐνομίζετο
3426 609 3461 678 ἡ
3489 607 3589 678 τῆς
3613 624 3710 661 πο-

2115 696 2306 751 λυθέου
2340 699 2548 768 πλάνης
2575 698 2870 771 ὑπόληψις,
2894 699 3324 771 μεταϐαινούσης
3348 699 3449 770 τῆς
3470 700 3711 764 διανοίας

2112 790 2222 843 ἀπὸ
2243 790 2352 844 τῶν
2375 792 2669 863 ὁρωμένων
2703 793 2795 846 ἐπὶ
2817 793 2879 846 τὸ
2910 793 3116 860 ἀφανὲς
3165 793 3275 847 τῶν
3325 792 3705 864 ἑγκρυπτομὲ-

2111 896 2219 934 νων
2243 884 2357 947 τοῖς
2392 880 2625 947 ξοάνοις,
2660 884 2753 936 καὶ
2777 883 2879 954 τὴν
2930 882 3140 955 πλάνην
3172 883 3560 957 κραταιότερον
3585 884 3709 937 ἐπι-

2111 974 2410 1048 κυρούσης.
2443 976 2607 1030 υῦτω
2634 977 2772 1048 δῆτα
2802 977 2990 1032 λοιπὸν
3039 978 3089 1031 ot
3115 977 3386 1048 περίγειοι
3411 975 3669 1046 δαίμονες
3690 1015 3710 1042 ,

2110 1068 2166 1120 οἵ
2189 1084 2249 1121 τε
2278 1068 2424 1139 ἀμφὶ
2450 1067 2542 1122 τὸν
2566 1068 2705 1141 ἀέρα
2745 1068 3215 1140 κοσμοκράτορες,
3244 1067 3337 1121 καὶ
3363 1066 3431 1120 τὰ
3460 1084 3711 1138 πνευμα-

2110 1157 2237 1212 τικὰ
2258 1160 2358 1228 τῆς
2389 1159 2677 1231 πονηρίας,
2708 1161 2763 1213 οἵ
2790 1177 2852 1213 τε
2882 1160 2976 1214 ἐπὶ
3036 1161 3202 1214 πᾶσιν
3248 1160 3432 1223 αὐτοῖς
3460 1160 3560 1231 τῆς
3603 1176 3710 1213 tta.-

2109 1247 2234 1312 κίας
2270 1246 2519 1321 ἐξάρχων
2553 1249 2692 1305 θεῶν
2734 1250 2845 1322 (69)
2869 1252 2921 1304 οἱ
2956 1251 3201 1321 μέγιστοι
3235 1250 3386 1321 παρὰ
3404 1253 3516 1314 τοῖς
3541 1252 3712 1306 πᾶσιν

2108 1339 2443 1411 ἐνομίζοντο·
2479 1342 2513 1413 ἦ
2542 1359 2603 1396 τε
2630 1342 2741 1397 τῶν
2772 1343 2940 1398 πάλαι
2973 1342 3185 1415 νεκρῶν
3215 1344 3403 1414 μνήμη
3434 1343 3533 1413 τῆς
3585 1342 3713 1414 μεί-

2111 1430 2262 1496 ζονος
2309 1431 2528 1502 ἠξιοῦτο
2564 1433 2887 1506 θεραπείας·
2917 1427 2992 1489 ὧν
3020 1435 3119 1499 τὰς
3153 1435 3251 1504 μὲν
3283 1433 3399 1488 τῶν
3437 1432 3713 1505 σωμάτων

408 1532 473 1573 ac
494 1519 761 1575 malitiam
789 1538 1009 1579 omnem
1045 1526 1332 1594 praeibam,
1377 1543 1725 1584 summorum
1768 1530 1871 1585 sibi
1900 1547 1992 1585 nu-

2111 1524 2254 1589 ῑδέας
2281 1528 2330 1578 ot
2362 1526 2472 1581 τῶν
2505 1526 2647 1581 κατὰ
2702 1529 2889 1594 πόλεις
2931 1528 3325 1601 ἀφιερωμένων
3371 1528 3595 1581 εἰκόνων
3621 1528 3717 1597 φέ-

408 1611 619 1667 minum
664 1615 980 1686 opinionem
1013 1618 1156 1688 apud
1202 1635 1395 1676 omnes
1429 1633 1842 1693 compararunt.
1886 1623 1992 1690 Qut

2110 1636 2224 1691 ρειν
2254 1620 2474 1675 ἐδόκουν
2497 1620 2678 1675 τύποι·
2707 1621 2806 1687 τὰς
2837 1622 2895 1675 δὲ
2918 1621 3096 1692 ψυχὰς
3125 1623 3221 1677 καὶ
3246 1623 3345 1687 τὰς
3371 1620 3590 1685 ὲνθέους
3611 1621 3715 1676 καὶ

406 1702 612 1759 factum
641 1744 657 1770 ,
708 1715 768 1761 ut
797 1708 1086 1764 hominum
1122 1726 1288 1767 sensu
1317 1713 1527 1783 pridem
1564 1715 1786 1785 vitaque
1817 1731 1992 1772 caren-

2109 1711 2434 1781 ἀσωμάτους
2466 1713 2725 1785 δυνάμεις
2749 1714 2799 1767 οί
2830 1714 3027 1784 φαῦλοι
3075 1714 3328 1785 δαίμονες
3368 1712 3713 1786 καθυπεκρί-

404 1795 544 1851 tium
575 1800 841 1855 memoria
886 1802 1282 1870 prolixioribus
1328 1803 1521 1861 olliciis
1550 1807 1846 1873 coleretur,
1875 1824 1992 1864 eum

2109 1814 2256 1851 νοντο
2280 1799 2369 1853 διὰ
2396 1800 2595 1870 πολλῆς
2646 1802 2748 1874 τῆς
2799 1805 3206 1876 τερατοποιίαςπ
3245 1804 3339 1858 καὶ
3395 1803 3574 1857 αὐτῶν
3602 1804 3712 1877 ήδη

404 1903 597 1943 eorum
625 1898 678 1945 et
704 1894 950 1962 corporis
985 1894 1145 1964 182
1178 1896 1413 1965 speciem
1448 1897 1750 1968 imaginum
1776 1915 1873 1967 per
1896 1916 1992 1954 ur-

2109 1890 2217 1944 τῶν
2244 1891 2657 1965 θεραπευόντων
2715 1895 2812 1949 καὶ
2876 1898 3193 1968 ἱερωμένων
3235 1899 3444 1962 αὐτοῖς,
3501 1898 3596 1952 ἐπὶ
3644 1897 3714 1953 τὸ

407 1978 505 2035 bes
538 1993 985 2039 consecratarum
1015 1985 1204 2056 ﬁgurae
1245 2002 1638 2058 repraesentare
1667 1991 1992 2058 viderentur,

2110 1984 2296 2055 μεῖζον
2322 1987 2410 2040 ἀεὶ
2441 1988 2533 2041 τὸν
2567 1989 2632 2041 ὲκ
2660 1988 2762 2058 τῆς
2807 1990 3111 2059 φαντασίας
3143 1990 3312 2060 τῦφον
3355 1990 3709 2061 ἀπαγόντων,

404 2084 459 2129 et
489 2077 703 2133 animos
733 2094 798 2135 ac
832 2080 1046 2137 divinas
1073 2084 1540 2155 incorporeasque
1568 2087 1801 2142 virtutes
1831 2088 1992 2143 multa

2109 2077 2203 2130 καὶ
2229 2077 2293 2149 δὴ
2323 2079 2417 2132 καὶ
2446 2083 2732 2152 γοητικαῖς
2760 2083 3141 2153 κακοτεχνίαις
3163 2082 3231 2136 τὰ
3253 2081 3422 2136 πολλὰ
3444 2098 3714 2136 συσκευα-

405 2169 806 2240 praestigiarum
867 2174 920 2227 vi
975 2177 1199 2245 pessimi
1271 2177 1550 2234 daemones
1611 2181 1996 2235 mentirentur.

401 2256 558 2312 Adde
592 2273 778 2328 porro,
812 2264 907 2331 qui
947 2279 1141 2320 eorum
1182 2281 1304 2321 sese
1332 2267 1690 2338 religionibus
1715 2270 2001 2340 sacrisque

401 2344 756 2413 devoverant,
791 2369 987 2408 novam
1020 2355 1074 2408 in
1106 2355 1224 2411 dies
1265 2366 1431 2427 atque
1472 2359 1794 2427 ampliorem
1847 2375 1998 2414 vame

403 2443 811 2508 superstitionis
837 2462 1048 2516 pompm
1077 2450 1314 2517 speciem
1365 2450 1665 2517 addidisse,
1696 2467 1761 2506 ac
1782 2462 1997 2507 vetera-

402 2527 558 2583 toriis
586 2531 960 2604 maleﬁeisque
984 2538 1197 2592 artibus
1227 2538 1412 2595 fucum
1441 2542 1646 2610 passim
1678 2542 1995 2599 hominibus

2109 2168 2372 2240 ζομένων,
2407 2172 2507 2243 τῆς
2546 2174 2873 2230 καὶτούτων
2900 2174 3251 2240 διδασκαλίας
3293 2173 3475 2228 αὐτῶν
3537 2175 3712 2229 πάλιν

2108 2264 2215 2318 τῶν
2237 2266 2455 2333 φαύλων
2479 2266 2749 2339 δαιμόνων
2809 2271 2924 2334 τοῖς
2969 2268 3335 2341 θεραπεύουσι
3388 2286 3709 2341 προκαταρ-

2108 2354 2333 2422 ξάντων·
2360 2361 2413 2412 οἵ
2436 2377 2500 2427 γε
2527 2373 2552 2402 ι
2589 2361 2719 2429 γοῦν
2776 2363 2870 2416 καὶ
2932 2363 3033 2433 τῆς
3086 2363 3395 2436 ἀρχεκάκου
3442 2364 3713 2435 γοητείας

2106 2451 2271 2503 παν-ελ⁸
2291 2451 2369 2522 τῷ
2394 2453 2503 2507 τῶν
2526 2454 2831 2525 ἀνθρώπων
2866 2455 2965 2526 βίῳ
2993 2457 3339 2528 κατέστησαν
3370 2455 3553 2521 αίτιοι,
3590 2456 3707 2509 ὡσ-

2105 2544 2308 2617 περοῦν
2331 2549 2360 2599 ό
2393 2547 2502 2619 πρὸ
2526 2548 2714 2602 τούτου
2745 2549 2993 2619 διήλεγξε
3027 2549 3200 2618 λόγος.

401 2614 762 2693 fraudemque
829 2625 1047 2684 fecisse.
1094 2629 1244 2698 Quas
1271 2635 1434 2688 etiam
1491 2637 1557 2690 ad
1613 2651 1702 2691 res
1765 2637 2071 2694 cultoribus
2109 2640 2510 2711 clientibusque
2545 2643 2661 2697 suis
2702 2642 2875 2697 facem
2931 2644 3167 2714 improbi
3198 2645 3478 2699 daemones
3502 2641 3711 2714 praefe-

399 2716 618 2782 rebant,
654 2736 796 2791 quos
861 2727 1052 2796 utique
1098 2728 1483 2786 fascinationis
1540 2733 1727 2801 illius,
1777 2751 1900 2804 qua!
1932 2736 2202 2790 malorum
2243 2740 2490 2793 omnium
2522 2751 2687 2809 caput
2731 2740 2853 2807 fuit,
2910 2757 3143 2814 quaeque
3177 2743 3475 2799 humanum
3524 2756 3703 2815 genus

398 2811 644 2877 pervasit
688 2816 1047 2884 universum,
1105 2823 1347 2878 artiﬁces
1401 2826 1678 2882 exstitisse
1731 2826 2003 2896 superiori
2043 2828 2418 2898 disputatione
2450 2832 2814 2887 ostendimus.

1007 2913 1236 2969 CAPUT
1292 2916 1382 2973 Ill.

408 3010 599 3069 Varias
631 3033 694 3070 ac
734 3020 1056 3103 multiplices
1084 3023 1684 3111 Grcerorunt‘adversus
1734 3034 1857 3090 deos
1907 3053 1992 3091 su-

2109 3038 2231 3091 Ὂτι
2261 3039 2645 3107 πολυσχιδὴς
2688 3042 2786 3095 καί
2847 3039 3259 3111 πολυγνώμων

809 3096 1137 3158 perstitionis
1169 3108 1338 3152 sectus
1388 3102 1574 3169 fuisse.

468 3171 610 3247 Ergo
645 3189 755 3233 tam
790 3183 1039 3238 scelerati
1085 3186 1173 3241 isti
1218 3204 1283 3244 ac
1331 3200 1598 3251 terrarum
1653 3200 1853 3257 accolae
1884 3201 1997 3258 dae-

396 3282 611 3336 mones,
647 3287 812 3341 quam
846 3276 930 3330 vel
979 3278 1115 3332 aerii
1152 3282 1235 3336 vel
1279 3288 1481 3340 terreni
1538 3290 1801 3362 spiritus,
1853 3310 1995 3366 quos

397 3360 587 3415 mundi
619 3373 857 3421 rectores
880 3406 894 3431 ,
931 3383 999 3424 ac
1025 3373 1298 3442 spiritales
1338 3380 1597 3449 nequitiae
1646 3360 1993 3459 principatus

397 3460 563 3521 atque
607 3464 907 3523 potestates
949 3461 1148 3519 divinae
1206 3466 1402 3523 littera:
1456 3486 1811 3546 nuncupant,
1866 3496 1991 3536 cum

398 3541 562 3597 modo
596 3543 866 3603 bonorum
895 3552 1183 3620 geniorum
1216 3572 1509 3628 personam
1561 3541 1888 3640 vultumque
1914 3572 1992 3627 si-

397 3636 685 3706 mularent,
717 3643 883 3698 modo
914 3646 1222 3705 caelestium
1276 3653 1442 3709 etiam
1485 3657 1742 3730 deorum,
1766 3636 1862 3719 aut
1892 3670 1992 3723 hec

395 3744 555 3785 roum
596 3734 833 3802 speciem
870 3753 934 3793 ac
964 3738 1195 3797 formam
1232 3745 1563 3819 induerent,
1612 3759 1861 3826 adeoque
1901 3776 1991 3815 re-

394 3821 499 3878 bus
525 3824 658 3894 ipsis
687 3830 946 3897 uequitiae
987 3849 1101 3889 suae
1133 3838 1413 3906 specimen
1448 3843 1628 3912 palam
1686 3821 1792 3917 ipsi
1844 3866 1988 3906 non-

393 3927 676 3983 nunquam
710 3927 875 3989 atque
902 3933 1088 3991 aperte
1138 3930 1532 3990 ostenderent:
1561 3937 1699 3992 nihil
1740 3940 1989 4009 profecto

393 4004 619 4073 mirum,
641 4008 687 4062 si
721 4010 1003 4082 multiplex
1034 4016 1321 4076 hominum
1355 4039 1477 4079 sese
1514 4028 1715 4084 animis
1741 4032 1907 4089 altius
1932 4035 1987 4090 in

391 4096 510 4153 dies
543 4114 700 4155 error
739 4102 1004 4163 insereret
1030 4127 1044 4164 :
1079 4125 1205 4165 cum
1232 4128 1329 4169 eos
1356 4117 1449 4172 alii
1474 4119 1628 4184 deos,
1660 4122 1859 4180 heroas
1889 4143 1991 4182 seu

391 4187 673 4248 daemonas
715 4195 831 4259 alii,
863 4198 996 4255 deos
1043 4217 1175 4257 vero
1202 4221 1552 4279 nequaquam
1593 4228 1715 4270 esse
1746 4202 1996 4273 laterem.

392 4287 504 4348 tur,
536 4297 602 4339 ac
653 4286 961 4346 daemonum
1012 4293 1256 4364 ipsorum
1306 4302 1446 4357 alios
1499 4305 1675 4363 bonos
1733 4311 1988 4379 specioso

2638 2928 3041 2982 ΚΕΦΑΛΑΙΟΝ
3083 2929 3158 2984 Γ’.

3304 3042 3343 3110 ἡ
3383 3041 3515 3109 περὶ
3542 3039 3709 3096 θεῶν·

2278 3114 2404 3178 τοῖς
2447 3113 2710 3179 ’Ἕλλησι
2748 3112 3019 3181 συνέστη
3055 3112 3511 3182 δεισιδαιμονία»

2171 3223 2390 3278 Τούτων
2439 3224 2731 3297 τοιγαροῦν
2786 3227 2896 3281 τῶν
2946 3226 3237 3299 μοχθηρῶν
3278 3227 3370 3281 καὶ
3399 3227 3702 3297 περιγείων

2095 3314 2389 3387 δαιμόνων,
2421 3317 2532 3371 τῶν
2584 3336 2643 3372 τε
2682 3318 2884 3391 ἀερίων
2912 3320 3008 3372 καὶ
3042 3319 3414 3391 καταχθονίων
3443 3337 3581 3372 πνευ
3591 3321 3700 3391 μά-

2095 3422 2224 3470 των,
2252 3405 2345 3471 οὒς
2370 3408 2844 3480 κοσμοκράτορας,
2877 3409 2971 3464 καὶ
3007 3410 3384 3481 πνευματικὰς
3417 3411 3694 3481 πονηρίας

2095 3499 2269 3572 ἀρχάς
2294 3516 2355 3551 τε
2384 3499 2477 3553 καὶ
2507 3499 2758 3566 ἐξουσίας
2786 3502 2836 3554 οἱ
2865 3501 3000 3556 θεῖοι
3027 3501 3175 3570 λόγοι
3199 3500 3699 3576 προσαγορεύουσι.

2093 3591 2215 3643 τοτὲ
2251 3590 2351 3661 μὲν
2381 3592 2462 3655 εἰς
2496 3591 2741 3660 ἀγαθοὺς
2762 3592 3023 3664 δαίμονας
3050 3594 3517 3666 ὑποκρινομένων,
3571 3594 3703 3648 τοτὲ

2092 3682 2149 3735 δὲ
2180 3683 2261 3745 είς
2305 3681 2591 3753 οὐρανίους
2622 3681 2780 3746 θεοὺς
2835 3683 3350 3755 σχηματιζομένων,
3403 3683 3498 3738 καὶ
3527 3684 3704 3738 πάλιν

2093 3772 2280 3827 ἄλλοτε
2314 3774 2394 3836 είς
2420 3773 2608 3845 ἥρωας
2636 3773 3198 3845 μεταμορφουμένων,
3234 3772 3351 3825 ἔστι
3387 3772 3433 3825 δ’
3460 3773 3568 3843 ὅπη
3599 3774 3709 3828 ἄν-

2091 3881 2285 3936 τικρυς
2323 3863 2411 3917 διὰ
2436 3863 2545 3916 τῶν
2572 3864 2867 3935 δρωμένων
2894 3863 2993 3934 τῆς
3030 3863 3335 3935 μοχθηρίας
3381 3862 3444 3915 τὸ
3485 3861 3704 3934 δεῖγμα.

2092 3954 2566 4028 παραφαινόντων·
2601 3954 2830 4017 είκότως
2877 3954 3047 4018 πολὺς
3082 3954 3111 4005 ὁ
3152 3953 3357 4016 πλάνος
3377 3952 3705 4025 ἀνθρώποις

2091 4044 2171 4099 ἔτι
2199 4045 2398 4117 μᾶλλον
2426 4045 2584 4117 ἐπῄει
2611 4044 2719 4098 τῶν
2748 4045 2848 4116 μὲν
2882 4043 3040 4107 θεοὺς
3063 4040 3226 4109 εἶναι,
3280 4043 3391 4097 τῶν
3414 4044 3473 4097 δὲ
3496 4043 3705 4114 ἥρωας

2091 4142 2186 4194 καὶ
2214 4139 2500 4211 δαίμονας,
2526 4138 2642 4230 an;
2671 4138 2731 4192 οὐ
2764 4137 2921 4202 θεοὺς
2945 4137 3213 4230 ὑπάρχειν
3242 4137 3656 4230 ὁμολογούντων
3678 4158 3698 4171 ·

2090 4232 2186 4287 καὶ
2210 4231 2320 4285 τῶν
2340 4228 2621 4301 δαιμόνων
2636 4231 2762 4293 τοὺς
2799 4229 2898 4300 μὲν
2939 4228 3180 4297 ἀγαθοὺς
3217 4229 3699 4300 ὲπιφημιζόντων,

2088 4321 2196 4374 τῶν
2224 4321 2259 4360 b
2283 4320 2340 4373 δὲ
2382 4320 2691 4389 φαυλότατα
2734 4318 2846 4390 (70)
2904 4318 3329 4384 ἐπικαλούντων,
3374 4320 3514 4391 πλὴν
3548 4318 3704 4376 ἀλλὰ

390 4374 633 4439 nomine,
661 4377 797 4433 alios
823 4392 1012 4438 contra
1038 4388 1274 4455 pessime
1295 4394 1651 4465 appellarent,
1681 4400 1760 4455 sic
1791 4413 1973 4459 tamen

2112 4416 2190 4467 εἴν
2214 4374 2533 4483 φασκόντων
2567 4413 2661 4465 καὶ
2704 4374 2842 4475 “colig,
2891 4410 3133 4480 φαύλους
3177 4410 3537 4477 ὲξιλεοῦσθαι,
3595 4413 3704 4468 διὰ

389 4477 452 4523 ut
483 4470 722 4528 nefarios
755 4476 915 4532 etiam
950 4480 1104 4550 illos,
1156 4488 1224 4542 ad
1274 4492 1638 4550 amoliendam
1674 4512 1864 4554 eorum
1888 4518 1984 4557 ve-

387 4563 686 4630 xationem,
720 4570 1001 4628 conciliari
1054 4577 1372 4651 plaearique
1422 4586 1638 4644 vellent.
1682 4589 1869 4661 Itaque
1912 4595 1980 4650 li-

384 4661 529 4707 ctam
566 4655 716 4712 illam
748 4663 1035 4720 numinum
1067 4670 1407 4729 molitionem
1450 4678 1637 4746 plures
1675 4683 1728 4736 in
1773 4686 1980 4744 classes

386 4746 616 4802 divisam
649 4765 713 4806 ac
744 4763 947 4810 sectam
1001 4758 1261 4819 habuere.
1315 4764 1499 4825 Prima
1550 4773 1794 4831 siderum
1858 4779 1980 4835 illo-

385 4855 506 4893 rum
534 4849 637 4904 est,
668 4859 791 4914 qua:
820 4860 1123 4908 cernuntur
1150 4855 1202 4909 in
1232 4860 1392 4926 coelo,
1414 4879 1554 4931 quos
1581 4868 1747 4922 etiam
1774 4871 1980 4940 princi-

384 4944 480 5000 pes
509 4935 754 4990 omnium
788 4936 963 5005 θεούς,
991 4944 1145 5008 deos,
1178 4949 1376 5016 partim
1407 4968 1436 5006 a
1483 4957 1650 5012 verbo
1675 4935 1840 5028 θέείν,
1870 4963 1976 5020 hoc

383 5032 468 5078 est
497 5041 740 5096 currere,
772 5035 969 5101 partim
1010 5037 1079 5093 ab
1107 5039 1280 5098 altero
1321 5042 1570 5119 θεωρεῖν,
1598 5054 1744 5122 quod
1777 5064 1861 5111 est
1884 5072 1969 5125 ea,

383 5132 506 5187 quae
534 5120 637 5176 sub
668 5136 950 5195 aspectum
979 5130 1205 5201 cadunt,
1232 5120 1630 5212 contemplari,
1648 5147 1809 5217 cujus
1838 5120 1972 5205 con;

458 5269 483 5297 ι
522 5255 632 5313 del.
670 5258 756 5329 γέ.
832 5260 863 5303 ι)
904 5262 991 5317 Ζσ.
1032 5264 1181 5331 τούς.

447 5394 568 5476 έϐθ)
604 5395 908 5481 Ἐξάρχωτς
950 5403 1123 5458 θεῶν.
1180 5405 1418 5481 Omnino
1471 5409 1688 5480 legend.
1732 5413 1970 5481 videtur,

385 5463 645 5553 ξιξῆρχον.¹
667 5463 817 5537 quod
843 5473 983 5553 idem
1011 5485 1279 5553 est_atque
1305 5463 1975 5553 ὑπῆρχοῖίιᾷίιιτιιιῖξίῖεί

387 5538 744 5612 tinguendum
794 5552 918 5610 post
955 5538 1207 5601 eamdem
1257 5538 1671 5610 νοοειίἰῗΡόιϊο
1720 5538 1977 5612 Theodo-

387 5616 538 5697 t‘t‘ltts
580 5607 672 5688 lib.
702 5607 872 5697 ’ἔθυε
907 5612 1144 5697 ρναῖεον,
1189 5618 1583 5688 affectionibus,
1627 5607 1971 5697 ipso

386 5675 566 5756 initio,
593 5678 870 5756 simillima
901 5684 1162 5756 disputat.

459 5745 573 5817 {70)
615 5746 740 5804 Τῶν
770 5749 838 5806 δὲ
864 5745 1232 5824 φαυξιότατα.
1266 5759 1538 5836 Monlac.,
1572 5768 1697 5831 τοὺς
1748 5767 1801 5823 δὲ
1836 5786 1974 5840 φαυ-

2088 4506 2190 4570 τὰς
2223 4506 2281 4571 ἐξ
2309 4505 2488 4558 αὐτῶν
2511 4503 2733 4575 βλάϐας·
2794 4503 2935 4557 ὥστε
2977 4506 3075 4575 τὴν
3121 4505 3301 4557 πᾶσαν
3336 4506 3541 4568 αύτοῖς-
3575 4504 3709 4561 θεο-

2089 4599 2273 4652 ποιίαν
2301 4601 2382 4661 είς
2409 4598 2523 4668 εἴδη
2573 4597 2796 4651 πλείονα
2828 4598 3212 4652 καταπίπτειν·
3244 4596 3460 4669 πρῶτον
3493 4598 3595 4668 μὲν
3623 4599 3705 4654 τδ

2087 4691 2152 4745 ἐκ
2178 4691 2287 4745 τῶν
2329 4690 2671 4761 φαινομένων
2699 4689 2820 4743 κατ’
2846 4689 3073 4761 οὐρανὸν
3102 4692 3289 4760 φωστὴ
3299 4708 3430 4762 ρων,
3459 4688 3555 4754 οὓς
3586 4693 3703 4747 καί

2086 4802 2218 4855 φασι
2239 4785 2328 4839 διὰ
2351 4784 2410 4837 τὸ
2440 4783 2602 4848 θέειν,
2627 4784 2766 4855 ὅπερ
2796 4782 2914 4835 ἐστὶ
2938 4782 3171 4854 τρέχειν,
3195 4783 3286 4836 διά
3302 4800 3361 4836 τε
3381 4783 3444 4836 τὸ
3475 4783 3704 4852 αἰτίους

2087 4872 2226 4929 εἶναι
2246 4873 2342 4928 τοῦ
2368 4874 2595 4944 θεωρεῖν
2638 4872 2707 4926 τὰ
2749 4871 3024 4945 ὁρώμενα,
3084 4871 3336 4945 πρώτους
3365 4874 3705 4946 θεοὺςιάνηιο

2083 4964 2397 5038 γορεῦσθαι·
2425 4964 2679 5036 δεύτερον
2707 4963 2766 5017 τὸ
2806 4962 2896 5016 διὰ
2953 4963 3064 5034 (71)
3099 4962 3198 5027 τὰς
3242 4966 3326 5027 εἰς
3371 4964 3464 5017 τὸν
3498 4965 3705 5023 κοινὸν

2082 5057 2217 5128 βίον,
2243 5057 2319 5122 ὥς
2348 5075 2530 5128 φασιν,
2554 5056 2879 5129 εὐεργεσίας
2902 5055 3375 5128 ὲκτετιμημένων,
3392 5056 3421 5110 ὃ
3436 5056 3499 5128 δὴ
3517 5056 3708 5122 ἐξάν-

2079 5150 2314 5225 θρώπων
2327 5150 2686 5224 γεγεννῆσθαι
2704 5149 2799 5204 καὶ
2812 5149 2968 5203 αὐτοὶ
2983 5147 3331 5221 ὁμολογοῦσι,
3347 5151 3476 5213 τοὺς
3489 5149 3706 5207 καλουμ-

2397 5493 2793 5569 διάηΙλεεεηᾱ.
2828 5499 2993 5555 credo
3021 5500 3107 5555 vel
3138 5500 3199 5555 τὸ
3231 5501 3301 5556 ὲκ
3318 5498 3551 5556 τῶν-’διά
3570 5543 3587 5569 ,
3621 5515 3706 5566 ιιι

2118 5564 2402 5639 a_ulo_ante
2434 5564 2655 5639 πρῶτον
2678 5569 2776 5639 μὲν
2809 5571 2871 5624 τὸ
2903 5572 2967 5624 ὲκ
2996 5571 3127 5638 τῶν,
3156 5573 3241 5626 vel
3266 5573 3458 5629 saltem
3486 5572 3553 5626 τὺ
3572 5564 3703 5635 τῶν

2111 5633 2186 5686 ιά.
2220 5634 2394 5710 Quod
2421 5633 2561 5710 si'ne
2588 5633 2696 5692 τῶν
2725 5641 2946 5710 quidem
2978 5633 3180 5696 addere
3210 5643 3504 5710 placuerit,
3535 5633 3704 5702 τετιὲ

2077 5705 2344 5831 μημένων
2373 5708 2518 5778 quod
2543 5705 2813 5782 sequittir,
2867 5713 2922 5767 in
2950 5705 3317 5784 τετιμημένον
3347 5705 3699 5776 mutandum

2113 5792 2159 5830 ΙΊ
2188 5816 2204 5831 .

2113 5792 2204 5831 ΙΊῑ.
