3880 6218
217 317 328 374 317
1421 312 1748 371 PRIEPAR.

1988 315 2045 371 Ε.
2084 314 2212 368 LIB.
2249 313 2314 368 γ.
2862 255 2880 276 0
3409 316 3520 375 518

218 435 419 508 μένους
445 438 633 509 ἥρωας
662 437 1093 511 παραφέροντες,
1123 433 1400 506 Ἠρακλέα
1433 435 1528 487 καὶ
1555 436 1748 486 Διοσκο

1985 433 2288 502 nplationis
2328 441 2582 488 auctores
2612 431 2652 487 ii
2693 432 2825 498 sint,
2849 432 3167 488 nominatos
3197 448 3320 490 esse
3355 435 3517 492 dicti-

217 545 366 599 ρους,
382 530 632 583 Διόνυσόν
646 547 705 583 τε
721 532 817 585 καὶ
831 532 956 594 τοὺς
973 529 1120 600 παρὰ
1135 531 1245 591 τοῖς
1259 526 1555 598 βαρϐάροις
1568 525 1749 596 ὁμοίου

1979 533 2055 579 nt.
2089 524 2169 579 Ad
2206 525 2502 579 secundam
2525 528 2817 594 pertinent,
2855 527 2947 596 qui
2980 526 3096 580 suis
3123 566 3138 591 ,
3189 535 3250 582 ut
3289 529 3511 596 quidem

217 617 277 683 ἐξ
307 613 385 672 ὧν
416 621 782 693 ἀφορίσαντες
815 622 908 674 καὶ
939 619 1373 689 διαστειλάμενοι
1417 617 1486 670 τὰ
1533 617 1663 687 περὶ
1703 617 1749 667 τε

1982 624 2091 683 unt,
2128 617 2182 671 in
2216 618 2516 672 humanum
2546 633 2718 688 genus
2766 619 2977 674 meritis
3028 619 3081 672 id
3121 628 3249 673 sunt
3285 619 3514 675 honoris

215 710 401 764 αὐτῶν
433 713 762 784 αἰσχρότερα
800 712 1273 785 μνημονευόμενα,
1310 710 1493 782 τρίτον
1523 704 1664 770 εἶδος
1697 706 1747 760 θε

1977 711 2246 777 insecuti,
2296 725 2437 780 quos
2486 711 2728 764 human-0
2779 711 3046 782 sanguine
3085 723 3234 766 satos
3267 711 3509 767 fatentur

216 801 400 866 ποιιας
430 805 714 867 ὑπέθεντο,
753 804 980 876 μυθικὸν
1018 804 1150 857 αὐτὸ
1194 801 1620 863 ἐπικαλέσαντες
1645 816 1658 828 ·
1693 798 1720 850 ὃ

1978 799 2021 851 si
2060 815 2280 870 quoque
2305 841 2320 864 ,
2357 800 2486 853 dum
2541 815 2674 855 suos
2719 799 2842 855 illos
2887 802 3106 864 heroas,
3142 802 3223 856 uti
3268 811 3510 867 vocant,

215 894 695 964 ὲπαισχυνθέντες,
769 895 975 968 καίπερ
1039 893 1238 964 ἀλήθὲς
1305 894 1402 946 καὶ
1455 890 1747 944 παλαιότατ

1980 893 2245 959 arculem,
2275 891 2654 964 Tyndaridas,
2698 891 3006 960 Bacchum,
3059 902 3114 949 et
3168 895 3409 966 reliquos
3458 897 3512 951 id

216 985 506 1054 τυγχάνον,
543 986 637 1037 ἐπὶ
665 986 724 1039 τὸ
758 986 1155 1057 φυσικώτερον,
1183 985 1259 1048 ὦς
1286 1000 1440 1052 φασι,
1472 981 1743 1054 μεταϐεϐλ

1987 1003 2091 1041 nus
2123 985 2457 1055 producunt,
2491 986 2851 1040 barbarorum
2907 1001 3002 1042 ore
3053 988 3315 1058 cultuque
3365 989 3515 1047 cele-

214 1095 345 1132 κασι
375 1079 815 1150 τροπικωτέραις
859 1078 1235 1151 ἀλληγορίαις,
1282 1076 1516 1148 θεωρίας
1551 1076 1613 1148 δή
1658 1093 1743 1128 τιν

1984 1085 2124 1132 atos.
2165 1075 2323 1146 183
2352 1075 2598 1142 Quorum
2623 1092 2688 1132 ex
2721 1093 2884 1148 grege
2914 1079 3168 1148 sepositis
3194 1094 3257 1134 ac
3281 1080 3512 1136 seclusis

215 1170 756 1242 εὐρεσιλογήσαντες.
799 1171 941 1225 Ἀλλ’
961 1171 1070 1226 οὐδ’
1099 1173 1178 1234 εἰς
1207 1169 1366 1222 τοῦτο
1400 1168 1610 1239 πλάνης
1629 1168 1747 1220 αὐτ(

1979 1187 2006 1236 ι,
2041 1185 2162 1240 quae
2216 1170 2427 1240 majore
2484 1173 2551 1224 de
2601 1170 2710 1226 illis
2747 1186 2871 1225 cum
2933 1170 3160 1226 infamia
3195 1172 3511 1242 probroque

216 1265 465 1333 ἁπήρκει
506 1264 768 1335 μετιέναι.
803 1263 942 1336 Ἤδη
990 1260 1047 1316 δὲ
1093 1264 1187 1315 καὶ
1231 1261 1392 1333 μέχρι
1437 1261 1547 1313 τῶν
1593 1259 1748 1313 οίκείι

1977 1263 2270 1329 rebantur,
2331 1262 2554 1316 tertium
2593 1264 2758 1319 nobis
2801 1263 3105 1319 divinitatis
3146 1280 3319 1333 genus
3355 1265 3509 1319 inve-

212 1354 409 1408 παθῶν
462 1356 525 1408 τὸ
589 1355 886 1426 σεϐάσμιον
930 1355 1024 1407 καὶ
1076 1351 1453 1423 προσκυνητὸν
1501 1350 1673 1420 ὄνομα
1717 1365 1744 1401 τ

1981 1371 2065 1422 τε,
2091 1355 2260 1425 quod-
2286 1354 2596 1411 fabulosum
2638 1356 2742 1425 ipsi
2786 1366 3196 1426 nuncuparunt.
3250 1355 3397 1411 Idem
3429 1365 3513 1412 ta-

215 1444 358 1499 Θεοῦ
386 1445 809 1511 καταϐαλόντες,
841 1445 1101 1516 τέταρτον
1139 1444 1415 1507 θεοποιίας
1441 1443 1747 1514 προσεπενό

1975 1464 2062 1512 en,
2092 1449 2240 1518 quod
2272 1448 2506 1503 nimium
2550 1449 2654 1504 sibi
2686 1449 2911 1517 pudoris
2955 1448 3195 1512 aﬂerret,
3221 1465 3412 1504 verum
3439 1450 3507 1504 li-

213 1555 316 1590 σαν
349 1538 586 1609 τρόπον,
615 1539 727 1592 οὐδ’
766 1539 1141 1610 ἀντιρρήσεως
1175 1537 1344 1605 ἄξιον,
1389 1537 1467 1607 τῷ
1509 1537 1604 1590 καὶ
1648 1536 1745 1589 αὐτ

1981 1549 2089 1595 tac
2117 1540 2579 1606 vetustissimum,
2618 1541 2685 1596 ad
2724 1557 2909 1596 rerum
2957 1543 3294 1596 naturalium
3339 1543 3511 1597 ratio-

214 1634 493 1703 προφανὲς
536 1631 840 1701 ἐπάγεσθαι
882 1632 942 1684 τὸ
974 1628 1198 1701 αἴσχοςο
1235 1633 1284 1684 εί
1323 1630 1386 1701 δή
1421 1647 1546 1682 τινα
1592 1629 1742 1699 Ἔρω

1977 1647 2035 1698 τε,
2066 1639 2129 1686 ut
2156 1631 2477 1702 loquuntur,
2509 1631 2784 1702 allegoriis
2820 1647 3036 1686 morum
3071 1631 3336 1686 doctrinae
3370 1647 3509 1686 con-

208 1723 304 1775 καὶ
365 1723 686 1794 Ἀφροδίτην
729 1722 824 1776 καὶ
872 1721 1067 1786 Πόθον,
1122 1720 1223 1784 τὰς
1267 1720 1500 1791 αἰσχρὰς
1539 1720 1632 1772 καὶ
1683 1719 1740 1772 ἀ)

1978 1723 2302 1791 nctioribus,
2331 1731 2386 1777 et
2407 1723 2616 1778 artibus
2643 1722 3064 1792 philosomtandi
3111 1723 3270 1778 novis
3318 1725 3510 1778 tradu-

207 1776 453 1876 λαστ-ους
475 1776 669 1865 ιαὐτῶν
697 1810 994 1882 ἐπιθυμίας
1025 1810 1181 1875 θεοὺς
1214 1776 1530 1872 ἀνειπόντες
1549 1827 1560 1838 ·
1594 1809 1691 1862 καὶ
1718 1825 1739 1860 τ

1979 1829 2038 1870 re
2071 1824 2200 1870 sunt
2231 1830 2295 1869 ac
2333 1813 2661 1884 detorquere
2690 1814 2895 1870 conati.
2929 1812 3248 1887 Quanquam
3301 1828 3371 1867 ne
3402 1813 3509 1866 hoc

211 1904 314 1974 μὲν
343 1903 504 1972 λόγον
544 1903 771 1974 Ἑρμῆν,
813 1901 905 1955 τὸν
947 1901 1005 1954 δὲ
1039 1901 1300 1973 λογισμὸν
1345 1901 1580 1972 Ἀθηνᾶν
1614 1902 1743 1953 ἐπον

1975 1907 2130 1962 Iidem
2157 1907 2364 1961 erroris
2385 1905 2438 1959 in
2456 1905 2624 1976 gradu
2653 1905 2848 1960 sistere
2873 1914 3189 1975 potuerunt.
3213 1904 3334 1959 .Iam
3359 1906 3507 1959 enim

210 1995 522 2064 μάσαντεςο
561 1996 655 2048 καὶ
693 1993 869 2048 ταῦτα
903 1997 969 2065 τῇ
1013 1993 1192 2065 οἰκείᾳ
1222 1992 1596 2064 παρειλήφασι
1629 1991 1742 2045 θεολ

1973 2001 1980 2052 l
2031 1999 2282 2068 preprias
2325 1998 2491 2053 etiam
2544 1997 2874 2068 cupiditates
2924 1999 3298 2053 venerandum
3372 1997 3505 2051 illud

202 2086 325 2156 γία,
367 2085 443 2150 ὡς
477 2087 569 2139 καὶ⁹
601 2086 661 2139 τὺ
704 2086 956 2157 πέμπτον
986 2088 1052 2139 ἐκ
1078 2085 1186 2138 τῶν
1215 2086 1274 2138 ἐν
1311 2083 1623 2156 ἀνθρώποις
1654 2100 1734 2152 γικ

1973 2090 2174 2160 unique
2223 2089 2450 2159 dignum
2497 2089 2706 2144 honore
2745 2089 2842 2143 Dei
2890 2105 3090 2144 nomen
3142 2089 3505 2159 abjecerunt:

207 2179 392 2249 μένων
415 2179 760 2250 πραγμάτων
784 2179 1250 2250 ἀναπλασάμενοι.
1273 2179 1386 2242 Τάς
1397 2178 1508 2249 γὰρ
1525 2176 1739 2248 ἐνεργεί

1975 2189 2106 2238 Iarta
2141 2183 2366 2252 insuper
2398 2182 2699 2239 divinitatis
2730 2181 2963 2238 conficta
2997 2184 3200 2252 specie,
3227 2197 3392 2252 quam
3438 2195 3507 2235 ne

201 2273 308 2336 τάς
337 2288 397 2324 τε
444 2271 770 2342 πολεμικὰς,
816 2272 912 2326 καὶ
957 2272 1058 2335 τὰς
1088 2270 1344 2342 τεχνικὰς
1394 2271 1733 2324 ἀνειδωλοποι

1960 2275 2285 2332 )nfutatione
2314 2275 2532 2346 quidem
2577 2275 2796 2346 dignam
2829 2276 3108 2342 existimo,
3141 2275 3290 2345 quod
3334 2291 3492 2330 suam

202 2381 426 2426 σαντες,
461 2362 603 2427 θεοῖς
640 2364 977 2434 ἀπένειμαν*
1011 2364 1170 2434 Ἀρει
1203 2363 1300 2433 μὲν
1331 2362 1425 2414 καὶ
1467 2360 1667 2433 Ἀθηνᾷ
1710 2379 1734 2414 τ

1969 2377 2144 2424 samet
2173 2368 2562 2438 turpitudinem
2604 2384 2716 2438 pra:
2742 2383 2800 2423 se
2834 2367 3008 2434 ferre,
3056 2377 3220 2438 atque
3254 2367 3501 2422 omnium

197 2453 529 2524 πολεμικὰς,
567 2455 850 2525 Ἡφαίστῳ
877 2454 934 2507 δὲ
961 2455 1053 2508 καί
1093 2471 1235 2507 τισιν
1268 2454 1475 2525 ἑτέροις
1504 2453 1601 2518 τὰς
1630 2471 1727 2524 τεχ

1999 2463 2174 2520 oculis
2207 2463 2442 2530 defigere
2470 2461 2742 2514 videatur.
2801 2459 3014 2530 Quippe
3042 2501 3056 2524 ,
3101 2461 3392 2531 ﬂagitiosis
3425 2459 3501 2514 illi

194 2547 331 2608 κάς.
384 2547 507 2599 Ἐπὶ
547 2547 683 2600 πᾶσι
714 2546 927 2610 τούτοις
954 2546 1113 2599 ἕκτον
1143 2547 1237 2599 καὶ
1281 2545 1512 2616 ἕϐδομον
1539 2542 1678 2609 εἶδος
1710 2565 1726 2599 c

1972 2556 2026 2610 is
2075 2552 2489 2623 proﬂigatisque
2519 2550 2872 2616 libidinibus,
2905 2550 3126 2603 Amoris
3162 2549 3350 2604 nescio
3405 2565 3504 2605 cu-

193 2642 320 2702 τοῖς
351 2639 413 2692 τὸ
451 2638 761 2708 δαιμονικὸν
807 2639 1176 2711 παρεισήχθη,
1215 2638 1553 2708 πολύτροπον
1585 2638 1720 2709 ἁληθ

1971 2664 2018 2713 s,
2051 2643 2297 2707 Veneris,
2345 2651 2400 2696 et
2423 2640 2710 2710 Cupidinis
2759 2641 2917 2708 quasi
2966 2641 3195 2694 deorum
3232 2657 3503 2710 quorum-

197 2731 480 2800 τυγχάνον
518 2731 615 2784 καὶ
651 2731 1028 2802 πολύμορφον,
1069 2733 1189 2784 τοτὲ
1234 2731 1331 2801 μὲν
1378 2730 1534 2794 θεοὺς
1578 2731 1729 2798 ὑποκλ

1962 2755 2032 2792 tm
2067 2753 2266 2792 nomen
2296 2734 2559 2789 indidere.
2607 2733 2686 2787 Ac
2713 2733 2822 2785 vim
2850 2732 3062 2786 dicendi
3087 2733 3330 2801 quidem,
3352 2732 3494 2787 Mer-

196 2828 457 2896 νὸμενον,
492 2827 614 2878 τοτὲ
658 2826 714 2878 δὲ
747 2825 924 2895 ψυχὰς
951 2825 1314 2896 τεθνηκότων,
1348 2825 1443 2877 καὶ
1492 2824 1658 2894 μηδὲν
1709 2842 1728 2893 ι.

1966 2826 2145 2891 trium,
2175 2822 2479 2878 disserendi
2535 2837 2704 2888 vero,
2757 2820 3054 2875 Minervam
3113 2823 3498 2891 appellarunt,

201 2921 283 2980 εἰς
313 2918 520 2988 ἀρετὴν
547 2917 724 2987 ψυχῆς
755 2916 1219 2987 συμϐαλλόμενον,
1255 2914 1592 2978 ἐπιτωθάζον
1614 2913 1670 2966 δὲ
1696 2915 1728 2966 ἀ

1969 2917 2182 2986 mulque
2217 2929 2374 2968 suam
2423 2913 2694 2982 ejusmodi
2742 2927 2963 2982 quoque
3014 2913 3182 2967 rebus
3216 2913 3501 2983 theologia:

197 3013 299 3070 καὶ
342 3009 490 3064 κατὰ
522 3008 785 3081 κρημνῶν
818 3008 983 3078 φέρον
1011 3006 1100 3061 διὰ
1145 3007 1246 3076 τῆς
1278 3005 1562 3077 ἀπατηλοῦ
1596 3005 1729 3058 πλάν

1975 3007 2174 3061 tionem
2207 3005 2553 3072 assignantes
2581 3041 2595 3066 ,
2644 3001 2894 3071 quintum
2945 3017 3012 3054 ex
3044 3003 3131 3067 iis,
3167 3019 3289 3072 quae
3322 3002 3503 3056 homi-

197 3103 387 3158 πάντα
411 3102 504 3154 τὸν
542 3101 945 3172 δεισιδαίμοναο
977 3100 1026 3167 ὃ,
1067 3099 1164 3152 καὶ⁴
1208 3099 1341 3151 αὐτὸ
1387 3099 1564 3151 διόλου
1603 3099 1729 3166 φαῦί

1967 3113 2041 3152 tm
2071 3095 2128 3150 in
2154 3096 2320 3150 vitam
2353 3094 2634 3148 incurrere
2665 3093 2863 3158 solent,
2895 3108 3068 3162 genus
3099 3092 3498 3148 conﬂaverunt.

195 3195 282 3259 ὃν,
320 3196 402 3258 εἰς
433 3193 530 3246 δύο
556 3192 840 3258 διελόντες,
874 3191 956 3254 εἴς
978 3208 1037 3244 τε
1066 3190 1126 3243 τὸ
1157 3188 1472 3258 βλαπτικὸν,
1507 3189 1602 3242 καὶ
1628 3189 1708 3250 εἰς

1964 3208 2017 3248 es
2043 3190 2187 3245 enim
2215 3203 2322 3242 non
2346 3187 2510 3240 modo
2538 3186 2781 3250 bellicas,
2801 3185 2892 3240 sed
2921 3186 3084 3238 etiam
3117 3185 3496 3240 communium

194 3286 476 3358 ὠφελοῦν,
505 3285 727 3354 ἀγαθῶν
757 3286 851 3338 καὶ
877 3282 1096 3352 φαύλων
1126 3283 1309 3344 αὐτοῖς
1337 3280 1614 3334 τεθείκασι
1641 3297 1726 3351 πρι

1966 3306 1972 3341 :
2004 3283 2307 3355 vulgarium
2340 3281 2540 3334 artium
2567 3280 2818 3350 proprias
2845 3279 2948 3333 diis
2978 3279 3305 3347 quibusdam
3342 3281 3498 3334 attri-

191 3375 459 3445 ηγορίας.
493 3367 592 3426 Ὧν
625 3373 796 3436 οὕτως
821 3372 1075 3442 ἐχόντων,
1103 3372 1403 3438 ἀναγκαῖον
1429 3365 1568 3423 εἷναί
1598 3387 1686 3440 μοι
1716 3371 1723 3418 ἑ

1966 3382 2115 3441 tunt,
2156 3372 2314 3428 Marti
2354 3371 2572 3441 quidem
2629 3371 2750 3425 illas
2804 3385 2868 3425 ac
2901 3369 3155 3425 Minervae
3181 3410 3195 3434 ,
3252 3369 3498 3428 Vulcano

196 3469 307 3531 κεῖ,
353 3466 424 3519 τὰ
459 3465 584 3536 μηδ’
633 3465 1010 3535 ἀντιρρήσεως
1054 3462 1284 3534 δεόμενα
1333 3461 1728 3534 παρεκθεμένοι

1957 3479 2080 3523 Item
2113 3475 2277 3534 atque
2303 3463 2426 3518 aliis
2453 3462 2782 3532 quibusdam
2825 3470 3071 3518 caeteras.
3111 3462 3324 3529 Quibus
3367 3479 3489 3519 om-

195 3559 293 3609 τὸν
331 3557 463 3626 περὶ
504 3555 605 3625 τῆς
638 3553 960 3624 δαιμονικῆς
992 3551 1276 3623 ἐνεργείας
1317 3551 1608 3604 ἀκόλουθον
1650 3568 1727 3603 συε

1959 3560 2062 3615 bus
2092 3564 2304 3614 sextum
2349 3555 2428 3610 illi
2472 3555 2878 3624 septimumque
2904 3570 3076 3624 genus
3120 3556 3491 3623 addiderunt,

195 3651 311 3704 δεῖν
338 3649 501 3718 λόγον
520 3664 534 3676 ·
572 3647 630 3699 ὃν
661 3648 727 3699 ὲκ
757 3647 954 3716 μέρους
977 3641 1465 3714 προθεωρήσαντες
1491 3644 1548 3696 ἐν
1584 3643 1664 3714 τῷ
1695 3661 1727 3696 τε

1963 3650 2041 3704 ιοὰ
2095 3656 2270 3702 totum
2327 3645 2637 3700 daemonum
2693 3654 2811 3711 est,
2872 3647 3084 3700 varium
3131 3644 3376 3716 profecto
3431 3663 3495 3704 ac

195 3744 390 3795 τούτου
426 3739 850 3809 συγγράμματι,
878 3735 946 3789 τὰ
969 3736 1231 3788 λείποντα
1259 3733 1356 3788 νῦν
1392 3734 1727 3807 ἀποπληράκι

1962 3738 2200 3810 ultiplex,
2226 3744 2392 3806 atque
2415 3734 2723 3805 ejusmodi,
2773 3735 2920 3805 quod
2952 3750 3077 3789 cum
3113 3737 3276 3790 modo
3309 3740 3494 3791 numi-

198 3846 323 3898 μεν.
351 3827 480 3897 Φέρ’
509 3821 626 3888 οὖν,
655 3825 755 3896 ήδη
792 3823 980 3878 λοιπὸν
1007 3823 1095 3875 ἐπ’
1122 3823 1293 3886 αὐτὰς
1332 3825 1672 3895 χωρήσωμεν
1700 3842 1730 3877 τ

1960 3848 2053 3895 Im,
2080 3831 2245 3885 modo
2293 3828 2539 3882 manium
2571 3827 2806 3898 speciem
2843 3827 3054 3891 induat,
3092 3837 3207 3882 tum
3240 3844 3369 3884 vero
3404 3831 3492 3885 ni—

196 3921 526 3985 ἁτυοδείξεις.
558 3919 723 3990 Θήσω
747 3918 805 3971 δὲ
840 3917 1064 3990 πρώτας
1100 3917 1202 3980 τὰς
1233 3918 1341 3971 ἀπὸ
1383 3918 1483 3988 τῆς
1518 3919 1728 3974 Πλουτά

1957 3927 1972 3979 ι
2005 3925 2073 3978 ad
2108 3923 2367 3976 virtutem
2401 3919 2571 3974 animi
2605 3917 2870 3984 conferat,
2896 3919 2991 3974 sed
3033 3920 3217 3988 potius
3272 3920 3484 3976 homini

197 4030 291 4083 χου
326 4011 578 4084 γραφῆς,
617 4010 687 4081 ἢν
731 4011 1028 4080 πεποίηται
1075 4009 1204 4080 περὶ
1249 4003 1358 4062 τῶν
1404 4009 1729 4064 ὲκλελοιπότ‹

1952 4014 2282 4086 lperstitione
2317 4011 2486 4066 semel
2516 4010 2756 4080 obligato
2787 4025 3066 4079 nunquam
3114 4026 3226 4064 non
3270 4011 3484 4076 illudat,

196 4104 581 4176 χρηστηρίωψ
613 4102 744 4157 ἔνθα
770 4101 900 4174 περὶ
937 4100 1032 4155 τοῦ
1060 4100 1317 4173 πονηρῶν
1357 4102 1628 4174 δαιμόνων
1657 4100 1728 4156 εῖν

2005 4105 2282 4162 continuis
2315 4117 2442 4158 eum
2487 4101 2629 4156 dolis
2687 4116 2752 4155 ac
2806 4100 3089 4157 fraudibus
3137 4102 3194 4156 in
3247 4118 3488 4174 praceps

193 4196 261 4252 τὰ
285 4197 446 4270 παρὰ
470 4198 585 4258 τοῖς
612 4194 790 4248 ἔθνεσι
827 4193 1056 4265 μαντεῖά
1080 4210 1140 4246 τε
1170 4193 1262 4250 καὶ
1286 4195 1618 4267 χρηστήρια,
1642 4195 1725 4249 τόν

1955 4209 2044 4270 gat.
2075 4197 2220 4252 idem
2256 4209 2444 4266 porro,
2474 4194 2600 4248 licet
2649 4192 2800 4247 omni
2835 4208 2900 4246 ex
2949 4201 3104 4262 parte
3136 4194 3487 4261 sceleratum,

193 4290 396 4360 γράφει
421 4288 515 4342 τὸν
540 4288 764 4359 τρόπον.

1954 4303 2038 4341 ias
2079 4286 2137 4339 in
2169 4284 2379 4354 species
2403 4324 2417 4350 ,
2474 4281 2909 4352 perniciosorum
2946 4283 3173 4337 alteram
3199 4324 3214 4348 ,
3257 4285 3486 4339 alteram

193 4383 581 4456 benigniorum
611 4382 878 4448 divisere;
915 4395 981 4437 ac
1025 4381 1305 4452 prioribus
1366 4381 1663 4447 malorum,
1706 4382 1976 4438 bonorum
2026 4397 2158 4437 vero
2220 4379 2616 4451 posterioribus
2652 4393 2850 4433 nomen
2899 4378 3164 4436 indidere.
3195 4378 3327 4446 Quae
3362 4396 3486 4436 cum

191 4481 466 4549 ejusmodi
500 4479 650 4545 sint,
695 4478 748 4532 id
781 4477 917 4532 mihi
971 4493 1120 4533 nunc
1151 4477 1426 4547 agendum
1475 4477 1674 4547 viden,
1725 4488 1786 4534 ut
1825 4478 2202 4549 praetermissis
2242 4477 2333 4544 iis,
2379 4491 2502 4546 quae
2535 4491 2633 4530 sua
2680 4484 2873 4544 sponte
2907 4476 3225 4542 concidunt,
3268 4477 3488 4531 institu-

189 4585 300 4640 tam
343 4575 416 4629 de
455 4571 513 4627 vi
553 4572 873 4642 artibusque
905 4569 1217 4626 daemonum
1265 4569 1694 4638 disputationem
1743 4585 2083 4640 persequar,
2139 4583 2417 4640 quamque
2451 4568 2591 4622 libro
2647 4567 2932 4636 superiore
2987 4567 3099 4635 jam
3156 4567 3348 4633 affeci,
3381 4569 3485 4624 hoc

188 4671 433 4740 denique
488 4677 794 4739 pertexam.
848 4667 963 4737 Age
1029 4665 1212 4735 itaque
1261 4674 1425 4734 atque
1484 4665 1552 4720 ad
1604 4677 1782 4722 certas
1821 4665 1987 4735 (quod
2041 4680 2210 4719 unum
2260 4662 2532 4734 superest)
2583 4662 2844 4716 vanitatis
2911 4662 3076 4732 hujus
3127 4664 3485 4733 coarguenda:

191 4765 437 4819 rationes
466 4763 777 4818 veniamus.
815 4761 946 4816 Mihi
975 4777 1138 4823 vero,
1198 4759 1480 4814 Plutarchi
1523 4769 1650 4816 ante
1684 4770 1912 4816 caeteros
1952 4759 2334 4814 auctoritatem
2392 4771 2587 4827 urgere
2615 4755 2793 4810 visum
2829 4762 2934 4818 est,
2974 4771 3038 4809 ex
3071 4771 3156 4820 eo,
3194 4771 3355 4826 quem
3414 4756 3484 4810 de

188 4855 459 4909 exhausta
505 4852 854 4908 oraculorum
883 4851 936 4905 vi
976 4850 1215 4919 scripsit,
1256 4849 1439 4904 libello
1482 4853 1790 4920 repetitam.
1836 4848 1940 4904 Ubi
1995 4848 2260 4919 quidquid
2294 4863 2528 4917 usquam
2560 4846 2952 4900 vaticiniorum
3002 4849 3146 4916 apud
3177 4856 3366 4918 gentes
3398 4857 3483 4902 at-

189 4964 295 5022 que
315 4948 675 5005 oraculorum
695 4946 816 5009 fuit,
847 4945 1112 5014 improbis
1142 4946 1484 5003 daemonibus
1508 4948 1772 5018 assignat.
1813 4949 1869 5003 in
1902 4962 2050 5014 eum,
2087 4946 2181 5016 qui
2222 4945 2492 5016 sequitur,
2518 4945 2763 4998 modum.

724 5060 1125 5113 ΚΕΦΑΛΑΙΟΝ
1177 5061 1251 5116 A'.
1817 5046 1863 5101 D

1817 5046 1863 5101 ι)
2407 5059 2570 5132 ιεά.
2603 5057 2836 5114 CAPUT
2876 5057 2967 5114 1v.

190 5154 330 5225 Περὶ
353 5152 486 5226 ⁵πξῦ
520 5151 804 5221 πονηρῶν
839 5151 1149 5226 δαιμόνωνΔ
1171 5149 1323 5220 εἶναι
1351 5153 1423 5226 τὰ
1469 5153 1629 5223 παρὰ
1659 5171 1722 5208 το

1933 5156 2166 5226 ἰιὶάηιιίά
2213 5155 2586 5226 ναιίεὶηἱονιιηι
2613 5163 2768 5226 alque
2799 5151 3139 5205 oraculorum
3168 5153 3317 5226 apud
3349 5169 3465 5222 gem

419 5223 628 5277 ἔθνεσι
660 5221 911 5292 μαντεῖά
938 5221 1014 5277 τε
1056 5223 1155 5277 καὶ
1185 5221 1559 5293 χρηστήρια(
1917 5221 1929 5223 ⁷

1917 5221 1929 5223 ⁷
1997 5221 2070 5281 tes
2104 5227 2229 5295 fuit,
2263 5225 2621 5295 improborum
2653 5222 2952 5276 dwmonum
2989 5238 3118 5290 opus
3151 5223 3336 5292 fuisse.

281 5329 391 5388 ιΕὗ
424 5337 524 5404 μὲν
551 5328 645 5386 οὖν
667 5331 797 5401 (71‘)
813 5331 1029 5402 λέγουσι
1046 5333 1139 5384 καὶ
1157 5334 1203 5384 oi
1225 5332 1492 5402 λέγοντες,
1523 5336 1606 5390 ὅτι
1637 5335 1780 5390 Πλά-

1963 5359 1983 5391 ‹
2016 5339 2278 5410 Equidem
2320 5353 2508 5392 eorum
2556 5352 2775 5406 quoque
2815 5333 3152 5405 probandam
3180 5377 3197 5401 ,
3246 5336 3425 5404 inquit
3453 5377 3468 5398 .

187 5439 312 5487 των,
374 5422 442 5475 τὺ
483 5424 607 5484 ταῖς
663 5421 1030 5492 γεννωμέναις
1078 5423 1358 5494 ποιότησιν
1416 5424 1718 5496 ὑποκείμεν

1934 5430 2189 5485 rationem
2215 5429 2489 5491 existimo,
2515 5427 2606 5498 qui
2651 5426 3102 5496 philosophorum
3134 5424 3406 5479 nationem
3437 5443 3466 5479 a

188 5517 454 5585 στοιχεῖον
505 5512 764 5584 ἐξευρὼν,
814 5512 882 5584 ἥν
929 5512 1061 5584 ὓλην
1107 5514 1218 5585 (72)
1271 5515 1516 5580 καλοῦσι,
1564 5516 1720 5569 πολλί

1932 5523 2130 5586 latone,
2159 5521 2306 5593 quod
2348 5521 2676 5575 elementum
2725 5519 2898 5585 illud,
2958 5532 3123 5588 quam
3182 5518 3464 5573 materiam

189 5607 466 5681 ἀπήλλαξε
516 5607 614 5660 καί
663 5605 910 5677 μεγάλων
965 5608 1208 5680 ἀποριῶν
1247 5611 1376 5673 τοὺς
1420 5607 1721 5680 φιλοσόφους

1934 5615 1988 5669 .si
2023 5622 2237 5682 vocant,
2275 5613 2597 5683 qualitatum
2649 5626 2862 5677 earum,
2893 5626 3015 5681 quae
3048 5609 3279 5665 subinde
3307 5626 3466 5680 gene-

252 5724 395 5792 !7l‘)
429 5721 521 5778 Εὖ
537 5723 657 5787 μὲν
692 5717 825 5775 οὖν.
850 5721 1131 5782 Plutarch.
1150 5724 1228 5781 De
1255 5726 1596 5784 oraculorum
1633 5728 1779 5799 dere.

251 5810 292 5860 ι,
325 5810 455 5865 pag.
493 5793 600 5847 414
631 5791 692 5848 F.
715 5793 770 5846 2.
1133 5817 1136 5820 η
1175 5818 1183 5821 λ·

1947 5726 2059 5850 92)
2093 5729 2199 5785 Ἦν
2245 5727 2428 5797 ὕλην,
2461 5724 2770 5795 Plutarch,
2806 5725 2834 5778 ὃ
2862 5723 2956 5779 νῦν
3001 5723 3134 5797 ὓλην
3167 5724 3256 5778 καὶ
3295 5722 3460 5792 φύσιν

1928 5815 1948 5851 ι
1983 5837 1998 5853 .
