3880 6218
178 318 277 376 381

1348 336 1353 341 ‘
1386 318 1707 379 PPEPAR.
1743 316 1998 377 EVANG.
2039 310 2170 373 LIB.
2199 315 2268 374 γ.

3345 310 3453 365 ὅῖἳ

181 432 575 511 δαρικώτερον.
610 456 633 493 ι
661 438 775 494 Καί
797 439 959 494 πάλιν
983 440 1311 515 προστίθησι
1330 439 1445 513 (81)
1477 442 1591 505 τοῖς
1615 440 1770 512 εἰρη-

1884 452 2004 493 vero
2046 435 2253 493 sentire
2286 430 2423 489 mihi
2446 442 2556 489 non
2582 430 2703 488 sine
2724 429 2937 486 ratione
2958 428 3182 495 videor,
3224 442 3456 499 respon-

183 529 366 599 μένοις
409 528 605 585 ταῦτα’
657 550 678 584 ι
709 532 834 586 Elei.
882 533 993 606 γὰρ
1035 533 1112 597 ὡς
1163 535 1224 586 ὲν
1268 531 1620 604 ἀνθρώποις,
1677 531 1774 585 καὶ

180 617 429 690 δαίμοσιν
474 620 680 691 ἀρετῆς
722 620 978 695 διαφοραὶ⁵
1028 624 1124 677 καὶ
1172 623 1269 677 τοῦ
1317 622 1622 695 παθητικοῦ
1676 620 1776 675 καὶ

183 709 401 778 ἀλόγου.
435 711 560 775 Τοῖς
590 712 689 783 μὲν
717 712 943 776 ἀσθενὲς
963 714 1060 767 καὶ
1079 715 1328 786 ἀμαυρόν
1360 716 1477 768 ἐστι
1498 714 1772 784 λείψανον,

184 800 260 865 ὡς
310 802 634 875 περίττωμα
655 844 672 868 ,
716 807 827 869 τοῖς
877 802 934 858 δὲ
984 806 1120 859 πολὺ
1164 807 1260 860 καὶ
1305 806 1775 861 δυσκατάσϐεστον

185 890 426 946 ἔνεστινθ
468 886 545 948 ὧν
586 893 705 967 ίχνη
739 894 835 949 καὶ
880 897 1126 967 σύμϐολα
1176 896 1442 968 πολλαχοῦ
1485 896 1670 951 θυσίαι
1716 913 1775 951 τε

184 981 280 1035 καὶ
324 981 543 1037 τελεταὶ
583 984 678 1037 καῖ¹
715 983 1033 1055 μυθολογίαι
1074 985 1309 1051 σώζουσι
1344 988 1440 1042 καὶ
1484 987 1779 1058 διαφυλάτ-

185 1091 340 1130 τουσι
370 1075 770 1149 διεσπαρμέναι
799 1077 932 1148 (82).
970 1080 1083 1133 Καὶ
1123 1081 1252 1152 περὶ
1293 1080 1393 1152 μὲν
1430 1080 1540 1135 τῶν
1586 1099 1778 1152 μυστι-

185 1166 321 1231 κῶν,
355 1168 415 1220 ἑν
448 1162 532 1232 οἷς
584 1167 682 1233 τάς
735 1170 999 1241 μεγίστας
1041 1173 1307 1243 ἐμφάσεις
1350 1172 1446 1226 καὶ
1493 1172 1778 1243 διαφάσεις

185 1258 371 1312 λαόεῖν
407 1259 524 1315 ἔστι
562 1260 663 1329 τῆς
707 1262 839 1333 περὶ
884 1262 1155 1333 δαιμόνων
1198 1263 1490 1335 ἀληθείας,
1536 1263 1780 1336 εὔστομά

189 1368 278 1422 μοι
312 1351 517 1405 κείσθω
548 1353 658 1421 (85)
700 1352 822 1407 καθ’
862 1355 1173 1425 Ἡρόδοτον·
1220 1357 1414 1428 ἑορτάς
1443 1356 1502 1410 δὲ
1550 1356 1643 1411 καὶ
1684 1356 1781 1410 θυ-

188 1442 342 1507 σίας,
377 1443 569 1516 ῶσπερ
602 1444 819 1516 ἡμέρας
856 1447 1174 1518 ἀποφράδας
1205 1448 1301 1502 καὶ
1337 1448 1687 1522 σκυθρωπάς,
1719 1451 1779 1504 ὲν

186 1528 273 1597 αἶς
302 1533 622 1604 ὠμοφαγίαι
656 1534 753 1588 καὶ
796 1535 1156 1607 διασπασμοὶ,
1182 1538 1429 1609 νηστεῖαί
1464 1556 1524 1592 τε
1561 1539 1656 1593 καὶ
1690 1556 1783 1593 κο-

186 1622 372 1686 πετοὶ,
403 1622 673 1694 πολλαχοῦ
714 1623 771 1677 δὲ
811 1625 973 1688 πάλιν
1005 1626 1379 1698 αἰσχρολογίαι
1419 1627 1557 1699 πρὸς
1591 1630 1777 1701 ἱεροῖς,

187 1717 381 1786 μανίαι
436 1734 495 1769 τε
552 1717 707 1772 ἄλλαι
756 1719 1070 1790 ὀρινόμεναι
1129 1721 1442 1792 ριψαύχενοι
1489 1722 1625 1794 (84)
1681 1723 1779 1776 σὺν
1829 1715 1837 1726 ’

1872 531 1952 585 sis
2000 538 2055 584 et
2083 526 2323 584 oraculis
2379 541 2489 582 non
2541 525 2656 596 jam
2696 523 2832 579 deos
2867 537 3135 593 pneesse,
3188 538 3328 593 quos
3381 523 3454 577 ab

1877 621 2037 693 185
2060 621 2209 676 omni
2241 628 2457 675 terrena
2485 616 2870 674 communione
2890 625 3130 671 secretos
3151 630 3275 671 esse
3295 629 3457 685 opor-

1875 722 2005 778 teat,
2063 713 2159 769 sed
2211 711 2488 766 daemones
2542 718 2751 764 tantum
2803 708 3030 763 deorum
3079 708 3453 763 administros.

1874 804 2018 860 Huic
2059 812 2242 860 autem
2286 804 2596 858 daemonum
2649 801 2855 873 generi,
2911 810 3128 871 sumpta
3177 800 3334 871 quasi
3387 815 3457 856 ex

1875 895 2223 966 Empedoclis
2244 894 2606 949 carminibus.
2685 930 2701 945 .
2778 927 2797 946 .
2875 930 2890 946 .
2970 931 2985 947 .
3036 892 3267 956 scelera,
3302 890 3458 946 cala-

1875 987 2094 1041 mitates
2146 1000 2471 1056 erroresque
2502 985 2770 1041 divinitus
2817 981 3097 1040 immissos
3137 984 3458 1048 attrihuere,

1875 1088 2156 1149 postremo
2206 1093 2399 1133 eorum
2444 1078 2610 1133 etiam
2655 1077 2816 1147 quasi
2873 1078 3158 1132 hominum
3204 1077 3459 1132 interitus

1876 1171 2210 1234 describere,
2246 1171 2299 1225 id
2330 1184 2458 1225 vero
2490 1170 2673 1225 nimiae
2705 1170 3033 1225 temeritatis
3078 1185 3144 1225 ac
3189 1170 3458 1225 barbariae

1876 1259 2124 1317 futurum
2151 1269 2356 1330 putem.
2389 1277 2410 1310 ι
2448 1255 2660 1324 Quibus
2677 1268 2959 1328 pratterea,
2986 1273 3110 1328 quae
3133 1268 3459 1329 sequuntur,

1886 1353 2099 1407 atterit.
2161 1370 2181 1402 ι
2224 1350 2366 1405 Sunt
2395 1352 2543 1406 enim
2591 1365 2724 1406 vero
2775 1358 2836 1405 ut
2874 1350 3127 1406 homines
3167 1352 3330 1418 inter,
3381 1353 3465 1409 sic

1878 1444 2029 1515 ipsos
2065 1444 2211 1499 inter
2234 1444 2510 1499 daemones
2539 1443 2760 1499 virtutis
2790 1442 3218 1513 cupiditatisque
3253 1444 3459 1500 discri-

1879 1537 2052 1591 mina.
2080 1534 2137 1590 ln
2166 1536 2290 1591 aliis
2319 1535 2464 1591 enim
2499 1542 2692 1590 tenues
2724 1536 2904 1591 solum
2940 1537 3303 1606 obscuratque
3335 1536 3466 1591 reli-

1880 1630 2025 1700 quiae
2069 1639 2327 1699 tanquam
2373 1627 2712 1698 superﬂuum
2769 1629 3029 1699 quiddam
3078 1629 3355 1697 resident,
3407 1630 3462 1687 in

1882 1721 2007 1776 aliis
2036 1730 2217 1775 autem
2261 1720 2343 1775 vis
2373 1720 2531 1789 longe
2554 1720 2729 1790 major
2762 1729 3014 1790 superest
3050 1722 3349 1789 eademque
3372 1737 3467 1777 ve-

185 1809 384 1880 κλόνῳ,
426 1808 565 1863 θεῶν
613 1810 712 1882 μὲν
746 1812 942 1876 οὐδενὶ,
976 1812 1247 1884 δαιμόνων
1286 1814 1344 1867 δὲ
1383 1814 1602 1883 φαύλων
1645 1816 1779 1869 ἀπο-

1884 1814 2074 1884 getior.
2101 1794 2278 1881 Cujus
2310 1813 2597 1882 utriusque
2627 1813 2855 1885 vestigia
2886 1822 3153 1885 notasque
3170 1815 3466 1871 nonnullas

182 1902 395 1974 τροπῆς
429 1901 592 1955 ἕνεκα
626 1904 859 1975 φήσαιμ’
893 1903 959 1958 ἂν
990 1904 1262 1960 τελεῖσθαι
1287 1904 1422 1974 (85),
1454 1905 1780 1977 παραμύθια

184 1995 286 2065 τῆς
320 1994 489 2049 πάλαι
516 1995 846 2067 ποιουμένης
868 1997 1320 2069 ἀνθρωποθυσίας
1341 2016 1355 2029 °
1381 1999 1447 2064 ἃς
1479 1999 1603 2054 οὕτε
1625 2000 1781 2064 θεοὺς

184 2085 463 2152 ἀπαιτεῖν,
490 2085 523 2158 ἢ
551 2086 967 2156 προσδέχεσθαι,
995 2087 1219 2142 πιθανόν
1253 2091 1424 2155 ἐστιν,
1456 2090 1580 2145 οὔτε
1605 2092 1781 2164 μάτην

184 2173 252 2228 ἂν
294 2175 542 2246 ἐδέχοντο
589 2176 701 2248 (86)
744 2177 985 2247 βασιλεῖς
1039 2180 1133 2234 καὶ
1196 2182 1535 2254 στρατηγοὶ,
1583 2184 1782 2248 παῖδας

181 2267 370 2322 αὐτῶν
390 2263 740 2335 ἐπιδιδόντες,
761 2271 857 2326 καὶ
881 2274 1279 2344 καταρχόμενοι
1302 2276 1398 2328 καὶ
1420 2277 1746 2344 σφάττοντες
1763 2295 1777 2308 ο

182 2359 327 2413 ἀλλὰ
353 2360 607 2432 χαλεπῶν
637 2362 733 2417 καὶ
759 2362 1077 2435 δυστρόπων
1102 2365 1291 2438 ὀργάς,
1314 2368 1410 2421 καὶ
1442 2367 1782 2440 βαρυθυμίας

179 2454 575 2525 ἀφοσιούμενοι
626 2456 741 2525 (87)
835 2458 932 2510 καὶ
969 2459 1427 2529 ἀποπιμπλάντες
1466 2461 1781 2533 ἀλαστόρων

177 2546 242 2598 ὲν
283 2547 464 2600 τοῖσδε
504 2549 769 2618 μανικοὺς
797 2548 1030 2619 ἔρωτας,
1064 2551 1127 2603 ού
1157 2551 1476 2622 δυναμένων
1504 2553 1629 2606 οὐδὲ
1657 2554 1782 2624 βουο

175 2635 436 2708 λομένων
488 2637 704 2710 σώμασι
765 2642 862 2696 καὶ
908 2642 999 2696 διὰ
1050 2644 1320 2713 σωμάτων
1375 2645 1618 2716 ὁμιλεῖν
1667 2647 1782 2701 ἀλλ’

176 2727 386 2801 ὥσπερ
425 2730 700 2803 Ἡρακλῆς
732 2733 991 2803 Οἰχαλίαν
1031 2734 1339 2806 ἐπολίορκει
1369 2734 1457 2789 διά
1490 2738 1780 2809 παρθένον,

173 2819 338 2876 οὕτω
362 2822 624 2886 πολλάκις
655 2825 868 2895 ἰσχυροὶ
900 2825 995 2878 καὶ
1024 2825 1189 2896 βίαιοι
1226 2826 1505 2898 δαίμονες,
1541 2829 1786 2895 agar—.06.

179 2932 350 2986 μενοι
379 2914 558 2987 ψυχὴν
591 2916 943 2990 ἀνθρωπίνην
967 2920 1366 2991 περιεχομένην
1397 2920 1632 2992 σώματι,
1670 2922 1782 2975 λοι-ι

178 3007 335 3079 μούς
377 3024 439 3061 τε
486 3009 704 3075 πόλεσι,
754 3010 850 3063 καὶ
899 3010 1003 3082 γῆς
1058 3011 1292 3083 ἀφορίας
1341 3013 1645 3082 ἐπάγουσι,
1689 3014 1785 3068 καὶ

176 3102 469 3173 πολέμους
494 3104 590 3156 καὶ
614 3103 833 3167 στάσεις
856 3104 1236 3175 ταράττουσιν,
1259 3106 1417 3178 ἄχρις
1439 3102 1500 3161 οὗ
1526 3107 1782 3179 τύχωσιν,

1879 1905 2086 1975 passim
2153 1905 2209 1959 in
2260 1905 2584 1971 sacriﬁciis,
2637 1906 2839 1961 ritibus
2893 1905 3205 1977 fabulisque
3257 1910 3466 1978 sparsis

1881 1997 2100 2053 inustas
2149 1997 2452 2051 etiamnum
2500 2007 2668 2068 atque
2708 2013 3005 2069 expressas
3057 2001 3330 2056 videmus.
3386 2002 3466 2058 Ac

1882 2091 2110 2160 mystica
2161 2089 2380 2159 quidem
2410 2090 2553 2158 quod
2599 2091 2813 2157 attinet,
2858 2107 2926 2147 ex
2976 2094 3180 2162 quibus
3224 2094 3466 2151 illustres

1883 2182 2173 2238 admodum
2209 2199 2274 2238 ac
2302 2184 2518 2239 veritati
2569 2185 2852 2256 proximas
2896 2194 3107 2241 naturae
3152 2187 3464 2242 daemonum

1884 2273 2314 2342 signiﬁcationes
2340 2283 2395 2328 et
2423 2286 2745 2343 argumenta
2778 2289 2999 2330 sumere
3038 2275 3221 2344 liceat,
3258 2278 3462 2349 linguis

1883 2363 2199 2433 favendum,
2230 2374 2292 2419 ut
2317 2363 2627 2421 Herodotus
2656 2366 2920 2436 loquitur.
2958 2367 3031 2422 At
3059 2384 3189 2424 vero
3214 2369 3379 2426 ferias
3412 2380 3469 2426 et

1884 2456 2173 2521 sacrificia,
2235 2472 2342 2510 non
2389 2472 2549 2513 secus
2613 2471 2679 2512 ac
2738 2457 2984 2513 nefastos
3016 2470 3276 2527 atrosque
3323 2463 3467 2524 dies,

1881 2550 1978 2619 qui
2011 2550 2308 2603 crudarum
2358 2549 2610 2603 carnium
2646 2564 2765 2616 esu,
2812 2551 3185 2606 membrorum
3240 2555 3470 2609 convul-

1883 2638 2154 2703 sionihus,
2175 2637 2405 2709 jejuniis
2433 2645 2487 2693 et
2510 2638 2751 2705 planctu,
2784 2639 3034 2708 adeoque
3069 2641 3320 2711 turpibus
3351 2644 3469 2712 ple-

1884 2731 2071 2800 risque
2110 2731 2163 2783 in
2204 2730 2341 2785 locis
2371 2728 2731 2796 carminibus,
2768 2746 2833 2785 ac
2863 2732 3075 2786 caeteris
3105 2733 3156 2786 id
3185 2750 3356 2804 genus
3388 2737 3471 2790 in-

1887 2824 2162 2894 temperiis
2189 2839 2312 2877 cum
2361 2823 2593 2878 cervicis
2629 2822 2929 2891 jactatione
2965 2842 3029 2881 ac
3061 2829 3297 2883 tumultu
3333 2845 3471 2885 con-

1881 2917 2088 2987 junctis
2132 2916 2398 2971 celebrari
2449 2916 2649 2979 solent,
2683 2918 2817 2971 nulli
2857 2919 3019 2988 plane
3063 2919 3194 2985 Deo,
3234 2923 3327 2978 sed
3358 2923 3470 2978 da:-

1885 3023 2110 3062 monum
2145 3008 2332 3074 alicui,
2363 3010 2796 3065 averruncandzr
2845 3012 3196 3078 calamitatis,
3229 3023 3287 3069 et
3316 3025 3472 3070 velu-

1887 3094 2143 3150 srissimte
2198 3096 2447 3151 homines
2488 3097 2809 3153 immolandi
2854 3104 3275 3159 consuetudinis
3323 3106 3472 3159 miti-

174 3188 240 3249 οὗ
273 3166 476 3266 ἐρῶσι.
512 3213 532 3246 ι
575 3194 771 3265 Σαφῶς
800 3166 890 3250 διὰ
922 3166 1126 3250 τούτων
1156 3198 1185 3250 ὁ
1223 3166 1779 3270 προδηλωθεὶςῃφιλόέ

1891 3190 2077 3259 gender.
2113 3203 2177 3243 ac
2221 3189 2524 3244 molliendae
2562 3192 2758 3261 gratia,
2815 3195 3162 3261 postmodum
3221 3199 3471 3255 instituta

176 3304 393 3357 σοφος,
434 3287 517 3341 ὅτι
564 3286 781 3357 δαίμοσι
826 3289 1086 3360 πονηροῖς
1130 3288 1199 3342 τὰ
1244 3288 1617 3360 προειρημένα
1647 3289 1787 3343 κατὰ

176 3380 374 3444 πάσας
405 3380 506 3443 τὰς
540 3379 722 3444 πόλεις
755 3381 1082 3445 ἐπετελεῖτο,
1112 3380 1476 3453 παρέστησεν.
1506 3383 1569 3435 El
1599 3382 1656 3436 δὲ
1692 3381 1787 3436 καί

176 3491 338 3538 τινες
364 3469 509 3545 ἦσαν
540 3475 599 3526 ὲν
648 3472 885 3537 τούτοις,
918 3472 995 3536 ὣς
1026 3490 1213 3541 φασιν,
1263 3474 1458 3542 ἀγαθοὶ
1489 3474 1588 3547 τὴν
1626 3474 1788 3543 φύσιν

181 3567 288 3621 καὶ
319 3564 466 3629 θεοὶ,
502 3565 557 3617 τί
597 3565 736 3636 χρῆν
786 3563 1111 3636 θεραπεύειν
1159 3566 1287 3628 τοὺς
1334 3564 1602 3634 φαύλους,
1652 3566 1788 3638 πρὸς

183 3658 301 3712 τῶν
347 3654 574 3725 ἀγαθῶν
617 3656 1023 3710 ἀπελαύνεσθαι
1059 3657 1178 3709 δέον
1210 3656 1442 3721 αύτούς;
1477 3658 1542 3709 Ei
1572 3657 1680 3730 γάρ
1721 3657 1785 3730 δή

186 3768 338 3815 τινες
383 3745 530 3822 ἦσαν
563 3750 748 3814 αὐτοῖς
791 3749 988 3819 ἀγαθοὶ
1038 3749 1375 3822 προστάται,
1419 3748 1628 3813 τούτοις
1663 3752 1787 3803 ἑπι-

186 3840 533 3913 θαρσοῦντας
557 3841 617 3895 τὸ
644 3840 810 3913 μηδὲν
839 3841 949 3895 τῶν
977 3842 1239 3913 χειρόνων
1260 3840 1397 3914 χρῆν
1423 3842 1593 3914 δήπου
1625 3859 1789 3914 φρον-

186 3935 382 4000 τίζειν,
416 3936 513 3990 καὶ¹
545 3934 633 3990 διὰ
667 3920 959 4007 σωφρόνων
1002 3934 1178 4003 λόγων
1213 3952 1274 3989 τε
1302 3935 1398 3988 καὶ
1429 3933 1622 4005 εὐχῶν,
1653 3934 1788 3989 ἀλλά

192 4028 270 4099 μὴ
308 4028 380 4082 δι’
428 4024 987 4098 αίσχρορῤημοσυνῶν
1031 4027 1130 4091 τὰς
1183 4025 1431 4090 ἐναντίας
1482 4027 1790 4099 ἀποτρέπε-

190 4118 315 4172 σθαι
348 4118 640 4188 δυνάμεις.
674 4117 804 4170 Ὅτε
840 4115 897 4170 δὲ
924 4116 1131 4171 τούτων
1173 4116 1272 4188 μὲν
1312 4115 1466 4169 οὐδὲν
1495 4115 1784 4187 ἔπραττον,

192 4208 292 4281 βίῳ
314 4209 361 4263 δ’
395 4208 612 4281 αἰσχρῷ
642 4208 736 4264 καὶ
757 4208 1070 4281 ἀκολάστῳ,
1104 4211 1201 4263 καὶ
1235 4210 1474 4281 ῥήμασιν
1502 4209 1783 4281 ἀσέμνοις,

190 4300 550 4371 ὠμοφαγίαις
577 4317 638 4354 τε
672 4300 766 4355 καὶ
786 4300 1156 4370 διασπασμοῖς
1189 4300 1286 4354 καὶ
1314 4300 1790 4371 άνθρωποθυσίαις

188 4394 302 4456 τοῖς
326 4393 594 4462 πονηροῖς
624 4390 877 4462 δαίμοσιν
906 4390 1290 4445 ὲκαθικέτευον
1308 4407 1323 4422 ’
1350 4390 1469 4455 πῶς
1501 4389 1597 4443 καὶ
1628 4390 1790 4443 δυνα-

1891 3297 2013 3338 esse
2039 3282 2291 3337 dixerim.
2321 3281 2456 3336 Nam
2496 3283 2602 3339 ista
2652 3285 2874 3355 quidem
2925 3302 3101 3359 nec‘a
3150 3289 3259 3344 diis
3289 3293 3470 3363 expeti

1887 3388 1989 3427 nec
2016 3373 2237 3444 probari
2287 3374 2635 3429 simillimum
2682 3377 2799 3431 veri
2851 3386 2936 3433 est
2964 3396 2978 3432 :
3004 3395 3104 3435 nec
3133 3382 3323 3438 eadem
3366 3386 3469 3456 ipsi

1886 3481 2107 3535 quoque
2137 3481 2293 3534 reges
2321 3465 2795 3537 imperatoresque
2837 3466 2996 3523 facile
3022 3472 3160 3537 adeo
3192 3476 3466 3543 suscepis-

1888 3567 2030 3620 sent,
2064 3558 2145 3612 uti
2197 3557 2400 3612 liberos
2449 3557 2552 3627 ipsi
2585 3573 2717 3614 suos
2753 3559 2836 3613 vel
2867 3562 3187 3618 mactandos
3213 3564 3334 3621 aliis
3361 3574 3472 3619 tra-

1884 3650 2098 3713 derent,
2144 3649 2231 3703 vel
2270 3650 2387 3705 suis
2431 3648 2706 3704 interdum
2754 3652 3011 3708 manibus
3061 3655 3175 3710 aris
3214 3657 3470 3714 admotos

1881 3738 2198 3810 jugulareut
2223 3757 2236 3793 :
2260 3739 2353 3794 sed
2377 3739 2636 3794 nimirum
2660 3740 3016 3809 deprecanda:
3038 3746 3470 3819 amoliendzeque

1886 3831 2259 3900 improborum
2322 3846 2388 3887 ac
2451 3831 2699 3886 dirorum
2775 3845 3095 3891 exactorum
3170 3840 3470 3899 iracundia.

1887 3936 2075 3987 causa,
2105 3920 2332 3977 furiosis
2353 3922 2658 3978 exitialium
2690 3924 3024 3993 daemonum,
3049 3928 3143 3997 qui
3168 3945 3465 4002 corporum

1886 4012 2162 4081 amplexu,
2213 4011 2298 4067 vel
2360 4012 2699 4071 intermediis
2745 4016 2910 4071 etiam
2965 4022 3309 4090 corporibus,
3360 4004 3468 4081 frui

1887 4119 2067 4173 neque
2100 4103 2317 4172 vellent,
2345 4119 2524 4175 neque
2549 4116 2795 4177 possent,
2844 4110 3129 4168 amoribus
3161 4114 3267 4171 hoc
3306 4119 3473 4175 modo

1886 4195 2361 4253 lenocinabuntur.
2393 4195 2461 4253 Et
2499 4200 2962 4269 quemadmodum
2990 4203 3307 4263 (Echaliam
3338 4209 3472 4267 Here

1887 4288 2039 4344 cules
2086 4288 2315 4358 virginis
2362 4304 2550 4346 amore
2602 4302 2919 4350 commotus
2954 4295 3189 4365 obsedit,
3234 4302 3309 4357 ita
3339 4306 3471 4359 saevi

1888 4381 2212 4452 plerumque
2239 4397 2306 4437 ac
2331 4383 2626 4438 truculenti
2662 4384 2963 4455 daemones,
2987 4389 3243 4448 humanm
3273 4397 3471 4453 animae

190 4485 280 4539 τὸν
308 4481 380 4558 ἦν
409 4485 614 4548 αὐτοὺς
640 4484 709 4538 τά
742 4482 970 4537 τοιαῦτα
1005 4481 1270 4555 δρῶντας,
1301 4482 1397 4536 καὶ
1427 4484 1539 4546 τοῖς
1562 4480 1779 4551 φαύλοις

1890 4474 2174 4543 corporeis
2213 4473 2393 4529 adhuc
2423 4474 2657 4531 vinculis
2703 4476 2977 4545 impedita:
3008 4483 3344 4539 consortium
3373 4500 3472 4540 ex-

189 4577 576 4652 κεχαρισμένα
604 4574 1126 4646 διαπραττομένους,
1167 4574 1244 4646 τῷ
1268 4575 1361 4627 ἐπὶ
1392 4573 1611 4627 πάντων
1641 4570 1780 4643 Θεῷ,

189 4673 227 4745 ἢ
249 4675 371 4735 ταῖς
404 4670 501 4722 ὑπ’
535 4667 700 4721 αὑτὸν
740 4666 915 4730 θείαις
953 4666 1266 4738 δυνάμεσιν,
1310 4666 1344 4738 ἢ
1378 4667 1515 4728 ὅλως
1560 4665 1787 4734 ἀγαθοῖς

187 4781 299 4818 τισι
323 4758 826 4836 προσῳκειῶσθαι;
861 4757 1021 4812 Ἀλλά
1046 4759 1156 4831 γὰρ
1191 4760 1304 4823 eoi;
1338 4759 1473 4812 πᾶσι
1497 4757 1782 4829 πρόδηλον,

189 4855 269 4919 ὡς
286 4857 316 4910 δ
347 4854 422 4907 τὰ
454 4852 587 4923 φίλα
609 4853 721 4915 τοῖς
748 4849 972 4921 φαύλοις
995 4849 1279 4915 ἐπιτελῶν,
1300 4849 1401 4903 οὑκ
1422 4848 1488 4904 ἄν
1518 4866 1648 4902 ποτε
1679 4849 1786 4903 τῶν

190 4945 421 5015 ἀγαθῶν
449 4943 666 5013 γένοιτο
685 4941 1009 5015 προσφιλής.
1045 4941 1161 4995 Οὐκ
1190 4942 1302 5013 άρα
1334 4939 1499 5006 θεοῖς,
1520 4941 1630 4995 οὐδ’
1654 4942 1787 5011 ἀγα·
1812 4982 1819 4989 .

265 5081 385 5153 (81)
446 5080 560 5153 Kal
610 5078 1230 5153 adlrrggoyzlﬁqm.
1283 5075 1395 5134 Imo
1440 5077 1585 5147 apud
1634 5075 1781 5133 Plut.

196 5149 315 5208 haec
343 5149 686 5220 pmedunt,
717 5164 776 5220 p._
808 5150 914 5203 417
935 5149 998 5220 Β.
1027 5150 1081 5203 4.

266 5217 385 5294 (82)
440 5217 899 5294 dwame:
950 5218 1268 5294 Plutarch,
1311 5217 1781 5294 έῖδξεετταρμένςιν

193 5288 305 5350 hoc
335 5288 426 5349 est
457 5301 619 5346 natas
650 5288 933 5346 sacriﬁciis
955 5330 970 5354 ,
1018 5290 1214 5345 ritibus
1265 5298 1321 5344 et
1349 5288 1549 5344 fabulis
1576 5288 1784 5359 passim

193 5376 480 5433 aspersas.
502 5360 662 5433 Quod
696 5362 904 5433 rectius
933 5361 1170 5433 videtur.

271 5422 391 5503 (85)
427 5422 711 5499 Ε’ὗᾶτομὰ
745 5447 879 5503 pot”
903 5431 1167 5503 vastam.)L
1188 5422 1411 5489 Suidas.
1432 5424 1782 5503 Εὐρτομεῒὴ,

193 5503 261 5573 το
280 5496 598 5573 εὐφημεῖν,
623 5496 729 5555 ’καὶ
747 5496 808 5555 ὀί
837 5501 1023 5565 Ἴωνες
1040 5539 1058 5566 ,
1096 5496 1355 5570 Εὖστομα
1381 5498 1587 5552 κείσθω
1627 5496 1780 5568 φασί.

196 5572 468 5629 Herodot.
503 5589 611 5626 non
647 5573 834 5626 semel.

270 5644 385 5713 (84)
429 5642 824 5710 ⁸Ριψαύχεγοι.
876 5640 1097 5710 Repune
1137 5637 1422 5713 ῥιψαύχενι
1468 5639 1566 5713 σὺν
1613 5639 1785 5709 κλόνῳ

195 5710 617 5774 ειῬΙοιαιόιιυ,
647 5729 767 5765 cum
796 5713 1097 5766 turbulenta
1119 5713 1331 5764 cervicis
1357 5710 1674 5776 jactatione.

267 5784 384 5858 (85)
425 5781 687 5854 φήσαιμι
719 5780 800 5837 ἂν
822 5781 1146 5848 τελεῖσθαι,
1172 5790 1277 5835 etc.
1310 5778 1589 5834 Plutarch.
1625 5780 1783 5853 longe

1888 4573 2158 4635 petentes,
2185 4565 2570 4634 pestilentiam,
2596 4581 2940 4640 annonaeque
2968 4573 3254 4640 penuriam
3277 4575 3470 4632 civita-

1884 4656 2033 4711 tibus
2064 4657 2387 4725 immittunt,
2431 4672 2636 4728 easque
2668 4659 2825 4717 bellis
2848 4676 2913 4717 ac
2943 4664 3302 4722 seditionibus
3331 4668 3471 4724 infe-

1886 4761 2001 4806 stas
2033 4750 2255 4814 habent,
2308 4748 2483 4805 donec
2529 4751 2727 4821 optatis
2776 4750 3057 4810 amoribus
3098 4757 3401 4827 potiantur.
3438 4779 3459 4813 ›

1886 4842 1983 4899 llis
2007 4844 2165 4914 plane
2189 4843 2440 4899 versibus
2457 4844 2714 4901 laudatus
2741 4846 3103 4918 philosophus
3124 4864 3462 4908 commemo-

1884 4944 2036 4991 ratos
2071 4935 2469 4991 sacriﬁciorum
2497 4936 2660 5006 ritus,
2692 4952 2791 5009 per
2818 4953 3011 4995 omnes
3037 4940 3243 5012 ubique
3270 4943 3462 4999 civita-

1884 5071 2062 5147 aliter,
2095 5070 2334 5147 φήσαιμι
2362 5069 2429 5124 ἂν
2473 5070 2648 5147 τελεῖν
2683 5071 2923 5147 μειλίχια
2952 5074 3069 5147 καὶ-
3098 5074 3460 5147 παραμύθια,

1884 5144 1979 5197 καὶ
2005 5140 2104 5214 τὰς
2133 5140 2301 5214 πάλαι
2335 5142 2663 5214 ποιουμένας
2685 5140 3136 5214 ἀνθρῷποθυσίας
3156 5140 3281 5197 οὔτε
3305 5140 3462 5213 θεοὺς

1883 5213 2156 5267 ἀπαιτεῖν.
2182 5211 2237 5265 In
2263 5213 2463 5281 quibus
2491 5211 2684 5267 Saltem
2710 5212 2771 5266 τὸ
2785 5211 2960 5267 τελεῖν
2983 5215 3038 5267 in
3054 5213 3326 5269 τελεῖσθαι
3342 5211 3464 5272 [ηυξ-

1884 5284 2108 5339 tandum
2139 5281 2369 5336 videtur.

1957 5352 2071 5425 (86)
2115 5352 2225 5407 Ἀν
2259 5351 2563 5423 ἐδέχοντο.
2608 5350 2753 5409 Plut.
2778 5392 2794 5421 ,
2831 5352 3131 5426 ἀνέχονται.
3167 5352 3231 5410 F.
3252 5395 3269 5422 ,
3315 5355 3464 5411 ἀνεί-

1920 5440 2057 5477 οντο.

1884 5442 2070 5567 Χοῖἕιῧ.)
2108 5493 2490 5567 Βαρυθημίας
2527 5494 2986 5567 ἀφορμίούμενοι,
3025 5502 3131 5567 etc.
3179 5492 3458 5567 Plutarch.

1885 5564 1976 5621 ita
2020 5564 2148 5637 legit
2177 5579 2240 5618 ac
2292 5564 3001 5637 ΔὀξειὶηευὶιεΒοιρυθυμίιιιε
3039 5566 3459 5637 ἀποσειόμενοι,

1884 5639 1979 5690 καὶ
2035 5633 2488 5703 ἀποπιμπλάντες
2552 5633 2892 5705 άλαστόρων.
2946 5635 3134 5689 Ἐνίων
3196 5633 3462 5705 δεμανι-

1885 5708 2015 5769 κους
2043 5704 2138 5758 καὶ
2167 5705 2519 5774 τυραννικοὺς
2549 5703 2777 5774 ἔρωταςζ
2813 5705 2868 5758 ln
2900 5718 3090 5760 nostro
3132 5703 3329 5761 melius
3378 5710 3461 5761 vi-

1884 5778 2063 5841 detur,
2097 5773 2502 5845 ἀφοσιούμενοι,
2534 5773 2727 5829 caetera
2754 5789 2960 5845 susque
2984 5776 3178 5847 deque.
