3880 6218
357 287 468 346 3‘23

1024 278 1300 339 EUSEBII
1325 276 1811 335 C£SARIENSIS
1837 276 1948 334 OPI

2055 275 2232 332 PARS
2268 276 2335 332 Il.
2364 306 2436 320 —-
2459 274 2961 333 APOLOGETICA.

3527 277 3637 333 524

358 413 445 462 tes
471 402 813 460 daemonibus
856 379 1149 458 attributos
1196 400 1553 470 addictosque
1580 397 1756 454 fuisse
1778 412 1932 453 com—

2055 397 2149 461 tot;
2199 396 2442 468 δαίμοσι,
2499 397 2682 469 μόνοις
2717 396 2777 450 δὲ
2816 398 2928 461 τοῖς
2979 394 3205 466 φαύλοις
3252 394 3546 467 ὲλάτρευον
3584 399 3633 450 oi

357 497 632 569 probavit.
665 493 722 549 Si
755 494 848 564 qui
881 508 1008 548 vero
1041 493 1183 546 inter
1230 492 1364 547 istos
1419 492 1495 546 dii
1546 491 1936 553 censebantur,

359 597 421 643 ut
451 587 624 654 aiunt,
679 594 875 641 natura
902 583 1033 639 boni
1070 583 1233 653 186
1291 582 1555 638 scelestos
1594 582 1776 637 colere
1805 581 1939 650 quid

361 679 651 742 attinebat,
693 692 817 733 eum
850 676 1040 745 utique
1086 689 1118 729 a
1170 674 1330 728 bonis
1364 674 1538 729 arceri
1586 688 1685 728 eos
1715 672 1941 742 expelli—

361 786 469 841 que
495 768 814 839 oporteret?
841 765 976 821 Nam
1010 764 1058 821 si
1087 780 1228 836 quos
1256 765 1517 835 praesides
1539 765 1641 835 ipsi
1681 765 1856 820 bonos
1875 778 1942 819 ac

360 860 622 916 tutelares
668 859 1012 924 habuissent,
1057 871 1242 912 causa:
1296 855 1546 926 profecto
1607 855 1749 910 nihil
1796 863 1937 923 erat,

361 949 717 1019 quamobrem
742 961 934 1001 eorum
964 944 1190 999 numine
1217 945 1584 1015 praesidioque
1610 943 1736 1000 freti
1782 944 1940 999 dete-

361 1042 539 1097 riores
572 1039 713 1094 alios
744 1038 831 1093 vel
863 1037 1025 1093 nauci
1056 1035 1322 1101 facerent,
1347 1046 1445 1090 aut
1465 1049 1597 1090 vero
1623 1034 1795 1091 castis
1823 1049 1942 1105 pre-

361 1132 520 1190 cibus
554 1140 719 1202 atque
742 1131 886 1187 votis
919 1128 1149 1186 infestas
1195 1129 1502 1199 noxiasque
1527 1128 1781 1194 virtutes,
1829 1141 1941 1183 non

356 1227 472 1297 jam
505 1224 786 1280 obsccenis
811 1222 1214 1296 flagitiosisque
1249 1221 1587 1278 carminibus
1612 1228 1938 1277 averterent.

361 1314 483 1371 Jam
515 1331 646 1371 vero
675 1330 801 1370 cum
834 1315 1068 1371 istorum
1098 1313 1238 1368 nihil
1282 1328 1511 1385 prorsus
1557 1322 1802 1385 agerent,
1847 1311 1942 1368 sed

359 1407 489 1463 vitae
514 1406 852 1477 turpitudine
878 1421 943 1462 ac
980 1404 1303 1475 petulantia,
1344 1405 1637 1461 verborum
1666 1404 1943 1460 obscwni-

364 1506 496 1561 tate,
525 1497 823 1553 crudarum
848 1496 1098 1552 carnium
1132 1511 1255 1562 esu,
1290 1495 1669 1566 discerpendis
1694 1504 1945 1551 mactan-

363 1589 558 1659 disque
587 1588 927 1655 hominibus,
981 1589 1278 1645 sceleratos
1323 1589 1600 1644 daemones
1640 1589 1942 1659 placarent,

365 1682 464 1752 qui
493 1681 603 1735 ﬁeri
640 1690 874 1751 poterat,
907 1691 967 1736 ut
992 1680 1085 1751 qui
1116 1680 1386 1749 ejusmodi
1433 1681 1598 1737 rebus
1647 1682 1945 1735 scelerato-

2038 488 2242 561 δεδηλω
2248 489 2398 562 μένοι
2406 532 2418 544 .
2428 490 2549 543 Ἔτι
2565 489 2623 544 δὲ
2641 488 2838 560 μᾶλλον
2848 486 3006 542 τοῦτο
3018 487 3301 542 πιστοῦται
3317 490 3345 542 ὁ
3357 486 3640 558 Πλοῦταρ-

2041 596 2156 649 χος,
2191 583 2248 634 ὲν
2276 575 2356 645 οἷς
2374 598 2505 652 φησι
2535 580 2632 645 τὰς
2659 579 2894 651 μυθικὰς
2923 580 3001 643 ὡς
3036 580 3165 653 περὶ
3196 579 3335 633 θεῶν
3351 580 3638 651 διηγήσεις

2040 669 2233 738 λόγους
2283 665 2420 724 εἷναί
2469 686 2622 733 τινας
2671 669 2800 737 περ)⁵
2849 669 3137 741 δαιμόνων,
3166 669 3237 723 τά
3266 687 3325 723 τε
3346 671 3476 742 παρ’
3501 669 3636 722 Ἐλο

2043 762 2197 835 λησιν
2216 762 2453 835 ᾀδόμενα
2481 760 2775 832 γιγαντικά
2796 779 2916 816 τινα
2944 762 3037 815 καὶ
3066 762 3317 816 τιτανικά
3345 761 3637 833 δαιμονικὰ

2043 849 2183 908 εἶναι
2209 854 2545 925 διηγήματα,
2568 853 2645 916 ὡς
2670 852 2990 925 καινοτέραν
3018 852 3344 908 ὑποϐάλλειν
3369 852 3630 907 διάνοιαν.

2044 946 2272 1017 Μήποτε
2297 946 2405 1017 ἄρα
2438 944 2666 999 τοιαῦτα
2696 940 2766 1017 ἦν
2794 945 2865 999 τὰ
2893 945 3022 1018 περὶ
3052 945 3162 999 τῶν
3191 947 3297 1019 πρὸ
3322 945 3419 1000 τοῦ
3457 963 3634 1001 κατα-

2045 1037 2289 1110 κλυσμοῦ
2331 1038 2604 1107 γιγάντων
2640 1040 2699 1093 ὲν
2737 1041 2803 1111 τῇ
2836 1038 2958 1110 θείᾳ
2989 1039 3181 1112 Γραφῇ
3222 1040 3531 1111 λεγόμενα;
3562 1039 3637 1092 τά

2043 1147 2104 1183 τε
2139 1131 2271 1203 περὶ
2290 1129 2399 1184 τῶν
2420 1129 2642 1194 τούτους
2666 1130 3095 1202 γεγεννηκότων,
3119 1132 3250 1203 περὶ
3277 1126 3352 1187 ὧν
3379 1132 3599 1205 εἴρηται
3615 1148 3631 1162 ⁸

2049 1241 2069 1275 ι
2107 1223 2329 1288 Ἰδόντες
2353 1222 2410 1277 δὲ
2434 1224 2484 1277 οί
2522 1222 2742 1293 ἄγγελοι
2762 1221 2859 1277 τοῦ
2896 1223 3030 1279 Θεοῦ
3050 1225 3150 1289 τὰς
3189 1222 3493 1299 θυγατέρας
3524 1227 3635 1281 τῶν

2043 1311 2368 1386 ἀνθρώπων,
2390 1315 2475 1367 ὅτι
2499 1314 2662 1369 καλαί
2703 1316 2864 1380 εἰσιν,
2903 1315 3094 1371 ἔλαϐον
3124 1319 3337 1382 ἑαυτοῖς
3363 1314 3637 1385 γυναῖκας

2046 1407 2113 1459 ὲκ
2157 1407 2346 1460 πασῶν
2377 1400 2452 1461 ὧν
2510 1406 2856 1472 ἐξελέξαντο·
2905 1405 3002 1476 ἀφ’
3041 1403 3119 1466 ὧν
3175 1407 3544 1481 ἐγεννήθησαν
3582 1412 3633 1462 οἱ

2047 1499 2301 1568 γίγαντες
2328 1502 2375 1552 oi
2409 1500 2699 1571 ὀνομαστοὶ
2718 1499 2778 1567 ἐξ
2800 1501 3013 1567 αἰῶνος.
3040 1521 3059 1554 ι
3102 1502 3260 1556 Εἴποι
3287 1502 3397 1576 γὰρ
3430 1502 3496 1556 άν
3522 1520 3630 1566 τις,

2046 1587 2269 1653 τούτους
2301 1590 2544 1654 ἐκείνους
2595 1587 2735 1646 εἶναι
2761 1631 2777 1658 ,
2818 1593 3027 1647 καὶ-τά
3076 1593 3299 1648 ἐκείνων
3342 1594 3634 1666 πνεύματα

2050 1680 2200 1751 παρὰ
2224 1683 2336 1745 τοῖς
2370 1681 2507 1751 μετὰ
2538 1682 2713 1737 ταῦτα
2743 1684 3051 1757 ἀνθρώποις
3082 1685 3505 1756 τεθεοποιημένα
3535 1682 3634 1741 καὶ

368 1790 486 1829 rum
521 1775 750 1845 gratiam
787 1776 1046 1842 aucupari
1076 1784 1432 1838 conarentur,
1466 1774 1629 1826 iidem
1666 1789 1789 1828 cum
1827 1774 1945 1843 ipso

2055 1773 2145 1837 τὰς
2182 1774 2406 1827 ἐκείνων
2444 1777 2656 1845 μάχας,
2690 1777 2790 1841 τάς
2842 1755 2901 1831 τε
2935 1778 3072 1851 πρὸς
3102 1755 3379 1850 ἀλλήλους
3411 1779 3638 1833 διαστά-

364 1882 585 1936 quoque
638 1883 819 1921 rerum
875 1869 1121 1920 omnium
1159 1874 1491 1935 praepotente
1538 1864 1669 1929 Deo,
1698 1875 1793 1919 aut
1821 1881 1945 1934 qua:

2055 1881 2184 1928 σεις,
2220 1865 2315 1918 καὶ
2366 1867 2489 1929 τοὺς
2524 1868 2825 1938 πολέμους,
2872 1867 3023 1923 ταῦτ’
3075 1866 3212 1923 εἶναι
3259 1870 3327 1923 τά
3378 1870 3455 1934 ὡς
3501 1869 3636 1942 περὶ

366 1975 638 2027 nusquam
693 1960 762 2013 ab
808 1959 926 2029 ejus
973 1968 1107 2013 nutu
1150 1960 1461 2017 discedunt,
1495 1959 1809 2017 virtutibus,
1849 1965 1944 2012 aut

2055 1954 2185 2007 θεῶν
2222 1954 2582 2027 μυθευόμενα.
2629 1960 2793 2028 Λέγει
2832 1960 2877 2013 δ’
2905 1957 2998 2014 οὖν
3038 1963 3068 2013 ὁ
3108 1961 3453 2034 Πλούταρχος
3495 1963 3552 2015 ὲν
3584 1954 3635 2029 ᾧ

365 2051 589 2104 omnino
616 2064 740 2103 cum
772 2049 932 2103 bonis
956 2049 1080 2103 ullis
1110 2048 1425 2102 societatem
1448 2045 1688 2099 inirent?
1709 2044 1940 2114 Quippe,

2055 2044 2305 2111 συνέταξε
2350 2045 2491 2117 λόγῳ
2539 2048 2667 2119 περὶ
2703 2048 2810 2101 τῶν
2854 2049 3013 2103 Κατὰ
3044 2049 3157 2116 τὴν
3194 2051 3355 2105 ἰσιν
3378 2049 3474 2102 καὶ
3504 2049 3633 2113 τοὺς

366 2149 581 2195 constat
615 2140 760 2194 enim
787 2140 930 2208 apud
960 2154 1174 2203 omnes,
1211 2140 1301 2207 qui
1334 2138 1387 2191 in
1423 2153 1490 2192 eo
1513 2152 1695 2192 rerum
1724 2150 1941 2206 genere,

2055 2137 2359 2204 Αἰγυπτίων
2394 2136 2568 2203 θεοὺς,
2597 2141 2782 2204 αὐτοῖς
2804 2143 3011 2212 ῥήμασι
3049 2141 3240 2194 ταῦτα.

366 2246 489 2300 qua:
522 2231 784 2301 improbis
814 2232 1081 2300 placeant,
1111 2245 1331 2300 operam
1377 2230 1729 2298 studiumque
1757 2236 1943 2297 ponat,
1999 2230 2250 2282 eumdem
2306 2230 2465 2285 bonis
2515 2232 2751 2286 amicum
2782 2248 2903 2288 esse
2929 2233 3080 2287 nullo
3109 2234 3270 2288 modo
3294 2249 3477 2303 posse.
3515 2232 3637 2287 Ma-

367 2335 493 2382 neat
520 2328 704 2396 igitur,
741 2343 847 2381 non
885 2327 987 2382 diis
1034 2328 1166 2381 olim
1215 2326 1442 2380 bouisve
1472 2325 1834 2389 daemonibus,
1878 2323 1972 2377 sed
2023 2324 2286 2393 improbis
2335 2326 2603 2380 duntaxat
2653 2328 2881 2396 populos
2928 2328 3065 2383 istos
3093 2328 3301 2382 cultum
3341 2328 3641 2381 honorem-

366 2435 474 2490 que
507 2421 783 2476 tribuisse.
842 2420 1019 2491 Atque
1060 2422 1111 2474 id
1150 2422 1327 2491 ipsum
1385 2418 1710 2474 Plutarchus
1763 2417 1967 2474 certius
2016 2419 2177 2472 etiam
2232 2421 2561 2491 graviusque
2605 2423 2914 2491 conlirmat,
2970 2423 3100 2478 dum
3139 2424 3296 2478 [ictas
3348 2424 3469 2477 illas
3519 2436 3635 2476 non

366 2528 527 2569 secus
565 2530 629 2569 ac
675 2514 740 2569 de
797 2513 904 2568 diis
953 2515 1316 2577 narrationes,
1349 2514 1499 2569 aliud
1556 2513 1691 2566 nihil
1734 2526 1898 2582 quam
1949 2526 2116 2580 puros
2170 2521 2329 2581 pulos
2370 2512 2437 2567 de
2486 2514 2736 2583 ipsismet
2783 2515 3123 2571 daemonibus
3172 2531 3454 2571 sermones
3504 2529 3633 2571 esse

369 2616 619 2673 testatur,
675 2607 921 2677 adeoque
956 2607 1121 2676 hujus
1171 2609 1329 2677 plane
1364 2609 1574 2678 generis
1633 2621 1772 2669 esse,
1814 2604 2079 2675 quidquid
2143 2606 2210 2661 de
2277 2606 2610 2677 gigantibus,
2668 2610 2782 2665 sive
2850 2610 3113 2665 titanibus
3161 2609 3474 2667 Graecorum
3536 2625 3634 2665 ore

368 2705 693 2774 scriptisque
729 2704 1236 2774 jactatur:quibus
1280 2704 1333 2757 in
1370 2704 1628 2758 omnibus
1663 2703 1834 2757 secuti
1876 2702 2010 2755 nihil
2053 2702 2142 2756 isti
2199 2701 2421 2766 fuerint,
2471 2716 2668 2772 praeter
2725 2705 2964 2775 aliquam
3027 2720 3289 2762 sensuum
3338 2706 3633 2775 cogitatio-

368 2816 610 2869 numque
643 2802 961 2857 novitatem.
986 2801 1125 2867 Quid
1157 2802 1202 2856 si
1237 2811 1416 2855 autem
1448 2800 1515 2854 ad
1550 2815 1612 2853 ea
1644 2801 1935 2868 pertinent,
2001 2813 2121 2867 qua:
2153 2798 2221 2853 de
2276 2798 2587 2869 gigantibus
2630 2814 2927 2872 eorumque
2973 2802 3291 2872 parentibus
3335 2812 3459 2856 ante
3489 2800 3636 2855 dilu-

368 2896 514 2950 vium
543 2912 710 2952 δορί-ιιι
743 2897 937 2952 littera:
969 2898 1115 2952 hunc
1149 2898 1202 2951 in
1246 2896 1467 2951 modum
1500 2895 1975 2950 commemorant?
2018 2893 2263 2949 Videntes
2302 2904 2475 2949 autem
2507 2896 2610 2966 ﬁlii
2641 2896 2739 2951 Dei
2778 2898 2922 2967 filias
2973 2899 3266 2964 hominum,
3300 2895 3437 2969 quod
3460 2903 3635 2950 essent

368 2992 623 3054 vult-Ima,
685 3002 995 3062 acceperunt
1047 2992 1147 3047 sibi
1199 3008 1387 3045 uxores
1428 3006 1491 3044 ea:
1537 2990 1800 3054 omnibus,
1836 3006 1967 3060 quas
2020 2989 2282 3060 elegerant
2319 3005 2340 3045 :
2365 2992 2638 3061 exquibus
2686 2993 2801 3045 nati
2824 3001 2949 3047 sunt
2978 2992 3215 3064 gigantes
3246 2992 3344 3045 viri
3382 2991 3635 3060 famosia

370 3085 564 3141 seculo
591 3085 655 3140 ⁸⁸.
691 3085 873 3141 Facile
925 3087 1068 3142 enim
1105 3086 1229 3154 quis
1269 3085 1490 3149 dixerit,
1548 3086 1670 3140 illos
1713 3085 1861 3155 ipsos
1903 3083 2254 3155 profanorum
2313 3086 2601 3141 hominum
2655 3089 2906 3159 gigantas
2948 3103 3072 3144 esse
3127 3102 3363 3159 quorum
3414 3085 3634 3140 animos

369 3180 575 3249 posteri
606 3182 831 3235 deorum
886 3181 942 3236 in
992 3196 1281 3235 numerum
1333 3181 1674 3250 classemque
1702 3181 2019 3249 retulerint;
2061 3182 2305 3252 adeoque
2341 3194 2561 3239 mutuas
2609 3181 2838 3239 istorum
2873 3201 3106 3256 pugnas,
3159 3184 3540 3241 dimicationes
3584 3193 3637 3236 et

371 3272 510 3327 bella
568 3272 769 3330 fabulis
813 3275 880 3331 iis
927 3276 1249 3331 adumbrata
1283 3291 1427 3343 esse,
1462 3292 1599 3347 quas
1648 3285 1911 3349 tanquam
1943 3275 2010 3331 de
2047 3277 2153 3332 diis
2204 3277 2621 3335 circumferunt.
2672 3281 2744 3334 At
2785 3279 3166 3348 Plutarchum,
3212 3282 3268 3335 in
3323 3295 3411 3348 eo,
3465 3294 3635 3351 quem

372 3368 452 3428 De
503 3369 768 3437 lside,ac
827 3372 1037 3427 caeteris
1091 3369 1470 3442 Egyptiorum
1528 3370 1634 3427 diis
1677 3371 1913 3444 scripsit,
1967 3372 2172 3442 libello,
2204 3374 2498 3446 ipsissimis
2518 3375 2698 3431 verbis
2724 3373 3037 3445 loquentem
3070 3376 3380 3431 audiamus.

786 3490 794 3498 ι
891 3483 1049 3553 137
1097 3480 1326 3537 CAPUT
1383 3480 1449 3536 v.

376 3598 415 3657 ι
434 3608 624 3657 :rentes
650 3597 951 3651 daemonum
978 3595 1230 3648 historias
1255 3593 1514 3664 fabulosis
1545 3611 1649 3648 non
1678 3598 1841 3651 secus
1887 3611 1950 3650 ac

689 3670 753 3721 de
782 3667 886 3720 diis
911 3665 1308 3719 narrationibus
1353 3667 1634 3720 contineri.

451 3802 473 3838 ι
504 3783 750 3849 Rectius,
787 3780 987 3852 inquit,
1041 3780 1379 3843 existimant,
1414 3779 1507 3850 qui
1536 3794 1660 3852 quae
1718 3778 1953 3849 vulgatis

377 3849 445 3934 de
487 3874 770 3949 Typhone,
802 3849 1017 3928 Osiride
1047 3881 1102 3926 et
1138 3869 1280 3926 lside
1311 3849 1573 3925 historiis
1588 3869 1954 3936 celebrantur,

376 3984 440 4024 ea
468 3983 573 4022 non
607 3966 772 4021 deum
805 3971 902 4018 aut
939 3962 1247 4027 hominum,
1282 3959 1376 4015 sed
1404 3974 1725 4029 magnorum
1752 3958 1954 4013 daemo-

381 4075 513 4115 num
567 4055 882 4111 alfectioncs
927 4062 982 4107 et
1030 4067 1193 4108 casus
1233 4050 1406 4107 fuisse
1441 4052 1649 4117 volunt,
1675 4065 1817 4121 quos
1846 4049 1951 4120 ipsi

381 4161 599 4219 quoque
624 4145 801 4210 Plato,
833 4142 1189 4214 Pythagoras,
1223 4140 1558 4198 Xenocrates
1594 4152 1648 4197 et
1688 4139 1953 4213 Chrysip-

380 4254 485 4309 pus
516 4244 724 4291 veteres
748 4234 920 4290 secuti
957 4232 1258 4303 theologos,
1310 4233 1623 4288 hominibus
1652 4232 1811 4304 longe
1856 4247 1952 4287 va-

383 4328 642 4382 lentiores
675 4324 865 4390 fuisse,
906 4323 1202 4394 multisque
1230 4324 1479 4394 partibus
1508 4333 1719 4379 naturae
1749 4333 1951 4379 nostra:

381 4419 527 4473 vires
561 4430 851 4495 superasse
884 4422 1176 4469 testantur.
1223 4414 1493 4469 Caeterum
1552 4430 1724 4486 genus
1775 4414 1951 4485 quod-

383 4509 510 4565 dam
546 4508 615 4562 iis
637 4504 939 4561 divinitatis
964 4505 1293 4573 attribuunt,
1327 4520 1436 4560 non
1487 4505 1763 4561 sincerum
1820 4506 1953 4560 illud

384 4610 441 4657 et
469 4600 539 4655 ab
568 4597 720 4653 omni
753 4598 1012 4652 mistione
1042 4607 1338 4662 secretum,
1388 4598 1481 4654 sed
1522 4613 1593 4652 ex
1628 4598 1825 4652 animae
1856 4613 1956 4652 na-

385 4704 507 4749 tura
536 4690 896 4761 corporisque
916 4704 1078 4745 sensu
1105 4691 1436 4761 voluptatem
1460 4691 1664 4760 pariter
1682 4690 1954 4744 laborem—

385 4798 492 4854 que
528 4782 792 4837 subeunte
819 4788 1208 4850 temperatum:
1235 4796 1302 4835 ex
1328 4795 1435 4850 quo
1464 4780 1576 4845 liat,
1601 4789 1661 4835 ut
1690 4781 1954 4851 quidquid

384 4878 591 4932 alterna
624 4874 911 4943 utriusque
939 4872 1315 4927 vicissitudine
1343 4872 1771 4943 perturbationis
1807 4872 1955 4927 exei-

2577 3485 2974 3538 ΚΕΦΑΛΑΙΟΝ
3021 3486 3096 3539 E'.

2050 3595 2192 3663 Περὶ
2216 3596 2327 3650 τοῦ
2361 3598 2788 3663 λανθανούσης
2823 3596 3123 3667 δαιμόνων
3145 3596 3437 3667 περιέχειν
3462 3600 3636 3653 ιστο-

2146 3667 2286 3735 ρίας
2311 3667 2417 3733 τὰς
2437 3669 2694 3737 μυθικὰς
2718 3669 2800 3734 ὡς
2832 3668 2968 3736 περὶ
2997 3666 3148 3722 θεῶν
3189 3666 3517 3737 διηγήσεις.

2128 3796 2147 3829 ι
2184 3777 2399 3832 Βέλτιον
2439 3774 2533 3834 οὖν
2574 3779 2686 3852 (88)
2722 3782 2770 3833 οἱ
2803 3779 2932 3852 περὶ
2977 3779 3234 3848 Τυφῶνα,
3272 3780 3368 3833 καὶ
3414 3782 3634 3856 Ὄσιριν

2051 3870 2144 3922 καὶ
2175 3871 2310 3926 Ἰσιν
2338 3871 2692 3943 ἱστορούμενα
2728 3874 2867 3943 μήτε
2899 3870 3037 3926 θεῶν
3069 3871 3215 3942 πάθη
3250 3875 3387 3942 μήτε
3418 3872 3637 3946 ἀνθρώ-

2052 3978 2189 4028 πων,
2221 3963 2355 4016 ἀλλὰ
2385 3964 2655 4035 δαιμόνων
2691 3964 2942 4034 μεγάλων
2982 3960 3122 4018 εἶναι
3163 3961 3493 4034 νομίζοντες,
3536 3963 3636 4028 οὓς

2054 4057 2148 4110 καὶ
2192 4056 2416 4111 Πλάτων
2466 4058 2559 4111 καὶ
2597 4058 2939 4129 Πυθαγόρας,
2983 4057 3077 4111 καὶ
3121 4056 3482 4129 Ξενοκράτης,
3537 4061 3635 4112 καὶ

2052 4146 2394 4220 Χρύσιππος,
2422 4150 2678 4221 ἑπόμενοι
2703 4153 2815 4213 τοῖς
2847 4149 3014 4204 πάλαι
3050 4148 3340 4218 θεολόγοις,
3386 4149 3639 4221 ἐρρωμε-

2051 4240 2337 4311 νεστέρους
2352 4240 2652 4311 ἀνθρώπων
2670 4241 2884 4309 λέγουσι
2912 4241 3212 4310 γεγονέναι,
3246 4243 3341 4296 καὶ
3368 4240 3537 4311 πολλῇ
3561 4243 3632 4315 τῇ

2052 4328 2278 4400 δυνάμει
2319 4329 2417 4402 τὴν
2447 4331 2607 4399 φύσιν
2654 4330 3062 4404 ὑπερφέροντας
3089 4330 3245 4404 ἡμῶν
3267 4345 3280 4360 ·
3314 4332 3376 4385 τὺ
3402 4330 3461 4385 δὲ
3487 4331 3635 4385 θεῖον

2053 4420 2154 4473 οὐκ
2201 4420 2398 4491 ἀμιγὲς
2431 4422 2552 4475 οὐδὲ
2591 4421 2826 4494 ἄκρατον
2860 4423 3101 4493 ἔχοντας,
3141 4422 3279 4476 άλλά
3324 4423 3419 4476 xai
3448 4422 3634 4494 ψυχῆς

2055 4511 2234 4581 φύσει,
2266 4515 2359 4568 καὶ
2388 4513 2636 4584 σώματος
2677 4513 2926 4586 αἰσθήσει
2957 4514 3286 4587 συνειληχὸς,
3322 4514 3513 4586 ἡδονὴν
3544 4515 3642 4568 δε-

2054 4605 2258 4676 χομένῃ
2285 4606 2379 4659 καὶ
2409 4606 2508 4658 ὅσα
2545 4605 2769 4669 ταύταις
2801 4605 3061 4676 γινόμενα
3096 4617 3123 4646 ι
3156 4606 3277 4667 ταῖς
3310 4602 3643 4675 μεταϐολαῖς

2057 4693 2225 4766 πάθη,
2256 4696 2383 4759 τοὺς
2414 4696 2513 4766 μὲν
2541 4696 2760 4767 μᾶλλον,
2794 4697 2919 4758 τοὺς
2951 4694 2997 4748 δ’
3025 4692 3188 4767 ἦττον
3226 4695 3638 4764 ἐπιταράττειν.

2060 4785 2302 4839 Γίνονται
2330 4786 2437 4858 γὰρ
2474 4787 2551 4850 ὡς
2589 4788 2647 4841 ὲν
2694 4786 3000 4857 ἀνθρώποις
3034 4786 3128 4839 καὶ
3156 4784 3406 4856 δαίμοσιν
3434 4785 3647 4858 ἀρετῆς

2059 4877 2311 4949 διαφοραὶ
2335 4879 2428 4933 καὶ
2459 4878 2674 4943 κακίας.
2704 4877 2785 4931 Τά
2813 4879 2921 4950 γὰρ
2951 4876 3243 4946 γιγαντικὰ
3267 4876 3363 4930 καὶ
3387 4875 3647 4930 τιτανικὰ

386 4974 554 5029 tatur,
595 4963 648 5018 id
676 4964 813 5019 alios
855 4962 1075 5032 quidem
1108 4963 1507 5029 vehementius,
1556 4962 1729 5017 levius
1772 4971 1948 5017 autem

2063 4970 2193 5039 παρ’
2226 4968 2479 5038 Ἕλλησιν
2521 4967 2773 5040 ᾀδόμενα,
2807 4968 2903 5021 καὶ
2943 4965 3134 5020 πολλαί
3176 4982 3322 5027 τινες
3353 4964 3466 5035 (89)
3509 4964 3646 5018 ἄθε-

385 5059 524 5113 aiios
569 5054 780 5111 allicere
812 5054 1175 5110 consueverit.
1212 5051 1491 5123 Siquidem
1527 5064 1587 5109 ut
1619 5054 1673 5108 in
1722 5054 1955 5109 homini-

387 5150 512 5214 bus,
548 5148 628 5203 sic
651 5147 814 5202 etiam
846 5146 903 5199 in
931 5145 1269 5199 daamonibus
1301 5160 1401 5200 sua
1441 5154 1568 5199 sunt
1604 5145 1832 5212 .virtutis
1862 5146 1960 5200 im-

387 5240 779 5311 probitatisque
827 5237 1166 5292 discrimina.
1220 5237 1365 5291 Nihil
1414 5239 1558 5292 enim
1614 5239 1906 5293 admodum
1936 5280 1952 5305 ,

390 5347 513 5402 qua:
537 5326 567 5385 ε
602 5322 805 5386 Graecis
835 5329 903 5384 de
942 5326 1254 5399 gigantibus
1293 5345 1357 5384 ac
1385 5330 1646 5386 titanibus
1671 5332 1784 5401 jam
1824 5333 1955 5388 olim

388 5423 673 5477 decantata
710 5431 858 5487 sunt,
900 5435 1001 5476 nec
1031 5436 1141 5476 non
1177 5423 1447 5493 pleraeque
1491 5439 1578 5477 res
1628 5424 1835 5479 nefarie
1862 5442 1956 5496 ge-

460 5515 511 5548 ³⁹
545 5512 680 5570 Gen.
712 5530 789 5579 vl,
817 5514 874 5567 '2.

464 5614 493 5644 ι
531 5601 616 5656 la.
651 5599 916 5671 γίγνεται.

604 5694 864 5831 Ιῗέὶῑτιον
901 5689 1033 5750 οὖν.
1080 5689 1360 5749 Plutarch.
1410 5691 1487 5751 De
1527 5692 1671 5753 Iside
1704 5707 1753 5753 et
1790 5697 1955 5771 03in,

2059 5076 2184 5129 σμοι
2214 5060 2460 5131 πράξεις,
2498 5060 2594 5113 καὶ
2631 5058 2884 5121 Πυθῶνος
2924 5056 3226 5122 ἀντιτάξεις
3258 5056 3396 5127 πρὸς
3440 5054 3644 5108 Ἀπόλ-

2057 5152 2225 5218 λωνα,
2256 5152 2424 5220 φυγαί
2450 5168 2511 5204 τε
2544 5151 2821 5217 Διονύσου,
2859 5151 2952 5205 καὶ
2980 5150 3180 5203 πλάναι
3216 5149 3503 5220 Δήμητρος
3549 5147 3651 5200 οὐ·

2058 5245 2145 5299 δὲν
2175 5244 2525 5299 ἀπολείπουσι
2555 5244 2660 5298 τῶν
2689 5244 3013 5317 Ὀσιριακῶν
3028 5242 3121 5296 καὶ
3137 5240 3531 5312 Τυφωνιακῶν,
3566 5231 3650 5293 ὧν

2061 5339 2212 5411 παρὰ
2263 5340 2429 5391 πᾶσιν
2478 5336 2589 5409 (90)
2648 5337 2869 5407 ἁναίδην
2921 5337 3098 5404 ἔξεστι
3162 5332 3649 5406 μυθολογουμένων

2065 5429 2300 5493 ἀκούειν,
2355 5432 2456 5483 ὅσα
2507 5447 2587 5494 τε,
2653 5431 2928 5501 μυστικοῖς
2989 5429 3154 5495 ἱεροῖς
3210 5423 3649 5497 παρακαλυπτό-

2134 5698 2245 5772 (89)
2282 5695 2395 5772 Kal
2426 5696 2650 5772 θεολραὶ
2679 5712 2857 5772 τινες.
2892 5695 3060 5772 Plu_t.,
3105 5694 3200 5750 καὶ
3229 5693 3442 5766 Κρόνου
3469 5693 3651 5761 uvae.

2139 5765 2253 5843 (90)
2290 5765 2457 5838 Παρὰ
2488 5766 2693 5826 πᾶσιν.
2726 5767 2894 5838 Ριιιι.,
2925 5767 3090 5822 πᾶσιν
3121 5765 3355 5823 tantum.
