3880 6218
446 275 559 334 327

1114 276 1384 335 EUSEBII
1422 277 1908 335 CESARIENSIS
1938 278 2088 334 OPP.
2132 278 2316 335 PARS
2346 277 2410 333 ll.
2442 308 2514 319 --
2540 277 3052 336 APOLOGLTICA.

3600 282 3695 338 3‘28

449 396 543 462 rit,
571 403 736 466 atque
755 393 1064 458 oraculum,
1110 394 1256 464 quod
1303 404 1532 450 eatenus
1559 393 1895 451 custoditum
1926 394 2004 450 ab:

2127 393 2272 458 νικά,
2316 394 2411 448 καὶ
2453 392 2523 447 τὰ
2568 395 2850 460 Τιτανικά,
2885 394 3156 465 δαιμόνων
3204 394 3380 465 μάχας
3427 395 3692 464 γεγονέναι

451 486 716 543 Themide
740 487 941 554 fuerat,
967 487 1148 541 denuo
1174 487 1459 556 receperit.
1492 485 1679 558 Neque
1718 488 2026 543 absimilem

448 596 663 649 eorum,
710 597 833 652 qua:
878 581 945 636 de
973 578 1236 651 Typhone
1287 577 1684 652 Titanibusque
1723 580 2024 650 iactantur,

448 687 568 729 esse
604 674 914 728 rationem:
948 675 1171 744 quippe,
1213 672 1315 727 has
1356 672 1668 728 daemonum
1723 675 1865 729 inter
1904 689 2027 730 sese

448 780 661 836 pugnas
686 774 743 821 et
775 767 1156 821 contentiones
1184 767 1482 830 exstitisse,
1531 781 1669 836 quas
1701 767 1897 836 partim
1927 782 2025 823 eo-

449 872 570 911 rum
604 857 698 927 qui
729 857 860 911 victi
891 856 1131 921 fuerant,
1161 857 1377 922 exsilia,
1411 857 1609 927 partim
1649 858 1739 922 iis,
1770 858 1866 927 qui
1905 873 2026 914 sese

449 948 633 1018 aliquo
659 948 865 1002 scelere
893 947 1340 1015 obstrinxissent,
1371 949 1623 1019 irrogata:
1649 964 1679 1004 a
1706 948 1818 1004 Deo
1848 965 2025 1020 poenas

448 1047 757 1093 consecutae
788 1044 974 1092 essent
1008 1055 1022 1091 :
1062 1039 1370 1107 cujusmodi
1406 1040 1598 1110 utique
1624 1039 1706 1095 vel
1740 1038 2023 1112 Typhonis

446 1128 708 1184 adversus
742 1126 1039 1191 Osiridem,
1072 1130 1156 1184 vel
1185 1128 1410 1185 Saturni
1444 1146 1574 1202 erga
1602 1130 1816 1188 Casium
1854 1134 2024 1189 male-

442 1217 566 1274 ﬁcia
597 1218 820 1284 fuerint,
854 1233 1092 1290 quorum
1137 1218 1260 1274 ideo
1308 1235 1415 1275 non
1447 1221 1554 1276 nisi
1602 1223 2018 1291 obscurissima,

445 1312 531 1366 vel
560 1311 707 1366 nulla
734 1311 920 1381 potius
946 1311 1089 1380 apud
1134 1327 1233 1367 nos
1260 1313 1587 1384 religionum
1618 1316 1908 1388 cultusque
1937 1333 2021 1374 ve-

444 1403 603 1471 stigia
628 1403 930 1473 supersint,
961 1402 1109 1473 quod
1152 1402 1257 1472 ipsi
1301 1404 1472 1459 alium
1528 1406 1583 1459 in
1636 1407 1826 1461 orbem
1853 1406 2017 1463 aufu-

441 1494 667 1565 sissent.
704 1492 915 1546 Etenim
947 1492 1201 1562 Solymos
1232 1494 1398 1548 audio
1441 1492 1735 1566 Lyciorum
1778 1497 2014 1562 vicinos,

442 1584 704 1650 Saturno,
734 1585 778 1639 si
802 1586 895 1656 qui
927 1586 1041 1651 alii,
1083 1586 1321 1641 honores
1367 1585 1498 1641 olim
1538 1588 1799 1643 tribuisse
1835 1589 2014 1643 maxi-

441 1694 584 1745 mos,
616 1679 709 1750 qui
742 1689 920 1732 tamen
950 1687 1239 1748 postquam
1265 1677 1481 1744 Arsalo,
1507 1681 1696 1751 Aryto,
1727 1697 1792 1735 ac
1814 1679 2013 1736 Tosibe

2129 486 2266 557 πρὸς
2292 485 2553 556 δαίμονας
2576 502 2591 516 ο
2620 484 2739 541 εἶτα
2771 486 2950 556 φυγὰς
2976 488 3085 541 τῶν
3113 487 3514 560 κρατηθέντων,
3555 486 3586 558 ἢ
3616 487 3689 539 δί-

2128 594 2231 643 κας
2255 576 2367 649 (99)
2401 577 2505 631 ὑπὸ
2540 576 2675 631 Θεοῦ
2712 577 2820 631 τῶν
2844 579 3283 651 ἐξαμαρτόντων,
3313 572 3399 632 οἷα
3424 575 3612 648 Τυφών
3637 594 3690 629 τε

2126 669 2344 738 λέγεται
2382 669 2512 740 περί⁵
2547 671 2760 739 Ὄσιριν
2809 667 3159 740 ἐξαμαρτεῖν,
3192 670 3287 724 καί
3327 668 3532 739 Κρόνος
3576 667 3692 738 περὶ

2126 762 2397 833 Οὐρανόν*
2442 756 2517 815 ὧν
2561 762 2932 834 ἀμαυρότεραι
2971 762 3258 831 γεγόνασιν
3289 763 3346 814 αἱ
3390 763 3546 832 τιμαὶ
3572 762 3690 831 παρ’

2125 854 2277 925 ἡμῖν,
2318 854 2352 926 ἢ
2403 855 2749 908 παντάπασιν
2789 853 3157 918 ἐκλελοίπασι,
3211 852 3587 925 μεταστάντων
3615 854 3690 915 είς

2123 945 2309 1017 ἕτερον
2352 945 2575 1016 κόσμον.
2627 945 2781 998 Ἐπεὶ
2825 946 2920 999 καὶ
2953 944 3227 1016 Σολύμους
3258 944 3334 1015 (l)
3371 934 3692 1014 πυνθάνομαι

2122 1039 2250 1103 τοὺς
2280 1038 2497 1093 Λυκίων
2541 1038 2866 1112 προσοίκους
2894 1039 2953 1091 ἐν
2980 1040 3094 1102 τοῖς
3141 1036 3374 1108 μάλιστα
3410 1036 3571 1107 τιμᾷν
3608 1036 3690 1088 τὸν

2122 1130 2331 1202 Κρόνον
2358 1147 2372 1161 ο
2399 1131 2523 1183 ἐπεὶ
2560 1130 2619 1183 δὲ
2647 1130 2975 1194 ἀποκτείνας
3014 1130 3141 1193 τοὺς
3169 1128 3480 1200 ἀρχηγέτας
3522 1127 3690 1181 αὐτῶν

2125 1221 2393 1293 Ἀρσαλον
2432 1220 2531 1293 (2),
2571 1221 2667 1276 καὶ
2694 1223 2949 1294 Ἀρυτον,
2977 1222 3073 1275 καὶ
3113 1221 3351 1287 Τόσιϐιν,
3391 1221 3574 1290 ἔφυγε,
3603 1219 3691 1272 καὶ

2124 1312 2502 1388 μετεχώρησεν
2525 1315 2846 1387 ὁποιδήποτε
2862 1332 2876 1347 ο
2913 1313 3093 1385 (τοῦτο
3120 1313 3229 1385 γὰρ
3253 1315 3355 1368 οὐκ
3381 1313 3587 1384 ἔχουσιν
3614 1314 3690 1364 εί-

2120 1408 2240 1460 πεῖν
2256 1407 2297 1478 ο)
2324 1409 2532 1461 ἐκεῖνον
2558 1407 2654 1478 μὲν
2678 1406 3040 1478 ἀμεληθῆναι,
3065 1407 3192 1471 τοὺς
3222 1406 3277 1460 δὲ
3303 1407 3430 1476 περὶ
3455 1403 3544 1458 τὸν
3570 1403 3691 1475 Ἀρι

2121 1499 2279 1554 σαλον
2311 1501 2539 1573 Σκιροὺς
2575 1500 2731 1564 θεοὺς
2773 1499 3297 1571 προσαγορεύεσθαι,
3327 1498 3421 1551 καὶ
3457 1496 3555 1561 τὰς
3590 1513 3681 1551 κα-

2117 1590 2287 1664 τάρας
2311 1592 2404 1645 ἐπὶ
2431 1592 2635 1645 τούτων
2652 1590 2922 1645 ποιεῖσθαι
2941 1591 3003 1661 δη
3012 1590 3175 1661 μοσία
3196 1589 3289 1643 καὶ
3316 1588 3421 1660 ἰδίᾳ
3444 1587 3685 1650 Λυκίους.

2117 1682 2338 1747 Τούτοις
2355 1684 2455 1754 μὲν
2474 1680 2566 1738 οὖν
2580 1685 2741 1753 ὃμοια
2762 1682 2933 1737 πολλὰ
2956 1681 3138 1736 λαϐεῖν
3158 1682 3305 1736 ἐστιν
3326 1683 3389 1734 ἐκ
3410 1680 3515 1735 τῶν
3534 1679 3693 1750 μυθο-

440 1771 657 1826 illorum
687 1770 919 1825 ducibus
950 1769 1274 1837 interfectis,
1298 1786 1628 1842 quocunque
1644 1774 1863 1827 tandem
1891 1789 2004 1845 gen

2117 1773 2483 1846 λογουμένων·
2511 1775 2559 1828 εί
2590 1774 2646 1827 δὲ
2671 1775 2780 1847 τοῖς
2803 1774 3208 1844 νενομισμένοις
3222 1772 3329 1826 τῶν
3351 1771 3485 1826 θεῶν
3508 1772 3694 1843 ὀνόμαο

439 1865 575 1918 tium
633 1862 831 1934 (neque
863 1865 1010 1918 enim
1041 1863 1383 1932 exploratum
1430 1864 1535 1934 ipsi
1572 1865 1754 1920 locum
1787 1858 2012 1938 habent)

438 1956 619 2027 fugam
650 1958 994 2026 arripuisset,
1020 1956 1298 2026 neglectus
1337 1957 1404 2010 ab
1435 1955 1628 2011 iisdem
1670 1958 1874 2014 fuerit:
1908 1960 2013 2014 Ar-

437 2049 587 2102 salus
617 2059 800 2102 autem
849 2048 1055 2117 aliique
1097 2046 1208 2100 duo
1238 2044 1521 2102 Scirorum
1543 2048 1773 2104 deorum
1811 2066 2012 2105 nomen

435 2141 765 2209 acceperint,
796 2155 1031 2210 quorum
1064 2140 1228 2195 etiam
1257 2155 1351 2210 per
1375 2141 1731 2196 nominatam
1754 2143 2009 2212 privatim

434 2231 585 2304 Lycii
622 2247 787 2301 quam
820 2232 1034 2301 publice
1059 2232 1330 2287 solemnes
1361 2247 1427 2288 ac
1456 2241 1626 2289 statas
1654 2235 2011 2304 imprecatio-

437 2338 536 2379 nes
566 2324 898 2393 concipiant.
927 2326 1105 2394 Atque
1152 2324 1256 2378 alia
1300 2335 1581 2394 poetarum
1612 2341 1680 2380 ex
1723 2325 1923 2383 fabulis
1955 2328 2010 2382 id

434 2430 607 2485 genus
636 2413 854 2469 auferre
886 2416 1148 2486 pleraque
1190 2415 1371 2469 liceat.
1421 2414 1545 2470 1am
1573 2430 1703 2471 vero
1739 2417 1886 2487 quod
1913 2431 2007 2472 so-

432 2507 707 2563 lemnibus
734 2523 797 2561 ac
838 2508 1072 2577 propriis
1103 2505 1331 2561 deorum
1380 2508 1697 2564 nominibus
1722 2509 1945 2579 quidam
1976 2524 2008 2564 a

433 2599 592 2654 nobis
623 2599 901 2655 daemones
927 2601 1287 2670 appellentur,
1320 2614 1430 2655 non
1452 2610 1557 2668 est,
1612 2601 1893 2671 inquiebat
1914 2616 2009 2672 pe-

429 2691 684 2763 regrinus
716 2691 827 2755 ille,
864 2693 1224 2762 quamobrem
1255 2693 1457 2747 mirum
1494 2692 1546 2747 id
1578 2692 1748 2747 videri
1790 2693 2004 2749 debeat.

431 2781 570 2839 Nam
617 2799 729 2853 quo
775 2785 1009 2853 quisque
1037 2783 1162 2851 deo,
1195 2786 1279 2840 vel
1323 2785 1532 2841 ordinis
1557 2794 1721 2855 atque
1760 2786 1886 2851 loci,
1921 2787 2007 2844 vel

434 2875 718 2946 petestatis
746 2875 1010 2929 societate
1040 2875 1369 2945 conjunctus
1402 2884 1505 2937 est,
1539 2874 1659 2944 ejus
1696 2876 1861 2930 etiam
1904 2891 2006 2931 no-

433 2981 556 3020 men
590 2966 774 3021 sortiri
818 2974 967 3019 amat
999 2981 1015 3031 ;
1060 2965 1519 3035 quemadmodum
1545 2981 1613 3021 ex
1649 2966 1812 3038 189
1848 2967 2005 3025 nobis

430 3059 597 3112 alium
626 3055 869 3123 Jovium,
898 3057 1065 3111 alium
1092 3056 1439 3125 Minervium,
1479 3059 1645 3114 alium
1682 3076 1808 3114 vero
1835 3058 2005 3131 Apol-

2120 1882 2173 1919 σι
2205 1865 2465 1937 δαίμονάς
2501 1883 2656 1930 τινας
2680 1865 2974 1937 καλοῦμεν,
3001 1866 3063 1919 οὐ
3098 1863 3459 1936 θαυμαστέον,
3490 1859 3637 1917 εἶπεν
3664 1864 3691 1912 ὁ

2118 1956 2286 2021 ξένος.
2319 1951 2389 2029 ’ᾫ
2415 1957 2523 2028 γὰρ
2564 1957 2792 2021 ἕκαστος
2822 1956 2929 2027 θεῷ
2974 1956 3349 2021 συντέτακται,
3381 1955 3474 2009 καὶ
3505 1950 3564 2009 οὗ
3595 1955 3691 2025 τῆς

2115 2045 2396 2117 δυνάμεως
2438 2046 2788 2119 μετείληχεν,
2841 2046 2948 2101 ἀπὸ
2986 2046 3175 2101 τούτου
3204 2045 3349 2116 φιλεῖ
3380 2046 3687 2100 καλεῖσθαι’

2117 2138 2346 2208 καὶγὰρ
2378 2138 2531 2209 ήμῶν
2558 2140 2587 2191 6
2621 2139 2720 2209 μέν
2753 2140 2838 2203 τίς
2877 2140 2993 2192 ἐστι
3032 2141 3174 2203 Δῖος,
3223 2141 3252 2192 6
3283 2138 3341 2193 δὲ
3386 2137 3687 2211 Ἀθηναῖος,

2115 2232 2144 2285 6
2181 2230 2240 2285 δέ
2296 2231 2671 2297 Ἀπολλώνιος,
2706 2231 2739 2303 ἢ
2783 2229 3080 2296 Διονύσιος,
3117 2231 3151 2303 ἢ
3210 2230 3492 2303 Ἑρμαῖος.
3553 2230 3689 2283 Ἀλλ’

2114 2322 2245 2376 ἔνιοι
2292 2324 2389 2395 μὲν
2428 2323 2525 2379 καὶ
2562 2324 2739 2396 ὀρθῶς
2772 2326 2915 2380 κατά
2951 2326 3122 2397 τύχην
3168 2325 3506 2397 ἐκλήθησαν⁸
3552 2326 3601 2379 οί
3636 2325 3692 2377 ἐξ

2114 2416 2299 2471 πολλοὶ
2326 2416 2491 2488 μηδὲν
2512 2417 2918 2490 προσηκούσας,
2946 2418 3061 2473 ἀλλ’
3092 2417 3498 2489 ἐνηλλαγμένας
3528 2419 3691 2487 ἐκτή-

2116 2525 2278 2564 σαντο
2304 2509 2443 2564 θεῶν
2466 2509 2848 2582 παρωνυμίας.
2884 2530 2903 2562 ι
2932 2508 3160 2565 Τοσαῦθ⁸
3183 2511 3211 2562 6
3233 2509 3598 2581 Πλούταρχος·
3636 2512 3692 2560 ἐν

2111 2596 2195 2667 οἷς
2237 2602 2535 2658 ἐσπούδασε
2576 2603 2707 2675 περὶ
2749 2602 2857 2656 τῶν
2902 2601 3291 2656 ἐκλελοιπότων
3320 2601 3689 2673 χρηστηρίων,

2112 2695 2249 2769 πρὸς
2275 2699 2388 2760 τοῖς
2425 2695 2605 2760 ἄλλοις
2639 2695 2734 2749 καὶ
2760 2693 3014 2766 θνήσκειν
3045 2692 3314 2765 παριστὰς
3340 2693 3465 2755 τοὺς
3498 2692 3690 2762 δαίμο-

2110 2806 2228 2853 νας,
2246 2788 2276 2841 δ
2299 2788 2392 2843 καὶ
2414 2787 2544 2841 αὐτὸ
2567 2788 2707 2842 κατά
2732 2787 2823 2841 τὸν
2848 2787 3035 2841 δέοντα
3059 2786 3247 2857 καιρὸν
3277 2784 3688 2855 παραθήσομαε.

2111 2878 2261 2942 Τέως
2298 2878 2355 2932 δέ
2389 2878 2523 2950 φέρε
2560 2875 2944 2948 σολλεξὼμεθα
2982 2878 3085 2930 ὅσα
3123 2875 3257 2929 ἀλλα
3295 2876 3423 2947 περὶ
3455 2875 3555 2945 τῆς
3582 2876 3690 2925 τίεν

2109 2968 2350 3039 ἀγαθῶν,
2380 2968 2455 3034 ῶς
2485 2986 2639 3039 φησι,
2673 2968 2941 3039 δαιμόνων
2974 2967 3260 3038 δυνάμεώς
3306 2984 3363 3020 τε
3404 2965 3499 3019 καὶ
3532 2967 3686 3036 ἐνερ-

2110 3058 2262 3127 γείας
2292 3054 2447 3121 αὖθις
2468 3058 2498 3110 6
2521 3058 2620 3127 τὴν
2650 3056 2771 3111 καθ’
2801 3056 2956 3128 ήμῶν
2981 3058 3251 3127 συσκευὴν
3294 3055 3682 3127 πεποιημένος,

428 3152 625 3206 linium
674 3159 770 3205 aut
798 3121 1116 3217 Bacchium,
1175 3161 1270 3206 aut
1316 3121 1689 3209 Mercurialem
1743 3121 2001 3225 appellari

2113 3121 2166 3219 ly
2211 3121 2295 3214 Ol;
2337 3121 2617 3221 ἐπέγραψε
2662 3150 2790 3222 περὶ
2824 3121 2938 3220 Qa;
2986 3150 3052 3203 ἐκ
3098 3121 3294 3218 λογίων
3346 3121 3685 3218 φιλοσοφίας,

426 3244 696 3299 videmus.
729 3243 807 3297 Ac
832 3243 1082 3297 nonnulli
1112 3244 1331 3331 quidem
1359 3260 1485 3300 vero
1506 3261 1569 3301 ac
1596 3247 1790 3303 merito
1822 3248 1874 3303 id
1902 3263 2003 3304 no-

428 3336 594 3392 minis
627 3351 758 3391 casu
794 3336 1034 3406 Quodam
1061 3337 1323 3404 habuere,
1352 3338 1628 3411 plerisque
1657 3348 1838 3397 tamen
1870 3343 2004 3398 alie-

427 3445 555 3484 num
592 3444 843 3500 prorsus,
893 3429 1235 3500 minimeque
1282 3442 1466 3501 aptum
1496 3441 1552 3486 et
1588 3435 1870 3490 cohaerens
1904 3432 1999 3489 Dei

426 3530 847 3592 cognomentum
898 3522 1144 3577 adhaesit.
1183 3540 1203 3573 ι
1256 3520 1384 3576 Haec
1438 3521 1786 3591 Plutarchus,
1832 3525 1888 3579 in
1931 3525 1999 3581 iis

425 3615 581 3684 ipsis,
612 3629 736 3686 quas
767 3614 834 3669 de
863 3614 1130 3670 exhausta
1156 3615 1502 3669 oraculorum
1533 3616 1604 3680 vi,
1642 3632 1841 3687 magno
1884 3626 2001 3672 stu-

425 3708 516 3762 dio
543 3706 934 3777 diligentiaque
957 3707 1308 3777 conscripsit,
1327 3708 1476 3777 ipsos
1508 3710 1670 3763 etiam
1702 3712 1996 3777 daemones,

424 3810 619 3870 praeter
652 3800 779 3865 alia,
816 3800 979 3854 morti
1020 3800 1337 3870 subjiciens,
1370 3800 1419 3853 id
1454 3802 1599 3870 quod
1631 3817 1661 3856 a
1703 3802 1861 3856 nobis
1898 3816 1999 3856 suo

423 3908 641 3965 quoque
672 3902 912 3961 tempore
936 3891 1262 3962 proferetur.
1297 3894 1508 3946 Interea
1548 3907 1699 3959 vero,
1731 3894 1997 3964 quidquid

421 3994 681 4055 praetcrea
716 3984 783 4038 de
816 3984 1083 4038 honorum
1116 3983 1199 4055 (ut
1230 3987 1345 4054 ipse
1368 3984 1548 4056 vocat)
1577 3986 1886 4039 dzemonum
1916 3985 1997 4038 vi-

421 4076 576 4130 ribus
603 4090 666 4129 ac
697 4072 951 4128 facultate
976 4074 1141 4129 tradit
1174 4074 1528 4147 Porphyrius,
1558 4076 1867 4131 concinnati
1897 4076 1995 4130 ad-

418 4183 611 4223 versus
654 4175 873 4222 nostros
904 4168 1085 4237 operis
1111 4165 1330 4234 artifex,
1360 4167 1412 4222 in
1442 4168 1528 4234 iis,
1558 4184 1680 4238 qua:
1734 4168 1993 4238 deprom-

420 4267 513 4329 pta
538 4273 605 4313 ex
629 4258 870 4312 oraculis
898 4258 1243 4329 philosophia
1271 4260 1550 4314 memorias
1572 4259 1828 4330 prodidit,
1857 4273 1994 4313 con-

422 4365 698 4420 geramus.
728 4347 867 4403 lllucl
902 4351 1046 4404 enim
1088 4352 1460 4421 potissimum,
1497 4351 1574 4406 uti
1612 4351 1726 4421 jam
1767 4351 1992 4420 saepius,

2108 3242 2399 3298 ἐκτίθεται.
2447 3242 2697 3297 Μάλιστα
2730 3241 2841 3314 γάρ
2872 3241 3020 3314 αὐτῷ
3053 3242 3148 3295 καὶ
3181 3241 3277 3296 νῦν
3317 3240 3689 3306 ὡς-πολλάκις

2110 3334 2345 3406 μάρτυρι
2368 3335 2641 3406 χρήσομαι
2667 3334 2761 3388 καὶ
2788 3333 2996 3406 ἐλέγχῳ
3029 3335 3128 3405 τῆς
3158 3334 3289 3407 περὶ
3313 3333 3407 3398 οὓς
3432 3333 3686 3405 ὑπολαμ-

2107 3424 2329 3479 ϐάνουσι
2364 3425 2519 3490 θεοὺς
2572 3426 2804 3496 πλάνης,
2844 3466 2847 3469 μ
2897 3424 2978 3488 ὡς
3031 3425 3098 3480 ἂν
3148 3426 3214 3483 ἐκ
3272 3426 3381 3480 τῶν
3465 3430 3689 3483 οἰκείων

2107 3514 2279 3587 βελῶν
2319 3517 2413 3571 καὶ
2453 3516 2801 3589 τοξευμάτων
2849 3516 3166 3589 βαλλόμενοι
3214 3517 3684 3589 καταισχύνοιντο.

2106 3608 2291 3673 Οὕτως
2322 3609 2429 3681 γὰρ
2473 3610 2565 3662 καὶ
2593 3609 2789 3678 γένοιτ’
2819 3608 2886 3664 ἂν
2924 3611 3057 3681 ἡμῖν
3094 3605 3155 3674 ἐξ
3195 3607 3374 3661 αὐτῶν
3421 3610 3529 3662 τῶν
3574 3615 3687 3674 τοῖς

2105 3700 2246 3765 θεοῖς
2279 3700 2612 3772 προσφιλῶν,
2643 3702 2736 3754 καὶ
2761 3699 2826 3771 δὴ
2857 3700 2949 3754 καὶ
2979 3699 3219 3753 εὐσεϐῶν
3252 3701 3688 3771 νενομισμένων,

2104 3789 2349 3863 ἀκριϐῶς
2373 3808 2434 3843 τε
2471 3792 2561 3844 τὸν
2595 3791 2721 3862 περ)⁵
2752 3789 2862 3844 τῶν
2894 3790 3108 3844 οἰκείων
3138 3791 3292 3859 λόγον
3326 3791 3691 3863 διηρευνηκὸ-

2100 3899 2230 3948 των,
2264 3883 2556 3955 ἀνελλιπὴς
2586 3884 2680 3935 καὶ
2705 3882 3075 3954 ἀπαραίτητος
3104 3885 3137 3954 ή
3167 3882 3279 3935 τῶν
3306 3884 3692 3955 προκειμένων

2103 3973 2396 4040 ἀπόδειξις.
2445 3975 2652 4047 Γράφει
2694 3972 2953 4027 δὲταῦτα
2982 3976 3011 4028 6
3053 3974 3446 4046 δεδηλωμένος,
3490 3977 3552 4029 ἐν
3598 3970 3686 4039 οἷς

2102 4068 2383 4139 ἐπέγραψε
2418 4069 2547 4139 περὶ
2577 4068 2676 4138 τῆς
2700 4069 2765 4120 ἐκ
2796 4067 2992 4136 λογίων
3015 4066 3354 4139 φιλοσοφίας,
3383 4066 3510 4123 ἔνθα
3538 4085 3695 4140 μαρ-

2101 4159 2323 4231 τύρεται
2358 4161 2433 4231 μὴ
2473 4158 2542 4212 τὰ
2573 4159 2862 4231 ἀπόρρητα
2892 4158 3001 4211 τῶν
3043 4158 3180 4213 θεῶν
3206 4159 3505 4229 ἐκφαίνειν,
3554 4162 3696 4214 ἐπο-

2104 4250 2375 4323 μνύμενος
2401 4269 2460 4304 τε
2500 4250 2662 4314 αὐτὸς
2694 4251 2787 4305 καὶ
2819 4251 3215 4324 παραγγέλλων
3256 4252 3544 4324 κρύπτειν,
3587 4254 3693 4305 καὶ

2105 4343 2179 4414 μὴ
2221 4344 2301 4406 είς
2340 4341 2569 4406 πολλοὺς
2613 4343 2870 4413 ἐκφέρειν
2902 4342 2972 4395 τὰ.
3012 4342 3409 4414 λεχθησόμενα.
3451 4342 3591 4397 Τίνα
3625 4344 3693 4397 δὲ

420 4443 497 4497 ita
524 4457 669 4496 nunc
693 4456 913 4513 quoque
946 4445 1138 4497 testem
1181 4443 1503 4513 producere,
1536 4443 1767 4514 ejusque
1812 4446 1993 4502 verbis

2113 4429 2168 4504 ἣν
2201 4434 2271 4487 τὰ
2301 4433 2554 4499 τοιαῦτα;
2591 4434 2694 4488 Τὸν
2734 4434 2888 4487 Πᾶνα
2922 4434 3176 4488 Διονύσου
3205 4436 3340 4506 φησὶ
3367 4434 3699 4505 θεράποντα

419 4533 700 4605 vulgatum
722 4533 790 4589 de
821 4534 905 4589 his
928 4549 1066 4606 quos
1093 4536 1182 4590 isti
1213 4551 1315 4606 pro
1344 4537 1450 4593 diis
1494 4537 1716 4603 habent,
1747 4552 1990 4593 errorem

2113 4522 2266 4581 εῖναι·
2318 4524 2506 4579 τοῦτον
2553 4524 2610 4578 δὲ
2641 4525 2749 4579 τῶν
2792 4524 3012 4596 ἀγαθῶν
3060 4527 3189 4581 ὄντα
3219 4527 3511 4598 δαιμόνων,
3555 4530 3693 4582 ἐπι-

491 4706 602 4779 (99)
641 4709 839 4775 Δίκας.
872 4708 1173 4778 Plutarch,
1203 4712 1531 4777 δικαιώσεις.

493 4781 569 4855 (⁸1)
609 4781 942 4855 Σολύμους.
999 4782 1261 4855 Stephan.
1298 4802 1329 4855 ‘:‘
1360 4786 1423 4837 Οί
1475 4783 1722 4855 Πισίδαι,
1785 4786 1990 4855 inquit,

420 4848 680 4924 πρότερον
725 4851 985 4924 Σόλυμοι·
1027 4848 1143 4924 ἔστι
1188 4853 1244 4905 δὲ
1282 4852 1433 4917 ἔθνος
1473 4848 1775 4924 βάρϐαρον,
1806 4848 1991 4910 κατοιὲ

420 4918 549 4996 κοῦν
597 4918 1214 4996 ’παρά-τὴν-Ἂσπένδον,
1237 4924 1331 4996 καὶ
1358 4925 1456 4996 τὴν
1473 4918 1991 4981 Κιλικίαν.νΡΙίιιίιιε

420 4989 514 5043 lib.
551 5005 607 5055 v,
636 4989 695 5044 c.‘
719 4990 809 5053 27,
830 4989 984 5045 idem
1034 4994 1239 5046 scribit.
1276 4989 1474 5049 Strabo
1504 5006 1681 5049 tamen
1707 5012 1802 5051 eos
1832 4998 1993 5052 modo

421 5059 476 5112 in
511 5058 736 5132 Pisidia,
766 5062 927 5115 modo
955 5060 1177 5132 Lyciam
1211 5064 1353 5118 inter
1384 5080 1447 5119 ac
1474 5062 1730 5120 Pisidiam
1756 5066 1988 5132 medios,

418 5139 584 5209 atque
631 5131 959 5209 in’summis
994 5131 1332 5209 Tauri_jugis
1365 5135 1992 5209 constituit._Sedytanta

419 5197 671 5274 vicinitas
696 5197 857 5274 lacit_._
877 5211 937 5256 ιιι
970 5204 1131 5274 modo
1154 5197 1465 5274 Lyciorum,
1495 5205 1659 5259 modo
1682 5205 1989 5261 Pisidarum

422 5269 641 5344 nomine
683 5271 1044 5344 appellentur.
1097 5269 1250 5344 Sane
1298 5275 1462 5342 paulo
1506 5285 1630 5344 post
1668 5274 1993 5331 Plutarchus

422 5335 791 5415 Splymoruiti_
818 5342 1040 5415 numina
1069 5335 1416 5415 cttmichiis
1463 5335 1716 5400 omnibus
1745 5361 1993 5401 commu-

420 5409 795 5543 uz'lspud
831 5410 1032 5468 Homer
1075 5412 1171 5466 Ἰλ.
1200 5409 1254 5465 Z’
1282 5409 1638 5478 Bellerophon
1675 5417 1731 5470 in
1765 5414 1990 5487 Lyciam

461 5490 725 5544 reiectus,

420 5543 715 5614 Δεύτερον-⁷
730 5543 809 5603 αὖ
830 5552 1150 5621 Σολύμοισι
1169 5552 1524 5623 μαχέσσατο
1555 5554 1954 5626 κυδαλίμοισι.

420 5637 499 5757 alt]
504 5635 743 5778 13ιὲᾘή
761 5639 838 5737 ξ’,
867 5659 1038 5700 novos
1063 5646 1329 5715 quosdam
1368 5646 1620 5709 Solymos
1650 5649 1791 5707 ultra
1819 5647 1992 5707 Orea-

2093 5027 2327 5098 Πισιδίᾳ,
2355 5028 2491 5082 ἀλλά
2520 5028 2727 5093 πλάσας
2755 5027 2907 5094 τινάς
2934 5033 2961 5084 6

2165 4726 2282 4801 [ὢν
2300 4726 2355 4801 δέ
2375 4727 2445 4793 ἐξ
2470 4728 2764 4801 ᾼίθιόπων
2787 4729 2978 4801 ἀνιὼν,
3003 4730 3219 4801 κρείων
3254 4732 3650 4801 Ὲνοσίχθων,

2167 4798 2434 4866 Τηλόθεν
2459 4800 2528 4852 ἐκ
2561 4801 2850 4868 Σολύμων
2882 4798 3071 4868 ὀρέων
3096 4800 3246 4854 ἴδεν.

2094 4885 2264 4964 Quem
2296 4888 2557 4964 in_locum
2603 4886 2937 4964 Stra_bp_lib.
2978 4906 2993 4943 ι
3017 4910 3034 4964 _:
3064 4893 3216 4964 ΔἼσον
3259 4890 3372 4962 τῷ,
3422 4893 3535 4964 ἀπὸ
3583 4913 3697 4964 με-

2096 4956 2655 5039 σημςρινῶντόπωνθ
2701 4959 2976 5039 Σολύμους
3017 4961 3191 5039 λέγων
3213 5002 3228 5025 ,
3269 4956 3331 5015 οὖ
3360 4956 3694 5039 τοὺςμένίτῇ

3055 5032 3256 5103 νύμους
3275 5073 3289 5097 ,
3319 5034 3446 5096 τοὺς
3477 5032 3698 5089 ἀναλόῖ

2093 5113 2205 5166 γως
2237 5096 2457 5170 ἔχοντας
2486 5099 2622 5170 πρὸς
2664 5116 2724 5152 τε
2778 5100 2867 5153 τὸν
2926 5096 3179 5165 πλέοντα,
3247 5096 3342 5156 καί⁸
3386 5105 3516 5168 τοὺς
3564 5107 3701 5159 ἐκεῖ

2097 5168 2541 5240 μεσημϐρινοὺς,
2579 5169 2655 5232 ὡς
2712 5170 2779 5223 ἂν
2827 5170 3122 5235 Αίθίοπας’
3168 5173 3244 5236 ὡς
3289 5176 3340 5227 οί
3404 5174 3699 5231 Πισιδικοὶ

2094 5237 2232 5361 ’ὁτρός
2250 5237 2332 5290 τε
2357 5238 2448 5292 τὸν
2476 5238 2666 5293 πόντον
2682 5277 2697 5304 ,
2729 5240 2823 5294 καὶ
2847 5241 2974 5305 τοὺς
3005 5243 3143 5317 ὑπὲρ
3167 5244 3266 5315 τῆς
3281 5242 3572 5313 Αίγύπτου
3590 5249 3700 5301 Δί-

2132 5324 2306 5361 ιοπασ.

2132 5324 2306 5369 ιοπας.

2167 5378 2245 5456 (ᾖ)
2281 5378 2598 5456 Ἄρσαλον,
2630 5387 2739 5456 etc.
2774 5378 2859 5456 ita
2914 5383 3061 5456 enim
3106 5380 3391 5456 Plutarch.
3429 5385 3505 5456 At
3555 5385 3699 5456 ejus

2093 5450 2341 5526 socius,_
2358 5450 2589 5526 ξἈρυτον
2634 5451 2728 5526 καὶ
2774 5450 3030 5526 Τόσιϐιν,
3081 5462 3253 5508 mutat
3286 5455 3340 5507 in
3389 5450 3696 5526 Δρύονέι

2094 5516 2654 5589 Τροισωὸόν.’8ιιὶιξοε
2687 5519 2905 5576 Tosibis
2942 5524 3105 5577 unius
3133 5526 3402 5587 meminit,
3434 5516 3528 5581 liis
3560 5539 3698 5583 Ver-

2092 5587 2469 5712 ὶλῗὲίῖῗσιϐις,
2498 5589 2618 5652 θεὸς
2643 5589 2773 5657 τῶν,
2807 5592 2980 5661 deest,
3012 5595 3229 5663 Opinor,
3260 5594 3551 5667 Σολύμων,
3584 5607 3698 5655 aut

2141 5674 2331 5713 υκιων.
