3880 6218
194 375 296 431 32$
1322 372 1644 429 PRAEPAR.
1686 371 1938 428 EVANG.
1977 372 2104 428 LIB.
2144 372 2206 428 Υ.
3332 371 3440 430 330

193 495 428 562 gavéwa
459 495 590 548 ποτὲ
624 497 737 558 τοῖς
771 500 891 549 κατ’
926 495 1096 567 ἀγρὸν
1145 494 1505 563 γεωπονοῦσι.
1537 493 1602 546 Ti
1635 494 1747 565 χρῆ

1877 507 2172 563 coarguere
2202 490 2391 555 statui,
2425 500 2483 545 ut
2518 490 2633 546 suis
2660 491 2762 561 ipsi
2791 491 2911 547 telis
2953 491 3271 564 sagittisque
3306 509 3442 550 con-

191 585 389 653 ἁγαθδν
406 587 538 639 ὄντα
566 589 869 657 παρασχεῖν
897 587 930 656 ἢ
959 588 1177 649 πάντως
1205 585 1410 654 ἀγαθοῦ
1459 601 1604 647 τινος
1629 601 1747 655 παρ

1872 583 1965 638 ﬁxi
1991 584 2336 638 erubescant.
2368 582 2445 636 Ex
2467 598 2576 653 quo
2609 598 2740 638 sane
2777 584 2830 638 id
2857 599 3232 655 assequemur,
3263 595 3322 640 ut
3347 601 3438 640 su-

191 678 376 730 ουσίαν
427 679 543 742 τοῖς
574 679 674 749 τῆς
703 677 1021 747 θεοφανειας
1055 677 1151 731 τοῦ
1189 677 1394 746 ἀγαθοῦ
1428 674 1747 746 κατηξιωμιὲ¹

1872 678 2041 745 scepti
2060 676 2364 746 argumenti
2389 676 2783 730 demonstratio
2805 691 2872 730 ex
2901 691 3089 731 eorum
3119 675 3435 748 deprompta

190 786 326 833 νοις;
365 764 497 840 Ἆρ’
527 765 620 822 οὖν
649 770 892 840 ὑπῆρξεν
924 769 1126 838 ἀγαθόν
1158 787 1208 823 τι
1259 771 1369 831 τοῖς
1404 767 1622 830 θεαταῖς
1670 766 1747 820 τοῐ

1872 781 2058 830 sensu,
2089 768 2182 837 qui
2212 767 2317 821 diis
2343 767 2496 822 chari
2540 783 2604 822 ac
2651 767 2889 836 religiosi
2920 769 3272 838 putabantur,
3314 768 3438 838 qui-

189 858 392 927 ἀγαθοῦ
429 858 704 929 δαίμονος,
737 859 772 929 ἢ
818 859 988 913 κακὸν
1013 860 1262 929 εἰλήχασι
1311 858 1560 928 δαίμονα,
1617 856 1747 926 ἔργα

1871 871 1979 927 que
2007 858 2238 911 solerter
2262 867 2315 912 et
2347 867 2600 912 accurate
2627 859 2886 912 doctrinae
2912 874 3026 914 sua:
3069 858 3309 912 rationes
3341 873 3438 911 ex-

189 951 285 1018 τῆς
314 951 512 1022 πείρας
536 951 864 1023 ᾑσθημένοι;
907 951 1045 1022 Φησὶ
1075 951 1206 1018 γοῦν
1233 953 1261 1003 ὁ
1288 949 1587 1020 θαυμάσιος
1619 948 1760 1019 μάρ-

187 1058 280 1104 τυς
304 1045 432 1107 τοὺς
459 1044 556 1115 τῆς
577 1042 792 1114 ἀγαθῆς
818 1041 1020 1113 ταύτης
1048 1042 1175 1106 θέας
1196 1041 1532 1112 ἠξιωμένους
1561 1038 1747 1109 ἆθροω

1872 1039 2019 1094 modi
2053 1054 2216 1108 quam
2263 1055 2364 1096 nec
2387 1040 2629 1094 refellere
2659 1040 2782 1109 ipsi,
2816 1055 2914 1095 nec
2936 1039 3192 1111 defugere
3219 1048 3314 1096 aut
3341 1040 3438 1096 de-

187 1132 412 1188 θάνατον
442 1135 756 1203 ὑπομεῖναι,
793 1134 966 1203 λέγων
998 1129 1122 1188 ὧδε.

1870 1129 2085 1199 precari
2141 1129 2373 1199 possint.
2420 1129 2487 1184 Et
2535 1144 2602 1184 eo
2657 1130 2875 1200 quidem
2927 1131 3046 1185 loco
3099 1131 3435 1200 Porpbvrius

185 1241 372 1281 omnes
394 1228 716 1290 obtestatur,
747 1241 817 1282 ne
842 1225 1065 1280 deorum
1097 1238 1296 1279 arcana
1354 1222 1606 1293 prodere,
1666 1234 1898 1291 quaeque
1950 1219 2196 1274 dicturus
2243 1227 2348 1285 est,
2399 1219 2603 1289 passim
2650 1229 2815 1291 atque
2882 1220 2937 1275 in
2989 1222 3178 1291 vulgus
3239 1223 3434 1278 efferre

185 1317 370 1384 velint,
399 1317 720 1388 sedpotius,
755 1325 816 1372 ut
871 1331 935 1373 ea
998 1317 1286 1388 diligenter
1345 1316 1642 1382 occultent,
1702 1313 2021 1385 interposito
2089 1313 2255 1369 etiam
2300 1313 2659 1384 jurejurando
2710 1315 2894 1386 adigit.
2949 1315 3269 1386 Cujusmodi
3304 1332 3434 1386 ergo

185 1409 270 1464 illa
297 1405 642 1466 sunt2Pana
671 1410 922 1466 videlicet
948 1408 1146 1464 Bacchi
1173 1424 1390 1465 servum
1416 1407 1589 1465 fuisse
1629 1415 1841 1474 narrat,
1909 1406 2152 1477 quicum
2199 1421 2266 1462 ex
2313 1407 2470 1464 bonis
2524 1407 2865 1463 daemonibus
2910 1424 3051 1465 unus
3117 1419 3282 1476 esset,
3347 1411 3432 1466 vi-

191 1506 432 1560 dendum
477 1506 773 1576 aliquando
838 1521 958 1563 sese
996 1506 1251 1575 agricolis
1282 1505 1608 1577 quibusdam
1651 1503 1964 1575 praebuerit.
1989 1500 2130 1568 Quid
2194 1501 2622 1572 exspectandum
2667 1501 2812 1558 aliud
2868 1518 2900 1556 a
2935 1506 3078 1558 bono
3145 1501 3270 1564 fuit,
3321 1503 3429 1558 nisi

179 1610 238 1655 ut
265 1616 406 1671 quos
432 1603 609 1656 bonus
638 1601 729 1658 ille
751 1601 895 1658 Deus
948 1610 1247 1671 conspectu
1286 1617 1389 1657 suo
1427 1601 1767 1673 dignaretur,
1807 1597 1865 1653 in
1925 1613 2021 1653 eos
2064 1598 2327 1653 continuo
2368 1597 2497 1652 boni
2543 1595 2746 1666 aliquid
2784 1596 3156 1651 redundaret?
3237 1595 3430 1652 Utrum

180 1692 342 1761 igitur
373 1695 504 1750 boni
543 1696 808 1752 damonis
863 1696 1267 1766 spectatoribus
1309 1695 1440 1751 boni
1477 1693 1762 1766 quidpiam
1801 1693 1980 1749 evenit
2013 1711 2027 1761 ;
2060 1709 2131 1749 an
2156 1690 2336 1762 potius
2365 1691 2420 1745 in
2454 1690 2658 1746 malum
2716 1705 2774 1744 se
2813 1691 3114 1746 dzemonem
3176 1691 3432 1747 incidisse

195 1784 559 1856 periculoipsi
593 1801 696 1840 suo
723 1785 1074 1842 didicerunt?
1102 1783 1296 1840 Tradit
1339 1784 1601 1840 nimirum
1665 1784 1819 1840 testis
1881 1782 2155 1854 egregius,
2200 1791 2470 1852 quotquot
2519 1782 2609 1838 ille
2652 1782 2795 1839 felici
2842 1785 3072 1858 laetoque
3122 1787 3432 1858 spectaculo

187 1881 381 1950 dignos
427 1878 731 1943 habuisset,
773 1891 870 1932 eos
911 1876 980 1932 ad
1029 1892 1198 1930 unum
1228 1889 1422 1932 omnes
1471 1873 1756 1946 repentino
1791 1873 2014 1929 interitu
2039 1872 2288 1944 periisse.

710 1968 1100 2022 ΚΕΦΑΛΑΙΟΝ
1138 1970 1230 2036 σν.

2325 1964 2486 2036 190
2526 1964 2752 2020 CAPUT
2799 1965 2890 2020 vr.

183 2084 277 2150 Ὠς
316 2081 580 2139 θανάτου
613 2081 911 2148 ποιητικοί
935 2083 1094 2134 εἰσιν
1120 2083 1176 2134 οι
1206 2079 1520 2150 λεγόμενοι
1557 2077 1747 2135 αὐτῶν

1861 2077 2086 2132 Mortem
2128 2077 2250 2134 illos
2281 2079 2421 2148 ipsos
2455 2080 2792 2143 consciscere,
2831 2080 2923 2149 qui
2971 2080 3092 2135 boni
3132 2081 3197 2134 ab
3228 2083 3294 2136 iis
3317 2083 3428 2138 dar-

691 2151 899 2220 ἀταθοὶ
929 2150 1234 2219 δαίμονες.

2367 2164 2544 2202 mones
2588 2150 2915 2218 appellentur

1884 949 2189 1018 plorarunt,
2225 950 2372 1004 omni
2407 965 2473 1003 ex
2515 958 2667 1017 parte
2697 950 2934 1018 perfecta
2974 951 3062 1011 sit,
3097 959 3258 1019 atque
3288 949 3437 1020 ejus—
3541 945 3550 954 ’

246 2286 267 2319 ς
304 2266 444 2336 Ἤδη
474 2265 530 2318 δὲ
558 2262 654 2316 καὶ
674 2264 730 2314 ὲν
763 2261 942 2325 ἄλλοις
972 2261 1020 2314 οἱ
1054 2260 1152 2331 μὲν
1180 2258 1568 2330 ἀνεδεῑχθησαν
1595 2257 1759 2330 θερα⁹

168 2356 370 2419 πντὲς
397 2371 582 2417 τινων,
621 2353 698 2416 ὡς
735 2354 764 2406 ὁ
799 2352 914 2404 Πὰν
953 2351 1046 2404 τοῦ
1084 2350 1337 2403 Διονύσου
1362 2366 1374 2378 ·
1409 2349 1673 2420 δεδήλωκε
1700 2347 1757 2400 δὲ

163 2449 336 2503 τοῦτο
355 2448 382 2499 ὁ
408 2448 466 2499 ὲν
495 2443 825 2516 Βραγχίδαις
863 2443 1136 2496 Ἀπόλλων
1164 2441 1240 2511 (3)
1267 2441 1356 2494 διὰ
1378 2439 1603 2493 τούτων.
1643 2439 1758 2491 Ἐν-

162 2542 264 2595 νέα
343 2538 452 2610 γὰρ
522 2535 825 2608 εὑρέθησαν
885 2534 1280 2596 ἀποθανόντες·
1341 2529 1756 2601 πυνθανομένων

161 2632 303 2700 γοῦν
337 2629 446 2683 τῶν
474 2629 567 2682 τὸν
592 2627 760 2698 ἀγρὸν
786 2625 1078 2679 οἰκούντων
1101 2624 1201 2696 τὴν
1223 2623 1423 2687 αἰτίαν,
1461 2621 1694 2693 ἔχρησεν
1725 2623 1752 2674 ὁ

163 2726 319 2788 θεὸςο

161 2924 567 2994 Χρυσόκερως
590 2919 924 2994 βλοσυροῖο
955 2919 1245 2994 ῥιονύσου
1281 2915 1577 2994 θεράπων.
1591 2912 1752 2978 Πὰν,

163 2987 415 3049 Βοίνων
445 2987 713 3059 ὖλήεγτα
741 2987 866 3044 κάτ’
909 2989 1110 3056 οὔρεα,
1149 2987 1298 3056 χειρὶ
1330 2987 1575 3059 κρατιῃῇ

172 3063 443 3119 Ῥἁϐδον
473 3054 635 3132 ἔχεν,
669 3061 838 3132 ἑτέρῃ
867 3059 937 3112 δὲ
961 3054 1099 3128 λιγὺ
1124 3054 1461 3132 πῂείουσᾳν
1492 3054 1752 3132 ἔμαρπτε

163 3137 436 3202 Σύριτγα
473 3125 1117 3202 ’πίλαφυρὴὴγύμρῄσι
1152 3127 1231 3202 δὲ⁸
1260 3125 1452 3202 θυμὸν
1483 3125 1751 3194 ἔθελγενο

173 3151 436 3256 δυριτέα
473 3151 810 3202 γλαφυρην,
844 3151 1117 3198 ’νυμφῃσι
1152 3151 1221 3181 σε
1260 3151 1451 3194 συμυν
1483 3151 1530 3178 ει

173 3205 330 3269 ὀεὺ
391 3204 425 3257 ἑ
454 3201 712 3270 συρίξας
731 3200 936 3270 μέλος,
965 3198 1182 3270 ἀνέρας
1198 3196 1530 3270 ἐπτοίησεν

169 3263 552 3343 ’Υλοτόμουξ
579 3263 828 3343 πὰὴὶις,
861 3263 1086 3343 θάμϐοςῖ
1113 3267 1332 3343 δί’-ἔχεν
1358 3263 1749 3343 εἰσορᾴωντας

160 3332 467 3411 Δαίμονος
491 3332 822 3411 ὀρνυμένοὺ
849 3332 1102 3411 κρῦερῷἆ·
1124 3332 1306 3405 δέμας
1333 3332 1749 3411 οὶστρήεγτος.

161 3402 287 3470 Καί
309 3415 385 3467 νύ
411 3402 482 3466 ace
500 3402 725 3476 ἐάν-ξας
744 3402 972 3478 syades
988 3402 1163 3478 τέλος
1178 3402 1430 3478 κρυεροῦ
1451 3402 1748 3466 θανάτοιο,

155 3485 228 3537 Ei
259 3488 348 3552 μη
376 3486 434 3536 οι
467 3483 646 3535 κότον
673 3476 846 3552 uiror
868 3479 958 3552 ἑνὶ
993 3477 1330 3552 στήθεσσιν
1355 3476 1586 3552 ἔχουσα

165 3543 442 3622 Ἀῥτὲμις
472 3549 760 3621 ὰῖφοτέρη
783 3548 1020 3603 παῦσεν
1039 3543 1256 3616 μένεος
1283 3543 1605 3613 κρατεροῖο·

167 3690 288 3741 Ἦν
302 3687 402 3742 καὶ
428 3687 548 3756 χρὴ
572 3685 872 3749 λίσσεσθ’,
888 3685 987 3738 ἵνα
1006 3699 1104 3738 σοι
1127 3683 1365 3753 γίγνοιτ’
1375 3683 1702 3752 ἐπαρωγός.
1723 3701 1742 3732 ι

176 3802 453 3871 Ἀκήκοας
482 3792 571 3851 οἷα
593 3795 688 3851 τοῦ
711 3797 982 3868 δαίμονος,
1015 3789 1078 3852 οὗ
1123 3814 1286 3867 φησιν
1319 3796 1546 3865 ἀγαθοῦ,
1593 3798 1654 3851 τό
1685 3817 1745 3852 τε

168 3892 359 3963 σχῆμα
409 3891 505 3944 καὶ
555 3889 654 3953 τὰς
687 3889 914 3960 πράξεις
962 3890 991 3941 ὁ
1035 3891 1093 3942 ὲν
1142 3889 1466 3959 Βραγχίδαις
1515 3889 1748 3954 ἐδίδαξεν

177 3967 458 4034 Ἀπόλλων
483 3997 499 4044 ;
534 3978 644 4031 Θέα
668 3978 732 4049 δὴ
762 3981 856 4032 καί
893 3977 1002 4032 τῶν
1029 3979 1230 4032 λοιπῶν
1261 3979 1331 4033 τὰ
1363 3983 1584 4046 γενναῖα
1616 3998 1750 4035 κατ·

166 4072 489 4144 ορθώματα,
524 4065 600 4123 ὧν
640 4070 704 4142 δὴ
749 4070 917 4122 ἕνεκα
942 4071 1040 4140 τὴν
1061 4072 1308 4143 οὐράνιον
1336 4071 1750 4136 ἀπολελοιπότες

166 4164 476 4236 διατριϐὴν,
527 4163 624 4230 τὴν
686 4164 781 4215 σὺν
836 4160 1142 4231 ἀνθρώποις
1200 4161 1744 4233 ἀντικατηλλάξαντο.

168 4257 396 4319 Πάντως
424 4255 600 4324 δήπου
634 4253 771 4323 χρῆν
808 4253 1004 4316 αὐτοὺς
1043 4251 1396 4324 σωφροσύνης
1429 4254 1745 4324 κατάρχειν,

166 4350 266 4402 καὶ
290 4349 360 4401 τὰ
389 4345 646 4415 λυσιτελῆ
681 4346 775 4398 καὶ
801 4345 1050 4414 ὠφέλιμα
1077 4347 1190 4407 τοῖς
1225 4343 1532 4415 ἀνθρώποις
1565 4344 1748 4398 ὑποτί-

167 4440 381 4493 θεσθαι.
416 4439 480 4490 υἱ
503 4437 562 4489 δὲ
589 4436 792 4489 τούτων
824 4437 921 4505 μὲν
941 4437 1115 4489 οὐδέν’
1139 4435 1302 4489 ἄκουε
1323 4435 1367 4488 δ’
1389 4431 1477 4490 οἷα
1501 4437 1746 4505 ἐκφαίνει

166 4531 199 4584 ὁ
229 4529 298 4582 τὰ
324 4528 676 4600 ἀρρητότερα
696 4525 806 4578 τῶν
834 4527 1088 4596 ἀρρήτων
1117 4524 1492 4596 διηρευνηκὼς
1511 4527 1607 4580 καὶ
1640 4527 1748 4579 τῶν

1935 2280 1954 2312 ι
1995 2260 2171 2332 Atque
2210 2262 2312 2332 ipsi
2363 2261 2608 2332 quidem,
2656 2263 2830 2333 inquit
2873 2264 2984 2328 ille,
3017 2265 3124 2322 alio
3157 2282 3338 2323 rerum
3371 2269 3424 2324 in

1859 2365 2056 2421 genere
2095 2352 2483 2407 nonnullorum
2529 2352 2722 2424 famuli
2757 2357 3034 2411 constituti
3075 2367 3223 2423 sunt,
3261 2359 3427 2414 veluti

1857 2441 1994 2510 Pan,
2040 2459 2203 2514 quem
2251 2443 2450 2499 Bacchi
2489 2460 2708 2501 servum
2754 2445 2927 2503 fuisse
2965 2448 3052 2504 bis
3087 2451 3334 2506 versibus
3370 2452 3423 2506 in

1857 2533 2183 2590 Branchidis
2208 2535 2404 2606 Apollo
2429 2539 2768 2605 pronuntiat.
2808 2536 2943 2592 Nam
2977 2556 3100 2594 cum
3130 2556 3320 2597 novem
3348 2545 3424 2596 si-

1857 2625 1972 2680 mili
2017 2636 2196 2681 morte
2235 2628 2482 2682 sublatos
2524 2629 2878 2698 reperissent,
2916 2631 3093 2700 deque
3135 2633 3213 2688 rei
3255 2649 3420 2689 causa

1855 2716 2098 2785 ejusdem
2131 2718 2246 2786 agri
2280 2719 2469 2772 incolae
2501 2720 2782 2774 oraculum
2809 2723 3236 2790 consuluissent,
3279 2727 3421 2781 buuc

1855 2807 1910 2861 in
1942 2808 2164 2862 modum
2187 2807 2382 2877 Apollo
2414 2811 2717 2879 respondit,

1855 2917 1972 2992 Pan
1997 2919 2132 2972 torvi
2155 2917 2353 2972 Bacchi
2387 2920 2644 2992 famulus,
2671 2921 2755 2974 cui
2783 2938 2981 2975 cornua
3016 2923 3190 2992 fronte

1852 2989 2031 3059 gurea
2055 3000 2400 3058 consurgunt,
2423 2991 2600 3044 densis
2627 2993 2754 3044 dum
2781 2989 3042 3046 montibus
3072 3003 3238 3059 errat,

1852 3057 1923 3132 ξι
1948 3059 2149 3132 virgam
2172 3057 2362 3132 deattra
2391 3063 2656 3132 quatiens,
2687 3061 3008 3132 blandosque
3034 3057 3254 3119 sinistra

1850 3126 1918 3206 {Et
1951 3126 2132 3206 rnolles
2165 3129 2360 3206 infans
2387 3126 2641 3196 calamos,
2673 3126 3317 3206 nymphasque,_virosque

1850 3196 2125 3252 deenda:
2152 3196 2311 3267 sylth
2334 3200 2558 3254 intentos
2586 3196 3184 3258 modulaminemulcet:

1780 3306 1823 3363 c
1856 3267 3180 3363 6.9935116.satisfieri“:iratissimum

1859 3336 2162 3407 Praecipitis
2199 3339 2313 3407 fera
2341 3340 2573 3392 membra
2610 3340 2706 3393 Dei
2736 3336 2861 3393 dum
2891 3336 3045 3396 turba
3073 3345 3290 3397 videret.

1857 3405 2218 3480 Continuoque
2242 3425 2425 3480 omnes
2452 3409 2623 3480 simul
2645 3426 2833 3478 aspera
2864 3410 3035 3465 Parca
3065 3413 3295 3480 tulisset,

1857 3474 1934 3546 ,ζνὶ
1960 3474 2147 3531 εωυαηὶ
2180 3480 2319 3530 irato
2355 3478 2508 3532 bilem
2541 3479 2636 3531 sub
2656 3474 2862 3546 pectore
2888 3498 3098 3535 versans

1852 3543 2182 3620 {amdudurn
2217 3550 2436 3617 agrestis
2474 3543 2727 3620 rapidum
2767 3551 2940 3604 Diana
2975 3552 3208 3620 furorem

1854 3614 2093 3687 §_isteret.
2125 3614 2278 3687 Hanc
2306 3619 2436 3672 votis
2463 3614 2626 3686 igitur
2655 3619 2866 3685 placare
2897 3614 3168 3687 memento,

1859 3684 1927 3739 Ut
1958 3686 2110 3740 rebus
2143 3686 2237 3739 tibi
2270 3684 2579 3757 prwsidium
2611 3684 2790 3757 sponte
2821 3691 2984 3743 addat
3014 3707 3069 3744 tn
3100 3684 3283 3746 arctis.
3321 3711 3338 3744 ι

1847 3797 2082 3852 Audiisti
2128 3799 2435 3868 cujusmodi
2470 3800 2715 3870 corporis
2761 3801 3036 3869 habitum,
3075 3819 3278 3874 quasve
3316 3823 3412 3862 ac-

1851 3890 2026 3944 tiones
2054 3890 2218 3954 bono,
2250 3890 2329 3944 uti
2357 3893 2534 3956 vacat,
2561 3893 2792 3946 daemoui
2826 3893 3018 3962 Apollo
3063 3896 3116 3948 in
3149 3895 3414 3953 Branchi-

1850 3979 1935 4034 dis
1957 3980 2253 4034 attribuat?
2291 3978 2502 4036 Videsis
2535 3995 2696 4050 porro
2726 3996 2813 4036 res
2841 3998 2872 4036 a
2913 3983 3122 4039 caeteris
3155 3987 3413 4057 praeclare

1849 4085 1914 4124 ac
1944 4069 2225 4140 magniﬁce
2253 4083 2455 4138 gestas,
2480 4086 2619 4143 quas
2639 4072 2714 4125 illi
2745 4073 2872 4126 dum
2897 4089 3274 4148 sequerentur,
3301 4097 3416 4138 cm-

1848 4162 2036 4217 lestem
2078 4164 2221 4217 ultro
2272 4179 2396 4217 cum
2445 4164 2684 4220 humana
2743 4168 3054 4224 societatem
3105 4185 3413 4229 commuta-

1849 4264 1998 4310 runt.
2029 4254 2135 4322 Eos
2172 4255 2415 4326 profecto
2443 4257 2720 4314 modestiae
2751 4275 2815 4314 ac
2844 4265 3212 4331 temperantia:
3259 4267 3414 4336 priu-

1849 4346 1998 4415 cipes
2025 4362 2086 4401 ac
2119 4349 2430 4416 magistros,
2462 4347 2785 4417 utiliumque
2814 4365 2998 4405 rerum
3025 4361 3278 4408 auctores
3307 4355 3413 4410 hu-

1849 4453 2012 4490 mano
2034 4437 2215 4506 generi
2244 4453 2364 4493 esse
2395 4440 2698 4507 oportebat,
2733 4456 2964 4510 quarum
3005 4451 3186 4498 tamen
3223 4460 3293 4501 ne
3325 4461 3414 4502 ve.

1849 4525 2066 4597 stigium
2089 4527 2308 4596 quidem
2340 4528 2506 4581 ullum
2530 4530 2900 4585 ostenderunt.
2923 4531 3002 4588 Ac
3029 4534 3160 4590 mihi
3189 4537 3411 4606 quidem

164 4621 501 4691 ἀπορρήτων
526 4615 773 4682 ἀξιωθεὶς
791 4616 890 4685 τῆς
905 4614 1175 4683 γνώσεως.
1203 4617 1336 4668 Τοτὲ
1363 4617 1461 4686 μὲν
1480 4612 1572 4670 οὖν
1597 4634 1747 4680 τινας

1852 4616 2128 4669 curiosum
2177 4615 2328 4670 illum
2389 4617 2783 4685 exploratorem
2832 4621 2981 4684 audi,
3031 4623 3126 4691 qui
3181 4626 3411 4682 abditis-

164 4711 278 4766 τῶν
301 4709 528 4778 ἀγαθῶν
555 4708 757 4760 τούτων
769 4707 1035 4776 δαιμόνων
1056 4709 1218 4777 φησιν
1241 4709 1530 4778 ἐρωτικαῖς
1544 4709 1748 4778 ἡδυπα-

166 4802 344 4866 θείαις
366 4799 779 4872 ὑπηρετεῖσθαι·
798 4794 924 4848 τοτὲ
941 4799 984 4852 δ’
999 4799 1083 4852 ἐτέ
1093 4815 1218 4869 ρους
1249 4801 1546 4872 τυμπάνων
1563 4799 1748 4864 αὐλοῖς

240 4973 414 5045 (ὅλὈ
440 4970 514 5045 ea:
537 4970 891 5045 Βραγχίδαις
925 4971 1252 5045 Ἀπόλᾼῳν.
1299 4970 1375 5045 De
1422 4971 1746 5037 Branchide,

165 5041 658 5125 seuo’Bran‘c'hiade
698 5042 1182 5125 apollinen‘mu‘lti
1230 5043 1432 5125 multa,
1465 5051 1744 5108 recentes,

162 5124 422 5237 ἷὶἶῖἒξέἷὲὲ
435 5109 1744 5249 ,Vé’ll’isﬁiﬁeiibiéuoé’fadlé‘h'ifieﬂ";$232:

1851 4706 1989 4759 sima
2017 4721 2246 4776 quaeque
2274 4722 2468 4761 arcana
2503 4709 2753 4772 rimatus,
2788 4725 2978 4767 eorum
3018 4715 3179 4768 etiam
3216 4717 3410 4772 intelli-

1849 4799 2035 4866 gentia
2091 4799 2354 4854 donatum
2402 4815 2461 4855 se
2516 4815 2637 4855 esse
2683 4802 2966 4870 gloriatur.
3020 4803 3286 4862 Nimirum
3345 4827 3409 4864 ex

1848 4974 2126 5051 amoribus
2152 4973 2344 5051 Apollo
2375 4973 2769 5051 blandiebatur.
2801 4974 3130 5051 Didymaeus.
3154 4979 3235 5033 vel
3263 4982 3408 5051 quod

1846 5042 1998 5098 Jovis
2043 5045 2116 5097 ibi
2172 5042 2389 5118 socius,
2433 5042 2992 5118 geminurnque_adeo
3028 5063 3227 5108 numen
3271 5042 3408 5118 praua

1844 5122 1989 5168 esset
2039 5115 2262 5168 oraculo
2290 5132 2315 5184 εξ
2340 5113 2464 5167 nam
2502 5124 2557 5168 et
2585 5113 2798 5184 Jupiter
2827 5115 3132 5182 Ditlymaeus
3177 5113 3409 5174 vocaba-

1842 5192 1970 5237 tur:
1995 5185 2079 5237 vel
2109 5185 2252 5252 quod
2284 5182 2894 5254 deindecommunibus
2929 5188 3109 5254 templi
3133 5196 3188 5241 et
3223 5205 3409 5243 sacro-

163 5263 226 5307 et
256 5251 590 5324 Didymeus.
622 5249 865 5324 Primum
892 5251 1318 5324 vetustissimum
1349 5249 1748 5324 fuit,_sequen-
1840 5267 1963 5324 rum
2010 5249 2310 5306 honoribus
2355 5253 2547 5322 Apollo
2591 5251 2772 5316 Pater,
2825 5249 3212 5324 Brancbusque
3262 5259 3409 5314 ﬁlius

166 5325 248 5376 tia
278 5319 394 5377 duo
435 5320 628 5374 mediae
651 5321 808 5389 quasi
842 5322 1164 5384 vetustatis,
1203 5330 1462 5390 quartum
1491 5319 1745 5390 idemque

164 5401 550 5462 postremum,
576 5391 868 5462 recentius.
901 5390 1184 5462 Milesius,
1212 5389 1358 5458 quod
1407 5391 1461 5444 in
1505 5389 1743 5462 Milesio-

165 5459 296 5517 rum
347 5461 638 5530 agro,_abs
661 5459 842 5514 Mileto
871 5461 1064 5516 stadiis
1089 5459 1260 5530 ferme
1280 5475 1347 5530 eg
1369 5461 1588 5514 oracula
1616 5459 1742 5514 furr-

168 5531 360 5594 deret,
394 5527 462 5584 'ut
506 5527 714 5584 Plinius
745 5540 938 5584 auctor
978 5539 1062 5586 est
1093 5546 1126 5582 v
1146 5569 1162 5594 ,
1193 5529 1286 5584 29.
1317 5528 1674 5590 Branchides,
1713 5544 1745 5584 a

169 5602 453 5662 Brancho,
481 5600 748 5668 Apollinis
775 5603 855 5654 vel
884 5600 1018 5662 lilio,
1063 5600 1148 5654 vel
1173 5600 1476 5661 amoribus,
1505 5614 1740 5668 quocum

169 5671 457 5726 divinandi
489 5679 658 5740 artem
680 5669 869 5738 Apollo
891 5670 1631 5740 prolixeAeominunicaverat.
1659 5671 1742 5723 Ab

169 5755 519 5820 eaqueque,
546 5739 654 5820 loci
682 5740 803 5820 ejus
828 5738 1064 5820 populis,
1098 5738 1526 5820 liranchidarum
1551 5743 1738 5820 appel-

171 5810 328 5872 latio,
356 5809 650 5875 Philesius,
682 5809 1454 5881 ἁπὸτῶνφιλημάτωνμιιιίὺιιε
1483 5809 1600 5864 suis
1630 5809 1736 5865 illis

500 5901 773 5963 Ρηιιοι..
812 5900 932 5960 Gn.
971 5900 1140 5960 XXI.

1840 5323 2170 5388 colerentur,
2223 5324 2333 5376 imo
2382 5332 2437 5376 et
2494 5338 2689 5393 magna
2735 5333 2848 5377 tum
2890 5339 3012 5378 esse
3056 5323 3406 5382 oraculorum

1840 5393 2126 5460 utriusque
2174 5393 2509 5446 communio.
2555 5392 2682 5446 Inde
2719 5393 3003 5456 fortassis,
3037 5403 3089 5446 et
3138 5394 3260 5451 loco
3304 5411 3410 5450 no-

1842 5477 1990 5533 men,
2025 5461 2266 5533 Didyma.
2298 5460 2441 5533 Sa_ne
2463 5460 2673 5517 Plinius
2705 5463 2745 5518 l.
2769 5478 2821 5524 v,
2855 5477 2902 5516 c.
2938 5462 3028 5524 29,
3061 5475 3116 5517 et
3143 5461 3408 5533 Pompon.

1853 5529 2059 5602 Mela).
2091 5529 2139 5594 ιζ
2167 5547 2216 5587 c.
2249 5532 2336 5593 17,
2361 5530 2694 5602 Didymaeum
2723 5533 2875 5586 aiunt
2898 5542 3148 5602 vocatum
3193 5529 3408 5602 postea,

1851 5601 1945 5670 qui
1995 5599 2326 5656 Branchides
2365 5599 2493 5655 olim
2549 5603 2848 5656 dicebatur.
2898 5599 2963 5654 Et
3017 5599 3409 5662 recentioribus

1847 5673 2000 5740 plura
2034 5672 2240 5726 dabunt
2288 5670 2619 5740 Bulengerus
2665 5681 2850 5724 noster
2883 5671 2978 5725 lib.
3014 5685 3030 5723 ι
3077 5671 3152 5724 De
3177 5674 3405 5740 oracul.,

1847 5755 1898 5796 c.
1928 5740 1979 5799 9.
2013 5752 2066 5796 et
2099 5741 2419 5796 Boissardus
2439 5740 2517 5794 De
2540 5740 2878 5805 divinatione,
2907 5756 3024 5810 cap.
3050 5741 3114 5793 de
3143 5741 3406 5799 Brancho.

3073 5903 3137 5973 11
