3850 6222
444 347 548 404 559

451 465 612 536 196
627 463 770 519 ldem
790 463 917 518 alibi
947 463 1224 520 missionis
1250 463 1390 518 hanc
1411 463 1520 519 edit
1551 464 1841 527 rationem,
2047 467 2094 526 Α

449 573 687 651 Naiades
730 592 760 629 ο
793 575 1044 651 Philebum
1084 591 1204 651 cunt
1230 575 1400 651 illusis
1447 577 1632 651 solvite
1657 576 1939 651 Nymphae,

444 647 750 701 Arcitenens
778 647 916 700 vobis
940 653 1099 700 cantu
1121 645 1408 700 celebretur
1423 648 1634 717 Apollo.

446 737 794 809 Rursumque
816 738 966 805 alibi,

448 827 638 883 Tollite
659 829 777 898 jam
803 839 967 893 serta,
994 847 1056 883 ac
1080 831 1224 887 niveo
1253 831 1474 901 vestigia
1501 848 1618 886 rore

443 965 688 1038 Spargite
712 983 730 1021 :
754 984 875 1034 mea:
896 969 1111 1026 inducta
1139 968 1270 1024 leves
1297 969 1424 1022 mihi
1451 969 1592 1026 linea
1613 986 1822 1040 gressus

447 1104 724 1172 Expediat.
771 1104 983 1159 Dextra:
1046 1106 1301 1159 insertam
1343 1106 1618 1159 subducite
1685 1107 1945 1170 laurum;

446 1174 577 1232 Cum
601 1175 822 1245 geminis
849 1176 1084 1245 geminas
1111 1175 1282 1231 oculis
1309 1177 1588 1246 abstergite
1617 1192 1793 1239 nares,

445 1307 610 1377 Atque
625 1307 906 1376 hominem,
925 1308 1119 1378 osocii,
1152 1324 1290 1364 nunc
1313 1309 1526 1372 tandem
1551 1310 1774 1363 emittite
1805 1310 2014 1382 terris.»

442 1419 655 1487 Quibus
699 1421 881 1478 allatis
917 1422 1062 1478 idem
1101 1431 1312 1489 auctor,
1365 1440 1384 1474 ι
1410 1422 1594 1478 Linea:
1621 1422 1904 1488 nimirum,
1932 1422 2020 1477 in-

443 1511 580 1584 quit,
604 1527 716 1582 quo
749 1513 900 1568 abire
927 1513 1122 1584 possit,
1152 1523 1214 1569 ut
1240 1514 1587 1580 inducantur,
1617 1513 1844 1586 ﬂagitat,
1873 1515 2018 1584 quod

445 1604 512 1659 iis
555 1605 886 1661 constrictus
925 1615 1242 1663 teneretur:
1271 1623 1374 1663 nec
1415 1607 1484 1663 iis
1511 1608 1696 1674 modo,
1724 1608 1817 1664 sed
1853 1607 2018 1664 etiam

444 1693 653 1764 reliqua
690 1695 920 1751 vestitus
965 1696 1428 1768 conﬁguratione,
1473 1699 1620 1768 quod
1666 1707 2015 1754 evocatorum

444 1787 733 1842 numinum
762 1790 999 1860 speciem
1031 1798 1194 1859 atque
1229 1790 1520 1860 imaginem
1548 1806 1660 1860 prae
1690 1806 1750 1846 se
1774 1790 1958 1846 ferret.
1992 1810 2012 1843 ι
2049 1817 2092 1872 Β

446 1877 706 1948 Equidem
743 1879 831 1936 bis
865 1881 1123 1946 omnibus
1176 1882 1334 1952 plane
1393 1881 1699 1938 confectum
1743 1882 2017 1946 existimo,

445 1971 579 2026 nihil
617 1986 846 2041 prorsus
889 1981 985 2028 aut
1019 1973 1132 2030 Deo
1173 1974 1430 2043 dignum,
1471 1983 1566 2030 aut
1603 1975 1894 2041 excellens,
1927 1985 2022 2032 aut

445 2079 572 2122 vere
602 2065 846 2120 divinum
882 2065 939 2121 in
980 2066 1263 2137 spiritibus
1296 2067 1404 2123 illis
1451 2068 1708 2136 residere,
1737 2084 1875 2138 quos
1907 2077 2022 2123 tan-

446 2161 558 2208 tam
605 2153 676 2208 ad
706 2153 1067 2211 humilitatem
1103 2156 1343 2226 abjectos
1385 2157 1594 2225 videas,
1631 2166 1694 2212 ut
1734 2173 1764 2212 a
1795 2157 2020 2229 plebeiis

445 2244 609 2298 etiam
651 2260 716 2301 ac
759 2246 995 2303 sordidis
1031 2247 1347 2310 hominibus
1389 2249 1747 2306 detrahantur
1793 2265 1825 2306 e
1856 2252 2018 2318 coelo,

447 2333 610 2403 idque
660 2335 729 2390 ab
778 2335 886 2392 illis
931 2337 1054 2400 ﬁat,
1101 2353 1211 2392 non
1262 2340 1406 2409 quod
1454 2341 1639 2411 aliquo
1671 2341 1889 2398 virtutis
1927 2350 2022 2396 aut

445 2423 726 2493 sapientiae
751 2426 932 2482 studio
959 2436 1237 2496 praestent,
1261 2429 1354 2484 sed
1381 2431 1799 2499 supervacaneis
1822 2432 2020 2488 dunta-

451 2526 546 2572 xat
575 2518 940 2589 inanibusque
983 2519 1274 2591 praesagiis
1305 2530 1359 2575 et
1389 2503 1737 2578 cantionibus
1782 2523 2017 2581 abutan-

449 2619 559 2664 tur.
607 2607 790 2675 Quare
834 2625 1012 2680 neque
1037 2609 1374 2682 Pythagoras
1415 2612 1506 2666 ille
1537 2611 1806 2680 Rhodius,
1841 2629 2021 2685 neque

447 2701 497 2756 is
529 2701 715 2767 etiam,
745 2701 840 2772 qui
883 2702 977 2772 tali
1017 2718 1142 2757 cum
1190 2703 1500 2760 testimonio
1543 2705 1884 2772 cohonestet,
1917 2721 2018 2762 ne-

445 2808 552 2863 que
579 2793 718 2849 alius
749 2793 972 2848 omnino
999 2795 1288 2865 quisquam
1317 2811 1518 2851 nomen
1552 2797 1619 2855 iis
1642 2799 1867 2854 deorum
1896 2799 2020 2869 jure

446 2886 751 2956 meritoque
797 2887 1076 2954 tribuerit,
1124 2887 1236 2942 imo
1274 2903 1375 2944 nec
1408 2889 1678 2945 honorum
1710 2891 2018 2946 daemonum

448 2987 596 3046 certe
621 2979 864 3052 quidem,
892 2979 986 3049 qui
1025 2979 1094 3034 ab
1118 2979 1435 3036 hominibus
1466 2989 1521 3036 et
1552 2983 1712 3037 morti
1742 2983 2018 3049 obnoxiis,

445 3075 502 3123 et
539 3070 1027 3141 praestigiatoribus
1068 3085 1133 3132 ac
1165 3071 1446 3140 maleficis,
1491 3088 1599 3127 nou
1633 3088 1732 3128 sua
1777 3075 1882 3144 ipsi
1917 3090 2018 3130 vo-

447 3162 675 3226 luntate,
708 3163 802 3217 sed
833 3163 884 3217 vi
907 3163 1142 3233 quadam
1173 3171 1228 3218 et
1251 3165 1575 3220 necessitate
1612 3167 2018 3235 pertrahantur,
2049 3155 2091 3221 (ἶ

449 3270 515 3310 ac
545 3271 613 3311 ne
643 3255 904 3311 redeundi
931 3256 1151 3325 quidem
1193 3255 1284 3326 jus
1319 3272 1388 3312 ex
1419 3272 1479 3313 se
1505 3258 1640 3328 ipsis
1671 3271 1766 3314 aut
1795 3260 2023 3317 faculta-

453 3363 558 3404 tem
599 3348 854 3402 habeant.
905 3346 1225 3413 Enimvero,
1262 3349 1308 3404 si
1343 3348 1610 3419 ejusmodi
1653 3366 1854 3406 numen
1901 3367 2024 3408 esse

447 3440 642 3507 debet,
681 3440 770 3495 cui
814 3455 916 3496 nec
955 3439 1040 3496 vis
1089 3439 1291 3504 aﬁ‘erri,
1333 3457 1435 3497 nec
1477 3444 1682 3512 imponi
1724 3447 2022 3504 necessitas

449 3532 560 3598 ulla
618 3531 826 3602 possit,
885 3532 1142 3602 quodque
1192 3533 1357 3588 rebus
1414 3533 1687 3590 universis
1751 3537 1912 3597 altius
1967 3546 2022 3592 et

450 3625 762 3696 augustius,
813 3631 1064 3678 naturam
1111 3632 1166 3679 et
1208 3624 1276 3678 ab
1318 3625 1469 3680 omni
1509 3627 1746 3696 patiendi
1783 3629 2020 3685 solutam

448 3715 728 3784 periculo,
771 3723 826 3769 et
861 3714 1112 3770 libertate
1166 3715 1448 3785 praeditam
1507 3717 1749 3773 habeat:
1795 3730 1856 3775 tu
1887 3721 2020 3778 deos

448 3806 684 3876 appelles
743 3806 916 3873 istos,
971 3807 1066 3876 qui
1109 3807 1194 3861 vel
1241 3806 1509 3877 ejusmodi
1565 3809 1902 3879 ﬁgurarum,
1954 3811 2021 3866 li-

341 3891 353 3903 ’
448 3915 708 3966 nearum,
767 3899 1176 3970 imaginumque
1221 3900 1491 3955 machinis
1532 3901 1760 3970 deduci,
1798 3904 1882 3959 vel
1925 3919 2021 3960 co—

449 4006 742 4057 ronarum,
793 3999 848 4045 et
886 3990 1081 4045 ﬂorum
1123 4006 1188 4045 ex
1219 4000 1374 4046 terrae
1400 3993 1706 4050 visceribus
1751 3996 2019 4052 exsisten-

446 4084 583 4136 tium
635 4082 940 4148 illecebris,
987 4083 1072 4137 vel
1113 4083 1362 4139 barbaris
1395 4085 1722 4154 quibusdam
1761 4089 2020 4160 omnique

447 4171 843 4242 significatione
913 4171 1224 4228 carentibus
1283 4174 1434 4229 sonis
1496 4190 1561 4230 ac
1618 4177 1848 4235 vocibus
1905 4179 2020 4235 ine-

448 4265 621 4328 scari,
683 4263 926 4332 adeoque
988 4264 1480 4332 abjectissimorum
1525 4270 1691 4324 etiam
1735 4271 2018 4327 hominum

445 4355 734 4434 arbitrium
796 4355 951 4426 sequi
1017 4365 1319 4426 nutumque
1383 4359 1620 4427 soleant,
1682 4370 1742 4416 ut
1790 4364 2020 4432 quibus-

1079 348 1356 407 EUSEBll
1391 347 1871 406 CrESARiENSIS
1905 347 2055 404 OPP.
2098 347 2278 404 PARS
2317 347 2378 402 ll.
2415 377 2485 387 ——-
2525 343 3024 400 APOLOGETlCA.

3593 339 3701 399 540

2123 462 2232 515 Kal.
2265 459 2424 515 πάλιν
2453 459 2636 513 ἄλλοτε
2663 459 2923 511 ἀπόλυσιν
2949 457 3115 510 ἔδωκε
3148 454 3400 525 τοιαύτην
3418 467 3434 484 ⁸

2121 571 2373 637 Νατάδες
2400 571 2648 638 νύμφαι,
2677 571 2944 634 Μούσαις
2965 569 3119 637 μέγα
3139 580 3162 606 ³
3186 567 3364 620 λύετε
3392 563 3628 630 Φοῖϐον,

2125 644 2436 713 ’ᾼδουσαι,
2459 639 2628 702 θειαὶ,
2662 640 3029 707 ἑκατηϐόλον
3077 639 3439 692 Ἀπόλλωνα.

2121 735 2232 788 Καὶ
2262 733 2423 788 πάλιν
2452 731 2639 809 ἄλλοτέ
2665 749 2796 802 φησι

2119 823 2357 893 Λύσατέ
2391 840 2494 893 μοι
2531 821 2873 891 στεφάνους
2899 861 2912 885 ,
2950 821 3052 876 καί
3103 837 3220 888 μευ
3295 817 3508 942 πόιῖιῗε
3526 816 3701 896 ὕδατι

3507 906 3630 942 υκω

2131 964 2388 1022 Ῥάνατε.
2424 979 2522 1020 και
2591 961 2858 1033 γραμμὰς
2925 959 3322 1028 ἀπαλείψατε,
3364 889 3706 1100 θύιῇὲἷῖιὼ

3444 1047 3625 1082 λοιιιι.

2121 1105 2326 1171 Χειρὸς
2357 1103 2664 1172 δεξιτερῆς
2724 1099 2959 1172 δάφνης
2988 1098 3224 1172 κλάδοις
3277 1098 3455 1172 ripam-2
3482 1098 3681 1166 χερσὶ,

2125 1169 2360 1245 Ψιῖχετε
2432 1169 2779 1243 ὀφθαλμοὺς
2806 1169 3122 1240 διδύμους,
3155 1169 3333 1238 ῥῖνάς
3381 1183 3704 1310 τῗὼἐῖῗοσ-

2123 1316 2326 1383 Ἄρατε
2355 1314 2521 1389 φῶτα
2549 1313 2792 1385 ταίηθεν
2818 1310 3297 1379 ἀναστήσαντες,
3325 1309 3565 1374 ἑταῖροι.
3606 1326 3627 1356 ι

2124 1420 2220 1491 Οἷς
2251 1427 2492 1497 ἐπιλέγει
2531 1428 2560 1480 ὁ
2604 1425 2986 1495 συγγραφεύςο
3025 1443 3044 1476 ι
3080 1424 3190 1486 Τὰς
3221 1421 3486 1494 γραμμὰς
3523 1420 3712 1473 τοίνυν

2122 1518 2552 1590 παρακελεύεται
2585 1517 2928 1586 ἀπαλείφειν,
2959 1516 3046 1570 ἵνα
3069 1513 3305 1585 ἀπέλθῃο
3344 1513 3548 1574 ταύτας
3587 1509 3708 1580 γὰρ

2121 1613 2360 1683 κρατεῖν,
2393 1611 2488 1664 καὶ
2516 1609 2696 1680 μέντοι
2731 1608 2824 1662 καὶ
2854 1607 2916 1660 τὸ
2939 1605 3066 1671 ἄλλο
3095 1605 3279 1675 σχῆμα
3299 1603 3398 1673 τῆς
3413 1600 3707 1664 ἐνδύσεως,

2120 1701 2208 1756 διὰ
2237 1701 2298 1754 τὸ
2339 1701 2526 1773 φέρειν
2563 1699 2918 1771 είκονίσματα
2947 1697 3056 1751 τῶν
3083 1695 3435 1766 κεκλημένων
3477 1692 3638 1746 θεῶν.
3683 1710 3704 1743 ι

2120 1792 2396 1863 Δεδεϊχθαι
2439 1791 2625 1862 σαφῶς
2655 1792 2892 1864 ἡγοῦμαι
2922 1789 3009 1843 διὰ
3035 1787 3262 1852 τούτων,
3293 1787 3374 1840 ὅτι
3415 1785 3578 1856 μηδὲν
3646 1783 3716 1836 τὸ

2121 1881 2350 1936 καθόλου
2375 1881 2698 1955 θεοπρεπὲς,
2765 1883 2902 1954 μήτε
2934 1881 3095 1953 μέγα,
3135 1881 3274 1951 μήτε
3315 1877 3528 1949 ἀληθῶς
3561 1875 3714 1928 θεῖον

2122 1974 2296 2032 ἔνεστι
2339 1978 2452 2040 τοῖς
2505 1977 2584 2039 είς
2616 1974 2868 2029 τοσοῦτον
2912 1964 3295 2042 ταπεινότητος
3343 1985 3716 2024 καταπεπτω-

2121 2065 2242 2120 κόσι
2263 2064 2590 2137 πνεύμασιν,
2619 2065 2695 2130 ὡς
2724 2068 2836 2130 τοῖς
2867 2064 3129 2135 τυχοῦσιν
3153 2061 3460 2134 ἀνθρώποις
3502 2059 3716 2114 ὑποσύ-

2125 2156 2333 2228 ρεσθαι,
2365 2155 2723 2211 καθέλκεσθαί
2749 2173 2806 2210 τε
2829 2157 2890 2210 οὐ
2921 2156 2990 2209 δι’
3009 2155 3212 2227 ἀρετῆς
3233 2154 3326 2207 καὶ
3357 2151 3546 2222 σοφίας
3572 2151 3717 2205 ἀνά-

2120 2246 2300 2320 ληψιν,
2334 2246 2445 2300 ἀλλ’
2477 2249 2525 2320 εἰ
2582 2248 2739 2319 μόνον
2803 2247 2872 2301 τὰ
2932 2248 3031 2319 τῆς
3091 2246 3380 2318 περιέργου
3452 2246 3715 2315 γοητεῗας

2125 2337 2432 2409 μετέλθοιεν
2491 2355 2552 2391 τε
2597 2339 2692 2392 καὶ
2730 2339 3126 2414 διαπράξοιντο.
3161 2335 3286 2390 υῦτ’
3323 2331 3417 2390 οῦν
3457 2335 3638 2406 ὀρθῶς
3683 2337 3716 2394 δ

2134 2430 2332 2494 Ῥόδιος
2352 2429 2696 2503 Πυθαγόρας,
2731 2430 2845 2484 οὔθ’
2869 2433 2897 2484 ὁ
2935 2431 3110 2502 τούτῳ
3153 2430 3356 2500 ταύτην
3405 2426 3713 2500 παρασχὼν

2119 2525 2218 2595 τὴν
2250 2524 2574 2596 μαρτυρίαν,
2602 2524 2713 2579 οὗθ’
2742 2523 2990 2592 ὁστισοῦν
3023 2523 3332 2596 ἀνθρώπων
3358 2521 3511 2584 θεοὺς
3534 2537 3715 2591 προσ-

2121 2613 2263 2667 είποι
2311 2613 2376 2667 ἂν
2407 2614 2663 2684 εὐλόγως·
2698 2615 2814 2668 ἀλλ’
2838 2615 2960 2668 οὐδὲ
2989 2613 3224 2682 ἀγαθοὺς
3251 2612 3528 2683 δαίμονας,
3577 2611 3715 2674 τοὺς

2122 2705 2228 2760 ὑπὸ
2253 2704 2463 2777 θνητῶν
2493 2706 2815 2778 ἀνθρώπων,
2847 2706 2942 2760 καὶ
2971 2705 3146 2759 ταῦτα.
3172 2707 3384 2776 γοήτων
3410 2743 3426 2768 ,
3459 2703 3520 2756 ού
3563 2701 3714 2755 κατὰ

2121 2793 2343 2865 γνώμην
2371 2795 2598 2861 οἰκείαν,
2627 2796 2719 2869 βίᾳ⁴
2745 2796 2801 2850 δὲ
2829 2797 2922 2872 καὶ
2951 2795 3162 2868 ἀνάγκῃ
3199 2795 3538 2867 συρομένους
3562 2831 3578 2857 ,
3607 2792 3716 2846 καὶ

2125 2885 2260 2957 μηδὲ
2295 2888 2394 2959 τῆς
2438 2890 2544 2942 τῶν
2581 2889 2796 2959 δεσμῶν
2847 2886 3164 2962 ἀπολύσεως
3191 2887 3290 2959 τὴν
3334 2886 3582 2951 ἐξουσίαν
3617 2887 3715 2951 ἐφ’

2124 2981 2333 3044 ἑαυτοῖς
2360 2980 2594 3051 ἔχοντας.
2635 2982 2699 3034 Εἰ
2733 2979 2840 3052 γὰρ
2873 2980 2935 3052 δὴ
2961 2981 3218 3035 ἀϐίαστον
3247 2981 3339 3034 καὶ
3389 2979 3714 3047 ἀκατανάγ-

2123 3088 2340 3138 καστον,
2367 3074 2460 3128 καὶ
2493 3073 2710 3128 πάντων
2740 3075 3013 3145 κρεῖττον,
3061 3073 3159 3140 τὴν
3211 3071 3371 3140 φύσιν
3415 3071 3621 3134 ἀπαθὲς
3646 3070 3716 3123 ὃν

2125 3162 2220 3216 καὶ
2249 3161 2530 3235 ἐλεύθερον
2553 3163 2614 3217 τὸ
2643 3163 2794 3239 Θεῖον
2817 3180 2829 3192 ·
2859 3162 2976 3226 πῶς
3010 3162 3075 3216 ἂν
3105 3154 3220 3226 εἶεν
3245 3162 3378 3226 θεοὶ,
3411 3160 3718 3233 μαγγανεί-

2126 3274 2213 3321 αις
2282 3259 2402 3322 ταίς
2438 3257 2524 3312 διὰ
2558 3257 2774 3334 τοιῶνδε
2819 3257 3114 3329 σχημάτων
3153 3257 3247 3311 καὶ
3288 3255 3564 3329 γραμμῶν
3608 3254 3718 3308 καὶ

2124 3348 2328 3424 τύπων,
2348 3351 2630 3420 στεφάνοις
2651 3368 2710 3404 τε
2734 3351 2954 3414 καὶτοῖς
2976 3349 3083 3403 ἀπὸ
3104 3349 3206 3420 γῆς
3222 3348 3427 3412 ἄνθεσι,
3447 3347 3539 3402 καί
3563 3363 3725 3411 τισιν

2125 3439 2300 3504 ἄλλοις
2315 3441 2544 3512 ἀσήμοις
2560 3442 2655 3495 καὶ
2689 3441 2985 3514 βαρϐάροις
3009 3441 3162 3512 ἤχοις
3181 3457 3241 3492 τε
3265 3441 3359 3493 καὶ
3382 3442 3582 3508 φωναῖς
3607 3457 3720 3510 κη-

2124 3531 2391 3603 λούμενοι,
2405 3533 2621 3597 καὶτοῖς
2631 3533 2882 3610 τυχοῦσιν
2895 3517 2990 3587 ἀνθ
3001 3531 3203 3602 ρώποις
3213 3549 3294 3602 χει
3299 3530 3394 3603 ρού
3403 3547 3550 3600 μενοι
3565 3529 3690 3601 (‘20)
3699 3572 3717 3593 ,

2124 3623 2218 3676 καὶ
2249 3623 2488 3694 ὡσπερεὶ
2535 3623 2753 3695 δεσμοῖς
2802 3621 3323 3694 καταδουλούμενοι,
3367 3623 3508 3677 ὥστε
3565 3622 3721 3693 μηδὲ

2121 3715 2220 3786 τὴν
2264 3715 2608 3780 αὐτεξούσιον
2651 3717 2743 3770 καὶ
2777 3717 3168 3788 προαιρετικὴν
3223 3714 3416 3780 σώζειν
3455 3714 3538 3783 ἐφ’
3569 3715 3720 3766 ἑαυ-

2121 3810 2230 3871 τοῖς
2245 3806 2499 3878 δύναμιν;
2527 3808 2652 3872 Πῶς
2671 3809 2714 3862 δ’
2737 3807 2802 3878 ἂν
2825 3807 2928 3862 κᾶν
2957 3807 3150 3876 ἀγαθοὶ
3169 3807 3420 3877 δαίμονες
3441 3804 3727 3876 λεχθεῖεν,

2123 3898 2217 3969 βίᾳ
2260 3899 2355 3954 καὶ
2395 3899 2606 3972 ἀνάγκῃ
2661 3899 3109 3969 κατασπώμενοι;
3154 3899 3218 3950 Τί
3267 3897 3377 3968 γὰρ
3429 3895 3489 3949 τὸ
3529 3895 3732 3972 αἴτιον

2119 3991 2247 4056 τοὺς
2274 3992 2303 4033 b
2346 3992 2599 4056 ἄκοντας,
2641 3993 2762 4064 οὐχὶ
2793 3993 2850 4058 δὲ
2892 3989 3268 4056 αὑτεξουσίους
3315 3991 3456 4059 σφᾶς
3507 3989 3732 4052 αὐτοὺς

2119 4087 2232 4149 τοῖς
2266 4085 2513 4156 βοηθείας
2541 4084 2812 4156 δεομένοις
2845 4084 3172 4149 ὲπιδιδόναι;
3207 4084 3268 4134 Εἰ
3300 4085 3408 4152 γὰρ
3442 4082 3528 4133 ἐπ’
3569 4080 3736 4149 ἀγα-

2121 4175 2199 4246 θῶ
2245 4175 2639 4248 ποιοῦνταιτὴν
2671 4176 2902 4246 πάροδον
2949 4175 3141 4244 ἀγαθοὶ
3191 4173 3362 4237 ὄντες,
3407 4172 3502 4226 καὶ
3547 4173 3736 4244 εἴπερ

2119 4287 2202 4332 τις
2231 4264 2299 4338 ἦν
2341 4269 2401 4333 ἐξ
2425 4268 2605 4350 αὐτῶν
2635 4267 2811 4338 ψυχῆς
2839 4267 3096 4337 ὠφέλεια,
3128 4267 3267 4338 χρῆν
3311 4266 3480 4335 δήπου
3514 4281 3736 4336 προαι-

2122 4361 2266 4433 ρέσει
2285 4361 2347 4415 τὸ
2372 4360 2572 4430 ἀγαθὸν
2596 4359 2952 4424 ἀσπάζεσθαι,
2981 4360 3276 4425 φθάνοντας
3303 4358 3419 4420 ταῖς
3441 4356 3671 4409 εὐποιία
3682 4376 3740 4420 ις

447 4449 572 4503 dam
627 4449 785 4518 quasi
838 4448 1070 4523 vinculis
1141 4464 1422 4504 servorum
1491 4453 1664 4507 instar
1715 4457 2015 4526 mancipio-

2123 4453 2246 4514 τοὺς
2293 4451 2596 4521 δεομένους,
2651 4449 2786 4503 ἀλλὰ
2835 4449 2908 4521 μὴ
2956 4448 3267 4521 περιμένειν
3325 4446 3593 4515 ἀνάγκην.
3659 4448 3736 4499 Εἰ

445 4555 680 4610 rumque
709 4540 1016 4605 constricti,
1055 4556 1123 4596 ne
1159 4542 1426 4613 integram
1453 4545 1674 4614 quidem
1700 4562 1764 4603 ac
1791 4548 2015 4604 liberam

445 4634 688 4688 solvendi
737 4633 1167 4706 expediendique
1216 4635 1301 4691 sui
1344 4643 1668 4707 potestatem
1709 4641 2020 4696 retineant?

451 4724 610 4796 197
644 4723 727 4779 Tu
751 4726 928 4782 bonos
953 4726 1117 4782 etiam
1159 4727 1434 4796 daemones
1467 4729 1748 4787 arbitreris
1779 4747 1896 4799 eos,
1923 4734 2017 4804 qui

444 4816 497 4877 vi
527 4826 739 4872 tantum
771 4833 837 4873 ac
858 4819 1184 4894 necessitate
1212 4819 1518 4886 ducantur?
1544 4818 1685 4886 Quid
1719 4822 1864 4877 enim
1887 4839 2020 4878 cau-

446 4924 521 4975 διο
545 4917 650 4975 est,
683 4910 1042 4981 quamobrem
1076 4911 1229 4966 inviti
1261 4927 1325 4977 ac
1359 4921 1744 4983 repugnantes,
1775 4930 1883 4969 non
1919 4931 2016 4970 sua

443 4999 548 5070 ipsi
610 5009 805 5070 sponte
865 5002 1180 5057 hominibus
1233 5003 1438 5057 auxilio
1493 5018 1595 5060 suo
1647 5007 2016 5077 indigentibus

443 5108 603 5164 opem
644 5092 856 5149 ferant?
900 5093 1036 5149 Nam
1087 5096 1133 5150 si
1187 5095 1438 5152 benelicii
1486 5097 1800 5154 conferendi
1841 5100 2016 5169 gratia

443 5193 707 5257 tanquam
740 5188 869 5244 boni
905 5189 1246 5256 advenirent,
1290 5200 1386 5245 aut
1411 5191 1456 5246 si
1487 5191 1556 5246 ab
1583 5191 1653 5260 iis
1681 5190 1735 5245 in
1766 5192 2013 5247 animum

445 5277 695 5334 utilitatis
725 5280 930 5349 aliquid
973 5280 1414 5350 proficisceretur
1461 5296 1556 5337 eos
1587 5284 1778 5352 utique
1807 5283 2013 5356 bonum

1792 5476 1817 5514 ἀ
1861 5480 1942 5529 ἴσ.
1979 5479 2049 5532 οί.

514 5491 540 5520 α
574 5496 662 5547 γρ.
707 5481 860 5548 μίγα.
936 5478 964 5517 b
1005 5477 1088 5528 2'0'.
1119 5475 1232 5528 τοῦ.
1311 5487 1332 5512 ε
1379 5476 1462 5527 ἵσ.
1488 5476 1714 5543 γίνεται.

517 5632 629 5701 (ΞΟ)
677 5639 975 5709 Τυχοῦσιν
989 5639 1319 5709 ἀνθρώποις
1341 5635 1728 5709 xta/potiuerim.
1743 5633 2020 5709 Δ(ἶμιεξηιεξξιε

448 5707 736 5782 Ale_.'tandr.
755 5702 818 5782 ’ζει
856 5702 1122 5782 Ργοιτερῐ.
1146 5727 1161 5762 ;
1187 5707 1367 5782 δίαγοι
1395 5705 1450 5756 δὲ
1483 5705 1603 5782 ἤδη,
1633 5702 1884 5782 ᾁσεϐείας
1909 5703 2014 5782 τῆς

452 5775 599 5841 σφῶν
652 5779 826 5830 αὐτῶν
879 5774 1141 5844 ὑπηρέται
1194 5779 1454 5846 δαίμονας
1494 5774 1772 5848 αὐχοῦσιν,
1809 5774 2021 5840 οἰκέτας

2122 4543 2167 4595 δ’
2198 4543 2260 4595 οὐ
2309 4541 2470 4596 καλὸν
2515 4538 2604 4614 ἦν,
2655 4541 2763 4595 οὐδ’
2813 4541 3054 4610 ὠφελοῦν
3095 4539 3155 4593 τὸ
3200 4539 3594 4610 πραττόμενον,
3641 4539 3742 4591 διὸ

2127 4637 2260 4708 μηδὲ
2310 4637 2448 4690 κατὰ
2490 4634 2715 4706 γνώμην
2765 4635 2946 4697 αὐτοῖς
2985 4633 3226 4702 γίνεσθαι
3259 4643 3308 4697 ο,
3356 4631 3448 4684 καὶ
3491 4630 3620 4694 πῶς
3661 4632 3743 4686 ἂν

2121 4727 2314 4798 ἀγαθοὶ
2345 4723 2473 4791 εἷεν,
2499 4727 2560 4780 τὸ
2594 4728 2667 4798 μὴ
2701 4726 2863 4780 καλὸν
2894 4726 3025 4798 μηδὲ
3059 4725 3331 4796 συμφέρον
3356 4723 3746 4794 πράττοντες;

2121 4821 2239 4884 πῶς
2277 4821 2335 4874 δὲ
2369 4821 2741 4892 θαυμάζεσθαι
2785 4820 2943 4885 ἄξιοι,
2980 4822 3073 4874 καὶ
3107 4819 3423 4892 θεραπείαις
3453 4818 3595 4871 θεῶν
3646 4840 3749 4876 τι·-

2126 4913 2358 4986 μᾶσθαι,
2424 4916 2472 4966 εἰ
2503 4913 2530 4953 ἀ
2565 4915 2657 4967 καὶ
2704 4916 2815 4977 τοῖς
2871 4913 3094 4984 τυχοῦσι
3147 4913 3306 4983 γόησι
3367 4911 3459 4964 τὸν
3508 4911 3748 4982 τρόπον

2127 5004 2556 5070 πανωλεστάτοις
2605 5004 3124 5076 καταδουλούμενοι,
3179 5004 3273 5057 καὶ
3323 5003 3386 5055 τὸ
3437 5003 3511 5072 μὴ
3547 5003 3748 5059 καλὸν

2126 5097 2259 5169 μηδὲ
2292 5099 2566 5169 συμφέρον
2597 5097 2750 5168 παρὰ
2778 5096 3001 5168 γνώμην
3034 5095 3291 5167 πράττειν
3329 5093 3750 5165 ἀναγκαζόμε-

2121 5203 2222 5251 νοι,
2261 5187 2514 5258 ὰγόμενοί
2544 5203 2603 5239 τε
2646 5187 2739 5239 καὶ
2787 5185 3194 5256 καθελκόμενοι,
3228 5185 3288 5237 οὑ
3322 5179 3392 5236 δι’
3421 5182 3653 5254 ἀποχὴν
3717 5197 3748 5225 ο

2125 5282 2475 5355 σωφροσύνης
2513 5282 2836 5356 ἀνθρώπων,
2883 5282 3002 5335 οὐδὲ
3043 5281 3244 5352 ἀρετῆς
3282 5279 3460 5350 χάριν,
3496 5277 3532 5349 ἦ
3563 5293 3750 5345 τινος

2131 5490 2154 5516 ε
2199 5479 2280 5531 In.
2317 5480 2604 5551 ἀποδοχήν.

2131 5635 2326 5711 αὐτους
2349 5636 2567 5711 Διξαυτοῖς
2583 5636 3064 5711 καταγράψαντες,
3097 5633 3234 5711 τοὺςΔ
3249 5640 3758 5711 κατηναγκασμῴ

2127 5724 2245 5768 νους
2274 5705 2489 5769 δούλους
2514 5710 2630 5769 ταῖς
2667 5704 2943 5770 ἐπαοιδαῖς
2971 5704 3346 5768 πεποινκότες.
3378 5704 3384 5706 ⁷
3629 5704 3645 5711 ⁷
3741 5705 3748 5712 ’
