  <div class='ocr_page' id='page_1' title='image "/cluster/home/n/w/nwhite01/storage/ocr_20150623/21/nnc1.0046978437/208.png"; bbox 0 0 3880 6218; ppageno 0'>
   <div class='ocr_carea' id='block_1_1' title="bbox 214 303 1746 369">
    <p class='ocr_par' dir='ltr' id='par_1_1' title="bbox 214 304 1719 363">
     <span class='ocr_line' id='line_1_1' title="bbox 214 304 1719 363; baseline -0.001 -2"><span class='ocrx_word' id='word_1_1' title='bbox 214 308 317 363; x_wconf 67' lang='lat' dir='ltr'><strong>Ml</strong></span> <span class='ocrx_word' id='word_1_2' title='bbox 1396 304 1719 360; x_wconf 67' lang='lat' dir='ltr'><strong>PREPAR.</strong></span> 
     </span>
    </p>
   </div>
   <div class='ocr_carea' id='block_1_2' title="bbox 1960 303 3492 369">
    <p class='ocr_par' dir='ltr' id='par_1_2' title="bbox 1960 304 3492 369">
     <span class='ocr_line' id='line_1_2' title="bbox 1960 304 3492 369; baseline 0.005 -8"><span class='ocrx_word' id='word_1_3' title='bbox 1960 304 2014 361; x_wconf 68' lang='grc' dir='ltr'><strong>[ἰ.</strong></span> <span class='ocrx_word' id='word_1_4' title='bbox 2056 305 2183 359; x_wconf 77' lang='lat' dir='ltr'><strong>LIB.</strong></span> <span class='ocrx_word' id='word_1_5' title='bbox 2218 306 2283 362; x_wconf 75' lang='grc' dir='ltr'>γ.</span> <span class='ocrx_word' id='word_1_6' title='bbox 3002 342 3005 345; x_wconf 58' lang='grc' dir='ltr'>η</span> <span class='ocrx_word' id='word_1_7' title='bbox 3384 311 3492 369; x_wconf 68' lang='grc' dir='ltr'>διε</span> 
     </span>
    </p>
   </div>
   <div class='ocr_carea' id='block_1_3' title="bbox 223 423 1755 503">
    <p class='ocr_par' dir='ltr' id='par_1_3' title="bbox 223 423 1755 499">
     <span class='ocr_line' id='line_1_3' title="bbox 223 423 1755 499; baseline -0.002 -21"><span class='ocrx_word' id='word_1_8' title='bbox 223 423 423 496; x_wconf 76' lang='grc' dir='ltr'>μέρους</span> <span class='ocrx_word' id='word_1_9' title='bbox 448 424 786 495; x_wconf 77' lang='grc' dir='ltr'><strong>φιλοσοφίας,</strong></span> <span class='ocrx_word' id='word_1_10' title='bbox 812 424 1055 496; x_wconf 82' lang='grc' dir='ltr'>μεθόδοις</span> <span class='ocrx_word' id='word_1_11' title='bbox 1072 424 1132 480; x_wconf 78' lang='grc' dir='ltr'>δὲ</span> <span class='ocrx_word' id='word_1_12' title='bbox 1153 427 1365 499; x_wconf 82' lang='grc' dir='ltr'><strong>γοήτων</strong></span> <span class='ocrx_word' id='word_1_13' title='bbox 1391 426 1596 496; x_wconf 82' lang='grc' dir='ltr'>ἀπειρη</span> <span class='ocrx_word' id='word_1_14' title='bbox 1605 423 1755 495; x_wconf 79' lang='grc' dir='ltr'>μέναι</span> 
     </span>
    </p>
   </div>
   <div class='ocr_carea' id='block_1_4' title="bbox 1960 423 3492 503">
    <p class='ocr_par' dir='ltr' id='par_1_4' title="bbox 1964 424 3492 503">
     <span class='ocr_line' id='line_1_4' title="bbox 1964 424 3492 503; baseline 0.007 -25"><span class='ocrx_word' id='word_1_15' title='bbox 1964 424 2055 479; x_wconf 92' lang='lat' dir='ltr'><strong>Iud</strong></span> <span class='ocrx_word' id='word_1_16' title='bbox 2093 425 2239 481; x_wconf 90' lang='lat' dir='ltr'><strong>ultro</strong></span> <span class='ocrx_word' id='word_1_17' title='bbox 2281 428 2591 498; x_wconf 74' lang='lat' dir='ltr'><strong>complecti,</strong></span> <span class='ocrx_word' id='word_1_18' title='bbox 2639 429 3029 501; x_wconf 79' lang='lat' dir='ltr'><strong>beneficiisque</strong></span> <span class='ocrx_word' id='word_1_19' title='bbox 3076 432 3195 487; x_wconf 85' lang='lat' dir='ltr'><strong>suis</strong></span> <span class='ocrx_word' id='word_1_20' title='bbox 3244 430 3492 503; x_wconf 72' lang='lat' dir='ltr'><strong>indigen—</strong></span> 
     </span>
    </p>
   </div>
   <div class='ocr_carea' id='block_1_5' title="bbox 215 511 1747 592">
    <p class='ocr_par' dir='ltr' id='par_1_5' title="bbox 215 511 1747 587">
     <span class='ocr_line' id='line_1_5' title="bbox 215 511 1747 587; baseline -0.003 -18"><span class='ocrx_word' id='word_1_21' title='bbox 215 514 284 579; x_wconf 74' lang='grc' dir='ltr'>ἃς</span> <span class='ocrx_word' id='word_1_22' title='bbox 311 517 341 568; x_wconf 80' lang='grc' dir='ltr'>ὁ</span> <span class='ocrx_word' id='word_1_23' title='bbox 367 516 533 579; x_wconf 79' lang='grc' dir='ltr'>αὐτὸς</span> <span class='ocrx_word' id='word_1_24' title='bbox 573 511 731 579; x_wconf 79' lang='grc' dir='ltr'>αὖθις</span> <span class='ocrx_word' id='word_1_25' title='bbox 775 516 1128 587; x_wconf 83' lang='grc' dir='ltr'>συγγραφεὺς</span> <span class='ocrx_word' id='word_1_26' title='bbox 1162 516 1222 568; x_wconf 83' lang='grc' dir='ltr'>ἐν</span> <span class='ocrx_word' id='word_1_27' title='bbox 1250 516 1320 586; x_wconf 75' lang='grc' dir='ltr'>τῇ</span> <span class='ocrx_word' id='word_1_28' title='bbox 1354 514 1492 586; x_wconf 79' lang='grc' dir='ltr'>πρὸς</span> <span class='ocrx_word' id='word_1_29' title='bbox 1538 512 1633 566; x_wconf 70' lang='grc' dir='ltr'>τὸν</span> <span class='ocrx_word' id='word_1_30' title='bbox 1665 513 1747 585; x_wconf 82' lang='grc' dir='ltr'><strong>εῑρ</strong></span> 
     </span>
    </p>
   </div>
   <div class='ocr_carea' id='block_1_6' title="bbox 1962 511 3494 592">
    <p class='ocr_par' dir='ltr' id='par_1_6' title="bbox 1968 522 3494 592">
     <span class='ocr_line' id='line_1_6' title="bbox 1968 522 3494 592; baseline 0.005 -25"><span class='ocrx_word' id='word_1_31' title='bbox 1968 530 2056 569; x_wconf 90' lang='lat' dir='ltr'><strong>um</strong></span> <span class='ocrx_word' id='word_1_32' title='bbox 2107 530 2373 587; x_wconf 88' lang='lat' dir='ltr'><strong>occupare</strong></span> <span class='ocrx_word' id='word_1_33' title='bbox 2417 526 2583 586; x_wconf 89' lang='lat' dir='ltr'><strong>vota,</strong></span> <span class='ocrx_word' id='word_1_34' title='bbox 2646 534 2753 575; x_wconf 92' lang='lat' dir='ltr'><strong>non</strong></span> <span class='ocrx_word' id='word_1_35' title='bbox 2805 535 2935 576; x_wconf 90' lang='lat' dir='ltr'><strong>vero</strong></span> <span class='ocrx_word' id='word_1_36' title='bbox 2984 522 3116 577; x_wconf 88' lang='lat' dir='ltr'><strong>dum</strong></span> <span class='ocrx_word' id='word_1_37' title='bbox 3166 529 3494 592; x_wconf 75' lang='lat' dir='ltr'><strong>cogerentur</strong></span> 
     </span>
    </p>
   </div>
   <div class='ocr_carea' id='block_1_7' title="bbox 222 605 1754 679">
    <p class='ocr_par' dir='ltr' id='par_1_7' title="bbox 222 605 1754 679">
     <span class='ocr_line' id='line_1_7' title="bbox 222 605 1754 679; baseline -0.001 -20"><span class='ocrx_word' id='word_1_38' title='bbox 222 605 382 676; x_wconf 70' lang='grc' dir='ltr'>μένοι</span> <span class='ocrx_word' id='word_1_39' title='bbox 411 607 709 675; x_wconf 69' lang='grc' dir='ltr'>Αίγύπτιον</span> <span class='ocrx_word' id='word_1_40' title='bbox 739 607 1024 678; x_wconf 80' lang='grc' dir='ltr'>ἐπιστολῇ,</span> <span class='ocrx_word' id='word_1_41' title='bbox 1069 608 1146 671; x_wconf 85' lang='grc' dir='ltr'><strong>ὡς</strong></span> <span class='ocrx_word' id='word_1_42' title='bbox 1195 607 1263 661; x_wconf 83' lang='grc' dir='ltr'>ἂν</span> <span class='ocrx_word' id='word_1_43' title='bbox 1311 608 1565 679; x_wconf 79' lang='grc' dir='ltr'>προφήτῃ</span> <span class='ocrx_word' id='word_1_44' title='bbox 1608 605 1754 677; x_wconf 69' lang='grc' dir='ltr'>τάληι</span> 
     </span>
    </p>
   </div>
   <div class='ocr_carea' id='block_1_8' title="bbox 1961 605 3493 679">
    <p class='ocr_par' dir='ltr' id='par_1_8' title="bbox 1961 608 3493 678">
     <span class='ocr_line' id='line_1_8' title="bbox 1961 608 3493 678; baseline 0.004 -18"><span class='ocrx_word' id='word_1_45' title='bbox 1961 614 2239 676; x_wconf 72' lang='lat' dir='ltr'><strong>xspectare</strong></span> <span class='ocrx_word' id='word_1_46' title='bbox 2267 616 2561 678; x_wconf 80' lang='lat' dir='ltr'><strong>oporteret.</strong></span> <span class='ocrx_word' id='word_1_47' title='bbox 2594 608 2690 665; x_wconf 90' lang='lat' dir='ltr'><strong>Sin</strong></span> <span class='ocrx_word' id='word_1_48' title='bbox 2726 619 2912 667; x_wconf 89' lang='lat' dir='ltr'><strong>autem</strong></span> <span class='ocrx_word' id='word_1_49' title='bbox 2948 611 3086 668; x_wconf 86' lang='lat' dir='ltr'><strong>nihil</strong></span> <span class='ocrx_word' id='word_1_50' title='bbox 3110 611 3336 667; x_wconf 86' lang='lat' dir='ltr'><strong>omnino</strong></span> <span class='ocrx_word' id='word_1_51' title='bbox 3360 610 3493 666; x_wconf 90' lang='lat' dir='ltr'><strong>boni</strong></span> 
     </span>
    </p>
   </div>
   <div class='ocr_carea' id='block_1_9' title="bbox 216 696 1748 776">
    <p class='ocr_par' dir='ltr' id='par_1_9' title="bbox 216 696 1748 771">
     <span class='ocr_line' id='line_1_9' title="bbox 216 696 1748 771; baseline -0.003 -18"><span class='ocrx_word' id='word_1_52' title='bbox 216 697 317 753; x_wconf 74' lang='grc' dir='ltr'><strong>καὶ</strong></span> <span class='ocrx_word' id='word_1_53' title='bbox 363 699 652 770; x_wconf 71' lang='grc' dir='ltr'>ἀπόρρητα</span> <span class='ocrx_word' id='word_1_54' title='bbox 703 699 1047 771; x_wconf 84' lang='grc' dir='ltr'>κινούμενος,</span> <span class='ocrx_word' id='word_1_55' title='bbox 1099 698 1370 754; x_wconf 82' lang='grc' dir='ltr'>τέθειται·</span> <span class='ocrx_word' id='word_1_56' title='bbox 1425 700 1552 762; x_wconf 86' lang='grc' dir='ltr'>τοὺς</span> <span class='ocrx_word' id='word_1_57' title='bbox 1602 696 1748 766; x_wconf 80' lang='grc' dir='ltr'>λόγοι</span> 
     </span>
    </p>
   </div>
   <div class='ocr_carea' id='block_1_10' title="bbox 1961 696 3493 776">
    <p class='ocr_par' dir='ltr' id='par_1_10' title="bbox 1961 699 3493 776">
     <span class='ocr_line' id='line_1_10' title="bbox 1961 699 3493 776; baseline 0.003 -23"><span class='ocrx_word' id='word_1_58' title='bbox 1961 707 2019 753; x_wconf 83' lang='grc' dir='ltr'>ιιι</span> <span class='ocrx_word' id='word_1_59' title='bbox 2046 699 2200 756; x_wconf 91' lang='lat' dir='ltr'><strong>utilis</strong></span> <span class='ocrx_word' id='word_1_60' title='bbox 2230 707 2407 756; x_wconf 85' lang='lat' dir='ltr'><strong>totum</strong></span> <span class='ocrx_word' id='word_1_61' title='bbox 2447 701 2592 758; x_wconf 91' lang='lat' dir='ltr'><strong>istuc</strong></span> <span class='ocrx_word' id='word_1_62' title='bbox 2618 703 2803 770; x_wconf 86' lang='lat' dir='ltr'><strong>habet,</strong></span> <span class='ocrx_word' id='word_1_63' title='bbox 2834 719 3011 776; x_wconf 85' lang='lat' dir='ltr'><strong>eoque</strong></span> <span class='ocrx_word' id='word_1_64' title='bbox 3040 714 3237 775; x_wconf 76' lang='lat' dir='ltr'><strong>praeter</strong></span> <span class='ocrx_word' id='word_1_65' title='bbox 3271 704 3493 759; x_wconf 89' lang='lat' dir='ltr'><strong>illorum</strong></span> 
     </span>
    </p>
   </div>
   <div class='ocr_carea' id='block_1_11' title="bbox 218 786 1750 865">
    <p class='ocr_par' dir='ltr' id='par_1_11' title="bbox 218 788 1750 862">
     <span class='ocr_line' id='line_1_11' title="bbox 218 788 1750 862; baseline -0.001 -19"><span class='ocrx_word' id='word_1_66' title='bbox 218 788 343 843; x_wconf 78' lang='grc' dir='ltr'>καθ’</span> <span class='ocrx_word' id='word_1_67' title='bbox 374 788 472 853; x_wconf 73' lang='grc' dir='ltr'><strong>οὓς</strong></span> <span class='ocrx_word' id='word_1_68' title='bbox 514 790 691 846; x_wconf 79' lang='grc' dir='ltr'>ταῦτα</span> <span class='ocrx_word' id='word_1_69' title='bbox 734 791 1097 855; x_wconf 82' lang='grc' dir='ltr'><strong>συντελοῦσιν,</strong></span> <span class='ocrx_word' id='word_1_70' title='bbox 1129 789 1224 854; x_wconf 85' lang='grc' dir='ltr'><strong>οὒς</strong></span> <span class='ocrx_word' id='word_1_71' title='bbox 1256 788 1404 856; x_wconf 77' lang='grc' dir='ltr'>ἄξιον</span> <span class='ocrx_word' id='word_1_72' title='bbox 1432 802 1459 831; x_wconf 74' lang='grc' dir='ltr'>ι</span> <span class='ocrx_word' id='word_1_73' title='bbox 1488 790 1618 862; x_wconf 84' lang='grc' dir='ltr'>παρ’</span> <span class='ocrx_word' id='word_1_74' title='bbox 1650 789 1750 842; x_wconf 81' lang='grc' dir='ltr'><strong>αὐτ</strong></span> 
     </span>
    </p>
   </div>
   <div class='ocr_carea' id='block_1_12' title="bbox 1963 786 3495 865">
    <p class='ocr_par' dir='ltr' id='par_1_12' title="bbox 1963 788 3495 865">
     <span class='ocr_line' id='line_1_12' title="bbox 1963 788 3495 865; baseline 0.001 -21"><span class='ocrx_word' id='word_1_75' title='bbox 1963 788 2257 845; x_wconf 88' lang='lat' dir='ltr'><strong>oluntatem</strong></span> <span class='ocrx_word' id='word_1_76' title='bbox 2280 804 2617 861; x_wconf 80' lang='lat' dir='ltr'><strong>sensumque</strong></span> <span class='ocrx_word' id='word_1_77' title='bbox 2637 792 2933 864; x_wconf 78' lang='lat' dir='ltr'><strong>contingit;</strong></span> <span class='ocrx_word' id='word_1_78' title='bbox 2956 794 3082 865; x_wconf 84' lang='lat' dir='ltr'><strong>quis</strong></span> <span class='ocrx_word' id='word_1_79' title='bbox 3106 794 3239 850; x_wconf 88' lang='lat' dir='ltr'><strong>deos</strong></span> <span class='ocrx_word' id='word_1_80' title='bbox 3260 792 3495 864; x_wconf 84' lang='lat' dir='ltr'><strong>appellet</strong></span> 
     </span>
    </p>
   </div>
   <div class='ocr_carea' id='block_1_13' title="bbox 218 877 1750 954">
    <p class='ocr_par' dir='ltr' id='par_1_13' title="bbox 218 877 1750 954">
     <span class='ocr_line' id='line_1_13' title="bbox 218 877 1750 954; baseline -0.001 -20"><span class='ocrx_word' id='word_1_81' title='bbox 218 880 553 954; x_wconf 81' lang='grc' dir='ltr'>διδαχθῆναι.</span> <span class='ocrx_word' id='word_1_82' title='bbox 600 882 937 938; x_wconf 84' lang='grc' dir='ltr'>Πυνθάνεται</span> <span class='ocrx_word' id='word_1_83' title='bbox 977 884 1109 953; x_wconf 82' lang='grc' dir='ltr'>γοῦν</span> <span class='ocrx_word' id='word_1_84' title='bbox 1153 877 1259 939; x_wconf 80' lang='grc' dir='ltr'><strong>ὧδέ</strong></span> <span class='ocrx_word' id='word_1_85' title='bbox 1293 900 1413 947; x_wconf 88' lang='grc' dir='ltr'><strong>πως</strong></span> <span class='ocrx_word' id='word_1_86' title='bbox 1457 879 1681 953; x_wconf 82' lang='grc' dir='ltr'>ἀπορῶν</span> <span class='ocrx_word' id='word_1_87' title='bbox 1723 896 1750 933; x_wconf 71' lang='lat' dir='ltr'><strong>at</strong></span> 
     </span>
    </p>
   </div>
   <div class='ocr_carea' id='block_1_14' title="bbox 1963 877 3495 954">
    <p class='ocr_par' dir='ltr' id='par_1_14' title="bbox 1963 879 3495 952">
     <span class='ocr_line' id='line_1_14' title="bbox 1963 879 3495 952; baseline 0.001 -18"><span class='ocrx_word' id='word_1_88' title='bbox 1963 894 2040 946; x_wconf 81' lang='lat' dir='ltr'><strong>os,</strong></span> <span class='ocrx_word' id='word_1_89' title='bbox 2063 879 2161 951; x_wconf 87' lang='lat' dir='ltr'><strong>qui</strong></span> <span class='ocrx_word' id='word_1_90' title='bbox 2192 882 2340 952; x_wconf 87' lang='lat' dir='ltr'><strong>quod</strong></span> <span class='ocrx_word' id='word_1_91' title='bbox 2370 897 2474 939; x_wconf 90' lang='lat' dir='ltr'><strong>nec</strong></span> <span class='ocrx_word' id='word_1_92' title='bbox 2502 883 2795 939; x_wconf 89' lang='lat' dir='ltr'><strong>honestum</strong></span> <span class='ocrx_word' id='word_1_93' title='bbox 2824 899 2928 941; x_wconf 90' lang='lat' dir='ltr'><strong>nec</strong></span> <span class='ocrx_word' id='word_1_94' title='bbox 2962 885 3096 941; x_wconf 87' lang='lat' dir='ltr'><strong>utile</strong></span> <span class='ocrx_word' id='word_1_95' title='bbox 3122 887 3197 942; x_wconf 86' lang='lat' dir='ltr'><strong>sit</strong></span> <span class='ocrx_word' id='word_1_96' title='bbox 3225 882 3495 941; x_wconf 76' lang='lat' dir='ltr'><strong>efﬁciant?</strong></span> 
     </span>
    </p>
   </div>
   <div class='ocr_carea' id='block_1_15' title="bbox 218 968 3497 1048">
    <p class='ocr_par' dir='ltr' id='par_1_15' title="bbox 218 968 3497 1048">
     <span class='ocr_line' id='line_1_15' title="bbox 218 968 3497 1048; baseline 0.002 -22"><span class='ocrx_word' id='word_1_97' title='bbox 218 968 416 1042; x_wconf 65' lang='grc' dir='ltr'>λέγων.</span> <span class='ocrx_word' id='word_1_98' title='bbox 552 990 561 1003; x_wconf 66' lang='grc' dir='ltr'><em>λ</em></span> <span class='ocrx_word' id='word_1_99' title='bbox 1924 980 2022 1027; x_wconf 90' lang='lat' dir='ltr'><strong>aut</strong></span> <span class='ocrx_word' id='word_1_100' title='bbox 2049 972 2176 1042; x_wconf 86' lang='lat' dir='ltr'><strong>quis</strong></span> <span class='ocrx_word' id='word_1_101' title='bbox 2206 974 2429 1030; x_wconf 88' lang='lat' dir='ltr'><strong>eosdem</strong></span> <span class='ocrx_word' id='word_1_102' title='bbox 2462 975 2600 1030; x_wconf 91' lang='lat' dir='ltr'><strong>tanti</strong></span> <span class='ocrx_word' id='word_1_103' title='bbox 2644 985 2816 1047; x_wconf 89' lang='lat' dir='ltr'><strong>putet,</strong></span> <span class='ocrx_word' id='word_1_104' title='bbox 2853 977 3151 1035; x_wconf 86' lang='lat' dir='ltr'><strong>deorumve</strong></span> <span class='ocrx_word' id='word_1_105' title='bbox 3191 979 3342 1035; x_wconf 88' lang='lat' dir='ltr'><strong>cultu</strong></span> <span class='ocrx_word' id='word_1_106' title='bbox 3373 990 3497 1048; x_wconf 91' lang='lat' dir='ltr'><strong>pro-</strong></span> 
     </span>
    </p>
   </div>
   <div class='ocr_carea' id='block_1_16' title="bbox 220 1062 3488 1142">
    <p class='ocr_par' dir='ltr' id='par_1_16' title="bbox 220 1062 3488 1142">
     <span class='ocr_line' id='line_1_16' title="bbox 220 1062 3488 1142; baseline 0.002 -24"><span class='ocrx_word' id='word_1_107' title='bbox 220 1066 554 1134; x_wconf 84' lang='lat' dir='ltr'><strong>sequendos,</strong></span> <span class='ocrx_word' id='word_1_108' title='bbox 596 1067 694 1139; x_wconf 90' lang='lat' dir='ltr'><strong>qui</strong></span> <span class='ocrx_word' id='word_1_109' title='bbox 737 1078 796 1124; x_wconf 89' lang='lat' dir='ltr'><strong>et</strong></span> <span class='ocrx_word' id='word_1_110' title='bbox 826 1067 1026 1123; x_wconf 81' lang='lat' dir='ltr'><strong>vilibus</strong></span> <span class='ocrx_word' id='word_1_111' title='bbox 1069 1075 1127 1122; x_wconf 92' lang='lat' dir='ltr'><strong>et</strong></span> <span class='ocrx_word' id='word_1_112' title='bbox 1180 1065 1643 1137; x_wconf 61' lang='lat' dir='ltr'><strong>proﬂigatissimus</strong></span> <span class='ocrx_word' id='word_1_113' title='bbox 1685 1062 1812 1119; x_wconf 67' lang='lat' dir='ltr'><strong>vita:</strong></span> <span class='ocrx_word' id='word_1_114' title='bbox 1849 1063 2114 1121; x_wconf 80' lang='lat' dir='ltr'><strong>maleficis</strong></span> <span class='ocrx_word' id='word_1_115' title='bbox 2144 1065 2396 1121; x_wconf 85' lang='lat' dir='ltr'><strong>servilem</strong></span> <span class='ocrx_word' id='word_1_116' title='bbox 2421 1067 2478 1121; x_wconf 91' lang='lat' dir='ltr'><strong>in</strong></span> <span class='ocrx_word' id='word_1_117' title='bbox 2505 1069 2732 1123; x_wconf 89' lang='lat' dir='ltr'><strong>modum</strong></span> <span class='ocrx_word' id='word_1_118' title='bbox 2782 1069 3026 1137; x_wconf 77' lang='lat' dir='ltr'><strong>obedire,</strong></span> <span class='ocrx_word' id='word_1_119' title='bbox 3063 1070 3322 1142; x_wconf 84' lang='lat' dir='ltr'><strong>quodque</strong></span> <span class='ocrx_word' id='word_1_120' title='bbox 3385 1082 3488 1125; x_wconf 87' lang='lat' dir='ltr'><strong>nec</strong></span> 
     </span>
    </p>
   </div>
   <div class='ocr_carea' id='block_1_17' title="bbox 221 1156 3488 1232">
    <p class='ocr_par' dir='ltr' id='par_1_17' title="bbox 221 1156 3488 1232">
     <span class='ocr_line' id='line_1_17' title="bbox 221 1156 3488 1232; baseline 0.001 -18"><span class='ocrx_word' id='word_1_121' title='bbox 221 1157 437 1226; x_wconf 83' lang='lat' dir='ltr'><strong>deceat,</strong></span> <span class='ocrx_word' id='word_1_122' title='bbox 485 1176 590 1217; x_wconf 83' lang='lat' dir='ltr'><strong>nec</strong></span> <span class='ocrx_word' id='word_1_123' title='bbox 618 1176 954 1232; x_wconf 88' lang='lat' dir='ltr'><strong>quemquam</strong></span> <span class='ocrx_word' id='word_1_124' title='bbox 978 1162 1134 1231; x_wconf 85' lang='lat' dir='ltr'><strong>juvet</strong></span> <span class='ocrx_word' id='word_1_125' title='bbox 1176 1167 1370 1215; x_wconf 89' lang='lat' dir='ltr'><strong>contra</strong></span> <span class='ocrx_word' id='word_1_126' title='bbox 1412 1165 1651 1213; x_wconf 80' lang='lat' dir='ltr'><strong>mentem</strong></span> <span class='ocrx_word' id='word_1_127' title='bbox 1702 1156 1806 1227; x_wconf 88' lang='lat' dir='ltr'><strong>ipsi</strong></span> <span class='ocrx_word' id='word_1_128' title='bbox 1844 1170 2004 1211; x_wconf 90' lang='lat' dir='ltr'><strong>suam</strong></span> <span class='ocrx_word' id='word_1_129' title='bbox 2068 1165 2327 1227; x_wconf 71' lang='lat' dir='ltr'><strong>praestare</strong></span> <span class='ocrx_word' id='word_1_130' title='bbox 2383 1168 2692 1230; x_wconf 73' lang='lat' dir='ltr'><strong>cogantur:</strong></span> <span class='ocrx_word' id='word_1_131' title='bbox 2718 1170 3023 1231; x_wconf 86' lang='lat' dir='ltr'><strong>postremo,</strong></span> <span class='ocrx_word' id='word_1_132' title='bbox 3052 1177 3162 1217; x_wconf 91' lang='lat' dir='ltr'><strong>non</strong></span> <span class='ocrx_word' id='word_1_133' title='bbox 3198 1164 3269 1218; x_wconf 89' lang='lat' dir='ltr'><strong>ob</strong></span> <span class='ocrx_word' id='word_1_134' title='bbox 3299 1162 3488 1217; x_wconf 87' lang='lat' dir='ltr'><strong>mode-</strong></span> 
     </span>
    </p>
   </div>
   <div class='ocr_carea' id='block_1_18' title="bbox 222 1249 3494 1328">
    <p class='ocr_par' dir='ltr' id='par_1_18' title="bbox 222 1249 3494 1328">
     <span class='ocr_line' id='line_1_18' title="bbox 222 1249 3494 1328; baseline 0.001 -21"><span class='ocrx_word' id='word_1_135' title='bbox 222 1253 387 1308; x_wconf 79' lang='lat' dir='ltr'><strong>stiam</strong></span> <span class='ocrx_word' id='word_1_136' title='bbox 439 1255 527 1311; x_wconf 86' lang='lat' dir='ltr'><strong>vel</strong></span> <span class='ocrx_word' id='word_1_137' title='bbox 588 1255 1006 1325; x_wconf 83' lang='lat' dir='ltr'><strong>temperantiam</strong></span> <span class='ocrx_word' id='word_1_138' title='bbox 1070 1254 1356 1309; x_wconf 86' lang='lat' dir='ltr'><strong>hominum</strong></span> <span class='ocrx_word' id='word_1_139' title='bbox 1409 1252 1652 1322; x_wconf 85' lang='lat' dir='ltr'><strong>aliquam</strong></span> <span class='ocrx_word' id='word_1_140' title='bbox 1678 1293 1694 1317; x_wconf 92' lang='lat'><strong>,</strong></span> <span class='ocrx_word' id='word_1_141' title='bbox 1737 1264 1846 1305; x_wconf 90' lang='lat' dir='ltr'><strong>non</strong></span> <span class='ocrx_word' id='word_1_142' title='bbox 1914 1249 2135 1307; x_wconf 87' lang='lat' dir='ltr'><strong>virtutis</strong></span> <span class='ocrx_word' id='word_1_143' title='bbox 2176 1261 2272 1308; x_wconf 91' lang='lat' dir='ltr'><strong>aut</strong></span> <span class='ocrx_word' id='word_1_144' title='bbox 2312 1252 2485 1323; x_wconf 87' lang='lat' dir='ltr'><strong>partis</strong></span> <span class='ocrx_word' id='word_1_145' title='bbox 2532 1253 2700 1310; x_wconf 90' lang='lat' dir='ltr'><strong>ullius</strong></span> <span class='ocrx_word' id='word_1_146' title='bbox 2743 1255 3102 1328; x_wconf 70' lang='lat' dir='ltr'><strong>philosOphiae</strong></span> <span class='ocrx_word' id='word_1_147' title='bbox 3152 1256 3350 1328; x_wconf 78' lang='lat' dir='ltr'><strong>gratia,</strong></span> <span class='ocrx_word' id='word_1_148' title='bbox 3398 1253 3494 1310; x_wconf 85' lang='lat' dir='ltr'><strong>sed</strong></span> 
     </span>
    </p>
   </div>
   <div class='ocr_carea' id='block_1_19' title="bbox 221 1345 3485 1422">
    <p class='ocr_par' dir='ltr' id='par_1_19' title="bbox 221 1345 3485 1422">
     <span class='ocr_line' id='line_1_19' title="bbox 221 1345 3485 1422; baseline -0 -18"><span class='ocrx_word' id='word_1_149' title='bbox 221 1348 467 1407; x_wconf 79' lang='lat' dir='ltr'><strong>infandis</strong></span> <span class='ocrx_word' id='word_1_150' title='bbox 490 1351 952 1422; x_wconf 61' lang='lat' dir='ltr'><strong>praestigiatorum</strong></span> <span class='ocrx_word' id='word_1_151' title='bbox 983 1349 1193 1409; x_wconf 90' lang='lat' dir='ltr'><strong>artibus</strong></span> <span class='ocrx_word' id='word_1_152' title='bbox 1224 1356 1281 1405; x_wconf 90' lang='lat' dir='ltr'><strong>et</strong></span> <span class='ocrx_word' id='word_1_153' title='bbox 1320 1345 1592 1404; x_wconf 86' lang='lat' dir='ltr'><strong>machinis</strong></span> <span class='ocrx_word' id='word_1_154' title='bbox 1659 1345 2036 1401; x_wconf 80' lang='lat' dir='ltr'><strong>deducantur?</strong></span> <span class='ocrx_word' id='word_1_155' title='bbox 2066 1345 2241 1417; x_wconf 85' lang='lat' dir='ltr'><strong>Atque</strong></span> <span class='ocrx_word' id='word_1_156' title='bbox 2276 1347 2403 1404; x_wconf 86' lang='lat' dir='ltr'><strong>illas</strong></span> <span class='ocrx_word' id='word_1_157' title='bbox 2457 1349 2625 1406; x_wconf 90' lang='lat' dir='ltr'><strong>etiam</strong></span> <span class='ocrx_word' id='word_1_158' title='bbox 2662 1349 3030 1421; x_wconf 81' lang='lat' dir='ltr'><strong>Porphyrius,</strong></span> <span class='ocrx_word' id='word_1_159' title='bbox 3106 1351 3161 1405; x_wconf 89' lang='lat' dir='ltr'><strong>in</strong></span> <span class='ocrx_word' id='word_1_160' title='bbox 3189 1365 3253 1406; x_wconf 88' lang='lat' dir='ltr'><strong>ea</strong></span> <span class='ocrx_word' id='word_1_161' title='bbox 3313 1364 3485 1419; x_wconf 89' lang='lat' dir='ltr'><strong>quam</strong></span> 
     </span>
    </p>
   </div>
   <div class='ocr_carea' id='block_1_20' title="bbox 222 1439 3493 1516">
    <p class='ocr_par' dir='ltr' id='par_1_20' title="bbox 222 1439 3493 1516">
     <span class='ocr_line' id='line_1_20' title="bbox 222 1439 3493 1516; baseline 0 -17"><span class='ocrx_word' id='word_1_162' title='bbox 222 1443 295 1499; x_wconf 88' lang='lat' dir='ltr'><strong>ad</strong></span> <span class='ocrx_word' id='word_1_163' title='bbox 315 1443 603 1514; x_wconf 84' lang='lat' dir='ltr'><strong>laudatum</strong></span> <span class='ocrx_word' id='word_1_164' title='bbox 632 1442 956 1516; x_wconf 67' lang='lat' dir='ltr'><strong>Egyptium</strong></span> <span class='ocrx_word' id='word_1_165' title='bbox 994 1442 1209 1510; x_wconf 85' lang='lat' dir='ltr'><strong>scribit,</strong></span> <span class='ocrx_word' id='word_1_166' title='bbox 1253 1440 1511 1510; x_wconf 75' lang='lat' dir='ltr'><strong>epistola,</strong></span> <span class='ocrx_word' id='word_1_167' title='bbox 1547 1453 1708 1495; x_wconf 88' lang='lat' dir='ltr'><strong>veras</strong></span> <span class='ocrx_word' id='word_1_168' title='bbox 1769 1439 1983 1495; x_wconf 87' lang='lat' dir='ltr'><strong>scilicet</strong></span> <span class='ocrx_word' id='word_1_169' title='bbox 2023 1446 2191 1509; x_wconf 91' lang='lat' dir='ltr'><strong>atque</strong></span> <span class='ocrx_word' id='word_1_170' title='bbox 2241 1455 2476 1503; x_wconf 81' lang='lat' dir='ltr'><strong>arcanas</strong></span> <span class='ocrx_word' id='word_1_171' title='bbox 2540 1443 2686 1513; x_wconf 89' lang='lat' dir='ltr'><strong>apud</strong></span> <span class='ocrx_word' id='word_1_172' title='bbox 2748 1451 2927 1498; x_wconf 86' lang='lat' dir='ltr'><strong>vatem</strong></span> <span class='ocrx_word' id='word_1_173' title='bbox 2973 1457 3199 1498; x_wconf 87' lang='lat' dir='ltr'><strong>movens</strong></span> <span class='ocrx_word' id='word_1_174' title='bbox 3228 1442 3493 1512; x_wconf 54' lang='lat' dir='ltr'><strong>quastio-</strong></span> 
     </span>
    </p>
   </div>
   <div class='ocr_carea' id='block_1_21' title="bbox 220 1531 3496 1610">
    <p class='ocr_par' dir='ltr' id='par_1_21' title="bbox 220 1531 3496 1610">
     <span class='ocr_line' id='line_1_21' title="bbox 220 1531 3496 1610; baseline 0.001 -17"><span class='ocrx_word' id='word_1_175' title='bbox 220 1553 343 1602; x_wconf 86' lang='lat' dir='ltr'><strong>nes,</strong></span> <span class='ocrx_word' id='word_1_176' title='bbox 408 1536 717 1607; x_wconf 89' lang='lat' dir='ltr'><strong>proposuit,</strong></span> <span class='ocrx_word' id='word_1_177' title='bbox 754 1535 1032 1591; x_wconf 82' lang='lat' dir='ltr'><strong>hominem</strong></span> <span class='ocrx_word' id='word_1_178' title='bbox 1080 1533 1411 1597; x_wconf 83' lang='lat' dir='ltr'><strong>obtestatus,</strong></span> <span class='ocrx_word' id='word_1_179' title='bbox 1482 1532 1568 1587; x_wconf 89' lang='lat' dir='ltr'><strong>uti</strong></span> <span class='ocrx_word' id='word_1_180' title='bbox 1622 1546 1766 1598; x_wconf 86' lang='lat' dir='ltr'><strong>sese,</strong></span> <span class='ocrx_word' id='word_1_181' title='bbox 1828 1531 2031 1602; x_wconf 90' lang='lat' dir='ltr'><strong>quibus</strong></span> <span class='ocrx_word' id='word_1_182' title='bbox 2074 1533 2179 1592; x_wconf 82' lang='lat' dir='ltr'><strong>ista</strong></span> <span class='ocrx_word' id='word_1_183' title='bbox 2219 1535 2524 1605; x_wconf 79' lang='lat' dir='ltr'><strong>perﬁciant,</strong></span> <span class='ocrx_word' id='word_1_184' title='bbox 2569 1537 2815 1593; x_wconf 87' lang='lat' dir='ltr'><strong>rationes</strong></span> <span class='ocrx_word' id='word_1_185' title='bbox 2863 1537 3075 1597; x_wconf 85' lang='lat' dir='ltr'><strong>doceat.</strong></span> <span class='ocrx_word' id='word_1_186' title='bbox 3125 1536 3281 1603; x_wconf 66' lang='lat' dir='ltr'><strong>illum</strong></span> <span class='ocrx_word' id='word_1_187' title='bbox 3330 1538 3496 1610; x_wconf 76' lang='lat' dir='ltr'><strong>igitur</strong></span> 
     </span>
    </p>
   </div>
   <div class='ocr_carea' id='block_1_22' title="bbox 220 1626 1804 1700">
    <p class='ocr_par' dir='ltr' id='par_1_22' title="bbox 220 1626 1804 1700">
     <span class='ocr_line' id='line_1_22' title="bbox 220 1626 1804 1700; baseline -0.004 -13"><span class='ocrx_word' id='word_1_188' title='bbox 220 1633 373 1687; x_wconf 90' lang='lat' dir='ltr'><strong>hunc</strong></span> <span class='ocrx_word' id='word_1_189' title='bbox 410 1632 467 1685; x_wconf 90' lang='lat' dir='ltr'><strong>in</strong></span> <span class='ocrx_word' id='word_1_190' title='bbox 498 1632 724 1687; x_wconf 90' lang='lat' dir='ltr'><strong>modum</strong></span> <span class='ocrx_word' id='word_1_191' title='bbox 755 1644 958 1700; x_wconf 73' lang='lat' dir='ltr'><strong>anceps</strong></span> <span class='ocrx_word' id='word_1_192' title='bbox 991 1629 1276 1700; x_wconf 89' lang='lat' dir='ltr'><strong>animique</strong></span> <span class='ocrx_word' id='word_1_193' title='bbox 1302 1626 1506 1685; x_wconf 89' lang='lat' dir='ltr'><strong>dubius</strong></span> <span class='ocrx_word' id='word_1_194' title='bbox 1540 1627 1804 1683; x_wconf 88' lang='lat' dir='ltr'><strong>consulit.</strong></span> 
     </span>
    </p>
   </div>
   <div class='ocr_carea' id='block_1_23' title="bbox 790 1718 2322 1781">
    <p class='ocr_par' dir='ltr' id='par_1_23' title="bbox 790 1724 1279 1781">
     <span class='ocr_line' id='line_1_23' title="bbox 790 1724 1279 1781; baseline -0.002 -3"><span class='ocrx_word' id='word_1_195' title='bbox 790 1724 1186 1781; x_wconf 74' lang='grc' dir='ltr'><strong>ΚΕΦΔΛΑΙΟΝ</strong></span> <span class='ocrx_word' id='word_1_196' title='bbox 1223 1726 1279 1778; x_wconf 80' lang='lat'><strong>1&#39;.</strong></span> 
     </span>
    </p>
   </div>
   <div class='ocr_carea' id='block_1_24' title="bbox 1340 1718 2872 1781">
    <p class='ocr_par' dir='ltr' id='par_1_24' title="bbox 2528 1718 2872 1777">
     <span class='ocr_line' id='line_1_24' title="bbox 2528 1718 2872 1777; baseline 0.003 -1"><span class='ocrx_word' id='word_1_197' title='bbox 2528 1718 2762 1777; x_wconf 82' lang='lat' dir='ltr'><strong>CAPUT</strong></span> <span class='ocrx_word' id='word_1_198' title='bbox 2805 1720 2872 1777; x_wconf 88' lang='lat' dir='ltr'><strong>X.</strong></span> 
     </span>
    </p>
   </div>
   <div class='ocr_carea' id='block_1_25' title="bbox 225 1800 1757 1919">
    <p class='ocr_par' dir='ltr' id='par_1_25' title="bbox 225 1836 1756 1919">
     <span class='ocr_line' id='line_1_25' title="bbox 225 1836 1756 1919; baseline -0.001 -26"><span class='ocrx_word' id='word_1_199' title='bbox 225 1837 500 1905; x_wconf 71' lang='lat' dir='ltr'><strong>&#39;Ozoiatc</strong></span> <span class='ocrx_word' id='word_1_200' title='bbox 534 1836 813 1919; x_wconf 68' lang='grc' dir='ltr'>μεθόδοις</span> <span class='ocrx_word' id='word_1_201' title='bbox 844 1840 898 1893; x_wconf 78' lang='grc' dir='ltr'>οι</span> <span class='ocrx_word' id='word_1_202' title='bbox 942 1837 1261 1919; x_wconf 65' lang='grc' dir='ltr'>βαυμᾴσιοι</span> <span class='ocrx_word' id='word_1_203' title='bbox 1289 1837 1488 1893; x_wconf 71' lang='grc' dir='ltr'>αὐτῶν</span> <span class='ocrx_word' id='word_1_204' title='bbox 1529 1837 1650 1892; x_wconf 75' lang='grc' dir='ltr'>θεοὶ</span> <span class='ocrx_word' id='word_1_205' title='bbox 1688 1853 1756 1891; x_wconf 86' lang='grc' dir='ltr'><strong>το</strong></span> 
     </span>
    </p>
   </div>
   <div class='ocr_carea' id='block_1_26' title="bbox 1961 1800 3493 1919">
    <p class='ocr_par' dir='ltr' id='par_1_26' title="bbox 1961 1836 3493 1919">
     <span class='ocr_line' id='line_1_26' title="bbox 1961 1836 3493 1919; baseline 0.003 -28"><span class='ocrx_word' id='word_1_206' title='bbox 1961 1837 2127 1900; x_wconf 64' lang='lat' dir='ltr'><strong>litibus</strong></span> <span class='ocrx_word' id='word_1_207' title='bbox 2197 1836 2405 1892; x_wconf 86' lang='lat' dir='ltr'><strong>artibus</strong></span> <span class='ocrx_word' id='word_1_208' title='bbox 2466 1853 2948 1919; x_wconf 57' lang='lat' dir='ltr'><strong>egregiamumnm</strong></span> <span class='ocrx_word' id='word_1_209' title='bbox 3018 1838 3493 1909; x_wconf 65' lang='lat' dir='ltr'><strong>prwstigiatoribus</strong></span> 
     </span>
    </p>
   </div>
   <div class='ocr_carea' id='block_1_27' title="bbox 686 1892 2218 1979">
    <p class='ocr_par' dir='ltr' id='par_1_27' title="bbox 686 1892 1964 1979">
     <span class='ocr_line' id='line_1_27' title="bbox 686 1892 1964 1979; baseline 0 -18"><span class='ocrx_word' id='word_1_210' title='bbox 686 1892 906 1979; x_wconf 69' lang='grc' dir='ltr'>γότίσιν</span> <span class='ocrx_word' id='word_1_211' title='bbox 933 1892 1387 1971; x_wconf 55' lang='grc' dir='ltr'>ὑποτάττονται.</span> <span class='ocrx_word' id='word_1_212' title='bbox 1414 1892 1419 1893; x_wconf 18' lang='grc' dir='ltr'><strong>ί</strong></span> <span class='ocrx_word' id='word_1_213' title='bbox 1787 1892 1805 1904; x_wconf 73' lang='grc'><em>”</em></span> <span class='ocrx_word' id='word_1_214' title='bbox 1926 1892 1964 1903; x_wconf 66' lang='grc'>”</span> 
     </span>
    </p>
   </div>
   <div class='ocr_carea' id='block_1_28' title="bbox 1361 1892 2893 1979">
    <p class='ocr_par' dir='ltr' id='par_1_28' title="bbox 1361 1892 2893 1976">
     <span class='ocr_line' id='line_1_28' title="bbox 1361 1892 2893 1976; baseline 0.003 -17"><span class='ocrx_word' id='word_1_215' title='bbox 1361 1926 1387 1960; x_wconf 72' lang='grc' dir='ltr'><strong>ι.</strong></span> <span class='ocrx_word' id='word_1_216' title='bbox 1414 1892 1419 1893; x_wconf 18' lang='grc' dir='ltr'><strong>ί</strong></span> <span class='ocrx_word' id='word_1_217' title='bbox 1787 1892 1805 1904; x_wconf 76' lang='grc'><em>”</em></span> <span class='ocrx_word' id='word_1_218' title='bbox 1926 1892 1964 1903; x_wconf 66' lang='grc'>”</span> <span class='ocrx_word' id='word_1_219' title='bbox 2495 1892 2893 1976; x_wconf 56' lang='grc' dir='ltr'><strong>ἐπῧάἱεὶαιᾱιιτ.</strong></span> 
     </span>
    </p>
   </div>
   <div class='ocr_carea' id='block_1_29' title="bbox 298 2018 1830 2094">
    <p class='ocr_par' dir='ltr' id='par_1_29' title="bbox 298 2018 1814 2094">
     <span class='ocr_line' id='line_1_29' title="bbox 298 2018 1814 2094; baseline -0.001 -22"><span class='ocrx_word' id='word_1_220' title='bbox 298 2039 319 2072; x_wconf 75' lang='grc' dir='ltr'>ι</span> <span class='ocrx_word' id='word_1_221' title='bbox 361 2019 513 2091; x_wconf 73' lang='grc' dir='ltr'>Πᾲνυ</span> <span class='ocrx_word' id='word_1_222' title='bbox 554 2018 612 2077; x_wconf 80' lang='grc' dir='ltr'>δέ</span> <span class='ocrx_word' id='word_1_223' title='bbox 661 2036 730 2091; x_wconf 83' lang='grc' dir='ltr'>με</span> <span class='ocrx_word' id='word_1_224' title='bbox 777 2018 1018 2094; x_wconf 83' lang='grc' dir='ltr'>θράττει,</span> <span class='ocrx_word' id='word_1_225' title='bbox 1067 2020 1213 2084; x_wconf 86' lang='grc' dir='ltr'>πῶς,</span> <span class='ocrx_word' id='word_1_226' title='bbox 1265 2020 1343 2083; x_wconf 85' lang='grc' dir='ltr'>ὡς</span> <span class='ocrx_word' id='word_1_227' title='bbox 1387 2020 1668 2091; x_wconf 75' lang='grc' dir='ltr'>κρείττους</span> <span class='ocrx_word' id='word_1_228' title='bbox 1706 2035 1814 2071; x_wconf 87' lang='grc' dir='ltr'><strong>πα-</strong></span> 
     </span>
    </p>
   </div>
   <div class='ocr_carea' id='block_1_30' title="bbox 1959 2018 3491 2094">
    <p class='ocr_par' dir='ltr' id='par_1_30' title="bbox 1995 2019 3491 2094">
     <span class='ocr_line' id='line_1_30' title="bbox 1995 2019 3491 2094; baseline 0.003 -20"><span class='ocrx_word' id='word_1_229' title='bbox 1995 2041 2015 2074; x_wconf 73' lang='grc' dir='ltr'>ι</span> <span class='ocrx_word' id='word_1_230' title='bbox 2043 2019 2127 2076; x_wconf 81' lang='lat' dir='ltr'><strong>Me</strong></span> <span class='ocrx_word' id='word_1_231' title='bbox 2159 2021 2378 2092; x_wconf 87' lang='lat' dir='ltr'><strong>quidem</strong></span> <span class='ocrx_word' id='word_1_232' title='bbox 2420 2032 2536 2084; x_wconf 84' lang='lat' dir='ltr'><strong>tum</strong></span> <span class='ocrx_word' id='word_1_233' title='bbox 2560 2021 2936 2087; x_wconf 88' lang='lat' dir='ltr'><strong>vehementer,</strong></span> <span class='ocrx_word' id='word_1_234' title='bbox 2968 2033 3167 2093; x_wconf 78' lang='lat' dir='ltr'><strong>inquit,</strong></span> <span class='ocrx_word' id='word_1_235' title='bbox 3203 2038 3327 2094; x_wconf 78' lang='lat' dir='ltr'><strong>angi</strong></span> <span class='ocrx_word' id='word_1_236' title='bbox 3360 2039 3491 2085; x_wconf 87' lang='lat' dir='ltr'><strong>sen-</strong></span> 
     </span>
    </p>
   </div>
   <div class='ocr_carea' id='block_1_31' title="bbox 216 2109 1748 2185">
    <p class='ocr_par' dir='ltr' id='par_1_31' title="bbox 216 2109 1748 2183">
     <span class='ocr_line' id='line_1_31' title="bbox 216 2109 1748 2183; baseline -0.003 -16"><span class='ocrx_word' id='word_1_237' title='bbox 216 2110 653 2183; x_wconf 74' lang='grc' dir='ltr'>ρακαλούμενοι,</span> <span class='ocrx_word' id='word_1_238' title='bbox 718 2111 1104 2164; x_wconf 79' lang='grc' dir='ltr'>ὲπιτὰττονται</span> <span class='ocrx_word' id='word_1_239' title='bbox 1155 2111 1232 2174; x_wconf 86' lang='grc' dir='ltr'>ὡς</span> <span class='ocrx_word' id='word_1_240' title='bbox 1295 2111 1530 2183; x_wconf 74' lang='grc' dir='ltr'><strong>χείρους⁹</strong></span> <span class='ocrx_word' id='word_1_241' title='bbox 1591 2112 1688 2164; x_wconf 78' lang='grc' dir='ltr'><strong>καὶ</strong></span> <span class='ocrx_word' id='word_1_242' title='bbox 1738 2109 1748 2162; x_wconf 72' lang='grc' dir='ltr'><em>ε</em></span> 
     </span>
    </p>
   </div>
   <div class='ocr_carea' id='block_1_32' title="bbox 1964 2109 3496 2185">
    <p class='ocr_par' dir='ltr' id='par_1_32' title="bbox 1964 2112 3496 2185">
     <span class='ocr_line' id='line_1_32' title="bbox 1964 2112 3496 2185; baseline 0.001 -17"><span class='ocrx_word' id='word_1_243' title='bbox 1964 2128 2014 2176; x_wconf 93' lang='lat' dir='ltr'><strong>o,</strong></span> <span class='ocrx_word' id='word_1_244' title='bbox 2060 2112 2152 2167; x_wconf 86' lang='lat' dir='ltr'><strong>ubi</strong></span> <span class='ocrx_word' id='word_1_245' title='bbox 2201 2128 2414 2168; x_wconf 91' lang='lat' dir='ltr'><strong>mecum</strong></span> <span class='ocrx_word' id='word_1_246' title='bbox 2469 2112 2585 2184; x_wconf 89' lang='lat' dir='ltr'><strong>ipse</strong></span> <span class='ocrx_word' id='word_1_247' title='bbox 2625 2122 2843 2185; x_wconf 89' lang='lat' dir='ltr'><strong>reputo,</strong></span> <span class='ocrx_word' id='word_1_248' title='bbox 2895 2113 2988 2183; x_wconf 93' lang='lat' dir='ltr'><strong>qui</strong></span> <span class='ocrx_word' id='word_1_249' title='bbox 3040 2112 3154 2167; x_wconf 84' lang='lat' dir='ltr'><strong>fieri</strong></span> <span class='ocrx_word' id='word_1_250' title='bbox 3189 2113 3382 2182; x_wconf 86' lang='lat' dir='ltr'><strong>possit,</strong></span> <span class='ocrx_word' id='word_1_251' title='bbox 3434 2122 3496 2170; x_wconf 85' lang='lat' dir='ltr'><strong>ut</strong></span> 
     </span>
    </p>
   </div>
   <div class='ocr_carea' id='block_1_33' title="bbox 215 2196 1747 2276">
    <p class='ocr_par' dir='ltr' id='par_1_33' title="bbox 215 2197 1747 2276">
     <span class='ocr_line' id='line_1_33' title="bbox 215 2197 1747 2276; baseline 0 -21"><span class='ocrx_word' id='word_1_252' title='bbox 215 2219 375 2264; x_wconf 76' lang='grc' dir='ltr'>καιον</span> <span class='ocrx_word' id='word_1_253' title='bbox 406 2197 548 2257; x_wconf 73' lang='grc' dir='ltr'>εἶναι</span> <span class='ocrx_word' id='word_1_254' title='bbox 579 2198 859 2267; x_wconf 80' lang='grc' dir='ltr'>ἀξιοῦντες</span> <span class='ocrx_word' id='word_1_255' title='bbox 889 2202 981 2256; x_wconf 82' lang='grc' dir='ltr'>τὸν</span> <span class='ocrx_word' id='word_1_256' title='bbox 1014 2202 1340 2276; x_wconf 79' lang='grc' dir='ltr'>θεράποντα,</span> <span class='ocrx_word' id='word_1_257' title='bbox 1374 2202 1443 2256; x_wconf 84' lang='grc' dir='ltr'>τὰ</span> <span class='ocrx_word' id='word_1_258' title='bbox 1471 2203 1629 2259; x_wconf 84' lang='grc' dir='ltr'>ἄδικα</span> <span class='ocrx_word' id='word_1_259' title='bbox 1662 2203 1747 2256; x_wconf 67' lang='lat' dir='ltr'><strong>ain</strong></span> 
     </span>
    </p>
   </div>
   <div class='ocr_carea' id='block_1_34' title="bbox 1966 2196 3498 2276">
    <p class='ocr_par' dir='ltr' id='par_1_34' title="bbox 1966 2196 3498 2275">
     <span class='ocr_line' id='line_1_34' title="bbox 1966 2196 3498 2275; baseline 0.002 -18"><span class='ocrx_word' id='word_1_260' title='bbox 1966 2219 2152 2258; x_wconf 86' lang='lat' dir='ltr'><strong>uorum</strong></span> <span class='ocrx_word' id='word_1_261' title='bbox 2195 2202 2360 2258; x_wconf 87' lang='lat' dir='ltr'><strong>veluti</strong></span> <span class='ocrx_word' id='word_1_262' title='bbox 2412 2203 2795 2275; x_wconf 79' lang='lat' dir='ltr'><strong>augustiorum</strong></span> <span class='ocrx_word' id='word_1_263' title='bbox 2843 2218 2908 2260; x_wconf 89' lang='lat' dir='ltr'><strong>ac</strong></span> <span class='ocrx_word' id='word_1_264' title='bbox 2957 2196 3289 2260; x_wconf 72' lang='lat' dir='ltr'><strong>diviniorum</strong></span> <span class='ocrx_word' id='word_1_265' title='bbox 3334 2221 3498 2275; x_wconf 77' lang='lat' dir='ltr'><strong>opem</strong></span> 
     </span>
    </p>
   </div>
   <div class='ocr_carea' id='block_1_35' title="bbox 214 2292 1746 2366">
    <p class='ocr_par' dir='ltr' id='par_1_35' title="bbox 214 2292 1746 2366">
     <span class='ocr_line' id='line_1_35' title="bbox 214 2292 1746 2366; baseline 0.001 -20"><span class='ocrx_word' id='word_1_266' title='bbox 214 2292 626 2358; x_wconf 80' lang='grc' dir='ltr'><strong>κελευσθέντες,</strong></span> <span class='ocrx_word' id='word_1_267' title='bbox 659 2293 792 2366; x_wconf 78' lang='grc' dir='ltr'>δρᾷν</span> <span class='ocrx_word' id='word_1_268' title='bbox 820 2294 1170 2366; x_wconf 80' lang='grc' dir='ltr'>ὑπομένουσι’</span> <span class='ocrx_word' id='word_1_269' title='bbox 1218 2295 1313 2349; x_wconf 79' lang='grc' dir='ltr'><strong>καὶ</strong></span> <span class='ocrx_word' id='word_1_270' title='bbox 1345 2294 1570 2366; x_wconf 84' lang='grc' dir='ltr'>καθαρῷ</span> <span class='ocrx_word' id='word_1_271' title='bbox 1605 2294 1706 2366; x_wconf 84' lang='grc' dir='ltr'>μὲν</span> <span class='ocrx_word' id='word_1_272' title='bbox 1741 2313 1746 2365; x_wconf 60' lang='grc' dir='ltr'><strong><em>ι</em></strong></span> 
     </span>
    </p>
   </div>
   <div class='ocr_carea' id='block_1_36' title="bbox 1965 2292 3497 2366">
    <p class='ocr_par' dir='ltr' id='par_1_36' title="bbox 1965 2294 3497 2366">
     <span class='ocr_line' id='line_1_36' title="bbox 1965 2294 3497 2366; baseline 0.001 -16"><span class='ocrx_word' id='word_1_273' title='bbox 1965 2297 2299 2366; x_wconf 90' lang='lat' dir='ltr'><strong>nploremus,</strong></span> <span class='ocrx_word' id='word_1_274' title='bbox 2329 2294 2368 2349; x_wconf 90' lang='lat' dir='ltr'><strong>ii</strong></span> <span class='ocrx_word' id='word_1_275' title='bbox 2394 2302 2577 2350; x_wconf 88' lang='lat' dir='ltr'><strong>tamen</strong></span> <span class='ocrx_word' id='word_1_276' title='bbox 2611 2296 2840 2366; x_wconf 88' lang='lat' dir='ltr'><strong>perinde</strong></span> <span class='ocrx_word' id='word_1_277' title='bbox 2869 2305 2928 2350; x_wconf 92' lang='lat' dir='ltr'><strong>ut</strong></span> <span class='ocrx_word' id='word_1_278' title='bbox 2952 2294 3277 2352; x_wconf 76' lang='lat' dir='ltr'><strong>humiliores</strong></span> <span class='ocrx_word' id='word_1_279' title='bbox 3307 2312 3372 2353; x_wconf 92' lang='lat' dir='ltr'><strong>ac</strong></span> <span class='ocrx_word' id='word_1_280' title='bbox 3402 2296 3497 2352; x_wconf 77' lang='lat' dir='ltr'><strong>de—</strong></span> 
     </span>
    </p>
   </div>
   <div class='ocr_carea' id='block_1_37' title="bbox 210 2384 1742 2461">
    <p class='ocr_par' dir='ltr' id='par_1_37' title="bbox 210 2384 1742 2459">
     <span class='ocr_line' id='line_1_37' title="bbox 210 2384 1742 2459; baseline -0.001 -21"><span class='ocrx_word' id='word_1_281' title='bbox 210 2386 330 2438; x_wconf 81' lang='grc' dir='ltr'>δντι</span> <span class='ocrx_word' id='word_1_282' title='bbox 375 2384 438 2451; x_wconf 82' lang='grc' dir='ltr'>ἐξ</span> <span class='ocrx_word' id='word_1_283' title='bbox 488 2384 821 2459; x_wconf 75' lang='grc' dir='ltr'><strong>ἀφροδισίων</strong></span> <span class='ocrx_word' id='word_1_284' title='bbox 866 2385 969 2438; x_wconf 83' lang='grc' dir='ltr'>οὐκ</span> <span class='ocrx_word' id='word_1_285' title='bbox 1015 2385 1082 2440; x_wconf 82' lang='grc' dir='ltr'><strong>ἂν</strong></span> <span class='ocrx_word' id='word_1_286' title='bbox 1124 2384 1378 2439; x_wconf 78' lang='grc' dir='ltr'>καλοῦντι</span> <span class='ocrx_word' id='word_1_287' title='bbox 1424 2385 1742 2439; x_wconf 73' lang='grc' dir='ltr'>ὑπακούσαιε</span> 
     </span>
    </p>
   </div>
   <div class='ocr_carea' id='block_1_38' title="bbox 1966 2384 3498 2461">
    <p class='ocr_par' dir='ltr' id='par_1_38' title="bbox 1966 2385 3498 2461">
     <span class='ocr_line' id='line_1_38' title="bbox 1966 2385 3498 2461; baseline 0.004 -22"><span class='ocrx_word' id='word_1_288' title='bbox 1966 2386 2153 2441; x_wconf 74' lang='lat' dir='ltr'><strong>:riores</strong></span> <span class='ocrx_word' id='word_1_289' title='bbox 2183 2385 2439 2441; x_wconf 89' lang='lat' dir='ltr'><strong>obediant</strong></span> <span class='ocrx_word' id='word_1_290' title='bbox 2466 2402 2480 2440; x_wconf 92' lang='lat'><strong>:</strong></span> <span class='ocrx_word' id='word_1_291' title='bbox 2507 2385 2711 2457; x_wconf 90' lang='lat' dir='ltr'><strong>quique</strong></span> <span class='ocrx_word' id='word_1_292' title='bbox 2733 2386 2961 2443; x_wconf 89' lang='lat' dir='ltr'><strong>clientes</strong></span> <span class='ocrx_word' id='word_1_293' title='bbox 2986 2387 3090 2458; x_wconf 90' lang='lat' dir='ltr'><strong>ipsi</strong></span> <span class='ocrx_word' id='word_1_294' title='bbox 3113 2403 3245 2444; x_wconf 91' lang='lat' dir='ltr'><strong>suos</strong></span> <span class='ocrx_word' id='word_1_295' title='bbox 3267 2389 3498 2461; x_wconf 70' lang='lat' dir='ltr'><strong>aequita-</strong></span> 
     </span>
    </p>
   </div>
   <div class='ocr_carea' id='block_1_39' title="bbox 208 2476 1740 2551">
    <p class='ocr_par' dir='ltr' id='par_1_39' title="bbox 208 2476 1740 2551">
     <span class='ocr_line' id='line_1_39' title="bbox 208 2476 1740 2551; baseline -0.001 -20"><span class='ocrx_word' id='word_1_296' title='bbox 208 2477 371 2531; x_wconf 75' lang='grc' dir='ltr'>αὐτοὶ</span> <span class='ocrx_word' id='word_1_297' title='bbox 415 2476 473 2531; x_wconf 79' lang='grc' dir='ltr'>δὲ</span> <span class='ocrx_word' id='word_1_298' title='bbox 514 2477 667 2547; x_wconf 81' lang='grc' dir='ltr'><strong>ἄγειν</strong></span> <span class='ocrx_word' id='word_1_299' title='bbox 697 2476 780 2542; x_wconf 82' lang='grc' dir='ltr'><strong>είς</strong></span> <span class='ocrx_word' id='word_1_300' title='bbox 813 2477 1107 2551; x_wconf 85' lang='grc' dir='ltr'>παράνομα</span> <span class='ocrx_word' id='word_1_301' title='bbox 1138 2477 1429 2550; x_wconf 79' lang='grc' dir='ltr'><strong>ἀφροδίσια</strong></span> <span class='ocrx_word' id='word_1_302' title='bbox 1472 2479 1599 2542; x_wconf 83' lang='grc' dir='ltr'>τοὺς</span> <span class='ocrx_word' id='word_1_303' title='bbox 1627 2495 1740 2549; x_wconf 82' lang='grc' dir='ltr'>τυχ‹</span> 
     </span>
    </p>
   </div>
   <div class='ocr_carea' id='block_1_40' title="bbox 1963 2476 3495 2551">
    <p class='ocr_par' dir='ltr' id='par_1_40' title="bbox 1963 2477 3495 2551">
     <span class='ocr_line' id='line_1_40' title="bbox 1963 2477 3495 2551; baseline 0.004 -18"><span class='ocrx_word' id='word_1_304' title='bbox 1963 2494 2029 2533; x_wconf 75' lang='lat' dir='ltr'><strong>:m</strong></span> <span class='ocrx_word' id='word_1_305' title='bbox 2076 2478 2260 2534; x_wconf 90' lang='lat' dir='ltr'><strong>colere</strong></span> <span class='ocrx_word' id='word_1_306' title='bbox 2297 2477 2488 2546; x_wconf 83' lang='lat' dir='ltr'><strong>velint,</strong></span> <span class='ocrx_word' id='word_1_307' title='bbox 2528 2479 2750 2535; x_wconf 89' lang='lat' dir='ltr'><strong>eosdem</strong></span> <span class='ocrx_word' id='word_1_308' title='bbox 2790 2479 3012 2551; x_wconf 88' lang='lat' dir='ltr'><strong>injustis</strong></span> <span class='ocrx_word' id='word_1_309' title='bbox 3052 2479 3298 2551; x_wconf 90' lang='lat' dir='ltr'><strong>imperiis</strong></span> <span class='ocrx_word' id='word_1_310' title='bbox 3329 2482 3495 2538; x_wconf 87' lang='lat' dir='ltr'><strong>obse-</strong></span> 
     </span>
    </p>
   </div>
   <div class='ocr_carea' id='block_1_41' title="bbox 202 2569 1734 2643">
    <p class='ocr_par' dir='ltr' id='par_1_41' title="bbox 202 2569 1734 2641">
     <span class='ocr_line' id='line_1_41' title="bbox 202 2569 1734 2641; baseline -0.003 -14"><span class='ocrx_word' id='word_1_311' title='bbox 202 2586 318 2633; x_wconf 78' lang='grc' dir='ltr'><strong>τας</strong></span> <span class='ocrx_word' id='word_1_312' title='bbox 348 2569 450 2623; x_wconf 79' lang='grc' dir='ltr'><strong>οὐκ</strong></span> <span class='ocrx_word' id='word_1_313' title='bbox 481 2569 721 2624; x_wconf 77' lang='grc' dir='ltr'><strong>ὀκνοῦσι.</strong></span> <span class='ocrx_word' id='word_1_314' title='bbox 752 2569 861 2623; x_wconf 76' lang='grc' dir='ltr'>Καὶ</span> <span class='ocrx_word' id='word_1_315' title='bbox 894 2569 1001 2623; x_wconf 76' lang='grc' dir='ltr'>ἀπὸ</span> <span class='ocrx_word' id='word_1_316' title='bbox 1034 2569 1293 2641; x_wconf 76' lang='grc' dir='ltr'><strong>ἐμψύχων</strong></span> <span class='ocrx_word' id='word_1_317' title='bbox 1340 2569 1440 2641; x_wconf 82' lang='grc' dir='ltr'>μὲν</span> <span class='ocrx_word' id='word_1_318' title='bbox 1472 2569 1684 2641; x_wconf 83' lang='grc' dir='ltr'>ἀποχῆς</span> <span class='ocrx_word' id='word_1_319' title='bbox 1722 2588 1734 2623; x_wconf 69' lang='lat'>1</span> 
     </span>
    </p>
   </div>
   <div class='ocr_carea' id='block_1_42' title="bbox 1968 2569 3500 2643">
    <p class='ocr_par' dir='ltr' id='par_1_42' title="bbox 1968 2570 3500 2643">
     <span class='ocr_line' id='line_1_42' title="bbox 1968 2570 3500 2643; baseline 0.004 -18"><span class='ocrx_word' id='word_1_320' title='bbox 1968 2571 2013 2625; x_wconf 84' lang='lat' dir='ltr'><strong>ul</strong></span> <span class='ocrx_word' id='word_1_321' title='bbox 2037 2586 2146 2626; x_wconf 90' lang='lat' dir='ltr'><strong>non</strong></span> <span class='ocrx_word' id='word_1_322' title='bbox 2179 2570 2381 2641; x_wconf 89' lang='lat' dir='ltr'><strong>pudeat</strong></span> <span class='ocrx_word' id='word_1_323' title='bbox 2411 2588 2426 2625; x_wconf 89' lang='lat'><strong>:</strong></span> <span class='ocrx_word' id='word_1_324' title='bbox 2459 2570 2705 2641; x_wconf 89' lang='lat' dir='ltr'><strong>adeoque</strong></span> <span class='ocrx_word' id='word_1_325' title='bbox 2733 2585 2860 2626; x_wconf 93' lang='lat' dir='ltr'><strong>cum</strong></span> <span class='ocrx_word' id='word_1_326' title='bbox 2894 2585 3089 2626; x_wconf 92' lang='lat' dir='ltr'><strong>eorum</strong></span> <span class='ocrx_word' id='word_1_327' title='bbox 3121 2580 3247 2628; x_wconf 88' lang='lat' dir='ltr'><strong>vota</strong></span> <span class='ocrx_word' id='word_1_328' title='bbox 3279 2587 3500 2643; x_wconf 89' lang='lat' dir='ltr'><strong>preces-</strong></span> 
     </span>
    </p>
   </div>
   <div class='ocr_carea' id='block_1_43' title="bbox 200 2655 1732 2732">
    <p class='ocr_par' dir='ltr' id='par_1_43' title="bbox 200 2655 1732 2732">
     <span class='ocr_line' id='line_1_43' title="bbox 200 2655 1732 2732; baseline 0.001 -20"><span class='ocrx_word' id='word_1_329' title='bbox 200 2659 434 2713; x_wconf 83' lang='grc' dir='ltr'>λεύουσι</span> <span class='ocrx_word' id='word_1_330' title='bbox 464 2659 573 2713; x_wconf 84' lang='grc' dir='ltr'><strong>δεῖν</strong></span> <span class='ocrx_word' id='word_1_331' title='bbox 613 2655 753 2714; x_wconf 76' lang='grc' dir='ltr'>εἶναι</span> <span class='ocrx_word' id='word_1_332' title='bbox 784 2661 912 2725; x_wconf 82' lang='grc' dir='ltr'>τοὺς</span> <span class='ocrx_word' id='word_1_333' title='bbox 964 2661 1270 2731; x_wconf 85' lang='grc' dir='ltr'>ὑποφήτας,</span> <span class='ocrx_word' id='word_1_334' title='bbox 1318 2661 1407 2715; x_wconf 79' lang='grc' dir='ltr'><strong>ἵνα</strong></span> <span class='ocrx_word' id='word_1_335' title='bbox 1444 2659 1519 2732; x_wconf 79' lang='grc' dir='ltr'>μὴ</span> <span class='ocrx_word' id='word_1_336' title='bbox 1560 2663 1674 2724; x_wconf 86' lang='grc' dir='ltr'>τοῖς</span> <span class='ocrx_word' id='word_1_337' title='bbox 1707 2660 1732 2714; x_wconf 75' lang='grc' dir='ltr'><strong><em>ὁ</em></strong></span> 
     </span>
    </p>
   </div>
   <div class='ocr_carea' id='block_1_44' title="bbox 1961 2655 3493 2732">
    <p class='ocr_par' dir='ltr' id='par_1_44' title="bbox 1961 2658 3493 2730">
     <span class='ocr_line' id='line_1_44' title="bbox 1961 2658 3493 2730; baseline 0.005 -16"><span class='ocrx_word' id='word_1_338' title='bbox 1961 2674 2026 2714; x_wconf 91' lang='lat' dir='ltr'><strong>ue</strong></span> <span class='ocrx_word' id='word_1_339' title='bbox 2067 2658 2378 2729; x_wconf 90' lang='lat' dir='ltr'><strong>repudient,</strong></span> <span class='ocrx_word' id='word_1_340' title='bbox 2407 2658 2501 2730; x_wconf 89' lang='lat' dir='ltr'><strong>qui</strong></span> <span class='ocrx_word' id='word_1_341' title='bbox 2546 2658 2615 2713; x_wconf 84' lang='lat' dir='ltr'><strong>ad</strong></span> <span class='ocrx_word' id='word_1_342' title='bbox 2648 2673 2771 2715; x_wconf 88' lang='lat' dir='ltr'><strong>sese</strong></span> <span class='ocrx_word' id='word_1_343' title='bbox 2815 2659 3000 2716; x_wconf 89' lang='lat' dir='ltr'><strong>minus</strong></span> <span class='ocrx_word' id='word_1_344' title='bbox 3035 2661 3134 2718; x_wconf 84' lang='lat' dir='ltr'><strong>abs</strong></span> <span class='ocrx_word' id='word_1_345' title='bbox 3164 2677 3223 2717; x_wconf 91' lang='lat' dir='ltr'><strong>re</strong></span> <span class='ocrx_word' id='word_1_346' title='bbox 3261 2679 3493 2723; x_wconf 76' lang='lat' dir='ltr'><strong>venerea</strong></span> 
     </span>
    </p>
   </div>
   <div class='ocr_carea' id='block_1_45' title="bbox 199 2749 1731 2823">
    <p class='ocr_par' dir='ltr' id='par_1_45' title="bbox 199 2749 1731 2823">
     <span class='ocr_line' id='line_1_45' title="bbox 199 2749 1731 2823; baseline 0 -20"><span class='ocrx_word' id='word_1_347' title='bbox 199 2749 329 2815; x_wconf 66' lang='grc' dir='ltr'><strong>τῶν</strong></span> <span class='ocrx_word' id='word_1_348' title='bbox 359 2749 631 2821; x_wconf 86' lang='grc' dir='ltr'>σωμάτων</span> <span class='ocrx_word' id='word_1_349' title='bbox 680 2751 875 2822; x_wconf 86' lang='grc' dir='ltr'>ἀτμοῖς</span> <span class='ocrx_word' id='word_1_350' title='bbox 918 2749 1244 2823; x_wconf 88' lang='grc' dir='ltr'>χραίνωνται</span> <span class='ocrx_word' id='word_1_351' title='bbox 1265 2766 1280 2782; x_wconf 76' lang='grc'><strong><em>⁸</em></strong></span> <span class='ocrx_word' id='word_1_352' title='bbox 1331 2750 1486 2805; x_wconf 76' lang='grc' dir='ltr'>αὐτοὶ</span> <span class='ocrx_word' id='word_1_353' title='bbox 1534 2749 1593 2804; x_wconf 83' lang='grc' dir='ltr'>δὲ</span> <span class='ocrx_word' id='word_1_354' title='bbox 1622 2751 1731 2822; x_wconf 83' lang='grc' dir='ltr'><strong>ἀτμ</strong></span> 
     </span>
    </p>
   </div>
   <div class='ocr_carea' id='block_1_46' title="bbox 1952 2749 3484 2823">
    <p class='ocr_par' dir='ltr' id='par_1_46' title="bbox 1952 2749 3484 2821">
     <span class='ocr_line' id='line_1_46' title="bbox 1952 2749 3484 2821; baseline 0.004 -16"><span class='ocrx_word' id='word_1_355' title='bbox 1952 2751 2041 2806; x_wconf 75' lang='grc' dir='ltr'><strong>ιυτί</strong></span> <span class='ocrx_word' id='word_1_356' title='bbox 2082 2749 2436 2818; x_wconf 85' lang='lat' dir='ltr'><strong>accesserint,</strong></span> <span class='ocrx_word' id='word_1_357' title='bbox 2465 2749 2657 2806; x_wconf 88' lang='lat' dir='ltr'><strong>obvios</strong></span> <span class='ocrx_word' id='word_1_358' title='bbox 2682 2765 2931 2821; x_wconf 90' lang='lat' dir='ltr'><strong>quosque</strong></span> <span class='ocrx_word' id='word_1_359' title='bbox 2964 2760 3145 2807; x_wconf 89' lang='lat' dir='ltr'><strong>tamen</strong></span> <span class='ocrx_word' id='word_1_360' title='bbox 3191 2754 3484 2811; x_wconf 83' lang='lat' dir='ltr'><strong>nefandam</strong></span> 
     </span>
    </p>
   </div>
   <div class='ocr_carea' id='block_1_47' title="bbox 200 2838 1732 2917">
    <p class='ocr_par' dir='ltr' id='par_1_47' title="bbox 200 2838 1732 2912">
     <span class='ocr_line' id='line_1_47' title="bbox 200 2838 1732 2912; baseline -0.001 -17"><span class='ocrx_word' id='word_1_361' title='bbox 200 2839 422 2895; x_wconf 81' lang='grc' dir='ltr'>θυσιῶν</span> <span class='ocrx_word' id='word_1_362' title='bbox 465 2841 581 2904; x_wconf 78' lang='grc' dir='ltr'>τοῖς</span> <span class='ocrx_word' id='word_1_363' title='bbox 609 2841 719 2894; x_wconf 74' lang='grc' dir='ltr'><strong>ἀπὸ</strong></span> <span class='ocrx_word' id='word_1_364' title='bbox 751 2838 905 2904; x_wconf 78' lang='grc' dir='ltr'>ζώων</span> <span class='ocrx_word' id='word_1_365' title='bbox 939 2840 1171 2912; x_wconf 85' lang='grc' dir='ltr'>μάλιστα</span> <span class='ocrx_word' id='word_1_366' title='bbox 1202 2840 1564 2906; x_wconf 78' lang='grc' dir='ltr'>δελεάζονται,</span> <span class='ocrx_word' id='word_1_367' title='bbox 1614 2841 1732 2911; x_wconf 66' lang='grc' dir='ltr'>και</span> 
     </span>
    </p>
   </div>
   <div class='ocr_carea' id='block_1_48' title="bbox 1967 2838 3499 2917">
    <p class='ocr_par' dir='ltr' id='par_1_48' title="bbox 1967 2838 3499 2917">
     <span class='ocr_line' id='line_1_48' title="bbox 1967 2838 3499 2917; baseline 0.003 -19"><span class='ocrx_word' id='word_1_368' title='bbox 1967 2861 1977 2898; x_wconf 87' lang='grc' dir='ltr'><strong>ι</strong></span> <span class='ocrx_word' id='word_1_369' title='bbox 2007 2859 2259 2899; x_wconf 84' lang='lat' dir='ltr'><strong>venerem</strong></span> <span class='ocrx_word' id='word_1_370' title='bbox 2305 2857 2466 2915; x_wconf 79' lang='lat' dir='ltr'><strong>agere</strong></span> <span class='ocrx_word' id='word_1_371' title='bbox 2508 2856 2620 2898; x_wconf 90' lang='lat' dir='ltr'><strong>non</strong></span> <span class='ocrx_word' id='word_1_372' title='bbox 2645 2838 2988 2899; x_wconf 84' lang='lat' dir='ltr'><strong>erubescant.</strong></span> <span class='ocrx_word' id='word_1_373' title='bbox 3019 2843 3195 2900; x_wconf 88' lang='lat' dir='ltr'><strong>Porro</strong></span> <span class='ocrx_word' id='word_1_374' title='bbox 3223 2856 3376 2904; x_wconf 88' lang='lat' dir='ltr'><strong>vates</strong></span> <span class='ocrx_word' id='word_1_375' title='bbox 3416 2848 3499 2917; x_wconf 76' lang='lat' dir='ltr'><strong>illi</strong></span> 
     </span>
    </p>
   </div>
   <div class='ocr_carea' id='block_1_49' title="bbox 198 2928 1730 3008">
    <p class='ocr_par' dir='ltr' id='par_1_49' title="bbox 198 2928 1730 3006">
     <span class='ocr_line' id='line_1_49' title="bbox 198 2928 1730 3006; baseline 0.001 -22"><span class='ocrx_word' id='word_1_376' title='bbox 198 2931 351 3005; x_wconf 60' lang='grc' dir='ltr'><strong>κροῦ</strong></span> <span class='ocrx_word' id='word_1_377' title='bbox 389 2932 490 3003; x_wconf 82' lang='grc' dir='ltr'><strong>μὲν</strong></span> <span class='ocrx_word' id='word_1_378' title='bbox 522 2931 689 3003; x_wconf 84' lang='grc' dir='ltr'>ἀθιγῆ</span> <span class='ocrx_word' id='word_1_379' title='bbox 732 2932 843 2987; x_wconf 85' lang='grc' dir='ltr'><strong>δεῖν</strong></span> <span class='ocrx_word' id='word_1_380' title='bbox 881 2928 1021 2987; x_wconf 80' lang='grc' dir='ltr'>εἶναι</span> <span class='ocrx_word' id='word_1_381' title='bbox 1055 2932 1147 2986; x_wconf 79' lang='grc' dir='ltr'>τὸν</span> <span class='ocrx_word' id='word_1_382' title='bbox 1177 2932 1442 3005; x_wconf 82' lang='grc' dir='ltr'>ἐπόπτην,</span> <span class='ocrx_word' id='word_1_383' title='bbox 1475 2931 1563 2987; x_wconf 83' lang='grc' dir='ltr'><strong>διὰ</strong></span> <span class='ocrx_word' id='word_1_384' title='bbox 1605 2948 1730 3006; x_wconf 76' lang='grc' dir='ltr'>νεκρ</span> 
     </span>
    </p>
   </div>
   <div class='ocr_carea' id='block_1_50' title="bbox 1965 2928 3497 3008">
    <p class='ocr_par' dir='ltr' id='par_1_50' title="bbox 1965 2935 3497 3006">
     <span class='ocr_line' id='line_1_50' title="bbox 1965 2935 3497 3006; baseline 0.004 -15"><span class='ocrx_word' id='word_1_385' title='bbox 1965 2935 2141 2991; x_wconf 88' lang='lat' dir='ltr'><strong>uidem</strong></span> <span class='ocrx_word' id='word_1_386' title='bbox 2185 2935 2622 3006; x_wconf 81' lang='lat' dir='ltr'><strong>interpretesque</strong></span> <span class='ocrx_word' id='word_1_387' title='bbox 2668 2948 2802 2992; x_wconf 91' lang='lat' dir='ltr'><strong>suos</strong></span> <span class='ocrx_word' id='word_1_388' title='bbox 2842 2935 3008 2991; x_wconf 87' lang='lat' dir='ltr'><strong>rebus</strong></span> <span class='ocrx_word' id='word_1_389' title='bbox 3035 2937 3294 2996; x_wconf 89' lang='lat' dir='ltr'><strong>animatis</strong></span> <span class='ocrx_word' id='word_1_390' title='bbox 3324 2940 3497 2997; x_wconf 89' lang='lat' dir='ltr'><strong>absti-</strong></span> 
     </span>
    </p>
   </div>
   <div class='ocr_carea' id='block_1_51' title="bbox 195 3020 1727 3098">
    <p class='ocr_par' dir='ltr' id='par_1_51' title="bbox 195 3021 1727 3093">
     <span class='ocr_line' id='line_1_51' title="bbox 195 3021 1727 3093; baseline 0.001 -16"><span class='ocrx_word' id='word_1_391' title='bbox 195 3024 261 3077; x_wconf 83' lang='grc' dir='ltr'><strong>δέ</strong></span> <span class='ocrx_word' id='word_1_392' title='bbox 304 3021 376 3077; x_wconf 77' lang='grc' dir='ltr'>τὰ</span> <span class='ocrx_word' id='word_1_393' title='bbox 405 3023 578 3077; x_wconf 87' lang='grc' dir='ltr'>πολλὰ</span> <span class='ocrx_word' id='word_1_394' title='bbox 609 3022 762 3088; x_wconf 76' lang='grc' dir='ltr'>ζώων</span> <span class='ocrx_word' id='word_1_395' title='bbox 794 3025 851 3078; x_wconf 79' lang='grc' dir='ltr'><strong>αἱ</strong></span> <span class='ocrx_word' id='word_1_396' title='bbox 893 3022 1190 3093; x_wconf 87' lang='grc' dir='ltr'>θεαγωγίαι</span> <span class='ocrx_word' id='word_1_397' title='bbox 1230 3023 1589 3079; x_wconf 80' lang='grc' dir='ltr'>ἐκτελοῦνται.</span> <span class='ocrx_word' id='word_1_398' title='bbox 1629 3024 1727 3078; x_wconf 75' lang='grc' dir='ltr'>Πολ</span> 
     </span>
    </p>
   </div>
   <div class='ocr_carea' id='block_1_52' title="bbox 1965 3020 3497 3098">
    <p class='ocr_par' dir='ltr' id='par_1_52' title="bbox 1965 3020 3497 3098">
     <span class='ocr_line' id='line_1_52' title="bbox 1965 3020 3497 3098; baseline 0.002 -15"><span class='ocrx_word' id='word_1_399' title='bbox 1965 3042 2053 3083; x_wconf 86' lang='lat' dir='ltr'><strong>ere</strong></span> <span class='ocrx_word' id='word_1_400' title='bbox 2085 3027 2301 3098; x_wconf 89' lang='lat' dir='ltr'><strong>jubent,</strong></span> <span class='ocrx_word' id='word_1_401' title='bbox 2331 3041 2402 3083; x_wconf 88' lang='lat' dir='ltr'><strong>ne</strong></span> <span class='ocrx_word' id='word_1_402' title='bbox 2444 3026 2728 3097; x_wconf 89' lang='lat' dir='ltr'><strong>corporeis</strong></span> <span class='ocrx_word' id='word_1_403' title='bbox 2772 3020 3211 3084; x_wconf 74' lang='lat' dir='ltr'><strong>exlialationibus</strong></span> <span class='ocrx_word' id='word_1_404' title='bbox 3243 3030 3497 3087; x_wconf 67' lang='lat' dir='ltr'><strong>inﬁciann</strong></span> 
     </span>
    </p>
   </div>
   <div class='ocr_carea' id='block_1_53' title="bbox 196 3114 1728 3197">
    <p class='ocr_par' dir='ltr' id='par_1_53' title="bbox 196 3114 1722 3188">
     <span class='ocr_line' id='line_1_53' title="bbox 196 3114 1722 3188; baseline -0.001 -17"><span class='ocrx_word' id='word_1_405' title='bbox 196 3117 261 3171; x_wconf 83' lang='grc' dir='ltr'>δὲ</span> <span class='ocrx_word' id='word_1_406' title='bbox 316 3116 525 3170; x_wconf 84' lang='grc' dir='ltr'>τούτων</span> <span class='ocrx_word' id='word_1_407' title='bbox 569 3114 909 3188; x_wconf 85' lang='grc' dir='ltr'>ἀλογώτερον</span> <span class='ocrx_word' id='word_1_408' title='bbox 948 3116 1011 3169; x_wconf 83' lang='grc' dir='ltr'>τὸ</span> <span class='ocrx_word' id='word_1_409' title='bbox 1048 3116 1121 3187; x_wconf 82' lang='grc' dir='ltr'>μὴ</span> <span class='ocrx_word' id='word_1_410' title='bbox 1170 3116 1406 3188; x_wconf 84' lang='grc' dir='ltr'>δαίμονι,</span> <span class='ocrx_word' id='word_1_411' title='bbox 1463 3117 1513 3170; x_wconf 82' lang='grc' dir='ltr'><strong>εἰ</strong></span> <span class='ocrx_word' id='word_1_412' title='bbox 1549 3115 1722 3188; x_wconf 83' lang='grc' dir='ltr'>τύχοι,</span> 
     </span>
    </p>
   </div>
   <div class='ocr_carea' id='block_1_54' title="bbox 1970 3114 3502 3197">
    <p class='ocr_par' dir='ltr' id='par_1_54' title="bbox 1970 3119 3502 3191">
     <span class='ocr_line' id='line_1_54' title="bbox 1970 3119 3502 3191; baseline 0.003 -17"><span class='ocrx_word' id='word_1_413' title='bbox 1970 3135 2012 3174; x_wconf 83' lang='lat' dir='ltr'><strong>ir</strong></span> <span class='ocrx_word' id='word_1_414' title='bbox 2040 3119 2476 3176; x_wconf 85' lang='lat' dir='ltr'><strong>:sacriﬁciorum</strong></span> <span class='ocrx_word' id='word_1_415' title='bbox 2507 3127 2715 3183; x_wconf 88' lang='lat' dir='ltr'><strong>tamen,</strong></span> <span class='ocrx_word' id='word_1_416' title='bbox 2743 3134 2865 3188; x_wconf 69' lang='lat' dir='ltr'><strong>quae</strong></span> <span class='ocrx_word' id='word_1_417' title='bbox 2888 3134 2953 3176; x_wconf 77' lang='lat' dir='ltr'><strong>ex</strong></span> <span class='ocrx_word' id='word_1_418' title='bbox 2979 3121 3356 3178; x_wconf 87' lang='lat' dir='ltr'><strong>animantibus</strong></span> <span class='ocrx_word' id='word_1_419' title='bbox 3379 3124 3502 3191; x_wconf 73' lang='lat' dir='ltr'><strong>fieri</strong></span> 
     </span>
    </p>
   </div>
   <div class='ocr_carea' id='block_1_55' title="bbox 196 3206 1728 3282">
    <p class='ocr_par' dir='ltr' id='par_1_55' title="bbox 196 3206 1728 3281">
     <span class='ocr_line' id='line_1_55' title="bbox 196 3206 1728 3281; baseline 0 -20"><span class='ocrx_word' id='word_1_420' title='bbox 196 3209 360 3281; x_wconf 69' lang='grc' dir='ltr'>ψυχῇ</span> <span class='ocrx_word' id='word_1_421' title='bbox 407 3206 753 3279; x_wconf 80' lang='grc' dir='ltr'>τεθνηκότος,</span> <span class='ocrx_word' id='word_1_422' title='bbox 786 3206 936 3279; x_wconf 85' lang='grc' dir='ltr'>αύτῷ</span> <span class='ocrx_word' id='word_1_423' title='bbox 983 3207 1043 3261; x_wconf 81' lang='grc' dir='ltr'>δὲ</span> <span class='ocrx_word' id='word_1_424' title='bbox 1077 3206 1157 3279; x_wconf 81' lang='grc' dir='ltr'>τῷ</span> <span class='ocrx_word' id='word_1_425' title='bbox 1191 3207 1401 3278; x_wconf 78' lang='grc' dir='ltr'>βασιλεῖ</span> <span class='ocrx_word' id='word_1_426' title='bbox 1439 3208 1604 3280; x_wconf 84' lang='grc' dir='ltr'>Ἡλίῳ</span> <span class='ocrx_word' id='word_1_427' title='bbox 1634 3209 1668 3280; x_wconf 81' lang='grc' dir='ltr'>ἢ</span> <span class='ocrx_word' id='word_1_428' title='bbox 1723 3210 1728 3261; x_wconf 75' lang='grc' dir='ltr'>Σ</span> 
     </span>
    </p>
   </div>
   <div class='ocr_carea' id='block_1_56' title="bbox 1968 3206 3500 3282">
    <p class='ocr_par' dir='ltr' id='par_1_56' title="bbox 1968 3208 3496 3282">
     <span class='ocr_line' id='line_1_56' title="bbox 1968 3208 3496 3282; baseline 0.004 -16"><span class='ocrx_word' id='word_1_429' title='bbox 1968 3212 2116 3278; x_wconf 75' lang='lat' dir='ltr'><strong>ilent,</strong></span> <span class='ocrx_word' id='word_1_430' title='bbox 2154 3210 2453 3282; x_wconf 76' lang='lat' dir='ltr'><strong>vaporibus</strong></span> <span class='ocrx_word' id='word_1_431' title='bbox 2491 3208 2732 3265; x_wconf 84' lang='lat' dir='ltr'><strong>maxime</strong></span> <span class='ocrx_word' id='word_1_432' title='bbox 2768 3211 3084 3281; x_wconf 88' lang='lat' dir='ltr'><strong>capiuntur,</strong></span> <span class='ocrx_word' id='word_1_433' title='bbox 3113 3227 3179 3268; x_wconf 91' lang='lat' dir='ltr'><strong>ac</strong></span> <span class='ocrx_word' id='word_1_434' title='bbox 3219 3222 3496 3272; x_wconf 87' lang='lat' dir='ltr'><strong>mortuum</strong></span> 
     </span>
    </p>
   </div>
   <div class='ocr_carea' id='block_1_57' title="bbox 196 3299 1728 3375">
    <p class='ocr_par' dir='ltr' id='par_1_57' title="bbox 196 3299 1728 3375">
     <span class='ocr_line' id='line_1_57' title="bbox 196 3299 1728 3375; baseline -0.001 -20"><span class='ocrx_word' id='word_1_435' title='bbox 196 3300 373 3375; x_wconf 79' lang='grc' dir='ltr'>λήνῃ,</span> <span class='ocrx_word' id='word_1_436' title='bbox 417 3300 453 3372; x_wconf 76' lang='grc' dir='ltr'>ἦ</span> <span class='ocrx_word' id='word_1_437' title='bbox 496 3318 606 3354; x_wconf 85' lang='grc' dir='ltr'>τινι</span> <span class='ocrx_word' id='word_1_438' title='bbox 631 3299 741 3355; x_wconf 79' lang='grc' dir='ltr'><strong>τῶν</strong></span> <span class='ocrx_word' id='word_1_439' title='bbox 782 3302 903 3355; x_wconf 84' lang='grc' dir='ltr'>κατ’</span> <span class='ocrx_word' id='word_1_440' title='bbox 954 3299 1185 3374; x_wconf 81' lang='grc' dir='ltr'>οὐρανὸν</span> <span class='ocrx_word' id='word_1_441' title='bbox 1216 3300 1519 3373; x_wconf 83' lang='grc' dir='ltr'>ἀνθρώπων</span> <span class='ocrx_word' id='word_1_442' title='bbox 1552 3310 1584 3351; x_wconf 78' lang='lat' dir='ltr'><strong>b</strong></span> <span class='ocrx_word' id='word_1_443' title='bbox 1618 3299 1697 3372; x_wconf 85' lang='grc' dir='ltr'>τῷ</span> <span class='ocrx_word' id='word_1_444' title='bbox 1727 3326 1728 3333; x_wconf 57' lang='grc' dir='ltr'><strong>ι</strong></span> 
     </span>
    </p>
   </div>
   <div class='ocr_carea' id='block_1_58' title="bbox 1964 3299 3496 3375">
    <p class='ocr_par' dir='ltr' id='par_1_58' title="bbox 1964 3302 3496 3374">
     <span class='ocr_line' id='line_1_58' title="bbox 1964 3302 3496 3374; baseline 0.003 -17"><span class='ocrx_word' id='word_1_445' title='bbox 1964 3302 2085 3374; x_wconf 72' lang='grc'><strong>,98</strong></span> <span class='ocrx_word' id='word_1_446' title='bbox 2107 3303 2327 3373; x_wconf 90' lang='lat' dir='ltr'><strong>quidem</strong></span> <span class='ocrx_word' id='word_1_447' title='bbox 2376 3303 2445 3357; x_wconf 91' lang='lat' dir='ltr'><strong>ab</strong></span> <span class='ocrx_word' id='word_1_448' title='bbox 2476 3305 2774 3358; x_wconf 87' lang='lat' dir='ltr'><strong>sacrorum</strong></span> <span class='ocrx_word' id='word_1_449' title='bbox 2821 3316 3047 3357; x_wconf 92' lang='lat' dir='ltr'><strong>suorum</strong></span> <span class='ocrx_word' id='word_1_450' title='bbox 3093 3303 3496 3372; x_wconf 90' lang='lat' dir='ltr'><strong>inspectoribus</strong></span> 
     </span>
    </p>
   </div>
   <div class='ocr_carea' id='block_1_59' title="bbox 196 3391 1728 3468">
    <p class='ocr_par' dir='ltr' id='par_1_59' title="bbox 196 3392 1728 3468">
     <span class='ocr_line' id='line_1_59' title="bbox 196 3392 1728 3468; baseline -0.002 -21"><span class='ocrx_word' id='word_1_451' title='bbox 196 3393 371 3465; x_wconf 82' lang='grc' dir='ltr'>χόντι</span> <span class='ocrx_word' id='word_1_452' title='bbox 419 3393 763 3465; x_wconf 83' lang='grc' dir='ltr'>ὑποχείριον,</span> <span class='ocrx_word' id='word_1_453' title='bbox 810 3392 1041 3458; x_wconf 83' lang='grc' dir='ltr'>ἀπειλὰς</span> <span class='ocrx_word' id='word_1_454' title='bbox 1107 3392 1489 3468; x_wconf 75' lang='grc' dir='ltr'>προσφέροντα</span> <span class='ocrx_word' id='word_1_455' title='bbox 1539 3392 1728 3462; x_wconf 79' lang='grc' dir='ltr'>ἐκφοὸε</span> 
     </span>
    </p>
   </div>
   <div class='ocr_carea' id='block_1_60' title="bbox 1965 3391 3497 3468">
    <p class='ocr_par' dir='ltr' id='par_1_60' title="bbox 1965 3391 3497 3464">
     <span class='ocr_line' id='line_1_60' title="bbox 1965 3391 3497 3464; baseline 0.004 -17"><span class='ocrx_word' id='word_1_456' title='bbox 1965 3393 2069 3464; x_wconf 80' lang='lat' dir='ltr'><strong>mgi</strong></span> <span class='ocrx_word' id='word_1_457' title='bbox 2119 3391 2277 3449; x_wconf 80' lang='lat' dir='ltr'><strong>nefas</strong></span> <span class='ocrx_word' id='word_1_458' title='bbox 2323 3407 2446 3448; x_wconf 89' lang='lat' dir='ltr'><strong>esse</strong></span> <span class='ocrx_word' id='word_1_459' title='bbox 2489 3400 2775 3460; x_wconf 85' lang='lat' dir='ltr'><strong>statuunt;</strong></span> <span class='ocrx_word' id='word_1_460' title='bbox 2811 3393 2967 3448; x_wconf 83' lang='lat' dir='ltr'><strong>caesis</strong></span> <span class='ocrx_word' id='word_1_461' title='bbox 3020 3402 3204 3448; x_wconf 88' lang='lat' dir='ltr'><strong>tamen</strong></span> <span class='ocrx_word' id='word_1_462' title='bbox 3259 3395 3497 3455; x_wconf 80' lang='lat' dir='ltr'><strong>victimis</strong></span> 
     </span>
    </p>
   </div>
   <div class='ocr_carea' id='block_1_61' title="bbox 198 3478 1730 3557">
    <p class='ocr_par' dir='ltr' id='par_1_61' title="bbox 198 3484 1730 3557">
     <span class='ocr_line' id='line_1_61' title="bbox 198 3484 1730 3557; baseline -0.001 -18"><span class='ocrx_word' id='word_1_463' title='bbox 198 3485 549 3557; x_wconf 63' lang='grc' dir='ltr'>ψευδόμενον</span> <span class='ocrx_word' id='word_1_464' title='bbox 599 3485 667 3538; x_wconf 74' lang='grc' dir='ltr'><strong>ἶν’</strong></span> <span class='ocrx_word' id='word_1_465' title='bbox 715 3487 912 3539; x_wconf 82' lang='grc' dir='ltr'>ἐκεῖνοι</span> <span class='ocrx_word' id='word_1_466' title='bbox 962 3484 1322 3556; x_wconf 83' lang='grc' dir='ltr'>ἀληθεύσωσι.</span> <span class='ocrx_word' id='word_1_467' title='bbox 1373 3484 1448 3537; x_wconf 79' lang='grc' dir='ltr'>Τὸ</span> <span class='ocrx_word' id='word_1_468' title='bbox 1492 3484 1602 3557; x_wconf 81' lang='grc' dir='ltr'>γὰρ</span> <span class='ocrx_word' id='word_1_469' title='bbox 1632 3484 1730 3554; x_wconf 83' lang='grc' dir='ltr'><strong>λέγ</strong></span> 
     </span>
    </p>
   </div>
   <div class='ocr_carea' id='block_1_62' title="bbox 1963 3478 3495 3557">
    <p class='ocr_par' dir='ltr' id='par_1_62' title="bbox 1963 3478 3495 3557">
     <span class='ocr_line' id='line_1_62' title="bbox 1963 3478 3495 3557; baseline 0.002 -19"><span class='ocrx_word' id='word_1_470' title='bbox 1963 3497 2148 3538; x_wconf 87' lang='lat' dir='ltr'><strong>eorum</strong></span> <span class='ocrx_word' id='word_1_471' title='bbox 2175 3483 2529 3539; x_wconf 88' lang='lat' dir='ltr'><strong>evocationes</strong></span> <span class='ocrx_word' id='word_1_472' title='bbox 2557 3490 2766 3553; x_wconf 85' lang='lat' dir='ltr'><strong>partem</strong></span> <span class='ocrx_word' id='word_1_473' title='bbox 2815 3478 3112 3539; x_wconf 63' lang='lat' dir='ltr'><strong>masimam</strong></span> <span class='ocrx_word' id='word_1_474' title='bbox 3142 3498 3495 3557; x_wconf 85' lang='lat' dir='ltr'><strong>peraguntur.</strong></span> 
     </span>
    </p>
   </div>
   <div class='ocr_carea' id='block_1_63' title="bbox 203 3559 1735 3648">
    <p class='ocr_par' dir='ltr' id='par_1_63' title="bbox 203 3572 1735 3648">
     <span class='ocr_line' id='line_1_63' title="bbox 203 3572 1735 3648; baseline -0.001 -20"><span class='ocrx_word' id='word_1_475' title='bbox 203 3572 349 3647; x_wconf 72' lang='grc'><strong>(21),</strong></span> <span class='ocrx_word' id='word_1_476' title='bbox 403 3575 487 3628; x_wconf 84' lang='grc' dir='ltr'><strong>ὅτι</strong></span> <span class='ocrx_word' id='word_1_477' title='bbox 531 3574 621 3629; x_wconf 80' lang='grc' dir='ltr'><strong>τὸν</strong></span> <span class='ocrx_word' id='word_1_478' title='bbox 667 3574 896 3648; x_wconf 70' lang='grc' dir='ltr'>οὐρανὸν</span> <span class='ocrx_word' id='word_1_479' title='bbox 953 3574 1313 3647; x_wconf 76' lang='grc' dir='ltr'>προσαράξει,</span> <span class='ocrx_word' id='word_1_480' title='bbox 1357 3577 1451 3631; x_wconf 75' lang='grc' dir='ltr'>καὶ</span> <span class='ocrx_word' id='word_1_481' title='bbox 1495 3575 1565 3630; x_wconf 76' lang='grc' dir='ltr'>τὰ</span> <span class='ocrx_word' id='word_1_482' title='bbox 1599 3593 1735 3647; x_wconf 69' lang='grc' dir='ltr'>κρυτ</span> 
     </span>
    </p>
   </div>
   <div class='ocr_carea' id='block_1_64' title="bbox 1996 3559 3528 3648">
    <p class='ocr_par' dir='ltr' id='par_1_64' title="bbox 1996 3559 3528 3647">
     <span class='ocr_line' id='line_1_64' title="bbox 1996 3559 3528 3647; baseline 0.004 -20"><span class='ocrx_word' id='word_1_483' title='bbox 1996 3573 2188 3644; x_wconf 84' lang='lat' dir='ltr'><strong>Iodque</strong></span> <span class='ocrx_word' id='word_1_484' title='bbox 2210 3575 2458 3628; x_wconf 90' lang='lat' dir='ltr'><strong>omnium</strong></span> <span class='ocrx_word' id='word_1_485' title='bbox 2483 3559 2943 3629; x_wconf 83' lang='lat' dir='ltr'><strong>absurdissimum</strong></span> <span class='ocrx_word' id='word_1_486' title='bbox 2973 3584 3078 3643; x_wconf 86' lang='lat' dir='ltr'><strong>est,</strong></span> <span class='ocrx_word' id='word_1_487' title='bbox 3106 3591 3214 3631; x_wconf 92' lang='lat' dir='ltr'><strong>non</strong></span> <span class='ocrx_word' id='word_1_488' title='bbox 3234 3580 3348 3647; x_wconf 90' lang='lat' dir='ltr'><strong>jam</strong></span> <span class='ocrx_word' id='word_1_489' title='bbox 3377 3578 3528 3633; x_wconf 85' lang='lat' dir='ltr'><strong>vul-.</strong></span> 
     </span>
    </p>
   </div>
   <div class='ocr_carea' id='block_1_65' title="bbox 202 3654 1734 3741">
    <p class='ocr_par' dir='ltr' id='par_1_65' title="bbox 202 3654 1734 3741">
     <span class='ocr_line' id='line_1_65' title="bbox 202 3654 1734 3741; baseline 0.001 -22"><span class='ocrx_word' id='word_1_490' title='bbox 202 3667 312 3737; x_wconf 78' lang='grc' dir='ltr'>τῆς</span> <span class='ocrx_word' id='word_1_491' title='bbox 357 3667 559 3731; x_wconf 81' lang='grc' dir='ltr'>Ἴσιδος</span> <span class='ocrx_word' id='word_1_492' title='bbox 600 3669 849 3738; x_wconf 80' lang='grc' dir='ltr'>ἐκφανεῖ,</span> <span class='ocrx_word' id='word_1_493' title='bbox 882 3669 977 3721; x_wconf 76' lang='grc' dir='ltr'><strong>καὶ</strong></span> <span class='ocrx_word' id='word_1_494' title='bbox 1005 3654 1068 3721; x_wconf 84' lang='grc' dir='ltr'><strong>τὸ</strong></span> <span class='ocrx_word' id='word_1_495' title='bbox 1094 3669 1153 3722; x_wconf 81' lang='grc' dir='ltr'><strong>ἐν</strong></span> <span class='ocrx_word' id='word_1_496' title='bbox 1195 3667 1402 3739; x_wconf 82' lang='grc' dir='ltr'>Ἀϐύδῳ</span> <span class='ocrx_word' id='word_1_497' title='bbox 1429 3667 1540 3739; x_wconf 68' lang='grc' dir='ltr'><strong>(ἓὲζ)</strong></span> <span class='ocrx_word' id='word_1_498' title='bbox 1570 3667 1734 3741; x_wconf 66' lang='grc' dir='ltr'>ἀπόρε</span> 
     </span>
    </p>
   </div>
   <div class='ocr_carea' id='block_1_66' title="bbox 1964 3654 3496 3741">
    <p class='ocr_par' dir='ltr' id='par_1_66' title="bbox 1964 3661 3496 3736">
     <span class='ocr_line' id='line_1_66' title="bbox 1964 3661 3496 3736; baseline 0.003 -15"><span class='ocrx_word' id='word_1_499' title='bbox 1964 3667 2038 3721; x_wconf 79' lang='lat' dir='ltr'><strong>ari</strong></span> <span class='ocrx_word' id='word_1_500' title='bbox 2087 3665 2328 3736; x_wconf 89' lang='lat' dir='ltr'><strong>cuipiam</strong></span> <span class='ocrx_word' id='word_1_501' title='bbox 2376 3665 2643 3732; x_wconf 66' lang='lat' dir='ltr'><strong>daemoni,</strong></span> <span class='ocrx_word' id='word_1_502' title='bbox 2691 3676 2785 3723; x_wconf 90' lang='lat' dir='ltr'><strong>aut</strong></span> <span class='ocrx_word' id='word_1_503' title='bbox 2828 3661 3072 3722; x_wconf 78' lang='lat' dir='ltr'><strong>defuncti</strong></span> <span class='ocrx_word' id='word_1_504' title='bbox 3114 3668 3347 3735; x_wconf 81' lang='lat' dir='ltr'><strong>animae,</strong></span> <span class='ocrx_word' id='word_1_505' title='bbox 3399 3670 3496 3726; x_wconf 85' lang='lat' dir='ltr'><strong>sed</strong></span> 
     </span>
    </p>
   </div>
   <div class='ocr_carea' id='block_1_67' title="bbox 203 3757 1735 3834">
    <p class='ocr_par' dir='ltr' id='par_1_67' title="bbox 203 3758 1735 3832">
     <span class='ocr_line' id='line_1_67' title="bbox 203 3758 1735 3832; baseline 0.001 -21"><span class='ocrx_word' id='word_1_506' title='bbox 203 3772 303 3811; x_wconf 81' lang='grc' dir='ltr'><strong>τον</strong></span> <span class='ocrx_word' id='word_1_507' title='bbox 342 3758 536 3824; x_wconf 84' lang='grc' dir='ltr'>δείξει,</span> <span class='ocrx_word' id='word_1_508' title='bbox 571 3759 667 3813; x_wconf 75' lang='grc' dir='ltr'><strong>καὶ</strong></span> <span class='ocrx_word' id='word_1_509' title='bbox 710 3759 812 3832; x_wconf 78' lang='grc' dir='ltr'>τὴν</span> <span class='ocrx_word' id='word_1_510' title='bbox 847 3759 1006 3831; x_wconf 84' lang='grc' dir='ltr'>βάριν</span> <span class='ocrx_word' id='word_1_511' title='bbox 1050 3760 1241 3830; x_wconf 78' lang='grc' dir='ltr'>στήσει</span> <span class='ocrx_word' id='word_1_512' title='bbox 1274 3758 1405 3831; x_wconf 71' lang='grc'>(25),</span> <span class='ocrx_word' id='word_1_513' title='bbox 1439 3761 1534 3814; x_wconf 81' lang='grc' dir='ltr'>καὶ</span> <span class='ocrx_word' id='word_1_514' title='bbox 1579 3759 1648 3813; x_wconf 78' lang='grc' dir='ltr'>τὰ</span> <span class='ocrx_word' id='word_1_515' title='bbox 1685 3778 1735 3831; x_wconf 74' lang='grc' dir='ltr'>με</span> 
     </span>
    </p>
   </div>
   <div class='ocr_carea' id='block_1_68' title="bbox 1962 3757 3494 3834">
    <p class='ocr_par' dir='ltr' id='par_1_68' title="bbox 1962 3757 3494 3834">
     <span class='ocr_line' id='line_1_68' title="bbox 1962 3757 3494 3834; baseline 0.004 -20"><span class='ocrx_word' id='word_1_516' title='bbox 1962 3759 2141 3815; x_wconf 77' lang='grc' dir='ltr'>›εἰηιοι</span> <span class='ocrx_word' id='word_1_517' title='bbox 2188 3760 2291 3816; x_wconf 90' lang='lat' dir='ltr'><strong>soli</strong></span> <span class='ocrx_word' id='word_1_518' title='bbox 2344 3760 2584 3816; x_wconf 85' lang='lat' dir='ltr'><strong>siderum</strong></span> <span class='ocrx_word' id='word_1_519' title='bbox 2629 3757 3104 3831; x_wconf 62' lang='lat' dir='ltr'><strong>principi,&#39;lunae,</strong></span> <span class='ocrx_word' id='word_1_520' title='bbox 3157 3763 3494 3834; x_wconf 88' lang='lat' dir='ltr'><strong>reliquisque</strong></span> 
     </span>
    </p>
   </div>
   <div class='ocr_carea' id='block_1_69' title="bbox 205 3844 1737 3924">
    <p class='ocr_par' dir='ltr' id='par_1_69' title="bbox 205 3844 1737 3924">
     <span class='ocr_line' id='line_1_69' title="bbox 205 3844 1737 3924; baseline 0.003 -24"><span class='ocrx_word' id='word_1_521' title='bbox 205 3844 307 3924; x_wconf 77' lang='grc' dir='ltr'>τοῦ</span> <span class='ocrx_word' id='word_1_522' title='bbox 374 3848 642 3921; x_wconf 80' lang='grc' dir='ltr'>Ὀσίριδος</span> <span class='ocrx_word' id='word_1_523' title='bbox 685 3849 1034 3903; x_wconf 77' lang='grc' dir='ltr'>διασκεδάσει</span> <span class='ocrx_word' id='word_1_524' title='bbox 1102 3848 1180 3918; x_wconf 83' lang='grc' dir='ltr'>τῷ</span> <span class='ocrx_word' id='word_1_525' title='bbox 1242 3848 1498 3919; x_wconf 82' lang='grc' dir='ltr'>Τυφῶνι,</span> <span class='ocrx_word' id='word_1_526' title='bbox 1553 3849 1674 3903; x_wconf 88' lang='grc' dir='ltr'>τίνα</span> <span class='ocrx_word' id='word_1_527' title='bbox 1723 3868 1737 3904; x_wconf 74' lang='grc' dir='ltr'><strong>ι</strong></span> 
     </span>
    </p>
   </div>
   <div class='ocr_carea' id='block_1_70' title="bbox 1963 3844 3495 3924">
    <p class='ocr_par' dir='ltr' id='par_1_70' title="bbox 1963 3851 3495 3924">
     <span class='ocr_line' id='line_1_70' title="bbox 1963 3851 3495 3924; baseline 0.004 -20"><span class='ocrx_word' id='word_1_528' title='bbox 1963 3851 2029 3907; x_wconf 94' lang='lat' dir='ltr'><strong>iis</strong></span> <span class='ocrx_word' id='word_1_529' title='bbox 2071 3851 2408 3915; x_wconf 85' lang='lat' dir='ltr'><strong>coelestibus,</strong></span> <span class='ocrx_word' id='word_1_530' title='bbox 2458 3852 2627 3907; x_wconf 89' lang='lat' dir='ltr'><strong>homo</strong></span> <span class='ocrx_word' id='word_1_531' title='bbox 2680 3852 2853 3909; x_wconf 82' lang='lat' dir='ltr'><strong>cuivis</strong></span> <span class='ocrx_word' id='word_1_532' title='bbox 2909 3867 2941 3908; x_wconf 90' lang='lat' dir='ltr'><strong>e</strong></span> <span class='ocrx_word' id='word_1_533' title='bbox 2985 3854 3175 3924; x_wconf 91' lang='lat' dir='ltr'><strong>populi</strong></span> <span class='ocrx_word' id='word_1_534' title='bbox 3227 3854 3357 3910; x_wconf 81' lang='lat' dir='ltr'><strong>faece</strong></span> <span class='ocrx_word' id='word_1_535' title='bbox 3396 3857 3495 3910; x_wconf 90' lang='lat' dir='ltr'><strong>ob-</strong></span> 
     </span>
    </p>
   </div>
   <div class='ocr_carea' id='block_1_71' title="bbox 208 3920 1740 4017">
    <p class='ocr_par' dir='ltr' id='par_1_71' title="bbox 208 3920 1719 4017">
     <span class='ocr_line' id='line_1_71' title="bbox 208 3920 1719 4017; baseline 0.001 -26"><span class='ocrx_word' id='word_1_536' title='bbox 208 3920 325 4010; x_wconf 69' lang='lat' dir='ltr'><strong>(es)</strong></span> <span class='ocrx_word' id='word_1_537' title='bbox 360 3920 670 4011; x_wconf 77' lang='grc' dir='ltr'>ὑπερϐολὴν</span> <span class='ocrx_word' id='word_1_538' title='bbox 706 3937 1006 4017; x_wconf 77' lang='grc' dir='ltr'>ἐκπληξίας</span> <span class='ocrx_word' id='word_1_539' title='bbox 1075 3939 1175 4011; x_wconf 85' lang='grc' dir='ltr'>μὲν</span> <span class='ocrx_word' id='word_1_540' title='bbox 1232 3937 1311 4009; x_wconf 83' lang='grc' dir='ltr'>τῷ</span> <span class='ocrx_word' id='word_1_541' title='bbox 1372 3938 1719 4005; x_wconf 74' lang='grc' dir='ltr'>ἀπειλοῦντι,</span> 
     </span>
    </p>
   </div>
   <div class='ocr_carea' id='block_1_72' title="bbox 1962 3920 3494 4017">
    <p class='ocr_par' dir='ltr' id='par_1_72' title="bbox 1963 3943 3494 4014">
     <span class='ocr_line' id='line_1_72' title="bbox 1963 3943 3494 4014; baseline 0.002 -15"><span class='ocrx_word' id='word_1_542' title='bbox 1963 3944 2123 3999; x_wconf 83' lang='lat' dir='ltr'><strong>oxius</strong></span> <span class='ocrx_word' id='word_1_543' title='bbox 2144 3943 2323 3999; x_wconf 91' lang='lat' dir='ltr'><strong>minas</strong></span> <span class='ocrx_word' id='word_1_544' title='bbox 2350 3943 2601 4010; x_wconf 86' lang='lat' dir='ltr'><strong>intentat,</strong></span> <span class='ocrx_word' id='word_1_545' title='bbox 2628 3952 2794 4014; x_wconf 90' lang='lat' dir='ltr'><strong>atque</strong></span> <span class='ocrx_word' id='word_1_546' title='bbox 2819 3954 2880 3998; x_wconf 88' lang='lat' dir='ltr'><strong>ut</strong></span> <span class='ocrx_word' id='word_1_547' title='bbox 2896 3958 2992 3999; x_wconf 91' lang='lat' dir='ltr'><strong>eos</strong></span> <span class='ocrx_word' id='word_1_548' title='bbox 3013 3944 3080 3999; x_wconf 86' lang='lat' dir='ltr'><strong>ad</strong></span> <span class='ocrx_word' id='word_1_549' title='bbox 3111 3958 3239 3999; x_wconf 88' lang='lat' dir='ltr'><strong>vera</strong></span> <span class='ocrx_word' id='word_1_550' title='bbox 3265 3944 3494 4002; x_wconf 86' lang='lat' dir='ltr'><strong>dicenda</strong></span> 
     </span>
    </p>
   </div>
   <div class='ocr_carea' id='block_1_73' title="bbox 212 4029 1744 4108">
    <p class='ocr_par' dir='ltr' id='par_1_73' title="bbox 212 4029 1744 4106">
     <span class='ocr_line' id='line_1_73' title="bbox 212 4029 1744 4106; baseline -0.002 -20"><span class='ocrx_word' id='word_1_551' title='bbox 212 4035 357 4106; x_wconf 79' lang='grc' dir='ltr'>μήτε</span> <span class='ocrx_word' id='word_1_552' title='bbox 403 4029 536 4097; x_wconf 73' lang='grc' dir='ltr'>εἶδε,</span> <span class='ocrx_word' id='word_1_553' title='bbox 572 4034 710 4104; x_wconf 80' lang='grc' dir='ltr'>μήτε</span> <span class='ocrx_word' id='word_1_554' title='bbox 749 4030 994 4105; x_wconf 76' lang='grc' dir='ltr'>δύναται,</span> <span class='ocrx_word' id='word_1_555' title='bbox 1043 4031 1383 4097; x_wconf 82' lang='grc' dir='ltr'>καταλείπει,</span> <span class='ocrx_word' id='word_1_556' title='bbox 1434 4032 1744 4105; x_wconf 69' lang='grc' dir='ltr'>ταπεινότηπ</span> 
     </span>
    </p>
   </div>
   <div class='ocr_carea' id='block_1_74' title="bbox 1960 4029 3492 4108">
    <p class='ocr_par' dir='ltr' id='par_1_74' title="bbox 1960 4033 3492 4108">
     <span class='ocr_line' id='line_1_74' title="bbox 1960 4033 3492 4108; baseline 0.005 -19"><span class='ocrx_word' id='word_1_557' title='bbox 1960 4035 2251 4106; x_wconf 84' lang='lat' dir='ltr'><strong>ompellat,</strong></span> <span class='ocrx_word' id='word_1_558' title='bbox 2302 4033 2503 4091; x_wconf 85' lang='lat' dir='ltr'><strong>falsum</strong></span> <span class='ocrx_word' id='word_1_559' title='bbox 2552 4050 2865 4108; x_wconf 90' lang='lat' dir='ltr'><strong>vanumque</strong></span> <span class='ocrx_word' id='word_1_560' title='bbox 2906 4044 3174 4091; x_wconf 90' lang='lat' dir='ltr'><strong>terrorem</strong></span> <span class='ocrx_word' id='word_1_561' title='bbox 3235 4038 3492 4096; x_wconf 87' lang='lat' dir='ltr'><strong>ostendit.</strong></span> 
     </span>
    </p>
   </div>
   <div class='ocr_carea' id='block_1_75' title="bbox 205 4120 1737 4199">
    <p class='ocr_par' dir='ltr' id='par_1_75' title="bbox 205 4120 1737 4194">
     <span class='ocr_line' id='line_1_75' title="bbox 205 4120 1737 4194; baseline -0.003 -14"><span class='ocrx_word' id='word_1_562' title='bbox 205 4124 269 4180; x_wconf 72' lang='grc' dir='ltr'>δὲ</span> <span class='ocrx_word' id='word_1_563' title='bbox 296 4126 417 4187; x_wconf 76' lang='grc' dir='ltr'>τοῖς</span> <span class='ocrx_word' id='word_1_564' title='bbox 453 4122 745 4176; x_wconf 80' lang='grc' dir='ltr'>δεδοικόσιν</span> <span class='ocrx_word' id='word_1_565' title='bbox 787 4121 932 4176; x_wconf 72' lang='grc' dir='ltr'>οὕτω</span> <span class='ocrx_word' id='word_1_566' title='bbox 962 4121 1118 4176; x_wconf 79' lang='grc' dir='ltr'>κενδν</span> <span class='ocrx_word' id='word_1_567' title='bbox 1152 4120 1316 4192; x_wconf 82' lang='grc' dir='ltr'>φόϐον</span> <span class='ocrx_word' id='word_1_568' title='bbox 1360 4124 1454 4177; x_wconf 74' lang='grc' dir='ltr'><strong>καὶ</strong></span> <span class='ocrx_word' id='word_1_569' title='bbox 1501 4122 1737 4194; x_wconf 70' lang='grc' dir='ltr'>πλάσμαε</span> 
     </span>
    </p>
   </div>
   <div class='ocr_carea' id='block_1_76' title="bbox 1962 4120 3494 4199">
    <p class='ocr_par' dir='ltr' id='par_1_76' title="bbox 1962 4126 3494 4199">
     <span class='ocr_line' id='line_1_76' title="bbox 1962 4126 3494 4199; baseline 0.001 -15"><span class='ocrx_word' id='word_1_570' title='bbox 1962 4126 2058 4184; x_wconf 75' lang='lat' dir='ltr'><strong>lam</strong></span> <span class='ocrx_word' id='word_1_571' title='bbox 2101 4129 2347 4185; x_wconf 88' lang='lat' dir='ltr'><strong>futurum</strong></span> <span class='ocrx_word' id='word_1_572' title='bbox 2392 4128 2753 4196; x_wconf 89' lang='lat' dir='ltr'><strong>denuntiare,</strong></span> <span class='ocrx_word' id='word_1_573' title='bbox 2807 4131 2888 4185; x_wconf 85' lang='lat' dir='ltr'><strong>uti</strong></span> <span class='ocrx_word' id='word_1_574' title='bbox 2940 4129 3024 4185; x_wconf 88' lang='lat' dir='ltr'><strong>vel</strong></span> <span class='ocrx_word' id='word_1_575' title='bbox 3075 4130 3275 4186; x_wconf 76' lang='lat' dir='ltr'><strong>cmlum</strong></span> <span class='ocrx_word' id='word_1_576' title='bbox 3316 4132 3494 4199; x_wconf 88' lang='lat' dir='ltr'><strong>ipsum</strong></span> 
     </span>
    </p>
   </div>
   <div class='ocr_carea' id='block_1_77' title="bbox 207 4206 1739 4294">
    <p class='ocr_par' dir='ltr' id='par_1_77' title="bbox 207 4213 1739 4286">
     <span class='ocr_line' id='line_1_77' title="bbox 207 4213 1739 4286; baseline 0.001 -19"><span class='ocrx_word' id='word_1_577' title='bbox 207 4215 286 4279; x_wconf 79' lang='grc' dir='ltr'>ὡς</span> <span class='ocrx_word' id='word_1_578' title='bbox 321 4213 523 4285; x_wconf 82' lang='grc' dir='ltr'>κομιδῇ</span> <span class='ocrx_word' id='word_1_579' title='bbox 565 4214 753 4279; x_wconf 84' lang='grc' dir='ltr'>παῖδες</span> <span class='ocrx_word' id='word_1_580' title='bbox 792 4213 1041 4285; x_wconf 84' lang='grc' dir='ltr'>ἀνόητοι;</span> <span class='ocrx_word' id='word_1_581' title='bbox 1074 4214 1270 4267; x_wconf 84' lang='grc' dir='ltr'>Καίτοι</span> <span class='ocrx_word' id='word_1_582' title='bbox 1302 4213 1398 4268; x_wconf 75' lang='grc' dir='ltr'><strong>καὶ</strong></span> <span class='ocrx_word' id='word_1_583' title='bbox 1436 4214 1739 4286; x_wconf 83' lang='grc' dir='ltr'>Χαιρήμων</span> 
     </span>
    </p>
   </div>
   <div class='ocr_carea' id='block_1_78' title="bbox 1961 4206 3493 4294">
    <p class='ocr_par' dir='ltr' id='par_1_78' title="bbox 1963 4206 3493 4294">
     <span class='ocr_line' id='line_1_78' title="bbox 1963 4206 3493 4294; baseline 0 -17"><span class='ocrx_word' id='word_1_584' title='bbox 1963 4223 2156 4287; x_wconf 89' lang='lat' dir='ltr'><strong>uatiat,</strong></span> <span class='ocrx_word' id='word_1_585' title='bbox 2185 4222 2270 4277; x_wconf 84' lang='lat' dir='ltr'><strong>vel</strong></span> <span class='ocrx_word' id='word_1_586' title='bbox 2291 4220 2449 4279; x_wconf 88' lang='lat' dir='ltr'><strong>Isidis</strong></span> <span class='ocrx_word' id='word_1_587' title='bbox 2474 4238 2675 4279; x_wconf 90' lang='lat' dir='ltr'><strong>arcana</strong></span> <span class='ocrx_word' id='word_1_588' title='bbox 2703 4222 3014 4294; x_wconf 87' lang='lat' dir='ltr'><strong>patefaciat,</strong></span> <span class='ocrx_word' id='word_1_589' title='bbox 3046 4222 3131 4277; x_wconf 81' lang='lat' dir='ltr'><strong>vel</strong></span> <span class='ocrx_word' id='word_1_590' title='bbox 3153 4222 3297 4292; x_wconf 87' lang='lat' dir='ltr'><strong>quod</strong></span> <span class='ocrx_word' id='word_1_591' title='bbox 3320 4206 3493 4293; x_wconf 71' lang='lat' dir='ltr'><strong>Abydi</strong></span> 
     </span>
    </p>
   </div>
   <div class='ocr_carea' id='block_1_79' title="bbox 207 4302 1739 4385">
    <p class='ocr_par' dir='ltr' id='par_1_79' title="bbox 207 4302 1739 4377">
     <span class='ocr_line' id='line_1_79' title="bbox 207 4302 1739 4377; baseline -0.002 -17"><span class='ocrx_word' id='word_1_592' title='bbox 207 4307 697 4377; x_wconf 70' lang='grc' dir='ltr'>ἱερογραμματεὺς</span> <span class='ocrx_word' id='word_1_593' title='bbox 729 4304 1034 4376; x_wconf 83' lang='grc' dir='ltr'>ἀναγράφει</span> <span class='ocrx_word' id='word_1_594' title='bbox 1066 4302 1258 4369; x_wconf 76' lang='grc' dir='ltr'>ταῦτα,</span> <span class='ocrx_word' id='word_1_595' title='bbox 1300 4305 1378 4368; x_wconf 82' lang='grc' dir='ltr'><strong>ὡς</strong></span> <span class='ocrx_word' id='word_1_596' title='bbox 1425 4306 1522 4358; x_wconf 75' lang='grc' dir='ltr'><strong>καὶ</strong></span> <span class='ocrx_word' id='word_1_597' title='bbox 1566 4306 1698 4376; x_wconf 82' lang='grc' dir='ltr'>παρ’</span> <span class='ocrx_word' id='word_1_598' title='bbox 1728 4330 1739 4356; x_wconf 63' lang='grc' dir='ltr'><em>λ</em></span> 
     </span>
    </p>
   </div>
   <div class='ocr_carea' id='block_1_80' title="bbox 1965 4302 3497 4385">
    <p class='ocr_par' dir='ltr' id='par_1_80' title="bbox 1965 4312 3497 4385">
     <span class='ocr_line' id='line_1_80' title="bbox 1965 4312 3497 4385; baseline -0.002 -15"><span class='ocrx_word' id='word_1_599' title='bbox 1965 4315 2199 4371; x_wconf 89' lang='lat' dir='ltr'><strong>ccultum</strong></span> <span class='ocrx_word' id='word_1_600' title='bbox 2233 4315 2384 4381; x_wconf 88' lang='lat' dir='ltr'><strong>latet,</strong></span> <span class='ocrx_word' id='word_1_601' title='bbox 2418 4314 2682 4385; x_wconf 87' lang='lat' dir='ltr'><strong>dictuque</strong></span> <span class='ocrx_word' id='word_1_602' title='bbox 2713 4313 2871 4370; x_wconf 85' lang='lat' dir='ltr'><strong>nefas</strong></span> <span class='ocrx_word' id='word_1_603' title='bbox 2908 4322 3013 4378; x_wconf 90' lang='lat' dir='ltr'><strong>est,</strong></span> <span class='ocrx_word' id='word_1_604' title='bbox 3054 4312 3109 4367; x_wconf 93' lang='lat' dir='ltr'><strong>in</strong></span> <span class='ocrx_word' id='word_1_605' title='bbox 3151 4314 3327 4369; x_wconf 90' lang='lat' dir='ltr'><strong>lucem</strong></span> <span class='ocrx_word' id='word_1_606' title='bbox 3369 4328 3497 4383; x_wconf 91' lang='lat' dir='ltr'><strong>pro-</strong></span> 
     </span>
    </p>
   </div>
   <div class='ocr_carea' id='block_1_81' title="bbox 209 4392 1741 4478">
    <p class='ocr_par' dir='ltr' id='par_1_81' title="bbox 209 4392 1741 4468">
     <span class='ocr_line' id='line_1_81' title="bbox 209 4392 1741 4468; baseline -0.001 -18"><span class='ocrx_word' id='word_1_607' title='bbox 209 4397 471 4466; x_wconf 81' lang='grc' dir='ltr'>γυπτίοις</span> <span class='ocrx_word' id='word_1_608' title='bbox 524 4395 914 4468; x_wconf 62' lang='grc' dir='ltr'>θρυλλούμενω</span> <span class='ocrx_word' id='word_1_609' title='bbox 968 4394 1062 4449; x_wconf 76' lang='grc' dir='ltr'>καὶ</span> <span class='ocrx_word' id='word_1_610' title='bbox 1114 4395 1290 4451; x_wconf 82' lang='grc' dir='ltr'>ταῦτά</span> <span class='ocrx_word' id='word_1_611' title='bbox 1316 4413 1481 4466; x_wconf 85' lang='grc' dir='ltr'>φασιν</span> <span class='ocrx_word' id='word_1_612' title='bbox 1529 4392 1667 4451; x_wconf 80' lang='grc' dir='ltr'>εἶναι</span> <span class='ocrx_word' id='word_1_613' title='bbox 1715 4413 1741 4449; x_wconf 65' lang='grc' dir='ltr'><em>κ</em></span> 
     </span>
    </p>
   </div>
   <div class='ocr_carea' id='block_1_82' title="bbox 1962 4392 3494 4478">
    <p class='ocr_par' dir='ltr' id='par_1_82' title="bbox 1962 4404 3494 4478">
     <span class='ocr_line' id='line_1_82' title="bbox 1962 4404 3494 4478; baseline -0.001 -16"><span class='ocrx_word' id='word_1_614' title='bbox 1962 4414 2086 4472; x_wconf 66' lang='lat' dir='ltr'><strong>arat,</strong></span> <span class='ocrx_word' id='word_1_615' title='bbox 2115 4406 2200 4461; x_wconf 91' lang='lat' dir='ltr'><strong>vel</strong></span> <span class='ocrx_word' id='word_1_616' title='bbox 2233 4404 2570 4478; x_wconf 58' lang='lat' dir='ltr'><strong>Egyptiaca:</strong></span> <span class='ocrx_word' id='word_1_617' title='bbox 2592 4407 2747 4461; x_wconf 89' lang='lat' dir='ltr'><strong>navis</strong></span> <span class='ocrx_word' id='word_1_618' title='bbox 2780 4422 3004 4463; x_wconf 89' lang='lat' dir='ltr'><strong>cursum</strong></span> <span class='ocrx_word' id='word_1_619' title='bbox 3034 4407 3296 4471; x_wconf 82' lang='lat' dir='ltr'><strong>inhibeat,</strong></span> <span class='ocrx_word' id='word_1_620' title='bbox 3332 4407 3418 4461; x_wconf 85' lang='lat' dir='ltr'><strong>vel</strong></span> <span class='ocrx_word' id='word_1_621' title='bbox 3440 4408 3494 4473; x_wconf 85' lang='lat' dir='ltr'><strong>in</strong></span> 
     </span>
    </p>
   </div>
   <div class='ocr_carea' id='block_1_83' title="bbox 207 4479 1739 4568">
    <p class='ocr_par' dir='ltr' id='par_1_83' title="bbox 207 4485 1739 4558">
     <span class='ocr_line' id='line_1_83' title="bbox 207 4485 1739 4558; baseline 0 -19"><span class='ocrx_word' id='word_1_622' title='bbox 207 4487 282 4540; x_wconf 74' lang='grc' dir='ltr'>τὰ</span> <span class='ocrx_word' id='word_1_623' title='bbox 329 4485 563 4540; x_wconf 75' lang='grc' dir='ltr'>τοιαῦτα</span> <span class='ocrx_word' id='word_1_624' title='bbox 608 4486 1032 4557; x_wconf 53' lang='grc' dir='ltr'>βιαστικώτατα,</span> <span class='ocrx_word' id='word_1_625' title='bbox 1084 4486 1256 4540; x_wconf 59' lang='lat' dir='ltr'><strong>Adetii.</strong></span> <span class='ocrx_word' id='word_1_626' title='bbox 1293 4485 1355 4540; x_wconf 81' lang='grc' dir='ltr'>δὲ</span> <span class='ocrx_word' id='word_1_627' title='bbox 1383 4487 1440 4540; x_wconf 80' lang='grc' dir='ltr'>αἱ</span> <span class='ocrx_word' id='word_1_628' title='bbox 1470 4486 1647 4558; x_wconf 71' lang='grc' dir='ltr'>εὐχαὶ,</span> <span class='ocrx_word' id='word_1_629' title='bbox 1694 4488 1739 4539; x_wconf 76' lang='grc' dir='ltr'>τι</span> 
     </span>
    </p>
   </div>
   <div class='ocr_carea' id='block_1_84' title="bbox 1964 4479 3496 4568">
    <p class='ocr_par' dir='ltr' id='par_1_84' title="bbox 1964 4495 3496 4568">
     <span class='ocr_line' id='line_1_84' title="bbox 1964 4495 3496 4568; baseline -0.001 -16"><span class='ocrx_word' id='word_1_630' title='bbox 1964 4495 2206 4567; x_wconf 83' lang='lat' dir='ltr'><strong>&#39;yphonis</strong></span> <span class='ocrx_word' id='word_1_631' title='bbox 2236 4497 2467 4567; x_wconf 82' lang='lat' dir='ltr'><strong>gratiam</strong></span> <span class='ocrx_word' id='word_1_632' title='bbox 2500 4495 2734 4553; x_wconf 90' lang='lat' dir='ltr'><strong>Osiridis</strong></span> <span class='ocrx_word' id='word_1_633' title='bbox 2756 4499 3001 4552; x_wconf 90' lang='lat' dir='ltr'><strong>membra</strong></span> <span class='ocrx_word' id='word_1_634' title='bbox 3032 4497 3268 4568; x_wconf 83' lang='lat' dir='ltr'><strong>disjiciat</strong></span> <span class='ocrx_word' id='word_1_635' title='bbox 3295 4516 3307 4551; x_wconf 90' lang='lat'><strong>:</strong></span> <span class='ocrx_word' id='word_1_636' title='bbox 3335 4498 3496 4568; x_wconf 83' lang='lat' dir='ltr'><strong>quid-</strong></span> 
     </span>
    </p>
   </div>
   <div class='ocr_carea' id='block_1_85' title="bbox 211 4575 1743 4659">
    <p class='ocr_par' dir='ltr' id='par_1_85' title="bbox 211 4575 1743 4648">
     <span class='ocr_line' id='line_1_85' title="bbox 211 4575 1743 4648; baseline 0 -18"><span class='ocrx_word' id='word_1_637' title='bbox 211 4577 403 4648; x_wconf 78' lang='grc' dir='ltr'>ἒχσυσι</span> <span class='ocrx_word' id='word_1_638' title='bbox 432 4576 612 4644; x_wconf 88' lang='grc' dir='ltr'>λόγον,</span> <span class='ocrx_word' id='word_1_639' title='bbox 643 4578 737 4631; x_wconf 87' lang='grc' dir='ltr'>τὸν</span> <span class='ocrx_word' id='word_1_640' title='bbox 765 4576 826 4643; x_wconf 80' lang='grc' dir='ltr'><strong>ἐξ</strong></span> <span class='ocrx_word' id='word_1_641' title='bbox 861 4576 1003 4640; x_wconf 77' lang='grc' dir='ltr'>ἰλύος</span> <span class='ocrx_word' id='word_1_642' title='bbox 1044 4576 1389 4647; x_wconf 84' lang='grc' dir='ltr'>ἁναφανέντα</span> <span class='ocrx_word' id='word_1_643' title='bbox 1417 4575 1692 4645; x_wconf 81' lang='grc' dir='ltr'>λέγουσαι,</span> <span class='ocrx_word' id='word_1_644' title='bbox 1723 4594 1743 4630; x_wconf 71' lang='grc'><strong>&gt;</strong></span> 
     </span>
    </p>
   </div>
   <div class='ocr_carea' id='block_1_86' title="bbox 1964 4575 3496 4659">
    <p class='ocr_par' dir='ltr' id='par_1_86' title="bbox 1964 4586 3496 4659">
     <span class='ocr_line' id='line_1_86' title="bbox 1964 4586 3496 4659; baseline 0.002 -19"><span class='ocrx_word' id='word_1_645' title='bbox 1964 4599 2050 4640; x_wconf 90' lang='lat' dir='ltr'><strong>am</strong></span> <span class='ocrx_word' id='word_1_646' title='bbox 2086 4586 2338 4654; x_wconf 90' lang='lat' dir='ltr'><strong>obsecro,</strong></span> <span class='ocrx_word' id='word_1_647' title='bbox 2369 4587 2453 4642; x_wconf 86' lang='lat' dir='ltr'><strong>vel</strong></span> <span class='ocrx_word' id='word_1_648' title='bbox 2486 4603 2762 4643; x_wconf 84' lang='lat' dir='ltr'><strong>summum</strong></span> <span class='ocrx_word' id='word_1_649' title='bbox 2800 4588 2869 4643; x_wconf 91' lang='lat' dir='ltr'><strong>ad</strong></span> <span class='ocrx_word' id='word_1_650' title='bbox 2902 4596 3179 4658; x_wconf 87' lang='lat' dir='ltr'><strong>stuporem</strong></span> <span class='ocrx_word' id='word_1_651' title='bbox 3206 4596 3372 4659; x_wconf 68' lang='lat' dir='ltr'><strong>atque</strong></span> <span class='ocrx_word' id='word_1_652' title='bbox 3404 4603 3496 4643; x_wconf 89' lang='lat' dir='ltr'><strong>ve-</strong></span> 
     </span>
    </p>
   </div>
   <div class='ocr_carea' id='block_1_87' title="bbox 208 4668 1740 4753">
    <p class='ocr_par' dir='ltr' id='par_1_87' title="bbox 208 4668 1740 4743">
     <span class='ocr_line' id='line_1_87' title="bbox 208 4668 1740 4743; baseline -0.003 -17"><span class='ocrx_word' id='word_1_653' title='bbox 208 4672 308 4726; x_wconf 71' lang='grc' dir='ltr'><strong>ὲπὶ</strong></span> <span class='ocrx_word' id='word_1_654' title='bbox 332 4670 413 4742; x_wconf 84' lang='grc' dir='ltr'>τῷ</span> <span class='ocrx_word' id='word_1_655' title='bbox 454 4670 615 4740; x_wconf 81' lang='grc' dir='ltr'>λωτῷ</span> <span class='ocrx_word' id='word_1_656' title='bbox 654 4670 986 4743; x_wconf 81' lang='grc' dir='ltr'>καθήμενον,</span> <span class='ocrx_word' id='word_1_657' title='bbox 1014 4671 1107 4723; x_wconf 77' lang='grc' dir='ltr'>καὶ</span> <span class='ocrx_word' id='word_1_658' title='bbox 1133 4669 1228 4723; x_wconf 79' lang='grc' dir='ltr'>ἐπὶ</span> <span class='ocrx_word' id='word_1_659' title='bbox 1261 4668 1740 4741; x_wconf 65' lang='grc' dir='ltr'>πλοῖονναυτιλλὸε</span> 
     </span>
    </p>
   </div>
   <div class='ocr_carea' id='block_1_88' title="bbox 1964 4668 3496 4753">
    <p class='ocr_par' dir='ltr' id='par_1_88' title="bbox 1964 4676 3496 4753">
     <span class='ocr_line' id='line_1_88' title="bbox 1964 4676 3496 4753; baseline 0.005 -23"><span class='ocrx_word' id='word_1_660' title='bbox 1964 4676 2163 4733; x_wconf 78' lang='lat' dir='ltr'><strong>ordiam</strong></span> <span class='ocrx_word' id='word_1_661' title='bbox 2222 4678 2364 4745; x_wconf 93' lang='lat' dir='ltr'><strong>ista,</strong></span> <span class='ocrx_word' id='word_1_662' title='bbox 2420 4694 2544 4753; x_wconf 60' lang='lat' dir='ltr'><strong>quae</strong></span> <span class='ocrx_word' id='word_1_663' title='bbox 2591 4695 2768 4751; x_wconf 90' lang='lat' dir='ltr'><strong>neque</strong></span> <span class='ocrx_word' id='word_1_664' title='bbox 2812 4681 3000 4748; x_wconf 89' lang='lat' dir='ltr'><strong>novit,</strong></span> <span class='ocrx_word' id='word_1_665' title='bbox 3056 4696 3233 4751; x_wconf 90' lang='lat' dir='ltr'><strong>neque</strong></span> <span class='ocrx_word' id='word_1_666' title='bbox 3284 4681 3496 4738; x_wconf 76' lang='lat' dir='ltr'><strong>efﬁcere</strong></span> 
     </span>
    </p>
   </div>
   <div class='ocr_carea' id='block_1_89' title="bbox 210 4760 1742 4841">
    <p class='ocr_par' dir='ltr' id='par_1_89' title="bbox 210 4760 1742 4836">
     <span class='ocr_line' id='line_1_89' title="bbox 210 4760 1742 4836; baseline -0.001 -19"><span class='ocrx_word' id='word_1_667' title='bbox 210 4781 327 4829; x_wconf 87' lang='grc' dir='ltr'>νον,</span> <span class='ocrx_word' id='word_1_668' title='bbox 366 4764 465 4817; x_wconf 77' lang='grc' dir='ltr'>καὶ</span> <span class='ocrx_word' id='word_1_669' title='bbox 491 4762 613 4817; x_wconf 84' lang='grc' dir='ltr'>καθ’</span> <span class='ocrx_word' id='word_1_670' title='bbox 639 4763 789 4836; x_wconf 83' lang='grc' dir='ltr'>ὥραν</span> <span class='ocrx_word' id='word_1_671' title='bbox 822 4763 923 4827; x_wconf 82' lang='grc' dir='ltr'>τὰς</span> <span class='ocrx_word' id='word_1_672' title='bbox 956 4761 1169 4835; x_wconf 79' lang='grc' dir='ltr'>μορφὰς</span> <span class='ocrx_word' id='word_1_673' title='bbox 1199 4760 1521 4832; x_wconf 73' lang='grc' dir='ltr'>ἀμείϐοντα,</span> <span class='ocrx_word' id='word_1_674' title='bbox 1554 4763 1647 4815; x_wconf 76' lang='grc' dir='ltr'><strong>καὶ</strong></span> <span class='ocrx_word' id='word_1_675' title='bbox 1677 4779 1742 4816; x_wconf 86' lang='grc' dir='ltr'><strong>κα</strong></span> 
     </span>
    </p>
   </div>
   <div class='ocr_carea' id='block_1_90' title="bbox 1964 4760 3496 4841">
    <p class='ocr_par' dir='ltr' id='par_1_90' title="bbox 1964 4771 3496 4841">
     <span class='ocr_line' id='line_1_90' title="bbox 1964 4771 3496 4841; baseline 0.003 -18"><span class='ocrx_word' id='word_1_676' title='bbox 1964 4777 2117 4836; x_wconf 88' lang='lat' dir='ltr'><strong>otest,</strong></span> <span class='ocrx_word' id='word_1_677' title='bbox 2152 4771 2532 4837; x_wconf 81' lang='lat' dir='ltr'><strong>comminanti,</strong></span> <span class='ocrx_word' id='word_1_678' title='bbox 2573 4772 2657 4825; x_wconf 89' lang='lat' dir='ltr'><strong>vel</strong></span> <span class='ocrx_word' id='word_1_679' title='bbox 2688 4772 3004 4827; x_wconf 89' lang='lat' dir='ltr'><strong>numinibus</strong></span> <span class='ocrx_word' id='word_1_680' title='bbox 3038 4788 3162 4841; x_wconf 69' lang='lat' dir='ltr'><strong>quae</strong></span> <span class='ocrx_word' id='word_1_681' title='bbox 3187 4772 3409 4828; x_wconf 84' lang='lat' dir='ltr'><strong>ﬁctitius</strong></span> <span class='ocrx_word' id='word_1_682' title='bbox 3441 4783 3496 4827; x_wconf 89' lang='lat' dir='ltr'><strong>et</strong></span> 
     </span>
    </p>
   </div>
   <div class='ocr_carea' id='block_1_91' title="bbox 210 4850 1742 4933">
    <p class='ocr_par' dir='ltr' id='par_1_91' title="bbox 210 4850 1742 4927">
     <span class='ocr_line' id='line_1_91' title="bbox 210 4850 1742 4927; baseline -0.004 -16"><span class='ocrx_word' id='word_1_683' title='bbox 210 4856 413 4922; x_wconf 80' lang='grc' dir='ltr'>ζωδιον</span> <span class='ocrx_word' id='word_1_684' title='bbox 445 4853 1086 4927; x_wconf 78' lang='grc' dir='ltr'>μετασχηματιζόμενον;</span> <span class='ocrx_word' id='word_1_685' title='bbox 1119 4850 1277 4906; x_wconf 76' lang='grc' dir='ltr'>Οὕτω</span> <span class='ocrx_word' id='word_1_686' title='bbox 1316 4853 1426 4920; x_wconf 88' lang='grc' dir='ltr'>γάο</span> <span class='ocrx_word' id='word_1_687' title='bbox 1455 4869 1618 4921; x_wconf 87' lang='grc' dir='ltr'>φασιν</span> <span class='ocrx_word' id='word_1_688' title='bbox 1660 4854 1742 4907; x_wconf 67' lang='grc' dir='ltr'><strong>αύι</strong></span> 
     </span>
    </p>
   </div>
   <div class='ocr_carea' id='block_1_92' title="bbox 1959 4850 3491 4933">
    <p class='ocr_par' dir='ltr' id='par_1_92' title="bbox 1959 4860 3491 4933">
     <span class='ocr_line' id='line_1_92' title="bbox 1959 4860 3491 4933; baseline 0.001 -19"><span class='ocrx_word' id='word_1_689' title='bbox 1959 4861 2099 4927; x_wconf 75' lang='lat' dir='ltr'><strong>lanis</strong></span> <span class='ocrx_word' id='word_1_690' title='bbox 2132 4860 2235 4922; x_wconf 89' lang='lat' dir='ltr'><strong>iste</strong></span> <span class='ocrx_word' id='word_1_691' title='bbox 2262 4869 2438 4927; x_wconf 81' lang='lat' dir='ltr'><strong>terror</strong></span> <span class='ocrx_word' id='word_1_692' title='bbox 2464 4861 2821 4918; x_wconf 91' lang='lat' dir='ltr'><strong>leviculorum</strong></span> <span class='ocrx_word' id='word_1_693' title='bbox 2857 4863 3152 4918; x_wconf 88' lang='lat' dir='ltr'><strong>ousionum</strong></span> <span class='ocrx_word' id='word_1_694' title='bbox 3188 4878 3342 4919; x_wconf 84' lang='lat' dir='ltr'><strong>more</strong></span> <span class='ocrx_word' id='word_1_695' title='bbox 3369 4879 3491 4933; x_wconf 78' lang='lat' dir='ltr'><strong>pcr-</strong></span> 
     </span>
    </p>
   </div>
   <div class='ocr_carea' id='block_1_93' title="bbox 285 4986 1535 5063">
    <p class='ocr_par' dir='ltr' id='par_1_93' title="bbox 285 4986 1535 5063">
     <span class='ocr_line' id='line_1_93' title="bbox 285 4986 1535 5063; baseline -0.004 -15"><span class='ocrx_word' id='word_1_696' title='bbox 285 5002 322 5036; x_wconf 73' lang='grc' dir='ltr'>ι</span> <span class='ocrx_word' id='word_1_697' title='bbox 358 5009 455 5063; x_wconf 71' lang='lat' dir='ltr'><strong>7p.</strong></span> <span class='ocrx_word' id='word_1_698' title='bbox 501 4989 689 5056; x_wconf 83' lang='grc' dir='ltr'>ἀξιῶν,</span> <span class='ocrx_word' id='word_1_699' title='bbox 716 4991 831 5045; x_wconf 80' lang='lat' dir='ltr'><strong>sine</strong></span> <span class='ocrx_word' id='word_1_700' title='bbox 852 4989 966 5059; x_wconf 78' lang='grc' dir='ltr'>οὓς.</span> <span class='ocrx_word' id='word_1_701' title='bbox 1042 4988 1073 5029; x_wconf 69' lang='grc' dir='ltr'><strong>δ</strong></span> <span class='ocrx_word' id='word_1_702' title='bbox 1107 5006 1199 5058; x_wconf 66' lang='grc' dir='ltr'><strong>πο.</strong></span> <span class='ocrx_word' id='word_1_703' title='bbox 1230 4986 1535 5060; x_wconf 82' lang='grc' dir='ltr'>ἄνθρωπον.</span> 
     </span>
    </p>
   </div>
   <div class='ocr_carea' id='block_1_94' title="bbox 297 5122 3317 5198">
    <p class='ocr_par' dir='ltr' id='par_1_94' title="bbox 297 5122 3317 5198">
     <span class='ocr_line' id='line_1_94' title="bbox 297 5122 3317 5198; baseline 0.001 -18"><span class='ocrx_word' id='word_1_704' title='bbox 297 5125 422 5198; x_wconf 78' lang='grc'><strong>(21)</strong></span> <span class='ocrx_word' id='word_1_705' title='bbox 465 5126 535 5180; x_wconf 90' lang='grc' dir='ltr'><em>Τὸ</em></span> <span class='ocrx_word' id='word_1_706' title='bbox 564 5127 676 5197; x_wconf 77' lang='grc' dir='ltr'>γὰρ</span> <span class='ocrx_word' id='word_1_707' title='bbox 700 5124 926 5198; x_wconf 54' lang='grc' dir='ltr'>λέγειν,</span> <span class='ocrx_word' id='word_1_708' title='bbox 965 5124 1093 5198; x_wconf 63' lang='lat' dir='ltr'><strong>[hac</strong></span> <span class='ocrx_word' id='word_1_709' title='bbox 1139 5122 1255 5198; x_wconf 70' lang='lat' dir='ltr'><strong>ipsa</strong></span> <span class='ocrx_word' id='word_1_710' title='bbox 1306 5123 1490 5198; x_wconf 78' lang='lat' dir='ltr'><strong>laudat</strong></span> <span class='ocrx_word' id='word_1_711' title='bbox 1519 5122 1811 5198; x_wconf 62' lang='lat' dir='ltr'><strong>Jamblich.</strong></span> <span class='ocrx_word' id='word_1_712' title='bbox 1917 5128 2126 5183; x_wconf 79' lang='lat' dir='ltr'><strong>Scimus</strong></span> <span class='ocrx_word' id='word_1_713' title='bbox 2157 5129 2315 5198; x_wconf 64' lang='lat' dir='ltr'><strong>enim,</strong></span> <span class='ocrx_word' id='word_1_714' title='bbox 2341 5138 2391 5181; x_wconf 85' lang='lat' dir='ltr'><strong>et</strong></span> <span class='ocrx_word' id='word_1_715' title='bbox 2417 5127 2670 5198; x_wconf 77' lang='lat' dir='ltr'><strong>quidquid</strong></span> <span class='ocrx_word' id='word_1_716' title='bbox 2695 5129 2803 5181; x_wconf 87' lang='lat' dir='ltr'><strong>dici</strong></span> <span class='ocrx_word' id='word_1_717' title='bbox 2832 5129 3075 5198; x_wconf 82' lang='lat' dir='ltr'><strong>noscique</strong></span> <span class='ocrx_word' id='word_1_718' title='bbox 3101 5130 3317 5194; x_wconf 81' lang='lat' dir='ltr'><strong>timetis,</strong></span> 
     </span>
    </p>
   </div>
   <div class='ocr_carea' id='block_1_95' title="bbox 218 5192 2807 5265">
    <p class='ocr_par' dir='ltr' id='par_1_95' title="bbox 218 5192 2807 5265">
     <span class='ocr_line' id='line_1_95' title="bbox 218 5192 2807 5265; baseline 0.001 -14"><span class='ocrx_word' id='word_1_719' title='bbox 218 5192 323 5252; x_wconf 58' lang='lat' dir='ltr'><strong>lib;</strong></span> <span class='ocrx_word' id='word_1_720' title='bbox 366 5192 447 5253; x_wconf 77' lang='lat' dir='ltr'><strong>De</strong></span> <span class='ocrx_word' id='word_1_721' title='bbox 470 5192 756 5265; x_wconf 70' lang='lat' dir='ltr'><strong>mysteriis.</strong></span> <span class='ocrx_word' id='word_1_722' title='bbox 784 5192 931 5250; x_wconf 71' lang='grc' dir='ltr'><strong>’Διιόί</strong></span> <span class='ocrx_word' id='word_1_723' title='bbox 981 5196 1087 5249; x_wconf 86' lang='lat' dir='ltr'><strong>hoc</strong></span> <span class='ocrx_word' id='word_1_724' title='bbox 1136 5192 1324 5249; x_wconf 80' lang='lat' dir='ltr'><strong>furore</strong></span> <span class='ocrx_word' id='word_1_725' title='bbox 1353 5192 1645 5262; x_wconf 78' lang='lat' dir='ltr'><strong>furentem,</strong></span> <span class='ocrx_word' id='word_1_726' title='bbox 1671 5195 1815 5265; x_wconf 78' lang='lat' dir='ltr'><strong>apud</strong></span> <span class='ocrx_word' id='word_1_727' title='bbox 1917 5198 1987 5263; x_wconf 77' lang='lat' dir='ltr'><strong>Et</strong></span> <span class='ocrx_word' id='word_1_728' title='bbox 2017 5198 2229 5252; x_wconf 87' lang='lat' dir='ltr'><strong>turbare</strong></span> <span class='ocrx_word' id='word_1_729' title='bbox 2260 5192 2513 5261; x_wconf 74' lang='lat' dir='ltr'><strong>Hecaten,</strong></span> <span class='ocrx_word' id='word_1_730' title='bbox 2540 5192 2646 5253; x_wconf 79' lang='lat' dir='ltr'><strong>étc.</strong></span> <span class='ocrx_word' id='word_1_731' title='bbox 2800 5223 2807 5231; x_wconf 69' lang='grc' dir='ltr'><strong><em>ο</em></strong></span> 
     </span>
    </p>
   </div>
   <div class='ocr_carea' id='block_1_96' title="bbox 214 5264 3495 5338">
    <p class='ocr_par' dir='ltr' id='par_1_96' title="bbox 214 5264 3495 5338">
     <span class='ocr_line' id='line_1_96' title="bbox 214 5264 3495 5338; baseline 0.001 -17"><span class='ocrx_word' id='word_1_732' title='bbox 214 5266 464 5338; x_wconf 75' lang='lat' dir='ltr'><strong>§tatium</strong></span> <span class='ocrx_word' id='word_1_733' title='bbox 502 5264 753 5338; x_wconf 67' lang='lat' dir='ltr'><strong>Thebaid.</strong></span> <span class='ocrx_word' id='word_1_734' title='bbox 789 5264 1202 5338; x_wconf 77' lang='lat' dir='ltr'><strong>tv,__Tire_siam:</strong></span> <span class='ocrx_word' id='word_1_735' title='bbox 1356 5334 1368 5338; x_wconf 88' lang='lat'>_</span> <span class='ocrx_word' id='word_1_736' title='bbox 1520 5334 1530 5338; x_wconf 84' lang='lat'><strong>_</strong></span> <span class='ocrx_word' id='word_1_737' title='bbox 1708 5264 1723 5265; x_wconf 54' lang='grc'><strong><em>⁷⁷</em></strong></span> <span class='ocrx_word' id='word_1_738' title='bbox 1989 5267 2102 5338; x_wconf 74' lang='lat'><strong>(2‘2)</strong></span> <span class='ocrx_word' id='word_1_739' title='bbox 2148 5268 2217 5322; x_wconf 82' lang='grc' dir='ltr'><strong>Τὸ</strong></span> <span class='ocrx_word' id='word_1_740' title='bbox 2249 5268 2320 5320; x_wconf 79' lang='grc' dir='ltr'>ἐν</span> <span class='ocrx_word' id='word_1_741' title='bbox 2344 5267 2574 5335; x_wconf 77' lang='grc' dir='ltr'><strong>Ἀϐύδῳ.</strong></span> <span class='ocrx_word' id='word_1_742' title='bbox 2615 5268 2933 5338; x_wconf 81' lang='lat' dir='ltr'><strong>Abydenum</strong></span> <span class='ocrx_word' id='word_1_743' title='bbox 2966 5268 3068 5322; x_wconf 89' lang='lat' dir='ltr'><strong>hoc</strong></span> <span class='ocrx_word' id='word_1_744' title='bbox 3101 5278 3367 5323; x_wconf 82' lang='lat' dir='ltr'><strong>secretum</strong></span> <span class='ocrx_word' id='word_1_745' title='bbox 3395 5269 3495 5325; x_wconf 82' lang='lat' dir='ltr'><strong>ad-</strong></span> 
     </span>
    </p>
   </div>
   <div class='ocr_carea' id='block_1_97' title="bbox 215 5334 2327 5405">
    <p class='ocr_par' dir='ltr' id='par_1_97' title="bbox 215 5334 2327 5405">
     <span class='ocr_line' id='line_1_97' title="bbox 215 5334 2327 5405; baseline -0.003 -13"><span class='ocrx_word' id='word_1_746' title='bbox 215 5336 438 5400; x_wconf 81' lang='lat' dir='ltr'><strong>Testor,</strong></span> <span class='ocrx_word' id='word_1_747' title='bbox 468 5337 568 5401; x_wconf 85' lang='lat' dir='ltr'><strong>ait,</strong></span> <span class='ocrx_word' id='word_1_748' title='bbox 596 5336 765 5402; x_wconf 83' lang='lat' dir='ltr'><strong>divos,</strong></span> <span class='ocrx_word' id='word_1_749' title='bbox 787 5335 974 5405; x_wconf 83' lang='lat' dir='ltr'><strong>quibus</strong></span> <span class='ocrx_word' id='word_1_750' title='bbox 999 5335 1139 5388; x_wconf 79' lang='lat' dir='ltr'><strong>hunc</strong></span> <span class='ocrx_word' id='word_1_751' title='bbox 1161 5334 1489 5405; x_wconf 84' lang='lat' dir='ltr'><strong>sacravimus</strong></span> <span class='ocrx_word' id='word_1_752' title='bbox 1511 5334 1721 5403; x_wconf 58' lang='lat' dir='ltr'><strong>ignem;</strong></span> <span class='ocrx_word' id='word_1_753' title='bbox 1918 5334 2026 5402; x_wconf 59' lang='lat' dir='ltr'><strong>huc</strong></span> <span class='ocrx_word' id='word_1_754' title='bbox 2061 5334 2146 5393; x_wconf 77' lang='lat' dir='ltr'><strong>me</strong></span> <span class='ocrx_word' id='word_1_755' title='bbox 2180 5339 2327 5392; x_wconf 77' lang='lat' dir='ltr'><strong>latet.</strong></span> 
     </span>
    </p>
   </div>
   <div class='ocr_carea' id='block_1_98' title="bbox 216 5404 1748 5479">
    <p class='ocr_par' dir='ltr' id='par_1_98' title="bbox 216 5404 1616 5479">
     <span class='ocr_line' id='line_1_98' title="bbox 216 5404 1616 5479; baseline -0.005 -16"><span class='ocrx_word' id='word_1_756' title='bbox 216 5408 490 5479; x_wconf 61' lang='lat' dir='ltr'><strong>Levaque</strong></span> <span class='ocrx_word' id='word_1_757' title='bbox 518 5406 781 5479; x_wconf 67' lang='lat' dir='ltr'><strong>convutste</strong></span> <span class='ocrx_word' id='word_1_758' title='bbox 802 5404 1047 5469; x_wconf 78' lang='lat' dir='ltr'><strong>dedimus</strong></span> <span class='ocrx_word' id='word_1_759' title='bbox 1077 5404 1346 5479; x_wconf 53' lang='lat' dir='ltr'><strong>carchesia</strong></span> <span class='ocrx_word' id='word_1_760' title='bbox 1369 5415 1525 5471; x_wconf 71' lang='lat' dir='ltr'><strong>terra:</strong></span> <span class='ocrx_word' id='word_1_761' title='bbox 1547 5418 1567 5456; x_wconf 86' lang='lat'><em>:</em></span> <span class='ocrx_word' id='word_1_762' title='bbox 1606 5473 1616 5479; x_wconf 86' lang='lat'>_</span> 
     </span>
    </p>
   </div>
   <div class='ocr_carea' id='block_1_99' title="bbox 1960 5404 3492 5479">
    <p class='ocr_par' dir='ltr' id='par_1_99' title="bbox 1990 5406 3492 5479">
     <span class='ocr_line' id='line_1_99' title="bbox 1990 5406 3492 5479; baseline 0.001 -17"><span class='ocrx_word' id='word_1_763' title='bbox 1990 5407 2102 5479; x_wconf 71' lang='lat'><strong>(25)</strong></span> <span class='ocrx_word' id='word_1_764' title='bbox 2146 5407 2265 5474; x_wconf 79' lang='grc' dir='ltr'><strong>Τὴν</strong></span> <span class='ocrx_word' id='word_1_765' title='bbox 2287 5406 2473 5475; x_wconf 79' lang='grc' dir='ltr'>,βάριν</span> <span class='ocrx_word' id='word_1_766' title='bbox 2490 5407 2728 5476; x_wconf 78' lang='grc' dir='ltr'>στήσει.</span> <span class='ocrx_word' id='word_1_767' title='bbox 2773 5407 2927 5462; x_wconf 87' lang='lat' dir='ltr'><strong>Baris</strong></span> <span class='ocrx_word' id='word_1_768' title='bbox 2961 5408 3293 5479; x_wconf 66' lang='lat' dir='ltr'><strong>Egyptiacae</strong></span> <span class='ocrx_word' id='word_1_769' title='bbox 3336 5424 3492 5463; x_wconf 76' lang='lat' dir='ltr'><strong>navis</strong></span> 
     </span>
    </p>
   </div>
   <div class='ocr_carea' id='block_1_100' title="bbox 213 5473 3494 5548">
    <p class='ocr_par' dir='ltr' id='par_1_100' title="bbox 213 5473 3494 5548">
     <span class='ocr_line' id='line_1_100' title="bbox 213 5473 3494 5548; baseline 0.001 -17"><span class='ocrx_word' id='word_1_770' title='bbox 213 5476 350 5548; x_wconf 59' lang='lat' dir='ltr'><strong>Jan;</strong></span> <span class='ocrx_word' id='word_1_771' title='bbox 391 5473 587 5548; x_wconf 70' lang='lat' dir='ltr'><strong>nequeo</strong></span> <span class='ocrx_word' id='word_1_772' title='bbox 626 5476 853 5548; x_wconf 72' lang='lat' dir='ltr'><strong>tolerare</strong></span> <span class='ocrx_word' id='word_1_773' title='bbox 874 5490 1116 5548; x_wconf 62' lang='lat' dir='ltr'><strong>moram.</strong></span> <span class='ocrx_word' id='word_1_774' title='bbox 1141 5473 1404 5548; x_wconf 74' lang='lat' dir='ltr'><strong>C_assusr_te</strong></span> <span class='ocrx_word' id='word_1_775' title='bbox 1431 5473 1676 5529; x_wconf 84' lang='lat' dir='ltr'><strong>sacerdos</strong></span> <span class='ocrx_word' id='word_1_776' title='bbox 1919 5473 2091 5547; x_wconf 68' lang='lat' dir='ltr'><strong>genus</strong></span> <span class='ocrx_word' id='word_1_777' title='bbox 2140 5473 2245 5541; x_wconf 84' lang='lat' dir='ltr'><strong>est,</strong></span> <span class='ocrx_word' id='word_1_778' title='bbox 2280 5473 2688 5548; x_wconf 78' lang='lat' dir='ltr'><strong>quodtametsi</strong></span> <span class='ocrx_word' id='word_1_779' title='bbox 2738 5478 2901 5532; x_wconf 89' lang='lat' dir='ltr'><strong>latius</strong></span> <span class='ocrx_word' id='word_1_780' title='bbox 2945 5473 3171 5545; x_wconf 75' lang='lat' dir='ltr'><strong>pateret,</strong></span> <span class='ocrx_word' id='word_1_781' title='bbox 3225 5481 3494 5548; x_wconf 65' lang='lat' dir='ltr'><strong>praecipue</strong></span> 
     </span>
    </p>
   </div>
   <div class='ocr_carea' id='block_1_101' title="bbox 215 5543 3494 5621">
    <p class='ocr_par' dir='ltr' id='par_1_101' title="bbox 215 5543 3494 5621">
     <span class='ocr_line' id='line_1_101' title="bbox 215 5543 3494 5621; baseline 0.002 -21"><span class='ocrx_word' id='word_1_782' title='bbox 215 5547 435 5621; x_wconf 62' lang='grc' dir='ltr'><strong>ᾼαάῇον</strong></span> <span class='ocrx_word' id='word_1_783' title='bbox 461 5543 489 5600; x_wconf 67' lang='lat'><strong>.9</strong></span> <span class='ocrx_word' id='word_1_784' title='bbox 516 5548 618 5621; x_wconf 60' lang='lat' dir='ltr'><strong>4n,</strong></span> <span class='ocrx_word' id='word_1_785' title='bbox 651 5546 837 5621; x_wconf 72' lang='lat' dir='ltr'><strong>rabido</strong></span> <span class='ocrx_word' id='word_1_786' title='bbox 854 5544 1041 5613; x_wconf 84' lang='lat' dir='ltr'><strong>jubeat</strong></span> <span class='ocrx_word' id='word_1_787' title='bbox 1072 5545 1117 5598; x_wconf 83' lang='lat' dir='ltr'><strong>si</strong></span> <span class='ocrx_word' id='word_1_788' title='bbox 1136 5543 1403 5621; x_wconf 55' lang='lat' dir='ltr'><strong>Thessala</strong></span> <span class='ocrx_word' id='word_1_789' title='bbox 1433 5555 1620 5621; x_wconf 58' lang='lat' dir='ltr'><strong>cantu,</strong></span> <span class='ocrx_word' id='word_1_790' title='bbox 1920 5543 2375 5621; x_wconf 26' lang='grc' dir='ltr'><strong>ὶιιιιιοηηθιυκᾶτξ</strong></span> <span class='ocrx_word' id='word_1_791' title='bbox 2400 5547 2618 5621; x_wconf 63' lang='grc' dir='ltr'>ἐξοχὴν,</span> <span class='ocrx_word' id='word_1_792' title='bbox 2652 5563 2785 5621; x_wconf 76' lang='lat' dir='ltr'><strong>eam</strong></span> <span class='ocrx_word' id='word_1_793' title='bbox 2818 5543 3180 5618; x_wconf 79' lang='lat' dir='ltr'><strong>significabat,</strong></span> <span class='ocrx_word' id='word_1_794' title='bbox 3209 5543 3330 5618; x_wconf 63' lang='lat' dir='ltr'><strong>quae</strong></span> <span class='ocrx_word' id='word_1_795' title='bbox 3355 5566 3494 5621; x_wconf 82' lang='lat' dir='ltr'><strong>quo-</strong></span> 
     </span>
    </p>
   </div>
   <div class='ocr_carea' id='block_1_102' title="bbox 215 5614 2828 5687">
    <p class='ocr_par' dir='ltr' id='par_1_102' title="bbox 215 5614 2828 5687">
     <span class='ocr_line' id='line_1_102' title="bbox 215 5614 2828 5687; baseline -0.002 -16"><span class='ocrx_word' id='word_1_796' title='bbox 215 5616 408 5683; x_wconf 81' lang='lat' dir='ltr'><strong>Ibitis,</strong></span> <span class='ocrx_word' id='word_1_797' title='bbox 435 5627 489 5670; x_wconf 86' lang='lat' dir='ltr'><strong>et</strong></span> <span class='ocrx_word' id='word_1_798' title='bbox 519 5614 784 5685; x_wconf 81' lang='lat' dir='ltr'><strong>Scythicis</strong></span> <span class='ocrx_word' id='word_1_799' title='bbox 807 5632 1004 5687; x_wconf 76' lang='lat' dir='ltr'><strong>quoque</strong></span> <span class='ocrx_word' id='word_1_800' title='bbox 1029 5614 1292 5687; x_wconf 54' lang='lat' dir='ltr'><strong>medicata</strong></span> <span class='ocrx_word' id='word_1_801' title='bbox 1324 5614 1528 5684; x_wconf 83' lang='lat' dir='ltr'><strong>pruinis</strong></span> <span class='ocrx_word' id='word_1_802' title='bbox 1919 5620 2100 5673; x_wconf 75' lang='lat' dir='ltr'><strong>tannis</strong></span> <span class='ocrx_word' id='word_1_803' title='bbox 2132 5617 2260 5673; x_wconf 87' lang='lat' dir='ltr'><strong>Isidi</strong></span> <span class='ocrx_word' id='word_1_804' title='bbox 2285 5614 2828 5687; x_wconf 62' lang='lat' dir='ltr'><strong>publice&#39;dicaliatur.</strong></span> 
     </span>
    </p>
   </div>
   <div class='ocr_carea' id='block_1_103' title="bbox 215 5683 3075 5757">
    <p class='ocr_par' dir='ltr' id='par_1_103' title="bbox 215 5683 3075 5757">
     <span class='ocr_line' id='line_1_103' title="bbox 215 5683 3075 5757; baseline 0.002 -18"><span class='ocrx_word' id='word_1_805' title='bbox 215 5687 438 5757; x_wconf 72' lang='lat' dir='ltr'><strong>Colchis</strong></span> <span class='ocrx_word' id='word_1_806' title='bbox 471 5683 615 5756; x_wconf 72' lang='lat' dir='ltr'><strong>aget,</strong></span> <span class='ocrx_word' id='word_1_807' title='bbox 643 5686 847 5753; x_wconf 82' lang='lat' dir='ltr'><strong>trepido</strong></span> <span class='ocrx_word' id='word_1_808' title='bbox 881 5684 1151 5757; x_wconf 75' lang='lat' dir='ltr'><strong>pallebunt</strong></span> <span class='ocrx_word' id='word_1_809' title='bbox 1183 5683 1414 5757; x_wconf 78' lang='lat' dir='ltr'><strong>Tartara</strong></span> <span class='ocrx_word' id='word_1_810' title='bbox 1447 5686 1633 5757; x_wconf 76' lang='lat' dir='ltr'><strong>motu?</strong></span> <span class='ocrx_word' id='word_1_811' title='bbox 1988 5688 2103 5757; x_wconf 59' lang='lat'><strong>(‘24)</strong></span> <span class='ocrx_word' id='word_1_812' title='bbox 2146 5690 2265 5742; x_wconf 80' lang='grc' dir='ltr'><strong>Οὐκ</strong></span> <span class='ocrx_word' id='word_1_813' title='bbox 2288 5683 2583 5749; x_wconf 72' lang='lat' dir='ltr'><strong>delendum</strong></span> <span class='ocrx_word' id='word_1_814' title='bbox 2611 5696 2792 5743; x_wconf 85' lang='lat' dir='ltr'><strong>monet</strong></span> <span class='ocrx_word' id='word_1_815' title='bbox 2822 5685 3075 5757; x_wconf 84' lang='lat' dir='ltr'><strong>Vigcrus.</strong></span> 
     </span>
    </p>
   </div>
   <div class='ocr_carea' id='block_1_104' title="bbox 215 5753 1571 5832">
    <p class='ocr_par' dir='ltr' id='par_1_104' title="bbox 215 5753 1571 5832">
     <span class='ocr_line' id='line_1_104' title="bbox 215 5753 1571 5832; baseline -0.004 -19"><span class='ocrx_word' id='word_1_816' title='bbox 215 5753 583 5832; x_wconf 60' lang='lat' dir='ltr'><strong>Sperniteﬁe,</strong></span> <span class='ocrx_word' id='word_1_817' title='bbox 610 5771 791 5811; x_wconf 78' lang='lat' dir='ltr'><strong>monet:</strong></span> <span class='ocrx_word' id='word_1_818' title='bbox 816 5772 833 5810; x_wconf 89' lang='lat'><strong><em>:</em></strong></span> <span class='ocrx_word' id='word_1_819' title='bbox 855 5765 903 5810; x_wconf 80' lang='lat' dir='ltr'><strong>et</strong></span> <span class='ocrx_word' id='word_1_820' title='bbox 929 5756 1075 5810; x_wconf 81' lang='lat' dir='ltr'><strong>nobis</strong></span> <span class='ocrx_word' id='word_1_821' title='bbox 1104 5756 1287 5813; x_wconf 77' lang='lat' dir='ltr'><strong>swvire</strong></span> <span class='ocrx_word' id='word_1_822' title='bbox 1314 5753 1571 5827; x_wconf 76' lang='lat' dir='ltr'><strong>facultas.</strong></span> 
     </span>
    </p>
   </div>
  </div>
