3880 6218
407 280 516 340 345

1057 283 1332 343 EUSEBII
1371 281 1856 340 CAESARIENSIS
1895 283 2050 340 OPP.
2094 282 2276 338 PARS
2315 281 2376 338 ll.
2418 314 2489 324 --
2531 279 3031 338 APOLOGETICA.

3568 277 3679 333 5M»

405 398 590 464 cellat,
622 413 894 455 summam
918 399 987 455 ad
1021 400 1382 456 humilitatem
1418 400 1689 471 reliquum
1726 399 1890 455 fecit?
1913 399 1972 454 Et

2084 400 2334 454 πτεϊσθαι
2373 399 2691 468 ἀγνοοῦντες
2736 400 2817 453 ὅτι
2869 400 2931 452 τὸ
2976 399 3104 452 ἴδιον
3144 397 3311 462 πάθος
3353 397 3452 466 τῆς
3495 398 3677 450 αὐτῶν

405 497 590 545 tamen
648 493 762 547 haec
800 491 984 550 omnia
1037 490 1357 546 Chaeremon
1415 504 1570 547 sacer
1622 490 1712 545 ille
1762 491 1978 558 scriba,

403 591 669 654 tanquam
713 583 1092 656 Egyptiorum
1135 585 1344 654 pridem
1385 585 1569 638 omnia
1616 598 1710 639 ore
1755 583 1979 654 jactata,

402 678 754 748 conscripsit,
780 693 902 744 quae
929 676 1151 748 quidem
1181 675 1260 731 uti
1287 675 1532 744 ejusdem
1567 690 1788 745 quoque
1819 691 1981 745 gene-

399 769 484 826 ris
505 778 722 834 caetera,
747 769 814 822 ad
835 768 942 822 vim
969 768 1075 822 diis
1099 767 1431 822 aﬁ‘erendam
1457 767 1836 838 potentissima
1860 783 1980 822 esse

401 858 674 914 dictitant.
721 857 839 912 Jam
886 873 1016 912 vero
1058 873 1246 928 preces
1291 867 1456 926 atque
1494 866 1645 923 vota,
1677 857 1808 926 quid
1861 865 1981 911 tan-

399 949 523 1004 dem
572 949 801 1004 rationis
848 948 1069 1013 habent,
1115 948 1318 1018 quibus
1365 949 1617 1002 eumdem
1665 947 1837 1002 solem
1885 954 1980 1000 aut

400 1041 600 1096 limosa
633 1057 700 1097 ex
754 1041 953 1111 palude
987 1055 1290 1110 emergere,
1327 1049 1422 1095 aut
1449 1040 1562 1094 loto
1596 1039 1853 1104 insidere,
1887 1048 1982 1093 aut

397 1135 619 1207 navigio
648 1135 896 1205 provehi,
921 1144 1015 1189 aut
1041 1134 1272 1204 singulis
1295 1134 1449 1188 horis
1469 1131 1704 1188 formam
1733 1148 1981 1188 commu-

397 1237 540 1292 tare,
573 1243 637 1283 ac
668 1227 852 1283 varios
893 1241 990 1297 per
1019 1225 1234 1294 singula
1268 1225 1476 1280 zodiaci
1506 1224 1662 1296 signa
1684 1224 1867 1279 vultus
1903 1224 1983 1277 in-

395 1321 567 1376 duere
609 1315 1082 1374 commemorant?
1129 1314 1344 1386 Quippe
1376 1316 1540 1370 talem
1573 1330 1605 1368 a
1649 1315 1810 1370 nobis
1851 1329 1978 1370 eum

396 1410 569 1465 videri
604 1411 984 1481 pronuntiant,
1012 1425 1191 1481 neque
1214 1409 1524 1479 intelligunt
1545 1407 1827 1478 proprium
1857 1422 1979 1462 sese

397 1502 476 1556 illi
521 1503 870 1574 cogitationis
915 1519 1029 1558 suae
1073 1503 1264 1557 vitium
1303 1510 1359 1558 et
1401 1516 1647 1556 errorem
1699 1500 1974 1570 aﬂingere.

395 1595 499 1660 Qui
535 1596 581 1649 si
610 1596 679 1650 ad
705 1596 1063 1668 symbolicam
1089 1596 1395 1650 orationem
1425 1593 1789 1664 confugerint,
1819 1594 1978 1663 quasi

394 1684 668 1753 ejusmodi
723 1686 869 1742 notis
912 1685 1080 1741 variae
1127 1685 1260 1741 solis
1302 1683 1591 1739 facultates
1641 1682 1976 1737 adumbrata:

2084 493 2381 563 φαντασίας
2425 491 2618 562 ἐκείνῳ
2671 491 3095 562 προσάπτουσιν.
3138 491 3198 542 Εἰ
3237 489 3294 543 δὲ
3334 488 3679 558 συμϐολικῶς

2083 585 2295 653 λέγεται
2327 583 2519 646 ταῦτα,
2549 583 2658 636 τῶν
2693 581 2900 636 ἐκείνου
2928 582 3208 651 δυνάμεων
3235 581 3362 633 ὄντα
3398 579 3676 650 σύμϐολα,

2080 678 2180 747 τὴν
2204 675 2497 747 ἑρμηνείαν
2519 675 2625 726 τῶν
2653 672 2936 743 συμϐόλων
2971 670 3299 724 εἰπάτωσανο
3343 669 3502 740 δῆλον
3543 669 3679 741 γὰρ,

2081 769 2176 833 ὡς,
2209 771 2256 821 εἰ
2279 767 2372 820 τοῦ
2401 767 2551 838 ἡλίου
2576 762 2646 836 ἦν
2667 766 2728 818 τὸ
2753 764 2944 828 πάθος,
2982 763 3230 833 καθάπερ
3257 764 3314 815 ὲν
3350 763 3473 825 ταῖς
3501 759 3681 814 ἐκλει-

2079 860 2224 928 ψεσι,
2254 859 2416 911 πᾶσιν
2442 856 2510 910 ἂν
2533 855 2687 926 ὤφθη
2718 854 2910 907 ταυτὸν
2937 855 3048 916 τοῖς
3063 854 3142 916 είς
3164 852 3326 907 αὐτὸν
3349 851 3677 916 ἀτενίζουσι·

2080 953 2146 1004 Τί
2179 951 2235 1004 δὲ
2265 950 2359 1002 καὶ
2389 949 2458 1002 τὰ
2488 948 2674 1019 ἄσημα
2707 945 2954 1017 βούλεται
2980 945 3241 1015 ὀνόματα,
3271 945 3365 998 καὶ
3399 943 3508 998 τῶν
3535 943 3676 1015 ἀσή-

2083 1060 2199 1113 μων
2231 1042 2298 1095 τὰ
2333 1041 2582 1113 βάρϐαρα
2618 1041 2725 1112 πρὸ
2767 1040 2874 1093 τῶν
2909 1039 3124 1108 ἑκάστῳ
3161 1039 3414 1101 οἰκείων;
3458 1038 3520 1090 Εἰ
3563 1036 3678 1108 γὰρ

2080 1136 2216 1207 πρὸς
2255 1135 2315 1187 τὸ
2346 1133 2740 1204 σημαινόμενον
2770 1133 2948 1202 ἀφορᾷ.
2974 1130 3034 1183 τὺ
3069 1129 3289 1193 ἀκοῦον,
3332 1130 3612 1199 αὐτάρκης
3639 1130 3678 1198 ἡ

2079 1228 2216 1300 αὐτὴ
2247 1228 2480 1300 μένουσα
2511 1225 2687 1278 ἔννοια
2709 1223 2964 1296 δηλῶσαι,
2998 1221 3100 1276 κᾶν
3128 1221 3405 1276 ὁποιονοῦν
3427 1220 3673 1291 ὑπάρχῃ,

2078 1320 2336 1390 τοῦνομα.
2373 1320 2446 1372 Ού
2473 1319 2581 1388 γάρ
2619 1333 2719 1369 που
2748 1317 2842 1369 καὶ
2868 1316 2897 1366 ὁ
2929 1314 3261 1385 καλούμενος
3291 1313 3584 1382 Αἰγύπτιος
3605 1308 3677 1382 ἦν

2077 1413 2154 1484 τῷ
2199 1412 2364 1481 γένει·
2410 1410 2534 1464 εἰδὲ
2559 1409 2652 1462 καὶ
2681 1408 3000 1476 Αἰγύπτιος,
3034 1405 3147 1459 ἀλλ’
3165 1404 3282 1458 οὔτι
3306 1423 3371 1474 γε
3399 1404 3679 1476 Αἰγυπτίᾳ

2077 1504 2357 1577 χρώμενος
2396 1504 2569 1572 φωνῇ,
2613 1501 2723 1554 οὐδ’
2755 1498 3070 1570 ἀνθρωπεία
3095 1498 3232 1562 ὅλως
3264 1496 3569 1569 χρώμενος.
3599 1495 3677 1550 Ἦ

2077 1596 2186 1667 γάρ
2229 1595 2438 1666 γοήτων
2471 1589 2538 1664 ἦν
2577 1593 2754 1645 πάντα
2793 1591 3141 1661 τεχνάσματα
3177 1589 3369 1651 ταῦτα,
3404 1589 3497 1641 καὶ
3539 1601 3677 1659 προ-

2077 1687 2409 1758 καλύμματα
2431 1685 2521 1739 διὰ
2538 1683 2646 1737 τῶν
2669 1687 2834 1753 ὲπιφη
2846 1681 3148 1752 μιζομένων
3170 1681 3248 1751 τῷ
3259 1681 3329 1734 Θε
3338 1682 3400 1751 ίῳ
3415 1679 3525 1732 τῶν
3542 1678 3678 1750 περὶ

396 1773 738 1841 habeantur;
772 1782 1024 1829 notarum
1070 1789 1200 1843 ergo
1230 1786 1454 1828 suarum
1485 1770 1596 1824 vim
1623 1769 1698 1823 illi
1734 1769 1894 1824 nobis
1917 1777 1972 1822 et

2078 1779 2221 1848 ἡμᾶς
2257 1776 2559 1847 γινομένων
2581 1773 2787 1836 παθῶν,
2810 1773 2843 1843 ἢ
2867 1772 3170 1842 λελήθαμεν
3191 1771 3439 1834 ἐναντίας
3464 1773 3676 1835 ἐννοίας

393 1865 850 1935 signiﬁcationem
883 1867 1150 1937 aperiant.
1183 1863 1500 1929 Enimvero,
1535 1863 1580 1918 si
1611 1860 1972 1933 quemadmo-

2078 1862 2290 1931 ἔχοντες
2322 1861 2450 1931 περὶ
2477 1857 2570 1911 τοῦ
2599 1855 2776 1921 Θείου,
2829 1857 2862 1927 ἢ
2889 1856 3020 1910 αὐτὸ
3064 1855 3140 1925 τῷ
3173 1855 3286 1908 ὄντι
3329 1854 3619 1908 διάκειται.
3648 1873 3670 1906 ι

404 1961 537 2015 dum
587 1958 642 2012 in
685 1958 1090 2016 defectionibus
1135 1957 1421 2028 contingit,
1468 1956 1708 2026 aliquam
1781 1953 1864 2009 sol
1908 1953 2023 2021 ipse
2091 1954 2454 2006 mutationum
2513 1953 2740 2005 istarum
2785 1947 3026 2010 subiret,
3068 1948 3208 2001 idem
3261 1946 3330 2000 ab
3380 1945 3677 2000 omnibus.

392 2051 487 2121 qui
527 2051 717 2106 oculos
761 2051 815 2106 in
844 2067 969 2105 eum
1020 2051 1384 2114 intenderent,
1417 2048 1647 2106 omnino
1696 2047 1996 2102 videretur.
2036 2043 2179 2107 Jam,
2214 2058 2474 2112 quorsum
2546 2050 2625 2095 tot
2669 2038 3068 2110 signiﬁcatione
3129 2036 3368 2093 carentia
3409 2037 3678 2095 nomina?

399 2159 663 2212 quorsum
686 2158 752 2198 ex
785 2143 978 2199 iisdem
1005 2144 1238 2199 barbara
1266 2143 1528 2213 pleraque
1550 2138 1978 2210 congruentibus
2017 2152 2082 2193 ac
2103 2136 2442 2206 singulorum
2469 2133 2706 2203 propriis
2737 2129 3108 2201 anteponunt?
3161 2127 3297 2183 Nam
3335 2128 3384 2184 si
3451 2143 3662 2183 numen

393 2235 524 2290 dum
562 2251 750 2291 vocem
823 2236 1066 2299 exaudit,
1121 2233 1243 2305 eius
1303 2233 1373 2289 ad
1438 2232 1892 2303 signiﬁcationem
1950 2230 2191 2300 respicit,
2243 2225 2484 2298 profecto
2543 2225 2873 2279 cuicuimodi
2918 2239 3118 2279 nomen
3169 2221 3354 2287 fuerit,
3399 2221 3448 2276 si
3493 2221 3664 2277 modo

393 2328 584 2382 eadem
633 2329 900 2383 sententia
946 2329 1229 2392 manserit,
1268 2328 1403 2383 satis
1442 2343 1539 2398 per
1573 2342 1694 2382 sese
1727 2341 1844 2382 rem
1879 2325 1969 2379 illa
2009 2332 2176 2379 totam
2211 2322 2434 2392 aperiet.
2472 2319 2583 2375 Nec
2607 2319 2754 2375 enim
2790 2318 2859 2386 is,
2925 2318 3141 2388 opinor,
3193 2331 3358 2388 quem
3411 2323 3672 2380 evocant,

395 2415 690 2491 Egyptius
752 2429 871 2475 erat
929 2433 1161 2491 genere;
1200 2434 1321 2484 nec,
1364 2420 1410 2475 si
1456 2430 1596 2485 erat,
1657 2420 1841 2491 lingua
1881 2427 2066 2472 tamen
2108 2414 2451 2486 Egyptiaca,
2503 2414 2587 2466 vel
2636 2411 2861 2467 omnino
2915 2409 3155 2464 humana
3211 2423 3345 2464 voce
3387 2408 3670 2464 utebatur.

393 2511 626 2584 Quippe,
651 2522 745 2571 aut
766 2514 912 2568 enim
937 2515 1397 2586 praestigiatorum
1420 2523 1566 2568 artes
1590 2513 1707 2569 ista:
1737 2521 1885 2579 sunt,
1908 2520 1964 2568 et
2001 2509 2251 2582 quaedam
2301 2523 2513 2572 earum,
2533 2523 2672 2577 quas
2726 2505 2829 2576 ipsi
2880 2503 3140 2574 patimur,
3158 2509 3580 2571 qurequetamen
3601 2503 3672 2557 ab

393 2606 464 2662 iis
475 2604 588 2661 Deo
610 2605 945 2670 tribuuntur,
969 2608 1332 2661 mutationum
1356 2606 1670 2674 involucra;
1697 2617 1791 2662 aut
1813 2607 1968 2661 aliter
2005 2604 2186 2675 plane,
2211 2618 2376 2673 quam
2397 2618 2458 2658 re
2480 2603 2596 2673 ipsa
2614 2601 2829 2665 habeat,
2848 2600 2915 2655 de
2937 2598 3226 2654 Divinitate
3246 2598 3537 2654 sentimus.
3563 2617 3583 2650 ι

401 2700 564 2774 199
593 2701 718 2757 Haec
750 2703 860 2772 ille,
893 2701 1092 2776 quibus
1120 2705 1340 2769 iterum,
1368 2719 1490 2773 qua:
1516 2712 1819 2775 sequuntur
1845 2744 1860 2770 ,
1910 2703 1979 2757 ad
2056 2751 2058 2753 ,

393 2791 710 2864 Egyptium
739 2795 926 2850 eadem
953 2811 1076 2850 cum
1103 2796 1270 2851 animi
1297 2796 1646 2852 fluctuatione
1666 2796 1974 2868 perscribit.

398 2902 418 2936 ι
459 2881 555 2938 Sin
597 2895 776 2940 autem
805 2926 820 2950 ,
853 2887 1030 2957 inquit
1057 2929 1071 2951 ,
1103 2903 1171 2943 ex
1200 2888 1304 2944 diis
1332 2888 1422 2943 alii
1454 2890 1589 2944 nihil
1620 2890 1845 2944 omnino
1876 2903 1976 2958 pa-

392 2973 606 3028 tiuntur
633 3013 648 3038 ,
685 2974 776 3029 alii
815 2977 924 3044 pati
973 2976 1178 3047 aliquid
1213 2979 1508 3049 aliquando
1553 2989 1817 3048 possunt;
1848 2979 1974 3048 qui-

391 3065 495 3120 bus
522 3064 689 3118 etiam
719 3074 930 3120 veretra
956 3079 1014 3120 se
1039 3081 1137 3136 per
1167 3067 1302 3123 istos
1343 3069 1584 3137 erigere,
1629 3068 1974 3136 obscenaque

393 3156 639 3210 carmina
673 3157 903 3211 solemni
931 3158 1040 3212 ritu
1071 3173 1268 3215 canere
1294 3160 1546 3215 dictitant
1577 3178 1590 3215 :
1621 3159 1811 3216 inanes
1856 3160 1971 3214 uti-

391 3261 499 3317 que
559 3246 786 3302 deorum
832 3249 1182 3306 evocationes
1230 3252 1473 3320 iuerint,
1525 3252 1726 3322 quibus
1773 3267 1833 3308 se
1878 3260 1972 3306 aut

389 3351 583 3392 eorum
615 3354 773 3408 opem
817 3338 1112 3409 implorare
1137 3383 1154 3409 ,
1183 3354 1278 3400 aut
1322 3346 1663 3401 iracundiam
1710 3345 1928 3416 placare
1953 3387 1969 3412 ,

390 3438 488 3483 aut
533 3429 872 3500 expiationes
927 3431 1217 3489 instituere
1274 3437 1640 3506 proﬁtentur,
1693 3439 1971 3508 multoque

391 3522 619 3592 proinde
649 3524 821 3593 magis
843 3541 928 3592 ea,
957 3527 1160 3596 quibus
1192 3529 1324 3598 ipsis
1353 3531 1731 3586 necessitatem
1764 3531 1970 3600 imponi

387 3615 600 3670 volunt.
630 3615 785 3682 Quod
817 3617 962 3672 enim
997 3618 1110 3689 pati
1136 3634 1246 3674 non
1297 3631 1516 3690 potest,
1550 3620 1691 3677 idem
1724 3636 1824 3677 nec
1870 3621 1969 3677 de-

390 3707 623 3763 mulceri
657 3725 897 3781 quoque,
937 3727 1038 3767 nec
1073 3713 1190 3783 cogi
1221 3720 1417 3783 potest.
1476 3733 1495 3766 ι
1529 3714 1788 3784 Idemque
1818 3714 1972 3770 dein-

387 3815 566 3871 ceps:
602 3821 620 3853 ί
664 3801 980 3874 Perperam,
1013 3805 1212 3876 inquit,
1249 3807 1318 3862 ab
1346 3807 1416 3862 iis
1454 3808 1721 3878 sapientia
1749 3807 1966 3874 colitur,

387 3893 484 3964 qui
509 3903 602 3948 aut
641 3895 949 3951 inveniendi
978 3896 1193 3961 fugitivi
1235 3899 1398 3965 servi,
1431 3908 1526 3954 aut
1562 3900 1776 3954 emendi
1811 3899 1966 3968 agri,

387 3993 485 4041 aut
511 3986 825 4055 nuptiarum
861 3989 1133 4044 interdum
1165 4028 1184 4056 ,
1227 4001 1322 4046 aut
1382 3999 1705 4046 mercaturae
1750 3991 1923 4062 gratia
1949 4029 1965 4055 ,

387 4077 628 4132 divinam
659 4087 898 4135 mentem
948 4081 1241 4137 sollicitare
1283 4097 1348 4138 ac
1388 4081 1618 4154 fatigare
1642 4083 1838 4137 solent.
1872 4080 1969 4137 Sin

387 4178 599 4237 autem,
623 4185 750 4225 cum
777 4171 952 4226 eidem
983 4172 1264 4242 sapientiae
1294 4187 1402 4228 non
1429 4173 1658 4229 remisse
1688 4172 1967 4243 negligen-

385 4269 577 4331 terque
609 4262 892 4317 studeatur
917 4303 933 4329 ,
967 4263 1060 4334 qui
1089 4273 1271 4318 tamen
1319 4263 1423 4333 ipsi
1449 4265 1585 4318 dant
1629 4279 1852 4334 operam
1880 4303 1894 4328 ,
1929 4262 1966 4316 ii

383 4352 600 4409 creteris
629 4354 850 4424 quidem
901 4354 955 4410 in
987 4355 1155 4412 rebus
1184 4354 1470 4410 verissima
1505 4355 1710 4419 omnia,
1740 4356 1807 4410 de
1843 4355 1968 4408 feli-

2156 2698 2322 2751 Ταῦτ’
2365 2696 2557 2762 εἰπὼν,
2603 2695 2767 2750 πάλιν
2810 2695 3009 2766 ἀπορεῖ
3053 2694 3190 2766 πρὸς
3231 2693 3324 2747 τὸν
3371 2692 3673 2761 Αἰγύπτιον

2086 2790 2280 2859 λέγων·
2315 2807 2332 2840 ι
2372 2789 2436 2841 El
2475 2788 2531 2842 δὲ
2572 2787 2623 2840 οἱ
2669 2787 2766 2858 μὲν
2807 2785 3054 2848 ἀπαθεῖς,
3094 2787 3142 2837 οἱ
3175 2785 3232 2838 δὲ
3269 2783 3558 2855 ἐμπαθεῖς,
3582 2777 3673 2849 οἷς

2083 2881 2170 2934 διὰ
2198 2880 2403 2934 τούτων
2437 2880 2571 2950 φασὶ
2614 2878 2846 2948 φαλλοὺς
2890 2878 3125 2938 ἱστάναι,
3163 2878 3256 2930 xal.
3283 2875 3552 2929 ποιεῖσθαι
3578 2876 3670 2930 αι-

2087 2971 2596 3045 σχρορρημοσύνας,
2653 2970 2871 3041 μάταιοι
2910 2973 2967 3023 αἱ
3005 2969 3142 3022 θεῶν
3179 2969 3398 3039 κλήσεις
3425 2968 3660 3035 ἔσονται,

2087 3064 2450 3135 προσκλήσεις
2502 3063 2681 3117 αὐτῶν
2738 3061 3224 3132 ὲπαγγελλόμεναι,
3291 3061 3383 3114 καὶ
3442 3062 3666 3133 μήνιδος

2075 3154 2359 3222 ὲξιλάσεις,
2385 3157 2480 3209 καὶ
2507 3154 2780 3219 ἐκθύσεις,
2818 3153 2912 3207 καὶ
2943 3152 3024 3206 ἔτι
3057 3153 3258 3224 μᾶλλον
3290 3153 3348 3205 αἱ
3371 3153 3667 3224 λεγόμεναι

2073 3251 2306 3320 ἀνάγκαι
2331 3249 2486 3304 θεῶν.
2505 3248 2802 3320 Ἀκήλητον
2831 3246 2940 3317 γάρ
2967 3246 3061 3300 καὶ
3085 3245 3364 3311 ἀϐίαστον,
3385 3247 3480 3299 καὶ
3503 3247 3668 3301 ἀκατ-

2072 3344 2413 3411 ανάγκαστον
2440 3342 2500 3394 τὸ
2541 3339 2770 3403 ἀπαθές.
2813 3358 2833 3392 ›
2861 3339 2973 3392 Kal
3020 3337 3182 3393 πάλιν
3225 3337 3355 3408 ἑξῆς
3397 3338 3665 3408 ἐπιλέγειο

2079 3454 2097 3485 ι
2133 3435 2326 3506 Μάτην
2371 3434 2554 3496 αὐτοῖς
2592 3434 2626 3503 ἡ
2670 3431 2833 3500 σοφία
2861 3430 3180 3502 ἐξήσκηται,
3224 3430 3353 3501 περὶ
3389 3429 3664 3501 δραπέτου

2072 3525 2360 3598 εὑρέσεως,
2387 3524 2422 3596 ἢ
2451 3524 2652 3597 χωρίου
2699 3523 2914 3594 ὠνῆς,ἣ
2945 3523 3147 3593 γάμου,
3178 3524 3227 3575 εί
3267 3521 3440 3593 τύχοι,
3478 3520 3514 3593 ἢ
3563 3523 3668 3593 ὲμ-

2073 3618 2285 3691 πορίας,
2309 3617 2400 3672 τὸν
2427 3617 2566 3671 θεῖον
2596 3615 2720 3671 νοῦν
2753 3615 3128 3686 ἐνοχλήσασιν.
3150 3616 3214 3668 Εἰ
3237 3615 3280 3668 δ’
3302 3615 3364 3667 οὐ
3407 3616 3666 3685 παρεῖται

2075 3710 2192 3780 μὲν,
2223 3713 2270 3764 οἱ
2295 3709 2624 3773 δὲσυνόντες
2661 3710 2788 3780 περὶ
2825 3709 2922 3778 μὲν
2950 3708 3058 3762 τῶν
3085 3707 3259 3762 ἄλλων
3286 3705 3665 3778 τάληθέστατα

2070 3800 2310 3868 λέγουσι,
2359 3800 2488 3873 περὶ
2538 3800 2595 3853 δὲ
2649 3799 2997 3870 εὐδαιμονίας
3049 3799 3201 3852 οὐδὲν
3241 3798 3500 3868 ἀσφαλὲς,
3548 3799 3664 3851 οὐδ’

2071 3892 2353 3962 ἐχέγγυοψ
2390 3892 2491 3945 οὐκ
2517 3887 2659 3963 ἦσαν
2697 3891 2805 3964 ἀρα
2834 3889 2958 3943 οὔτε
2995 3889 3126 3954 θεοὶ,
3169 3889 3283 3943 οὒτ’
3312 3889 3508 3959 ἀγαθοὶ
3536 3890 3663 3942 δαί-

2074 4001 2252 4054 μονες,
2303 3983 2416 4037 ἀλλ’
2458 3983 2491 4055 ἢ
2525 3985 2733 4047 ἐκεῖνος
2768 3985 2797 4037 ὁ
2838 3984 3127 4054 λεγόμενος
3161 3982 3382 4046 πλάνος.
3420 4001 3439 4035 ι
3471 3981 3662 4036 Ταῦτα

2073 4075 2173 4146 μὲν
2203 4072 2297 4130 οὖν
2326 4077 2419 4130 ἐπὶ
2445 4074 2700 4129 τοσοῦτον
2733 4076 2828 4129 καὶ
2857 4075 2966 4131 ἀπὸ
2991 4075 3192 4145 ταύτης
3221 4074 3529 4145 προκείσθω
3556 4074 3663 4146 τῆς

2069 4171 2380 4243 Πορφυρίου
2413 4170 2652 4241 γραφῆς.
2687 4169 2800 4224 Kal.
2838 4170 2946 4242 μὴν
2967 4171 3062 4223 καὶ
3092 4167 3404 4224 διδάσκαλοι
3429 4169 3528 4239 τῆς
3553 4186 3662 4223 κα-

2068 4261 2322 4331 κοτέχνου
2365 4261 2620 4332 γοητείας
2652 4261 2806 4314 αὐτοί
2837 4278 2901 4328 γε
2940 4261 3150 4332 πρῶτοι
3189 4262 3237 4314 οἱ
3275 4263 3511 4328 γενναῖοι
3545 4259 3664 4316 θεοὶ

2067 4353 2433 4424 κατέστησαν.
2463 4353 2633 4406 Πόθεν
2665 4352 2773 4424 γάρ
2802 4351 3114 4423 ἀνθρώποις
3155 4351 3328 4406 ταῦτα
3368 4350 3552 4422 παρῆν
3579 4355 3662 4405 εί-

383 4441 549 4498 citate
580 4457 710 4497 vero
746 4444 924 4498 securi
955 4444 1113 4509 nihil,
1146 4444 1360 4514 ﬁdeque
1389 4444 1535 4515 digni
1560 4446 1962 4513 respondeant:

2078 4445 2236 4525 δέναι,
2272 4445 2306 4514 ἢ
2338 4443 2446 4498 τῶν
2475 4443 2745 4515 δαιμόνων
2787 4443 2966 4497 αὐτῶν
3005 4444 3075 4497 τά
3104 4443 3236 4514 περὶ
3275 4443 3482 4496 ἑαυτῶν
3517 4442 3664 4508 ἐξεισ-

385 4532 636 4601 sequitur
678 4534 903 4588 omnino
953 4551 1130 4606 neque
1175 4536 1306 4590 deos
1353 4535 1516 4602 illos,
1564 4551 1740 4606 neque
1789 4536 1964 4591 bonos

383 4623 549 4676 etiam
583 4621 884 4690 daemones,
914 4627 1006 4682 sed
1050 4642 1174 4682 eum
1207 4628 1390 4698 potius
1423 4627 1626 4694 fuisse,
1657 4644 1820 4697 quem
1860 4629 1964 4682 im-

383 4723 660 4786 postorem
692 4732 976 4774 vocamus.
1018 4739 1036 4772 ›
1080 4720 1257 4790 Atque
1289 4721 1404 4776 hac
1433 4736 1500 4776 ex
1525 4723 1686 4776 citata
1712 4719 1959 4791 Porphy-

383 4811 450 4864 rii
479 4811 708 4880 epistola
736 4815 999 4882 producta
1032 4815 1319 4870 sufﬁciant.
1350 4814 1470 4870 Jam
1501 4831 1632 4870 vero
1674 4829 1782 4868 non
1827 4813 1964 4868 alios

2073 4537 2301 4600 πόντων,
2335 4537 2428 4589 καὶ
2457 4537 2582 4599 τοὺς
2612 4535 2987 4606 καταδέσμους
3021 4537 3140 4588 κατ’
3175 4534 3418 4605 ἀλλήλων
3463 4532 3665 4606 ἐξηγο-

2077 4629 2374 4698 ρευκότων;
2421 4627 2571 4698 Μηδὲ
2610 4626 2798 4681 τοῦτον
2828 4627 2884 4680 δὲ
2914 4627 3184 4698 ἡμέτερον
3213 4621 3354 4680 εἶναι
3384 4625 3477 4680 τὸν
3501 4627 3665 4696 λόγον

2070 4719 2226 4790 ἡγοῦο
2262 4719 2414 4772 οὐδὲν
2439 4719 2550 4790 γὰρ
2571 4719 2772 4772 τούτων
2805 4723 2966 4789 ἡμεῖς
2993 4718 3361 4790 ὁμολογοῦμεν
3385 4718 3508 4773 οὔτε
3541 4720 3666 4775 επί-

2073 4809 2323 4875 στασθαι,
2358 4809 2479 4863 οὔτε
2526 4809 2722 4874 θέλειν,
2765 4809 2903 4879 πλὴν
2943 4811 3023 4872 εἰς
3069 4809 3288 4879 ἔλεγχον
3335 4810 3437 4878 τῆς
3479 4809 3662 4864 αὐτῶν

383 4904 454 4960 ab
496 4903 652 4960 initio
700 4907 959 4963 maleﬁcae
991 4910 1126 4965 artis
1173 4913 1464 4981 magistros
1491 4951 1506 4976 ,
1538 4926 1703 4982 quam
1733 4911 1964 4980 ipsamet

2078 4901 2318 4964 ἀτοπίας,
2360 4901 2454 4953 καὶ
2492 4901 2766 4972 ἡμετέραν
2800 4899 2936 4971 ὁμοῦ
2983 4901 3084 4971 τῆς
3121 4900 3328 4953 τούτων
3372 4901 3665 4971 ἀναχωρή-

381 4999 598 5068 egregia
645 4999 871 5054 numina
921 5001 1088 5058 fuisse
1135 5012 1367 5059 constat.
1420 5003 1525 5070 Qui
1577 5003 1739 5066 enim.
1772 5002 1961 5056 isthmc

2078 5012 2206 5058 rem;
2249 4993 2566 5061 ἀπολογίαν,
2608 4993 2636 5044 ὁ
2673 4991 2875 5045 τούτων
2921 4994 3052 5076 ἡμῖν
3102 4992 3372 5064 παρήχθω
3422 4992 3660 5062 μάρτυς,

385 5088 640 5145 homines
675 5091 834 5146 aliter
862 5108 1025 5149 nosse
1057 5095 1367 5164 potuissent
1391 5134 1406 5159 ,
1435 5095 1543 5150 nisi
1572 5093 1846 5149 daemones
1892 5095 1960 5149 iis

2078 5087 2231 5156 σοφὸς
2255 5085 2334 5139 ὢν
2369 5087 2427 5139 ὲν
2455 5089 2568 5149 τοῖς
2605 5086 2922 5157 γνωρίμοις,
2959 5086 3054 5138 καὶ
3088 5085 3268 5140 πάντα
3304 5084 3550 5154 ἀκριϐῶς
3589 5084 3661 5138 τὰ

381 5192 472 5232 res
500 5179 602 5248 ipsi
637 5195 767 5237 suas
795 5185 1159 5253 aperuissent,
1188 5195 1242 5241 et
1265 5187 1466 5256 quibus
1491 5187 1696 5256 quique
1728 5184 1960 5239 vinculis

2078 5179 2238 5229 alxeia
2274 5173 2429 5239 εἰδώς
2468 5192 2526 5227 τε
2562 5176 2658 5228 καὶ
2695 5175 3105 5246 ὑποτιθέμενος.
3142 5176 3314 5238 Αὐτὸς
3352 5171 3446 5227 οὖν
3481 5175 3541 5227 ὲν
3585 5177 3656 5246 τῇ

379 5272 852 5343 constringantur,
893 5275 1272 5332 iudicassent?
1301 5276 1485 5347 Neque
1533 5293 1662 5332 vero
1709 5284 1957 5330 nostram

2078 5268 2365 5342 Βηλωθείσῃ
2404 5266 2514 5321 τῶν
2553 5265 2747 5335 λογίων
2790 5269 3078 5338 συναγωγῇ
3117 5266 3290 5319 ταῦτα
3330 5265 3480 5333 λέγει
3518 5262 3658 5334 πρὸς

384 5357 525 5412 hanc
551 5363 853 5418 orationem
885 5381 1006 5420 esse
1041 5375 1197 5435 putes
1224 5386 1238 5429 ;
1265 5369 1466 5436 quippe
1506 5368 1602 5437 qui
1653 5367 1789 5420 nihil
1820 5365 1955 5420 isto-
2065 5363 2231 5430 λέξιν.

381 5463 502 5505 rum
533 5468 564 5506 a
593 5457 753 5512 nobis
783 5468 876 5512 aut
906 5459 1126 5530 intelligi
1154 5470 1250 5515 aut
1273 5461 1451 5530 expeti
1483 5459 1772 5516 fateamur.
1841 5459 2076 5514 Tantum
2133 5472 2262 5527 ergo
2292 5457 2488 5526 partim
2559 5471 2627 5510 au
2689 5471 3098 5526 coarguendam
3145 5455 3384 5510 istorum
3440 5465 3646 5506 vecor-

383 5541 529 5596 diam
559 5584 574 5605 ,
618 5550 814 5614 partim
885 5553 953 5605 ad
1021 5562 1301 5619 nostram,
1352 5554 1448 5624 qui
1498 5571 1601 5610 nos
1654 5569 1848 5610 eorum
1918 5548 2290 5608 communioni
2338 5564 2402 5602 ac
2450 5544 2694 5604 societati
2768 5547 3172 5613 subduximus,
3231 5544 3652 5608 defensionem,

388 5635 532 5690 idem
566 5650 597 5688 a
631 5639 791 5693 nobis
842 5641 996 5696 testis
1023 5643 1360 5713 producatur
1384 5683 1400 5709 ,
1449 5645 1545 5717 qui
1589 5653 1646 5701 et
1673 5645 1890 5716 sapiens
1935 5657 1967 5697 a
2003 5641 2119 5698 suis
2148 5639 2378 5694 habetur
2405 5679 2418 5703 ,
2489 5648 2542 5694 et
2609 5653 2801 5694 omnes
2839 5639 3121 5709 religionis
3166 5639 3356 5709 patria:
3407 5637 3655 5691 rationes

388 5733 642 5782 accurate
656 5741 764 5782 non
789 5731 955 5785 modo
977 5735 1150 5802 novit,
1173 5736 1267 5793 sed
1286 5736 1452 5794 etiam
1482 5737 1754 5810 exposuit.
1781 5735 2055 5808 lllegigitur
2078 5734 2130 5789 in
2153 5730 2370 5788 laudata
2388 5730 2736 5807 oraculorum
2761 5730 3099 5798 collectione,
3129 5729 3195 5785 ad
3220 5729 3444 5786 verbum
3463 5729 3652 5796 habet,

387 5832 512 5891 quae
537 5829 858 5891 sequuntur.
1070 5863 1079 5881 ε
1134 5866 1150 5887 ,
2546 5833 2552 5836 ‘
