1940 3109
106 122 162 154 ἴω

367 179 565 206 ΚΕΦΔΛΔῙΟΝ
592 179 634 206 IA'

108 236 169 263 ὀτι
186 235 215 261 οι
231 235 382 270 δαιζιιονες.
400 235 453 268 οῦς
465 235 503 269 δὴ
516 235 603 268 θεοὺς
617 234 834 269 ὑπειλήφασιν,
850 233 903 260 ἀν-

160 270 301 304 θρώπους
315 270 459 303 ἐδίδαξαν
476 271 530 304 τὰς
543 270 655 303 οἰκείας
669 270 847 304 περιεργίας.

141 368 152 384 ι
173 358 213 385 οὐ
231 359 312 394 μόνον
325 359 354 385 δὲ
366 359 416 394 τὴν
431 358 571 385 πολιτείαν
585 357 674 385 αὐτῶν
688 357 764 384 αὐτοὶ
781 355 903 392 μεμηνό-

105 412 171 432 κασι
183 405 231 431 καὶ
243 405 277 431 τὰ
287 405 355 432 ἄλλα
366 405 400 432 τὰ
412 404 555 441 εἰρημένα,
567 404 634 431 ἀλλὰ
644 404 691 431 καὶ
700 404 754 430 τίσι
766 403 900 439 χαίρουσι,

105 451 154 477 καὶ
180 450 358 486 κρατοῦνται,
382 450 584 486 ὑπηγόρευε-αν,
607 449 654 477 καὶ
681 449 734 485 μὴν
759 448 808 475 καὶ
831 448 902 474 τίσιν

105 495 319 530 ἀναγκάζονται.
333 496 400 522 Τίνα
410 496 439 523 δὲ
449 496 488 523 δεῖ
499 496 583 527 θύειν,
601 496 646 522 καὶ
657 496 689 521 ὲκ
703 495 781 526 ποίας
796 494 902 529 ἡμέρας

106 542 301 577 ὲκτρέπσθαιε
318 542 348 569 τό
365 551 395 569 τε
415 542 508 577 σχῆμα
527 541 581 568 τῶν
599 540 765 576 ἀγαλμάτων
781 539 902 566 ποδαπὸν

105 587 137 623 δὴ
155 589 254 614 ποιεῖν·
271 588 348 615 αὐτοί
362 597 392 614 τε
411 588 498 619 ποίοις
517 588 638 623 σχήμασι
658 586 809 621 φαίνονται,
826 585 854 612 ἓν
872 594 901 612 τε

106 633 196 665 ποίοις
210 634 380 670 διατρίϐουσι
398 634 505 665 τόποις·
515 634 561 661 καὶ
570 634 637 665 ὅλως
651 633 680 659 ἓν
696 632 772 658 οὐδέν
790 633 874 663 ἐστιν,
888 631 902 657 ὃ

107 679 144 715 μὴ
162 681 230 716 παρ’
245 681 334 707 αὐτῶν
352 681 483 716 μαθόντες
494 681 519 707 οἱ
532 680 681 716 ἄνθρωποι,
697 679 783 710 οὕτως
803 679 902 710 αὐτοὺς

104 726 248 761 ἐτίμησαν.
273 727 384 753 Πολλῶν
401 727 424 753 δ’
438 727 523 754 ὄντων
537 726 555 753 δι
571 726 672 752 τούτων
689 726 747 751 ἐστὶ
762 732 902 759 παραστα-

102 773 179 805 τικὰ,
202 773 282 808 ὀλίγα
303 774 335 800 ἐκ
355 773 410 800 τῶν
431 772 536 800 πολλῶν
558 771 763 808 παραθήσομεν,
792 770 836 796 ἵνα
863 770 900 805 μὴ

102 818 265 855 ἀμάρτυρον
280 819 326 846 τὸν
341 819 420 854 λόγον
436 819 638 854 καταλίπωμεν.
658 829 667 844 ι

676 120 841 149 ΡΒΛΕΡΛΒ.
860 118 986 147 EVANG.
1009 118 1074 146 LIB.
1095 119 1128 146 Υ.

1699 115 1753 145 366

1251 174 1369 203 CAPUT
1388 173 1436 202 XI.

954 230 1094 258 Dtemones
1109 230 1190 263 ipsos,
1207 230 1252 264 qui
1264 230 1373 257 deorum
1391 230 1446 257 loco
1459 229 1624 263 habeantur,
1639 237 1691 265 quo
1705 238 1752 257 stt-

989 265 1176 301 perstitionum
1203 266 1257 291 ritu
1287 273 1376 292 secum
1422 266 1466 301 agi
1496 265 1602 298 vellent,
1632 266 1751 293 homines

990 301 1121 327 docuisse.

992 366 1002 383 ‹
1022 356 1115 392 Neque
1133 361 1239 385 tantum
1253 377 1260 390 ,
1279 357 1388 392 inquit,
1413 357 1541 393 proprias
1563 357 1683 385 instituti
1706 359 1750 387 sui

953 403 1087 437 rationes,
1103 408 1151 431 aut
1162 408 1272 437 caetera,
1287 412 1349 438 quae
1361 404 1489 438 superius
1504 411 1519 430 a
1537 403 1617 431 nobis
1630 410 1751 431 comme-

954 455 1060 477 morata
1078 454 1154 482 sunt,
1168 458 1263 477 verum
1275 450 1376 485 quibus
1390 450 1443 485 ipsi
1457 450 1540 478 rebus
1556 454 1604 478 aut
1615 450 1750 477 delecten-

953 500 998 523 tur
1024 501 1072 523 aut
1089 496 1253 529 vinciantur,
1274 496 1330 524 imo
1358 497 1459 531 quibus
1486 497 1569 524 etiam
1595 500 1749 532 cogantur,

953 542 1123 569 indicarunt.
1155 542 1262 576 Quibus
1273 543 1338 571 item
1356 543 1457 570 hostiis
1470 550 1528 570 rem
1545 550 1651 570 sacram
1667 541 1726 570 ﬁeri
1739 562 1749 575 ,

952 588 1034 623 200
1048 596 1117 624 quos
1130 588 1189 616 dies
1205 589 1293 616 caveri
1309 608 1316 621 ,
1342 596 1425 623 quam
1441 589 1469 616 in
1486 588 1604 616 formam
1627 596 1660 616 ac
1686 596 1748 624 spe-

952 634 1022 661 ciem
1034 634 1181 662 simulacra
1197 634 1366 670 conﬁgurari
1388 638 1533 669 oporteat;
1557 642 1678 670 quonam
1695 634 1746 670 ipsi

951 686 1000 706 ore
1023 679 1174 714 habituque
1193 684 1361 714 appareant,
1379 680 1480 715 quibus
1506 680 1533 707 in
1560 680 1626 708 locis
1644 680 1746 707 assidui

952 724 1017 753 sint.
1041 724 1164 761 Denique
1180 725 1247 753 nihil
1262 726 1377 752 omnino
1399 730 1461 759 est,
1483 726 1556 761 quod
1583 734 1637 753 non
1655 726 1688 753 ab
1712 726 1747 753 iis

952 769 1077 797 homines
1099 770 1136 796 ita
1163 770 1331 802 didicerintl
1357 770 1396 797 uti
1424 778 1459 798 ex
1484 778 1578 798 eorum
1602 772 1746 806 praeceptis

951 814 1132 850 doctrinaque
1155 815 1289 843 duntaxat
1313 816 1450 844 solemnes
1471 821 1565 852 postea
1590 818 1617 844 in
1640 817 1675 845 iis
1696 824 1745 844 co-

101 863 192 893 lendis
208 866 279 893 ritus
294 866 464 893 adhiberent.
483 865 549 899 Quae
570 873 632 893 cum
655 864 823 901 argumentis
859 861 984 897 pluribus
1009 861 1163 896 iisdemque
1187 862 1349 890 certissimis
1381 863 1512 891 illustrari
1533 864 1657 898 possint,
1692 869 1745 891 nol

102 917 195 939 tamen
219 919 236 940 e
251 912 346 940 multis
358 920 446 947 pauca
462 913 544 940 modo
559 912 731 947 proferemus
744 931 751 944 ,
767 918 801 938 ne
822 908 898 937 omni
917 908 1072 936 orationem
1106 908 1178 936 hanc
1210 908 1370 936 testimonio
1384 913 1410 936 et
1423 909 1586 937 auctoritate
1600 909 1744 944 spoliatam

100 958 248 993 reliquisse
260 958 412 986 videamur.
430 968 440 984 ›

361 1005 562 1032 ΚΕΦΑΛΑΙΟΝ
586 1005 638 1032 ῙΒ’.

100 1061 167 1089 ὀτι
184 1062 235 1088 καὶ
248 1061 285 1089 τὰ
297 1062 452 1128 ἀγάλματα
460 1062 596 1130 ὥαέωὲὖς
610 1061 695 1089 αὐτοὶ
708 1059 896 1089 κατασκευά-

396 1107 443 1125 ειν
496 1108 504 1125 ι
526 1106 545 1124 α
565 1106 614 1125 αν.

396 1107 443 1125 ειν
460 1106 614 1125 εοιοαεαν.

136 1151 147 1168 ε
163 1143 225 1169 Ὀτι
238 1143 267 1169 δὲ
277 1144 325 1171 καὶ
334 1143 372 1170 τὰ
379 1144 526 1178 ἀγάλματα
539 1144 616 1170 αὐτοὶ
628 1142 759 1169 ὑπέθεντο
769 1141 827 1173 πῶς
842 1140 895 1177 χρὴ

96 1189 197 1220 ποιεῖν,
214 1188 262 1215 καὶ
279 1189 311 1215 ὲκ
329 1189 410 1220 ποίας
424 1188 500 1224 ὕλης,
517 1188 632 1224 δηλώσει
644 1186 679 1214 τὰ
693 1186 744 1222 τῆς
766 1185 894 1219 Ἑκάτης,

94 1233 198 1269 ἔχοντα
211 1234 306 1262 τοῦτον
320 1235 367 1261 τὸν
380 1235 490 1270 τρόπον·

99 1322 194 1358 Ἀλλὰ
205 1322 285 1349 τέλει
301 1322 414 1355 ξόανον
425 1322 657 1358 κεκαθαρμένον,
670 1322 711 1355 ὤς
723 1329 760 1349 σε
770 1320 890 1353 διδάξω.

92 1356 240 1391 Πητάνου
255 1357 290 1390 ἐξ
306 1359 419 1392 άγτρίοιο
435 1358 527 1392 δέμας
535 1356 626 1390 nolet,
640 1358 688 1392 ἠδ’
700 1358 855 1391 ἐπικόσμει

92 1393 227 1419 Ζὼοισιν
240 1393 378 1420 λεπτοῖσι
393 1393 586 1426 κατοικιδίοις
601 1393 818 1425 σκαλαΰόπαις”

91 1428 237 1462 Σμύρνης
244 1429 293 1455 καὶ
302 1429 460 1463 στύρακος,
467 1428 602 1456 λιϐάνοιό
606 1437 638 1455 τε
644 1430 775 1463 μίγματα
783 1427 892 1461 τρίψας

90 1461 160 1489 Σὺν
171 1464 283 1496 κείνοις
300 1461 409 1492 ζώωισι.
427 1464 475 1490 καὶ
490 1465 634 1498 ἀθροίσας
644 1461 706 1491 ὖαό
719 1464 822 1498 μήνην

89 1498 159 1530 Αὕξ
161 1505 262 1524 ουσαν
271 1499 361 1531 τέλει,
376 1499 468 1532 αὐτὸς
477 1497 681 1534 ἐπευχόμενος
689 1497 772 1532 τήνδ’
782 1497 888 1532 εὐχήν.

89 1543 147 1570 Εἶτ’
166 1544 300 1576 ἐξέδωκεν
314 1546 408 1581 εὐχὴν,
422 1544 524 1578 ἐδίδαξέ
536 1554 566 1572 τε
581 1545 680 1577 πόσους
695 1545 810 1581 ληπτέον
824 1553 891 1571 σκα-

87 1588 229 1622 λαὸὠτας·

89 1680 202 1721 ἶῼοςσαι
216 1680 331 1721 μρρςραί
342 1689 404 1721 μοι,
416 1680 638 1721 τᾷονσοιςιζὼοις
651 1689 688 1721 qs:
705 1682 828 1721 dederim,

86 1715 147 1741 Καὶ
164 1715 285 1749 σφόδρα
302 1715 397 1742 ταῦτα
417 1716 505 1743 τέλει·
520 1716 639 1751 δάφνης
654 1716 688 1743 δέ
698 1725 748 1751 μοι
763 1718 886 1787 [litigare-

775 1760 795 1777 ν
849 1761 885 1778 ου

87 1785 185 1822 οἷκον
201 1785 277 1822 ἐμοῦ
293 1785 417 1821 χώρημα
431 1786 519 1814 ποίει·
536 1787 584 1814 καὶ
605 1786 751 1822 ἀγάλματι
764 1785 886 1822 nolumu-

86 1821 186 1852 Κείνῳ
194 1821 409 1856 ἐπευχόμενος,
420 1822 456 1848 δι’
465 1822 564 1849 ὕπνον
575 1822 628 1857 ἐμέ
636 1831 679 1848 τοι
693 1821 884 1856 ἀναθρήσεις.

86 1867 146 1894 Καὶ
162 1866 245 1893 πάλιν
260 1866 356 1894 ἄλλοτε
371 1867 482 1903 ἄγαλμα
495 1868 586 1900 αὐτοῖς
600 1867 715 1900 ἐξέδωκε
731 1866 861 1895 τοιοῦτον.
873 1876 882 1893 ι

351 1943 552 1970 ΚΕΦΑΛΑΙΟΝ
574 1944 623 1971 II".

88 1988 155 2015 ὀτι
177 1989 230 2016 καὶ
246 1988 300 2022 τὰς
324 1988 537 2055 Μρφὰςὲεῖἓῦἔν
551 1989 669 2020 ξοάνων
691 1989 777 2017 αὐτοὶ
802 1990 886 2017 κατέ-

138 2071 217 2098 ιΚαὶ
235 2070 302 2108 περὶ
324 2069 379 2098 τῶν
405 2071 564 2106 σχημάτων,
591 2071 666 2102 ὅπως
692 2071 884 2105 φαντάζονται,

88 2117 164 2144 αὐτοὶ
189 2116 392 2152 μεμηνύκασιψ
410 2117 458 2151 ἀφ’
471 2113 508 2143 ὧν
522 2117 570 2143 καὶ
588 2116 624 2143 τὰ
645 2117 793 2152 ἀγάλματα
815 2116 886 2144 οὕτω

88 2162 251 2199 καθιδρύθη.
269 2162 351 2197 Λέγει
366 2161 432 2197 γοῦν
459 2162 474 2188 ὀ
491 2163 623 2197 Σάραπις,
649 2163 710 2190 ἰδὼν
727 2163 773 2190 τδν
795 2164 883 2197 Πᾶνα,

86 2210 148 2244 περὶ
161 2208 275 2235 ἑαυτοῦ·

86 2296 199 2333 MM
213 2295 462 2333 μὲνγκατὰνδῶμα
473 2296 543 2333 θεοῦ
556 2297 780 2333 καταλάμςτεται
794 2297 883 2333 αὐγὴ.

84 2328 174 2368 Ἦλθε
270 2328 453 2368 ἠντιϐόληονε
460 2332 555 2368 μεως
576 2334 653 2365 θεός·
670 2328 758 2359 ἐἶδεν
768 2328 848 2368 ἐμεῖο

84 2367 198 2401 Κόιντος
204 2366 417 2401 ἀμαιμάκετον,
424 2366 603 2402 λαμπηδόνα
608 2366 883 2402 φλογμοτύραννον,

83 2403 263 2436 Βόστρυχον
276 2403 311 2429 ἐκ
327 2402 465 2437 κεφαλῆς
489 2403 609 2436 νεάτης,
635 2403 884 2448 χαροποῖσέιμετ-

88 2472 191 2507 Ἄμφις
216 2472 397 2507 ιαινόμενον,
417 2473 566 2508 πλοχμοῖς
585 2473 610 2500 θ’
625 2474 730 2508 ἱεροῖσι
752 2438 883 2509 falsitati

114 2519 174 2545 Καὶ
194 2519 209 2545 ό
228 2518 288 2545 Πὰν
305 2519 371 2555 περὶ
391 2520 488 2546 ἑαυτοῦ
519 2519 603 2555 ὕμνον
637 2520 756 2553 ἐδίδαξεν
783 2521 878 2557 ἔχοντα

81 2563 168 2596 οὕτως
177 2572 185 2580 ·

82 2612 215 2647 εὔχομαι
223 2611 336 2647 ,βροτὸς
350 2612 443 2647 γεγὼς
456 2612 532 2639 Πανὶ
544 2612 692 2647 συμφύτῳ
705 2612 772 2645 θεῷ,

81 2646 286 2680 Δισσοκέρατι,
302 2646 475 2680 δισσόποδι,
492 2646 699 2682 τραγοο-κελεῖ,
715 2646 874 2682 τρυφῶντι.

84 2691 135 2719 Καὶ
168 2690 204 2717 τὰ
231 2691 377 2720 ἀκόλουθα.
408 2694 464 2721 Καὶ
478 2694 495 2729 ή
516 2694 615 2729 Ἑκάτη
639 2694 667 2721 δὲ
691 2695 755 2730 περὶ
777 2692 877 2728 ἑαυτῆς

81 2734 149 2763 οὕτω
164 2736 259 2772 φησίν-

82 2781 151 2816 Ἠδη
162 2784 263 2817 μοισύ
279 2792 313 2818 γε
326 2784 425 2812 πάντα
438 2786 527 2813 ποίει·
538 2785 651 2818 ξόανον
666 2792 678 2806 ι
694 2785 727 2813 δὲ
739 2786 774 2813 ἐν
798 2784 878 2818 αὐτῷ

115 2845 129 2860 ι
148 2840 192 2868 la.
210 2840 309 2876 ξοάνῳ.

1246 997 1363 1026 CAPUT
1385 997 1444 1025 XII.

947 1055 1065 1083 Eosdem
1080 1064 1248 1091 magicarum
1261 1056 1361 1083 artium
1375 1076 1383 1089 ,
1399 1055 1492 1091 quibus
1513 1055 1659 1083 simulacra
1678 1064 1742 1084 con-

1159 1091 1302 1126 ﬂarentur,
1316 1091 1436 1118 doctores
1448 1091 1540 1126 fuisse.

985 1147 996 1164 ‹
1014 1137 1048 1165 Et
1062 1137 1174 1173 quidem
1187 1138 1245 1173 ipsa
1261 1145 1373 1173 quoque
1387 1137 1546 1171 simulacra,
1563 1139 1742 1173 quemadmo-

945 1183 1011 1211 dum
1035 1191 1124 1219 quave
1148 1190 1182 1210 ex
1197 1182 1313 1210 materia
1338 1182 1504 1210 conformari
1530 1183 1680 1218 deberent,
1706 1185 1741 1213 ah

945 1228 1044 1258 iisdem
1072 1229 1203 1257 traditum
1228 1228 1314 1257 fuisse
1343 1229 1386 1256 vel
1411 1236 1445 1257 ex
1473 1230 1597 1264 sequenti
1624 1230 1739 1259 Hecates

944 1283 1079 1310 responso
1092 1275 1268 1310 intelligetur.

943 1322 1047 1349 Purum
1069 1322 1172 1349 absolve
1193 1322 1258 1348 milii
1268 1322 1452 1354 simulacrum,
1468 1322 1544 1357 quale
1568 1323 1665 1350 docebo

944 1358 1071 1392 Sylvcstri
1083 1366 1095 1383 ε
1111 1363 1172 1384 ruta
1185 1365 1290 1383 sacrum
1304 1358 1366 1383 milii
1378 1357 1472 1390 perﬁce
1487 1366 1582 1391 corpus
1593 1366 1602 1384 :

944 1395 1055 1419 Accedat
1072 1393 1155 1419 tenuis
1171 1392 1313 1426 mediisque
1327 1393 1466 1424 penatibus
1478 1401 1571 1419 errans

943 1428 1046 1459 Stellio,
1063 1436 1138 1462 quem
1153 1428 1279 1461 styracis,
1296 1428 1421 1461 myrrltw,
1436 1427 1571 1462 thurisque
1583 1427 1673 1455 Sabaat'

944 1464 1065 1493 Pulvere,
1080 1463 1218 1489 crescentis
1237 1464 1374 1488 commich
1387 1463 1421 1488 ad
1431 1462 1533 1488 Iuntina
1549 1463 1655 1490 Phoebes
1665 1471 1674 1489 ε

943 1498 1064 1532 lhtmquc
1074 1499 1157 1524 instas
1168 1498 1250 1532 operi,
1260 1497 1340 1523 simul
1349 1498 1403 1523 [ιιι-ε
1412 1498 1475 1523 mihi
1489 1499 1593 1532 concipe
1606 1504 1678 1525 vota.

941 1543 1010 1571 Tum
1027 1544 1113 1578 ipsam
1129 1550 1238 1578 quoque
1252 1542 1307 1570 voti
1320 1543 1465 1571 formulam
1475 1544 1628 1579 praescribit
1638 1545 1737 1573 simul-

941 1597 995 1625 que
1015 1590 1105 1623 docet,
1127 1593 1196 1624 quot
1223 1588 1360 1624 ejusmodi
1391 1589 1556 1617 animalcula
1586 1590 1738 1618 admiscere

941 1640 1075 1671 oporteat.

901 1679 922 1708 α
939 1681 1009 1713 Quot
1020 1681 1085 1707 milii
1093 1686 1153 1707 sunt
1162 1681 1267 1715 forma,
1278 1684 1316 1707 tot
1328 1680 1408 1707 misce
1418 1680 1587 1708 animalcula
1596 1681 1691 1709 dextra

940 1716 1064 1748 Sedulus,
1080 1722 1157 1751 atque
1170 1716 1241 1743 ultro
1252 1716 1384 1743 nascentis
1396 1715 1505 1742 brachia
1516 1716 1587 1743 lauri

939 1782 971 1809 In
984 1789 1103 1809 nostram
1113 1790 1221 1809 conicae
1231 1781 1340 1808 domum
1352 1790 1361 1808 :
1375 1782 1414 1809 sic
1431 1782 1516 1809 multa
1528 1787 1650 1817 precatus

940 1818 1067 1853 Eﬂigiem,
1079 1818 1165 1845 somni
1178 1818 1285 1845 tandem
1300 1825 1341 1844 me
1359 1822 1473 1851 tempore
1491 1825 1591 1844 cernes.

939 1862 1099 1898 Eademque
1122 1863 1187 1891 alibi
1210 1862 1301 1890 simile
1323 1863 1461 1898 quoddam
1485 1863 1627 1891 simulacri
1647 1871 1735 1900 genus

939 1909 1080 1937 indicavit.
1100 1919 1110 1935 ι

1191 1944 1270 1979 201
1290 1944 1406 1972 CAPUT
1419 1944 1490 1972 xm.

940 1989 1018 2024 lpsas
1035 1998 1136 2025 quoque
1149 1990 1355 2061 simulacraqum
1372 1992 1472 2026 ﬁguras
1494 1992 1526 2018 ab
1541 1991 1574 2018 iis
1587 1991 1733 2019 delimata:

1311 2035 1392 2055 uisse.

1311 2035 1392 2055 111888.

977 2079 987 2096 ι
1005 2069 1063 2098 lmo
1077 2078 1154 2103 vero,
1167 2079 1294 2107 quaenam
1309 2077 1441 2107 praeterea
1455 2071 1596 2100 simulacri
1609 2072 1733 2108 conﬁgu-

939 2114 1019 2142 randi
1041 2115 1112 2142 ratio
1123 2123 1184 2143 esse
1197 2116 1307 2149 debeat,
1325 2116 1362 2143 ita
1385 2116 1565 2149 tradiderunt,
1583 2121 1613 2144 ut
1626 2124 1686 2145 eam
1702 2117 1732 2145 in

940 2161 1092 2188 statuendis
1125 2161 1291 2197 imaginibus
1323 2162 1434 2190 ﬁctores
1462 2167 1556 2197 postea
1588 2162 1732 2198 diligenter

938 2207 1134 2240 expresserim.
1161 2207 1196 2234 Et
1224 2206 1338 2242 Sarapis
1366 2207 1477 2242 quidem
1492 2208 1552 2240 ita,
1576 2215 1639 2236 cum
1656 2208 1731 2238 Pana

938 2253 1062 2285 vidisset,
1078 2253 1111 2280 de
1126 2254 1217 2288 seipso
1231 2253 1364 2288 loquitur.

939 2298 1014 2335 Lana
1029 2307 1099 2326 meos
1113 2299 1160 2326 tua:
1171 2300 1287 2326 irradiat
1297 2299 1436 2335 complexa
1448 2305 1565 2335 penates,

945 2334 1019 2370 Yenit
1031 2335 1124 2370 quippe
1143 2335 1243 2370 ingens,
1259 2334 1391 2370 subiitque
1405 2336 1440 2361 ad
1448 2334 1546 2363 limina
1557 2344 1663 2369 numen,

939 2369 1071 2397 Invictum
1082 2369 1163 2396 robur
1178 2375 1308 2401 nostrum,
1319 2369 1480 2406 ﬂammaque
1491 2376 1623 2405 potentem

936 2405 1106 2439 Splendorem
1118 2410 1219 2439 aspexit
1232 2413 1240 2432 :
1256 2406 1355 2432 crinem
1369 2414 1385 2432 a
1397 2406 1540 2433 cervicibus
1554 2407 1628 2438 altis,

937 2440 989 2472 Qui
1002 2441 1102 2467 circum
1116 2441 1241 2475 ﬂagranti
1254 2448 1345 2467 errans
1357 2441 1460 2468 lascivit
1470 2442 1499 2468 in
1511 2450 1555 2468 ore

936 2475 1092 2508 Sacratique
1103 2475 1164 2509 pilis
1175 2476 1255 2502 menti
1267 2483 1294 2502 se
1304 2475 1439 2503 advolvere
1450 2477 1538 2511 gestit.

972 2521 1028 2549 lmo
1037 2519 1095 2548 Pan
1106 2520 1239 2556 ejusmodi
1270 2528 1380 2556 quoque
1408 2522 1441 2549 de
1465 2523 1555 2557 seipso
1592 2522 1725 2558 hymnum

933 2567 1052 2599 edocuit,

936 2612 990 2648 Oro
1004 2612 1125 2639 mortalis
1137 2617 1212 2639 satus
1226 2612 1303 2640 Pana
1315 2619 1453 2648 cognatum
1467 2614 1554 2647 deum,

928 2647 1077 2680 Bicornem,
1090 2648 1217 2682 bipedem,
1231 2648 1333 2675 hircino
1347 2647 1433 2680 crure,
1450 2648 1638 2676 lascivientem.

932 2692 965 2719 Et
979 2701 1041 2727 quae
1055 2697 1218 2728 sequuntur.
1235 2693 1337 2722 Hecate
1348 2698 1475 2728 przeterea
1487 2694 1520 2721 de
1534 2702 1563 2721 se
1578 2694 1635 2728 ipsa
1647 2693 1724 2723 hunc

932 2738 960 2766 in
977 2739 1087 2767 modum
1103 2740 1212 2773 cecinit,

931 2785 1032 2814 Cuncta
1043 2786 1106 2814 mihi
1123 2787 1215 2815 molire
1229 2795 1318 2820 inanu,
1334 2787 1489 2823 frugumque
1501 2787 1614 2821 potentis
