3880 6218
199 305 305 362 349

1315 303 1637 358 ΡΒᾹΞΡΑΒ.
1682 301 1932 358 EVANG.
1972 300 2098 357 LIB.
2141 303 2203 358 ν

3379 308 3488 364 550

199 423 331 491 γίας
382 421 552 484 Ποίας
596 421 640 474 δ’
670 420 832 474 εἰκὼν
863 421 1046 474 ἐνθέου
1074 421 1269 490 γένοιτ’
1314 421 1381 475 ἂν
1416 421 1711 492 δυνάμεως
1755 423 1788 492 ή

1896 435 1961 475 ex
2017 421 2280 476 maleﬁcis
2325 421 2615 492 praestigiis
2664 421 2882 478 auferre
2929 423 3188 494 possint?
3219 423 3487 491 Quidnam

197 515 307 568 τῶν
339 513 566 566 τοιῶνδε
605 515 902 584 σχημάτων
938 513 1259 583 μόρφωσις;
1293 513 1359 564 Τί
1405 511 1452 564 δ’
1497 511 1560 563 ού
1595 508 1794 580 μᾶλλον

200 606 535 677 φιλοσοφεῖν,
568 605 604 676 ἢ
648 605 908 675 μαγεύειν
955 605 1050 658 καὶ
1089 604 1158 663 τὰ
1201 602 1548 675 ἀπειρημένα
1579 600 1796 655 διώκειν

200 696 594 768 συμϐουλεύειν
620 697 811 769 ἐχρῆν,
845 696 940 751 τοῦ
970 699 1092 752 κατ’
1114 698 1316 769 ἀρετὴν
1347 697 1442 750 καὶ
1473 694 1795 766 φιλοσοφίαν

197 792 404 864 τρόπου
429 791 568 862 πρὸς
589 790 884 862 εὐδαίμονα
905 791 1000 844 καὶ
1033 790 1305 860 μακάριον
1340 789 1453 860 βίον
1483 789 1794 860 αὐτάρκους

197 887 597 958 τυγχάνοντος
645 885 705 938 '0
751 885 827 950 δὲ,
865 885 1150 939 ἐπιτείνων
1182 885 1275 938 τὸν
1313 885 1512 938 οἰκεῖον
1550 882 1791 953 ἔλεγχον,

198 978 533 1050 προστίθησι
564 980 677 1040 τοῖς
702 975 1015 1048 εἰρημένοις
1045 977 1142 1030 καὶ
1174 975 1366 1030 ταῦτα.

1901 512 2016 567 Deo
2066 522 2282 582 gratum
2327 514 2524 568 habeat
2571 528 2766 570 vecors
2818 524 2872 570 et
2933 516 3130 570 stolida
3185 515 3488 572 inanimum

1900 605 2323 661 simulacrorum
2350 606 2716 674 superstitio?
2740 605 3042 676 Cujusnam
3077 623 3246 678 porro
3290 608 3492 664 divina:

1900 698 2188 768 potestatis
2243 697 2509 767 imagines
2555 699 2767 754 censeri
2810 699 3084 765 debeant,
3134 700 3339 772 elIigies
3387 700 3491 756 hoc

1901 803 2098 860 genere
2133 789 2584 858 conﬁgurationis
2617 793 2936 858 expressae?
2972 791 3053 845 An
3083 807 3194 846 non
3247 792 3492 848 colendae

1901 880 2266 952 philosophia
2291 880 2478 950 potius
2501 921 2518 946 ,
2563 896 2731 950 quam
2779 884 3118 954 magicarum
3148 899 3212 938 ac
3245 883 3491 953 prohibi-

1901 980 2079 1028 tarum
2125 973 2327 1027 artium
2373 973 2552 1028 studia
2606 976 3005 1042 consectandi,
3055 986 3310 1032 auctores
3363 976 3491 1033 illos

196 1079 368 1140 atque
409 1070 724 1124 hortatores
777 1083 900 1124 esse
955 1067 1248 1137 oportuit?
1296 1065 1438 1121 Cum
1494 1063 1797 1136 praesertim
1833 1062 1960 1118 vita:
1992 1063 2134 1118 ratio
2159 1078 2229 1118 ex
2261 1062 2482 1118 virtutis
2546 1078 2612 1120 ac
2677 1065 3037 1136 philosophiae
3078 1069 3362 1140 praeceptis
3404 1070 3490 1124 in-

198 1162 439 1228 stituta,
491 1161 561 1216 ad
619 1160 761 1215 bene
806 1160 1072 1230 beateque
1130 1159 1425 1214 vivendum
1477 1158 1614 1214 satis
1667 1172 1788 1212 esse
1828 1153 2347 1226 possit?C:eterum
2390 1154 2536 1210 idem
2596 1155 2714 1227 ipse
2777 1174 2964 1215 rerum
3006 1175 3232 1216 suarum
3255 1160 3487 1217 ulterius

196 1253 581 1311 confutatione
608 1253 875 1326 producta
901 1296 918 1319 ,
953 1253 1333 1323 superioribus
1359 1297 1374 1321 ,
1423 1269 1545 1324 quae
1589 1259 2026 1322 consequuntur,
2061 1250 2329 1323 adjungit.

734 1348 1132 1401 ΚΕΦΑΛΑΙΟΝ
1154 1347 1256 1398 ΙΕ’.

380 1442 512 1494 ὀτι
543 1439 775 1506 καὶτὰς
803 1440 1087 1508 ἀψύχους
1115 1438 1272 1504 ὕλας
1299 1437 1606 1506 φιλοῦσιν.

273 1550 294 1583 ι
332 1531 454 1584 Ὀτι
481 1530 539 1583 δὲ
568 1528 782 1600 φιλοῦσι
810 1529 880 1582 τὰ
921 1527 1166 1599 σύμϐολα
1190 1529 1300 1582 τῶν
1329 1528 1716 1599 χαρακτήρων,
1752 1528 1786 1598 ἡ
1821 1563 1863 1616 Β

206 1623 417 1694 Ἑκάτη
453 1621 879 1694 παραϐάλλουσα
910 1619 1047 1692 πρὸς
1077 1619 1114 1674 ἃ.
1141 1619 1388 1690 φιλοῦσιν
1413 1622 1461 1673 οί
1489 1618 1788 1693 ἄνθρωποι,

197 1717 490 1788 μεμήνυκε
516 1715 608 1778 διὰ
636 1713 844 1767 τούτων
862 1729 877 1744 ο

199 1895 300 1959 Τίς
322 1893 550 1962 ,ϐροτὸς
571 1895 644 1946 οὐ
671 1891 975 1962 πεπόθηκε
1006 1888 1390 1962 χαρακτῆρας
1420 1888 1788 1962 ὁπάοξασθατ,

193 1959 464 2030 Χρυσοῦ,
502 1964 603 2016 καὶ
645 1961 903 2032 χαλκοῦ,
953 1962 1051 2032 καί
1094 1961 1358 2032 ἀργύρου
1399 1959 1791 2032 ιιὶγλήεντοςς

199 2036 296 2099 Τίς
333 2033 402 2086 δὲ
442 2033 515 2087 τὰ
538 2033 590 2087 δ’
634 2029 708 2088 οὗ
730 2030 943 2102 φιλέει,
979 2029 1098 2084 τῶν
1139 2030 1215 2100 δὴ
1260 2032 1638 2114 καθύπερθετς
1663 2030 1793 2097 ἐφε-

187 2177 295 2241 Εὶς
326 2174 397 2227 ἓν
429 2174 818 2244 ἀγειράμενος
842 2173 978 2242 εἴρω
1008 2170 1377 2241 πολυμοιρέα
1399 2100 1717 2239 ptinget?“

191 2267 270 2321 υύ
327 2267 489 2337 μόνον
537 2255 583 2319 δ’
632 2268 715 2320 ὅτι
769 2265 914 2334 φίλοι
964 2267 1014 2320 οἱ
1063 2265 1412 2336 χαρακτῆρες
1457 2261 1788 2332 δεδήλωκεν,

187 2360 310 2414 ἀλλ’
349 2361 434 2414 ὅτι
473 2360 587 2422 καὶ,
620 2360 758 2432 ὅπερ
793 2358 1022 2429 ἔφαμεν,
1057 2358 1240 2420 αὐτοῖς
1276 2367 1302 2395 α
1334 2355 1788 2426 περιγράφονται,

184 2454 287 2506 καί
321 2455 461 2508 εἰσιν
499 2448 610 2506 οἷον
649 2455 708 2505 ἐν
740 2450 870 2523 ἱερῷ
898 2449 1085 2522 χωρίῳ
1110 2452 1177 2520 τῇ
1210 2447 1548 2520 ὑποκειμένῃ
1579 2445 1786 2499 εἰκόνι·

183 2545 250 2596 ού
299 2543 410 2614 γὰρ
440 2542 533 2594 ἐπὶ
559 2542 664 2612 γῆς
693 2539 956 2610 ὀχεῖσθαι,
989 2539 1104 2592 ἀλλ’
1148 2540 1241 2591 ἐπὶ
1282 2538 1387 2609 γῆς
1418 2538 1569 2608 ἱερᾶς
1600 2535 1792 2608 ἐδυνή-

184 2637 372 2708 θησαν
395 2653 409 2665 ·
447 2635 569 2706 ἱερὰ
598 2636 653 2688 δὲ
693 2636 728 2706 ἡ
760 2635 944 2688 εἰκόνα
979 2633 1220 2704 φέρουσα
1255 2629 1400 2695 θεοῦ,
1429 2625 1498 2702 ἦς
1529 2631 1791 2702 ἀρθείσης

181 2729 416 2782 λέλυται
442 2727 506 2780 τὺ
532 2726 766 2799 κρατοῦν
792 2727 884 2779 ἐπὶ
915 2725 1018 2796 γῆς
1045 2724 1106 2776 τὸ
1140 2723 1300 2777 θεῖον.
1335 2741 1354 2774 ι
1383 2721 1481 2775 Διὰ
1512 2721 1644 2791 γοῦν
1675 2721 1791 2776 τού-

179 2839 302 2876 των
349 2821 594 2893 ἡγοῦμαι
637 2820 824 2890 σαφῶς
863 2817 1210 2891 ἐληλὲγχθαι,
1241 2818 1320 2881 ὡς
1360 2816 1470 2889 ἄρα
1518 2816 1790 2887 περίγειοί

2493 1343 2725 1401 CAPUT
2759 1345 2880 1400 XV.

2043 1436 2266 1490 Eosdem
2289 1437 2533 1492 inanima
2564 1455 2770 1509 quoque
2796 1439 3023 1492 materia
3061 1439 3341 1494 delectari.

1971 1543 1992 1576 ι
2034 1525 2266 1581 Eosdem
2295 1568 2311 1594 ,
2348 1527 2570 1597 inquit,
2602 1538 2866 1598 praeterea
2909 1530 3287 1584 characterum
3317 1531 3484 1587 etiam

1892 1618 2038 1673 notis
2063 1619 2340 1684 delectari,
2373 1619 2573 1676 Hecate
2607 1622 2857 1676 instituta
2887 1639 3011 1678 cum
3038 1623 3128 1684 iis.
3159 1639 3297 1693 quas
3323 1625 3485 1695 vulgo

1892 1707 2146 1765 homines
2168 1720 2464 1782 expetunt,
2494 1714 2936 1784 comparatione,
2980 1715 3130 1770 hunc
3170 1715 3227 1770 in
3259 1715 3484 1772 modum

1889 1801 2229 1869 pronuntiat,

1891 1889 1993 1944 Cui
2023 1907 2127 1944 non
2158 1894 2375 1946 mortali
2391 1893 2664 1964 jucundus
2691 1896 2746 1948 in
2769 1911 2872 1949 are
2891 1895 3186 1962 character,

1887 1964 2390 2034 4rgentove_nitens,
2423 1975 2514 2017 aut
2545 1966 2688 2034 fulvo
2717 1967 3001 2032 impressus
3025 1969 3077 2021 in
3103 1986 3232 2022 auro
3257 1972 3282 2024 ?

1889 2029 1990 2084 Cui
2015 2049 2115 2086 non
2138 2032 2301 2087 chara
2321 2029 2554 2103 homini,
2568 2051 2686 2107 quae
2707 2029 2912 2090 caelitus
2936 2039 3046 2106 ipse
3070 2039 3398 2110 gubernans,

1890 2163 2139 2222 Diversus
2177 2167 2449 2223 hominum
2478 2168 2680 2223 soleam
2699 2179 3005 2224 connectere
3038 2181 3207 2225 sortes
3231 2172 3258 2224 ?

1889 2255 2078 2328 Neque
2101 2267 2316 2314 tantum
2343 2259 2479 2314 istos
2515 2260 2619 2314 sibi
2648 2260 2998 2316 characteres
3028 2262 3263 2332 placere,
3293 2279 3479 2318 verum

1891 2348 2057 2404 etiam
2089 2351 2156 2405 iis
2185 2365 2327 2416 sese,
2359 2351 2436 2404 uti
2465 2351 2580 2420 jam
2603 2351 2866 2420 diximus,
2911 2352 3316 2419 circumscribi,
3347 2354 3482 2408 sub-

1885 2442 2140 2513 jectaque
2167 2442 2428 2513 imagine,
2462 2459 2621 2499 sacro
2649 2444 2816 2499 veluti
2849 2444 3132 2500 domicilio
3159 2488 3175 2512 ,
3213 2447 3484 2503 contineri

1890 2534 2211 2591 declaravit.
2242 2533 2355 2590 Nec
2394 2535 2541 2589 enim
2589 2544 2756 2603 terra,
2791 2535 2896 2590 nisi
2931 2551 3089 2591 sacra
3114 2535 3317 2605 fuerit,
3349 2540 3482 2594 deos

1891 2625 2036 2681 ferre
2070 2641 2136 2680 ac
2158 2625 2432 2681 sustinere
2454 2634 2658 2696 queat:
2692 2640 2849 2680 sacra
2879 2635 3061 2681 autem
3091 2628 3185 2683 illa
3211 2638 3316 2695 est,
3363 2644 3485 2699 quae

1889 2716 2133 2771 divinam
2180 2713 2326 2784 capit
2357 2713 2650 2784 imaginem
2680 2733 2692 2768 :
2725 2728 2898 2783 eaque
2927 2713 3143 2769 sublata
3165 2753 3180 2776 ,
3208 2714 3295 2781 id,
3333 2716 3483 2784 quod

1891 2807 1947 2861 in
1983 2806 2146 2862 terris
2167 2821 2369 2860 numen
2397 2804 2690 2872 retinebat,
2717 2805 2863 2860 illico
2887 2805 3229 2860 dissolvitur.
3265 2824 3286 2858 ι
3320 2805 3485 2877 204

179 2933 342 2979 τινες
376 2917 472 2967 καὶ
501 2910 818 2983 φιλοπαθείς
861 2913 1115 2983 δαίμονες
1141 2909 1358 2981 ἥλωσαν
1409 2908 1591 2962 αὐτῶν
1637 2909 1788 2973 ὄντες

1895 2895 1991 2952 llis
2018 2896 2272 2966 equidem
2317 2895 2598 2952 evidenter
2625 2895 2934 2952 confectum
2992 2899 3252 2956 existimo
3277 2939 3296 2966 ,
3333 2901 3484 2956 aliud

179 3011 235 3063 οί
261 3009 418 3062 θεοί·
446 3007 525 3060 διό
556 3024 647 3077 μοι
671 3005 814 3059 δοκῶ
847 2991 1085 3078 σώφρονι
1114 3000 1360 3073 λογισμῷ
1384 3002 1481 3073 τὴν
1514 3001 1786 3073 ἀποστρο-

181 3103 303 3174 φὴν
341 3099 526 3154 αὐτῶν
556 3098 906 3170 πεποιῆσθαι.
947 3099 1112 3169 ὐρᾷς
1139 3095 1272 3166 γοῦν
1318 3095 1396 3158 ὡς
1423 3096 1645 3166 κρατεῖν
1682 3093 1785 3148 αὑ-

180 3198 322 3257 τοὺς
366 3193 426 3246 ἐν
465 3209 576 3246 τισι
619 3192 726 3262 γῆς
769 3191 990 3262 χωρίοις
1035 3189 1163 3252 τοὺς
1208 3186 1350 3242 κατὰ
1383 3186 1616 3258 μαγείαν
1651 3185 1787 3254 φασὶ

179 3283 423 3344 τύπους,
455 3282 552 3335 καὶ
590 3282 717 3344 τοὺς
753 3280 995 3333 τοιούσδε
1033 3279 1386 3350 χαρακτῆρας
1409 3294 1422 3308 ’
1459 3277 1597 3340 δέον,
1628 3275 1786 3346 είπερ

180 3377 305 3447 ἄρα
333 3373 479 3426 θεῖόν
515 3390 568 3426 τι
592 3368 660 3444 ἦν
704 3370 941 3442 ἀληθῶς,
976 3371 1097 3442 μηδ’
1128 3369 1336 3440 ἀλλαχῆ
1366 3386 1442 3440 πη
1485 3365 1787 3420 ἐπιϐαίνειν

183 3467 222 3536 ἦ
261 3468 320 3519 ἐν
365 3465 502 3535 μόνῃ
534 3463 712 3534 ψυχῆς
749 3461 979 3534 διανοίᾳ,
1014 3461 1109 3514 καὶ
1152 3458 1329 3531 ταύτῃ
1361 3456 1564 3520 παντὸς
1611 3455 1786 3526 ῥύπου

186 3558 294 3611 καί
329 3555 513 3626 πάσης
546 3554 762 3625 κηλίδος
801 3548 1575 3624 κεκαθαρμένῃ,’σωφροσύνῃ
1601 3564 1662 3600 τε
1692 3547 1788 3600 καὶ

187 3646 533 3719 δικαιοσύνῃ,
588 3645 682 3700 καὶ
722 3647 844 3708 ταῖς
882 3643 1069 3706 ἄλλαις
1119 3643 1342 3714 ἀρεταῖς
1374 3638 1784 3712 κεκοσμημένη.

192 3740 417 3794 Τούτων
446 3738 554 3809 γὰρ
592 3739 651 3789 ἐν
682 3734 970 3806 ἀνθρώπου
1002 3733 1169 3805 ψυχῇ,
1198 3733 1273 3796 ὼς
1304 3734 1361 3786 ἐν
1405 3731 1623 3802 ἀληθῶς
1657 3729 1788 3802 ἱερῷ

193 3831 406 3902 χωρίῳ,
453 3828 962 3900 προῦποκειμένων,
1010 3828 1235 3888 εἰκότως
1268 3825 1335 3878 ἂν
1381 3825 1599 3878 ἐπέλθοι
1640 3824 1786 3877 θείου

195 3923 520 3994 Πνεύματος
554 3919 858 3993 παρουσία·
891 3919 984 3974 καὶ
1023 3918 1208 3994 ούκέτι
1249 3917 1407 3988 χρεία
1429 3917 1527 3988 τῆς
1558 3916 1788 3970 κακοτέ-

194 4029 321 4084 χνου
355 4010 632 4083 γοητείας,
668 4009 778 4062 τῶν
803 4010 884 4072 εἰς
913 4008 1178 4078 ὑποδοχὴν
1201 4005 1312 4079 (28)
1339 4005 1433 4060 τοῦ
1469 4006 1615 4059 θείου
1647 4005 1788 4060 κατὰ

193 4105 293 4176 τὴν
319 4104 580 4175 ἐνάρετον
606 4104 700 4156 καὶ
732 4101 976 4172 φιλόθεον
1003 4101 1178 4172 ψυχὴν
1208 4098 1784 4171 προηυτρεπισμένων.

197 4197 368 4250 Ὥστε
387 4196 686 4267 διαρρήδην
712 4197 771 4260 ἐξ
792 4194 1050 4248 ἁπάντων
1070 4193 1275 4246 τούτων
1303 4192 1614 4263 περιγείους
1636 4191 1790 4256 τινὰς

1892 2989 2032 3044 nihil
2085 3005 2254 3060 quam
2319 2995 2609 3045 terrestres
2671 2990 2941 3060 quosdam
2992 2999 3046 3045 et
3094 2989 3484 3060 cupiditatibus

1888 3083 2132 3138 irretitos
2185 3081 2464 3136 daemones
2511 3079 2721 3151 fuisse,
2769 3097 2910 3153 quos
2955 3081 3046 3138 isti
3082 3082 3310 3138 deorum
3360 3083 3484 3138 loco

1888 3177 2198 3232 habuerunt
2223 3194 2236 3229 :
2262 3189 2439 3244 eoque
2464 3173 2600 3228 mihi
2630 3190 2761 3229 sane
2785 3175 2972 3229 videor
2999 3174 3068 3230 ab
3088 3191 3280 3230 eorum
3305 3175 3480 3242 cultu,

1888 3278 2107 3323 maturo
2157 3267 2212 3322 in
2273 3265 2466 3336 primis
2529 3279 2776 3337 sanoque
2835 3268 3111 3333 consilio,
3161 3266 3482 3322 descivisse.

1887 3359 2054 3414 Vides
2083 3360 2229 3414 enim
2265 3360 2402 3430 ipse,
2434 3358 2511 3415 uti
2536 3375 2631 3414 eos
2661 3359 2992 3429 quihusdam
3033 3359 3088 3413 in
3115 3365 3274 3414 terra:
3303 3358 3442 3413 locis
3463 3397 3482 3424 ,

1887 3453 2225 3523 magicarum
2258 3454 2585 3522 ﬁgurarum,
2619 3463 2784 3522 atque
2807 3453 2858 3507 id
2893 3468 3066 3523 genus
3096 3452 3481 3507 characterum

1886 3542 2124 3598 vinculis
2164 3543 2395 3598 detineri
2447 3543 2766 3598 fateantur:
2819 3559 2943 3599 cum
2974 3587 2989 3610 ,
3037 3544 3084 3599 si
3134 3558 3260 3598 vere
3308 3541 3482 3598 divini

1887 3634 2188 3705 quidquam
2225 3635 2508 3704 baberent,
2536 3650 2806 3705 nusquam
2845 3635 2996 3704 ipsos
3024 3634 3177 3699 alibi,
3223 3650 3390 3705 quam
3421 3635 3482 3690 in

1888 3737 2070 3780 mente
2110 3741 2222 3781 non
2270 3735 2485 3781 tantum
2517 3727 2587 3781 ab
2629 3727 2888 3782 omnibus
2931 3727 3186 3782 sordibus
3220 3727 3483 3797 omnique

1888 3815 2008 3870 labe
2047 3825 2312 3887 purgata,
2353 3817 2449 3871 sed
2492 3817 2657 3871 etiam
2710 3817 3116 3887 temperantiae,
3159 3815 3435 3888 aequitatis
3459 3855 3478 3883 ,

1889 3915 2323 3977 ceterarumque
2342 3909 2609 3966 virtutum
2628 3907 2966 3962 ornamentis
2985 3908 3272 3972 instructa,
3293 3907 3476 3967 sedem

1890 3999 2081 4068 utique
2113 4013 2178 4052 ac
2199 3999 2539 4053 domicilium
2583 4000 2818 4069 deligere
2847 4008 3145 4069 oporteret.
3195 3998 3298 4054 Ubi
3327 4000 3475 4054 enim

1890 4091 1998 4146 illae
2041 4090 2210 4147 semel
2244 4090 2484 4146 hominis
2533 4091 2779 4145 animum
2817 4102 3077 4161 tanquam
3122 4091 3346 4161 aliquod
3384 4106 3478 4146 sa-

1890 4182 2131 4238 crarium
2161 4183 2505 4251 occuparint,
2537 4182 2728 4237 eodem
2756 4197 2877 4237 sese
2909 4183 3104 4237 merito
3134 4183 3352 4238 divinus
3389 4181 3480 4236 ille

196 4288 544 4352 ἁλίσκεσθαι,
584 4287 902 4357 φιλοπαθεῖς
941 4304 1002 4339 τε
1035 4287 1131 4339 καὶ
1161 4285 1574 4355 φιλοσωμάτους
1609 4283 1787 4354 ὑπάρ-

1895 4274 2120 4344 spiritus
2162 4273 2510 4328 insinuahit:
2554 4289 2656 4328 nec
2708 4273 2984 4329 mentibus
3049 4274 3152 4340 iis,
3194 4288 3318 4344 qua:
3362 4273 3478 4344 jam

196 4401 316 4455 χειν
360 4381 643 4451 δαίμονας,
679 4381 806 4442 τοὺς
841 4378 970 4448 περὶ
1008 4369 1082 4430 ὧν
1121 4377 1247 4448 ἄρτι
1295 4375 1571 4446 ἐλέγομεν.
1626 4373 1786 4427 Ἀλλὰ

197 4476 307 4546 γὰρ
335 4474 463 4542 ἑξῆς
490 4471 722 4533 τούτοις,
747 4468 911 4522 ἄκουε
933 4462 1023 4520 οἶα
1043 4469 1071 4520 ὁ
1093 4467 1254 4530 αὐτὸς
1281 4463 1629 4536 συγγραφεύς
1653 4481 1785 4536 φησι

203 4565 330 4637 περὶ
378 4561 476 4616 τοῦ
515 4559 888 4615 ἐκλελοιπέναι
924 4557 1104 4610 αὐτῶν
1149 4555 1218 4610 τὰ
1261 4555 1510 4626 βοώμενα
1548 4554 1788 4624 χρηστή-

201 4669 314 4719 ρια.

1893 4366 1960 4418 ad
1987 4366 2272 4421 honestam
2304 4381 2426 4420 sese
2458 4381 2523 4422 ac
2545 4365 2854 4437 religiosam
2884 4367 3008 4422 vitae
3036 4381 3363 4437 morumque
3389 4381 3480 4420 ra-

1893 4461 2098 4516 tionem
2147 4460 2589 4532 conformarint,
2641 4463 3042 4534 praestigiarum
3089 4442 3477 4520 maleficiis‘ad
3527 4505 3530 4508 .

1892 4553 2273 4622 excipiendum
2319 4569 2523 4610 numen
2570 4569 2710 4625 opus
2741 4563 3004 4626 praeterea
3036 4555 3222 4611 fuerit.
3257 4557 3479 4626 Maneat

1895 4645 2062 4714 igitur
2093 4684 2108 4708 ,
2155 4645 2245 4707 his
2286 4645 2547 4702 omnibus
2591 4647 2920 4702 testimoniis
2968 4656 3118 4703 certo
3160 4647 3477 4718 liquidoque

200 4743 642 4814 comprobatum,
687 4740 755 4796 de
786 4739 986 4809 quibus
1038 4737 1217 4793 adhuc
1251 4753 1278 4792 a
1331 4736 1490 4791 nobis
1537 4737 1875 4806 disputatum
1909 4747 2016 4805 est,
2051 4753 2148 4793 eos
2207 4752 2316 4792 non
2352 4739 2492 4794 alios
2532 4753 2676 4804 esse,
2730 4755 2896 4810 quam
2960 4740 3259 4807 daemones,
3315 4749 3476 4794 teme

201 4847 251 4893 et
300 4834 698 4904 cupiditatibus
740 4845 1148 4902 corporumque
1194 4830 1477 4884 amoribus
1525 4829 1784 4900 illigatos.
1827 4827 1984 4886 Nunc
2043 4845 2195 4898 vero,
2229 4831 2543 4902 cujusmodi
2571 4846 2634 4887 ea
2663 4832 2793 4897 sint,
2823 4849 2946 4904 quae
2988 4833 3056 4888 de
3123 4834 3473 4906 oraculorum

200 4933 472 5006 ipsorum,
490 4942 612 4998 qua:
629 4927 784 4982 abiis
808 4942 980 4996 usque
1003 4927 1139 4980 adeo
1154 4925 1356 4996 jactata
1375 4933 1524 4991 sunt,
1548 4923 1859 4980 defectione
1885 4924 2029 4980 idem
2061 4926 2402 4997 Porphyrius
2423 4925 2681 4997 deinceps
2709 4927 2961 4990 attexuit,
2993 4941 3209 4983 mecum
3232 4927 3468 4983 attende.

720 5042 1120 5096 ΚΕΦΑΛΑΙΟΝ
1160 5044 1277 5110 ις’.

201 5139 344 5209 Περὶ
405 5137 527 5192 τῶν
577 5136 1021 5209 ἐκλελοιπότων
1084 5137 1467 5209 χρηστηρίων
1521 5138 1788 5206 ἔχρησεν

690 5206 874 5270 αὐτὸς
907 5209 940 5258 ό
973 5205 1304 5260 Ἀπόλλων.

201 5319 222 5353 ο
272 5298 450 5370 Ἀμφὶ
475 5297 544 5351 δὲ
565 5296 679 5370 (9.9)
725 5298 900 5351 Πυθὼ
926 5299 981 5350 οὶ
1019 5297 1289 5366 Κααρίην
1316 5315 1378 5351 τε
1398 5301 1784 5384 genuinam

342 5369 345 5370 ⁷
577 5369 581 5370 ί
1471 5369 1709 5439 [Φοίϐου

271 5451 303 5481 ι
344 5456 436 5508 rp.
473 5438 647 5493 αὐτοί.

277 5551 392 5623 (ἳ8)
440 5552 565 5625 Τῶν
599 5555 688 5618 εις
725 5552 1054 5623 ὑποδοχήν.
1091 5554 1241 5607 Alter
1271 5571 1301 5606 e
1334 5569 1609 5609 manuscr.
1644 5571 1786 5625 prae-

195 5624 404 5678 claram
446 5624 576 5678 huic
610 5625 921 5694 loconavat
967 5639 1230 5692 operam;
1287 5625 1415 5694 legit
1470 5624 1784 5690 εηίιηζταῖς

195 5697 279 5765 εἰς
322 5694 591 5765 ὑποδοχὴν
618 5693 712 5746 τοῦ
738 5693 902 5759 θείου,
932 5693 1076 5765 κατᾷ
1105 5694 1204 5764 τὴν
1234 5693 1485 5765 ἐνάρετον
1509 5697 1604 5748 καὶ
1632 5696 1782 5764 φιλό-

198 5763 326 5816 θεον
361 5763 582 5828 πρᾶξιν,
619 5763 1188 5829 ποοτπυτοεπισμέναις
1236 5763 1463 5827 ὠναῖς·
1511 5763 1782 5822 utentibus

2500 5041 2730 5098 CAPUT
2765 5043 2903 5097 XVI.

1890 5133 1968 5186 De
1997 5135 2335 5188 oraculorum
2356 5135 2644 5204 defectione
2670 5137 2966 5206 Apollinem
2993 5137 3165 5207 ipsum
3190 5135 3468 5212 cecinisse,

1891 5305 1911 5339 ι
1960 5286 2154 5359 Pythia
2180 5293 2318 5360 quod
2345 5301 2562 5361 spectat,
2586 5293 2856 5364 Clariique
2884 5296 3102 5349 oracula
3127 5295 3334 5362 P/uzbi,

1892 5552 2018 5614 illis,
2047 5569 2168 5622 qua:
2192 5569 2311 5608 sese
2330 5554 2442 5623 jam
2470 5555 2534 5608 ad
2560 5555 2936 5624 excipiendum
2967 5573 3192 5623 numen,
3219 5557 3467 5624 honesta:

1893 5639 1958 5678 ac
1996 5625 2263 5694 religiosa:
2293 5627 2419 5694 vita:
2453 5627 2759 5678 rationibus
2788 5630 3177 5694 compararim.

1968 5694 2080 5770 (29)
2107 5693 2305 5770 12411991
2351 5693 2454 5770 δέί-
2479 5695 2812 5770 corruptum
2851 5693 3046 5770 locum
3104 5699 3463 5770 manltscripti

1893 5763 2089 5820 foeiius
2120 5765 2376 5820 lacerant.
2412 5763 2526 5819 Non
2558 5765 2898 5822 incommode
2924 5769 2972 5820 οἱ
3003 5777 3241 5825 mutetur
3261 5767 3315 5822 in
3347 5763 3464 5830 56:;
