3880 6218
694 475 1094 532 ΚΕΦᾹΛΑΙΟΝ
1130 477 1226 531 IZ'.

159 591 303 661 Περὶ
354 590 462 646 τοῦ
500 590 597 645 καὶ
639 591 936 658 θνήσκειν
984 591 1127 656 τοὺς
1169 591 1482 661 δαίμονας,
1523 589 1632 656 οὓς
1671 589 1749 660 δὴ

658 663 741 728 ὡς
776 662 952 727 θεοὺς
988 661 1252 732 τιμῶσιν.
1693 673 1706 684 ⁸

233 793 254 827 ι
299 773 376 828 Τὸ
406 775 506 846 μὲν
554 775 847 845 ἐφεστάναι
887 774 998 845 (56)
1038 777 1152 839 τοῖς
1182 774 1559 848 χρηστηρίοις,
1604 774 1748 844 εἷπε,

158 866 233 938 μὴ
264 864 448 929 θεοὺς,
493 860 576 928 οἷς
616 864 963 937 ἀπηλλάχθαι
1005 864 1114 918 τῶν
1158 867 1286 937 περὶ
1315 866 1422 936 γῆν
1458 868 1747 938 προσήκει,

154 957 293 1011 ἀλλὰ
336 957 599 1028 δαίμονας
649 957 929 1028 ὑπηρέτας
977 957 1137 1022 θεῶν,
1169 959 1230 1012 ού
1263 959 1412 1013 δοκεῖ
1442 977 1531 1031 μοι
1561 959 1748 1024 κακῶς

153 1048 471 1116 ἀξιοῦσθαι·
528 1049 590 1102 τὸ
640 1049 697 1102 δὲ
744 1052 860 1114 τοῖς
905 1049 1125 1122 δαίμοσι
1175 1050 1408 1115 τούτοις,
1468 1053 1749 1124 μονονουχὶ

153 1142 360 1213 ράγδην
417 1142 796 1213 λαμϐάνοντας
849 1144 914 1196 ἐκ
962 1143 1072 1198 τῶν
1120 1145 1269 1198 ἐπῶν
1328 1143 1420 1199 τοῦ
1486 1145 1748 1216 Ἐμπεδο-

151 1232 366 1297 κλέους,
407 1233 704 1306 ἁμαρτίας,
741 1235 834 1286 καὶ
868 1234 1024 1298 άτας,
1067 1236 1162 1288 καὶ
1195 1236 1406 1299 πλάνας
1451 1234 1746 1308 θεηλάτους

149 1325 458 1395 ἐπιφέρειν,
491 1325 860 1390 τελευτῶντας
889 1326 946 1380 δὲ
980 1328 1076 1380 καὶ
1116 1327 1380 1393 θανάτους
1408 1329 1600 1402 ὥσπερ
1647 1331 1744 1384 ἀν-

149 1418 387 1490 θρώπων
420 1417 795 1484 ὑποτίθεσθαι,
833 1419 1168 1491 θρασύτερον
1199 1421 1441 1493 ἡγοῦμαι
1471 1424 1567 1476 καὶ
1611 1423 1745 1494 βαρ-

147 1510 543 1584 6αρικώτερον.
607 1510 924 1583 Ἥρώτησεν
987 1508 1081 1567 οὖν
1134 1513 1164 1566 6
1212 1513 1595 1588 Κλεόμϐροτος
1647 1516 1745 1570 τὸν

146 1604 437 1668 Φίλιππον,
464 1605 612 1668 ὅστις
641 1605 749 1674 εἴη,
785 1605 879 1658 καὶ
913 1604 1077 1659 πόθεν
1103 1607 1130 1659 6
1156 1606 1373 1670 νεανίας
1393 1623 1406 1636 ·
1437 1607 1744 1679 πυθόμενος

144 1695 198 1748 δὲ
223 1695 469 1767 τοῦνομα
500 1696 596 1748 καὶ
623 1695 722 1767 τὴν
755 1695 929 1758 πόλιν,
971 1695 1106 1748 Οὐδὲ
1138 1695 1518 1770 αύτοὺς,“έφη,
1545 1697 1744 1754 λανθά-

145 1805 326 1858 νομεν,
374 1782 424 1841 ὦ
473 1787 814 1860 Ἡρακλέων,
843 1789 901 1840 ἐν
948 1787 1128 1856 λόγοις
1159 1789 1445 1858 γεγονότες
1494 1791 1738 1856 ἀτόποις.

157 1881 293 1933 Ἀλλ’
318 1882 421 1934 οὐκ
442 1880 558 1934 ἔστι
581 1881 711 1952 περὶ
736 1881 1076 1952 πραγμάτων
1100 1882 1352 1954 μεγάλων
1378 1884 1452 1956 μὴ
1477 1883 1741 1955 μεγάλαις

144 1974 640 2045 προσχρησάμενον
661 1975 878 2046 ἀρχαῖς,
915 1975 1008 2027 ἐπὶ
1035 1974 1097 2027 τὸ
1118 1976 1266 2040 εἰκὸς
1294 1979 1360 2048 τῇ
1394 1976 1522 2050 δόξῃ
1547 1977 1741 2050 προελ-

146 2065 276 2121 θεῖν.
314 2067 388 2119 Σὺ
421 2066 479 2119 δὲ
515 2066 744 2120 σεαυτὸν
776 2066 1034 2138 λέληθας,
1071 2067 1099 2119 ὃ
1140 2067 1296 2131 δίδως
1331 2068 1442 2140 (57)
1475 2070 1741 2142 ἀφαιρού-

146 2176 322 2228 μενος.
388 2159 707 2230 Ὀμολογεῖς
762 2161 871 2233 γὰρ
917 2157 1056 2216 εἶναι
1103 2161 1398 2232 δαίμονας·
1436 2162 1515 2234 τῷ
1556 2163 1613 2217 δέ
1663 2165 1738 2238 μὴ

143 2252 383 2320 φαύλους
417 2251 606 2316 ἁξιυῦν
648 2247 808 2317 εἶναι,
845 2253 979 2324 μηδὲ
1025 2252 1274 2324 θνητοὺς,
1305 2255 1405 2308 οὐκ
1438 2254 1518 2308 έτι
1551 2255 1740 2327 δαίμο-

139 2361 237 2406 νας
286 2345 602 2412 φυλάττεις.
638 2345 756 2397 Τίνι
800 2344 908 2416 γὰρ
941 2343 1049 2398 τῶν
1095 2343 1233 2399 θεῶν
1277 2345 1644 2418 διαφέρουσιν,
1689 2348 1738 2400 εί

139 2437 233 2489 καὶ
275 2437 398 2490 κατ’
448 2436 638 2491 οὐσίαν
683 2436 747 2490 τὸ
792 2435 1089 2509 ἄφθαρτον,
1135 2437 1229 2490 καὶ
1275 2439 1396 2491 κατ’
1431 2439 1631 2510 ἀρετὴν
1677 2439 1738 2492 τὸ

139 2527 353 2592 ἀπαθὲς
399 2529 495 2582 καὶ
545 2527 928 2600 ἀναμάρτητον
972 2528 1190 2600 έχουσις
1241 2529 1385 2600 Πρὸς
1429 2529 1602 2584 ταῦτα
1641 2529 1735 2583 τοῦ

149 2619 531 2692 Ἡρακλέωνος
565 2623 742 2693 σιωπῇ
777 2621 1181 2692 διανοουμένου,
1221 2623 1358 2694 πρὸς
1386 2623 1548 2677 αὑτὸν
1586 2627 1615 2678 6
1646 2624 1739 2676 Φί-

136 2712 342 2777 λιππος
366 2731 380 2744 ·
430 2713 589 2766 Ἀλλά
624 2713 860 2782 φαύλους
911 2715 1007 2784 μὲν
1037 2713 1294 2784 δαίμονας
1327 2715 1426 2768 οὐκ
1473 2715 1733 2785 Ἐμπεδο-

135 2804 270 2875 κλῆς
322 2805 507 2874 μόνον,
542 2798 586 2857 ὦ
627 2804 962 2877 Ἡρακλέων,
991 2805 1274 2868 ἀπέλιπεν,
1307 2805 1441 2858 ἀλλά
1470 2807 1562 2858 καὶ
1589 2807 1733 2860 Πλά-

132 2913 263 2962 των,
307 2898 405 2950 καὶ
435 2896 798 2967 Ξενοκράτης,
827 2898 917 2950 καὶ
955 2898 1297 2969 Χρύσιππος,
1336 2899 1431 2950 καὶ
1461 2898 1734 2968 Δημόκρι-

132 3006 220 3053 τος
249 2991 556 3060 εὐχόμενος
584 2990 821 3058 εὐλόγων
847 2987 1078 3042 εἰδώλων
1107 2988 1217 3060 (58)
1243 2989 1546 3060 τυγχάνειν,
1575 2988 1733 3058 δῆλος

133 3079 193 3153 ἧς.
236 3085 415 3154 ἕτερα
455 3081 804 3154 δυστράπελα
844 3082 940 3136 καὶ
976 3081 1228 3153 μοχθηρὰ
1262 3081 1375 3152 (59)
1407 3079 1727 3151 γινώσκων,

1296 360 1620 419 ΡΒιΕΡᾹῐῖ.
1671 359 1927 418 EVANG.
1968 360 2096 416 LIB.
2140 360 2204 416 Υ.

1780 483 1828 538 Α

3343 364 3450 424 354

2422 473 2656 531 CAPUT
2695 471 2862 531 XVII.

1852 591 1932 647 De
1949 593 2171 648 interitu
2199 591 2522 659 damonum,
2553 609 2683 664 quos
2701 593 2922 647 deorum
2951 592 3068 647 loco
3092 599 3437 649 venerantur.

1927 792 1947 826 ι
1983 773 2248 846 Equidem
2279 775 2426 846 quod
2457 775 2720 841 oraculis,
2765 776 2963 848 inquit,
2991 793 3101 833 non
3127 777 3239 848 jam
3261 778 3394 836 deos
3418 815 3438 845 ,

1851 866 1943 936 qui
1974 881 2006 921 a
2041 865 2206 920 rebus
2238 865 2470 922 terrenis
2502 867 2698 922 secreti
2731 882 2856 923 esse
2888 868 3141 933 debeant,
3198 870 3292 926 sed
3328 871 3440 926 da:-

1851 973 2041 1013 mones
2072 957 2258 1028 potius
2286 959 2515 1014 deorum
2543 960 2901 1017 administros
2935 976 3172 1030 praeesse
3205 971 3436 1032 statuat,

1851 1049 1904 1105 id
1938 1049 2074 1104 mihi
2095 1065 2380 1120 perperam
2430 1048 2614 1106 facere
2649 1067 2756 1107 non
2815 1053 3051 1108 videtur.
3090 1053 3148 1107 In
3213 1055 3438 1112 eosdem

1849 1150 2031 1197 tamen
2061 1143 2358 1207 daemones,
2395 1149 2605 1196 tantum
2633 1158 2740 1197 non
2774 1143 2978 1214 impetu
3005 1144 3170 1216 206
3197 1145 3440 1216 quodam

1847 1235 2082 1304 arreptis
2113 1231 2460 1303 Empedoclis
2500 1233 2642 1288 hanc
2677 1235 2732 1288 in
2761 1250 2874 1289 rem
2921 1237 3192 1304 versibus,
3226 1237 3436 1308 lapsus,

1847 1326 2208 1391 calamitates,
2243 1341 2575 1396 erroresque
2609 1326 2873 1381 divinitus
2919 1326 3202 1384 immissos
3231 1344 3435 1400 conge-
3473 1393 3482 1405 δ

1845 1433 1988 1484 rere,
2017 1417 2298 1489 postremo
2352 1434 2545 1474 eorum
2581 1419 2744 1474 etiam
2779 1420 3002 1490 perinde
3053 1429 3218 1491 atque
3250 1421 3434 1477 homi-

1843 1527 1974 1568 num
2009 1514 2264 1571 interitus
2297 1531 2760 1582 commemorare,
2815 1517 2870 1572 id
2909 1533 3040 1572 vero
3075 1533 3199 1572 cum
3256 1519 3432 1574 auda—

1843 1605 1964 1661 cius
1988 1621 2132 1672 esse,
2185 1616 2302 1662 tum
2361 1608 2676 1665 barbariam
2737 1610 2969 1664 nimium
3027 1609 3178 1665 olere
3228 1611 3430 1666 sentio.

1843 1699 2225 1758 Cleombrotus
2257 1703 2465 1775 igitur,
2505 1705 2629 1775 quis
2680 1703 2924 1770 tandem,
2978 1712 3033 1759 et
3085 1704 3240 1775 cujas
3283 1711 3434 1760 esset

1843 1793 2184 1859 adolescens,
2212 1809 2279 1849 ex
2309 1793 2560 1866 Philippo
2617 1795 2850 1866 quaerit,
2907 1795 3182 1866 simulque
3225 1810 3431 1851 nomen

1845 1900 1909 1941 ac
1947 1885 2223 1941 civitatem
2256 1897 2317 1942 ut
2354 1888 2598 1955 audivit,
2635 1903 2703 1943 ne
2737 1888 2841 1958 ipsi
2876 1888 3121 1958 quidem,
3157 1887 3232 1941 mi
3258 1873 3430 1943 Hera-

1841 1979 1982 2046 cleo,
2018 1994 2120 2034 nos
2147 1980 2202 2034 in
2231 1979 2502 2037 absurdas
2533 1981 2796 2037 incidisse
2841 1981 3240 2051 disputationes
3272 1981 3430 2053 igno-

1839 2087 2049 2138 ramus,
2085 2072 2263 2142 inquit
2293 2091 2308 2128 :
2345 2075 2439 2128 sed
2474 2073 2592 2128 ﬁeri
2638 2071 2886 2143 prefecto
2939 2088 3049 2128 non
3084 2079 3263 2142 potest
3291 2111 3309 2138 ,
3365 2078 3430 2128 ut

1839 2165 2144 2235 qui'rerum
2180 2164 2234 2218 in
2269 2180 2594 2236 magnarum
2647 2165 2995 2231 tractatione,
3037 2165 3254 2236 magnis
3286 2178 3428 2234 quo-

1838 2270 1946 2324 que
1973 2254 2260 2325 principiis
2287 2270 2422 2310 usus
2449 2270 2556 2309 non
2586 2253 2773 2320 fuerit,
2830 2253 2879 2307 is
2911 2253 3151 2324 aliquam
3187 2252 3254 2307 ad
3281 2253 3428 2308 veri-

1839 2346 2254 2402 similitudinem
2319 2347 2597 2418 opinando
2656 2346 2960 2416 perveniat.
3032 2343 3423 2399 Verumtamen

1839 2441 1983 2495 idem
2019 2441 2117 2496 abs
2148 2449 2199 2496 te
2224 2441 2342 2496 dari
2381 2441 2546 2496 simul
2572 2455 2637 2495 ac
2675 2427 2862 2510 negari
2900 2454 3010 2494 non
3045 2437 3236 2494 sentis.
3285 2436 3424 2494 Nam

1837 2532 1931 2602 qui
1964 2532 2240 2588 daemones
2285 2547 2409 2588 esse
2463 2532 2765 2596 conﬁteris,
2818 2533 2963 2588 idem
3001 2547 3136 2588 sane
3169 2545 3296 2588 cum
3325 2531 3423 2585 im-

1837 2625 2038 2695 probos
2071 2625 2194 2679 illos
2226 2640 2292 2680 ac
2319 2625 2579 2679 mortales
2609 2639 2731 2679 esse
2759 2639 2868 2678 non
2901 2623 2985 2678 vis
3006 2663 3020 2687 ,
3046 2638 3115 2678 ne
3143 2622 3420 2677 daemones

1837 2717 2055 2787 quidem
2091 2717 2327 2786 amplius
2359 2731 2482 2771 esse
2515 2715 2784 2770 defendis.
2819 2713 2877 2769 Si
2909 2714 3057 2769 enim
3094 2727 3191 2768 eos
3243 2721 3299 2768 et
3351 2713 3420 2769 ab

1836 2807 2058 2862 interitu
2097 2817 2386 2874 natura,et
2425 2809 2599 2863 virtus
2628 2808 2698 2862 ab
2728 2807 2878 2862 omni
2913 2805 3325 2876 perturbatione
3355 2820 3418 2862 ac

1835 2911 2059 2971 peccato
2083 2901 2347 2965 vindicat,
2370 2899 2503 2970 quid
2537 2900 2652 2967 jam
2687 2899 2834 2969 ipsos
2863 2898 3006 2953 inter
3049 2913 3114 2952 ac
3146 2897 3280 2952 deos
3335 2896 3417 2951 in-

1835 2993 2062 3048 tererit?
2088 2990 2215 3046 Haec
2239 3007 2425 3046 secum
2479 2990 2813 3045 Heracleone
2842 2989 3058 3044 silentio
3088 2994 3375 3060 reputante
3401 3029 3416 3054 ,

1835 3085 1997 3156 Atqui
2029 3099 2138 3140 non
2163 3083 2516 3155 Empedocles
2551 3093 2783 3150 tantum,
2824 3083 3002 3154 inquit
3033 3081 3100 3137 ad
3133 3097 3259 3137 eum
3290 3079 3417 3135 Phi-

134 3178 331 3247 ἔχοντα
351 3177 700 3248 προαιρέσεις
723 3175 874 3238 τινὰς
896 3177 986 3229 καὶ
1002 3175 1199 3246 ὁρμάς.
1220 3176 1356 3246 Περὶ
1376 3175 1432 3228 δὲ
1454 3175 1548 3228 τοῦ
1569 3174 1733 3228 θανά-

1839 3177 2039 3247 lippus,
2065 3177 2374 3231 daemonum
2420 3177 2826 3246 improbitatem
2861 3217 2877 3243 ,
2925 3191 2960 3230 o
2993 3173 3279 3241 Heracleo,
3323 3173 3416 3229 sed

141 3286 220 3321 που
257 3267 374 3320 τῶν
403 3267 664 3320 τοιούτων
697 3268 909 3336 ἀκήκοα
936 3265 1094 3332 λόγον
1121 3265 1310 3336 ἀνδρὸς
1345 3266 1445 3318 οὐκ
1467 3266 1728 3337 ἄφρονος,

136 3361 249 3414 δΰδὲ
299 3359 583 3424 ἀλαζόνος.
616 3358 931 3430 Αἰμιλιανοῦ
971 3359 1080 3430 γὰρ
1111 3358 1204 3412 τοῦ
1240 3360 1468 3430 ῥήτορος
1489 3400 1502 3423 ,
1542 3351 1603 3412 οὗ
1637 3359 1733 3412 καὶ

137 3456 295 3524 ἡμῶν
321 3455 456 3508 ένιοι
492 3454 869 3526 διακηκόασιν,
910 3454 1236 3525 Ἐπιθέρσης
1269 3449 1336 3525 ἧν
1366 3453 1570 3526 πατὴρ,
1601 3455 1732 3525 ἐμὸς

137 3548 367 3618 πολίτης
421 3548 518 3600 καὶ
563 3547 882 3611 διδάσκαλος
924 3547 1348 3620 γραμματικῶν.
1394 3541 1562 3610 Οὗτος
1593 3546 1728 3617 ἐφη,

141 3642 268 3695 ποτέ
294 3641 475 3695 πλέων
492 3642 572 3704 εἰς
596 3640 846 3705 Ἰταλίαν,
871 3641 1126 3713 ἐπιϐῆναι
1146 3640 1277 3710 νηὸς
1297 3640 1574 3712 ἐμπορικὰ
1594 3640 1733 3714 χρήη⁸

139 3753 287 3805 ματα
321 3736 419 3788 καὶ
469 3736 696 3804 συχνοὺς
744 3735 1008 3798 ἐπιϐάτας
1059 3732 1319 3805 ἀγούσης.
1365 3733 1636 3805 Ἐσπέρας
1685 3732 1730 3787 δ’

138 3826 236 3896 ἤδη
261 3827 393 3894 περὶ
420 3824 522 3888 τὰς
558 3824 838 3895 Ἐχινάδας
865 3826 1063 3896 νήσους
1091 3823 1364 3895 ἀποϐῆναι
1392 3823 1455 3876 τὸ
1489 3822 1728 3894 πνεῦμα,

140 3919 231 3972 καὶ
253 3918 355 3989 τὴν
383 3916 521 3970 ναῦν
549 3917 946 3988 διαφερομένην
980 3916 1207 3988 πλησίον
1231 3915 1486 3986 γενέσθαι
1510 3915 1728 3981 Παξῶν.

151 4008 547 4082 Ἐγρηγορέναι
577 4009 635 4063 δὲ
662 4011 788 4075 τοὺς
829 4009 1116 4074 πλείστους
1141 4010 1234 4062 καὶ
1258 4009 1453 4072 πίνειν,
1480 4009 1602 4062 ἐπεὶ
1641 4009 1729 4061 δεε-

139 4101 494 4175 δειπνηκότες
525 4098 665 4174 ἦσαν
686 4103 820 4174 (40)·
849 4100 1108 4173 ἐξαίφνης
1132 4101 1189 4154 δὲ
1217 4101 1402 4171 φωνῆς
1433 4100 1540 4154 ἀπὸ
1564 4101 1727 4172 νήσου

141 4196 242 4248 τῶν
277 4196 475 4262 Παξῶν
516 4196 874 4266 ἀκουσθῆναι,
907 4193 1158 4266 Θαμνοῦν
1185 4192 1296 4265 (41)
1320 4210 1464 4257 τινος
1493 4193 1587 4264 βοῇ
1631 4209 1730 4246 κα-

139 4287 376 4353 λοῦντος,
403 4289 545 4342 ὥστε
574 4289 876 4360 θαυμάζειν
895 4305 909 4319 ο
946 4290 975 4340 6
1014 4287 1123 4360 γὰρ
1145 4287 1397 4360 Θαμνοῦς
1431 4287 1729 4357 Αἰγύπτιος

141 4374 205 4450 ἦν
263 4379 640 4452 κυϐερνήτης,
703 4380 826 4433 οὐδὲ
884 4378 995 4433 τῶν
1051 4379 1398 4451 ἐμπλεόντων
1452 4378 1728 4450 γνώριμος

1833 3272 1998 3326 eliam
2023 3269 2199 3333 Plato,
2236 3268 2592 3334 Xenocrates,
2647 3281 2703 3325 et
2751 3269 3113 3340 Chrysippus,
3159 3273 3417 3323 testatam

1833 3361 2120 3431 reliquere.
2157 3360 2300 3427 Quin
2333 3360 2451 3430 ipse
2497 3376 2718 3431 quoque
2754 3360 3120 3426 Democritus,
3168 3373 3296 3414 cum
3354 3366 3420 3413 ut

1832 3469 1986 3523 aequa
2021 3452 2122 3508 sibi
2158 3453 2536 3522 contingerent
2566 3453 2706 3508 idola
2730 3462 3068 3523 precaretur,
3100 3451 3281 3522 palam
3309 3451 3420 3506 uti-

1833 3559 1940 3615 que
1963 3544 2072 3598 alia
2107 3559 2167 3599 se
2193 3545 2442 3614 quaedam
2471 3544 2661 3614 iniqua
2691 3546 2896 3616 pariter
2924 3555 2979 3600 et
3009 3544 3280 3615 improba,
3313 3559 3415 3600 nec

1833 3654 1941 3693 non
1969 3636 2197 3708 privatis
2231 3637 2433 3707 agitata
2479 3636 2870 3706 cupiditatibus
2914 3650 3212 3707 agnoscere
3245 3633 3416 3704 proii-

1832 3729 2068 3784 tebatur.
2104 3726 2332 3782 Mortem
2368 3741 2562 3782 eorum
2613 3725 2762 3798 quod
2811 3728 3026 3792 attinet,
3072 3726 3296 3782 memini
3327 3741 3429 3781 me.

1832 3818 2067 3889 aliquem
2101 3818 2373 3888 ejusmodi
2429 3832 2740 3872 sermonem
2791 3817 3003 3882 audire,
3039 3816 3142 3870 viri
3173 3828 3274 3869 nec
3329 3813 3418 3868 in-

1832 3911 1967 3967 sulsi
1993 3927 2093 3966 nec
2121 3910 2447 3980 arrogantis.
2483 3907 2813 3963 zEmilianus
2846 3907 3050 3976 rhetor,
3083 3925 3248 3981 quem
3273 3930 3415 3970 non-

1831 4004 1964 4059 nulli
1993 4019 2214 4073 quoque
2242 4011 2484 4057 vestrum
2541 4003 2784 4066 audiere,
2843 4000 3186 4072 Epitbersem
3216 4021 3416 4076 paren-

1829 4107 1938 4154 tem
1992 4096 2202 4162 habuit,
2259 4110 2370 4166 quo
2403 4103 2458 4150 et
2512 4095 2868 4165 p0pulari,et
2920 4093 2977 4147 in
3037 4098 3413 4166 grammaticis

1829 4197 2164 4260 lawccptore
2189 4203 2312 4242 sum
2343 4201 2498 4242 usus.
2553 4184 2604 4240 ls
2636 4186 2915 4252 narrabat,
2950 4202 3076 4243 cum
3113 4188 3167 4241 in
3201 4187 3413 4246 Italiam

1831 4279 2132 4351 aliquando
2159 4277 2285 4333 navi
2339 4277 2538 4347 opibus
2593 4277 3016 4348 vectoribusque
3049 4278 3414 4339 refertissima

1830 4377 2130 4448 navigaret,
2161 4375 2263 4430 sub
2295 4388 2576 4444 vesperam
2609 4372 2677 4427 ad
2718 4370 3028 4430 Echinadas
3051 4373 3262 4432 insulas
3286 4390 3412 4432 ven-

209 4578 321 4648 (56)
366 4579 439 4632 Τὸ
465 4577 584 4648 μὲν
614 4579 961 4648 ἐφεστάναι.
1007 4576 1183 4647 Supra
1239 4587 1425 4631 noster
1471 4578 1575 4632 184
1609 4578 1722 4648 jam

1839 4575 1980 4628 nobis
1997 4577 2216 4648 solent;
2253 4570 2518 4648 (amona.
2548 4571 2664 4648 hazc
2693 4569 2890 4624 εἴλωλα
2921 4571 3084 4648 sunt)
3121 4571 3200 4648 uel
3231 4587 3412 4648 nocere

139 4641 246 4726 loci
277 4641 484 4726 hujus-
513 4641 844 4720 principium
894 4641 1103 4712 attulit;
1136 4663 1299 4718 quem
1349 4649 1439 4703 hic
1489 4641 1722 4719 pertexit
1827 4647 1965 4726 (haec
1991 4641 2408 4726 δυστράπελα);
2447 4641 2557 4696 tum
2581 4643 2815 4726 ingentes
2847 4641 3410 4726 quasdam-imagines,

467 4789 666 4856 δίδως.
709 4791 787 4845 lta
831 4789 1133 4853 Plutarch.,
1165 4797 1221 4844 et
1268 4788 1425 4854 bene,
1470 4803 1594 4844 cum
1644 4790 1724 4844 δί-

133 4860 260 4923 δους
292 4860 579 4930 perperam
611 4862 899 4930 legeretur.

208 4927 320 5002 (38)
363 4927 962 5002 Εὐλόγωνέὶδώλων.
1008 4930 1172 5002 Plut.,
1210 4928 1313 4983 sub
1341 4928 1555 5002 initium
1588 4927 1724 5002 Ραιι.

131 5003 176 5056 li
198 4998 416 5056 Αἰήιίιὶἱ
440 5017 459 5055 :
483 5001 818 5073 Δημόκριτος
847 5001 944 5073 μέν
967 5001 1096 5073 γὰρ,
1127 5001 1321 5073 inquit,
1345 4998 1598 5073 εὔχεσθαί
1619 5018 1723 5073 φηέ

133 5090 192 5126 σι
220 5073 352 5136 δεῖν,
392 5057 816 5140 ὅπωςᾞύλόγων
835 5057 1066 5125 ἐιδώὶωὺ
1088 5057 1470 5141 τυγχάνωμεν,
1512 5072 1600 5124 καὶ
1630 5057 1723 5124 ’τὰ

134 5144 401 5215 σύμφορα
425 5143 524 5215 καὶ
548 5143 863 5215 τάᾕχρηστά
891 5143 1246 5215 μᾶλλον-ημῖν
1293 5143 1358 5215 ἐκ
1399 5141 1492 5193 τοῦ
1533 5141 1722 5215 περιέ-

134 5210 345 5284 χοντος,
375 5213 410 5284 ἢ
439 5211 510 5266 τὰ
533 5210 713 5281 φαῦλα
741 5210 838 5266 καὶ
866 5210 936 5271 τὰ
959 5210 1527 5284 σῖιαιάσυμφέρηται.
1544 5210 1721 5278 Quam

133 5282 323 5340 tamen
355 5282 902 5354 ejusprccationem,
935 5293 996 5338 ut
1040 5282 1430 5354 superstitione
1479 5282 1718 5354 plenam,

132 5367 190 5425 et
233 5352 566 5425 pbiloSopho
610 5355 886 5424 indignam
937 5354 1208 5424 repudiat.
1253 5352 1388 5425 Vide
1414 5353 1717 5425 sequentia.
1825 5366 1856 5418 ρ

133 5422 316 5481 Porro
344 5422 496 5494 hunc
516 5423 698 5478 locum
732 5422 902 5479 docte
926 5435 981 5480 et
1002 5422 1269 5494 accurate
1291 5423 1567 5494 Xyﬁlander
1597 5422 1722 5476 illu-

133 5505 299 5558 strat,
339 5511 407 5550 ex
458 5493 660 5561 Tullio,
687 5496 847 5564 epist.
881 5495 966 5561 16,
996 5495 1072 5564 lib
1124 5510 1214 5559 xv,
1237 5493 1313 5546 Ad
1347 5491 1642 5561 familiam,
1667 5501 1722 5546 et

134 5567 235 5623 lib.
273 5583 289 5620 ι
319 5566 403 5620 De
436 5576 636 5619 natura
669 5563 840 5631 deam;
870 5566 960 5620 ubi
988 5563 1184 5621 Orator
1210 5566 1327 5619 hmo
1355 5565 1495 5616 inter
1527 5572 1720 5617 caetera

135 5645 278 5692 secl.
321 5636 419 5692 121
455 5654 468 5690 :
502 5634 638 5688 Mihi
668 5637 880 5706 quidem
926 5638 1087 5706 etiam
1133 5634 1473 5688 Democritus
1530 5644 1720 5706 nutare

133 5709 350 5761 videtur
377 5708 433 5760 in
459 5717 658 5760 natura
681 5704 920 5761 deorum.
944 5705 1076 5760 Tum
1101 5707 1240 5760 enim
1262 5713 1432 5758 censet
1462 5704 1718 5773 imagines

132 5779 417 5832 divinitate
447 5777 730 5847 pra'ditas,
761 5779 929 5832 inesse
970 5777 1298 5830 universitati
1332 5790 1507 5847 rerum
1549 5788 1568 5825 :
1596 5783 1720 5847 tum

135 5844 454 5905 animantes
479 5847 541 5920 (ῐ.
579 5848 869 5918 animatas)
898 5849 1176 5916 imagines,
1200 5861 1317 5916 quia
1359 5844 1435 5901 re!
1473 5845 1720 5912 prodesse

1826 4711 2140 4784 tantasque;
2156 4723 2216 4784 ut
2239 4711 2539 4784 universum
2563 4713 2820 4765 mundum
2867 4711 3287 4784 complectantur
3311 4728 3410 4784 exe

1826 4780 2104 4840 "insectis.
2140 4783 2272 4848 Qua:
2303 4783 2516 4854 quidem
2542 4784 2723 4854 omnia
2751 4792 2873 4836 sunt
2902 4784 3082 4852 patria
3104 4780 3411 4854 ﬂemocrili

1822 4873 1983 4928 quam
2017 4850 2336 4928 Democrito:
2359 4853 2625 4928 digniora.
2665 4850 2796 4907 Vide
2827 4862 2881 4907 et
2904 4850 3053 4928 sect.
3093 4850 3196 4928 1θῖ
3223 4852 3409 4928 ιιι-108

1822 4921 2066 4995 ejusdem
2097 4923 2379 4979 Plutarch.
2413 4921 2466 4977 in
2503 4921 2748 4992 Sympos.
2786 4921 3252 4995 quamAimagines
3283 4923 3408 4977 ista:

1823 4991 1979 5051 nihili
2007 4998 2216 5059 tierent,
2255 4995 2496 5065 ostendit
2534 4991 2618 5065 liis
2654 4993 2835 5048 verbis
2871 4991 3406 5065 :_1¢Bv6§_A-quo_xpt-

1822 5066 2004 5129 τείων,
2039 5066 2230 5134 inquit,
2254 5063 2507 5125 εἰδώλων,
2534 5063 2725 5134 ὥσπερ
2747 5063 2999 5134 Αἰγιέων,
3025 5062 3058 5131 ἢ
3082 5062 3407 5134 Μεγαρέων,

1822 5136 2053 5208 ἀριθμὸς
2079 5130 2274 5199 οὐδεὶς,
2305 5135 2425 5188 οὐδὲ
2457 5134 2633 5203 λόγος.
2681 5130 2800 5200 Quo
2829 5135 2896 5188 de
2925 5130 3080 5196 loco,
3113 5130 3407 5188 vide—infra

1864 5207 1876 5261 ζ
1906 5208 2011 5260 εει
2039 5207 2090 5259 in
2125 5215 2237 5260 not.

1822 5223 1876 5278 Ρ.
1894 5223 2011 5348 (2529;
2039 5223 2352 5348 liioaoelhpd,
2380 5283 2487 5330 etc.
2528 5273 2809 5348 Plutarch.
2839 5271 2914 5326 ita
2943 5271 3162 5348 melius,
3180 5271 3405 5348 μοχθη-

1894 5288 2007 5348 (59)
2048 5288 2352 5346 Μοχσηριι,
2380 5288 2487 5330 etc.
2531 5288 2809 5328 Plutarch.
2839 5288 2914 5326 lla
2943 5288 3162 5336 melius,
3198 5288 3370 5404 μοξῖη

1861 5349 1926 5411 ἀς
1949 5345 2232 5416 γινώσκων
2265 5347 2457 5416 έχοντα
2489 5343 2837 5416 προαιρέσεις
2867 5340 3026 5416 τινες⁸
3049 5342 3370 5416 καὶ-ὁρμῇ.

1917 5365 1926 5409 ς
1988 5364 2232 5400 ινωσκων
2265 5364 2457 5416 εχοντα
2489 5364 2837 5415 προαιρεσεις
2867 5364 3017 5404 τινας
3049 5364 3144 5396 και
3171 5364 3370 5414 ορμας.

1917 5364 2007 5486 ὦ)
2061 5418 2215 5470 Ἐπεὶ
2255 5415 2712 5482 δεδειπνηκότες
2746 5409 2927 5484 ἦσαν.
2972 5410 3138 5477 Plut”
3161 5410 3404 5478 brevius,

1823 5489 2006 5542 Πίνειν
2033 5487 2131 5551 ἔτι,
2161 5486 2599 5558 δεδειπνηκότας.

1894 5559 2005 5630 (41)
2047 5549 2342 5630 Gripi-our.
2370 5549 2550 5630 Al'flu_t_.,
2581 5553 2821 5625 Θαμοῦν,
2856 5560 2925 5630 e_t_
2950 5549 3147 5630 deinde
3187 5549 3403 5630 ραμους

1821 5620 2156 5706 constanter.
2185 5628 2323 5706 Non“
2337 5620 2545 5706 abludit
2566 5620 2775 5706 nomen
2807 5622 2971 5706 urbis
2991 5620 3392 5706 )Egypﬁiéele-

1821 5700 2096 5761 berrimaz,
2130 5713 2253 5768 qua
2285 5698 2490 5768 Θμουῖς
2529 5695 2659 5768 olim
2703 5694 3008 5768 dicebatur.
3037 5690 3103 5768 Et
3134 5691 3288 5768 Plato
3321 5706 3398 5745 re-

1821 5787 1943 5849 gem
1992 5761 2305 5843 (Egyptium
2334 5761 2609 5839 'agnOscit
2643 5767 2696 5819 in
2732 5763 2962 5822 PIm’dro
3029 5761 3252 5820 Θααοῦν
3306 5776 3408 5816 no-

1826 5856 1994 5896 ωιηθ.
