3894 6220
457 359 562 413 355

1096 352 1369 410 EUSEBII
1407 349 1893 409 C/ESARIENSIS
1929 349 2082 406 OPP.
2126 349 2310 404 PARS
2348 348 2411 405 ΙΙ.
2453 381 2523 391 -
2557 340 3060 408 APOLOCETICA.

459 485 572 528 tum
603 484 822 527 omnem
859 465 1040 523 subito
1054 464 1380 528 concidisse,
1400 464 1770 535 jactatamque
1799 463 1982 517 navim
2010 476 2038 516 a

2142 456 2210 532 ἦν
2264 462 2479 527 πολλοῖς
2524 463 2618 517 ἀπ’
2668 463 2950 535 ὀνόματος.
3008 464 3100 527 Δὶς
3149 464 3248 535 μὲν
3288 458 3382 517 οὖν
3427 464 3717 536 κληθέντα,

455 563 619 619 Paxis
642 578 751 616 non
798 557 989 631 procul
1036 555 1301 613 abfuisse.
1353 555 1456 611 llic
1506 570 1639 610 vero
1686 555 2040 626 vigilantibus

455 656 751 728 plerisque,
777 667 841 706 ac
872 664 1029 705 creua
1067 647 1316 704 conlecta
1348 647 1661 702 bibentibus
1684 688 1700 714 ,
1751 646 2039 717 cujusdam

456 752 680 817 repente
701 749 890 798 Vocem
924 756 995 796 ex
1043 741 1234 797 eadem
1282 739 1460 795 insula
1514 738 1827 795 Thamnum
1866 739 2039 793 incla-

456 835 661 889 mantis
685 831 1001 886 exauditam
1034 844 1159 886 esse
1186 848 1201 883 :
1234 845 1357 900 qua:
1398 844 1486 885 res
1512 830 1769 886 omnibus
1797 829 2040 885 admira-

457 924 662 979 tionem
704 922 894 987 movit,
923 935 1051 977 cum
1094 919 1378 977 Thamnus
1432 920 1523 975 ille
1559 920 1849 993 Egyptius
1897 929 2044 978 esset

456 1014 614 1069 navis
642 1013 1001 1083 gtibernator,
1033 1027 1199 1083 quem
1234 1012 1396 1083 pauci
1423 1012 1799 1085 navigantium
1829 1012 1899 1068 de
1944 1026 2042 1067 no-

456 1105 605 1162 mine
628 1113 918 1161 noverant.
948 1102 1018 1158 Et
1060 1103 1215 1159 illum
1244 1104 1465 1175 quidem
1516 1104 1685 1160 semel
1731 1105 2042 1177 iterumque

454 1206 711 1253 vocatum
735 1195 977 1261 siluisse,
997 1195 1158 1250 tertio
1172 1194 1392 1251 demum
1418 1196 1638 1251 vocanti
1666 1197 2037 1266 respondisse.

457 1284 599 1344 Tum
631 1290 867 1344 alterum
895 1287 1090 1358 majori
1119 1303 1285 1357 quam
1316 1295 1475 1343 antea
1507 1303 1660 1355 voce,
1702 1286 1805 1343 Ubi
1840 1289 1907 1344 ad
1938 1289 2042 1345 Pa-

454 1380 608 1436 todes
632 1378 874 1445 veneris,
926 1393 1188 1450 magnum
1240 1378 1446 1434 Panem
1499 1380 1773 1438 interiisse
1824 1382 2038 1437 nuntia.

456 1472 580 1540 Quo
615 1471 805 1526 audito
830 1477 1059 1526 cunctos
1092 1472 1443 1528 vehementer
1496 1473 1760 1530 attonitos
1812 1474 2043 1531 haesisse

458 1563 739 1630 narrabat,
768 1578 1006 1633 cumque
1048 1563 1192 1618 inter
1249 1579 1372 1620 sese
1428 1574 1755 1633 quarerent,
1811 1577 2041 1638 praesta-
2083 1610 2087 1614 μ

459 1660 614 1711 retne
638 1655 787 1711 dicto
810 1654 1096 1711 audientes
1126 1669 1268 1721 esse,
1300 1656 1461 1727 207
1493 1671 1562 1711 an
1595 1656 1778 1727 potius
1806 1673 1921 1714 rem
1954 1667 2042 1716 to-

456 1757 577 1803 tam
600 1748 901 1818 negligere,
945 1747 1255 1802 Thamnum
1285 1747 1360 1802 ita
1388 1749 1671 1814 statuisse,
1724 1752 1771 1805 si
1814 1750 2036 1821 quidem

456 1840 728 1910 aspiraret
751 1846 973 1903 ventus,
996 1838 1178 1894 locum
1206 1838 1425 1894 silentio
1451 1840 1796 1910 praetervehi,
1830 1842 1915 1897 sin
1936 1843 2039 1899 ibi—

456 1934 582 1989 dem
615 1933 852 1989 malacia
899 1934 1241 2004 contingeret
1263 1975 1278 1999 ,
1305 1950 1429 2005 qua:
1458 1934 1707 1991 audierat
1754 1938 2031 1994 nuntiare.

456 2025 600 2097 Ergo
632 2041 758 2081 cum
786 2039 853 2081 eo
887 2035 1181 2098 provectus
1212 2034 1378 2094 esset,
1431 2042 1563 2082 aura
1596 2028 1919 2085 concidente
1949 2043 2040 2085 se-

455 2117 696 2186 datoque
725 2116 888 2183 mari,
944 2111 1256 2172 Thamnum
1287 2132 1353 2174 ex
1385 2119 1554 2189 puppi
1583 2159 1599 2186 ,
1645 2120 1929 2177 conversis
1970 2121 2040 2177 ad

456 2217 656 2263 terram
674 2208 870 2275 oculis,
891 2223 1009 2264 rem
1040 2209 1117 2263 uti
1146 2209 1394 2265 audierat
1414 2210 1763 2277 inclamasse,
1781 2209 2041 2284 Magnum

456 2299 711 2355 videlicet
739 2298 943 2355 Panem
969 2301 1192 2357 obiisse.
1228 2300 1405 2368 Quam
1432 2301 1555 2372 ejus
1598 2315 1816 2369 vocem,
1844 2303 2040 2376 ingen-

457 2397 566 2444 tem
588 2390 736 2446 illico
755 2405 993 2464 eumque
1039 2393 1404 2450 admiratione
1439 2393 1689 2461 mistum,
1717 2409 1827 2448 non
1854 2395 2038 2463 unius,

458 2477 554 2537 sed
582 2484 878 2538 multorum
901 2483 1065 2539 simul
1092 2485 1352 2554 gemitum
1374 2487 1673 2556 excepisse.
1694 2484 1827 2542 Rem
1854 2502 2039 2556 porro,

457 2571 660 2642 quippe
693 2588 816 2644 quae
846 2582 1146 2644 praesentes
1196 2575 1463 2645 plurimos
1491 2584 1660 2632 testes
1716 2578 2038 2645 habuisset,

459 2661 647 2720 Remae
667 2664 818 2720 brevi
850 2664 1145 2721 admodum
1172 2674 1419 2738 tempore
1451 2666 1753 2740 vulgatam,
1794 2670 2043 2741 adeoque

460 2753 770 2810 Thamnum
792 2756 971 2828 ipsum
994 2774 1026 2812 ιι
1052 2754 1274 2814 Tiberio
1291 2761 1509 2815 Caesare
1536 2769 1819 2816 evocatum
1839 2759 2037 2817 fuisse:

458 2860 525 2901 ac
551 2845 832 2902 Tiberium
862 2847 1084 2917 quidem
1114 2863 1236 2904 eam
1267 2852 1519 2906 narranti
1551 2850 1714 2907 ﬁdem
1749 2851 2037 2917 habuisse,

460 2945 524 2992 ut
546 2951 614 2992 ex
642 2952 827 2992 rerum
852 2937 1204 3008 antiquarum
1232 2940 1422 3009 peritis
1443 2982 1458 3008 ,
1487 2941 1581 3011 qui
1616 2949 1732 2996 tum
1779 2939 2040 3011 frequen-

462 3038 544 3084 tes
573 3027 820 3096 aderant,
850 3043 1078 3099 ecquem
1117 3029 1223 3100 ipsi
1275 3028 1480 3086 Panem
1514 3032 1669 3087 illum
1693 3047 1816 3088 esse
1866 3032 2039 3087 senti-

458 3127 603 3186 rent,
631 3119 919 3190 diligenter
954 3120 1351 3185 sciscitaretur,
1401 3134 1498 3178 eos
1543 3132 1727 3178 autem
1780 3121 2038 3179 Mercurii
2066 3154 2110 3216 ϐ

463 3211 870 3284 l’enelopesque
903 3211 1074 3267 ﬁlium
1105 3212 1410 3284 suspicatos
1465 3229 1608 3271 esse.
1668 3212 1940 3272 Craterum
1970 3231 2039 3273 ex

462 3304 553 3367 iis,
584 3305 677 3373 qui
708 3304 1068 3381 disputationi
1106 3305 1235 3360 huic
1263 3293 1593 3370 intererant,
1633 3316 1799 3365 testes
1827 3308 2039 3381 Philip-'-

460 3410 566 3466 pus
595 3396 893 3453 nonnullos
914 3397 1170 3466 habebat,
1208 3398 1303 3469 qui
1336 3396 1697 3455 Emilianum
1730 3415 1916 3457 senem
1950 3394 2043 3456 au-

459 3487 694 3544 dierant.
727 3487 827 3545 Hic
856 3489 1093 3560 subjecit
1137 3489 1468 3560 Demetrius,
1523 3491 1826 3548 insularum
1853 3533 1868 3558 ,
1919 3510 2042 3565 qua:

460 3578 755 3635 Britannizn
791 3580 1061 3651 adjacent,
1099 3580 1392 3652 plerasque
1436 3582 1681 3639 desertas
1709 3583 1914 3654 passim
1947 3601 2040 3640 oc-

459 3684 701 3735 currere,
732 3682 965 3741 quarum
992 3669 1269 3727 nonnullae
1297 3671 1631 3739 daemonum,
1671 3681 1767 3729 aut
1812 3673 2039 3729 heroum

460 3761 655 3819 insulis
679 3761 1054 3822 nominentur.
1104 3761 1278 3818 Porro
1309 3778 1368 3819 se
1398 3764 1609 3819 visendi
1639 3765 1822 3820 studio
1854 3807 1871 3832 ,
1926 3767 2040 3838 regi

459 3855 754 3926 aliquando
781 3856 835 3911 in
871 3857 1209 3912 desertarum
1236 3856 1542 3927 proximam
1571 3859 1849 3927 naviganti
1878 3861 2042 3915 comi-

460 3946 570 4003 tem
600 3949 938 4017 adjunxisse,
969 3963 1134 4020 quam
1170 3948 1330 4018 pauci
1363 3948 1663 4004 admodum
1712 3951 2036 4015 incolerent,

459 4040 553 4096 sed
577 4041 670 4111 qui
698 4039 975 4096 Britannis
1011 4039 1154 4095 sacri
1173 4054 1363 4095 omnes
1388 4049 1566 4107 erant,
1601 4050 1656 4096 et
1682 4042 1751 4096 ab
1781 4042 1932 4096 omni
1955 4043 2039 4097 di-

459 4132 707 4201 reptione
733 4131 1044 4202 injuriaque
1067 4132 1191 4187 tuti.
1223 4129 1329 4186 Ubi
1364 4132 1602 4202 primum
1637 4148 1705 4189 eo
1739 4136 2031 4205 appulsu-1

457 4229 621 4288 esset,
648 4222 850 4279 {cedam
884 4231 1103 4293 repente
1130 4231 1375 4278 coortam
1399 4223 1454 4277 in
1476 4224 1614 4280 cmlo
1632 4232 2037 4294 tempestatem,

460 4312 651 4366 crebra
678 4311 843 4366 simul
880 4310 1149 4382 prodigia,
1181 4320 1469 4367 ventorum
1504 4314 1795 4383 procellas,
1830 4314 2039 4385 igneos-

460 4418 569 4473 que
596 4403 845 4458 turbines
877 4402 1196 4474 contigisse.
1233 4401 1482 4467 Quorum
1504 4404 1588 4459 vis
1641 4405 1734 4459 ubi
1794 4406 2040 4461 remisis-

2145 555 2439 626 σιωπῆσαι,
2485 556 2546 610 τὸ
2600 555 2658 609 δὲ
2713 556 2896 629 τρίτον
2950 554 3260 610 ὑπακοῦσαι
3312 555 3388 628 τῷ
3434 557 3717 614 καλούντιο

2142 649 2237 701 καλ⁸
2294 649 2503 703 ἐκεῖνον
2552 648 2899 703 ὲπιτείναντα
2956 648 3140 720 φωνὴν
3208 651 3417 704 εἰπεῖν·
3488 652 3723 708 ὐπόταν

2140 744 2272 816 γένῃ
2325 742 2467 797 κατὰ
2519 741 2583 797 τὸ
2629 742 2914 806 Παλῶδες,
2988 740 3323 810 ἀπάγγειλον
3371 741 3455 795 ὅτι
3521 742 3637 797 Πάν
3689 746 3721 797 6

2145 834 2319 906 μέγας
2368 834 2647 907 τέθνηκεν.
2715 834 2888 889 Τοῦτο
2952 832 3291 897 ἀκούσαντας
3354 832 3458 905 ἔφη
3511 834 3722 900 πάντας

2142 926 2481 998 ἐκπλαγῆναι
2502 968 2518 991 ,
2593 926 2688 981 καὶ
2758 926 3000 989 διδόντας
3068 924 3281 987 έαυτοῖς
3347 923 3538 994 λόγον,
3608 927 3721 979 εἴτε

2142 1018 2367 1092 ποιῆσαι
2432 1018 2640 1090 βέλτιον
2692 1013 2761 1090 ἦν
2810 1017 2873 1072 τὸ
2940 1015 3414 1088 προστεταγμένον
3475 1016 3583 1070 εῐτε
3643 1014 3724 1087 μὴ

2142 1109 2643 1182 πολυπραγμονεῖν,
2674 1106 2790 1160 ἀλλ’
2818 1107 2936 1177 ὲᾷν,
2960 1104 3102 1158 οὕτω
3122 1104 3321 1173 γνῶναι
3338 1102 3430 1156 τὸν
3448 1100 3721 1172 Θαμνοῦν·

2141 1204 2192 1256 εί
2254 1202 2353 1277 μέν
2410 1200 2496 1273 εἴη
2549 1198 2799 1270 πνεῦμα,
2865 1195 3172 1268 παραπλεῖν
3223 1193 3450 1267 ἡσυχίαν
3503 1192 3718 1265 έχοντα,

2142 1293 2405 1367 νηνεμίας
2442 1304 2467 1332 α
2507 1292 2600 1346 καὶ
2652 1289 2893 1361 γαλήνης
2948 1284 3078 1359 περὶ
3122 1287 3213 1340 τὸν
3270 1285 3430 1340 τόπον
3486 1284 3723 1355 γενομέ-

2138 1395 2237 1458 νης
2256 1426 2272 1450 ,
2300 1387 2559 1449 ἀνειπεῖν,
2604 1383 2642 1439 ἀ
2673 1384 2924 1454 ἤκουσεν.
2964 1382 3055 1446 Ὠς
3084 1375 3177 1434 οὖν
3222 1378 3439 1449 ἐγένετο
3471 1376 3612 1432 κατά
3656 1376 3721 1428 τὸ

2140 1476 2416 1541 Παλῶδες,
2450 1474 2574 1529 οὔτε
2608 1474 2917 1546 πνεύματος
2945 1473 3117 1539 ϐντος,
3166 1464 3288 1524 ούτε
3315 1469 3604 1535 κλύδωνος,
3653 1469 3721 1520 ὲκ

2141 1570 2397 1644 πρύμνης
2423 1568 2685 1639 βλέποντα
2717 1566 2808 1620 τὸν
2828 1564 3075 1637 Θαμνοῦν
3098 1562 3234 1635 πρὸς
3258 1562 3357 1634 τήν
3381 1562 3505 1634 γῆν,
3523 1561 3720 1628 είπεῖν,

2139 1662 2328 1735 ὥσπερ
2354 1662 2607 1733 ἤκουσεν,
2637 1660 2718 1713 ὅτι
2742 1658 2857 1711 Πὰν
2876 1657 2904 1709 6
2934 1654 3107 1727 μέγας
3135 1653 3414 1725 τέθνηκεν,
3435 1652 3669 1723 όφθῆναι
3692 1651 3724 1693 ιι

2140 1752 2197 1807 δὲ
2230 1752 2575 1822 παυσάμενον
2603 1748 2786 1810 αὑτὸν.
2820 1746 2916 1802 καί
2942 1744 3192 1816 γενέσθαι
3233 1743 3406 1815 μέγαν
3433 1744 3533 1814 οὐχ
3581 1743 3716 1817 ἐνὸς⁹

2071 1806 2277 1901 Βἀλλά
2308 1806 2520 1898 πολλῶν
2555 1806 2876 1913 στεναγμὸν,
3093 1806 3403 1909 θαυμασμῷ
3449 1806 3729 1908 μεμιγμέ-

2140 1953 2251 1991 νον.
2292 1930 2393 1990 Οἴα
2415 1934 2474 1989 δὲ
2504 1932 2716 1987 πολλῶν
2757 1928 3061 2003 ἀνθρώπων
3117 1924 3424 2001 παρόντων,
3464 1926 3602 1997 ταχὺ
3629 1925 3726 1979 τὸν

2139 2027 2300 2098 λόγον
2327 2029 2385 2082 ὲν
2417 2029 2486 2098 τῇ
2529 2024 2716 2096 Ῥώμῃ
2750 2022 3132 2094 σκεδασθῆναι,
3166 2020 3263 2074 καὶ
3289 2018 3540 2091 Θαμνοῦν
3568 2018 3727 2086 γενέ-

2143 2120 2265 2175 σθαι
2294 2118 2682 2190 μετάπεμπτον
2713 2116 2819 2169 ὑπὸ
2837 2113 2930 2168 τοῦ
2954 2112 3206 2185 Τιϐερίου
3256 2110 3555 2183 Καίσαρος·
3579 2107 3727 2163 οὕτω

2140 2211 2198 2265 δὲ
2224 2208 2512 2266 πιστεῦσαι
2542 2207 2621 2279 τῷ
2647 2206 2789 2277 λόγῳ
2806 2205 2899 2260 τὸν
2932 2203 3199 2277 Τιϐέριον,
3233 2202 3376 2256 ὥστε
3424 2199 3729 2255 διαπυνθά-

2140 2302 2328 2359 νεσθαι
2348 2301 2445 2357 καὶ
2475 2300 2658 2372 ζητεῖν
2689 2298 2818 2365 περὶ
2847 2295 2940 2351 τοῦ
2979 2294 3177 2359 Πανόςέ
3216 2291 3459 2357 εἰκάζειν
3487 2291 3547 2345 δὲ
3594 2292 3731 2354 τοὺς

2142 2393 2272 2466 περὶ
2293 2376 2456 2448 αὐτὸν
2481 2390 2794 2462 φιλολόγους
2819 2389 3045 2460 συχνοὺς
3074 2387 3236 2452 ϐντας
3258 2385 3350 2440 τὸν
3367 2440 3378 2451 ,
3397 2383 3458 2451 ἐξ
3517 2382 3725 2456 Ἑρμοῦ

2141 2484 2237 2539 καὶ
2258 2483 2577 2556 Πηνελόπης
2601 2481 2983 2553 γεγενημένον.
3020 2480 3079 2533 '0
3114 2479 3212 2551 μὲν
3233 2474 3327 2533 οὖν
3355 2476 3618 2540 Φίλιππος
3639 2469 3726 2528 εῖ-

2141 2593 2205 2647 χε
2230 2576 2340 2631 τῶν
2379 2575 2660 2647 παρόντων
2691 2573 2865 2638 ένίους
2911 2572 3214 2645 μάρτυρας,
3274 2566 3592 2641 Δίμιλιανοῦ
3622 2564 3723 2621 τοῦ
3841 2640 3845 2646 Ι

2140 2667 2395 2740 γέροντος
2421 2664 2743 2738 ἀκηκοότας·
2767 2666 2796 2718 6
2820 2663 2878 2716 δὲ
2900 2662 3206 2735 Δημήτριος
3223 2660 3329 2731 εφη
3346 2658 3455 2714 τῶν
3476 2659 3602 2730 περὶ
3620 2657 3728 2729 τὴν

2142 2760 2441 2831 Βρετανίαν
2464 2759 2645 2830 νήσων
2670 2753 2809 2810 εἶναι
2835 2755 3035 2819 πολλὰς
3060 2754 3303 2827 ἐρήμους
3331 2750 3624 2822 σποράδας,
3641 2744 3724 2805 ὧν

2142 2849 2288 2914 ὲνιας
2318 2847 2587 2920 δαιμόνων
2624 2848 2719 2901 καὶ
2748 2845 2941 2919 ήρώων
2979 2842 3358 2916 ὀνομάζεσθαιέ
3393 2840 3622 2896 πλεῦσαι
3658 2841 3724 2895 δὲ

2142 2940 2302 3006 αὐτὸς
2328 2938 2566 3012 ἱστορίας
2588 2939 2683 2994 καὶ
2704 2939 2833 3003 θέας
2860 2938 3023 2992 ἓνεκα
3059 2937 3259 3008 ¹πομπῇ
3304 2933 3399 2988 τοῦ
3455 2931 3725 3005 βασιλέως

2142 3035 2223 3098 είς
2252 3033 2350 3105 τὴν
2372 3032 2600 3103 ἔγγιστα
2649 3031 2909 3104 κειμένην
2939 3029 3048 3085 τῶν
3095 3030 3340 3101 ἐρήμων,
3379 3026 3606 3099 ἔχουσαν
3656 3026 3724 3080 οὐ

2143 3123 2371 3187 πολλοὺς
2404 3122 2776 3187 ἐποικοῦντας,
2816 3122 2995 3193 ἱεροὺς
3023 3119 3081 3173 δὲ
3113 3121 3209 3173 καὶ⁵
3237 3114 3468 3187 ἀσύλους
3511 3117 3728 3182 «huc

2149 3217 2255 3272 ὑπὸ
2286 3213 2394 3271 τῶν
2424 3213 2705 3288 Βρετανῶν
2729 3212 2908 3278 ὄντας.
2948 3214 3100 3283 Ἀφιγ
3113 3210 3273 3284 μένου
3320 3211 3379 3265 δέ
3399 3210 3561 3266 αὐτοῦ
3588 3226 3728 3265 νεω-

2150 3312 2258 3372 στὶ,
2298 3308 2558 3379 σύγχυσιν
2583 3307 2821 3380 μεγάλην
2850 3308 2977 3379 περί
3003 3306 3096 3360 τὸν
3115 3305 3274 3377 ἀέρα,
3316 3304 3411 3358 καὶ
3423 3301 3728 3374 ,διοσημίας

2148 3400 2349 3462 πολλάς
2386 3398 2660 3469 γενέσθαι,
2685 3399 2776 3452 καὶ
2797 3396 3082 3468 πνεύματα
3132 3394 3569 3467 καταρραγῆναι,
3625 3393 3730 3448 καὶ

2148 3493 2335 3545 πεσεῖν
2390 3487 2734 3563 πρηστῆρας.
2781 3490 2935 3543 Ἐπεὶ
2985 3487 3030 3541 δ’
3071 3485 3336 3559 ἐλώφησε,
3377 3485 3555 3555 λέγειν
3595 3485 3730 3549 τοὺς

2147 3583 2418 3657 νησιώτας
2437 3584 2520 3637 ὅτι
2547 3582 2655 3636 τῶν
2683 3580 3011 3653 κρειττόνων
3041 3578 3186 3643 τινὸς
3214 3577 3454 3649 ἔκλειψις
3475 3576 3727 3646 γέγονεν.

2159 3677 2246 3742 Ὠς
2275 3674 2383 3749 γὰρ
2428 3675 2620 3747 λύχνος
2669 3673 3058 3744 ἀναπτόμενος,
3109 3671 3296 3742 φάναι,
3349 3668 3521 3725 δεινὸν
3565 3668 3731 3723 οὐδὲν

2146 3772 2278 3843 ἔχει,
2309 3769 2665 3839 σϐεννύμενος
2695 3766 2752 3820 δὲ
2802 3764 3017 3831 πολλοῖς
3064 3764 3302 3835 λυπηρός
3329 3764 3497 3817 ἐστιν’
3545 3759 3735 3825 οὕτως

2146 3863 2200 3916 at
2233 3859 2461 3933 μεγάλαι
2486 3860 2653 3930 ψυχαὶ
2678 3858 2777 3919 τὰς
2808 3857 2905 3928 μὲν
2945 3856 3279 3928 ἀναλάμψεις
3331 3854 3576 3927 εὐμενεῖς
3628 3853 3734 3907 καὶ

2147 3952 2390 4017 ἀλύπους
2416 3950 2648 4022 ἔχουσιν,
2701 3949 2840 4003 αἰδὲ
2872 3949 3085 4013 σϐέσεις
3139 3947 3319 4002 αὐτῶν
3356 3946 3451 4001 καὶ
3497 3944 3729 4017 φθοραὶ,

2146 4044 2404 4108 πολλάκις
2428 4043 2546 4114 μὲν,
2579 4041 2654 4106 ὡς
2681 4041 2798 4106 νῦν,
2852 4041 3138 4111 πνεύματα
3185 4039 3281 4094 καὶ
3329 4036 3567 4110 χαλάζας
3594 4036 3733 4109 τρέ-

2147 4153 2306 4207 φουσι
2337 4136 2470 4207 (42),
2527 4134 2784 4198 πολλάκις
2818 4114 2892 4188 ⁸δὲ
2927 4133 3192 4204 λοιμικοῖς
3242 4130 3439 4185 πάθεσι
3462 4129 3554 4183 τὸν
3583 4128 3735 4201 ἀέρα

2146 4227 2571 4300 φαρμάττουσιν.
2630 4226 2777 4279 Ἐκεῖ
2813 4224 2994 4297 μέντοι
3044 4223 3171 4296 μίαν
3197 4219 3335 4279 εἶναι
3379 4221 3563 4293 νῆσον,
3597 4222 3658 4274 έν

2144 4321 2235 4374 τὸν
2261 4320 2468 4392 Κρόνον
2499 4319 2818 4390 καθεῖρχθαι
2843 4317 3248 4390 φρουρούμενον
3296 4314 3402 4367 ὑπὸ
3427 4306 3524 4367 τοῦ
3551 4313 3733 4385 Βριά-

2148 4430 2254 4484 ρεω
2283 4411 2628 4466 καθεύδοντα·
2659 4409 2854 4482 δεσμὸν
2880 4408 2990 4481 γὰρ
3018 4408 3166 4480 αὐτῷ
3207 4406 3297 4461 τὸν
3346 4406 3511 4461 ὕπνον
3541 4422 3735 4477 μεμη·

460 4503 543 4550 set
572 4525 588 4558 ,
617 4494 823 4551 dixisse
855 4493 1145 4560 insulares,
1176 4496 1410 4565 aliquem
1451 4511 1515 4551 ex
1548 4495 1807 4551 heroibus
1837 4497 2038 4553 exstin-

2142 4505 2429 4577 χανῆσθαι.
2464 4504 2698 4567 Πολλοὺς
2723 4502 2781 4557 δὲ
2810 4502 2938 4575 περὶ
2964 4500 3123 4555 αὐτὸν
3145 4496 3283 4554 εἶναι
3307 4500 3568 4569 δαίμονας
3587 4497 3735 4551 ὀπα-

458 4596 607 4644 otum
644 4601 788 4643 esse.
816 4585 1287 4654 Quemadmodum
1323 4588 1495 4655 enim,
1527 4589 1850 4659 inquiebant
1877 4630 1893 4655 ,
1952 4602 2036 4644 tu-

458 4692 624 4735 cerna
653 4678 784 4734 dum
806 4678 980 4745 ardet,
1012 4680 1145 4735 nihil
1170 4679 1483 4736 detrimenti
1512 4678 1708 4736 all‘erre
1737 4680 1897 4745 solet,
1933 4697 2036 4738 nec

456 4779 642 4828 tamen
666 4770 785 4826 sine
812 4770 1112 4826 multorum
1144 4772 1395 4827 molestia
1411 4771 1781 4842 exstinguitur
1808 4789 1822 4826 :
1859 4772 1940 4826 sic
1960 4772 2039 4827 in-

458 4871 645 4935 gentes
685 4862 883 4918 animae
931 4862 1169 4934 benigno
1198 4864 1420 4933 quidem
1451 4874 1506 4918 et
1541 4865 1769 4920 innoxio
1824 4864 2039 4936 fulgore

457 4955 762 5022 collucent;
791 4963 849 5011 at
875 4955 1120 5020 easdem,
1138 4957 1185 5011 si
1217 4957 1440 5027 quando
1464 4956 1741 5026 exstingui
1764 4971 1830 5013 ac
1854 4957 2036 5027 perire

457 5047 767 5116 contigerit,
799 5056 915 5103 tum
946 5064 1089 5119 saepe
1110 5059 1303 5104 ventos
1341 5063 1405 5103 ac
1429 5048 1717 5118 procellas.
1754 5049 1832 5103 uti
1863 5064 2031 5115 nunc,

458 5142 719 5207 excitare,
757 5156 901 5213 saepe
956 5156 1121 5196 auras
1171 5141 1495 5210 pestilentiae
1544 5155 1754 5194 veneno
1812 5140 2035 5195 inlicere

457 5240 879 5289 consueverunt.
914 5231 1029 5288 lllic
1057 5246 1221 5303 porro
1246 5231 1482 5286 insulam
1527 5230 1823 5301 quamdam
1871 5245 1992 5287 esse
2014 5270 2031 5294 ,

457 5325 552 5379 ubi
580 5326 821 5381 vinctum
854 5324 1153 5380 Saturnum
1186 5326 1407 5395 altoque
1445 5337 1636 5379 somno
1681 5327 2032 5394 consopitum

460 5415 713 5471 Briareus
731 5416 1004 5472 custodiat
1030 5434 1043 5470 :
1072 5431 1271 5469 novum
1303 5414 1451 5470 enim
1484 5414 1591 5468 hoc
1638 5413 1818 5469 somni
1845 5414 2035 5468 vincu-

459 5506 573 5561 lum
604 5506 868 5563 adversns
898 5524 1023 5562 enm
1065 5507 1435 5578 excogitatum
1461 5505 1653 5561 fuisse.
1678 5503 1868 5560 Eidem
1904 5520 2036 5559 vero

531 5673 559 5703 ⁸
600 5662 726 5717 add.
749 5661 828 5717 δέ.
900 5664 930 5705 δ
967 5665 1054 5721 ῖσ.
1082 5666 1144 5719 ού
1170 5663 1390 5736 φθῆναι.

2139 4599 2264 4662 δοὺς
2297 4598 2391 4651 καὶ
2438 4596 2792 4670 θεράποντας.
2827 4614 2845 4646 ι
2885 4592 3134 4647 Τοσαῦτα
3179 4591 3236 4645 δὲ
3290 4593 3320 4644 6
3352 4584 3728 4659 Πλούταρχος.

2152 4688 2508 4763 Ἐπιτηρῆσαι
2533 4690 2589 4743 δὲ
2616 4689 2765 4755 ἀξιον
2788 4683 2879 4741 τὸν
2913 4687 3123 4758 καιρὸν,
3159 4687 3218 4738 έν
3257 4676 3302 4752 ᾧ
3345 4698 3481 4755 φησι
3508 4679 3602 4735 τὸν
3627 4680 3736 4736 θά-

2140 4801 2299 4837 νατον
2326 4782 2604 4853 γεγονέναι
2631 4780 2725 4835 τοῦ
2749 4780 3021 4850 δαίμονος.
3052 4774 3220 4842 Οὗτος
3263 4775 3324 4830 δὲ
3375 4770 3446 4847 ἦν
3489 4775 3520 4827 6
3576 4772 3732 4828 κατά

2140 4875 2409 4947 Τιϐέριον,
2431 4873 2552 4928 καθ’
2586 4874 2645 4927 ὃν
2669 4875 2697 4926 ό
2724 4871 2989 4944 ἡμέτερος
3018 4871 3226 4942 Σωτὴρ,
3261 4868 3362 4933 τάς
3389 4868 3486 4921 σὺν
3510 4866 3736 4939 ἀνθρώ-

2142 4980 2264 5027 ποις
2297 4962 2616 5033 ποιούμενος
2650 4959 2955 5030 διατριϐὰς,
2991 4960 3101 5012 πᾶν
3125 4955 3281 5026 γένος
3307 4954 3578 5027 δαιμόνων
3606 4953 3734 5019 ἐξε-

2139 5052 2352 5108 λαύνειν
2374 5052 2467 5105 τοῦ
2500 5051 2606 5105 τῶν
2629 5049 2929 5122 ἀνθρώπων
2959 5048 3371 5118 ἀναγέγραπται
3400 5042 3537 5114 βίου·
3579 5041 3729 5095 ὥστε

2140 5144 2239 5217 ήδη
2271 5145 2423 5208 τινὰς
2452 5144 2562 5199 τῶν
2587 5141 2851 5214 δαιμόνων
2894 5142 3206 5210 γονυπετεῖν
3249 5137 3433 5201 αὑτὸν,
3481 5134 3580 5188 καὶ
3606 5134 3728 5187 ἱκε-

2137 5234 2317 5290 τεύειν
2347 5237 2421 5307 μὴ
2452 5234 2530 5306 τῷ
2558 5233 2904 5307 περιμένοντι
2923 5232 3130 5294 αὐτοὺς
3159 5229 3418 5301 ταρτάρῳ
3446 5224 3731 5296 παραδού-

2137 5343 2247 5380 ναι.
2270 5326 2452 5397 Ἔχεις
2479 5321 2570 5378 οὖν
2596 5324 2809 5394 καὶτῆς
2823 5324 2929 5377 τῶν
2946 5321 3215 5393 δαιμόνων
3238 5315 3610 5390 καθαιρέσεως
3631 5314 3728 5367 τὸν

2138 5415 2348 5486 χρόνον,
2373 5414 2473 5467 οὐκ
2504 5413 2693 5467 ἄλλοτε
2726 5412 2787 5477 ἐξ
2836 5411 3031 5475 αἰῶνος
3075 5408 3472 5482 ἱστορηθείσης’
3527 5405 3724 5476 ὥσπερ

2137 5503 2230 5561 οὖν
2264 5507 2354 5561 καὶ
2383 5507 2479 5579 τῆς
2510 5505 2955 5578 ἀνθρωποθυσίας
2983 5503 3095 5558 τῶν
3144 5502 3316 5557 ὲθνῶν
3343 5500 3443 5571 τὴν
3481 5497 3729 5553 κατάλυ-

460 5768 465 5771 ’
534 5775 646 5846 in)
688 5775 953 5845 Χαλάζας
995 5779 1298 5849 τρέφουσι.
1341 5778 1646 5847 Plutarcln,
1691 5775 1858 5843 ζάλας
1884 5774 2166 5848 τρέπουσι.
