3894 6220
121 407 221 463 357

1291 396 1615 453 ΡΒᾸΞΡΑΒ.
1660 394 1909 453 EVANG.
1947 394 2076 452 LIB.
2120 396 2185 452 ν.

3287 384 3393 441 558

123 536 208 572 σιν
224 519 328 572 οὐκ
348 517 538 573 ἄλλοτε
563 516 598 589 ἢ
623 516 763 588 μετὰ
789 515 850 569 τὸ
881 513 1141 586 προελθὸν
1159 515 1240 577 εἰς
1264 514 1472 578 πάντας
1502 514 1713 586 ἀνθρώ-

1845 515 2058 570 amulos
2136 513 2601 583 administrosque
2638 504 2945 567 'dmnones
2999 517 3200 580 praesto
3270 515 3395 558 esse

121 626 258 672 παυς
288 611 551 677 κήρυγμα
582 606 684 678 τῆς
713 605 1073 675 εὐαγγελικῆς
1103 603 1450 667 διδασκαλίας
1478 620 1709 675 γεγενη-

1815 621 1980 676 quam
2005 606 2297 677 plurimos.
2334 625 2354 658 ι
2416 604 2693 660 Hactenus
2729 589 3080 658 Plutarchus.
3120 598 3226 654 Sed
3258 613 3393 668 ope-

128 701 314 772 μένην.
344 699 532 754 Ταῦτα
558 699 659 772 μὲν
689 696 783 753 οὖν
809 700 941 770 ἡμῖν
972 696 1079 752 ἀπὸ
1128 698 1227 769 τῆς
1272 696 1543 770 νεωτέρας
1571 698 1714 750 ἱστο-

1845 711 1894 751 te
1924 697 2157 767 pretium
2189 695 2375 763 fuerit,
2403 704 2618 766 tempus
2650 694 2965 756 observare,
2991 705 3103 761 quo
3130 687 3396 745 daemonis

125 792 248 865 ρίας
275 792 613 863 ὲληλὲγχθω.

1821 788 1984 845 istius
2018 789 2297 846 interitum
2329 788 2624 858 contigisse
2671 793 2881 841 narrat.
2911 782 2971 839 ld
3026 783 3176 838 enim
3224 782 3400 850 impe-

122 893 280 940 rante
314 882 541 940 Tiberio
575 882 743 954 208
775 880 980 939 factum
1036 888 1155 947 est,
1190 893 1303 951 quo
1347 887 1590 949 tempore
1658 879 1988 935 dtemonesa
2034 878 2324 935 Servatore
2362 888 2557 934 nostro
2583 878 2727 931 inter
2768 874 3021 930 homines
3062 880 3256 943 agente
3281 871 3398 940 jam

124 988 240 1033 tum
308 991 378 1032 ex
445 977 687 1031 humana
717 974 829 1029 vita
864 973 990 1045 pelli
1033 973 1268 1044 ejicique
1304 973 1537 1043 coepisse
1579 972 1765 1029 divina
1816 973 2007 1030 scribit
2031 972 2260 1029 historia
2289 994 2301 1029 :
2331 986 2458 1027 cum
2487 969 2653 1025 etiam
2680 982 2821 1038 genu
2852 966 2993 1021 ﬂexo
3014 963 3261 1019 nonnulli
3283 963 3400 1033 jam

124 1087 250 1126 eum
314 1070 698 1137 obsecrarent,
737 1069 817 1124 uti
846 1082 917 1124 ne
947 1066 1390 1137 exspectantibus
1416 1081 1538 1124 sese
1582 1064 1774 1123 inferis
1813 1067 2106 1123 addiceret.
2134 1064 2278 1136 Ergo
2305 1071 2512 1120 certum
2534 1074 2754 1132 quoque
2786 1073 2851 1113 ac
2872 1056 3156 1112 definitum
3185 1069 3402 1125 tempus

125 1163 294 1218 babes
325 1161 817 1217 exterminatornm
876 1160 1207 1224 daemonum,
1246 1174 1387 1231 quos
1420 1167 1548 1215 ante
1599 1159 1734 1215 illud
1776 1175 2059 1232 nunquam
2100 1175 2167 1215 ex
2219 1156 2372 1214 omni
2410 1153 2675 1211 memoria
2722 1149 2940 1222 fugatos
2966 1164 3087 1205 esse
3120 1148 3355 1218 legimus
3386 1163 3403 1201 :

129 1252 595 1324 quemadmodum
652 1267 757 1308 nec
813 1264 940 1307 ante
1001 1252 1273 1308 sublatam
1326 1250 1501 1308 fuisse
1555 1252 1896 1310 ostendimus
1953 1267 2301 1310 communem
2363 1249 2509 1321 apud
2555 1246 2784 1317 gentiles
2844 1241 3257 1299 mactandornm
3305 1241 3408 1296 ho-

128 1342 340 1398 minum
404 1339 883 1405 consuetudinem,
917 1355 1083 1411 quam
1132 1340 1454 1412 evangelicae
1494 1340 1758 1397 doctrinae
1794 1343 2109 1414 prmdicstio
2167 1343 2485 1397 universum
2530 1337 2720 1393 orbem
2774 1331 3179 1405 complevisset.
3228 1331 3408 1403 Atque
3453 1378 3461 1389 .

127 1438 245 1493 hac
274 1426 641 1508 coarguenda
708 1435 1017 1491 daemonum
1058 1434 1238 1492 fraudi
1270 1449 1339 1492 ex
1367 1436 1736 1494 recentiorum
1774 1439 2020 1497 historiis
2047 1440 2365 1511 deprompta
2401 1433 2692 1493 suliiciant.

675 1552 1078 1606 ΚΕΦΑΛΑΙΟΝ
1110 1553 1221 1608 Iﬂ'.

128 1665 266 1735 Περὶ
292 1664 419 1720 τῶν
453 1662 620 1733 παρὰ
671 1662 798 1737 τοῖς
852 1663 1132 1731 παλαιοῖς
1180 1665 1445 1737 Ἕλλησι
1481 1680 1721 1737 prmio-

540 1733 881 1803 γευομένων
916 1735 1318 1804 χρηστηρίωνε

211 1847 353 1901 Ἀλλ’
380 1847 506 1900 ἐπεὶ
526 1845 604 1917 μὴ
635 1849 749 1911 τοῖς
779 1848 915 1901 πᾶσι
952 1846 1209 1919 γνώριμα
1241 1847 1502 1917 τυγχάνει
1528 1847 1597 1902 τὰ
1645 1850 1726 1902 εί-

2389 1548 2621 1607 CAPUT
2658 1544 2850 1602 XVIII.

1921 1671 2000 1725 De
2025 1669 2262 1726 oraculis
2288 1668 2602 1789 priscorulmb
2613 1661 2920 1745 Graecorum
2943 1653 3327 1729 pradicatione

2465 1753 2521 1789 cc
2546 1752 2572 1789 e
2610 1743 2766 1787 ram.

2465 1743 2766 1790 celebratis.

1901 1852 2060 1909 Nunc
2075 1848 2232 1910 vero.
2251 1849 2515 1920 quoniam
2536 1846 2641 1903 ista
2660 1858 2770 1900 non
2786 1840 3044 1898 omnibus
3067 1851 3246 1908 usque
3271 1833 3411 1890 adeo

134 1941 369 2015 ρημένα,
400 1937 460 1994 εὖ
490 1958 582 2011 μοι
621 1942 772 1995 δοκεῖ
796 1939 1048 1994 ἐντεῦθεν
1089 1941 1182 1994 ἐπὶ
1214 1941 1283 1995 τὰ
1313 1943 1450 1995 πᾶσι
1485 1940 1728 2013 πρόδηλα

1845 1954 1959 2000 iota
1988 1950 2136 2007 sunt,
2171 1942 2305 1996 libet
2338 1939 2466 1994 inde
2514 1935 2584 1992 ad
2617 1948 2683 1990 ea
2709 1930 2983 2003 progredi,
3016 1942 3136 1998 quae
3170 1924 3413 1994 antiqui-

130 2035 243 2096 τοῖς
271 2032 581 2102 φιλολόγοις
614 2031 937 2103 μεταϐῆναι,
981 2032 1077 2085 καὶ
1104 2032 1230 2096 τοὺς
1257 2032 1622 2096 παλαιτάτους
1651 2030 1730 2103 τῷ

133 2125 312 2197 χρόνῳ
340 2125 629 2197 χρησμοὺς
661 2123 933 2188 ἐξετάσαι,
964 2124 1071 2179 ἀνὰ
1121 2124 1301 2195 στόμα
1356 2125 1576 2179 πάντων
1614 2124 1733 2177 Ἑλ⁴

134 2218 309 2289 λήνων
353 2217 671 2288 ᾀδομένους,
722 2217 827 2271 κὰν
872 2219 995 2281 ταῖς
1040 2218 1185 2271 κατὰ
1235 2215 1391 2272 πόλιν
1424 2216 1733 2288 διατριϐαῖς

131 2320 245 2381 τοῖς
274 2316 372 2369 ἐπὶ
403 2315 627 2387 παιδείᾳ
676 2315 902 2384 φοιτῶσι
955 2314 1441 2386 παραδιδομένους.
1490 2312 1732 2367 Ἀνωθεν

129 2410 313 2464 τοίνυν
342 2407 629 2462 ἀναλαϐὼν
648 2408 749 2471 τάς
773 2407 1007 2472 παλαιὰς
1032 2406 1291 2479 ἱστορίας,
1321 2407 1616 2477 ἐπίσκεψαι
1644 2400 1735 2460 οἷα

130 2507 158 2558 ὁ
185 2502 395 2565 Πύθιος
430 2500 738 2572 Ἀθηναίοις
759 2500 867 2571 χρᾷ
892 2498 1066 2570 λοιμῷ
1085 2497 1355 2553 πιεσθεϊσι
1378 2498 1469 2552 διὰ
1494 2498 1596 2567 τὴν
1622 2499 1737 2551 Ἀνέ

132 2594 347 2666 δρὸγεω
400 2592 683 2663 τελευτήν.
725 2591 1057 2662 Ἐλοίμωξαν
1101 2591 1159 2645 δὲ
1220 2591 1423 2654 πάντες
1462 2589 1735 2661 Ἀθηναῖοι

130 2689 195 2740 δι’
224 2686 355 2749 ἐνὸς
379 2686 576 2757 ἀνδρὸς
603 2683 858 2747 θάνατον,
891 2680 996 2752 τῆς
1015 2682 1061 2735 δ’
1112 2684 1179 2736 ἐκ
1205 2680 1316 2736 τῶν
1343 2679 1484 2735 θεῶν
1509 2683 1736 2735 ἐπικου-

132 2779 259 2850 ρίας
280 2779 470 2847 τυχεῖν
495 2776 703 2847 ἠξίουν⁶
741 2775 797 2829 τί
826 2776 946 2829 ποτ’
966 2770 1061 2829 οὖν
1100 2776 1130 2828 ὀ
1184 2774 1368 2847 σωτὴρ
1404 2774 1588 2838 αὐτοῖς
1642 2773 1737 2827 καὶ

132 2867 259 2931 θεὸς
285 2868 587 2938 παραινεῖ;
630 2865 786 2936 Τάχα
811 2881 915 2918 που
960 2862 1049 2926 τὶς
1099 2863 1344 2935 οίήσεται
1391 2860 1737 2931 δικαιοσύνης

129 2958 229 3012 τοῦ
266 2957 462 3012 λοιποῦ
496 2956 593 3010 καὶ
616 2953 1026 3028 φιλανθρωπίας
1064 2952 1421 3024 ἐπιμέλεσθαι
1441 2993 1456 3017 ,
1491 2954 1586 3007 καὶ
1641 2953 1738 3023 τῆς

132 3052 310 3120 ἄλλης
338 3047 626 3121 ἀρετῆς,ἢ
654 3049 938 3119 μετανοεῖν
992 3046 1087 3100 ἐπὶ
1144 3045 1224 3117 τῷ
1281 3045 1738 3117 πλημμελήματι,

133 3144 228 3198 καί
252 3161 314 3196 τι
336 3141 449 3194 τῶν
476 3139 640 3195 ὁσίων
686 3139 782 3195 καὶ
835 3138 1079 3193 εὐσεϐῶν
1131 3136 1394 3204 ἐκτελεῖν,
1439 3130 1515 3200 ὡς
1537 3136 1604 3190 ἂν
1632 3137 1741 3190 τῶν

1831 2036 1959 2093 tatis
1989 2033 2300 2091 studiosum
2330 2029 2545 2101 fugiant
2597 2025 2897 2088 neminem,
2939 2035 3006 2076 ac
3050 2029 3413 2074 vetusussmn

1829 2127 1929 2185 avi
1968 2124 2192 2182 oracula
2251 2123 2539 2194 diligenter
2583 2128 2841 2174 excutere
2867 2155 2884 2180 ,
2945 2128 3069 2184 qua:
3095 2109 3411 2167 Graecorum

1830 2217 2035 2289 passim
2067 2213 2315 2271 omnium
2345 2226 2442 2268 ore
2464 2210 2690 2281 jactata,
2723 2207 2791 2262 iis
2816 2204 3005 2267 etiam,
3037 2200 3133 2272 qui
3161 2196 3414 2267 discipli-

1831 2287 1917 2366 nae
1943 2322 2112 2366 causa
2172 2304 2388 2363 cunctis
2415 2303 2474 2359 in
2505 2300 2736 2357 urbibus
2763 2296 3116 2361 conveniunt,
3149 2287 3416 2349 inculcari

1833 2404 2033 2460 solent.
2069 2400 2154 2455 Tu
2182 2413 2316 2470 ergo
2359 2405 2576 2453 veteres
2605 2393 2677 2449 ab
2708 2391 2918 2447 ultimis
2955 2402 3130 2458 usque
3160 2384 3416 2454 tempori-

1831 2495 1989 2550 ribus
2042 2489 2308 2547 historias
2356 2494 2633 2557 repetens,
2676 2481 2920 2553 expende
2972 2478 3051 2534 sis
3107 2471 3418 2547 cuiusmodi

1834 2582 2283 2646 Atheniensibus,
2317 2577 2467 2652 gravi
2496 2577 2565 2632 ab
2594 2574 2884 2643 Androgeo
2907 2569 3133 2625 interitu
3158 2566 3420 2639 pestilen-

1836 2677 1911 2733 tia
1941 2672 2317 2731 laborantibus
2356 2681 2682 2740 responsum
2715 2664 2847 2719 olim
2896 2654 3418 2732 Pythiusediderit.

1837 2767 2051 2838 Quippe
2083 2766 2468 2829 Athenienses,
2488 2758 2730 2816 hominis
2752 2756 2825 2812 ob
2848 2754 3013 2809 unius
3029 2760 3284 2816 mortem,
3302 2748 3419 2805 unis

1836 2860 1982 2916 versi
2009 2861 2112 2914 hac
2147 2857 2240 2913 lue
2265 2853 2508 2917 .vexati,
2558 2850 2786 2907 deorum
2825 2861 2987 2918 opem
3029 2843 3171 2900 votis
3198 2857 3265 2898 ac
3291 2856 3421 2912 pre-

1839 2951 1997 3007 cibus
2027 2947 2412 3019 implorabant.
2445 2942 2588 3011 Quid
2618 2941 2784 3013 igitur
2818 2938 2889 2994 iis
2938 2935 3157 2992 consilii
3185 2943 3242 2990 et
3289 2932 3422 2988 Ser-

1840 3051 1995 3097 vator
2031 3050 2085 3095 et
2110 3038 2291 3094 Deus?
2316 3036 2396 3092 uti
2425 3034 2741 3106 aequitatem
2764 3030 3017 3089 videlicet
3041 3036 3206 3097 atque
3234 3025 3422 3081 buma-

1842 3133 2093 3197 nitatem,
2126 3138 2461 3199 craterasque
2483 3126 2714 3181 virtutes
2744 3123 2800 3177 in
2832 3132 3112 3192 posterum
3144 3117 3422 3184 colerent;

136 3235 284 3289 θεῶν
305 3232 521 3296 τούτοις
548 3231 937 3301 ἱλασκομένων.
994 3228 1152 3284 Ἀλλὰ
1185 3229 1393 3284 τούτων
1418 3230 1514 3300 μὲν
1550 3224 1620 3299 ἦν
1645 3228 1740 3282 οὒ-

1845 3232 1939 3280 aut
1959 3222 2209 3280 criminis
2235 3219 2457 3276 adducti
2487 3214 2812 3288 poenitentia
2845 3213 2988 3269 sacri
3012 3209 3219 3281 aliquid
3246 3223 3313 3265 ac
3339 3222 3422 3262 re-

135 3326 248 3381 εέν.
285 3325 354 3378 Τί
378 3322 489 3396 γὰρ
516 3322 582 3394 δὴ
606 3323 702 3375 καὶ
732 3322 894 3392 μέλον
935 3317 1004 3393 ἦν
1031 3320 1236 3375 τούτων
1280 3324 1395 3385 τοῖς
1418 3319 1742 3392 θαυμασίοις

1845 3315 2024 3388 ligiosi
2050 3314 2287 3373 obirent.
2312 3306 2514 3382 quibus
2541 3308 2708 3363 rebus
2731 3307 2961 3362 deorum
2986 3302 3216 3361 oﬁensio
3231 3316 3424 3373 procu-

137 3421 310 3482 θεοῖς,
342 3417 547 3490 μᾶλλον
571 3415 629 3469 δὲ
682 3417 795 3479 τοῖς
849 3415 1238 3486 παμπονήροις
1263 3413 1520 3485 δαίμοσι;
1569 3413 1742 3468 Πάλιν

136 3511 235 3568 οὖν
260 3512 334 3565 τὰ
393 3510 579 3572 αὐτοῖς
627 3506 863 3577 συγγενῆ
922 3507 1018 3561 καὶ
1059 3508 1257 3569 οἰκεῖα,
1288 3504 1357 3559 τὰ
1396 3505 1600 3577 ἀνηλεῆ
1651 3507 1746 3559 καί⁹

138 3606 275 3678 ὠμὰ
317 3603 416 3658 καὶ
443 3600 824 3673 ἀπάνθρωπα,
878 3597 1065 3670 λοιμὸν
1115 3598 1209 3653 ἐπὶ
1251 3597 1425 3670 λοιμῷ
1450 3614 1605 3668 φασι,
1651 3598 1745 3651 καὶ

143 3697 418 3758 θανάτους
466 3693 563 3747 ἐπὶ
616 3691 853 3762 θανάτῳ.
916 3690 1145 3745 Κελεύει
1203 3689 1336 3759 γοῦν
1382 3691 1414 3744 ὁ
1471 3688 1745 3744 Ἀπόλλων

145 3788 304 3849 ἔτους
378 3783 614 3838 ἑκάστου
676 3783 915 3851 πέμπειν
971 3781 1172 3844 αὐτοὺς
1232 3779 1344 3833 τῶν
1402 3778 1563 3833 ἰδίων
1612 3778 1746 3833 παίει

146 3879 253 3932 ϐων
310 3878 556 3950 ἄρρενας
622 3874 859 3946 ἐφήϐους
912 3871 1052 3926 ἐπτὰ
1082 3913 1099 3937 ,
1179 3871 1275 3926 καὶ
1330 3870 1559 3943 θηλειῶν
1626 3873 1745 3925 ἰσα-

151 3967 386 4040 ρίθμους
458 3962 800 4035 παρθένους,
852 3960 967 4014 ἀνθ’
1013 3959 1133 4022 ἐνὸς
1199 3959 1331 4013 δέκα
1388 3958 1484 4012 καί
1548 3958 1746 4013 τέσσα-

152 4078 255 4132 ρας
304 4057 590 4119 ἀναιτίους
630 4055 726 4108 καὶ
771 4053 1152 4126 ἀπράγμονας,
1179 4052 1280 4107 οὐκ
1306 4050 1561 4117 εἰσάπαξ,
1612 4050 1748 4105 ἀλλὰ

150 4152 249 4203 καὶ
279 4147 430 4203 κατὰ
458 4146 569 4199 πᾶν
595 4143 714 4207 ἔτος
753 4141 1160 4214 τυθησομένους
1188 4142 1248 4196 ἐν
1274 4141 1467 4213 Κρήτῃ
1488 4140 1642 4213 παρὰ
1669 4139 1750 4212 τῷ

150 4240 359 4297 Μίνωϊ.
401 4238 570 4291 Ὥστε
604 4235 700 4289 καὶ⁵
729 4232 892 4307 μέχρι
922 4232 1033 4289 τῶν
1059 4231 1155 4286 τοῦ
1192 4233 1514 4306 Σωκράτους
1543 4231 1749 4304 χρόνων

150 4335 322 4389 πλέον
353 4331 392 4401 ἢ
424 4327 800 4391 πεντακοσίοις
845 4320 1073 4397 ὕστερον
1109 4325 1287 4379 ἔτεσιν
1316 4327 1345 4379 ὁ
1376 4324 1550 4390 δεινὸς
1594 4316 1751 4389 οὗτος

151 4429 252 4481 καὶ
279 4420 785 4494 ἀπανθρωπύτατος
799 4418 1005 4491 δασμὸς
1024 4419 1248 4489 μνήμην
1278 4419 1410 4491 παρ’
1450 4417 1753 4488 Ἀθηναίοις

149 4518 507 4590 διεφύλαττε.
561 4511 734 4566 Τοῦτο
772 4512 830 4565 δὲ
865 4507 934 4583 ἦν
976 4511 1085 4583 ἄρα
1122 4510 1186 4564 τὸ
1217 4509 1311 4564 καὶ
1344 4509 1625 4581 Σωκράτει
1651 4508 1752 4581 τὴν

1842 3409 1953 3464 rari
1980 3407 2139 3464 solet.
2165 3404 2312 3460 Nihil
2342 3403 2547 3458 minus.
2582 3399 2856 3466 Quorsum
2882 3398 3031 3454 enim
3064 3397 3171 3454 ista
3195 3394 3424 3467 praecla-

1843 3501 1923 3556 ris
1950 3497 2290 3559 numinibus,
2318 3494 2401 3549 vel
2435 3492 2620 3564 potius
2652 3490 3040 3547 consceleratis
3073 3487 3424 3544 daemonibus

1844 3605 1993 3647 curae
2017 3588 2173 3646 sint?
2202 3586 2338 3643 Rem
2361 3585 2528 3657 igitur
2557 3582 2772 3639 afﬁnem
2796 3582 2901 3637 sibi
2928 3596 3124 3638 rursus
3145 3589 3199 3635 et
3220 3593 3426 3650 cogna-

1847 3692 1982 3751 tam,
2008 3681 2117 3737 hoc
2143 3687 2230 3736 est
2265 3680 2335 3736 ab
2366 3676 2520 3733 omni
2543 3674 2941 3733 misericOrdiae
2968 3687 3137 3729 sensu
3165 3672 3426 3737 alienam,

1846 3785 1904 3831 et
1932 3773 2274 3830 immanitate
2299 3769 2660 3836 teterrimam,
2693 3777 2901 3839 pestem
2952 3775 3126 3837 peste,
3157 3764 3429 3820 mortibus

1848 3875 2079 3923 mortem
2115 3860 2386 3919 cumulari
2415 3859 2624 3914 volunt.
2658 3854 2822 3912 lubet
2865 3853 3128 3909 nimirum
3186 3850 3382 3922 Apollo
3409 3889 3428 3916 ,

1849 3957 1968 4012 suis
1995 3970 2026 4010 e
2046 3953 2234 4011 liberis
2266 3964 2443 4005 mares
2476 3948 2545 4003 ab
2567 3947 2637 4002 iis
2666 3954 2874 4016 septem
2903 3942 3206 4015 quotannis
3240 3942 3426 4012 impu‘

1848 4049 2007 4105 heres
2039 4045 2220 4112 mitti,
2248 4043 2592 4113 feminasque
2613 4041 2853 4112 virgines
2875 4039 3100 4094 totidem
3127 4054 3142 4104 ;
3174 4052 3275 4107 pro
3321 4051 3432 4093 uno

1850 4137 2288 4212 quatuordecim,
2322 4136 2576 4193 insontes
2598 4150 2794 4193 omnes
2817 4132 3139 4202 nulliusque
3166 4129 3431 4187 facinoris

1850 4232 2126 4298 conscios,
2157 4230 2323 4301 idque
2356 4243 2467 4283 non
2495 4227 2665 4284 semel
2697 4234 2908 4283 tantum
2927 4267 2943 4294 ,
2995 4223 3091 4280 sed
3144 4221 3311 4294 209
3340 4238 3437 4277 an-

1851 4325 1939 4380 nis
1972 4322 2204 4395 singulis
2236 4319 2379 4392 apud
2406 4317 2642 4373 Minoem
2672 4313 3056 4371 immolandos.
3085 4312 3265 4383 Atque
3290 4312 3432 4382 apud

1850 4413 2213 4470 Athenienses
2236 4407 2575 4466 acerbissimi
2611 4422 2676 4462 ac
2702 4404 2970 4461 dirissimi
2997 4402 3187 4458 tributi
3219 4416 3433 4456 memo-

1855 4508 1958 4574 ria,
1981 4507 2048 4562 ad
2081 4513 2296 4561 aetatem
2333 4515 2511 4572 usque
2542 4497 2788 4555 Socratis
2826 4511 3004 4552 annos
3028 4494 3288 4565 deinceps
3317 4508 3433 4546 am-

150 4587 434 4680 ὰναϐολὴν
476 4607 573 4660 τοῦ
633 4604 863 4659 θανάτου
913 4600 1302 4671 πεποιημένον.
1369 4590 1565 4671 Τίθησι
1621 4598 1743 4664 γοῦν

1856 4600 2001 4671 plius
2030 4599 2357 4670 quingentos
2388 4592 2729 4649 servabatur.
2759 4588 2895 4644 Nam
2930 4589 2983 4644 id
3006 4589 3175 4644 etiam
3197 4587 3250 4641 in
3268 4601 3435 4642 causa

150 4701 318 4774 ὁμοῦ,
371 4700 469 4753 καὶ
495 4697 789 4766 ὰπελέγχει
833 4695 926 4748 τὸν
965 4692 1212 4765 χρησμὸν
1238 4687 1298 4745 εὖ
1333 4689 1478 4761 μάλα
1510 4707 1595 4753 τις
1643 4689 1752 4743 τῶν

149 4798 297 4851 νέων
331 4793 446 4866 (45)
486 4790 725 4863 ἀνδρικῷ
752 4786 1029 4858 λογισμῷ,
1072 4787 1286 4856 γοήτων
1335 4783 1509 4856 φορὰν
1542 4782 1652 4855 (44)
1694 4784 1752 4836 ἐν

149 4887 349 4959 οἰκείῳ
385 4884 781 4955 συγγράμματι
811 4878 1194 4950 πεποιημένος.
1227 4869 1303 4931 Οὗ
1334 4875 1430 4930 καὶ
1458 4874 1625 4928 αὐτοῦ
1644 4872 1753 4927 τῶν

148 4982 383 5052 φωνῶν,
417 4977 557 5033 ἀλλὰ
595 4973 670 5047 μὴ
690 4974 798 5028 τῶν
826 4973 975 5044 ἐμῶν
1003 4973 1190 5027 ἄκουε.
1215 4970 1353 5042 πρὸς
1378 4960 1471 5023 τδν
1491 4984 1755 5041 χρησμῳ-

149 5076 248 5129 δδν
281 5070 395 5129 ὦδὲ
418 5088 539 5134 πως
566 5060 1007 5137 ἀποτεινομένου.

227 5253 352 5323 (45)
402 5253 503 5323 Τις
526 5248 647 5303 τῶν
660 5245 836 5323 νέων.
876 5246 1192 5323 αξηοιξιουε
1217 5244 1448 5323 ἰιιςεει,
1475 5257 1637 5313 quem
1670 5243 1756 5296 in-

150 5315 265 5390 tra,
399 5315 529 5383 213,
561 5318 771 5393 cap._l,
804 5317 1129 5393 nominatim
1157 5315 1413 5393 appellat,
1436 5315 1601 5393 homo
1628 5328 1755 5368 acer

151 5410 219 5449 ac
247 5384 581 5454 vehemens,
611 5384 705 5458 qui
732 5404 857 5443 eum
887 5388 939 5441 in
968 5384 1213 5458 fraudem
1262 5386 1332 5439 ab
1364 5384 1589 5458 oraculo
1614 5398 1754 5452 quo-

152 5466 292 5517 dam
326 5460 590 5515 inductus
614 5454 780 5524 esset,
810 5457 1159 5522 oraculorum
1194 5455 1424 5511 istorum
1455 5454 1751 5509 vanitatem

152 5534 425 5589 omnium
454 5531 511 5583 in
544 5529 724 5583 oculis
746 5529 981 5597 deligere
1008 5526 1216 5583 statuit.

231 5603 359 5673 (44)
394 5597 641 5665 Γσήτων
668 5591 883 5673 φοράγῖ
905 5598 985 5652 Ita
1000 5595 1329 5673 ⁸οιιιιιοεφι
1346 5609 1466 5665 pag.
1483 5593 1610 5673 215,
1627 5607 1675 5647 c.
1694 5591 1752 5659 2,

155 5662 307 5727 alter
336 5662 423 5725 ἐκ
470 5662 721 5722 manusc.
740 5662 918 5721 habet
954 5665 1180 5736 φθορᾶς.
1224 5662 1531 5736 Utrumque
1572 5672 1751 5736 tamen

153 5738 578 5814 repudiandum
610 5737 825 5791 videtur
844 5747 907 5814 _et
935 5732 1256 5814 mutandum
1286 5735 1340 5788 in
1372 5734 1580 5814 φᾼωρᾶς.
1611 5732 1756 5814 .Quaa

152 5803 295 5877 νος,
325 5808 798 5881 praestigiatorum
844 5806 1317 5881 investigationem
1356 5803 1624 5881 _et__quas_i
1658 5803 1755 5856 de—

154 5870 601 5955 prehénsioném
622 5875 913 5948 significat.
946 5870 1234 5944 Quomodo
1266 5873 1397 5947 legit
1423 5870 1749 5929 Tlieodoret.

1855 4691 1980 4757 fuit,
2017 4688 2377 4760 quamobrem
2420 4684 2488 4740 ad
2527 4682 2739 4753 aliquot
2770 4680 2889 4736 dies
2935 4689 3169 4735 mortem
3220 4677 3434 4732 Socrati

1854 4783 2186 4841 distulerint.
2217 4776 2506 4850 Ejusmodi
2533 4789 2858 4846 responsum
2888 4789 2919 4827 a
2953 4772 3258 4828 recentiore
3291 4784 3435 4840 quo-

1853 4879 2004 4941 dam,
2041 4874 2136 4944 qui
2165 4872 2384 4943 longam
2412 4868 2785 4923 maleficorum
2816 4866 3014 4921 seriem
3047 4864 3315 4935 singulari
3367 4862 3436 4915 li:-

1854 4971 1954 5027 bro
1987 4966 2180 5031 texuit,
2206 4978 2317 5019 non
2354 4960 2677 5032 producitur
2703 4957 2889 5023 modo,
2920 4957 3014 5013 sed
3080 4956 3243 5010 etiam
3274 4968 3433 5024 pera-

1854 5063 1931 5118 cri
1990 5075 2055 5115 ac
2100 5057 2329 5113 robusta
2379 5053 2753 5122 disputatione
2805 5050 3076 5104 luculente
3136 5046 3432 5101 admodum

1856 5246 1951 5302 lib.
1981 5260 2035 5298 v1
2068 5243 2142 5297 De
2164 5241 2379 5297 Grn’cor
2407 5240 2699 5305 ιιΙῙεοιὶοη..
2726 5252 2780 5305 p.
2803 5234 2893 5297 86,
2920 5233 3011 5305 22.
3039 5232 3131 5305 ubi
3156 5231 3226 5305 tle
3248 5230 3433 5305 (Eno-

1856 5246 1951 5302 lib.
1981 5260 2035 5298 v1
2068 5243 2142 5297 De
2164 5241 2379 5297 Grmcor
2407 5259 2439 5294 ιι
2485 5241 2699 5297 estiam,
2726 5252 2780 5305 p.
2803 5241 2893 5297 86,
2920 5241 3011 5293 22,
3039 5241 3131 5287 ubi
3156 5241 3223 5285 de
3248 5241 3431 5285 uano-

1855 5331 1983 5372 mao
2015 5335 2029 5370 :
2061 5313 2173 5368 Καὶ
2211 5312 2274 5366 τὸ
2310 5312 2408 5383 μὲν
2442 5241 3043 5383 Ιέύγγραμμα,ῌὶιιςμιίι,
3078 5300 3431 5383 Φωρὰνγοή-

1854 5370 1967 5441 των
1990 5383 2264 5455 ὠνόμασε,
2294 5370 2357 5455 id
2376 5370 2479 5444 est:
2512 5370 2578 5455 ἆῤ
2594 5370 3095 5455 ’διιίιὶηιὶιίξιάξοριιῃ
3119 5370 3434 5455 Ρζῳειίρία-

1857 5439 2031 5512 torum
2055 5439 2512 5515 deprehensionern
2537 5446 2828 5515 inscripsit.
2848 5443 2963 5497 Erit
2978 5439 3150 5509 igitur
3172 5441 3285 5515 hic,
3301 5439 3433 5515 γοήτ

1985 5509 2253 5597 φωράνέν
2277 5522 2471 5597 οἰκείῳ.
2516 5509 2909 5597 συγγράμματι
2934 5511 3320 5597 πεποιημένος,

1854 5579 2116 5669 peculiari
2137 5579 2750 5669 libropges'tigiatorum
2768 5579 3252 5669 deprehensionem
3270 5579 3430 5669 issisti-

1855 5649 2074 5731 ἶιιίιξίοι
2100 5680 2220 5735 pag.
2256 5649 2383 5735 215,
2413 5649 2768 5735 τὰνκατὰιτῆς
2786 5649 2895 5735 τῶν
2914 5653 3125 5734 γοήτων
3145 5650 3355 5735 φωρᾶς,
3372 5649 3430 5735 in

1856 5721 1957 5795 sua
1980 5721 2081 5791 'illa
2100 5721 2578 5803 'Pr’wstigiatorum
2625 5721 3029 5803 deprehendam:
3061 5721 3433 5791 persequitur,

1855 5793 1911 5865 et
1936 5824 1990 5879 p.
2021 5805 2152 5874 254,
2184 5804 2279 5860 ubi
2310 5793 2498 5859 cadem
2526 5814 2648 5868 qua:
2675 5793 3072 5851 Tbcodoretus.
