3894 6220
461 339 568 400 339

1096 345 1365 404 EUSEBII
1403 348 1885 410 CASSARIENSIS
1923 355 2072 412 OPP.
2109 357 2289 416 PARS
2327 360 2391 416 II.
2426 392 2497 403 --
2531 365 3030 426 APOLOGETICA.

3597 381 3701 438 360

462 456 790 526 coarguitur.
817 458 955 515 Audi
989 474 1120 531 ergo
1140 476 1251 516 non
1285 477 1482 530 meam,
1514 465 1608 520 sed
1655 465 1801 524 illius
1850 471 2151 529 orationem
2175 491 2436 536 aoversus
2461 484 2665 540 oraculi
2691 485 2856 556 hujus
2881 496 3158 545 auctorem
3191 506 3336 548 nunc
3375 493 3430 551 in
3487 512 3700 556 modum

462 547 786 604 invehentis.

1037 641 1264 698 CAPUT
1306 641 1452 701 XIX.

457 747 722 832 Adversus
747 749 1236 832 Apollinemuquod
1268 767 1464 832 septem
1489 760 1849 832 adolescentes
1883 763 2032 832 puel-

527 818 708 898 lasque
738 818 957 898 totidem
987 818 1276 898 incretum
1291 818 1621 898 jugulandos
1651 833 1715 885 ab
1746 818 2033 888 Athenien-

525 890 668 942 sibus
700 891 840 943 mitti
870 892 1102 946 iusserit.

531 1003 702 1072 «Quid
738 1016 943 1075 autem,
971 1009 1170 1080 inquit,
1191 1029 1374 1070 nonne
1407 1017 1787 1088 Athenienses,
1818 1021 2033 1080 Andro-

2063 661 2112 718 A

2663 664 3056 720 ΚΕΦΛΛΑῙΟΝ
3082 668 3181 722 ΙΘ¹.

2131 773 2288 839 Πρὸς
2319 775 2424 860 τόν
2469 773 2730 860 Ἀπόλλω
2752 783 3130 860 κελεύσοντα
3168 783 3266 860 δὶς
3287 785 3458 860 Δἑπτὰ
3494 790 3697 860 παῖδας

2204 860 2266 930 τε
2422 846 2604 930 κόρας
2621 853 3135 930 ρςςςαγηονομένους
3153 845 3559 925 ἐκπέμπεσθαι
3583 845 3697 930 τδῖξ

2200 915 2432 981 Κρησὶν
2457 915 2576 969 ὑπὸ
2621 915 2962 987 moneam.

2207 1045 2226 1077 ι
2267 1029 2331 1082 Τί
2385 1029 2431 1083 δ’
2476 1033 2578 1085 οὐκ
2630 1033 2920 1106 Ἀθηναῖοι,
2955 1039 3044 1092 τὸν
3090 1040 3417 1113 Ἀνδρόγεων
3448 1045 3706 1100 ἀποκτεί-

454 1111 554 1169 geo
579 1099 746 1154 caedis
792 1108 1064 1168 auctores,
1097 1118 1162 1159 ac
1207 1116 1429 1177 propter
1456 1125 1577 1165 eam
1611 1114 1919 1182 pestilentia
1950 1116 1994 1169 la

2133 1133 2339 1181 ναντες,
2395 1119 2489 1172 καὶ
2533 1120 2895 1192 λοιμώξαντες
2927 1127 3019 1181 ἐπὶ
3041 1129 3233 1200 τούτῳ,
3268 1127 3418 1184 εἰπον
3439 1134 3505 1186 ἂν
3534 1151 3702 1205 μετα-

452 1189 729 1254 borantes,
759 1205 882 1246 sese
913 1192 1161 1249 criminis
1195 1196 1419 1254 admissi
1456 1203 1721 1270 poenitere
1781 1203 1994 1261 fateban

2130 1211 2308 1273 νοεῖν;
2365 1209 2397 1280 ἢ
2429 1210 2506 1281 μὴ
2558 1189 2841 1280 λεγόντων,
2880 1217 2940 1270 οὔ
2987 1235 3047 1271 σε
3093 1189 3368 1292 πρόσῆκον
3399 1219 3468 1295 ἦν
3505 1189 3694 1282 είπεῖν.

451 1278 581 1332 tur?
609 1289 704 1334 aut
731 1281 777 1336 si
806 1296 875 1336 ne
911 1281 965 1336 id
992 1283 1236 1353 quidem,
1277 1303 1459 1345 nonne
1486 1301 1668 1350 tamen
1693 1296 1878 1352 verius
1899 1297 2026 1364 fuit,

453 1369 598 1426 hanc
631 1378 691 1426 ut
719 1371 787 1426 iis
813 1373 1190 1442 panitentiam
1223 1377 1523 1450 imperares
1550 1425 1568 1452 ,
1620 1401 1786 1458 quam
1820 1401 1880 1446 ut
1921 1389 2029 1448 hoc

451 1464 706 1533 responsi
737 1463 899 1523 dares
919 1506 935 1534 ,

455 1621 589 1704 tum
617 1639 705 1677 vos
738 1624 1077 1704 dirafames,
1103 1629 1622 1704 atquejnclementia
1654 1634 1817 1704 pestis

452 1694 687 1756 Deseret,
711 1710 774 1747 ac
810 1695 986 1750 tristes
1025 1694 1211 1751 melior
1238 1698 1379 1754 Deus
1408 1713 1562 1756 exuet
1587 1694 1696 1758 iras
1727 1720 1746 1758 :

449 1763 584 1840 Qum
609 1774 777 1817 vestro
809 1780 837 1818 e
878 1781 1120 1831 numero,
1152 1768 1461 1840 scelerisque
1488 1771 1702 1839 piacula
1739 1775 1897 1829 vestri
1919 1813 1934 1840 ,

449 1832 581 1914 Qua:
615 1849 728 1887 sors
760 1850 960 1905 cunque
986 1845 1142 1905 petet,
1177 1854 1268 1914 seu
1290 1832 1421 1914 me;
1440 1832 1542 1914 seu
1569 1832 1769 1906 femina
1813 1832 1986 1914 cedat,

447 1904 684 1972 Corpora
711 1913 900 1972 pontus
927 1904 1042 1974 aget
1073 1908 1251 1977 magni
1279 1906 1480 1965 Minois
1510 1904 1580 1965 ad
1615 1915 1816 1970 urbem.

2131 1305 2463 1369 μετανοεῖτε,
2511 1303 2735 1374 μᾶλλον,
2775 1307 2810 1378 ή
2834 1325 2847 1338 ·

2127 1624 2352 1703 Aoum?
2375 1625 2688 1703 κᾳίλιμοῦ
2728 1627 2904 1703 edico
2928 1629 3193 1703 ἔσσεται,
3222 1630 3304 1701 ἦν
3331 1649 3442 1703 περ
3468 1635 3694 1692 ἑαυτῶν

2126 1696 2349 1772 {dludi
2527 1696 2768 1772 adipem
2786 1699 3101 1772 upper-aui
3124 1695 3278 1769 θῆλὺ
3306 1695 3521 1772 reuma

2125 1769 2442 1844 ἕζνωζζείς
2466 1765 2586 1844 a".1_a
2609 1765 2746 1821 δῖαν
2766 1765 3270 1844 ἀποστέλλοντες,
3298 1765 3569 1844 ἀιὶοιϐὴν,

2132 1834 2253 1890 Τῶν
2276 1836 2502 1890 ἀδίκων
2522 1839 2712 1907 ἔργων
2727 1854 2741 1868 ’
2773 1839 2926 1892 οὕτω
2946 1840 3081 1907 θεὸς
3107 1834 3279 1909 ἵλαος
3314 1834 3502 1900 fama:

444 2011 598 2068 Mitto
623 2013 767 2068 enim
792 2029 891 2070 vos
915 2014 987 2070 ob
1013 2031 1182 2070 unum
1216 2017 1505 2092 Androgeo
1537 2022 1764 2080 Athenis
1818 2025 1994 2082 del’nn‘

2127 2008 2232 2062 Ἐῶ
2257 2009 2366 2080 γάρ
2385 2009 2466 2076 τὸ,
2515 2011 2814 2082 Ἀνδρόγεω
2854 2014 2953 2086 μὲν
2993 2015 3275 2090 Ἀθήνῃσιν
3312 2020 3693 2088 ἀποθανόντις,

443 2112 588 2159 ctum
618 2105 998 2162 vehementius
1053 2112 1422 2176 commoveri,
1455 2119 1534 2167 tot
1564 2114 1686 2170 aliis
1730 2125 1785 2171 et
1815 2118 1994 2188 IIIJIQIII

2121 2101 2264 2170 ὑμᾶς
2295 2104 2644 2171 ἀγανακτεῖν,
2672 2105 2780 2158 τῶν
2800 2107 2857 2161 δὲ
2887 2109 3155 2163 τοσούτων
3183 2113 3275 2165 καὶ
3307 2116 3641 2185 πανταχόθεν
3665 2130 3693 2159 ι

442 2196 685 2264 gentium
731 2205 787 2251 et
837 2197 1083 2267 quotidie
1131 2201 1536 2267 morientibus,
1587 2207 2012 2267 obdormiscere.

439 2285 754 2356 Enimvero,
783 2291 927 2360 quod
960 2293 1128 2362 probe
1161 2295 1354 2364 scires,
1385 2296 1628 2355 Minoem
1658 2317 1755 2372 per
1793 2305 1846 2360 id
1876 2315 2014 2361 tem-

439 2393 566 2448 pus,
595 2389 650 2435 et
684 2382 852 2438 maris
883 2382 1172 2453 imperium
1204 2395 1407 2453 tenere,
1439 2399 1494 2444 et
1524 2391 1727 2462 ingenti
1749 2405 2014 2465 potestate

438 2471 727 2539 praeditum
757 2487 899 2538 esse,
927 2484 980 2528 et
1007 2475 1075 2529 ab
1110 2477 1365 2532 universa
1393 2478 1600 2537 Graecia
1633 2485 1736 2538 coli
1767 2487 2013 2558 adeoque

436 2563 877 2618 amantissimum
901 2566 1174 2635 aequitatis
1206 2583 1270 2622 ac
1297 2569 1662 2640 legislatorem
1698 2579 1965 2646 optimum
1993 2619 2009 2646 ,

436 2654 570 2724 quin
597 2655 761 2710 etiam
796 2656 866 2711 ab
903 2655 1139 2714 Homero
1168 2669 1224 2715 et
1259 2663 1440 2732 magni
1493 2663 1644 2722 Jovis
1684 2670 1916 2739 socium,
1956 2682 2012 2728 et

437 2745 580 2814 apud
627 2744 833 2802 inferos
853 2747 1092 2816 judicem
1127 2752 1367 2808 habitum
1401 2770 1464 2809 ac
1478 2756 1828 2826 praedicatum
1853 2775 2007 2818 esse:

435 2835 639 2892 idcirco
669 2836 768 2891 has
808 2837 907 2892 tibi
939 2853 1128 2909 poenas
1162 2843 1216 2896 in
1246 2844 1486 2900 hominis
1517 2848 1748 2917 gratiam
1783 2852 2008 2922 exigen-

435 2928 534 2983 das
557 2929 782 2997 putasti.
818 2927 1020 2984 Verum
1045 2931 1149 2987 ista
1175 2948 1395 3006 quoque
1426 2937 1786 2996 nihilominus
1839 2959 2004 3014 quam

429 3033 532 3074 vos
553 3021 658 3090 ipsi
686 3027 949 3091 pratereo
983 3041 997 3078 :
1041 3040 1148 3079 non
1191 3034 1401 3082 tantum
1435 3029 1600 3101 210
1628 3034 1791 3090 caedis
1815 3046 2008 3092 aucto-

432 3111 586 3165 ribus
611 3113 1038 3180 praetermissis,
1099 3115 1417 3174 innocentes
1462 3122 1614 3177 vobis
1666 3138 1875 3181 certum
1934 3128 2000 3182 ad

435 3203 665 3255 exitium
701 3203 978 3273 ablegatos
1003 3219 1124 3260 esse
1153 3222 1168 3272 ;
1207 3223 1390 3263 verum
1421 3211 1583 3266 etiam
1633 3215 1701 3268 ad
1734 3217 1999 3286 ejusmodi

428 3294 608 3348 virum
640 3294 939 3364 ablegatos,
973 3312 1136 3366 quem
1172 3314 1517 3358 communem
1559 3305 1842 3363 hominum
1877 3326 1999 3366 om-

429 3384 580 3438 nium
608 3385 845 3454 judicem
881 3401 1067 3443 creare
1096 3393 1434 3461 statueratis,
1474 3394 1568 3464 qui
1602 3405 1780 3453 tamen
1806 3415 1872 3455 ne
1896 3402 1998 3459 hac

429 3475 650 3545 quidem
708 3477 764 3531 in
803 3493 972 3534 causa
1037 3496 1222 3536 veram
1264 3486 1585 3541 sententiam
1613 3487 1753 3544 ferre
1788 3494 1998 3562 potuis-

426 3577 532 3623 set.
562 3567 632 3622 At
666 3579 801 3640 quot
840 3571 1059 3626 tandem
1096 3588 1127 3628 a
1160 3574 1315 3631 vobis
1361 3575 1590 3646 juvenes
1619 3581 1861 3640 Athenas
1899 3601 1994 3642 eo-

424 3676 546 3714 rum
596 3663 650 3715 in
685 3662 860 3717 locum
908 3665 1173 3718 summitti
1203 3676 1495 3736 oporteret,
1539 3687 1677 3741 quos
1711 3683 1771 3728 ut
1799 3691 1995 3745 paren-

425 3755 614 3808 taretis
644 3753 950 3826 Androgeo,
979 3755 1525 3828 nefariejugulastis?
1555 3780 1574 3812 ι
1605 3761 1794 3828 Porro,
1827 3781 1990 3836 quam

2118 2192 2212 2244 καὶ
2247 2194 2497 2256 πάντοτε,
2535 2197 2834 2253 καθεύδειν.
2883 2199 3075 2254 Καίτοι
3133 2203 3306 2268 εἰδὼς,
3344 2206 3424 2258 ὄτι
3457 2207 3694 2261 ἐθαλασ-

2119 2284 2372 2354 σοκράτει
2394 2287 2516 2339 τότε
2541 2290 2569 2341 6
2609 2289 2816 2355 Μίνως,
2846 2293 2940 2345 καὶ
2969 2294 3110 2363 μέγα
3151 2293 3391 2360 ἐδύνατο,
3422 2297 3514 2350 καὶ
3539 2300 3692 2352 πᾶσα

2116 2377 2151 2446 ή
2195 2377 2384 2441 Ἑλλὰς
2421 2379 2583 2434 αὑτὸν
2633 2381 2954 2453 ἐθεράπευε,
3003 2385 3097 2438 καί
3126 2382 3195 2457 ἦν
3231 2389 3325 2442 καί⁵
3359 2388 3447 2442 διά
3477 2389 3637 2444 τοῦτο
3661 2391 3690 2432 δ

2113 2465 2476 2533 δικαιότατος,
2514 2471 2608 2524 καὶ
2631 2473 2926 2544 νομοθέτης
2947 2474 3170 2542 ἀγαθὸς,
3198 2478 3291 2530 καὶ
3328 2477 3551 2550 Ὁμήρῳ
3572 2478 3703 2532 ἐδόσ

2113 2574 2199 2611 κει
2229 2559 2351 2622 Διὸς
2397 2561 2634 2630 μεγάλου
2664 2559 2802 2618 εἶναι
2835 2565 3111 2637 ὀαριστής,
3148 2567 3243 2621 καὶ
3285 2568 3593 2635 ἀποθανὼν,
3629 2572 3692 2624 ἐν

2112 2648 2239 2719 ᾅδου
2263 2649 2554 2722 δικαστής⁶
2586 2654 2680 2707 καί
2713 2655 2778 2707 σὺ
2814 2655 2900 2710 διὰ
2936 2656 3080 2711 τοῦθ’
3113 2659 3254 2729 ὑπὲρ
3280 2659 3446 2713 αὐτοῦ
3476 2661 3576 2724 τὰς
3610 2663 3690 2714 δί-

2111 2758 2214 2806 κας
2236 2742 2438 2807 ταύτας
2480 2746 2860 2817 εἰσεπράττου.
2901 2749 3062 2804 Ἀλλά
3099 2752 3421 2822 παραλείπω
3444 2771 3508 2822 γε
3534 2754 3690 2808 οὐδὲν

2109 2830 2271 2907 ἦττον
2307 2838 2479 2892 ταῦτα
2521 2840 2676 2911 ὑμῶν
2702 2859 2715 2872 '
2744 2844 2837 2896 καὶ
2879 2844 2986 2910 ὅτι,
3030 2845 3156 2910 τοὺς
3183 2851 3363 2916 φονεῖς
3400 2849 3684 2914 ἐάσαντες,

2107 2929 2234 2993 τοὺς
2266 2931 2417 2985 οὐδὲν
2461 2933 2668 2996 αἰτίους
2721 2933 2956 3004 πέμπειν
2993 2936 3271 2991 ἐκελεύετε
3297 2939 3682 3012 ἀποθανουμέ-

2107 3039 2231 3088 νους
2251 3041 2265 3055 ο
2299 3026 2392 3079 καὶ
2420 3026 2561 3080 τοῦτ’
2585 3029 2673 3081 ἐπ’
2699 3030 2886 3102 ἄνδρα,
2934 3030 2992 3084 δν
3025 3031 3396 3087 ἀναδεικνύναι
3425 3035 3683 3104 ἐμέλλετε

2106 3117 2280 3169 κοινὸν
2327 3117 2630 3192 ἀνθρώπων
2667 3121 2945 3194 δικαστὴν,
2981 3122 3040 3187 ὃς
3066 3124 3175 3177 οὐδ’
3210 3125 3340 3178 αὐτὸ
3362 3124 3522 3180 τοῦτο
3552 3127 3684 3196 ήπί-

2106 3223 2268 3260 στατο
2284 3208 2519 3264 δικάσαι.
2550 3211 2737 3266 Καίτοι
2765 3215 2964 3278 πόσους
2999 3215 3156 3286 ὑμεῖς
3177 3217 3226 3268 οἰ
3264 3215 3375 3271 θεοὶ
3408 3218 3529 3272 ἀντὶ
3554 3217 3683 3273 τούο

2102 3316 2210 3353 των
2236 3303 2345 3354 τῶν
2387 3304 2566 3374 κορῶν
2599 3315 2623 3346 ε
2667 3306 2863 3359 δίκαιοι
2903 3307 3140 3378 πέμπειν
3179 3309 3301 3362 ἐστὲ
3352 3310 3679 3383 Ἀθηναίοις,

2103 3392 2196 3457 οὒς
2218 3394 2417 3461 ἀδίκως
2443 3397 2582 3468 ὑπὲρ
2631 3398 2926 3471 Ἀνδρόγεω
2952 3399 3304 3454 ἀπεκτείνατε
3325 3417 3339 3465 ;
3364 3421 3382 3452 ι
3419 3401 3476 3456 '0
3507 3403 3553 3456 δ’
3577 3405 3681 3458 αὐ-
3761 3412 3764 3415 ’

2101 3485 2193 3550 τὸς
2223 3483 2374 3552 οὗτος
2414 3493 2782 3562 συγγραφεὺς,
2825 3493 3046 3556 ὁπόσοις
3079 3495 3108 3547 6
3157 3493 3424 3550 Ἀπόλλων
3456 3494 3546 3549 διὰ
3573 3497 3678 3567 τῆς

2100 3578 2208 3632 τῶν
2237 3583 2499 3654 χρησμῶν
2516 3584 2844 3654 ἀμφιϐολίας
2873 3586 3102 3641 θανάτου
3128 3588 3297 3652 αίτιος
3326 3586 3537 3656 γέγονε,
3572 3587 3675 3658 τὴν

2101 3669 2243 3740 ἀμφὶ
2272 3674 2397 3735 τοὺς
2441 3673 2813 3748 Ἡρακλείδας,
2849 3675 3133 3730 ἀναλαϐὼν
3160 3677 3417 3748 ἱστορίαν,
3457 3673 3676 3728 εὐθύνει

2100 3768 2270 3840 λέγων
2313 3771 2504 3834 οὕτως.

425 3845 613 3902 multis
643 3846 838 3916 Apollo
862 3863 1252 3918 responsorum
1285 3855 1639 3926 ambiguitate
1699 3875 1887 3916 necem
1937 3866 2202 3933 attulerit,
2237 3870 2496 3940 replicata
2524 3868 2931 3924 Ilcraclidarum
2970 3864 3222 3929 historia,
3253 3863 3395 3919 idem
3433 3861 3670 3933 scriptor

424 3938 671 4007 sequenti
693 3939 940 3994 oratione
966 3944 1226 4013 coarguit.

1016 4054 1244 4110 CAPUT
1291 4057 1411 4115 XX.

519 4161 774 4218 Pluribus
813 4166 1110 4249 Apollinem
1147 4187 1516 4250 responsorum
1543 4179 1890 4250 ambiguitate

909 4241 1093 4291 mortis
1121 4257 1335 4295 causam
1359 4243 1540 4314 fuisse.

494 4361 516 4396 ι
551 4345 619 4400 Ει
646 4349 925 4416 quoniam,
978 4349 1172 4421 inquit,
1204 4354 1347 4411 hanc
1372 4360 1534 4414 semel
1560 4361 1838 4432 attigimus
1869 4366 1984 4423 dis-

2618 4068 3010 4125 ΚΕΦΑΛΑῘΟΝ
3042 4069 3128 4121 Κ’.

2102 4189 2195 4253 Ὡς
2218 4184 2465 4240 πολλῶν
2505 4183 2766 4253 ,θανάτου
2815 4181 3325 4253 τέγιοῌνεν-αττιοςό
3359 4179 3668 4234 Ἀπόλλων

2326 4255 2424 4309 διὰ
2454 4252 2561 4322 τῆς
2583 4252 2700 4306 τῶν
2728 4250 3013 4321 χρησμῶν
3041 4251 3415 4320 ἀμφιϐολίας.

2165 4393 2184 4426 ι
2233 4372 2384 4427 Ἐπεὶ
2407 4372 2464 4425 δέ
2493 4387 2604 4433 πως
2625 4368 2973 4439 ἐπεμνήσθην
2998 4367 3148 4420 τοῦδε
3177 4365 3268 4420 τοῦ
3301 4366 3480 4435 λόγου,
3499 4365 3660 4437 φέρε,

415 4439 774 4508 putationem,
795 4455 912 4510 age,
943 4443 1050 4498 huc
1065 4461 1282 4515 quoque
1312 4458 1640 4517 spectantem
1669 4452 1984 4512 Heraclida-

2112 4466 2155 4520 τὰ
2178 4465 2488 4535 καθήκοντα
2504 4460 2693 4516 διέλθω
2712 4459 2804 4514 τοῦ
2827 4460 2966 4514 κατὰ
2999 4459 3125 4522 τοὺς
3163 4457 3512 4529 Ἡρακλείδας
3539 4457 3662 4527 διη-

416 4551 538 4590 rum
559 4537 837 4592 historiam
859 4555 1264 4611 persequemur.
1286 4542 1356 4598 Iis
1378 4547 1522 4600 enim
1542 4562 1664 4602 cum
1688 4550 1980 4620 aliquando

2112 4560 2348 4630 ’ήματος.
2414 4551 2571 4610 οὗτοι
2615 4554 2737 4625 ’γάρ
2796 4552 2915 4606 ποθ’
2972 4551 3288 4624 ὡρμημένοι
3363 4550 3504 4605 κατὰ
3564 4551 3662 4606 τὸν

412 4642 512 4701 per
532 4627 794 4684 Isthmum
834 4632 886 4684 in
915 4629 1344 4702 PeIOponnesum
1376 4638 1677 4708 irrumpere
1703 4643 1980 4697 molienti-

412 4718 538 4784 bus,
570 4718 770 4775 frustra
808 4732 1037 4777 conatus
1071 4725 1334 4796 laborque
1367 4729 1646 4797 cessisset,
1677 4732 1980 4790 Aristoma-

2097 4647 2328 4719 Ἰσθμὸν,
2377 4645 2645 4699 εἰσϐαλεῖν
2698 4645 2777 4707 εἰς
2829 4643 3268 4713 Πελοπόννησον,
3315 4642 3654 4713 ἐσφάλησαν.

2095 4741 2480 4813 Ἀριστόμαχος
2507 4736 2598 4792 οὖν
2651 4739 2678 4791 6
2717 4737 3006 4808 Ἀριδαίου,
3052 4735 3268 4788 ἐπειδὰν
3307 4737 3336 4788 6
3388 4734 3656 4807 Ἀριδαῖος

412 4808 550 4864 chus
577 4809 772 4865 Aridaei
796 4811 959 4880 filius,
1006 4815 1150 4884 quod
1202 4827 1355 4886 pater
1389 4819 1442 4873 in
1472 4822 1656 4876 eadem
1685 4822 1981 4895 irruptione

2112 4808 2357 4905 τεθνήκει
2385 4808 2442 4885 ἐν
2467 4833 2532 4902 τῇ
2579 4829 2815 4901 εἰσϐολῇ,
2853 4829 3068 4900 ἔρχεται
3105 4828 3467 4899 ἀκουσόμενος
3501 4825 3658 4896 παρά

409 4901 722 4967 occidisset,
755 4904 820 4958 ad
850 4913 902 4958 te
932 4907 1079 4960 venit
1110 4907 1177 4962 de
1206 4910 1558 4979 suscipiendo
1592 4915 1787 4971 itinere
1841 4933 1974 4972 con-

406 4992 652 5049 sulturus
677 5012 689 5047 :
719 4993 906 5048 eadem
932 4996 1098 5064 enim,
1125 5013 1229 5070 qua
1257 5006 1411 5067 pater
1441 5011 1566 5056 ante
1619 5018 1773 5070 suus,
1820 5005 1974 5074 cupi-

404 5081 573 5136 ditate
601 5081 902 5138 tenebatur.
933 5083 1047 5140 Hoc
1079 5096 1259 5142 autem
1302 5089 1400 5143 abs
1426 5099 1476 5143 te
1507 5095 1753 5162 responsi
1785 5096 1931 5164 tulit,

403 5189 510 5245 Per
533 5192 763 5262 liquidas
795 5194 973 5264 fauces
1013 5198 1246 5267 palmam
1273 5199 1367 5254 tibi
1395 5203 1612 5256 numina
1645 5215 1960 5262 monstrant.

402 5301 454 5360 Is
478 5321 606 5360 vero
635 5321 732 5377 per
787 5305 1054 5364 Isthmum
1117 5310 1369 5366 similiter
1409 5313 1710 5384 irruptione
1743 5325 1967 5386 tentata,

2084 4925 2178 4979 σοῦ
2209 4924 2336 4994 περὶ
2362 4923 2459 4993 τῆς
2479 4921 2597 4976 ὁδοῦ
2620 4940 2634 4951 ·
2676 4919 2936 4991 ἐπεθύμει
2960 4919 3015 4971 δὲ
3045 4917 3232 4991 ὥσπερ
3261 4919 3356 4972 καὶ
3387 4921 3414 4972 6
3440 4917 3652 4990 πατήρ.

2080 5019 2152 5071 Σὺ
2178 5016 2221 5070 δ’
2246 5015 2392 5087 αὐτῷ
2421 5015 2592 5083 λέγεις
2611 5031 2623 5043 ·

2070 5209 2260 5276 Νίκην
2284 5222 2382 5261 σοι
2409 5209 2692 5276 φαίνουσι
2715 5206 2832 5260 θεοί
2859 5205 2932 5260 δι’
2956 5204 3116 5259 ὁδοῖο
3138 5205 3498 5273 στενύγρων.

2069 5322 2179 5375 Καὶ
2212 5321 2270 5385 ὃς
2309 5321 2448 5374 κατά
2493 5321 2584 5374 τὸν
2631 5320 2841 5391 Ἰσθμὸν
2883 5319 3140 5390 ὥρμησεν
3178 5319 3494 5390 ἐπιχειρεῖν,
3543 5317 3645 5371 καὶ

400 5399 694 5466 pugnando
725 5399 997 5456 occubuit.
1033 5400 1170 5456 Tum
1206 5403 1389 5458 infelix
1423 5403 1694 5461 Temenus
1725 5408 1968 5477 ejusdem

2112 5414 2217 5484 ἀχῃ
2250 5413 2488 5484 τελευτᾷ.
2522 5413 2721 5466 Τούτου
2745 5412 2800 5464 δὲ
2829 5413 2939 5475 υἱὸς
2967 5410 3041 5465 ὢν
3066 5414 3094 5465 6
3115 5408 3639 5493 Τήμενοςκακοδαί-

399 5488 547 5544 ﬁlius
594 5506 660 5545 eo
708 5493 1115 5560 proﬁciscitur,
1171 5509 1235 5549 ex
1299 5495 1765 5553 infortunatorum
1801 5501 1969 5570 stirpe

398 5580 612 5645 tertius,
637 5581 728 5649 qui
752 5582 843 5636 tibi
873 5584 1058 5639 eadem
1090 5601 1210 5654 qua:
1235 5585 1618 5642 Aristomache
1638 5592 1776 5658 patri
1806 5606 1957 5660 spon-

469 5791 497 5822 ⁸
531 5798 616 5848 πρ.
652 5786 963 5852 πανταχόθι.
1043 5787 1070 5828 δ
1112 5786 1198 5840 lo.
1237 5785 1327 5838 ἐπὶ
1361 5786 1552 5855 τούτῳ.

1629 5799 1649 5827 ο
1694 5788 1778 5840 ιιι.
1815 5787 2045 5854 κούρων.

2071 5519 2206 5571 μων,
2227 5497 2358 5571 ἧκεν
2386 5505 2449 5555 ἐκ
2493 5502 2897 5572 κακοδαιμόνων
2922 5501 3130 5571 τρίτος·
3156 5502 3219 5553 σὺ
3241 5500 3284 5553 δ’
3315 5498 3462 5568 αὑτῷ
3490 5515 3640 5552 παρ-

2067 5595 2298 5665 εγγυᾷς,
2352 5594 2388 5648 ἃ
2438 5595 2532 5649 καὶ
2599 5595 2975 5666 Ἀριστομάχῳ
3011 5591 3089 5662 τῷ
3132 5592 3318 5662 πατρὶ,
3391 5590 3485 5643 καὶ
3537 5589 3646 5643 ὅσα
