3894 6220
238 258 310 311 36
318 258 347 311 l-

1415 251 1738 308 PRASPAR.
1780 253 2038 310 EVANG.
2097 252 2227 307 LIB.

3400 263 3503 319 561

223 371 384 425 ἄλλα.
424 368 694 433 Κάκεῖνος
728 386 836 432 σοι,
871 368 977 439 ἔφη
1026 366 1183 438 (ιε’),
1234 364 1499 429 πεισθεὶς,
1552 366 1822 420 ἀπέθανεν

1934 365 2073 421 denti
2131 365 2449 429 obsecutus,
2507 360 2674 419 simili
2721 381 2961 437 quoque,
3014 368 3144 423 dum
3189 368 3503 442 irrumpere

224 464 288 516 ὲν
345 464 415 533 τῇ
468 462 707 533 εἰσϐολῇ.
759 463 869 516 Καὶ
909 465 973 517 σὺ
1017 462 1184 534 ἔφης·
1223 461 1297 515 Οὐ
1345 459 1488 514 κατά
1521 460 1624 531 γῆν
1676 461 1819 529 λέγω

226 555 552 627 στενυγρὴν,
613 555 750 610 ἀλλὰ
800 555 944 609 κατά
978 554 1077 625 τὴν
1109 552 1510 624 εὐρυγάστορα.
1566 552 1820 606 Ἐπειδάν

224 647 467 717 χαλεπὸν
493 643 559 719 ἦν
591 650 769 702 εἰπεῖν
812 647 954 702 κατά
995 648 1093 719 τὴν
1137 646 1437 710 θάλασσαν,
1460 645 1709 709 κάκεῖνος
1732 645 1819 716 ᾔει

226 739 371 792 κατά
404 738 502 810 τὴν
529 739 826 803 θάλασσαν,
867 740 1024 804 δόξαν
1053 740 1357 810 ἐμποιήσας
1371 750 1420 800 ι,
1451 737 1534 791 ὅτι
1559 738 1697 791 κατὰ
1716 738 1820 807 γῆν

224 831 410 897 εἰσίοι,
449 831 546 886 καὶ
573 832 739 903 μέσον
786 831 1267 904 στρατοπεδεύεται
1300 830 1568 884 ναυϐάτου
1605 830 1698 883 καὶ
1730 847 1821 883 το-

227 925 419 989 παὶου,
475 926 568 979 καὶ
618 924 947 982 διακοντίίει
988 925 1202 996 Κάρνον
1251 925 1486 994 ἱππότην
1512 922 1817 994 Φυλάνδρου

224 1016 320 1069 τὸν
369 1016 639 1070 Αἰτωλὸν’
684 1011 767 1082 εὖ,
818 1017 941 1087 ἐμοὶ
997 1016 1157 1081 δοκεῖ,
1211 1013 1401 1069 ποιῶν.
1452 1014 1563 1067 Καὶ
1600 1012 1821 1066 ἐπειδάν

229 1104 571 1177 συνεκύρησε
610 1106 765 1169 νόσος
809 1105 1035 1178 πλησία,
1076 1106 1169 1159 καὶ
1202 1104 1472 1158 ἀπέθανεν
1511 1103 1824 1175 Ἀριστόδη-

228 1213 357 1268 μσς,
375 1196 536 1250 πάλιν
569 1194 969 1268 ἐπανεχώρουν,
1004 1197 1099 1249 καὶ
1133 1197 1162 1249 ὁ
1202 1196 1449 1267 Τήμενος
1503 1193 1674 1247 ἐλθὼν
1719 1195 1826 1247 άπ-

228 1279 517 1358 εμέμφετο
533 1292 603 1360 τῇ
646 1278 948 1360 ἀποτυχίᾴ³
981 1287 1076 1342 καὶ
1111 1278 1364 1359 ἤκουσεν,
1392 1287 1475 1339 ὅτι
1503 1285 1693 1365 ποινὴν
1730 1275 1825 1339 ἀνέ

228 1380 477 1449 εμάξατο
516 1380 611 1434 τοῦ
643 1381 788 1435 θείου
840 1381 1098 1451 ἀγγέλου,
1134 1380 1227 1434 καὶ
1265 1380 1325 1433 τὸ
1354 1378 1497 1452 ὐπὲρ
1532 1380 1631 1451 τῆς
1658 1381 1822 1452 εὐχῆς

240 1471 541 1525 Ἀπόλλωνι
591 1472 817 1545 Καρνίῳ
888 1474 1101 1545 ποίημα
1151 1472 1212 1527 τὸ
1271 1473 1361 1527 διὰ
1419 1468 1515 1526 τοῦ
1554 1471 1817 1545 ,χρησμοῦ

228 1563 392 1632 λέγον
425 1584 438 1597 ·

1930 458 2145 523 nititur,
2185 465 2360 512 morte
2395 457 2554 527 perit.
2597 454 2698 513 llic
2721 465 2801 524 tu,
2838 456 2956 513 Non
3008 473 3105 530 per
3132 467 3356 528 terram,
3414 464 3505 517 in.

1929 550 2075 620 quis,
2105 560 2394 620 angustam
2431 548 2821 621 humidamque
2851 551 3004 615 dico,
3036 553 3128 606 sed
3155 567 3251 621 per
3278 553 3386 609 late
3407 570 3507 623 pa-

1931 651 2050 697 tens
2080 658 2253 697 mare.
2290 642 2563 708 Quoniam
2591 643 2880 699 molestum
2910 652 3049 708 crat,
3079 659 3177 713 per
3224 660 3375 699 mare
3404 661 3504 700 no-

1929 734 2180 788 minatim
2209 732 2409 799 dicere,
2446 733 2606 804 idque
2639 733 2685 791 si
2717 734 2949 801 diceres,
2983 734 3227 790 futurum
3281 734 3507 791 videbas

1932 825 2011 880 uti
2050 825 2383 880 maritimum
2411 827 2513 880 iter
2540 826 2635 881 ille
2664 826 3001 897 susciperet;
3027 826 3169 881 hanc
3190 826 3240 881 ei
3266 836 3507 881 mentem

1929 917 2190 988 injecisti,
2237 927 2297 973 ut
2339 920 2588 975 terrestri
2638 920 2834 974 itinere
2886 920 2988 975 sibi
3045 919 3503 990 proficiscendum

1929 1018 2165 1079 putaret.
2194 1008 2381 1079 Itaque
2410 1021 2631 1065 nautam
2654 1014 2795 1065 inter
2821 1027 2886 1066 ac
2913 1019 3226 1067 terrestrem
3269 1011 3503 1076 medius,

1930 1114 2113 1158 castra
2172 1110 2430 1168 metatur,
2484 1112 2539 1157 et
2568 1102 2809 1157 Carnum
2848 1103 3085 1172 equitem
3121 1102 3364 1157 {Etolum
3415 1118 3507 1171 ge-

1932 1208 2083 1258 nere,
2115 1190 2415 1263 Phylandri
2453 1192 2831 1261 liliumjaculo
2858 1192 3079 1261 trajicit.
3116 1189 3231 1247 Nec
3281 1192 3506 1262 injuria,

1932 1294 1991 1339 ut
2048 1282 2181 1338 mihi
2222 1283 2443 1353 quidem
2476 1283 2709 1338 videtur.
2762 1284 2902 1339 Cum
2953 1292 3137 1339 autem
3186 1285 3506 1353 repentinus

1930 1374 2194 1429 continuo
2209 1373 2435 1428 morbus
2462 1373 2778 1444 ingruisset,
2807 1390 2981 1445 eoque
3006 1376 3258 1431 sublatus
3287 1376 3509 1430 Aristo-

1930 1470 2124 1522 demus
2155 1466 2369 1532 fuisset,
2425 1467 2603 1537 iisque
2642 1478 2931 1537 propterea
2964 1468 3205 1523 reversis
3236 1509 3252 1534 ,
3310 1469 3508 1524 iterum

1933 1558 2207 1617 Temenus
2238 1562 2303 1616 de
2327 1562 2524 1617 infesto
2567 1579 2699 1617 casu
2749 1571 3089 1632 quereretur,
3144 1564 3253 1619 hoc
3278 1578 3511 1632 respon-

228 1674 353 1716 sum
382 1659 615 1728 accepit,
658 1672 752 1711 eas
788 1654 883 1711 abs
913 1672 1033 1712 sese
1079 1658 1151 1713 ob
1182 1659 1567 1730 interemptum
1610 1657 1867 1713 nuntium
1904 1655 2149 1710 divinum
2189 1668 2381 1724 poenas
2416 1658 2679 1725 expetitas
2743 1654 2950 1723 fuisse;
2993 1656 3266 1727 simulque
3289 1671 3510 1711 carmen

226 1752 460 1817 audivit,
480 1759 795 1821 quovot‘um
811 1746 1265 1820 ApolliniCarnio
1305 1764 1627 1821 nuncupare
1664 1747 1941 1818 conceptis
1983 1745 2141 1815 211
2218 1746 2424 1801 oraculi
2459 1748 2640 1801 verbis
2674 1746 2991 1815 jubebatur,

227 1838 519 1940 Ἄγγελον
546 1838 836 1938 ἡμέτεροιρ
858 1869 1100 1935 κτείνας
1125 1867 1430 1939 ἁνεμάξαο
1455 1867 1696 1935 ποινήν.

227 1985 297 2039 Τί
326 1978 445 2047 οὖν,
479 1984 643 2055 φησιν
672 1987 700 2037 ὁ
723 1985 1001 2055 Τήμενος;
1028 1985 1081 2037 τί
1103 1983 1210 2055 χρὴ
1247 1984 1454 2049 ποιεῖνς
1486 1981 1583 2036 καὶ
1616 1981 1733 2046 πῶς
1758 1980 1824 2036 ἂν

231 2075 532 2147 ίλασαίμην
559 2076 702 2147 ὑμᾶς
724 2093 739 2141 ;

228 2278 427 2349 εὔχεο
453 2280 685 2348 Καρνίῳ
721 2280 950 2336 τελέειν
978 2278 1163 2346 σέϐας
1196 2274 1540 2334 Ἀπόλλωνι.

227 2385 306 2446 Ὠ
353 2393 665 2467 μιαρώτατε
711 2396 808 2449 καὶ
854 2392 1307 2466 ἀναισχυντότατε
1352 2394 1533 2466 μάντι.
1585 2387 1702 2447 Εἶτ’
1726 2390 1827 2447 οὐκ

227 2486 527 2556 ὴπίστασο,
570 2489 653 2542 ὅτι
694 2487 1125 2559 διαμαρτήσεται
1166 2486 1265 2558 τῆς
1309 2485 1613 2557 στενυγρῆς
1656 2487 1686 2539 ὁ
1728 2478 1827 2558 τὴν

229 2580 540 2650 στενυγρὴν
571 2578 840 2644 ἀκούσας;
882 2578 1020 2632 Ἀλλ’
1068 2578 1218 2632 οὐδὲν
1255 2571 1420 2649 ἦττον
1464 2564 1829 2647 ἐπιστάμενος

227 2672 396 2742 χρᾷς,
442 2669 633 2725 ἔπειτα
681 2671 943 2743 περιορᾷς
983 2670 1437 2743 διαμαρτάνοντα.
1477 2669 1614 2722 Ἀλλ’
1660 2670 1828 2741 ἀμφί-

227 2760 392 2826 ϐολος
424 2762 459 2832 ἡ
499 2761 788 2834 στενυγρὴ,
836 2763 986 2826 ὅπως
1028 2764 1311 2834 νικήσαντι
1342 2762 1443 2833 μὲν
1488 2762 1662 2825 αἴτιος
1685 2756 1827 2816 εἶναι

116 2907 122 2911 ,
222 2853 402 2925 δοκῇς
432 2853 615 2926 νίκης,
644 2848 931 2926 ἡττηθέντι
964 2854 1022 2908 δὲ
1054 2854 1222 2927 μηδὲν
1264 2853 1436 2917 αἴτιος
1462 2850 1598 2907 εἶναι
1635 2854 1825 2933 ἥττης,

220 2942 365 3018 Em;
392 2945 449 2999 δὲ
481 2947 785 3027 ἀποφυγεῖν
813 2946 905 2999 ἐπὶ
946 2945 1045 3018 τὴν
1084 2945 1479 3017 εὐρυγάστορα.
1528 2944 1666 2997 Ἀλλ’
1692 2940 1827 3017 ἧκεν

222 3036 525 3109 ἄνθρωπος
570 3037 664 3089 ἐπὶ
710 3036 811 3109 τὴν
858 3037 1259 3109 εὐρυγάστορα,
1318 3037 1414 3092 καὶ
1462 3036 1564 3090 οὐκ
1615 3036 1825 3108 ἔτυχεν.

219 3130 483 3202 Εὕρηται
522 3130 685 3184 πάλιν
714 3132 794 3194 είς
840 3132 1151 3203 ἀποφυγὴν,
1182 3131 1397 3203 Κάρνος
1430 3128 1662 3198 ἅγγελος
1689 3130 1827 3183 ἀπο-

1852 1856 1904 1918 Β
1928 1864 2115 1936 Legati
2144 1865 2240 1919 Itas
2271 1866 2440 1919 nostri
2467 1866 2624 1920 solvis
2656 1882 2750 1934 pro
2794 1864 3049 1935 sanguine
3074 1882 3274 1936 pinnas.

1936 1979 2080 2047 Quid
2127 1995 2257 2052 ergo
2295 1995 2505 2046 rerum,
2547 1980 2721 2049 inquit
2758 1978 3069 2046 Temenus,
3119 1982 3236 2035 lieri
3267 1981 3375 2037 abs
3420 1997 3510 2038 me

1940 2073 2179 2144 Oportet?
2209 2081 2305 2127 aut
2334 2089 2442 2143 qua
2473 2082 2709 2127 vestram
2742 2072 3101 2129 offensionem
3140 2075 3351 2130 ratione
3379 2089 3508 2145 pro-

1933 2163 2171 2219 curabo?
2970 2186 2973 2189 λ

1934 2279 2133 2335 Carnio
2163 2278 2386 2349 supplex
2419 2277 2615 2333 Pltwbo
2644 2294 2798 2333 sacra
2828 2281 3042 2351 concipe
3070 2291 3210 2337 vota.
3238 2274 3241 2275 ν

1934 2391 2079 2459 Quid
2131 2400 2190 2447 tu
2256 2401 2429 2457 vates,
2480 2390 3063 2463 scelestissime'htque
3104 2395 3512 2466 impudentissi-

1939 2486 2053 2540 me?
2076 2482 2390 2549 Nesciebas,
2415 2500 2538 2539 cum
2570 2497 2816 2557 angusta:
2841 2488 3049 2543 semita:
3075 2504 3274 2543 nomen
3303 2488 3511 2544 audiis-

1933 2588 2039 2645 set,
2096 2577 2343 2633 futurum
2382 2587 2442 2633 ut
2466 2580 2520 2633 in
2561 2579 2680 2648 ejus
2720 2580 2931 2636 delectu
2976 2581 3292 2637 aberraret?
3327 2578 3409 2637 Tu
3455 2583 3511 2637 id

1935 2678 2118 2725 tamen
2145 2670 2319 2741 probe
2347 2670 2527 2726 sciens
2552 2671 2660 2726 hoc
2689 2672 2940 2739 responsi
2973 2672 3105 2728 dare
3135 2688 3245 2727 non
3277 2673 3507 2742 desinis,

1934 2780 2174 2834 eumque
2207 2763 2318 2818 falli
2356 2772 2545 2833 postea
2574 2747 2631 2819 et
2659 2764 2916 2820 aberrare
2944 2767 3098 2822 sinis.
3125 2765 3194 2821 At
3224 2766 3509 2830 nimirum.

1935 2857 2192 2927 ambigua
2220 2856 2379 2912 callis
2408 2856 2627 2926 angusti
2662 2870 2797 2912 voce
2824 2858 2929 2913 hoc
2973 2858 3313 2929 sequebaris,
3357 2867 3419 2914 ut
3460 2861 3511 2916 si

1935 2948 2201 3012 vinceret,
2236 2947 2481 3001 victoriae
2511 2956 2703 3002 auctor
2734 2948 3032 3008 baberere;
3062 2949 3146 3004 sin
3176 2950 3511 3017 vinceretur,

1933 3055 2159 3095 causam
2212 3039 2377 3109 hujus
2427 3038 2599 3094 cladis
2658 3039 2866 3095 nullam
2919 3041 3241 3105 susﬁne‘res,
3279 3041 3410 3097 dum
3441 3044 3512 3097 ad

1934 3130 2045 3186 late
2082 3132 2321 3201 patentis
2352 3129 2524 3184 maris
2583 3130 3095 3202 interpretationem
3157 3132 3510 3206 confugeres.

219 3221 433 3276 θανών.
478 3222 671 3276 Καίτοι
719 3222 859 3286 πῶς,
887 3216 934 3277 ὦ
963 3224 1245 3295 κράτιστε,
1286 3224 1316 3275 ὁ
1357 3221 1655 3292 κηδόμενος
1687 3221 1823 3275 οὕτω

1939 3224 2137 3280 Verum
2178 3231 2234 3278 et
2276 3220 2458 3279 istlmc
2480 3238 2700 3293 quoque
2730 3224 2851 3280 -late
2892 3234 3087 3295 patens
3123 3241 3273 3281 mare
3318 3227 3510 3296 subiit,

221 3314 328 3370 τοῦ
356 3316 600 3388 Κάρνου,
631 3314 812 3378 ἀλλοις
841 3315 936 3386 μὲν
960 3313 1121 3368 αὐτὸν
1151 3313 1528 3385 θεοφορεῖσθαι
1557 3312 1825 3379 ἐκέλευες,

224 3410 417 3481 ἑαυτῷ
442 3410 503 3463 δὲ
543 3409 636 3475 ob;
671 3410 766 3463 ml.
792 3409 908 3463 δέον
943 3406 1137 3473 σώζειν
1180 3408 1275 3460 ἕνα
1304 3407 1434 3460 ὄντα
1464 3407 1701 3478 Κάρνον,
1728 3408 1826 3460 αὐ-

222 3503 324 3558 τόν
349 3520 414 3557 τε
447 3503 741 3574 περιεῖδες,
777 3503 872 3556 καὶ
900 3500 1291 3556 ’ὲναποθανόντι
1337 3498 1485 3570 αὐτῷ
1524 3500 1828 3571 Ὁμηρικὴν

227 3595 389 3650 νόσον
415 3594 671 3659 ἐνέϐαλες
686 3596 715 3635 δ
743 3597 822 3658 εἰς
844 3595 904 3648 τὸ
926 3594 1148 3664 πλῆθος,
1167 3594 1262 3648 καὶ
1280 3593 1443 3664 εὐχὰς
1463 3594 1556 3647 ἐπὶ
1591 3596 1658 3664 τῇ
1688 3593 1829 3663 νόσῳ

228 3686 473 3757 halat-{mi};
496 3684 560 3739 Ei
585 3686 630 3738 δ’
648 3686 940 3757 εὐχόμενος
955 3686 1106 3739 οὐδὲν
1133 3686 1315 3756 ἤνυεν,
1335 3683 1466 3738 ἄλλο
1485 3702 1536 3737 τι
1568 3684 1633 3738 ἂν
1670 3682 1827 3747 ἐξεύ-

234 3796 368 3851 ρητο
386 3780 521 3843 ἄκος
536 3778 613 3849 τῷ
629 3779 705 3849 σῷ
724 3780 1034 3850 σοφίσματι,
1057 3778 1152 3833 καὶ
1172 3777 1414 3831 οὐδέποτ’
1451 3779 1517 3832 ἂν
1539 3777 1763 3850 ὲλήξατε
1780 3779 1827 3832 οί

234 3871 335 3940 μὲν
364 3869 706 3942 ἐρωτῶντες,
733 3870 800 3921 σύ
829 3869 885 3923 δὲ
930 3868 1313 3939 σοφιζόμενος·
1359 3867 1447 3920 ἵνα
1496 3869 1590 3921 καὶ
1634 3866 1827 3919 νικῶσι

230 3963 328 4016 καὶ
379 3961 720 4033 ἡττωμένοις
765 3957 833 4034 ᾖς
884 3960 1171 4031 ἀᾳώρατος
1230 3958 1573 4031 κακουργῶν.
1622 3957 1828 4011 Ἱκανὸν

232 4055 344 4127 γάρ
370 4054 434 4107 τὸ
474 4053 646 4116 πάθος
688 4053 785 4107 καὶ
824 4055 857 4124 ή
909 4050 1174 4124 ἐπιθυμία
1224 4051 1724 4124 παραῦουκολῆσαι,
1754 4050 1828 4114 ὡς

237 4147 360 4219 μηδ’
400 4149 451 4199 εί
495 4146 731 4216 χιλιάκις
776 4148 1054 4215 σφαγεῖεν,
1095 4146 1342 4198 ἀπιστεῖν
1395 4161 1474 4197 σοι
1514 4143 1754 4212 ποιῆσαι.
1803 4161 1822 4193 ›

230 4239 464 4301 Τούτοις
494 4238 644 4301 ἄξιον
676 4236 1007 4307 ἐπισυνάψαι
1050 4238 1120 4289 τὰ
1162 4236 1293 4307 περὶ
1327 4236 1579 4306 Κροῖσον.
1627 4231 1827 4295 Λυδίας

230 4322 395 4393 οἶκος
445 4329 759 4383 ἐϐασίλευεν
784 4368 800 4393 ,
849 4328 1056 4383 ἀνωθεν
1098 4330 1179 4382 ὲκ.
1237 4325 1481 4381 παλαιῶν
1531 4327 1610 4389 είς
1666 4322 1828 4378 αὐτὸν

230 4426 481 4497 ἧκουσαν
507 4420 839 4493 παραλαϐὼν
865 4420 962 4492 τὴν
995 4421 1199 4492 ἀρχὴν·
1249 4416 1370 4472 εἶτά
1420 4436 1473 4470 τι
1515 4417 1674 4470 πλέον
1719 4414 1827 4469 τῶν

233 4516 524 4588 προγόνων
551 4512 917 4585 κατορθώσειν
955 4512 1203 4574 ἐλπίσας,
1230 4510 1357 4574 τοὺς
1393 4511 1547 4572 θεοὺς
1585 4506 1827 4561 εὐσεϐεῖν

1937 3332 2040 3372 nec
2070 3326 2253 3371 tamen
2284 3317 2397 3372 voti
2431 3333 2658 3389 compos
2692 3319 2886 3374 evasit.
2914 3318 3014 3373 Hic
3050 3329 3109 3374 tu
3136 3319 3345 3375 scilicet
3378 3317 3514 3375 alte-

1936 3424 2059 3463 rum
2110 3409 2292 3464 denuo
2342 3410 2726 3465 diverticulum
2773 3412 3071 3482 excogitas,
3120 3411 3283 3466 Carni
3334 3412 3514 3466 nuntii

1936 3501 2160 3556 caedem.
2201 3501 2272 3555 At
2337 3502 2617 3570 quomodo
2658 3511 2863 3569 tamen,
2918 3503 3144 3558 deorum
3191 3503 3419 3573 optime,
3454 3511 3513 3558 tu

1936 3595 2031 3664 qui
2051 3594 2217 3648 Carni
2246 3596 2480 3650 salutem
2513 3611 2687 3664 usque
2718 3596 2853 3649 adeo
2880 3611 3065 3650 caram
3090 3594 3353 3662 habebas,
3384 3595 3515 3651 alio-

1936 3702 2059 3740 rum
2094 3702 2261 3743 causa
2299 3688 2486 3743 divino
2528 3705 2653 3743 eum
2689 3687 2857 3741 amari
2888 3689 3083 3757 spiritu
3127 3688 3373 3755 voluisti,
3414 3703 3516 3744 no-

1936 3780 2087 3835 luisti
2126 3782 2251 3836 sua?
2282 3784 2561 3853 quomodo
2605 3782 2845 3837 Carnum
2874 3781 3141 3835 duntaxat
3177 3797 3350 3836 unum
3394 3796 3513 3838 ser-

1937 3873 2055 3929 vari
2098 3888 2223 3929 cum
2275 3884 2577 3945 oporteret,
2623 3890 2750 3929 eum
2798 3873 3027 3928 interire
3074 3888 3273 3943 passus
3319 3888 3399 3939 es,
3450 3886 3515 3929 ac

1936 3975 2160 4037 propter
2188 3968 2433 4037 ejusdem
2471 3969 2776 4035 interitum,
2804 3974 2859 4022 et
2892 3964 3240 4021 Homericam
3274 3965 3420 4019 illam
3456 3964 3515 4019 in

1937 4060 2237 4113 exercitum
2272 4060 2636 4129 pestilentiam
2689 4058 2991 4123 immisisti,
3038 4065 3089 4111 et
3134 4065 3313 4111 certas
3358 4070 3515 4111 aver-

1936 4149 2227 4203 runcando
2261 4149 2455 4205 morbo
2492 4164 2684 4219 preces
2715 4148 2984 4204 indixisti?
3020 4146 3230 4214 Quibus
3264 4147 3353 4201 ille
3381 4161 3515 4216 pro-

1937 4239 2081 4295 fecto
2132 4242 2180 4297 si
2237 4243 2374 4297 nihil
2427 4243 2651 4315 egisset,
2688 4242 2837 4298 alius
2880 4240 3141 4298 continuo
3188 4238 3514 4310 sopbismati

1942 4341 2129 4389 vestro
2162 4334 2338 4400 color,
2375 4335 2482 4390 alia
2529 4335 2741 4405 species
2774 4334 2994 4389 inventa
3024 4341 3191 4399 esset,
3238 4332 3514 4401 ﬁnemque

1937 4423 2149 4479 nullum
2182 4441 2424 4495 unquam
2470 4424 2761 4492 fecissetis,
2799 4424 3120 4482 consulendi
3153 4423 3380 4495 quidem
3411 4422 3513 4489 illi,

1941 4527 2000 4572 tu
2037 4533 2163 4573 vero
2186 4518 2500 4583 cavillandi,
2539 4526 2600 4573 ut
2633 4533 2702 4573 ne
2733 4534 2829 4573 seu
2855 4518 3157 4580 vincerent,
3191 4532 3287 4570 seu
3323 4516 3511 4570 vince-

226 4607 508 4679 διενοήθηο
562 4604 657 4659 καὶ¹
708 4605 795 4658 διὰ
846 4603 1041 4675 πείρας
1093 4601 1282 4667 ἐλθὼν,
1330 4602 1584 4655 ἁπάντων
1633 4599 1726 4653 τὸν
1771 4600 1823 4652 ὲν

1937 4615 2149 4675 rentur,
2181 4609 2582 4679 praestigiarum
2630 4609 2684 4663 in
2727 4619 2780 4664 te
2817 4609 3116 4679 quidquam
3153 4606 3508 4677 deprehendi,

226 4701 466 4770 Δελφοῖς
507 4697 748 4751 Ἀπόλλω
782 4696 1083 4768 προκρίνει,
1125 4694 1360 4748 κᾶπειτα
1411 4693 1683 4765 κρατῆρσι
1733 4691 1828 4745 καὶ

228 4793 485 4857 πλίνθοις
538 4794 801 4864 χρυσαῖς,
858 4789 1220 4861 ἀναθημάτων
1262 4806 1322 4841 τε
1375 4788 1583 4859 μυρίων
1633 4785 1829 4859 πλήθει

227 4885 531 4957 κοσμήσας
578 4881 639 4936 τὸ
689 4881 865 4953 ἱερὸν,
912 4880 1021 4934 τῶν
1080 4877 1353 4950 πανταχοῦ
1408 4879 1513 4949 γῆς
1564 4880 1622 4932 ἐν
1664 4879 1832 4949 ὀλίγῳ

225 4974 423 5051 χρόνῳ
451 4969 854 5025 πλουσιώτατον
881 4969 1180 5040 ἀπέφηνεν,
1203 4968 1310 5021 οὐδ’
1334 4969 1434 5022 ὅσα
1473 4968 1609 5039 πρὸς
1641 4968 1834 5032 θυσίας

225 5067 466 5140 ἑξήρκει
509 5061 834 5137 παραλιπὼν
875 5064 942 5133 τῇ
994 5060 1389 5133 μεγαλοψυχίᾳ.
1434 5058 1683 5114 Ἐπειδὰν
1739 5055 1833 5113 οὖν

223 5162 303 5215 τὰ
322 5158 569 5214 τοσαῦτα
588 5157 1001 5229 προδεδάνειστο
1024 5153 1101 5225 τῷ
1131 5151 1261 5224 θεῷ,
1290 5156 1411 5217 ταῖς
1431 5152 1531 5223 τῆς
1553 5152 1834 5216 εὐσεϐείας

224 5255 468 5315 εἰκότως
493 5254 522 5306 ὁ
545 5251 713 5315 Λυδὸς
745 5246 1059 5319 ὲπιθαρσῶν
1087 5245 1531 5319 μεγαλουργίαις,
1575 5243 1836 5317 στρατεῦ-

225 5366 329 5403 σαι
376 5346 473 5399 ἐπὶ
512 5344 728 5416 Πέρσας
773 5343 1082 5405 διανοεῖται,
1128 5339 1362 5412 αὐξῆσαι
1400 5338 1497 5410 τὴν
1543 5338 1717 5410 ἀρχὴν
1757 5338 1837 5401 είς

227 5438 416 5510 μέγα,
445 5438 514 5507 τῇ
541 5433 636 5487 τοῦ
664 5431 801 5487 Θεοῦ
831 5430 1119 5503 συμμαχία
1150 5428 1622 5501 προμηθούμενος.
1652 5426 1720 5481 Τί
1744 5422 1837 5483 οὖν

306 5567 339 5596 ι
384 5549 858 5621 ῑσνὲνεποίησας.
922 5549 951 5589 ι)
992 5549 1075 5602 lo’.
1106 5547 1406 5612 ὲνέϐαλλες.

270 5682 454 5785 (κ)
495 5705 794 5762 Delendum
826 5705 930 5776 ἔφη
957 5714 1143 5759 monet
1172 5704 1416 5777 Vigerus.

571 5801 846 5861 Parnm.
879 5800 996 5859 (in.
1032 5799 1201 5862 XXI.

1932 4699 2251 4771 fraudisque
2280 4711 2484 4770 posset.
2520 4700 2730 4773 Quippe
2778 4703 2913 4757 satis
2946 4702 3173 4757 omnino
3208 4699 3403 4754 virium
3441 4697 3512 4753 ad

1933 4793 2059 4847 illos
2095 4793 2152 4847 in
2181 4787 2453 4864 ejusmodi
2488 4808 2733 4849 errorem
2766 4794 3104 4849 inducendos
3135 4790 3512 4847 vehementior

1935 4881 2253 4951 cupiditatis
2275 4891 2442 4938 aestus
2472 4882 2776 4951 habuisset,
2800 4885 2894 4955 qui
2920 4900 3202 4955 nunquam
3224 4898 3320 4938 eos
3349 4880 3512 4937 fidem

1920 4971 2061 5036 tibi,
2108 4971 2193 5026 vel
2234 4972 2281 5028 si
2318 4972 2524 5028 centies
2570 4973 2857 5045 jugulandi
2900 4974 3108 5041 forent,
3156 4988 3268 5028 non
3309 4972 3516 5027 habere

1936 5071 2232 5132 pateretur.
2289 5082 2309 5115 ›
2354 5062 2452 5120 llis
2502 5080 2719 5136 aequum
2771 5066 3103 5137 subjungere
3152 5063 3347 5127 fuerit,
3392 5077 3516 5132 qua:

1933 5154 2125 5211 Croeso
2167 5166 2357 5226 postea
2415 5159 2782 5229 contigerunt.
2823 5157 3105 5228 Regnabat
3142 5156 3191 5212 is
3230 5157 3285 5210 in
3319 5154 3511 5227 Lydia,

1934 5248 2083 5318 quod
2122 5264 2154 5302 a
2186 5249 2490 5318 majoribus
2534 5249 2820 5319 imperium
2854 5256 3157 5319 acceperat,
3203 5246 3362 5317 longa
3392 5244 3509 5315 jam

1938 5351 2003 5391 ac
2028 5346 2287 5407 perpetua
2319 5339 2460 5393 serie
2503 5349 2884 5409 pr0pagatum.
2918 5337 3064 5392 Idem
3112 5338 3165 5391 in
3204 5336 3509 5405 amplioris,

1935 5443 2103 5499 quam
2129 5429 2208 5486 illi
2235 5429 2382 5486 nacti
2402 5439 2609 5497 essent,
2636 5445 2700 5486 ac
2729 5428 3071 5487 secundioris
3093 5427 3327 5485 fortuna:
3355 5441 3507 5497 spem

3125 5784 3200 5844 12
