3894 6220
400 309 521 365 575

408 425 692 478 Adversum
721 426 843 480 huic
870 428 1027 480 etiam
1064 444 1173 481 sese
1206 429 1397 488 inferat
1423 428 1609 488 hostis,

408 492 611 566 Quippe
639 498 819 567 ingens
843 500 1078 568 equitum
1110 516 1173 552 ac
1204 499 1436 568 peditum
1468 500 1543 553 vis
1574 500 1793 569 ingruit.
1877 498 1883 505 ’

360 650 373 675 ,ι
409 612 543 667 Mari
589 627 723 667 vero
755 628 862 669 non
912 622 1054 668 terra
1100 613 1282 687 fugam
1331 617 1640 673 suaderem.
1670 615 1982 672 Ridiculum

373 722 379 733 υ
409 705 555 758 enim
607 701 769 766 foret,
817 705 1067 761 homines
1096 717 1150 761 et
1191 708 1367 764 classe
1409 709 1733 776 instructos,
1762 718 1815 763 ct
1845 710 1986 763 mari

408 795 710 865 proximos,
738 811 846 850 non
869 797 1110 854 eoﬂectis
1141 799 1503 871 undequaque
1524 802 1692 868 vasis,
1742 811 1797 857 et
1826 802 1985 872 quic-

405 889 535 960 quid
549 887 615 942 ad
635 904 854 944 manum
873 902 1208 949 commeatus
1220 903 1363 949 esset
1376 894 1430 948 in
1443 909 1609 948 naves
1625 902 1985 963 comportato,

407 981 643 1037 salutem
674 984 952 1052 expedire,
980 993 1144 1050 terra,
1181 986 1383 1056 quibus
1415 1001 1479 1041 ea
1514 986 1785 1056 placeret,
1813 985 1989 1040 liben-

406 1080 492 1126 ter
513 1072 716 1128 relicta.
747 1092 767 1127 ›
786 1073 1070 1145 Ejusmodi
1091 1092 1221 1147 ergo
1240 1085 1389 1145 sunt,
1410 1092 1533 1147 qua;
1561 1076 1987 1131 Atheniensibus

409 1163 605 1233 Apollo
629 1167 913 1234 respondit
943 1182 958 1220 :
987 1182 1110 1238 quae
1142 1184 1274 1223 vero
1300 1167 1750 1229 Lacedaemoniis,
1790 1166 1989 1221 frivola

409 1256 569 1327 plane
592 1258 820 1327 risuque
849 1259 1035 1330 digna.
1068 1260 1279 1331 Quippe
1298 1303 1312 1328 ,
1363 1262 1570 1317 civitati
1599 1261 1869 1315 universae
1894 1268 1991 1314 aut

409 1346 776 1412 obsidionem,
821 1357 916 1403 aut
953 1352 1209 1405 exsrincti
1252 1351 1397 1421 regis
1443 1351 1654 1405 luctum
1700 1350 1989 1404 imminere

410 1439 715 1498 denuntiat.
747 1440 917 1512 Atqui
945 1458 1177 1513 pronum
1207 1443 1260 1497 id
1306 1459 1369 1497 ac
1403 1443 1645 1514 proclive
1669 1442 1845 1497 cuivis
1875 1450 1992 1496 erat

412 1535 709 1603 conjicere,
753 1539 1077 1593 alterutrum
1114 1550 1343 1605 prorsus
1387 1543 1710 1589 eventurum
1746 1552 1758 1587 :
1791 1548 1893 1587 nec
1920 1532 1992 1588 ob

410 1625 581 1683 futuri
608 1638 834 1687 eventus
880 1630 1267 1700 ignorantiam,
1320 1629 1425 1683 hac
1470 1628 1823 1699 ambiguitate
1870 1639 1994 1678 ver-

410 1719 607 1773 borum
636 1720 882 1786 illudere,
905 1721 1067 1791 digna
1103 1727 1221 1773 erat
1253 1716 1486 1773 Numine
1510 1718 1795 1771 divinatio.
1822 1713 1994 1768 Auxi-

1070 310 1340 368 EUSEB"
1375 309 1853 367 C/ESARIENSIS
1885 308 2036 366 OPP.
2078 310 2259 367 PARS
2296 310 2358 367 li.
2384 343 2456 354 —
2477 309 2974 368 APOLOGETICA.

3534 304 3646 364 376

2083 430 2213 483 Ἔτι
2247 429 2358 498 γάρ
2390 445 2533 484 ποτε
2564 417 3059 496 κὰντίοςὲσταιθ
3380 424 3383 431 ’
3610 440 3619 447 ‘

2085 494 2430 572 Πολλὴᾟαὰρ
2456 494 2910 568 ἱπποσύνηξκαὶ
2937 499 3108 565 atqu
3134 496 3459 569 ἐπέρχεται.

2088 622 2213 675 Ὅτι
2242 620 2300 676 δὲ
2339 621 2555 685 ναυσὶν,
2602 619 2718 674 ἀλλ’
2750 620 2813 673 ού
2849 622 2971 674 κατ’
3012 622 3260 693 ἤπειρον·
3313 623 3408 675 καὶ
3455 622 3564 694 γὰρ
3593 617 3664 696 ἦν

2054 715 2291 783 ’γελοῖον
2326 713 2547 784 ἔχοντας
2594 714 2866 778 ναυτικὸν,
2902 714 2997 767 καὶ
3035 715 3128 767 ἐπὶ
3166 713 3438 785 θαλάσσης
3475 732 3661 769 κατοι-

2088 803 2341 867 κοῦντας,
2376 801 2452 873 μὴ
2481 801 2542 853 οὐ
2574 790 3381 875 πασσυδὶσκέυωρησαμένους,
3417 806 3511 859 καὶ
3537 822 3664 877 τρο-

2089 895 2194 967 ea;
2228 896 2360 957 ὅσας
2391 889 2535 964 εἳχον
2580 893 3114 965 συνεμϐαλλομένους
3152 893 3437 961 σώζεσθαι,
3485 913 3666 967 παρα-

2087 987 2274 1051 δόντας
2304 988 2415 1049 τοῖς
2442 984 2783 1056 βουλομένοις
2813 984 2912 1055 τὴν
2937 985 3060 1055 γῆν.
3091 1003 3110 1037 ι
3132 985 3317 1039 Ταῦτα
3344 987 3441 1057 μὲν
3473 982 3566 1040 οὖν
3594 987 3663 1042 τά

2088 1079 2227 1150 πρὸς
2268 1076 2602 1147 Ἀθηναίους·
2633 1076 2834 1147 ἀσθενῆ
2856 1078 2909 1130 δὲ
2937 1078 3138 1149 σφόδρα
3170 1079 3262 1131 καὶ
3283 1080 3663 1147 καταγέλαστα

2087 1171 2157 1223 τὰ
2184 1168 2319 1240 πρὸς
2359 1169 2838 1239 Λακεδαιμονίους.
2876 1171 3033 1222 Ἤτοι
3068 1169 3197 1241 γὰρ,
3235 1172 3419 1241 φησὶν,
3456 1174 3603 1225 πᾶσα
3627 1175 3662 1245 ἡ

2052 1262 2246 1325 “πόλις
2297 1261 2814 1332 πολιορκηθήσεται,
2860 1260 2893 1332 ἢ
2947 1260 3260 1314 ἀπολωλότα
3307 1263 3397 1316 τὸν
3441 1264 3665 1335 βασιλέα

2091 1353 2367 1423 πενθήσει.
2416 1352 2586 1406 Τοῦτο
2629 1353 2673 1406 δ’
2719 1352 2777 1418 ἐξ
2811 1351 3050 1415 ἅπαντος
3092 1352 3239 1416 είκὸς
3277 1350 3346 1424 ἦν
3386 1355 3547 1409 παντί
3585 1373 3664 1427 τῳ

2058 1452 2061 1455 ’
2094 1441 2701 1512 στοχάζεσθαι,τόἧτοι
2733 1442 2873 1504 τόδε,
2907 1442 2941 1513 ἢ
2973 1442 3093 1495 τόδε
3127 1443 3519 1513 συμϐήσεσθαι·
3551 1446 3666 1499 ἀλλ’

2090 1535 2150 1587 οὐ
2186 1534 2356 1605 δήπου
2398 1533 2521 1586 θεοῦ
2547 1528 2615 1604 ἦν
2656 1534 2940 1603 μάντευμα
2994 1528 3099 1587 ὧδέ
3152 1552 3267 1598 πως
3308 1536 3670 1606 ἀμφιϐάλλειν

2054 1634 2059 1637 ’
2091 1626 2284 1697 ἀγνοίᾳ
2306 1623 2401 1678 τοῦ
2434 1624 2736 1696 μέλλοντος,
2787 1624 2997 1696 βοηθεῖν
3034 1625 3171 1691 δέον,
3194 1628 3287 1680 καὶ
3316 1629 3533 1700 σωτῆρα
3560 1630 3671 1684 τῶν

2103 1721 2368 1792 Ἑλλήνων
2399 1720 2456 1771 ὲν
2494 1717 2673 1790 καιρῷ
2717 1718 3181 1789 παραφαίνεσθαι,
3215 1720 3307 1773 καὶ
3342 1720 3540 1791 μᾶλλον
3568 1722 3671 1795 τὴν

328 1807 337 1817 ’
412 1813 546 1867 lium
575 1812 719 1868 ferre
746 1813 996 1868 videlicet
1021 1812 1281 1883 oportuit,
1317 1827 1382 1867 ac
1414 1826 1532 1866 sese
1570 1810 1800 1879 tempori
1843 1807 1983 1863 Grae-

2093 1811 2233 1866 κατά
2260 1810 2369 1863 τῶν
2398 1810 2605 1881 ἐχθρῶν
2633 1809 2727 1863 καὶ
2762 1810 3051 1881 βαρϐάρων
3078 1812 3233 1883 νίκην
3254 1816 3365 1876 τοῖς
3390 1814 3668 1885 Ἕλλησιν,

411 1921 603 1961 eorum
636 1906 975 1963 assertorem
1001 1908 1255 1979 probare,
1293 1906 1607 1976 Graecisque
1646 1906 1828 1977 potius
1859 1913 1983 1958 tan-

2090 1904 2166 1967 ὡς
2213 1903 2279 1957 ἂν
2330 1903 2549 1967 οἰκείοις
2598 1901 2773 1971 φίλοις
2816 1903 3129 1975 προξενεῖν·
3181 1906 3229 1957 εἰ
3277 1906 3333 1959 δὲ
3397 1907 3469 1978 μὴ
3511 1906 3676 1963 τοῦτο

411 2014 577 2067 quam
623 2000 939 2056 domesticis
986 2001 1179 2055 amicis
1210 2001 1276 2055 de
1325 2000 1578 2055 hostibus
1625 2015 1689 2054 ac
1736 1996 1983 2052 barbaris

2091 1993 2314 2057 δυνατὸς
2341 1988 2429 2063 ἦν,
2469 1992 2571 2046 κᾶν
2608 1992 2669 2045 τὸ
2705 1993 2778 2065 μὴ
2827 1994 3019 2049 παθεῖν
3051 1995 3267 2060 αὐτοὺς,
3309 1998 3430 2069 μηδ’
3467 1999 3671 2053 ἁλῶναι

409 2088 695 2144 victoriam
730 2106 1072 2162 comparare.
1132 2090 1230 2146 Sin
1285 2092 1470 2146 minus
1506 2092 1557 2145 id
1615 2096 1850 2160 poterat,
1907 2086 1983 2141 uti

2096 2085 2382 2156 παρέχειν.
2424 2085 2481 2137 '0
2514 2084 2592 2149 δὲ,
2633 2084 2752 2137 οὐδὲ
2787 2084 2973 2150 τοῦτο,
2999 2085 3113 2139 ἀλλ’
3159 2088 3266 2141 οὐδ’
3301 2090 3450 2151 ὅπως
3488 2091 3673 2155 αὐτοῖς

410 2178 628 2246 saltem,
649 2195 713 2235 ne
734 2181 864 2250 quid
891 2181 993 2251 ipsi
1017 2191 1355 2252 paterentur,
1382 2197 1516 2237 neve
1545 2180 1781 2235 hostium
1810 2178 1863 2231 in
1891 2191 1983 2246 po-

2091 2176 2162 2229 τά
2189 2176 2286 2246 τῆς
2314 2176 2481 2246 ἥττης
2505 2178 2890 2248 περιστήσεται
2918 2178 3204 2247 γινώσκειν
3229 2191 3277 2233 ι.
3305 2180 3394 2235 Διὸ
3422 2181 3674 2253 καὶπρὸς

410 2277 663 2325 testatem
712 2271 979 2341 venirent,
1022 2274 1252 2330 eﬂiccre.
1294 2274 1362 2330 At
1408 2274 1455 2329 is
1494 2289 1564 2329 ne
1594 2272 1699 2328 hoc
1725 2271 1942 2342 quidem
1974 2283 1989 2332 ς

411 2362 523 2418 imo
561 2380 662 2420 nec
703 2366 1010 2436 cujusmodi
1053 2367 1124 2423 sit
1164 2370 1233 2425 iis
1281 2368 1498 2424 iuturus
1545 2367 1758 2422 adversi
1803 2362 1991 2419 Martis

2098 2264 2269 2319 ταῦτα
2297 2259 2386 2319 οἷά
2410 2282 2574 2337 φησιν
2598 2270 2627 2319 ὁ
2656 2266 2898 2338 ἔλεγχος,
2925 2269 3111 2324 ἄκουε.

410 2463 590 2518 exitus
620 2463 886 2535 intelligit.
920 2464 1062 2537 Ergo
1094 2471 1553 2538 quemadmodum
1592 2471 1697 2525 hoc
1729 2468 1892 2523 etiam
1924 2464 1978 2518 in
2017 2457 2299 2515 oraculum
2329 2455 2644 2514 (Enomaus
2673 2458 2982 2525 invehatur,
3015 2462 3220 2534 accipe;

868 2560 1033 2629 219
1074 2560 1305 2615 CAPUT
1358 2561 1523 2618 xxv.

692 2649 1017 2715 Responsum
1040 2651 1455 2707 Lacedwmoniis
1480 2655 1698 2707 editum.

490 2756 510 2791 ι
534 2739 602 2793 At
621 2740 886 2810 ejusdem,
913 2743 1149 2812 inquies,
1177 2745 1390 2799 consilii
1425 2744 1851 2800 Lacedaemoniis
1885 2760 1981 2798 au-

301 2860 306 2871 ι
411 2838 617 2887 ctorem
655 2848 777 2887 esse
804 2850 916 2887 non
942 2835 1143 2889 decuit.
1179 2835 1363 2891 Recte.
1393 2836 1503 2892 Nec
1536 2839 1704 2900 enim.
1734 2838 1979 2907 improbe

413 2918 681 2987 sophista,
715 2936 900 2987 noras,
940 2923 1154 2977 idemne
1189 2923 1395 2995 Sparte
1447 2927 1591 2996 quod
1620 2928 1812 2981 Attica:
1845 2926 1988 2997 peri-

414 3014 598 3068 culum
648 3014 976 3070 immineret.
1037 3015 1222 3088 Itaque
1287 3021 1566 3074 metuebas
1619 3035 1708 3083 ne,
1754 3035 1878 3075 eum
1921 3020 1988 3075 iis

2601 2551 3000 2606 ΚΕΦΑΛΑΙΟΝ
3033 2556 3159 2607 KE'.

2482 2642 2560 2696 Τὰ
2587 2642 2737 2709 πρὸς
2760 2636 3276 2714 Λακεδαιμονίους.

2162 2754 2181 2787 ι
2233 2735 2371 2788 Ἀλλ’
2404 2736 2465 2788 οὐ
2493 2736 2572 2788 δεῖ
2589 2735 3051 2807 Λακεδαιμονίοις,
3080 2739 3291 2809 φήσεις,
3313 2736 3505 2790 ταύτὸν
3533 2753 3681 2809 παρ-

2085 2831 2273 2884 αινεῖν.
2319 2828 2515 2899 Ἀληθῆ
2557 2828 2750 2896 λέγεις.
2785 2831 2859 2881 Οὐ
2884 2830 2993 2900 γὰρ
3024 2830 3311 2899 ἠπίστασο,
3345 2824 3389 2883 ὦ
3417 2830 3674 2899 σοφιστά,

2094 2920 2143 2971 εί
2170 2920 2411 2990 χωρήσει
2446 2919 2513 2972 τά
2544 2918 2644 2988 τῆς
2674 2918 3144 2990 Σπάρτηςῶσπερ
3168 2919 3236 2972 τὰ
3260 2921 3358 2991 τῆς
3397 2920 3675 2990 Ἀττικῆς.

2105 3007 2425 3073 Ἔδεδοίκεις
2453 3004 2545 3062 οὖν
2581 3009 2655 3080 μὴ
2692 3009 2754 3061 σὺ
2794 3009 2894 3079 μὲν
2924 3009 3186 3082 κελεύσῃς
3211 3012 3404 3074 αὐτοὺς
3428 2998 3674 3080 φεύγειν,

414 3102 596 3173 fugam
618 3106 900 3171 suasisset,
931 3105 1179 3177 fugerent
1201 3109 1276 3162 illi
1299 3110 1539 3180 quidem,
1555 3109 1733 3166 Persa:
1750 3126 1878 3165 vero
1893 3126 1981 3166 nev

2096 3100 2332 3155 κάπειτα
2372 3102 2419 3153 oi
2467 3101 2565 3171 μὲν
2598 3100 2879 3168 φεύγοιεν,
2909 3102 2957 3153 οἱ
2990 3101 3045 3153 δὲ
3078 3101 3151 3174 μὴ
3184 3101 3477 3155 ἐπέλθοιεν.
3518 3102 3678 3155 Ἐπεὶ

414 3209 688 3264 quaquam
707 3196 1041 3268 ingruerent.
1066 3196 1129 3252 Et
1147 3200 1405 3268 quoniam
1430 3202 1863 3271 respondendum
1887 3202 1985 3257 ali-

414 3286 546 3356 quid
562 3296 698 3353 erat,
718 3287 822 3343 hoc
847 3291 1095 3357 responsi
1114 3300 1291 3345 tamen
1308 3290 1735 3349 Lacedaemoniis
1756 3294 1975 3351 dedisti:

417 3396 629 3473 ﬂebilis
668 3414 698 3451 ο
730 3397 937 3467 Sparta:
959 3403 1112 3468 cives,
1135 3412 1225 3455 aut
1252 3403 1447 3473 inclyta
1471 3406 1614 3459 vobis

421 3465 557 3544 Urbs
586 3465 873 3544 Persarum
895 3473 1059 3544 armis
1092 3465 1295 3540 penitus
1336 3465 1583 3527 subversa
1608 3476 1804 3544 jacebit
1827 3493 1845 3530 :

414 3537 524 3592 Αιιι
549 3540 595 3591 si
618 3539 796 3593 eadem
812 3543 1034 3609 steterit,
1063 3537 1253 3613 magno
1282 3560 1453 3616 regem
1479 3537 1706 3601 Hercule
1732 3557 1917 3602 natum

427 3673 629 3729 Tristia
665 3678 959 3748 confectum
986 3679 1235 3754 plangent
1263 3681 1658 3740 Lacedaemonis
1700 3704 1849 3741 arva.

422 3827 501 3884 En
540 3830 738 3886 iterum
763 3833 830 3888 ab
855 3834 1003 3889 omni
1034 3836 1246 3893 ratione
1276 3834 1627 3898 divinationis
1661 3843 1834 3898 aliena
1865 3859 1991 3901 con-

420 3920 663 3990 iunctio;
686 3939 850 3991 quam
881 3934 1058 3981 tamen
1091 3930 1410 3985 omittamus
1440 3933 1586 3998 licet,
1626 3951 1694 3989 ne
1723 3936 1768 3989 si
1799 3937 1985 3990 eadem

423 4013 519 4066 sibi
549 4014 615 4069 de
648 4030 709 4070 re
732 4016 1050 4073 insultatum
1085 4021 1288 4076 anobis
1317 4022 1501 4088 fuerit,
1529 4039 1635 4079 non
1671 4042 1860 4095 graves
1892 4027 1986 4082 tibi

421 4104 600 4158 solum
631 4121 695 4160 ac
720 4109 955 4173 molesti,
989 4109 1082 4163 sed
1109 4112 1271 4165 etiam
1302 4115 1516 4181 angusti
1544 4125 1872 4187 egentesque
1906 4119 1987 4171 vi-

418 4195 665 4253 deamur.
684 4197 1065 4267 Expendamus
1093 4217 1221 4271 ergo
1248 4204 1474 4273 reliqua.
1503 4203 1579 4259 Te
1608 4221 1798 4261 omnes
1820 4225 1987 4263 unum

419 4293 576 4342 tanto
612 4289 664 4342 in
697 4291 938 4359 periculo
965 4294 1317 4361 aspectabant
1345 4313 1357 4349 :
1388 4312 1556 4351 unum
1602 4309 1655 4353 et
1679 4298 1987 4357 futurorum

418 4378 792 4449 interpretem,
848 4390 902 4436 et
929 4398 1110 4436 rerum
1147 4387 1507 4454 gerendarum
1543 4399 1822 4445 auctorem
1858 4409 1990 4447 eon-

2090 3187 2181 3246 οὗν
2212 3192 2317 3244 ἔδει
2344 3209 2397 3245 τι
2423 3191 2622 3259 λέγειν,
2655 3190 2827 3254 οὕτως
2855 3187 3014 3254 εἶπας
3046 3195 3156 3257 τοῖς
3187 3193 3673 3264 Λακεδαιμονίοις·

2101 3415 2280 3484 Ὑμῖν,
2310 3410 2357 3470 ὦ
2388 3415 2663 3482 Σπάρτης
2687 3414 2796 3482 (68)
2827 3415 3132 3485 οἰκήτορες
3156 3418 3523 3485 εἰιρινχίζροιο,

2094 3487 2164 3539 ’Ἠ
2189 3487 2339 3554 μέγα
2370 3485 2525 3539 ἄστυ
2558 3487 2607 3552 ὲ]
2629 3485 2829 3549 (ardea
2856 3486 2957 3539 ὑπ’
2987 3487 3239 3554 ἀι-·δράσι
3272 3487 3640 3553 Περσεΐδῃσι

2089 3555 2413 3624 Πέρσεται·
2443 3558 2482 3624 ἢ
2512 3555 2577 3609 τὸ
2599 3556 2719 3624 μὲν
2749 3555 2907 3624 οὐχὶ,
2938 3558 3039 3627 ἀφ’
3080 3556 3388 3625 Ἡρακλέός
3416 3557 3483 3609 δὲ
3510 3558 3681 3623 γενέ-

2090 3693 2385 3762 Hea-Oliva
2428 3693 2706 3763 βασιλῆα
2742 3696 2851 3769 (69)
2887 3666 3178 3768 ςεθίμειλον
3221 3628 3679 3845 Λακείδίὲίξιῖἓξος

2598 3828 2603 3833 .
3389 3787 3601 3835 οινρσς-.

3389 3787 3601 3835 οινρσςε

2092 3853 2261 3907 Πάλιν
2314 3856 2342 3907 ὀ
2414 3828 2879 3925 ἀμαντευτὸτατος
2942 3855 3269 3926 σύνδεσμος·
3332 3828 3679 3928 sinesine»

2066 3946 2281 4015 αὐτὸν,
2312 3945 2384 4009 ὡς
2419 3946 2493 4018 μὴ
2513 3989 2528 4013 ,
2554 3946 2634 4009 δὶς
2662 3947 2789 4017 περὶ
2814 3945 2907 3999 τοῦ
2952 3946 3116 4000 αὑτοῦ
3144 3965 3226 4000 σοι
3261 3947 3639 4018 ἐπιπηδῶντες
3658 3990 3677 4015 ,

2092 4036 2347 4107 ἐπαχθεῖς
2375 4037 2489 4107 ἃμα
2520 4037 2611 4091 καὶ
2644 4037 2835 4109 ἄποροι
2863 4038 3109 4108 δοκῶμεν
3140 4036 3296 4091 εἶναι.
3321 4038 3400 4091 Τὰ
3426 4038 3481 4091 δὲ
3502 4038 3682 4093 λοιπά

2091 4127 2469 4198 ἐκσκοπῶμεν.
2508 4128 2602 4192 Εἰς
2651 4130 2706 4182 σὲ
2745 4130 2844 4200 μὲν
2879 4130 3185 4182 ἀπέϐλεπον
3212 4128 3448 4193 ἅπαντες
3476 4130 3533 4181 ὲν
3567 4148 3680 4202 τη-

2092 4220 2323 4293 λικούτῳ
2355 4223 2617 4293 κινδύνῳ·
2660 4225 2723 4277 σὺ
2765 4223 2809 4276 δ’
2853 4224 3035 4289 αὐτοῖς
3080 4227 3174 4279 καὶ
3218 4225 3326 4279 τῶν
3366 4224 3683 4296 μελλόντων

2096 4317 2365 4388 μηνυτὴς,
2392 4317 2485 4369 καὶ
2510 4315 2617 4369 τῶν
2646 4318 2912 4388 ποιητέων
2939 4311 3079 4387 ἦσθα
3115 4317 3431 4388 σύμϐουλος.
3459 4317 3572 4370 Καὶ
3611 4319 3682 4373 σὲ

2097 4408 2194 4478 μὲν
2226 4409 2420 4462 ἐκεῖνοι
2466 4408 2684 4474 πιστὸν,
2735 4409 2799 4462 σὺ
2836 4409 2881 4462 δ’
2917 4410 3114 4473 αὐτοὺς
3143 4409 3397 4462 ἐπέπεισο
3424 4409 3684 4477 ἠλιθίους

419 4471 693 4527 sulebant.
728 4473 797 4526 At
826 4475 1109 4542 nimirum,
1156 4493 1278 4531 cum
1308 4479 1381 4532 illi
1424 4489 1474 4533 te
1500 4481 1604 4537 fide
1640 4486 1877 4538 maxime
1905 4486 1983 4539 di-

2092 4466 2263 4550 εἶναι·
2298 4496 2394 4550 καὶ
2437 4497 2465 4549 ὁ
2504 4494 2783 4559 καθεστὼς
2827 4496 3018 4564 καιρὸς
3047 4498 3127 4549 ὅτι
3175 4495 3355 4559 ἱκανὸς
3387 4491 3453 4564 ἦν
3484 4496 3680 4565 ἄγειν,

420 4578 587 4631 gnum
624 4572 902 4633 putarent,
934 4575 1050 4621 tum
1086 4584 1180 4623 eos
1214 4578 1271 4623 tu
1296 4570 1493 4626 bardos
1531 4589 1722 4629 omnes
1743 4591 1807 4631 ac
1838 4577 1989 4633 stoli-

419 4652 523 4708 dos
562 4667 685 4708 esse
732 4654 1117 4727 intelligebas;
1168 4659 1411 4728 adeoque
1461 4670 1659 4715 statum
1719 4664 1987 4733 ejusmodi

419 4758 607 4798 rerum
657 4759 799 4810 esse,
835 4761 944 4817 quo
983 4746 1242 4817 perfacile
1270 4766 1377 4805 non
1412 4751 1465 4805 in
1508 4751 1791 4821 Delphicas
1827 4758 1989 4813 modo

419 4835 502 4889 vel
533 4834 831 4892 Dodonwas
881 4840 1217 4910 argutiarum
1261 4853 1315 4897 et
1354 4844 1666 4913 captionum
1722 4846 1984 4915 ofﬁcinas,

419 4940 609 4981 verum
645 4927 805 4982 etiam
859 4928 913 4983 in
944 4932 1195 5001 auguria,
1230 4932 1285 4986 in
1317 4932 1681 4991 divinationes
1710 4951 1806 5005 per
1852 4937 1988 4993 fari-

420 5032 547 5071 nam
566 5031 875 5086 expressas,
913 5028 967 5074 et
997 5021 1052 5074 in
1074 5035 1287 5084 eorum,
1322 5022 1413 5090 qui
1444 5023 1769 5092 ventriloqui
1808 5026 1987 5079 nomi-

421 5116 627 5161 nantur
662 5107 918 5177 ineptias,
949 5109 1254 5179 pracipitcs
1287 5112 1373 5179 agi
1415 5113 1663 5168 homines
1698 5115 1987 5184 improvidi

419 5196 680 5265 stultique
710 5206 953 5266 possent.
987 5196 1194 5268 Quippe
1224 5214 1329 5253 non
1354 5200 1427 5254 dii
1445 5203 1620 5267 modo
1643 5218 1738 5272 per
1772 5205 1825 5259 id
1856 5213 1989 5261 tem—

417 5303 543 5357 pus,
575 5288 670 5343 sed
694 5290 856 5344 etiam
880 5289 1034 5353 feles,
1056 5289 1323 5356 cornices,
1342 5307 1604 5362 vanaaque
1625 5296 1758 5351 adeo
1783 5297 1988 5354 insom-

419 5379 638 5433 niorum
666 5380 933 5451 imagines
965 5380 1126 5435 ﬁdem
1168 5380 1479 5452 impetrant.
1507 5382 1692 5454 Neque
1725 5401 1854 5442 vero
1887 5390 1988 5445 oh-

491 5501 516 5528 ι
537 5507 628 5559 rp.
656 5489 933 5559 γινώσκει.

490 5580 609 5661 (ns).
652 5582 829 5651 Ὑμῖν,
863 5580 910 5639 ὦ
944 5586 1238 5661 Σπᾴρτης.
1263 5584 1519 5661 Herodot.
1544 5588 1637 5644 lib.
1660 5605 1755 5657 vu,
1784 5607 1836 5661 p.
1859 5594 1982 5649 520.

421 5645 671 5729 Spartam
702 5645 880 5729 'vocat
919 5645 1243 5729 εὐρύςξορὸν,
1274 5673 1305 5712 a
1342 5659 1586 5729 regionis
1613 5645 1800 5729 potius
1822 5645 1984 5729 quam

419 5720 570 5775 urbis
602 5720 1133 5792 amplitudine.'Fuit
1161 5728 1304 5784 enim
1340 5720 1804 5787 Laconica-totius
1828 5720 1983 5791 Pelo—

2088 4588 2183 4643 καὶ
2204 4586 2545 4659 τραχηλίζειν
2566 4587 2690 4651 τοὺς
2713 4587 3037 4659 ἀϐελτέρους
3060 4588 3120 4641 ού
3150 4588 3306 4659 μόνον
3327 4588 3405 4651 εἰς
3425 4586 3685 4658 Δελφικὰ

2089 4679 2183 4731 καὶ
2213 4677 2500 4731 Δωδωναῖα
2533 4680 2876 4750 σοφιστήρια,
2909 4679 3023 4733 ἀλλ’
3053 4680 3152 4752 ήδη
3188 4681 3281 4734 καὶ
3308 4682 3399 4734 ἐπὶ
3426 4680 3495 4733 τὰ
3523 4681 3687 4752 ὀρνι-

2089 4768 2379 4839 θομαντεῖα
2398 4807 2413 4831 ,
2453 4768 2547 4821 καὶ
2592 4768 3014 4841 ἀλευρομαντεῖα
3033 4811 3047 4835 ,
3081 4772 3176 4824 καὶ
3208 4772 3333 4834 τοὺς
3363 4772 3569 4839 ὲγγαστ
3581 4789 3684 4843 ρι-

2092 4859 2310 4930 μύθους.
2354 4842 2541 4913 Πιστοὶ
2572 4860 2628 4913 δὲ
2655 4862 2717 4915 ού
2749 4861 2908 4931 μόνον
2938 4864 2986 4915 οι
3019 4861 3132 4915 θεοὶ
3178 4862 3508 4932 τηνικαῦτα,
3546 4842 3682 4916 ἀλλ’

2088 4950 2188 5022 ἤδη
2217 4950 2313 5004 καὶ
2341 4952 2397 5004 αἱ
2433 4950 2617 5019 γαλαῖ,
2653 4952 2748 5004 καὶ
2776 4952 2833 5004 αἱ
2863 4951 3127 5023 κορῶναι,
3162 4953 3257 5005 καὶ
3288 4951 3356 5004 τὰ
3386 4949 3684 5008 καθύπνια

2054 5048 2059 5052 ’
2089 5040 2578 5112 παραπταίσματα.
2619 5039 2825 5093 Οὔκουν
2853 5040 3046 5111 ἄδηλον
3065 5082 3079 5105 ,
3126 5040 3209 5092 ὅτι
3248 5039 3358 5092 οὔτ’
3383 5040 3448 5093 ἂν
3482 5041 3685 5111 ἀμφό-

2086 5150 2221 5205 τερα
2253 5132 2448 5203 μᾶλλον
2480 5131 2745 5197 ἐδέξαντο,
2774 5132 2807 5204 ἦ
2839 5131 2898 5186 τὸ
2925 5132 3130 5204 ἕτερον,
3159 5130 3268 5185 οὔτ’
3293 5131 3358 5186 ἂν
3387 5131 3447 5185 τὸ
3476 5134 3683 5202 μεῖξον

2088 5227 2209 5280 ἀντὶ
2252 5224 2344 5279 τοῦ
2380 5225 2589 5296 μείονος
2610 5241 2621 5253 ·
2662 5228 2812 5295 μεῖον
2850 5224 2914 5277 ’δὲ
2963 5220 3104 5278 εἷναι
3143 5224 3239 5278 ἕνα
3275 5226 3398 5279 ἀντὶ
3442 5225 3683 5282 πάντων

2089 5322 2275 5375 πεσεῖν
2297 5320 2387 5373 τὸν
2415 5318 2652 5389 βασιλέα.
2682 5317 2838 5372 Μετὰ
2860 5319 2958 5389 μὲν
2985 5317 3049 5388 δὴ
3070 5317 3170 5388 τῆς
3199 5317 3404 5381 πόλεως
3430 5321 3686 5375 πιπτού-

2090 5425 2210 5480 σης,
2243 5408 2467 5481 οὐδεμία
2513 5408 2624 5462 οὐδ’
2665 5406 2812 5479 αὐτῷ
2840 5408 3129 5478 ἀποφυγή·
3164 5410 3213 5462 εί
3254 5408 3301 5461 δ’
3333 5408 3492 5471 αὐτὸς
3525 5408 3686 5486 ἄλλῃ

2087 5606 2316 5679 ponnesi
2346 5605 2718 5679 magnitudine
2745 5621 2811 5679 ac
2836 5606 3116 5679 nobilitate
3143 5608 3416 5679 princeps.

2163 5677 2273 5746 (69)
2309 5675 2604 5747 Βασιλῆα.
2646 5675 2963 5735 Leonidam.
3081 5678 3092 5685 ’
