3894 6220
162 315 261 371 ΞΠ

1367 321 1691 380 ΡΒΑΞΡΑΠ.
1735 322 1988 381 EVANG.
2045 324 2172 381 LIB.
2214 322 2279 383 νζ

3313 325 3423 381 578

164 451 233 503 πη
265 432 531 498 τάττοιτο,
562 434 703 505 τάχα
734 433 800 490 ἀν
828 453 882 488 τι
916 436 1011 491 καὶ
1041 435 1343 509 παράδοξον
1371 439 1598 506 γένοιτο.
1619 438 1741 498 Λεί-

1854 454 2062 495 ;curum
2094 449 2232 504 erat,
2264 454 2358 496 eos
2386 453 2488 495 nec
2525 448 2815 510 utrumque
2847 438 3032 508 potius
3058 451 3223 508 quam
3257 440 3423 494 alter-

163 542 315 577 πεται
342 524 407 596 δὴ
444 526 572 589 τοὺς
603 525 777 579 ταῦτα
806 524 1212 597 λογιζομένους,
1235 527 1328 581 τὸν
1375 528 1474 598 μὲν
1521 512 1746 598 βασιλέα

166 617 373 686 πέμψαι
407 618 954 689 προσπολεμῆσοντα,
984 618 1181 682 αὐτοὺς
1208 618 1286 683 δὲ,
1312 618 1452 672 οἴκοι
1486 619 1747 689 μένοντας

162 709 261 776 ἐξω
303 708 452 762 mss
468 727 596 773 In)»,
628 710 998 780 καραδοκεῖν..
1028 709 1118 781 Τῷ
1159 710 1256 781 μὲν
1287 706 1380 765 οὖν
1417 712 1533 782 μετ’
1569 712 1748 781 ὀλίγον

163 800 384 871 ἐναντίῳ
419 801 694 871 ἱσταμένῳ
739 800 876 873 πρὸς
927 801 1035 871 τὸν
1064 801 1292 873 ἄπειρον
1332 801 1486 873 ὄχλον
1531 802 1752 875 δλεθρος

164 893 443 963 προφανής
466 909 479 922 ·
517 893 551 963 ἡ
578 892 636 945 δὲ
666 893 890 963 Σπάρτη
926 892 1124 963 ἀνοχὰς
1150 889 1263 964 εἶχε
1302 892 1397 946 τοῦ
1427 894 1593 963 φόϐου
1613 937 1628 960 ,
1658 896 1753 949 καὶ

164 984 498 1054 παραδόξους
523 984 767 1048 ἐλπίδας.
798 985 980 1056 Μηδὲν
1010 985 1068 1038 δὲ
1099 982 1262 1059 ἦττον
1294 985 1584 1057 ἀφώρατον
1611 981 1751 1043 εἶναι

160 1076 218 1128 τὸ
247 1076 492 1147 σόῖρισμα
512 1118 526 1139 ,
574 1078 671 1130 καὶ
717 1077 1083 1149 διαφυγούσης
1104 1118 1120 1141 ,
1152 1081 1247 1132 καὶ
1281 1079 1537 1151 ἀλούσης.
1564 1080 1629 1131 Τί
1655 1080 1751 1152 δή-

161 1185 283 1220 ποτε
305 1186 320 1231 ;
348 1170 470 1221 ’Ὁτι
492 1170 592 1222 οὐκ
617 1169 825 1241 εἴρητο,
855 1171 930 1241 μά
953 1173 1070 1234 Δία,
1092 1173 1182 1225 εἰό
1206 1172 1458 1243 βασιλεὺς
1480 1174 1748 1248 ἀποθάνῃ,

156 1262 191 1330 ή
222 1261 379 1323 πόλις
402 1260 730 1331 σωθήσεται,
767 1262 880 1316 ἀλλ’
911 1264 1012 1327 ὅτι,
1047 1263 1079 1333 ἢ
1118 1263 1281 1334 μόνος
1319 1265 1619 1329 ἀπολεῖται,
1648 1266 1681 1336 ἢ
1714 1267 1747 1336 ἡ

164 1353 429 1422 σύμπασα
460 1354 616 1417 πόλις
638 1371 652 1384 ⁸
689 1354 849 1408 τοῦτο
876 1355 932 1408 δὲ
965 1357 1023 1408 ὲν
1048 1358 1297 1428 ἑκατέρῳ
1329 1358 1636 1422 ἀνεύθυνον,
1655 1357 1751 1411 καὶ

163 1443 321 1513 μόνου
375 1443 545 1497 αὐτοῦ
575 1444 970 1515 ἀπολουμένου,
1005 1445 1101 1498 καὶ
1144 1446 1218 1517 μὴ
1265 1446 1448 1517 μόνου,
1489 1442 1656 1511 Οὗτος
1682 1446 1740 1499 δὲ

159 1535 325 1602 τύφου
377 1536 477 1589 καὶ
522 1535 835 1607 ἀφροσύνης
886 1532 1120 1606 καρπός.
1152 1557 1172 1590 ι
1211 1537 1371 1590 Ἀλλά
1430 1536 1605 1590 ταῦτα
1646 1538 1748 1607 μὲν

156 1629 376 1680 ταυτίο.
413 1628 530 1680 Οὐκ
563 1627 711 1693 ἀξιον
744 1628 800 1682 δὲ
835 1628 1126 1699 παρελθεῖν
1169 1630 1263 1682 καὶ
1316 1629 1459 1699 ἀπερ
1503 1627 1741 1692 Κνιδίοις

1851 540 2056 595 utrum,
2105 547 2207 586 nec
2246 547 2345 601 pro
2405 532 2595 587 leviori
2652 531 2871 600 gravius
2921 530 3201 585 subituros
3250 544 3423 597 esse;

1848 618 2125 692 simulque
2158 618 2467 679 levius‘hoc
2486 608 2705 678 demum
2738 622 2874 689 fore,
2907 623 2951 677 si
2984 618 3082 676 rex
3118 637 3218 691 pro
3247 620 3429 675 omni-

1850 714 1955 769 bus
1996 730 2140 770 unus
2168 714 2433 771 interiret.
2465 714 2584 770 Jam
2609 730 2737 771 vero
2761 715 2814 769 id
2847 714 3011 768 etiam
3041 712 3199 768 facile
3228 729 3431 769 occur-

1849 806 2045 871 rebat;
2082 805 2136 860 in
2178 808 2457 861 communi
2503 807 2671 862 totius
2713 806 2863 861 urbis
2890 806 3127 870 excidio,
3166 805 3427 877 eﬂ‘ugium

1851 895 1977 968 regi.
2012 904 2201 965 patere
2228 896 2474 964 nullum;
2510 897 2651 953 idem
2701 905 2881 952 autem
2937 896 2984 951 si
3030 896 3139 951 alio
3167 896 3429 966 quopiam

1851 988 2261 1055 amandaretur,
2290 989 2494 1059 aliquid
2522 989 2665 1046 forte
2696 999 2891 1059 praeter
2922 988 3238 1059 opinionem
3261 1002 3431 1042 even-

1846 1068 2055 1134 turum.
2100 1078 2390 1150 Reliquum
2423 1080 2588 1151 igitur
2616 1090 2818 1143 est,,ut
2857 1096 3062 1155 regem,
3104 1080 3220 1135 hzec
3247 1092 3431 1134 secum

1845 1171 1951 1241 ipsi
1983 1178 2320 1241 reputantes,
2347 1172 2411 1225 ad
2441 1171 2642 1226 bellum
2675 1170 2970 1241 gerendum
2988 1170 3260 1235 emittant,
3283 1170 3433 1239 domi

1846 1279 1978 1317 vero
2000 1263 2207 1317 interea
2238 1264 2560 1331 residentes,
2598 1264 2788 1334 procul
2814 1280 2844 1318 a
2866 1264 3201 1327 discrimine,
3228 1263 3307 1317 rei
3348 1271 3433 1316 to—

1847 1356 1958 1411 tius
1991 1340 2196 1410 exitum
2244 1358 2579 1425 operiantur.
2618 1355 2750 1427 Regi
2795 1371 2961 1426 porro
3009 1354 3274 1409 inﬁnitam
3327 1354 3432 1408 ho-

1848 1448 2014 1501 stium
2048 1447 2454 1501 multitudinem
2500 1447 2665 1516 paulo
2701 1457 2827 1517 post
2868 1446 3183 1516 exeipienti,
3221 1453 3433 1500 certum

1850 1537 2133 1595 interitum
2169 1538 2479 1604 imminere,
2508 1552 2673 1592 nemo
2703 1552 2811 1592 non
2835 1538 3077 1604 videbat,
3111 1552 3235 1592 cum
3271 1536 3432 1591 indu-

1855 1629 1956 1684 ciis
1983 1629 2313 1715 quibusdam
2340 1629 2558 1683 interim
2585 1629 2655 1683 ab
2672 1616 3005 1683 omni‘metu‘
3018 1629 3217 1707 vacuis
3237 1626 3433 1697 Sparta

156 1720 355 1791 ἔχρησε
390 1720 557 1773 πάλιν
603 1720 950 1791 εὐχομένοις,
1003 1721 1098 1773 καὶ
1140 1720 1239 1792 τὴν
1283 1720 1437 1792 παρά
1483 1719 1577 1773 τοῦ
1626 1719 1749 1773 θεοῦ

1854 1714 2155 1785 frueretur,
2184 1714 2413 1789 seseque
2462 1720 2729 1790 inopinati
2770 1722 3055 1791 cujusdam
3083 1728 3310 1775 eventus
3341 1733 3438 1788 spe

158 1817 482 1886 συμμαχίαν
508 1813 772 1868 αἰτοῦσιν.

1730 1805 1746 1821 ⁷
1777 1808 1819 1863 Β
1850 1819 2200 1865 sustentaret.
2227 1812 2393 1886 220
2426 1811 2721 1866 Enimvero
2750 1826 2845 1866 seu
2891 1813 3078 1865 eadem
3126 1818 3416 1880 caperetur

162 1922 253 1960 seu
330 1923 534 1962 manus
593 1906 830 1961 hostium
889 1905 1181 1975 effugeret,
1235 1913 1430 1959 tectam
1476 1919 1699 1959 manere
1753 1902 2117 1958 cavillationis
2160 1902 2430 1957 fraudem.
2484 1904 2594 1959 Cur
2642 1904 2866 1958 autem?
2907 1902 3018 1959 Nec
3040 1904 3182 1958 enim
3210 1904 3439 1968 salvam,

160 1995 412 2061 Hercule,
440 1998 487 2053 si
524 2013 619 2052 rex
656 1999 874 2066 periret,
910 1998 1183 2051 civitatem
1225 1996 1465 2051 futuram
1531 1997 1764 2057 dixerat,
1836 1995 1933 2050 sed
2001 2004 2235 2062 tantum,
2268 2007 2363 2051 aut
2404 1992 2605 2066 Regem
2646 2013 2848 2065 unum,
2889 2008 2981 2052 aut
3012 1999 3283 2052 civitatem
3314 1997 3439 2053 uni-

159 2107 371 2145 versam
401 2106 526 2145 esse
559 2092 879 2159 perituram.
912 2088 1069 2155 Quod
1096 2103 1233 2168 sane
1259 2088 1487 2163 dictum,
1524 2088 1733 2142 utrovis
1764 2086 1935 2159 exitu,
1964 2087 2079 2141 sive
2113 2088 2264 2168 solus
2325 2088 2441 2158 ipse
2492 2091 2713 2165 periret,
2746 2090 2861 2144 sive
2905 2106 3036 2163 non,
3090 2089 3192 2144 sibi
3224 2103 3437 2157 semper

160 2193 459 2239 constaret.
489 2182 670 2249 Atque
694 2181 786 2235 bic
842 2182 1065 2235 demum
1096 2164 1101 2169 ’
1128 2188 1213 2235 est
1266 2179 1528 2234 vanitatis
1591 2177 1941 2246 stultitiaque
2004 2164 2243 2234 fructus.
2276 2196 2296 2231 ι
2339 2183 2409 2233 At
2438 2180 2506 2234 de
2534 2164 2961 2236 Lacedaemoniis
3003 2181 3286 2236 hactenus.
3316 2178 3440 2235 Jam

159 2276 286 2344 quid
335 2273 559 2328 tandem
604 2273 722 2342 ipse
765 2269 974 2324 Cnidiis
1005 2284 1164 2337 opem
1195 2283 1417 2339 quoque
1479 2283 1635 2323 suam
1696 2268 2115 2337 implorantibus
2173 2269 2427 2341 responsi
2494 2269 2730 2339 dederit,
2785 2286 2895 2326 non
2924 2272 3023 2327 abs
3058 2287 3115 2327 re
3146 2270 3312 2328 fuerit
3351 2280 3439 2328 at-

161 2377 364 2423 texere.

660 2456 1059 2511 ΚΕΦΑΛᾹΙΟΝ
1097 2458 1243 2524 κεῖν.
1330 2444 1337 2447 “
1402 2444 1445 2467 ⁸

682 2549 751 2603 Τὸ
782 2549 927 2603 αὐτὸ
962 2549 1241 2616 Κνιδίοις.

235 2662 256 2696 ι
285 2640 533 2697 Ἐπαθον
555 2640 613 2694 δὲ
644 2642 806 2693 καὶοὶ
832 2641 1036 2693 Κνίδιοι
1065 2640 1179 2709 (70)
1196 2639 1369 2711 τούτῳ
1399 2639 1743 2712 προσεοικὸς,

173 2734 455 2805 ’Δρπάγου
492 2732 606 2802 (7i)
651 2733 739 2783 ἐπ’
773 2730 971 2794 αὐτοὺς
1016 2731 1464 2802 στρατεύσαντος.
1507 2718 1755 2802 Τὸνγάρ

172 2826 389 2897 Ἰσθμὸν
439 2824 534 2877 τὸν
575 2823 763 2877 αὐτόθι
811 2823 1124 2876 διακόπτειν
1179 2821 1619 2894 ἐπιχειροῦντες,
1663 2822 1760 2875 καὶ

155 2918 257 2987 τὴν
281 2916 440 2969 πόλιν
464 2918 794 2985 νησοποιεῖν,
816 2914 886 2967 τὰ
918 2914 1019 2985 μὲν
1049 2913 1240 2985 πρῶτα
1263 2915 1359 2967 τοῦ
1394 2913 1556 2987 ἔργου
1584 2913 1757 2985 εἴχον-

154 3027 219 3063 το
236 3050 251 3072 ,
277 3008 408 3061 ἐπεὶ
428 3007 489 3076 δὲ
514 3008 699 3070 αὐτοῖς
716 3008 744 3046 b
773 3007 990 3078 ἀπήντα
1032 3008 1064 3075 ἡ
1100 3007 1352 3079 ἐργασία,
1388 3004 1759 3075 ἀπαγορεύον-

154 3117 248 3165 τες
272 3100 377 3171 ἤδη
401 3099 659 3171 ἐχρῶντο.
685 3100 758 3151 Σὺ
781 3098 836 3151 δὲ
863 3099 1046 3161 αὐτοῖς
1069 3093 1230 3162 εἶπας
1248 3113 1266 3129 ⁵
1284 3099 1517 3168 Ἰσθμὸν
1526 3096 1613 3169 μὴ
1638 3098 1751 3169 (72)
1778 3130 1821 3189 C

158 3194 488 3263 πυργοῦτε.
507 3190 646 3261 μηδ’
677 3192 970 3259 ὀρύσσετε
988 3210 1002 3223 ο
1038 3191 1189 3257 Ζεὺς
1207 3189 1318 3259 γάρ
1346 3191 1397 3243 κ’
1428 3190 1608 3258 ἔθηκε
1644 3187 1755 3259 νῆ-

159 3300 298 3347 σον,
330 3283 398 3335 al
420 3283 476 3335 κ’
501 3283 800 3335 ἐϐούλετο·
835 3281 930 3334 καὶ
960 3282 1011 3333 οἱ
1035 3280 1233 3351 βλάκες
1272 3278 1626 3351 ἐπείσθησαν,
1661 3278 1755 3331 καὶ

160 3375 613 3447 ἀποτραπόμενοι
640 3374 964 3443 παρέδωκαν
1005 3374 1231 3435 ἑαυτοὺς
1250 3371 1331 3441 ντῷ
1372 3372 1651 3443 Ἀρπάγῳ.
1682 3372 1755 3424 Τὸ

159 3470 216 3524 δὲ
247 3468 671 3540 ῥᾳδιούργημαί
699 3465 852 3519 Ἐπεὶ
882 3466 993 3537 γάρ
1016 3465 1116 3517 οὐκ
1145 3460 1213 3535 ἦν
1251 3464 1466 3535 βέόαιος
1499 3464 1755 3535 ἀποφυγὴ

161 3561 415 3632 ὀρύξασι,
447 3558 639 3611 τούτου
672 3556 770 3627 μὲν
794 3556 1066 3619 ἔπαυσαςο
1097 3555 1173 3619 ὼς
1196 3556 1253 3609 δὲ
1284 3557 1360 3627 μὴ
1401 3555 1636 3609 κελεύων
1668 3555 1758 3627 ἐρ-

161 3669 257 3720 γου
288 3650 553 3721 ἔχεσθαι,
582 3647 892 3718 ἐπαγγέλλῃ
937 3646 1038 3717 τὴν
1067 3645 1379 3716 ἀποφυγήν,
1404 3644 1579 3715 τούτῳ
1608 3643 1665 3696 δὲ
1693 3643 1754 3696 οὐ

162 3743 221 3796 τὸ
263 3742 432 3795 λώϊον
460 3736 600 3793 εἶναι
652 3739 727 3811 μὴ
767 3738 994 3809 όρύξασι
1028 3737 1400 3809 προσετίθειςο
1430 3736 1543 3790 ἀλλ’
1575 3737 1656 3789 ὅτι
1692 3737 1754 3789 οὐ

162 3833 312 3887 δοκεῖ
344 3831 427 3902 τῷ
456 3831 540 3883 At‘t
566 3831 729 3901 νῆσον
761 3829 929 3900 αὐτὴν
961 3823 1120 3881 εἶναι.
1162 3828 1248 3881 Ἐν
1283 3828 1380 3898 μὲν
1410 3823 1504 3881 οὖν
1525 3829 1591 3898 τῇ
1621 3828 1759 3880 ἀπο-

163 3927 341 3995 τροπῇ
380 3921 691 3992 ἀμφότερα·
720 3920 1016 3991 ὶσόρῥοπα,
1065 3920 1123 3972 ὲν
1155 3917 1212 3971 δὲ
1255 3920 1323 3989 τῇ
1370 3920 1651 3989 προτροπῇ
1696 3918 1757 3971 τὸ

163 4014 560 4082 διαφευξεῖσθαι
597 4015 869 4084 προεῖχεν.
901 4006 976 4065 Οὗ
1011 4011 1074 4083 δὴ
1118 4010 1359 4080 ἀσφαλὲς
1396 4006 1465 4082 ἦν
1495 4009 1573 4080 τῷ
1608 4027 1757 4079 σοφι-

166 4109 265 4177 στῇ
302 4107 370 4158 τὸ
398 4102 749 4175 ἀνατρέπειν.
770 4099 972 4164 -Οὖτως
999 4118 1057 4153 τε
1089 4100 1241 4153 οὐδὲν
1271 4100 1461 4165 εἰπὼν,
1488 4094 1564 4153 ὧν
1592 4099 1757 4153 ἕνεκα

161 4176 304 4269 ἦσαν
339 4195 658 4265 ἀφιγμένοι,
677 4192 1005 4262 ἀπέπεμψας
1028 4192 1305 4262 οἰομένους
1326 4189 1620 4265 ἀκηκοέναι
1642 4176 1715 4243 τι.
1730 4209 1750 4241 ι

164 4292 359 4348 Ταῦτα
390 4290 448 4342 δὲ
481 4288 718 4359 ἠγοῦμαι
749 4287 811 4339 τὸ
854 4285 1085 4358 ἀδρανὲς
1126 4284 1235 4337 τῶν
1277 4301 1338 4337 τε
1370 4282 1626 4354 χρώντων
1660 4285 1756 4337 καὶ

162 4386 276 4447 τῶν
302 4382 607 4455 χρωμένων
636 4379 960 4449 ἀπελέγχειν
995 4378 1311 4449 αὐτάρκως,
1348 4379 1442 4430 καὶ
1473 4377 1556 4429 ὅτι
1590 4376 1755 4448 μηδὲν

2319 2439 2333 2449 ’
2406 2452 2639 2510 CAPUT
2686 2451 2875 2509 XXVL

2208 2544 2531 2622 Responsum
2569 2547 2820 2622 Cnidia}.
2843 2547 3062 2600 editum.

1860 2634 1871 2640 '
1926 2656 1946 2691 ι
1984 2636 2092 2693 Nec
2109 2654 2238 2694 sane
2257 2621 2884 2710 dissimilis(inquitille)
2910 2638 3249 2701 Cnidiorum’,
3282 2636 3418 2691 Har-

1857 2742 2001 2798 pago
2034 2728 2300 2783 adversus
2354 2744 2451 2784 eos
2505 2740 2781 2796 movente,
2818 2727 3038 2782 fortuna
3087 2727 3440 2796 comlitioque

1861 2818 1986 2873 fuit.
2006 2800 2270 2875 Isthmum
2300 2821 2450 2874 enim
2488 2821 2665 2885 illum,
2701 2819 2796 2890 qui
2833 2828 2945 2873 tum
2981 2819 3114 2873 inibi
3147 2826 3298 2884 erat,
3344 2818 3442 2871 tol-

1855 2910 1969 2966 lere
1998 2927 2062 2966 ac
2101 2912 2437 2976 rescindere,
2490 2920 2655 2981 atque
2708 2913 2900 2965 urbem
2952 2910 3187 2964 insulam
3228 2908 3440 2963 eﬂicere

1857 3002 2122 3072 aggressi,
2159 3001 2250 3056 ubi
2285 3018 2398 3055 rem
2431 3001 2614 3056 fausto
2642 3002 2768 3057 licet
2802 3002 2989 3063 initio,
3020 3000 3203 3054 minus
3249 3009 3441 3069 postea

1855 3093 2122 3149 vidissent
2146 3110 2211 3148 ex
2242 3103 2372 3149 voto
2406 3076 2633 3160 cedere,»
2671 3093 2901 3163 abjcctis
2951 3093 3168 3147 demum
3217 3092 3438 3159 animis,

1854 3186 2136 3240 oraculum
2160 3174 2517 3240 consuluere.
2544 3183 2625 3238 Tu
2653 3200 2782 3238 vero
2805 3184 2870 3238 ad
2891 3199 3019 3239 eos:
3056 3181 3316 3237 Isthmum
3342 3200 3442 3237 neu

1857 3279 2071 3341 munite,
2099 3294 2197 3331 neu
2221 3279 2471 3347 suﬂ'odite
2493 3295 2512 3333 :
2536 3277 2747 3347 Jupiter
2778 3278 2937 3341 enim,
2964 3278 3010 3330 si
3039 3277 3286 3331 voluisset
3305 3316 3320 3341 ,
3356 3276 3443 3329 in-

1853 3370 2030 3425 sulam
2076 3371 2301 3439 fecisset.
2350 3369 2471 3424 Tibi
2504 3384 2671 3440 porro
2706 3370 2968 3422 vecordes
3017 3383 3083 3422 ac
3123 3368 3307 3421 stolidi
3350 3368 3446 3421 ho-

1866 3463 2043 3517 mines
2066 3462 2225 3517 ﬁdem
2253 3462 2513 3528 habuere,
2548 3476 2776 3531 seseque
2815 3461 3089 3530 Il'arpago,
3123 3475 3153 3513 a
3179 3467 3436 3527 suscepto

1856 3552 2104 3607 deterriti
2132 3552 2386 3617 consilio,
2419 3552 2694 3606 dedidere.
2719 3551 2863 3607 lstuc
2885 3562 3068 3606 autem
3101 3568 3266 3623 quam
3299 3560 3445 3608 vete-

1855 3643 2102 3699 ratorie!
2141 3641 2275 3697 Nam
2315 3643 2483 3713 quod,
2539 3659 2608 3699 ne
2656 3644 2891 3699 suffosso
2936 3644 3155 3714 quidem
3212 3643 3440 3712 Isthmo,

1857 3744 2065 3792 certum
2118 3751 2214 3791 eos
2259 3743 2537 3805 receptum
2578 3735 2864 3791 habituros
2901 3734 3149 3800 ’videas,’
3187 3734 3442 3789 aﬁ‘ectum

1856 3842 1996 3896 opus
2022 3827 2275 3883 inhibes:
2328 3827 2581 3903 idemque
2617 3827 2803 3893 simul,
2857 3835 3043 3902 utpote
3081 3842 3432 3896 nequaquam

1856 3919 1977 3987 ejus
2021 3904 2341 3974 instituendi
2386 3912 2943 3990 auctor,'eﬁ‘ugiendi
2992 3934 3144 3988 spem
3197 3918 3442 3974 ostendis

1857 4012 2118 4081 aliquam.
2155 4009 2343 4081 Neque
2374 4019 2588 4074 tamen,
2638 4013 2686 4067 si
2720 4027 2751 4066 a
2784 4011 3126 4066 sull'odiendo
3154 4010 3439 4065 abstinue-

1822 4178 1834 4186 _
1855 4103 1988 4167 rint,
2020 4103 2280 4158 laetiorem
2306 4104 2511 4158 exitum
2542 4104 2818 4173 polliceris
2851 4120 2865 4156 :
2906 4105 3009 4158 hoc
3037 4118 3206 4158 unum
3254 4102 3438 4169 aﬁ'ers,

1854 4195 1973 4250 Jovi
2000 4196 2188 4250 urbem
2243 4196 2480 4250 insulam
2522 4196 2638 4251 ﬁeri
2677 4211 2786 4250 non
2821 4196 3057 4265 placere.
3098 4192 3436 4249 Occurrebat

1855 4286 2135 4352 nimirum,
2166 4286 2213 4341 si
2231 4286 2601 4352 debortarere,
2624 4302 2809 4355 parem
2833 4286 2886 4339 in
2916 4294 3206 4355 utramque
3235 4292 3441 4355 partem

1855 4379 2107 4449 responsi
2140 4380 2283 4445 vim;
2332 4378 2417 4433 sin
2452 4386 2649 4458 autem.
2675 4370 2975 4442 hortarere,
3006 4393 3323 4446 expressam
3360 4377 3445 4429 ni-

163 4475 372 4545 ἀληθὲς
394 4485 415 4511 ε
451 4472 631 4525 ἔνθεον
683 4471 829 4524 ἔστιν
864 4471 1044 4541 εὑρεῖν
1073 4472 1130 4522 ὲν
1162 4471 1274 4532 τοῖς
1300 4468 1665 4539 δηλουμένοις.
1687 4467 1753 4521 Τὸ

1864 4471 2034 4525 mium
2096 4478 2475 4527 consecutura;
2522 4469 2716 4525 salutis
2783 4468 3242 4540 signiﬁcationem
3287 4467 3445 4522 futu-

159 4564 220 4618 δὲ
240 4563 590 4633 κακότροπον
607 4561 700 4614 τοῦ
725 4560 889 4631 ἦθους
923 4559 1035 4612 εἴτε
1057 4558 1162 4611 τῶν
1188 4558 1440 4629 πονηρῶν
1463 4557 1754 4628 δαιμόνων,

162 4658 277 4721 εἴτε
305 4654 419 4708 τῶν
446 4654 516 4708 τὰ
549 4656 775 4724 μαντεῖα
806 4650 1356 4723 καθυποκρινομένων
1378 4648 1608 4721 ἀνδρῶν,
1629 4649 1759 4714 ἴδοις

163 4748 268 4810 ἂν,
302 4749 355 4800 εί
403 4745 595 4816 μάθοις
635 4744 710 4807 ὡς
737 4743 832 4795 καὶ
865 4743 944 4805 εἰς
975 4741 1066 4794 τὸν
1097 4743 1216 4793 κατ’
1251 4739 1497 4811 ἀλλήλων
1525 4740 1758 4810 πόλεμον

157 4842 293 4904 τοὺς
323 4837 645 4910 χρωμένους
673 4836 857 4898 αὐτοῖς
889 4831 1170 4905 ἠρέθιζον,
1201 4834 1425 4905 εἰρήνης
1460 4832 1551 4885 καὶ
1578 4831 1771 4900 φιλίας

156 4930 286 4984 δέον
303 4929 508 4990 αὐτοὺς
524 4923 661 4980 εἶναι
679 4924 1002 4995 βραϐευτὰς.
1022 4923 1158 4975 Τοτὲ
1181 4923 1278 4993 μὲν
1301 4916 1393 4975 οὗν
1423 4922 1760 4993 Λακεδαιμο-

157 5018 407 5085 νίουςώς
421 5017 486 5070 ἂν
498 5015 731 5077 οἰκείους
748 5015 843 5068 καὶ
860 5012 1066 5082 φίλους,
1081 5014 1110 5065 ὁ
1129 5015 1185 5065 ὲν
1199 5011 1423 5081 Δελφοῖς
1441 5011 1602 5066 πάλιν
1619 5009 1758 5065 κατά

156 5108 500 5180 Μεσσηνίων
528 5104 841 5177 παροξύνει,
858 5104 981 5156 τοτὲ
997 5103 1041 5156 δ’
1061 5099 1127 5156 αὖ
1149 5103 1474 5173 Μεσσηνίοις
1494 5102 1637 5156 κατὰ
1660 5104 1762 5155 Λα-

159 5200 533 5273 κεδαιμονίων
547 5199 674 5269 χρᾷ,
694 5199 740 5250 εἰ
759 5194 920 5248 πάλιν
936 5188 1081 5248 οὗτοι
1104 5194 1169 5261 δι’
1186 5193 1636 5266 ἀνθρωποθυσίας
1654 5192 1760 5247 ἱλά-

160 5310 357 5357 ςοιντο
382 5293 508 5355 τοὺς
536 5291 816 5361 δαίμονας.
846 5288 1043 5342 Ἀκουε
1071 5287 1127 5343 δὲ
1160 5285 1252 5340 καὶ
1282 5285 1350 5339 τά
1372 5287 1500 5358 περὶ
1529 5285 1754 5340 τούτων.

231 5438 266 5469 ι
306 5440 410 5496 π).
442 5422 636 5494 ταύτῃ.
714 5420 744 5462 δ
778 5419 904 5475 add.
937 5420 1060 5477 οὐκ.
1140 5427 1163 5459 ο
1207 5418 1294 5472 ῑσ.
1328 5408 1567 5475 ἀληθῶς.

235 5555 367 5627 (70)
410 5557 477 5609 οι
508 5553 755 5627 Κνίδιοι.
796 5551 950 5627 F_use_
992 5548 1267 5627 Herodog
1297 5547 1392 5602 lib.
1428 5563 1466 5612 ι,
1511 5564 1631 5627 pag.
1664 5545 1750 5604 80.

158 5618 720 5684 Lacedaemoniorum
774 5622 952 5677 coloni
1010 5619 1182 5684 fuere,
1214 5618 1471 5687 illamque
1495 5618 1640 5673 Asia:
1669 5635 1755 5674 re-

159 5700 392 5770 gionem
416 5704 673 5770 _tenue_re,
704 5707 825 5770 qum
858 5690 1137 5770 Triopium
1168 5689 1234 5769 ad
1269 5703 1419 5741 mare
1441 5690 1716 5770 vergebat.

233 5768 362 5836 (Ἠ)
416 5758 737 5833 Ἀρετὰ-χ·ουῖ
779 5761 903 5818 Fuit
929 5758 1060 5817 is‘et
1097 5759 1221 5829 Cyri
1256 5771 1503 5814 servator
1532 5758 1756 5817 infantis

1858 4578 1997 4617 ram.
2021 4562 2221 4628 Quare,
2257 4563 2532 4617 dehortari
2578 4562 2764 4625 modo,
2811 4569 2987 4615 tutum
3040 4561 3095 4615 in
3137 4561 3333 4631 primis
3378 4574 3445 4614 ac

1859 4669 2113 4709 securum
2143 4645 2409 4723 sophistai
2432 4654 2612 4709 visum
2644 4660 2747 4708 est.
2803 4653 2983 4722 Atque
3025 4652 3172 4706 hunc
3219 4651 3274 4705 in
3317 4638 3440 4705 me-

1858 4746 2010 4810 dum,
2041 4744 2177 4798 nihil
2223 4759 2452 4813 prorsus
2498 4744 2563 4798 ad
2617 4758 2681 4798 ea
2723 4743 3095 4814 respondens,
3126 4757 3358 4813 quorum
3388 4749 3443 4795 te

1859 4837 1963 4907 ipsi
1993 4832 2158 4892 eauSa
2190 4845 2584 4901 convenerant,
2627 4825 2857 4894 miseros
2884 4837 3164 4905 dimisisti,
3200 4837 3293 4907 qui
3321 4851 3443 4892 sese

1859 4937 2041 4986 tamen
2074 4927 2367 5014 abstqlisse
2398 4928 2623 5010 aliquid.
2650 4929 2935 4999 putabant.
2978 4948 2996 4979 ι
3029 4926 3436 4997 Πίεείιυίάοιιι

1859 5019 2137 5085 existimo,
2186 5027 2297 5075 tam
2332 5021 2805 5090 respondentium,
2839 5035 3004 5090 quam
3033 5016 3437 5074 consulentium

1859 5111 2312 5175 imbecillitatem,
2345 5108 2622 5183 quamque
2651 5113 2873 5168 oracula
2924 5100 3113 5167 istb'iec
3136 5109 3321 5167 omnia
3362 5108 3443 5163 di-

1858 5202 2000 5258 vinze
2045 5190 2531 5275 facultatis'vacua
2577 5205 2715 5273 sint,
2755 5204 2972 5273 abunde
3022 5204 3268 5272 coargui.
3316 5201 3436 5256 Jam

1859 5292 2132 5350 maleﬁcas
2156 5304 2208 5350 et
2228 5292 2604 5352 fraudulentas
2626 5304 2791 5362 artes,
2815 5311 2914 5351 seu
2941 5294 3213 5349 malorum
3238 5295 3441 5350 daemo-

1857 5569 1912 5616 et
1944 5560 2283 5633 fortissimus
2318 5536 2637 5633 imperator.

1890 5632 2043 5758 "(39)
2094 5632 2326 5759 ἰσέίμὸν
2348 5625 2453 5704 μὴ.
2500 5631 3007 5701 ιιςνοιιοιπιαθμὸν
3035 5629 3104 5713 δὲ
3119 5628 3204 5701 μή
3263 5625 3434 5685 sm.

1858 5719 1926 5761 l'll
1991 5720 2059 5760 uo
2091 5718 2192 5759 Stln
2224 5742 2237 5758 .
