3894 6220
495 243 593 297 591

1177 239 1446 295 EUSEBll
1487 236 1969 295 CESARlENSIS
2007 236 2074 292 Ol

2199 235 2384 292 PARS
2412 235 2477 291 ιι.
2494 267 2562 285 -ν
2597 228 3097 292 APOLOGETICA.

3660 245 3762 301 392

481 357 624 426 Quid
664 359 829 429 igitur
880 359 1012 413 illttd
1055 367 1220 422 erat,
1275 357 1631 426 quamobrem
1687 357 2074 411 Archilochum

2181 355 2292 419 λοις
2328 353 2633 425 ἀνθρώποις
2668 355 2766 426 τῆς
2816 356 2927 409 ἄνω
2963 354 3102 407 ὁδοῦ.
3133 354 3197 408 Τί
3235 358 3491 428 πράττειν
3522 359 3760 422 κελεύεις

478 454 624 507 ιωιο
654 453 877 523 dignum
903 450 1158 522 ptttares?
1178 448 1255 503 Ne
1283 450 1494 503 caneris
1524 448 1862 513 hominibus,
1887 463 1920 501 o
1948 449 2078 502 deo-

482 558 606 598 rum
652 543 1091 606 humanissime,
1146 541 1250 594 hoc
1302 541 1355 594 in
1402 541 1602 595 cmlum
1662 540 1765 593 iter
1808 539 2074 593 invideas.

484 633 624 701 Quid
659 650 689 689 a
717 635 877 688 nobis
900 634 1122 687 tandem
1155 632 1366 701 exigis?
1414 633 1609 701 opinor
1629 675 1643 697 ,
1676 639 1737 685 ut
1763 631 2076 686 Archilochi

482 727 732 795 vestigiis
776 727 1116 786 insistamus,
1167 724 1213 778 si
1251 724 1361 777 tuis
1403 723 1550 793 digni
1594 724 1879 793 penatibus
1908 722 2075 775 videri

482 819 794 886 cupiamus.
861 815 1091 871 Acerbis
1124 830 1317 884 nempe
1353 815 1616 869 conviciis
1644 814 1947 869 laceranda:
1982 829 2080 867 no-

481 910 569 966 bis
598 910 884 972 mulieres,
931 925 1053 978 qua:
1078 888 1391 977 coniugium
1419 918 1666 960 nostrum
1697 906 2034 975 repudiarint
2060 923 2073 958 :

481 1001 771 1058 mordendi
828 1016 1048 1069 quoque
1092 1003 1245 1069 pueri
1295 1000 1594 1065 meritorii,
1627 1014 1753 1053 cum
1785 999 1944 1067 longe
1976 998 2075 1051 im-

482 1091 688 1161 probos
717 1104 910 1144 omnes
941 1090 1292 1159 improbitate
1324 1104 1387 1143 ac
1414 1088 1618 1156 ﬂagitio
1653 1099 1930 1157 superent.
1978 1086 2081 1142 Ve-

481 1198 609 1238 rum
646 1183 698 1236 id
734 1183 922 1251 utique
950 1198 1109 1236 versu
1148 1181 1458 1235 faciendum
1486 1182 1611 1246 erit,
1637 1180 1783 1249 quod
1811 1195 1875 1233 ea
1905 1180 1977 1233 sit
1999 1179 2078 1233 uti

481 1275 710 1331 deorum
733 1317 747 1340 ,
784 1276 866 1330 sic
895 1275 1207 1329 divinorum
1248 1274 1531 1328 hominum
1555 1313 1570 1335 .
1613 1273 1792 1342 qualis
1825 1272 2078 1327 Archilo-

483 1367 623 1421 chus
651 1366 772 1430 fuit,
803 1366 1020 1435 pr0pria
1048 1374 1099 1420 et
1124 1365 1417 1435 peculiaris
1444 1364 1641 1419 oratio.
1676 1363 1861 1433 Neque
1888 1363 1940 1417 id
1966 1362 2079 1416 for-

485 1465 633 1513 tasse
650 1460 871 1513 mirum.
892 1457 1027 1512 Nam
1047 1468 1100 1513 et
1117 1456 1451 1512 familiarum
1483 1458 1713 1522 scilicet,
1745 1457 2078 1527 privataeque

484 1549 614 1605 vitae
646 1552 887 1606 rationes
907 1590 921 1613 ,
948 1558 1003 1605 et
1034 1549 1570 1620 rerumpublicarum
1606 1549 1921 1615 concordia,
1949 1549 2081 1618 opti-

484 1643 704 1710 misque
735 1643 947 1714 legibus
970 1641 1269 1697 constituta
1294 1642 1622 1711 populorum
1652 1640 1957 1712 integritas,
1984 1641 2080 1694 hu-
2107 1622 2115 1631 ’

482 1729 577 1800 jus
604 1731 953 1799 potissimum
985 1731 1118 1785 artis
1155 1730 1476 1785 excellentia
1509 1730 1840 1785 continetur.
1864 1754 1867 1755 ν
1891 1732 2077 1800 Itaque

482 1837 587 1877 nec
622 1822 775 1876 illum
803 1822 924 1877 sine
950 1837 1116 1877 causa
1138 1837 1243 1892 pro
1266 1819 1544 1875 Musarum
1584 1823 1781 1876 cliente
1812 1822 2069 1889 habuisti,

481 1922 535 1967 et
560 1912 708 1969 illius
740 1912 1147 1968 interfectorem
1179 1922 1384 1978 vestro,
1432 1912 1536 1967 hoc
1565 1923 1649 1967 est
1679 1912 1865 1966 divino
1888 1950 1903 1976 ,
1939 1928 2073 1965 con-

482 2018 675 2074 gressu
709 2011 765 2057 et
806 2018 939 2058 voce
969 2019 1200 2073 prorsus
1247 2003 1532 2072 indignum
1583 2002 1826 2071 putasti,
1865 2001 1956 2069 qui
1992 2001 2072 2054 vi-

479 2109 604 2148 rum
630 2109 805 2164 usque
830 2095 966 2150 adeo
997 2096 1241 2149 vocalem
1274 2093 1641 2149 interfecerat.
1692 2093 1835 2164 Ergo
1865 2110 1964 2148 nec
1990 2095 2073 2147 in—

478 2182 643 2255 iustae
666 2184 889 2239 fuerunt
920 2185 975 2239 in
1008 2185 1267 2239 Archiam
1301 2184 1482 2247 minae,
1501 2198 1609 2238 nec
1639 2183 1948 2252 importuna
1975 2183 2074 2253 Py-

481 2277 630 2343 thia,
678 2292 802 2347 qua:
839 2290 894 2332 et
920 2277 1312 2332 Archilochum
1345 2274 1555 2345 pridem
1579 2274 1705 2329 licet
1737 2276 2069 2351 exstinctum

477 2369 879 2432 ulcisceretur,
926 2382 981 2423 et
1008 2369 1237 2439 ‘templo’
1260 2368 1523 2423 excedere
1554 2368 1805 2437 impium'
1828 2382 1891 2421 ac
1923 2366 2073 2421 nefa-

480 2462 626 2515 rium
652 2462 926 2516 hominem
943 2462 1179 2531 iuberet.
1200 2460 1430 2530 Quippe,
1451 2458 1730 2515 Musarum
1746 2459 1890 2514 enim
1905 2459 2074 2513 clien-

482 2562 594 2608 tem
629 2554 927 2621 occiderat.
971 2554 1114 2624 Ergo
1142 2569 1319 2622 neque
1356 2552 1489 2607 mihi
1516 2552 1758 2607 absurde
1789 2547 1970 2606 facere
1992 2551 2072 2604 vi-

483 2660 582 2700 sus
612 2660 695 2713 es,
722 2647 852 2700 dum
880 2657 930 2700 te
962 2657 1135 2713 poene
1165 2644 1436 2699 vindicem
1472 2643 1799 2713 praestitisti.
1847 2640 1985 2697 Nam
2019 2650 2074 2716 et

481 2737 711 2794 alterius
738 2738 871 2792 mihi
903 2747 1077 2808 poeta:
1097 2780 1112 2805 ,
1140 2748 1194 2792 et
1228 2752 1509 2793 sacrarum
1544 2734 1821 2806 Euripidis
1848 2749 2074 2791 corona-

484 2843 608 2882 rum
640 2827 694 2882 in
729 2838 965 2884 mentem
1001 2828 1171 2882 venit.
1226 2825 1467 2882 Tametsi
1498 2826 1740 2881 dubitem
1775 2826 2069 2889 interdum,

483 2935 662 2990 eoque
690 2920 956 2984 libenter,
985 2906 1141 2974 "no'n
1178 2920 1294 2989 jam
1355 2928 1678 2973 coronatum
1718 2932 1843 2973 eum
1880 2916 2069 2979 fuisse.

484 3010 581 3065 sed
610 3011 966 3080 quamobrem
997 3024 1167 3064 sacra:
1197 3009 1318 3078 ejus
1344 3023 1565 3063 coronae
1585 3008 1859 3073 dicantur,
1895 3022 2073 3077 neque

482 3109 702 3170 partum
736 3101 806 3154 ab
838 3115 906 3155 eo
952 3098 1120 3154 decus
1153 3115 1276 3154 esse
1299 3139 1314 3164 ,
1362 3100 1454 3154 sed
1504 3092 1768 3168 quorsum
1790 3098 2071 3157 eximium

485 3193 656 3248 decus
688 3192 819 3246 illud
854 3191 1175 3259 appelletur,
1205 3190 1495 3245 audierim.
1526 3188 1747 3244 Homini
1774 3192 1920 3245 enim
1944 3205 2073 3245 vero

486 3285 647 3338 turba
688 3284 1011 3353 plaudebat;
1068 3283 1202 3338 satis
1237 3284 1341 3337 hoc
1389 3283 1515 3338 novi
1568 3302 1581 3337 :
1636 3282 1881 3353 tyrannis
1930 3282 2071 3336 idem

486 3375 767 3446 placebat;
793 3376 1057 3431 neisthuc
1082 3375 1304 3446 quidem
1337 3375 1531 3446 ignoro
1565 3395 1579 3430 :
1613 3384 1781 3445 atque
1805 3375 2072 3445 ejusmodi

2178 448 2361 517 ἡμᾶς;
2396 442 2432 517 ἦ
2465 446 2670 517 δηλαδὴ
2711 446 2781 499 τὰ
2830 446 3163 516 Ἀρχιλόχου,
3208 450 3256 500 εξ
3299 450 3581 522 μέλλοιμεν
3611 450 3754 515 ἄξιοι

2179 538 2463 609 φανεῖσθαι
2490 540 2589 609 τῆς
2615 539 2886 610 ὑμετέρας
2925 539 3129 602 ἑστίας.
3168 541 3490 613 Λοιδορῆσαι
3529 534 3627 611 μὲν
3669 554 3763 589 πι-

2176 629 2326 701 κρῶς
2345 629 2443 693 τὰς
2471 630 2570 683 οὐκ
2595 630 2882 692 ἐθελούσας
2908 633 3038 701 ἡμῖν
3077 629 3388 700 γαμεῖσθαιο
3421 630 3665 700 ἅψασθαι
3705 631 3762 683 δὲ

2177 721 2271 774 καὶ
2292 720 2401 773 τῶν
2420 719 2696 782 κιναίδων,
2732 720 2920 790 ἐπειδὴ
2960 721 3072 773 τῶν
3112 722 3288 774 ἄλλων
3326 720 3577 792 πονηρῶν
3627 722 3763 774 πολὺ

2177 825 2313 879 πονη
2325 808 2532 879 ρὸτεροί
2559 810 2686 861 εἰσι·
2704 809 2806 861 καὶ
2828 809 2947 878 οὐχὶ
2974 809 3097 879 δίχα
3121 811 3339 881 μέτρου,
3366 810 3506 878 αῦτη
3521 809 3629 880 γὰρ
3649 811 3767 862 διά-

2176 900 2364 965 λεκτος
2387 903 2479 955 καὶ
2501 902 2660 966 θεῶν,
2688 902 2877 973 ὥσπερ
2899 899 2992 955 οὖν
3019 904 3113 955 καὶ
3134 904 3293 955 θείων
3321 904 3551 974 ἀνδρῶν,
3573 902 3765 975 ὥσπερ

2190 993 2523 1065 Ἀρχιλόχου.
2552 995 2662 1047 Καὶ
2690 994 2842 1046 οὐδὲν
2868 995 2996 1058 ἴσως
3023 994 3359 1064 θαυμαστόν·
3395 994 3482 1048 διὰ
3523 994 3634 1067 γὰρ
3662 998 3764 1066 τὴν

2176 1086 2235 1138 ὲν
2284 1084 2492 1147 τούτοις
2540 1085 2811 1155 ὑπεροχὴν
2856 1080 2916 1138 εὖ
2970 1086 3067 1156 μὲν
3112 1082 3258 1162 οἶκος
3308 1087 3559 1151 οἰκεῖται,
3602 1084 3659 1140 εὖ
3704 1087 3764 1139 δὲ

2180 1177 2395 1248 ἰδιώτης
2426 1177 2559 1246 βίος,
2591 1176 2775 1240 πόλεις
2797 1176 2853 1230 δὲ
2882 1178 3218 1249 δμοφρόνως,
3247 1179 3342 1231 καὶ
3368 1178 3491 1248 ἔθνη
3517 1177 3763 1248 εὐνόμως

2166 1269 2516 1336 συνεστᾶσιν.
2550 1268 2663 1320 Οὐκ
2700 1267 3007 1331 ἀπεικότως
3043 1268 3152 1339 ἄρα
3186 1284 3265 1321 σοι
3293 1268 3386 1322 καὶ
3412 1268 3643 1321 Μουσῶν
3670 1268 3763 1321 θε-

2182 1360 2368 1431 ράπων
2422 1361 2495 1430 (8)
2550 1357 2725 1424 ἔδοξεν
2780 1355 2938 1423 εἶναι,
2996 1362 3091 1413 καὶ
3143 1360 3173 1413 ὁ
3228 1361 3423 1431 φονεὺς
3461 1359 3625 1413 αὑτοῦ
3657 1360 3764 1415 οὐκ

2178 1449 2327 1513 ἄξιος
2365 1444 2507 1503 εἶναι
2551 1449 2650 1519 τῆς
2689 1449 2826 1521 πρὸς
2857 1450 3000 1520 ὑμᾶς
3036 1451 3164 1514 τοὺς
3196 1450 3352 1514 θεοὺς
3377 1451 3605 1513 εἰσόδου,
3638 1452 3765 1504 οὐδὲ

2184 1543 2284 1613 τῆς
2313 1543 2441 1613 παρ’
2471 1542 2625 1613 ὑμῶν
2653 1542 2856 1612 φωνῆς,
2896 1543 3062 1613 ἄνδρα
3089 1544 3253 1612 φονέα
3284 1543 3410 1597 ὅντα
3443 1557 3469 1584 ι
3504 1544 3763 1596 ἀποκτει-

2180 1652 2297 1699 νας.
2342 1634 2551 1688 Οὔκουν
2580 1635 2815 1706 ἄδικοςή
2850 1635 2985 1707 πρὸς
3043 1635 3135 1689 τὸν
3173 1636 3388 1707 Ἀρχίαν
3430 1637 3503 1705 (9)
3540 1637 3762 1707 ἀπειλὴ,

2178 1723 2287 1776 οὐδ’
2330 1723 2556 1793 ἄκαιρος
2594 1726 2627 1795 ἠ
2675 1723 2848 1776 Πυθία
2890 1710 3207 1795 τιμωροῦσα
3240 1725 3317 1795 τῷ
3362 1725 3655 1796 Ἄρχιλόχῳ
3683 1726 3764 1796 τῷ

2180 1814 2348 1868 πάλαι
2384 1814 2583 1885 νεκρῷ,
2614 1816 2709 1869 καὶ
2748 1815 3051 1869 κελεύσασα
3097 1816 3208 1888 (10)
3252 1815 3449 1880 ἐξιέναι
3497 1817 3591 1870 τοῦ
3629 1817 3763 1870 ναοῦ

2187 1908 2281 1961 τὸν
2337 1911 2526 1981 ἐναγῆ·
2598 1910 2870 1964 Μουσάων
2918 1909 3028 1981 γὰρ
3087 1910 3376 1963 ἀπέκτεινε
3433 1910 3761 1981 θεράποντα.

2179 1998 2387 2053 Οὔκουν
2414 2001 2458 2070 (Ι
2482 2001 2528 2070 ι)
2564 2000 2736 2070 ἔμοιγ’
2765 1999 3004 2071 ἐφάνης,
3044 1998 3337 2069 ἐπαμύνων
3389 2000 3467 2071 τῷ
3522 2004 3720 2072 ποιητῇ
3745 2043 3762 2067 ,

2178 2092 2433 2164 ἀπρεπὴς
2462 2088 2622 2148 εἶναι·
2660 2095 2987 2166 ἐμεμνήμην
3014 2092 3123 2165 γάρ
3142 2093 3236 2149 ui.
3273 2092 3366 2147 τοῦ
3392 2094 3574 2161 ῂέρου
3599 2111 3766 2165 ποιη-

2176 2184 2294 2247 τοῦ,
2317 2185 2412 2237 καὶ
2444 2185 2550 2238 τῶν
2576 2186 2737 2257 ἱερῶν
2769 2186 2862 2239 τοῦ
2897 2186 3189 2258 Εὐριπίδου
3226 2185 3524 2260 στεφάνων·
3577 2187 3763 2239 καίτοι

2178 2275 2421 2346 ἀπορῶν,
2455 2276 2548 2328 καὶ
2565 2275 2795 2329 ἀκοῦσαι
2825 2276 3127 2347 ἐπιθυμῶν,
3160 2277 3257 2346 οὐχ
3275 2277 3355 2328 ὅτι
3376 2276 3761 2345 ἐστεφανοῦτο,

2178 2367 2313 2420 ἀλλὰ
2353 2367 2468 2431 πῶς
2515 2364 2582 2439 ῆν
2626 2367 2695 2420 τὰ
2724 2368 2895 2437 στέφη
2935 2367 3109 2420 ταῦτα
3146 2368 3286 2437 ἱερά’
3326 2368 3436 2419 οὐδ’
3482 2368 3565 2420 δτι
3595 2368 3761 2420 αὑτοῦ

2179 2460 2332 2522 κλέος
2356 2460 2584 2529 ὄρουσαν
2608 2462 2741 2530 (l2),
2772 2460 2907 2513 ἀλλὰ
2921 2462 3035 2524 πῶς
3056 2460 3241 2512 ἐσθλὸν
3267 2454 3336 2529 ἦν
3354 2460 3528 2513 τοῦτο.
3565 2461 3761 2532 Ἐκροι-

2178 2552 2423 2616 ταλίζετο
2468 2554 2565 2623 μὲν
2627 2553 2735 2624 γὰρ
2773 2554 2834 2606 ἐν
2863 2556 2975 2616 τοῖς
3000 2584 3003 2587 -
3027 2553 3225 2624 ὄχλοις,
3250 2548 3385 2605 οἶδα·
3431 2554 3525 2606 καὶ
3562 2553 3763 2623 τυράν-

2178 2661 2289 2709 νοις
2317 2646 2515 2716 ῆρεσκε
2552 2644 2684 2715 (15),
2719 2645 2813 2698 καὶ
2856 2644 3017 2699 τοῦτο
3057 2642 3192 2700 οἶδα·
3232 2648 3328 2699 καὶ
3364 2646 3522 2717 ἔργον
3562 2647 3765 2717 ἐπετηο

2176 2726 2348 2802 δευεν,
2378 2739 2461 2805 ἐφ’
2492 2729 2536 2806 ᾧ
2557 2740 2654 2807 οὐχ
2687 2738 2835 2802 ὅπως
2874 2738 3036 2802 αὐτὸς
3068 2739 3409 2810 ἐθαυμάζετο
3438 2739 3467 2789 ὁ
3498 2739 3759 2810 ἐραστὴς,

2178 2825 2291 2879 ἀλλ’
2324 2828 2423 2898 ἤδη
2452 2828 2544 2881 καὶ
2576 2827 2683 2880 τῶν
2709 2827 3009 2899 Ἀθηναίων
3046 2830 3079 2900 ἠ
3128 2829 3281 2892 πόλις
3325 2826 3458 2900 (Η),
3500 2828 3581 2880 ὅτι
3618 2829 3761 2899 μόνη

2176 2919 2488 2989 τραγῳδοὺς
2516 2921 2763 2991 ἡνεγκεν.
2801 2922 2863 2974 Εἰ
2895 2919 2992 2991 μὲν
3036 2917 3128 2974 οὖν
3158 2921 3187 2973 ὁ
3220 2921 3410 2992 κρότος
3436 2919 3616 2982 ἱκανὸς
3638 2936 3766 2990 κρι-

2176 3012 2297 3082 τὴς,
2343 3013 2436 3065 καὶ
2478 3015 2510 3083 ἡ
2550 3015 2607 3065 ἐν
2657 3013 2952 3085 ἀκροπόλει
2986 3014 3252 3085 τράπεζα,
3292 3014 3441 3066 οὐδὲν
3473 3012 3555 3064 ἑτι
3589 3010 3762 3078 λέγω,

2180 3102 2392 3172 βλέπων
2425 3105 2482 3155 ἐν
2508 3104 2801 3176 ἀκροπόλει
2830 3104 3150 3160 δειπνοῦντα
3180 3105 3271 3158 τὸν
3305 3104 3615 3175 Εὐριπίδην,
3662 3103 3766 3156 καὶ

2177 3193 2267 3248 τὸν
2304 3194 2605 3265 Ἀθηναίων
2635 3197 2749 3267 ἅμα
2773 3197 2867 3250 καὶ
2899 3197 2989 3250 τὸν
3016 3198 3339 3251 Μακεδόνων
3368 3196 3539 3266 δῆμον
3563 3196 3761 3264 ἐπιψο-

2181 3286 2403 3355 φοῦντα’
2427 3288 2475 3339 εἰ
2502 3288 2557 3341 δὲ
2577 3290 2670 3341 καὶ
2702 3288 2822 3359 δίχα
2842 3289 3044 3342 τούτων
3059 3290 3171 3342 ἔστι
3192 3306 3277 3353 τις
3292 3290 3382 3342 καὶ
3399 3289 3533 3341 θεῶν
3554 3289 3762 3358 ψῆφος,

2180 3380 2275 3431 καὶ
2313 3379 2629 3452 αύτοπιστή,
2674 3381 2767 3434 καὶ
2811 3382 2909 3452 ούχ
2960 3383 3137 3452 ἥττων
3180 3380 3423 3458 τῆςθτῶν
3459 3382 3761 3453 τυράννων,

490 3474 660 3519 artem
687 3464 983 3528 factitabat,
1018 3481 1139 3535 quae
1183 3480 1291 3518 non
1322 3468 1552 3520 amatori
1586 3481 1687 3522 suo
1716 3475 1946 3531 tantum,
1982 3467 2074 3522 sed

2181 3468 2301 3522 οὐδὲ
2336 3469 2437 3541 τῆς
2478 3470 2586 3523 τῶν
2636 3470 2825 3541 ὄχλων·
2871 3472 3027 3543 φέρε,
3079 3473 3285 3543 φράσον
3341 3474 3472 3543 ἡμῖν
3513 3473 3607 3524 ἐπὶ
3650 3470 3763 3525 τίνι

487 3557 719 3613 Athenis
762 3559 924 3613 etiam
975 3559 1108 3629 ipsis
1157 3559 1576 3615 admirationem
1629 3558 1979 3625 conciliaret,
2056 3557 2245 3631 utpote
2298 3576 2433 3631 quae.
2491 3564 2770 3632 tragtedos
2812 3579 2919 3618 una
2951 3566 3197 3619 omnium
3245 3565 3477 3620 tulisset.
3534 3563 3591 3617 Si
3624 3578 3762 3631 ergo

488 3649 574 3702 vel
607 3649 709 3704 iste
759 3650 1006 3719 plausus,
1038 3651 1124 3705 vel
1177 3652 1442 3708 instructa
1489 3654 1543 3707 in
1600 3668 1727 3707 arce
1783 3667 2006 3716 mensa,
2068 3654 2247 3709 idonei
2295 3663 2425 3709 sunt
2470 3655 2574 3710 hoc
2624 3656 2680 3709 in
2726 3672 2923 3727 genere
2966 3658 3177 3721 arbitri,
3221 3658 3357 3712 nihil
3416 3657 3554 3712 addo
3586 3674 3600 3709 :
3632 3655 3761 3708 novi

490 3743 636 3795 enim
668 3751 721 3796 et
745 3742 798 3795 in
827 3758 955 3799 arce
983 3743 1297 3814 Euripidem
1335 3759 1604 3807 cmnasse,
1655 3751 1708 3798 et
1738 3743 2150 3797 Atheniensium
2194 3754 2357 3813 atque
2401 3743 2752 3800 Macedonum
2793 3746 2987 3816 plausu
3034 3746 3362 3801 celebratum
3390 3745 3639 3799 eumdem
3672 3744 3762 3797 fu-

492 3837 622 3892 isse.
649 3839 741 3892 Sin
773 3850 955 3895 autem
981 3841 1201 3911 aliquod
1244 3851 1502 3911 przeterea
1554 3840 1781 3894 deorum
1834 3840 2152 3909 suffragium
2190 3844 2501 3908 acoesserit,
2541 3844 2686 3912 quod
2737 3843 2933 3913 utique
2974 3842 3175 3897 etfide
3207 3822 3301 3911 per
3345 3857 3463 3897 sese
3504 3842 3758 3912 dignum,

492 3949 594 3989 nec
643 3944 999 4007 tyrannorum
1069 3936 1259 3992 saltem
1294 3944 1391 3989 aut
1454 3934 1814 3989 multitudinis
1864 3934 2121 4004 opinione
2190 3934 2363 3990 levius
2407 3950 2528 3990 esse
2566 3934 2799 3990 debeat:
2838 3951 2935 4005 age
2967 3936 3063 4003 sis,
3106 3949 3295 4007 prome
3323 3935 3536 3988 tandem
3571 3937 3758 4000 nobis,

577 4156 605 4185 ι
646 4161 737 4213 φρ.
763 4110 1064 4215 φωνάεντα.

523 4322 637 4449 ἰ(ῗ)
676 4320 940 4377 Μουσῶν
968 4321 1259 4391 θεράπων,
1283 4330 1389 4379 etc.
1432 4321 1632 4379 Sttidas
1659 4323 1847 4380 eadem
1884 4325 1937 4379 in
1960 4322 2068 4377 Ar-

559 4411 576 4449 ι
602 4409 714 4447 oce.

491 4409 714 4451 ιηιιοσο.

564 4485 644 4555 (9)
688 4483 803 4555 Τὸν
831 4484 1095 4555 Ἀρχίαν.
1138 4482 1541 4539 lnterfectorcm
1571 4484 1906 4549 Archilochi,
1942 4483 2073 4555 Sui-

493 4554 595 4612 das
639 4564 695 4610 et
738 4554 854 4619 alii,
898 4554 1008 4609 non
1061 4556 1345 4617 Archiam,
1379 4565 1439 4610 ιιι
1461 4554 1795 4619 ()Enomaus,
1822 4556 1913 4608 sed
1953 4554 2076 4608 Kal-

494 4627 715 4681 londam
764 4634 982 4694 vocant,
1011 4635 1378 4694 cognomento
1436 4626 1709 4679 Coracem.
1748 4624 2074 4679 Plutarchus

494 4698 573 4752 De
609 4712 726 4749 sera
756 4693 1007 4749 Numinis
1042 4693 1298 4759 vindicta,
1337 4710 1458 4765 pag.
1490 4696 1594 4749 560
1620 4695 1659 4765 Ε
1687 4696 1777 4749 :'U
1805 4695 1910 4765 γὰρ
1932 4696 2076 4765 κάπο-

494 4765 739 4837 κτείνας,
761 4766 956 4837 inquit,
983 4766 1039 4837 ἐν
1066 4768 1133 4837 τῇ
1168 4766 1313 4837 μάχῃ
1347 4764 1437 4818 τὸν
1478 4764 1805 4837 Ῐᾼρχίλοχον,
1826 4764 2074 4837 ἐκαλεῖτο

495 4783 735 4830 κτεινας,
761 4782 956 4835 tnquu,
983 4782 1039 4818 εν
1066 4782 1133 4837 τῃ
1168 4782 1325 4886 μαχῐὲ
1347 4782 1437 4818 τον
1484 4782 1705 4836 Λρχιλοε
1727 4783 1805 4825 ον,
1826 4782 2072 4818 εκαλειτο

495 4835 1162 4913 Κ-αλλώνδηςη-ὼς-έοικεν
1179 4852 1190 4864 ·
1206 4832 1297 4913 ἦν.
1326 4837 1340 4855 ’
1356 4834 1513 4913 ,αὐτῷ
1532 4785 1725 4913 Κέραέ
1741 4834 2072 4913 ἐπωνύμιον.

509 4903 822 4976 Ἐκϐληθεὶς
846 4905 902 4957 δὲ
929 4905 995 4976 το
1021 4903 1240 4976 πρῶτον
1415 4903 1513 4976 τῆς
1563 4903 1787 4969 Πυθίας,
1829 4906 1911 4976 ὼς
1934 4903 2080 4975 ἱερὸν

496 4977 665 5049 ἄνδρα
688 4971 793 5049 τῶν
808 4974 1040 5028 Μουσῶν
1063 4971 1517 5049 ἆνῃρηκῲςηεῖτα
1540 4971 2077 5049 χρησάμεᾲνοςᾲλιταῖς

495 5043 643 5117 τισί,
676 5048 770 5117 καὶ
819 5043 1333 5117 προτροπῆς-’μετά
1370 5043 1749 5117 δικαιολογίας,
1784 5043 2075 5117 ἐκελεύσθη

497 5112 1057 5189 πορευθεὶς-ἐπιτὴν
1099 5112 1206 5189 τοῦ
1239 5115 1494 5189 Τέττιγος
1525 5116 1759 5186 οἴκησιν,
1795 5112 2076 5167 ἱλάσασθαι

495 5184 598 5259 τὴν
635 5185 727 5239 τοῦ
770 5185 1082 5257 Ἀρχιλόχου
1114 5184 1313 5255 ψυχήν.

570 5278 681 5346 (16)
723 5277 1099 5332 Κελεύσασα.
1157 5275 1452 5345 Perperam
1501 5275 1554 5330 in
1595 5291 1801 5331 excuso
1846 5275 2073 5339 Graeco,

498 5348 778 5471 ἒελεύσρς.
812 5346 1014 5401 Versus
1042 5362 1153 5417 quo
1182 5348 1333 5401 illum
1359 5364 1425 5402 ex
1468 5350 1598 5401 lano
1629 5347 1822 5419 Pythia
1848 5346 2074 5415 expulit,

543 5434 592 5471 te
625 5435 683 5471 es
746 5435 758 5471 :
898 5448 899 5453 η
1772 5466 1779 5471 .

543 5421 592 5472 ic
625 5427 707 5472 est
746 5435 758 5471 :
898 5448 899 5453 η

499 5510 799 5563 Μουσάων
833 5509 1167 5579 θεράποντα
1192 5508 1572 5574 κατέκτανες,
1597 5507 1747 5579 ἔξιθι
1768 5507 1941 5575 νηοῦ.

574 5580 684 5644 (ll)
730 5578 984 5637 Οὔκουν.
1025 5580 1103 5636 lta
1133 5582 1322 5648 malui,
1356 5595 1521 5649 quam
1574 5578 1792 5645 οὐκοῦν,
1844 5589 1902 5633 ιιι
1952 5584 2077 5631 ante

504 5648 798 5720 legebatur.

3063 4127 3089 4136 -ο

2251 4318 2363 4391 (12)
2402 4316 2597 4391 Αὑτοῦ
2629 4314 2804 4391 κ.ζέος
2822 4312 3111 4391 ὄρουσαν.
3155 4313 3414 4369 Existimo
3459 4312 3759 4391 legendum

2174 4385 2340 4445 αὐτοῦ
2372 4391 2452 4451 εἰς
2483 4388 2637 4451 κλέος
2673 4388 2920 4458 ὄρουσαν.
2958 4386 3089 4452 Quae
3135 4395 3405 4458 postrema
3440 4400 3539 4437 vox
3579 4385 3633 4437 in
3668 4386 3760 4438 al-

2176 4470 2295 4516 tero
2318 4453 2817 4512 manuscr.-exs'tat.
2843 4456 2909 4511 Et
2933 4472 3058 4510 vero
3084 4453 3605 4525 re'petitainomaus
3631 4472 3764 4509 ora.
3856 4482 3857 4487 η

2177 4532 2287 4586 culi
2316 4531 2500 4593 verba,
2538 4544 2658 4597 pag.
2690 4529 2918 4596 pramed.
2953 4528 3043 4581 ubi
3074 4524 3369 4597 legebatur,
3394 4525 3486 4577 καὶ
3513 4525 3571 4587 ἐς
3595 4524 3763 4589 κλέος

2176 4601 2362 4655 ἐσθλὸν
2394 4598 2627 4672 ὀρούσει.

2249 4672 2360 4740 (151
2408 4664 2732 4736 Τυράννως
2758 4667 3002 4740 ἤρεσκε.
3044 4667 3369 4740 Archelaum
3423 4664 3503 4740 in__
3532 4664 3762 4740 primis,

2176 4732 2506 4795 Macedonia}
2545 4754 2720 4807 regem
2757 4732 3029 4805 intelligit,
3057 4738 3198 4806 apud
3250 4750 3410 4806 quem
3462 4732 3765 4804 Euripides

2177 4812 2351 4883 gratia
2383 4820 2437 4883 et
2463 4810 2782 4883 auctoritate
2806 4810 2994 4883 valuit,
3012 4809 3222 4883 lnirum
3253 4814 3537 4883 quantum.

2170 4872 2207 4931 .“’
2248 4882 2358 4949 (lt)
2386 4879 2712 4947 Ἀθηναίων
2732 4878 2987 4949 quam.
3010 4876 3181 4949 Etiam
3211 4872 3350 4945 apud
3383 4875 3586 4949 hostes.
3620 4872 3770 4928 Pluc

2178 4945 2402 5005 tarchus
2440 4945 2583 5003 enim
2638 4948 2691 5001 in
2728 4947 2909 5009 Nicia,
2936 4949 3039 5001 sub
3081 4948 3201 5010 lin.,
3246 4961 3370 5014 pag.
3400 4945 3526 5009 542,
3556 4956 3769 4999 auctor

2177 5035 2281 5086 est,
2314 5020 2526 5074 Siculos
2551 5019 2807 5079 victores,
2838 5020 3176 5085 captivorum
3210 5016 3629 5069 Atheniensium
3647 5016 3773 5086 με.

2177 5106 2246 5144 ne
2269 5084 2461 5144 multis
2491 5089 2719 5142 salutem
2750 5084 2983 5151 dedisse,
3013 5089 3158 5155 quod
3191 5087 3260 5140 ab
3287 5086 3395 5155 illis
3421 5100 3613 5155 versus
3644 5084 3774 5138 Eu-

2179 5162 2368 5229 ripidis
2400 5160 2614 5226 aliquos
2639 5158 2988 5229 didicissent;
3020 5153 3298 5229 additque,
3333 5154 3440 5229 τῷν
3468 5153 3772 5229 σωθέντων

2177 5224 2359 5283 οἴκαδε
2402 5224 2626 5297 συχνοὺς
2669 5226 3014 5279 ἀσπάσασθαι
3051 5227 3141 5279 τὸν
3168 5225 3464 5297 Εὐριπίδην
3493 5224 3775 5297 φιλοφρόη

2176 5318 2300 5363 νως,
2329 5300 2422 5352 καὶ
2462 5295 2784 5366 διηγεῖσθαι,
2809 5299 2933 5358 τοὺς
2963 5298 3078 5365 μὲν,
3126 5297 3206 5348 ὅτι
3227 5295 3565 5356 δουλεύοντες
3593 5296 3774 5364 ἀφεί-

2178 5369 2379 5441 Θησαν,
2427 5369 2791 5441 naiasin—.5;
2843 5368 2943 5441 δσα
2992 5368 3098 5441 τιῖιν
3136 5366 3366 5441 ,ἐκείνου
3433 5368 3778 5441 ποιημάτων

2177 5435 2501 5510 ἐμέμνηντο·
2552 5438 2796 5510 τοφςηδὲ,
2844 5437 2924 5488 δτι
2976 5435 3313 5510 πλανώμενοι
3348 5435 3627 5510 Petilii!
3665 5442 3782 5504 μάθ

2177 5502 2301 5580 χὴν,
2324 5502 2529 5582 τροφῆς
2557 5508 2650 5561 καὶ
2679 5506 2867 5569 ὓδατος
2898 5502 3213 5577 μετέλαὸον,
3241 5502 3361 5560 τῶν
3386 5503 3566 5577 μελῶν
3599 5502 3795 5579 eam;

2177 5596 2286 5643 τες.
