3894 6220
96 325 195 382 393

1260 336 1583 396 PREPAR.
1633 338 1882 399 EVANG.
1923 343 2051 402 LIB.
2098 343 2164 402 ν.

3234 342 3342 404 394

91 436 191 539 τῶν
233 436 747 539 κριῶν-ἠνέγκατε
799 445 956 516 ὑμεῖς
1000 450 1049 503 οἱ
1092 436 1204 505 θεοὶ
1247 452 1347 525 τὴν
1380 454 1519 527 ὑπὲρ
1577 473 1645 509 τοί

1776 459 1942 530 229
1964 460 2159 531 ecquid
2189 459 2319 516 illud
2345 460 2509 515 fuerit
2533 468 2642 539 tam
2665 460 3007 531 praclarum,
3032 464 3176 535 quod
3196 463 3340 520 hanc

90 524 375 598 Εὐριπίδου
399 529 578 600 ψῆφον
601 549 616 564 ο
649 534 735 588 ἵνα
773 539 1096 611 σπεύσωμεν
1140 542 1235 596 καὶ
1270 524 1551 616 διώξωμεν
1577 547 1669 602 τὸν

87 618 311 712 οδρανδν
346 624 489 677 κατὰ
515 625 685 691 πόδας
714 628 825 684 τῶν
852 630 1132 705 ὑμετέρων
1152 637 1409 691 ἐπαίνων.
1457 639 1531 693 Οὐ
1558 640 1669 712 γὰρ

87 710 149 783 δὴ
175 711 277 768 οὔκ
302 716 415 769 εἰσι
438 718 533 771 καὶ
553 717 650 773 νῦν
667 720 875 793 ἕτοιμοι
896 727 1275 798 κωμῳδεῖσθαι
1299 726 1394 784 καὶ
1422 710 1664 798 Σαϐαῖοι,

89 806 177 859 καὶ
214 807 537 880 Δυκάμὸαι.
570 811 715 883 Πρὸς
743 813 800 868 δέ
821 832 884 886 γε
911 817 975 872 τὸ
1025 819 1416 890 τραγῳδεῖσθαι
1458 823 1560 877 οὐκ
1600 823 1667 879 ἂν

86 895 200 951 οὐδὲ
244 896 344 952 νῦν
385 901 606 974 ὲνσταίη
639 903 766 959 οὔτε
801 909 833 962 ὁ
873 907 1138 982 Θυέστης,
1165 910 1290 966 οὔτε
1322 915 1351 966 ὁ
1393 914 1667 981 Οἰδίπους,

86 986 204 1042 οὔτε
264 991 295 1043 ὁ
341 992 536 1057 Φινεὺς
581 996 791 1062 ἐκεῖνος
813 1015 828 1029 °
860 1000 967 1055 οὐδ’
1002 1000 1069 1057 ἃν
1092 1042 1108 1067 ,
1140 1001 1315 1075 οἶμαι,
1342 1004 1668 1079 φθονήσαιεν

83 1080 253 1133 οὐδενὶ
264 1081 628 1155 ἐπιθυμοῦντι
642 1088 821 1156 φιλίας
837 1090 936 1161 τῆς
960 1090 1121 1146 θείων
1141 1093 1188 1164 (i
1202 1094 1372 1164 3-9.5).
1390 1095 1549 1150 Ἀλλά
1572 1099 1668 1152 καὶ

86 1171 233 1226 αὐτοὶ
244 1172 312 1227 ἄν
329 1191 421 1245 μοι
436 1176 666 1234 δοκῶσιν
679 1177 814 1251 (95‘)
829 1182 1047 1250 ἐκεῖνοι,
1064 1185 1112 1238 εἰ
1128 1185 1376 1257 ᾔσθοντο,
1393 1188 1474 1242 ὃτι
1494 1188 1669 1244 ἐσοιτό

83 1279 162 1327 τις
184 1264 507 1338 Εὐριπίδης,
535 1270 675 1343 ἀνὴρ
696 1272 790 1326 ἐπὶ
818 1273 897 1345 τῷ
923 1274 1277 1331 διασκευάσαι
1299 1278 1497 1343 αὐτοὺς
1516 1281 1668 1349 γενό-

87 1373 238 1425 μενος
259 1359 536 1432 θεοφιλὴς,
560 1363 831 1436 ἀμελῆσαι
852 1366 918 1420 ἂν
942 1367 1052 1421 τῶν
1078 1370 1262 1424 κακῶν
1300 1370 1545 1437 ἐκείνων,
1572 1372 1665 1427 καὶ

81 1450 178 1503 οὐκ
223 1451 320 1505 ἐπὶ
361 1453 431 1506 τὰ
475 1454 762 1527 κρείττονα
805 1462 1044 1531 φρονεῖν,
1084 1461 1201 1517 ἀλλ’
1240 1464 1334 1518 ἐπὶ
1366 1463 1427 1518 τὸ
1474 1482 1667 1537 μετρο-

82 1545 251 1596 ποιεῖν
280 1546 609 1613 τραπέσθαι.
641 1551 753 1603 Καὶ
799 1552 907 1607 τῶν
938 1552 1247 1627 ἔμπροσθεν
1284 1555 1588 1629 ἀνθρώπων
1616 1559 1665 1611 εί

76 1635 143 1687 τὰ
164 1636 406 1707 ὀνόματα
436 1638 605 1708 ὄγκου
636 1640 819 1713 πλήρη
857 1644 1074 1713 ἤκουον,
1096 1646 1333 1719 χρῆσθαι
1354 1645 1563 1713 τούτοις
1585 1649 1664 1712 εἰς

76 1726 169 1797 τὴν
205 1730 347 1799 πρὸς
384 1729 480 1784 τὸν
515 1732 747 1805 οὐρανὸν
788 1732 1118 1809 ὁδοιπορίαν,
1173 1738 1239 1792 ἵν’
1266 1738 1510 1803 ἐλθόντες
1538 1738 1668 1793 καθ-

1773 564 1804 603 a
1835 550 2124 605 numinum
2169 566 2430 608 consessu
2477 551 2751 621 Euripidis
2805 555 3336 612 commendationem

1771 646 1825 693 et
1852 639 2293 708 praedicationem
2326 643 2695 712 expresserit:
2733 643 2814 698 uti
2846 658 2947 699 nos
2972 659 3191 715 quoque
3223 661 3340 700 ma-

1772 731 1896 800 gnis
1922 731 1980 787 in
2011 733 2210 790 caelum
2244 735 2497 805 passibus
2528 750 2626 806 per
2666 735 2930 805 impressa
2959 738 3157 793 vestris
3182 738 3342 809 quasi

1773 822 2026 880 laudibus
2056 826 2318 895 vestigia,
2372 826 2788 883 contendamus.
2841 825 2952 883 Nec
2997 828 3144 883 enim
3201 829 3343 887 ullos

1770 917 2004 986 amplius
2052 918 2155 972 hoc
2202 925 2449 988 tempore
2480 920 2565 974 vel
2613 918 2833 975 Sabaeos
2858 962 2873 985 ,
2922 920 3007 974 vel
3039 918 3343 992 Lycambas

1772 1008 2059 1071 habemus,
2087 1009 2371 1066 comoedia:
2395 1011 2601 1066 salibus
2625 1011 2974 1083 dicteriisque
3000 1011 3337 1083 puugendos.

1767 1097 1879 1155 Nec
1908 1100 2055 1156 nllus
2082 1100 2198 1172 jam
2242 1101 2403 1157 nobis
2435 1102 2503 1157 ad
2533 1101 2813 1173 tragoediae
2853 1104 3173 1173 gravitatem
3197 1142 3212 1168 ,
3245 1111 3341 1159 aut

1770 1190 2043 1264 Thyestes
2070 1194 2330 1261 occurrit,
2367 1203 2460 1249 aut
2501 1194 2745 1267 (Edipus
2768 1235 2783 1260 ,
2819 1206 2914 1251 aut
2946 1196 3036 1251 ille
3065 1196 3339 1269 quondam

1767 1281 2026 1339 Phineus.
2074 1284 2217 1353 Quin
2251 1286 2414 1342 etiam
2448 1303 2517 1343 ne
2546 1288 2623 1342 illi
2651 1287 2868 1358 quidem
2889 1328 2904 1353 ,
2938 1288 3153 1358 opinor,
3187 1303 3338 1342 mor-

1770 1375 1958 1430 talium
1982 1375 2078 1430 ulli
2101 1376 2340 1432 divinam
2364 1379 2637 1448 expetenti
2659 1379 2956 1434 amicitiam
2980 1378 3334 1435 invidissent:

1767 1466 1879 1521 imo
1905 1466 1952 1522 si
1976 1469 2267 1536 quemdam
2295 1470 2423 1524 olim
2457 1469 2772 1540 Euripidem
2796 1470 3040 1526 futurum
3069 1471 3340 1539 suspicari

1770 1556 2040 1619 licuisset,
2072 1559 2165 1629 qui
2195 1559 2411 1630 egregia
2442 1560 2750 1616 divinorum
2780 1560 3082 1616 facinorum
3114 1574 3340 1616 enarra-

1769 1649 1916 1704 tione
1937 1649 2164 1705 deorum
2188 1651 2621 1707 benevolentiam
2644 1660 2697 1707 et
2722 1666 2965 1707 amorem
2987 1651 3338 1722 impetraret;

1765 1748 1821 1794 et
1847 1755 1977 1796 suas
2000 1741 2101 1811 ipsi
2126 1743 2461 1798 calamitates
2492 1758 2557 1798 ac
2584 1744 2792 1800 scelera
2822 1743 3206 1815 neglexissent,
3234 1757 3338 1798 nec

77 1815 278 1881 έζοιντο
310 1820 370 1872 ἐν
399 1819 478 1890 τῷ
512 1822 769 1896 Ὀλύμπῳ
798 1825 939 1897 μετά
962 1827 1071 1881 τῶν
1100 1827 1320 1881 πυκτῶν
1356 1828 1488 1900 (26),
1520 1830 1577 1882 ὲν
1598 1833 1645 1901 τῇ

1769 1832 1837 1887 ad
1867 1832 2237 1900 saniora_sese
2278 1835 2507 1891 consilia
2531 1875 2548 1902 ,
2577 1836 2671 1891 sed
2704 1837 2771 1891 ad
2802 1836 3117 1891 scribendos
3144 1850 3336 1891 versus

77 1908 165 1962 τοῦ
197 1912 324 1975 Διὸς
356 1913 519 1985 αὐλῇ.
550 1915 735 1971 Ταῦτα
763 1917 873 1991 γὰρ
893 1917 1040 1987 λέγει
1072 1919 1103 1973 ὁ
1135 1922 1193 1973 ὲν
1232 1920 1456 1990 Δελφοῖς
1501 1938 1663 1994 ποιη-

20 2072 25 2077 ν
74 2004 188 2072 τῆς.
213 2002 357 2076 Φέρε
385 2006 481 2058 καὶ
509 2005 610 2078 τὴν
657 2006 895 2080 Ὀμήρου
927 2008 1024 2062 τοῦ
1066 2009 1249 2064 ὀλϐίου
1298 2010 1494 2083 ἴδωμεν
1524 2011 1663 2084 ἐρώ-

20 2092 21 2129 ῖ
72 2110 247 2160 τησιν,
271 2096 343 2165 ἣν
365 2097 459 2151 τὸν
486 2098 620 2154 Θεὸν
648 2101 831 2172 ἐρωτᾷ
855 2118 869 2131 ·
893 2097 1037 2174 ἦπου
1070 2103 1180 2175 γάρ
1214 2121 1301 2167 τις
1333 2104 1562 2176 οὐρανία
1589 2100 1659 2176 ἦν

73 2184 163 2237 καὶ
202 2187 367 2258 ἱκανὴ
396 2188 490 2243 τὸν
515 2189 651 2245 Θεὸν
695 2192 1124 2249 ἐκκαλέσασθαι.
1162 2194 1236 2249 Οὐ
1265 2193 1376 2266 γὰρ
1416 2194 1486 2250 ἂν
1516 2192 1660 2250 οὕτω

71 2277 271 2347 ῥᾳδίως
303 2281 335 2332 ὀ
356 2280 492 2345 Θεὸς
519 2282 698 2339 ὄλϐιον
720 2285 819 2357 μὲν
844 2286 1214 2361 ἐπεφώνησεν,
1242 2288 1337 2341 ἐπὶ
1369 2286 1427 2342 δὲ
1459 2287 1537 2360 τῷ
1563 2288 1653 2342 ὀλ-

69 2363 167 2439 ϐίῳ
188 2370 358 2441 ῥῆσιν
378 2373 669 2447 ἀπένειμεο

1763 1924 2142 1980 contulissent.
2173 1924 2250 1980 Ita
2281 1927 2327 1982 si
2361 1942 2484 1997 qua:
2527 1927 2666 1984 forte
2710 1928 2994 1982 hominum
3038 1927 3337 1998 superioris

1762 2017 1864 2071 aevi
1906 2017 2128 2072 nomina
2181 2019 2450 2088 superbiae
2482 2018 2765 2089 fastusque
2796 2020 2956 2090 plena
2999 2019 3335 2083 audiissent,
3432 2023 3441 2034 '

1762 2108 1831 2164 iis
1857 2125 2076 2181 quoque
2117 2111 2455 2167 celebrandis
2486 2112 2629 2166 viam
2663 2112 2766 2167 sibi
2793 2113 2848 2167 in
2893 2112 3092 2169 coelum
3121 2111 3338 2167 munire

1760 2200 2063 2254 voluissent
2095 2215 2111 2263 ;
2145 2210 2202 2253 ut
2229 2215 2296 2255 eo
2335 2200 2554 2254 demum
2588 2201 2855 2268 perducti,
2896 2216 3022 2256 cum
3060 2200 3335 2271 pugilibus

1761 2290 1816 2344 in
1843 2290 2073 2362 Olympo
2100 2329 2115 2355 ,
2146 2302 2310 2360 atque
2356 2293 2411 2346 in
2454 2292 2571 2361 ipsa
2601 2291 2753 2348 lovis
2797 2291 2921 2347 aula
2967 2292 3334 2348 considerent.

1759 2380 1896 2436 Nam
1943 2373 1995 2436 id
2037 2383 2201 2439 etiam
2243 2382 2537 2453 Delphicus
2568 2395 2716 2440 vates
2760 2384 3056 2455 aliquando
3104 2382 3326 2439 cecinit.

68 2461 179 2519 lam
209 2482 328 2537 qua
354 2467 421 2524 de
459 2483 520 2525 re
544 2485 765 2543 quoque
808 2470 1080 2531 Homerus
1129 2474 1220 2530 ille
1274 2476 1526 2534 beatulus
1577 2476 1748 2531 Deum
1784 2476 2073 2542 consulat,
2122 2477 2429 2532 audiamus.
2492 2477 2722 2534 Coeleste
2769 2477 3015 2548 profecto
3073 2476 3334 2547 quiddam

68 2556 245 2627 fuerit,
315 2571 482 2632 atque
529 2564 596 2619 ad
632 2567 968 2623 evocandum
1006 2567 1461 2639 alliciendumque
1522 2582 1723 2623 numen
1764 2569 2018 2624 idoneum
2047 2587 2062 2623 :
2093 2584 2275 2635 secus,
2298 2585 2577 2639 nunquam
2605 2569 2687 2624 vel
2713 2583 2838 2624 cum
2870 2568 3013 2625 Deus
3044 2578 3154 2624 tam
3176 2568 3334 2626 facile

20 2682 23 2747 ξ
67 2654 283 2710 beatum
330 2655 683 2725 pradicasset
705 2697 721 2723 ,
767 2658 853 2714 vel
884 2660 932 2714 ei
979 2668 1240 2729 tanquam
1274 2660 1433 2718 beato
1457 2701 1473 2726 ,
1505 2660 1654 2732 quod
1689 2660 1957 2731 sequitur,
1986 2675 2312 2732 responsum
2349 2660 2632 2729 edidisset,

20 2794 21 2801 η
64 2773 331 2846 Πᾳτρίδα
349 2771 545 2846 δίζηαι
569 2773 681 2846 (27)
697 2791 711 2805 ’
725 2774 936 2844 μητρὶς
954 2774 1023 2830 δέ
1044 2794 1157 2842 τοι,
1176 2778 1248 2832 οὺ
1263 2778 1477 2846 πατρίς
1497 2778 1650 2833 ἐστι.

65 2844 297 2918 Μίνωος
333 2842 388 2895 δ’
420 2842 688 2918 ἀπρῌγξῆς,
718 2842 858 2918 οὔτε
885 2846 1131 2918 σχεδὸν,
1152 2842 1407 2903 οὔτ’άπῦ
1440 2842 1652 2918 τηλοῦ,

76 2915 278 2994 ἓν
314 2929 420 2994 σοι
445 2914 609 2994 μοῖρξ
632 2916 766 2970 ἐστὶ
793 2914 1153 2994 τελςῦτῆοζᾳι
1176 2918 1435 2994 βιᾴεοιο,

20 2981 23 3051 Γ
68 2981 312 3056 Εὖτ”ἆν
345 2981 469 3056 ἀπο
499 2981 785 3056 γλώσσης
809 2986 965 3056 γνῷς
984 2981 1214 3044 «uidui-
1240 2981 1538 3055 ἀξύνετον

20 3068 23 3135 ζ
67 3055 365 3109 Πολλοῖσι
392 3054 596 3125 ,πότοις
622 3054 959 3127 εἰρημένον.

67 3168 242 3222 Δεινδν
294 3168 414 3239 γὰρ
434 3209 452 3233 ,
486 3163 531 3222 ὦ
571 3169 847 3239 σοφώτατε
898 3171 1140 3243 ἀνδρῶν,
1180 3171 1378 3244 μᾶλλον
1406 3172 1465 3226 δὲ
1488 3172 1646 3239 θεῶν,

67 3258 111 3313 εί
142 3264 280 3333 μήτε
311 3261 439 3314 ὅποι
474 3260 577 3332 τῆς
604 3262 709 3331 γῆς
740 3262 956 3338 ἐξέθορε
993 3264 1093 3335 τῆς
1124 3264 1331 3337 μητρὸς
1356 3264 1525 3337 εἰδείη
1563 3264 1653 3319 ὅλ-

67 3351 194 3419 6ιος,
247 3354 400 3425 μήτε
434 3354 570 3407 ὅπου
613 3354 936 3426 καταμύσας
967 3357 1230 3412 κείσεται.
1275 3356 1417 3426 Ἐγὼ
1459 3357 1515 3413 δὲ
1557 3357 1650 3412 καὶ

65 3444 213 3518 ᾤμην
236 3443 367 3501 ἴσον
388 3441 550 3511 εἶναι,
583 3448 826 3519 Ὅμηρόν
847 3466 903 3502 τε
931 3449 1061 3503 ὄντα
1095 3451 1222 3523 περὶ
1249 3449 1454 3504 τούτων
1483 3467 1652 3522 προσ-

70 3536 195 3591 tim
219 3537 303 3608 τῷ
331 3537 474 3609 Θεῷ,
504 3538 600 3592 καὶ
640 3538 735 3592 ἕνα
765 3538 872 3593 τῶν
915 3539 1203 3613 κανθάρων
1228 3580 1243 3605 ,
1275 3541 1368 3594 καὶ
1397 3540 1487 3594 τὸν
1518 3540 1650 3594 Θεδδ

71 3630 139 3701 μὴ
169 3631 381 3702 μᾶλλον
430 3630 500 3685 ἂν
540 3631 765 3703 Ὁμήρῳ
791 3632 1180 3703 ἀφηγήσασθαι
1228 3633 1355 3705 περὶ
1395 3632 1650 3687 τοιούτων

68 3722 430 3795 ἀγνοημάτων
459 3723 493 3794 ἢ
514 3723 790 3797 κανθάρῳ.
812 3719 934 3780 Οῗον
960 3726 1009 3778 εί
1028 3726 1119 3779 καὶ
1144 3724 1411 3798 κάνθαρός
1440 3727 1550 3798 (28)
1567 3742 1650 3790 τις

66 3816 346 3887 γεννηθεὶς
370 3816 473 3870 οὐκ
514 3816 706 3869 ἑνεϐίω
725 3857 740 3882 ,
771 3816 877 3870 οὐδ’
916 3818 1247 3890 ὲνεγήρασεν
1279 3820 1337 3871 ὲν
1361 3817 1545 3890 ἐκείνῃ
1579 3821 1644 3890 τῇ

66 3907 284 3977 κοπρίᾳ,
320 3903 439 3958 ἀλλ’
476 3903 656 3977 ἐχθρῷ
685 3906 871 3978 ἀνέμῳ
896 3907 1205 3978 περιέτυχε,
1238 3908 1334 3961 καὶ
1363 3907 1645 3979 κανθαρίῳ

66 3995 269 4069 δαίμονι
300 3997 548 4069 σκληρῷ,
590 3999 671 4065 ὃς,
703 3999 864 4053 αὑτὸν
907 3999 1181 4073 μετέωρον
1227 4000 1363 4073 ἄρας
1393 4000 1502 4073 βίᾳ,
1538 4002 1647 4054 ἀπ-

72 4089 294 4158 ήνεγκεν
318 4090 415 4142 ἐπί
446 4106 570 4142 τινα
602 4089 767 4163 ἄλλην
792 4090 918 4162 γῆν,
958 4091 1053 4144 καὶ
1073 4091 1238 4163 ἄλλην
1258 4092 1519 4164 κοπρίαν
1545 4091 1643 4146 κά-

64 4199 223 4236 πειτα
262 4182 441 4237 ἐλθὼν
482 4184 561 4249 εἰς
603 4183 876 4254 Δελφοὺς,
906 4182 1163 4255 ἀνηρώτα
1210 4185 1332 4256 ἥτις
1364 4185 1471 4254 ἄρα
1517 4185 1648 4238 ποτὲ

63 4273 207 4344 αὖτῷ
238 4268 310 4344 ἦν
353 4275 387 4345 ἡ
420 4270 650 4345 πατρῴα
682 4273 904 4345 κοπρία,
946 4272 1040 4325 καὶ
1060 4272 1183 4343 ἥτις
1212 4270 1374 4326 αὐτὸν
1399 4272 1470 4342 γῆ
1501 4268 1649 4335 δέξε-

1758 2778 1835 2853 Qe
1855 2781 2031 2849 patria
2058 2781 2253 2850 quwris
2284 2797 2302 2834 :
2334 2781 2429 2853 tibi
2467 2784 2685 2851 matria,
2722 2799 2825 2836 non
2849 2787 3028 2853 patria
3064 2783 3178 2839 ulla
3204 2792 3284 2840 est
3307 2800 3329 2839 :

1760 2848 1884 2921 Non
1910 2848 2090 2921 prope,
2122 2867 2224 2905 non
2247 2852 2432 2905 itidem
2459 2854 2642 2921 procul
2671 2848 2704 2906 ιι
2733 2848 2967 2907 Minoide
2997 2864 3140 2908 terra
3166 2871 3188 2909 ε

1761 2919 1929 2993 {nque
1954 2921 2068 2976 solo
2100 2922 2272 2989 fatum
2302 2931 2379 2976 est
2410 2919 2637 2992 le'ﬁnem
2665 2925 2930 2993 imponere
2959 2926 3098 2986 vite,

1684 2992 1726 3051 C
1758 2990 2048 3063 Postquam
2077 2994 2303 3063 amigma
2330 2990 2518 3045 novum
2543 2990 2824 3063 puerorum
2854 2994 3116 3057 audiveris
3146 3010 3256 3061 ore,

1761 3060 2011 3115 Pluribus
2044 3060 2327 3131 impléxum
2366 3060 2553 3117 verbis.

1748 3172 2034 3247 indignum
2061 3176 2206 3230 enim
2237 3175 2544 3243 videbatur,
2578 3176 2806 3245 scilicet,
2839 3192 2875 3235 0
2916 3178 3182 3244 virorum,
3216 3179 3327 3237 imo

1749 3266 1982 3321 deorum
2013 3267 2435 3337 sapientissime,
2464 3268 2681 3323 beatum
2717 3269 2883 3323 istum
2903 3309 2920 3337 ,
2950 3277 3046 3325 aut
3086 3269 3178 3325 ubi
3213 3279 3326 3325 ter-

1750 3372 1940 3411 rarum
1986 3358 2246 3413 maternis
2278 3373 2310 3414 e
2357 3358 2661 3415 visceribus
2708 3359 3042 3425 exsiliisset,
3094 3368 3188 3416 aut
3233 3361 3331 3435 ubi

1748 3448 1968 3503 demum
1994 3448 2196 3507 clausis
2221 3459 2394 3504 morte
2423 3451 2598 3514 oculis
2626 3449 2850 3519 iaceret,
2875 3449 3147 3520 ignorare.
3192 3451 3325 3508 Mihi

1753 3554 1904 3604 vero,
1938 3548 2000 3594 ut
2038 3537 2311 3596 Homerus
2343 3555 2408 3596 ea
2451 3540 2519 3597 de
2563 3556 2625 3596 re
2667 3541 2945 3596 oraculum
2993 3542 3321 3609 consulens,

1748 3631 2023 3686 scarabazo
2055 3630 2352 3701 persimilis
2376 3670 2391 3696 ,
2428 3631 2503 3686 ita
2552 3629 2697 3687 Deus
2730 3629 2967 3687 Homero
3007 3648 3118 3688 non
3167 3633 3323 3689 aliter

1750 3722 1945 3777 barum
1979 3723 2036 3777 in
2074 3738 2257 3778 rerum
2301 3722 2663 3794 ignoratione,
2694 3739 2857 3794 quam
2892 3725 3167 3780 scarabaeo
3203 3726 3324 3780 cui-

1748 3811 1873 3867 dam
1917 3813 2249 3882 respondere
2281 3813 2433 3868 visus
2477 3821 2580 3868 est.
2633 3812 2866 3869 Perinde
2912 3815 3209 3877 nimirum,
3262 3823 3323 3869 ut
3432 3804 3439 3812 ’

1748 3904 2057 3960 scarabaeus
2099 3903 2145 3960 si
2182 3920 2526 3977 nequaquam
2563 3905 2754 3960 eodem
2784 3905 2839 3959 in
2870 3914 3138 3973 stercore,
3174 3905 3320 3960 unde

1749 4004 1913 4052 natus
1956 3998 2194 4067 primum
2230 3996 2412 4060 fuerit,
2446 4005 2539 4050 aut
2566 3996 2792 4061 viveret,
2839 4007 2931 4052 aut
2957 4013 3317 4055 consenesce-

1748 4069 1853 4155 τρὶ,
1892 4088 1985 4145 sed
2015 4087 2197 4145 infesti
2224 4088 2391 4154 venti,
2439 4096 2534 4142 aut
2578 4088 2842 4144 daemonis
2873 4089 3104 4159 alicujus
3132 4105 3317 4146 scara‘

1747 4180 1985 4234 baeorum
2015 4178 2201 4249 generi
2234 4178 2468 4234 exitialis
2496 4178 2721 4248 impetu,
2755 4180 2915 4235 aliam
2958 4180 3011 4234 in
3037 4181 3314 4252 regionem

1749 4281 1909 4341 atque
1941 4270 2089 4325 aliud
2138 4270 2447 4325 in'stercus
2492 4270 2742 4326 sublimis
2792 4280 3109 4340 raperetur;
3162 4271 3318 4344 isque

62 4381 149 4417 ται
177 4364 550 4419 ἀποθανόντα.
583 4383 602 4417 ι
635 4364 820 4419 Ταῦτα
845 4364 940 4437 μὲν
973 4361 1064 4418 οὖν
1096 4364 1224 4436 περὶ
1255 4363 1363 4417 τῶν
1390 4362 1645 4435 ποιητῶν.

1756 4372 1939 4434 postea
1968 4362 2225 4432 Delphico
2255 4377 2320 4416 ex
2349 4362 2573 4415 oraculo
2618 4370 2917 4431 quaereret,
2944 4361 3105 4431 230
3138 4363 3312 4432 quod«

66 4474 189 4513 nam
243 4466 540 4529 paternum
592 4457 696 4514 sibi
746 4466 956 4513 stercus
1003 4455 1213 4525 fuisset,
1247 4466 1409 4527 atque
1438 4458 1526 4512 ubi
1582 4456 1815 4528 denique
1858 4465 2104 4511 mortuus
2149 4454 2575 4525 conquiesceret.
2606 4474 2625 4508 ι
2651 4456 2727 4510 Ac
2748 4457 2814 4511 de
2835 4455 3007 4528 poetis
3030 4456 3309 4512 hactenus.

131 4612 359 4686 (15-25)
403 4612 517 4686 Ἰξῆς
544 4615 737 4686 θείων.
774 4614 954 4686 Malim
986 4614 1102 4686 τῆς,
1130 4614 1213 4667 vel
1244 4612 1352 4668 τῶν
1375 4612 1533 4669 θεῶν.

130 4683 272 4756 (⁷25⁸)
289 4684 583 4756 Δοκῶοξιν.
602 4684 759 4756 Forte
772 4683 1038 4739 δοκοῦσιν.
1056 4684 1190 4756 Epit
1201 4726 1214 4739 .

130 4753 260 4823 (26y
290 4753 570 4824 Πυκτῶν.
621 4755 783 4820 Quid,
830 4770 878 4809 sn
926 4753 1199 4824 ποιητῶνς
1247 4753 1335 4815 hic
1382 4754 1527 4808 enim
1576 4754 1641 4808 de

59 4822 240 4892 poetis
259 4822 603 4895 (Enomaus,
643 4825 808 4891 paulo
832 4833 954 4893 post
984 4822 1051 4878 de
1084 4822 1386 4895 Pugilibus,
1422 4840 1640 4878 eorum-

61 4911 165 4962 que
197 4895 448 4963 principe
476 4893 782 4948 Cleomede.

134 4966 255 5035 ('27)
296 4961 567 5032 Πατρίδα
630 4963 842 5031 δίζηαι.
915 4962 1215 5035 Pausanias
1272 4964 1324 5016 in
1377 4961 1641 5029 Phocicis,

60 5049 113 5103 p.
128 5036 257 5095 ⁵540,
278 5049 487 5089 aereum
506 5035 725 5090 Homeri
758 5034 1108 5089 simulacrum
1127 5033 1394 5088 columnae
1423 5035 1645 5103 imposi-

62 5116 175 5159 tum
221 5103 402 5160 fuisse
445 5106 541 5165 ait.
573 5105 732 5173 eique
763 5114 1008 5158 nostrum
1044 5105 1146 5158 hoc
1171 5104 1490 5172 inscriptum
1521 5121 1644 5158 ora-

60 5178 267 5240 culum,
300 5176 359 5228 in
375 5190 489 5245 quo
507 5172 688 5245 tamen
709 5184 799 5245 est
806 5174 1325 5245 aliquardiversitas.
1348 5172 1425 5227 ita
1449 5175 1607 5228 habet
1627 5192 1643 5228 :

64 5246 279 5308 Ὄλϐιε,
299 5243 407 5298 καί
424 5243 933 5313 δυόδιιιμον(ἕςρυζι
946 5244 1056 5313 τὰρ
1080 5245 1172 5296 ἐπ’
1187 5245 1610 5313 ἀμφοτέροισι),

63 5316 330 5384 Πατρίδα
358 5314 551 5384 δίζηαι
571 5331 587 5346 ⁸
608 5315 822 5384 μητρὶς
850 5313 916 5368 δέ
933 5331 1042 5378 τοι,
1060 5317 1133 5367 οὐ
1159 5315 1372 5381 πατρίς
1391 5314 1583 5368 ἐστιν.

67 5383 281 5441 Ἔστιν
302 5386 422 5452 Ἴος
453 5383 650 5453 νῆσος
669 5384 896 5454 μητρὸς
908 5385 1147 5452 πατρὶς,
1175 5384 1214 5452 ἦ
1241 5399 1318 5438 σε
1345 5385 1603 5454 θανόντα

65 5454 297 5525 ῥέξαιιι
315 5470 333 5485 ’
374 5457 542 5511 ἀλλὰ
561 5453 712 5509 νέων
734 5454 962 5508 παίδων
992 5454 1234 5525 αῖζιγμα
1258 5453 1541 5524 φύλαξαι.

66 5520 135 5576 Ex
164 5527 374 5597 quibus
406 5534 686 5595 utcunque
712 5525 1046 5596 penultimus
1070 5520 1391 5581 Eusebianae
1413 5526 1633 5581 lection.

338 5857 619 5918 Panos.
650 5858 767 5921 Gn.
793 5860 970 5923 XXI.

1751 4628 1940 4685 versus
1969 4613 2251 4685 emendari,
2269 4623 2464 4684 potest,
2506 4615 2788 4685 siglegatur
2817 4634 2831 4669 :

1749 4684 1890 4737 Ein"
1912 4684 1990 4738 ἂν
2007 4683 2126 4737 ἀπὸ
2145 4682 2433 4753 τλώο-σης
2459 4682 2613 4753 γνῷς
2632 4682 2750 4737 ἐῶν
2767 4684 2995 4739 παίδων
3011 4684 3273 4754 αἴνιγμα.

1749 4754 1904 4827 Quod
1955 4750 2221 4827 sequitur,
2256 4750 2492 4827 πολλοῖσι
2524 4755 2715 4827 λόγοις
2749 4756 3090 4827 εἰρημένον,-
3116 4750 3206 4809 vix
3243 4750 3310 4827 ad

1748 4824 1879 4879 illud
1914 4825 2153 4894 aenigma
2186 4826 2474 4894 pertineat.
2524 4823 3093 4880 Fortassis'OEnomai
3147 4823 3310 4894 verba

1751 4894 1972 4958 fuerint,
2007 4894 2110 4966 hoc
2135 4892 2255 4966 fere
2280 4899 2439 4966 modo
2469 4895 2814 4966 castiganda:
2836 4895 3057 4958 Πολλοῖς
3089 4894 3198 4966 ἄρα
3218 4892 3313 4966 λό-

1748 4981 1866 5033 γοις
1904 4963 2210 5034 εἰρημένον.
2239 4964 2295 5017 Id
2328 4975 2432 5030 est,
2465 4964 2607 5019 Satis
2642 4965 2848 5020 verbose
2878 4976 2935 5018 tu
2962 4963 3316 5035 quidein._SaA-

1750 5032 1820 5091 ne
1870 5032 2183 5104 puerorum"
2215 5035 2441 5089 istorum
2482 5036 2733 5103 aenigma,
2764 5032 3055 5104 puerisque
3081 5032 3314 5104 notissi-

1752 5101 1923 5166 mum,
1954 5105 2099 5173 quod
2142 5102 2445 5159 Herodotus
2475 5105 2526 5157 in
2555 5101 2778 5160 Homeri
2814 5106 2941 5171 vita,
2968 5101 3186 5172 ἀφελῶς
3214 5101 3312 5165 ad-

1751 5175 1971 5228 modum
2006 5174 2341 5243 candideque
2374 5185 2579 5240 narrat,
2603 5190 2899 5244 paucorum
2943 5173 3165 5227 omnino
3191 5186 3312 5225 ver-

1741 5245 1936 5299 borum
1968 5244 2088 5298 fuit.
2112 5244 2306 5299 Mirum
2337 5261 2485 5309 vero,
2513 5246 2566 5297 ni
2597 5247 2838 5299 secundo
2860 5245 3123 5310 tertioque
3147 5255 3311 5294 versu

1742 5315 1982 5369 indicare
2013 5315 2154 5381 velit,
2186 5314 2502 5379 Homerum,
2524 5313 2705 5369 Terra:
2726 5314 2916 5380 tilium,
2936 5314 3140 5375 incerto
3155 5320 3311 5381 patre

1742 5394 1928 5439 natum
1961 5400 2102 5440 esse.

1811 5455 1923 5525 (28)
1964 5450 2103 5510 Οἷον
2143 5457 2195 5510 ει
2246 5455 2363 5526 καὶ,
2397 5456 2709 5526 κάνθαρος.
2751 5455 2853 5511 Vix
2901 5454 3078 5510 adhuc
3121 5447 3308 5507 (Eno-

1742 5541 1924 5580 maum
1954 5536 2065 5580 tam
2096 5526 2306 5582 naviter
2333 5525 2597 5599 Cynicum
2638 5527 2948 5582 habuimus.

2990 5857 3064 5918 13
