  <div class='ocr_page' id='page_1' title='image "/cluster/home/n/w/nwhite01/storage/ocr_20150623/21/nnc1.0046978437/236.png"; bbox 0 0 3894 6220; ppageno 0'>
   <div class='ocr_carea' id='block_1_1' title="bbox 120 349 2192 422">
    <p class='ocr_par' dir='ltr' id='par_1_1' title="bbox 120 349 2192 422">
     <span class='ocr_line' id='line_1_1' title="bbox 120 349 2192 422; baseline 0.003 -9"><span class='ocrx_word' id='word_1_1' title='bbox 120 360 209 414; x_wconf 82' lang='lat'><strong>597</strong></span> <span class='ocrx_word' id='word_1_2' title='bbox 265 349 272 354; x_wconf 59' lang='grc'><em>’</em></span> <span class='ocrx_word' id='word_1_3' title='bbox 1296 353 1618 416; x_wconf 72' lang='lat' dir='ltr'><strong>PR/EPAR.</strong></span> <span class='ocrx_word' id='word_1_4' title='bbox 1663 360 1912 418; x_wconf 79' lang='lat' dir='ltr'><strong>EVANG.</strong></span> <span class='ocrx_word' id='word_1_5' title='bbox 1954 361 2080 418; x_wconf 81' lang='lat' dir='ltr'><strong>LIB.</strong></span> <span class='ocrx_word' id='word_1_6' title='bbox 2125 360 2192 422; x_wconf 66' lang='grc' dir='ltr'><strong>ν.</strong></span> 
     </span>
    </p>
   </div>
   <div class='ocr_carea' id='block_1_2' title="bbox 3271 365 3378 424">
    <p class='ocr_par' dir='ltr' id='par_1_2' title="bbox 3271 365 3378 424">
     <span class='ocr_line' id='line_1_2' title="bbox 3271 365 3378 424; baseline -0.037 1"><span class='ocrx_word' id='word_1_7' title='bbox 3271 365 3378 424; x_wconf 74' lang='lat' dir='ltr'><strong>59S</strong></span> 
     </span>
    </p>
   </div>
   <div class='ocr_carea' id='block_1_3' title="bbox 118 469 1695 554">
    <p class='ocr_par' dir='ltr' id='par_1_3' title="bbox 118 469 1654 554">
     <span class='ocr_line' id='line_1_3' title="bbox 118 469 1654 554; baseline 0.002 -26"><span class='ocrx_word' id='word_1_8' title='bbox 118 476 707 554; x_wconf 46' lang='lat' dir='ltr'><strong>jﬂﬁozogdﬂardtgof</strong></span> <span class='ocrx_word' id='word_1_9' title='bbox 729 469 867 554; x_wconf 61' lang='grc' dir='ltr'>ὄνος</span> <span class='ocrx_word' id='word_1_10' title='bbox 894 474 1094 554; x_wconf 51' lang='lat' dir='ltr'><strong>(incipe;</strong></span> <span class='ocrx_word' id='word_1_11' title='bbox 1114 519 1140 554; x_wconf 81' lang='lat'><strong>,_</strong></span> <span class='ocrx_word' id='word_1_12' title='bbox 1165 481 1236 531; x_wconf 84' lang='grc' dir='ltr'>οὑ</span> <span class='ocrx_word' id='word_1_13' title='bbox 1275 478 1654 554; x_wconf 67' lang='grc' dir='ltr'>Κλεομήδης,</span> 
     </span>
    </p>
   </div>
   <div class='ocr_carea' id='block_1_4' title="bbox 1803 469 3328 554">
    <p class='ocr_par' dir='ltr' id='par_1_4' title="bbox 1803 480 3328 554">
     <span class='ocr_line' id='line_1_4' title="bbox 1803 480 3328 554; baseline 0.005 -21"><span class='ocrx_word' id='word_1_14' title='bbox 1803 480 2070 554; x_wconf 59' lang='lat' dir='ltr'><strong>Maximus</strong></span> <span class='ocrx_word' id='word_1_15' title='bbox 2098 483 2182 536; x_wconf 80' lang='lat' dir='ltr'><strong>hic</strong></span> <span class='ocrx_word' id='word_1_16' title='bbox 2207 498 2400 553; x_wconf 85' lang='lat' dir='ltr'><strong><em>onager</em></strong></span> <span class='ocrx_word' id='word_1_17' title='bbox 2432 499 2698 554; x_wconf 79' lang='lat' dir='ltr'><strong>superum,</strong></span> <span class='ocrx_word' id='word_1_18' title='bbox 2725 498 2828 537; x_wconf 86' lang='lat' dir='ltr'><strong>non</strong></span> <span class='ocrx_word' id='word_1_19' title='bbox 2852 485 2968 554; x_wconf 88' lang='lat' dir='ltr'><strong>jam</strong></span> <span class='ocrx_word' id='word_1_20' title='bbox 3001 483 3328 550; x_wconf 77' lang='lat' dir='ltr'><strong>Cleomedes,</strong></span> 
     </span>
    </p>
   </div>
   <div class='ocr_carea' id='block_1_5' title="bbox 122 546 1554 618">
    <p class='ocr_par' dir='ltr' id='par_1_5' title="bbox 122 546 1554 618">
     <span class='ocr_line' id='line_1_5' title="bbox 122 546 1554 618; baseline 0.002 -19"><span class='ocrx_word' id='word_1_21' title='bbox 122 551 217 600; x_wconf 79' lang='grc' dir='ltr'><strong>Ὃν</strong></span> <span class='ocrx_word' id='word_1_22' title='bbox 240 550 492 613; x_wconf 80' lang='grc' dir='ltr'><strong>θυσίαις</strong></span> <span class='ocrx_word' id='word_1_23' title='bbox 516 546 704 618; x_wconf 79' lang='grc' dir='ltr'>τιμᾶθ’</span> <span class='ocrx_word' id='word_1_24' title='bbox 743 551 822 615; x_wconf 84' lang='grc' dir='ltr'><strong>ὡς</strong></span> <span class='ocrx_word' id='word_1_25' title='bbox 852 546 962 603; x_wconf 69' lang='grc' dir='ltr'>οὐκ</span> <span class='ocrx_word' id='word_1_26' title='bbox 996 550 1083 602; x_wconf 78' lang='grc' dir='ltr'>ἔτι</span> <span class='ocrx_word' id='word_1_27' title='bbox 1111 548 1336 615; x_wconf 77' lang='grc' dir='ltr'>θνητὸν</span> <span class='ocrx_word' id='word_1_28' title='bbox 1359 546 1554 603; x_wconf 50' lang='grc' dir='ltr'>ἐόντα.</span> 
     </span>
    </p>
   </div>
   <div class='ocr_carea' id='block_1_6' title="bbox 118 653 1699 734">
    <p class='ocr_par' dir='ltr' id='par_1_6' title="bbox 118 653 1699 734">
     <span class='ocr_line' id='line_1_6' title="bbox 118 653 1699 734; baseline 0.003 -19"><span class='ocrx_word' id='word_1_29' title='bbox 118 663 200 732; x_wconf 77' lang='grc' dir='ltr'><strong>Μὴ</strong></span> <span class='ocrx_word' id='word_1_30' title='bbox 229 662 338 734; x_wconf 82' lang='grc' dir='ltr'>γὰρ</span> <span class='ocrx_word' id='word_1_31' title='bbox 375 663 439 734; x_wconf 84' lang='grc' dir='ltr'>δὴ</span> <span class='ocrx_word' id='word_1_32' title='bbox 485 653 790 734; x_wconf 77' lang='grc' dir='ltr'>θαυμάσῃς,</span> <span class='ocrx_word' id='word_1_33' title='bbox 829 665 877 716; x_wconf 87' lang='grc' dir='ltr'><strong>εἰ</strong></span> <span class='ocrx_word' id='word_1_34' title='bbox 911 666 1003 717; x_wconf 71' lang='grc' dir='ltr'>καὶ</span> <span class='ocrx_word' id='word_1_35' title='bbox 1041 664 1272 734; x_wconf 75' lang='grc' dir='ltr'>δναγρος</span> <span class='ocrx_word' id='word_1_36' title='bbox 1326 665 1699 720; x_wconf 86' lang='grc' dir='ltr'>ἐπιδικάσεται</span> 
     </span>
    </p>
   </div>
   <div class='ocr_carea' id='block_1_7' title="bbox 120 755 1703 827">
    <p class='ocr_par' dir='ltr' id='par_1_7' title="bbox 120 755 1703 827">
     <span class='ocr_line' id='line_1_7' title="bbox 120 755 1703 827; baseline 0.002 -21"><span class='ocrx_word' id='word_1_37' title='bbox 120 755 450 818; x_wconf 71' lang='grc' dir='ltr'><strong>ἀθανασίας,</strong></span> <span class='ocrx_word' id='word_1_38' title='bbox 488 755 684 818; x_wconf 81' lang='grc' dir='ltr'><strong>ἱκανῶς</strong></span> <span class='ocrx_word' id='word_1_39' title='bbox 704 756 771 810; x_wconf 82' lang='grc' dir='ltr'><strong>τά</strong></span> <span class='ocrx_word' id='word_1_40' title='bbox 821 755 937 808; x_wconf 86' lang='grc' dir='ltr'>θεῖα</span> <span class='ocrx_word' id='word_1_41' title='bbox 985 757 1574 827; x_wconf 82' lang='grc' dir='ltr'>παρασκευασάμενος·</span> <span class='ocrx_word' id='word_1_42' title='bbox 1607 759 1703 809; x_wconf 75' lang='grc' dir='ltr'><strong>καὶ</strong></span> 
     </span>
    </p>
   </div>
   <div class='ocr_carea' id='block_1_8' title="bbox 121 846 1702 918">
    <p class='ocr_par' dir='ltr' id='par_1_8' title="bbox 121 846 1702 918">
     <span class='ocr_line' id='line_1_8' title="bbox 121 846 1702 918; baseline 0.003 -20"><span class='ocrx_word' id='word_1_43' title='bbox 121 846 356 910; x_wconf 72' lang='grc' dir='ltr'>ἀκούσας</span> <span class='ocrx_word' id='word_1_44' title='bbox 382 847 457 918; x_wconf 83' lang='grc' dir='ltr'><strong>μὴ</strong></span> <span class='ocrx_word' id='word_1_45' title='bbox 487 848 815 917; x_wconf 64' lang='grc' dir='ltr'>ἀνασχέσθαι</span> <span class='ocrx_word' id='word_1_46' title='bbox 852 860 898 911; x_wconf 76' lang='grc' dir='ltr'><strong>ιι,</strong></span> <span class='ocrx_word' id='word_1_47' title='bbox 927 847 1039 902; x_wconf 86' lang='grc' dir='ltr'>ἀλλ’</span> <span class='ocrx_word' id='word_1_48' title='bbox 1066 848 1360 918; x_wconf 83' lang='grc' dir='ltr'>ἀπειλῆσαι</span> <span class='ocrx_word' id='word_1_49' title='bbox 1397 848 1424 888; x_wconf 63' lang='lat'>5</span> <span class='ocrx_word' id='word_1_50' title='bbox 1467 849 1561 902; x_wconf 77' lang='grc' dir='ltr'>καὶ</span> <span class='ocrx_word' id='word_1_51' title='bbox 1606 849 1702 902; x_wconf 85' lang='grc' dir='ltr'><strong>αὺ-</strong></span> 
     </span>
    </p>
   </div>
   <div class='ocr_carea' id='block_1_9' title="bbox 121 939 1704 1015">
    <p class='ocr_par' dir='ltr' id='par_1_9' title="bbox 121 939 1704 1015">
     <span class='ocr_line' id='line_1_9' title="bbox 121 939 1704 1015; baseline 0.003 -25"><span class='ocrx_word' id='word_1_52' title='bbox 121 940 205 991; x_wconf 63' lang='grc' dir='ltr'><strong>τὲν</strong></span> <span class='ocrx_word' id='word_1_53' title='bbox 253 940 347 992; x_wconf 82' lang='grc' dir='ltr'><strong>τὸν</strong></span> <span class='ocrx_word' id='word_1_54' title='bbox 397 940 688 1012; x_wconf 64' lang='grc' dir='ltr'>Κλεομήδη</span> <span class='ocrx_word' id='word_1_55' title='bbox 724 940 971 1004; x_wconf 81' lang='grc' dir='ltr'>πατάξας</span> <span class='ocrx_word' id='word_1_56' title='bbox 1008 942 1088 1003; x_wconf 88' lang='grc' dir='ltr'><strong>εἰς</strong></span> <span class='ocrx_word' id='word_1_57' title='bbox 1119 941 1178 993; x_wconf 83' lang='grc' dir='ltr'><strong>τὸ</strong></span> <span class='ocrx_word' id='word_1_58' title='bbox 1214 939 1488 1015; x_wconf 77' lang='grc' dir='ltr'>βάραθρον</span> <span class='ocrx_word' id='word_1_59' title='bbox 1534 942 1704 1013; x_wconf 80' lang='grc' dir='ltr'>ἐμϐα-</span> 
     </span>
    </p>
   </div>
   <div class='ocr_carea' id='block_1_10' title="bbox 120 1030 1702 1108">
    <p class='ocr_par' dir='ltr' id='par_1_10' title="bbox 120 1030 1702 1108">
     <span class='ocr_line' id='line_1_10' title="bbox 120 1030 1702 1108; baseline 0.003 -27"><span class='ocrx_word' id='word_1_60' title='bbox 120 1030 247 1094; x_wconf 84' lang='grc' dir='ltr'>λεῖν,</span> <span class='ocrx_word' id='word_1_61' title='bbox 285 1033 392 1088; x_wconf 65' lang='grc' dir='ltr'>καὶ</span> <span class='ocrx_word' id='word_1_62' title='bbox 422 1034 524 1089; x_wconf 76' lang='grc' dir='ltr'><strong>οὐκ</strong></span> <span class='ocrx_word' id='word_1_63' title='bbox 570 1036 889 1108; x_wconf 62' lang='grc' dir='ltr'>ἐπιτρέψειν</span> <span class='ocrx_word' id='word_1_64' title='bbox 913 1033 1061 1107; x_wconf 79' lang='grc' dir='ltr'>αὑτῷ</span> <span class='ocrx_word' id='word_1_65' title='bbox 1086 1037 1165 1099; x_wconf 83' lang='grc' dir='ltr'><strong>εἰς</strong></span> <span class='ocrx_word' id='word_1_66' title='bbox 1192 1035 1282 1088; x_wconf 78' lang='grc' dir='ltr'><strong>τὸν</strong></span> <span class='ocrx_word' id='word_1_67' title='bbox 1305 1034 1529 1106; x_wconf 73' lang='grc' dir='ltr'>οὐρανὸν</span> <span class='ocrx_word' id='word_1_68' title='bbox 1573 1036 1702 1088; x_wconf 86' lang='grc' dir='ltr'>ἀνα-</span> 
     </span>
    </p>
   </div>
   <div class='ocr_carea' id='block_1_11' title="bbox 123 1124 1702 1200">
    <p class='ocr_par' dir='ltr' id='par_1_11' title="bbox 123 1124 1702 1200">
     <span class='ocr_line' id='line_1_11' title="bbox 123 1124 1702 1200; baseline 0.003 -24"><span class='ocrx_word' id='word_1_69' title='bbox 123 1126 276 1195; x_wconf 68' lang='grc' dir='ltr'>εἱῆναι</span> <span class='ocrx_word' id='word_1_70' title='bbox 301 1144 314 1155; x_wconf 92' lang='grc'><strong>·</strong></span> <span class='ocrx_word' id='word_1_71' title='bbox 348 1124 487 1180; x_wconf 77' lang='grc' dir='ltr'>εἶναι</span> <span class='ocrx_word' id='word_1_72' title='bbox 520 1126 628 1200; x_wconf 80' lang='grc' dir='ltr'><strong>γάρ</strong></span> <span class='ocrx_word' id='word_1_73' title='bbox 661 1128 824 1181; x_wconf 76' lang='grc' dir='ltr'>αὑτοῦ</span> <span class='ocrx_word' id='word_1_74' title='bbox 860 1128 1151 1199; x_wconf 76' lang='grc' dir='ltr'><strong>ἀξιώτερος</strong></span> <span class='ocrx_word' id='word_1_75' title='bbox 1186 1128 1368 1182; x_wconf 84' lang='grc' dir='ltr'>αὐτῶν</span> <span class='ocrx_word' id='word_1_76' title='bbox 1409 1128 1518 1182; x_wconf 86' lang='grc' dir='ltr'><strong>τῶν</strong></span> <span class='ocrx_word' id='word_1_77' title='bbox 1543 1127 1702 1181; x_wconf 84' lang='grc' dir='ltr'>θείων</span> 
     </span>
    </p>
   </div>
   <div class='ocr_carea' id='block_1_12' title="bbox 121 1218 1700 1291">
    <p class='ocr_par' dir='ltr' id='par_1_12' title="bbox 121 1218 1700 1291">
     <span class='ocr_line' id='line_1_12' title="bbox 121 1218 1700 1291; baseline -0.001 -19"><span class='ocrx_word' id='word_1_78' title='bbox 121 1218 326 1289; x_wconf 75' lang='grc' dir='ltr'>δώρων,</span> <span class='ocrx_word' id='word_1_79' title='bbox 371 1221 465 1273; x_wconf 75' lang='grc' dir='ltr'><strong>ἅτε</strong></span> <span class='ocrx_word' id='word_1_80' title='bbox 501 1221 638 1290; x_wconf 84' lang='grc' dir='ltr'>μήτε</span> <span class='ocrx_word' id='word_1_81' title='bbox 668 1218 818 1290; x_wconf 76' lang='grc' dir='ltr'>αὑτῷ</span> <span class='ocrx_word' id='word_1_82' title='bbox 842 1221 986 1290; x_wconf 85' lang='grc' dir='ltr'>μόνῳ</span> <span class='ocrx_word' id='word_1_83' title='bbox 1027 1221 1246 1291; x_wconf 85' lang='grc' dir='ltr'>’ἐτοιμος</span> <span class='ocrx_word' id='word_1_84' title='bbox 1290 1218 1365 1271; x_wconf 82' lang='grc' dir='ltr'>ὢν</span> <span class='ocrx_word' id='word_1_85' title='bbox 1412 1219 1700 1290; x_wconf 79' lang='grc' dir='ltr'>μάχεσθαι,</span> 
     </span>
    </p>
   </div>
   <div class='ocr_carea' id='block_1_13' title="bbox 123 1311 1704 1384">
    <p class='ocr_par' dir='ltr' id='par_1_13' title="bbox 123 1311 1704 1384">
     <span class='ocr_line' id='line_1_13' title="bbox 123 1311 1704 1384; baseline -0.002 -18"><span class='ocrx_word' id='word_1_86' title='bbox 123 1314 219 1366; x_wconf 70' lang='grc' dir='ltr'>κᾶν</span> <span class='ocrx_word' id='word_1_87' title='bbox 243 1317 292 1366; x_wconf 87' lang='grc' dir='ltr'><strong>εἰ</strong></span> <span class='ocrx_word' id='word_1_88' title='bbox 327 1314 565 1384; x_wconf 80' lang='grc' dir='ltr'>σιδηροῖς</span> <span class='ocrx_word' id='word_1_89' title='bbox 599 1312 776 1384; x_wconf 75' lang='grc' dir='ltr'>χρῷτο</span> <span class='ocrx_word' id='word_1_90' title='bbox 799 1316 911 1376; x_wconf 87' lang='grc' dir='ltr'>τοῖς</span> <span class='ocrx_word' id='word_1_91' title='bbox 942 1314 1150 1382; x_wconf 80' lang='grc' dir='ltr'>ἱμᾶσιν,</span> <span class='ocrx_word' id='word_1_92' title='bbox 1182 1313 1319 1366; x_wconf 86' lang='grc' dir='ltr'><strong>ἀλλά</strong></span> <span class='ocrx_word' id='word_1_93' title='bbox 1355 1314 1448 1365; x_wconf 73' lang='grc' dir='ltr'><strong>καὶ</strong></span> <span class='ocrx_word' id='word_1_94' title='bbox 1485 1311 1564 1382; x_wconf 80' lang='grc' dir='ltr'>τῷ</span> <span class='ocrx_word' id='word_1_95' title='bbox 1596 1312 1704 1364; x_wconf 82' lang='grc' dir='ltr'>Θα-</span> 
     </span>
    </p>
   </div>
   <div class='ocr_carea' id='block_1_14' title="bbox 125 1401 1705 1478">
    <p class='ocr_par' dir='ltr' id='par_1_14' title="bbox 125 1401 1705 1478">
     <span class='ocr_line' id='line_1_14' title="bbox 125 1401 1705 1478; baseline 0.003 -22"><span class='ocrx_word' id='word_1_96' title='bbox 125 1407 219 1475; x_wconf 79' lang='grc' dir='ltr'>σίῳ</span> <span class='ocrx_word' id='word_1_97' title='bbox 243 1407 424 1476; x_wconf 76' lang='grc' dir='ltr'>πύκτῃ</span> <span class='ocrx_word' id='word_1_98' title='bbox 446 1404 553 1474; x_wconf 79' lang='grc'><strong>(56)</strong></span> <span class='ocrx_word' id='word_1_99' title='bbox 580 1405 695 1475; x_wconf 76' lang='grc' dir='ltr'><strong>ἅμα</strong></span> <span class='ocrx_word' id='word_1_100' title='bbox 724 1405 1072 1477; x_wconf 75' lang='grc' dir='ltr'><strong>ἀμφοτέροις,</strong></span> <span class='ocrx_word' id='word_1_101' title='bbox 1099 1407 1240 1476; x_wconf 79' lang='grc' dir='ltr'>ὑπὲρ</span> <span class='ocrx_word' id='word_1_102' title='bbox 1261 1401 1319 1459; x_wconf 71' lang='grc' dir='ltr'><strong>οὗ</strong></span> <span class='ocrx_word' id='word_1_103' title='bbox 1342 1406 1435 1459; x_wconf 77' lang='grc' dir='ltr'>τοῦ</span> <span class='ocrx_word' id='word_1_104' title='bbox 1455 1407 1705 1478; x_wconf 78' lang='grc' dir='ltr'>ἀνδριάν-</span> 
     </span>
    </p>
   </div>
   <div class='ocr_carea' id='block_1_15' title="bbox 122 1497 1703 1570">
    <p class='ocr_par' dir='ltr' id='par_1_15' title="bbox 122 1497 1703 1570">
     <span class='ocr_line' id='line_1_15' title="bbox 122 1497 1703 1570; baseline 0.001 -21"><span class='ocrx_word' id='word_1_105' title='bbox 122 1515 209 1561; x_wconf 83' lang='grc' dir='ltr'><strong>τος</strong></span> <span class='ocrx_word' id='word_1_106' title='bbox 227 1498 576 1569; x_wconf 75' lang='grc' dir='ltr'><strong>ἐχαλέπηναν</strong></span> <span class='ocrx_word' id='word_1_107' title='bbox 608 1499 659 1550; x_wconf 88' lang='grc' dir='ltr'>οἱ</span> <span class='ocrx_word' id='word_1_108' title='bbox 690 1497 822 1563; x_wconf 71' lang='grc' dir='ltr'>θεοὶ,</span> <span class='ocrx_word' id='word_1_109' title='bbox 851 1497 946 1550; x_wconf 74' lang='grc' dir='ltr'><strong>καὶ</strong></span> <span class='ocrx_word' id='word_1_110' title='bbox 971 1499 1068 1569; x_wconf 84' lang='grc' dir='ltr'><strong>τὴν</strong></span> <span class='ocrx_word' id='word_1_111' title='bbox 1107 1497 1323 1553; x_wconf 77' lang='grc' dir='ltr'>Θασίων</span> <span class='ocrx_word' id='word_1_112' title='bbox 1359 1499 1464 1569; x_wconf 82' lang='grc' dir='ltr'>γῆν</span> <span class='ocrx_word' id='word_1_113' title='bbox 1503 1500 1703 1570; x_wconf 58' lang='grc' dir='ltr'>ἄφορον</span> 
     </span>
    </p>
   </div>
   <div class='ocr_carea' id='block_1_16' title="bbox 123 1589 1706 1662">
    <p class='ocr_par' dir='ltr' id='par_1_16' title="bbox 123 1589 1706 1662">
     <span class='ocr_line' id='line_1_16' title="bbox 123 1589 1706 1662; baseline 0 -20"><span class='ocrx_word' id='word_1_114' title='bbox 123 1592 466 1661; x_wconf 68' lang='grc' dir='ltr'><strong>εἰργάσαντο.</strong></span> <span class='ocrx_word' id='word_1_115' title='bbox 499 1589 912 1661; x_wconf 82' lang='grc' dir='ltr'>Πιστεύομενδὲ</span> <span class='ocrx_word' id='word_1_116' title='bbox 943 1591 1038 1643; x_wconf 73' lang='grc' dir='ltr'><strong>καὶ</strong></span> <span class='ocrx_word' id='word_1_117' title='bbox 1070 1591 1200 1662; x_wconf 74' lang='grc' dir='ltr'>περὶ</span> <span class='ocrx_word' id='word_1_118' title='bbox 1240 1590 1435 1643; x_wconf 75' lang='grc' dir='ltr'>τούτου</span> <span class='ocrx_word' id='word_1_119' title='bbox 1466 1591 1566 1643; x_wconf 70' lang='grc' dir='ltr'><strong>οὐκ</strong></span> <span class='ocrx_word' id='word_1_120' title='bbox 1613 1591 1706 1643; x_wconf 87' lang='grc' dir='ltr'>ἀν-</span> 
     </span>
    </p>
   </div>
   <div class='ocr_carea' id='block_1_17' title="bbox 123 1678 1705 1755">
    <p class='ocr_par' dir='ltr' id='par_1_17' title="bbox 123 1678 1705 1755">
     <span class='ocr_line' id='line_1_17' title="bbox 123 1678 1705 1755; baseline 0.003 -21"><span class='ocrx_word' id='word_1_121' title='bbox 123 1681 358 1753; x_wconf 77' lang='grc' dir='ltr'>θρώπῳ,</span> <span class='ocrx_word' id='word_1_122' title='bbox 396 1682 534 1735; x_wconf 77' lang='grc' dir='ltr'>ἀλλὰ</span> <span class='ocrx_word' id='word_1_123' title='bbox 593 1682 700 1752; x_wconf 80' lang='grc' dir='ltr'><strong>θεῷ</strong></span> <span class='ocrx_word' id='word_1_124' title='bbox 737 1682 815 1752; x_wconf 83' lang='grc' dir='ltr'><strong>τῷ</strong></span> <span class='ocrx_word' id='word_1_125' title='bbox 849 1683 1022 1755; x_wconf 77' lang='grc' dir='ltr'>αὐτῷ.</span> <span class='ocrx_word' id='word_1_126' title='bbox 1066 1684 1157 1748; x_wconf 79' lang='grc' dir='ltr'>Ἐξ</span> <span class='ocrx_word' id='word_1_127' title='bbox 1185 1678 1258 1738; x_wconf 79' lang='grc' dir='ltr'>ὧν</span> <span class='ocrx_word' id='word_1_128' title='bbox 1290 1684 1401 1753; x_wconf 87' lang='grc' dir='ltr'>ἐγὼ</span> <span class='ocrx_word' id='word_1_129' title='bbox 1444 1687 1536 1738; x_wconf 80' lang='grc' dir='ltr'><strong>καὶ</strong></span> <span class='ocrx_word' id='word_1_130' title='bbox 1565 1686 1705 1738; x_wconf 87' lang='grc' dir='ltr'>πάνυ</span> 
     </span>
    </p>
   </div>
   <div class='ocr_carea' id='block_1_18' title="bbox 121 1772 1702 1849">
    <p class='ocr_par' dir='ltr' id='par_1_18' title="bbox 121 1772 1702 1849">
     <span class='ocr_line' id='line_1_18' title="bbox 121 1772 1702 1849; baseline 0.004 -24"><span class='ocrx_word' id='word_1_131' title='bbox 121 1775 445 1844; x_wconf 75' lang='grc' dir='ltr'>κατενόησα,</span> <span class='ocrx_word' id='word_1_132' title='bbox 468 1774 549 1827; x_wconf 76' lang='grc' dir='ltr'><strong>ὅτι</strong></span> <span class='ocrx_word' id='word_1_133' title='bbox 568 1774 707 1827; x_wconf 86' lang='grc' dir='ltr'>θεῖόν</span> <span class='ocrx_word' id='word_1_134' title='bbox 729 1792 780 1827; x_wconf 90' lang='grc' dir='ltr'><strong>τι</strong></span> <span class='ocrx_word' id='word_1_135' title='bbox 801 1776 907 1846; x_wconf 82' lang='grc' dir='ltr'>ἄρα</span> <span class='ocrx_word' id='word_1_136' title='bbox 928 1772 996 1845; x_wconf 78' lang='grc' dir='ltr'>ἦν</span> <span class='ocrx_word' id='word_1_137' title='bbox 1017 1777 1355 1848; x_wconf 85' lang='grc' dir='ltr'>ἐπιτήδευμα</span> <span class='ocrx_word' id='word_1_138' title='bbox 1380 1779 1413 1848; x_wconf 84' lang='grc' dir='ltr'><strong>ἡ</strong></span> <span class='ocrx_word' id='word_1_139' title='bbox 1444 1780 1702 1849; x_wconf 83' lang='grc' dir='ltr'>πυκτική·</span> 
     </span>
    </p>
   </div>
   <div class='ocr_carea' id='block_1_19' title="bbox 1801 551 3088 623">
    <p class='ocr_par' dir='ltr' id='par_1_19' title="bbox 1801 551 3088 623">
     <span class='ocr_line' id='line_1_19' title="bbox 1801 551 3088 623; baseline 0.005 -19"><span class='ocrx_word' id='word_1_140' title='bbox 1801 551 2050 606; x_wconf 80' lang='lat' dir='ltr'><strong>Divinum</strong></span> <span class='ocrx_word' id='word_1_141' title='bbox 2079 571 2111 606; x_wconf 90' lang='lat' dir='ltr'><strong>a</strong></span> <span class='ocrx_word' id='word_1_142' title='bbox 2137 556 2278 606; x_wconf 77' lang='lat' dir='ltr'><strong>vobis</strong></span> <span class='ocrx_word' id='word_1_143' title='bbox 2308 551 2444 623; x_wconf 68' lang='lat' dir='ltr'><strong>ierat</strong></span> <span class='ocrx_word' id='word_1_144' title='bbox 2473 551 2791 608; x_wconf 70' lang='lat' dir='ltr'><strong>immortalis</strong></span> <span class='ocrx_word' id='word_1_145' title='bbox 2819 551 3088 610; x_wconf 80' lang='lat' dir='ltr'><strong>honorem.</strong></span> 
     </span>
    </p>
   </div>
   <div class='ocr_carea' id='block_1_20' title="bbox 1801 651 3369 740">
    <p class='ocr_par' dir='ltr' id='par_1_20' title="bbox 1801 651 3369 740">
     <span class='ocr_line' id='line_1_20' title="bbox 1801 651 3369 740; baseline 0.009 -24"><span class='ocrx_word' id='word_1_146' title='bbox 1801 663 1987 734; x_wconf 87' lang='lat' dir='ltr'><strong>Neque</strong></span> <span class='ocrx_word' id='word_1_147' title='bbox 2011 651 2144 720; x_wconf 80' lang='lat' dir='ltr'><strong>vero</strong></span> <span class='ocrx_word' id='word_1_148' title='bbox 2176 666 2374 720; x_wconf 92' lang='lat' dir='ltr'><strong>mirum</strong></span> <span class='ocrx_word' id='word_1_149' title='bbox 2398 667 2495 721; x_wconf 90' lang='lat' dir='ltr'><strong>tibi</strong></span> <span class='ocrx_word' id='word_1_150' title='bbox 2523 668 2812 736; x_wconf 80' lang='lat' dir='ltr'><strong>videatur,</strong></span> <span class='ocrx_word' id='word_1_151' title='bbox 2849 670 2996 740; x_wconf 92' lang='lat' dir='ltr'><strong>quod</strong></span> <span class='ocrx_word' id='word_1_152' title='bbox 3039 672 3369 730; x_wconf 84' lang='lat' dir='ltr'><strong>immortali-</strong></span> 
     </span>
    </p>
   </div>
   <div class='ocr_carea' id='block_1_21' title="bbox 1801 760 3378 832">
    <p class='ocr_par' dir='ltr' id='par_1_21' title="bbox 1801 760 3378 832">
     <span class='ocr_line' id='line_1_21' title="bbox 1801 760 3378 832; baseline 0.008 -22"><span class='ocrx_word' id='word_1_153' title='bbox 1801 765 1967 813; x_wconf 93' lang='lat' dir='ltr'><strong>tatem</strong></span> <span class='ocrx_word' id='word_1_154' title='bbox 2015 760 2120 814; x_wconf 89' lang='lat' dir='ltr'><strong>sibi</strong></span> <span class='ocrx_word' id='word_1_155' title='bbox 2152 775 2357 831; x_wconf 83' lang='lat' dir='ltr'><strong>onager</strong></span> <span class='ocrx_word' id='word_1_156' title='bbox 2389 776 2490 816; x_wconf 91' lang='lat' dir='ltr'><strong>suo</strong></span> <span class='ocrx_word' id='word_1_157' title='bbox 2539 762 2696 831; x_wconf 90' lang='lat' dir='ltr'><strong>quasi</strong></span> <span class='ocrx_word' id='word_1_158' title='bbox 2731 762 2854 832; x_wconf 90' lang='lat' dir='ltr'><strong>jure</strong></span> <span class='ocrx_word' id='word_1_159' title='bbox 2893 764 3234 832; x_wconf 90' lang='lat' dir='ltr'><strong>vindicaret,</strong></span> <span class='ocrx_word' id='word_1_160' title='bbox 3268 775 3378 823; x_wconf 89' lang='lat' dir='ltr'><strong>tam</strong></span> 
     </span>
    </p>
   </div>
   <div class='ocr_carea' id='block_1_22' title="bbox 1802 851 3375 928">
    <p class='ocr_par' dir='ltr' id='par_1_22' title="bbox 1802 851 3375 928">
     <span class='ocr_line' id='line_1_22' title="bbox 1802 851 3375 928; baseline 0.006 -22"><span class='ocrx_word' id='word_1_161' title='bbox 1802 851 1942 907; x_wconf 86' lang='lat' dir='ltr'><strong>belle</strong></span> <span class='ocrx_word' id='word_1_162' title='bbox 1971 851 2133 907; x_wconf 86' lang='lat' dir='ltr'><strong>rebus</strong></span> <span class='ocrx_word' id='word_1_163' title='bbox 2163 853 2467 922; x_wconf 86' lang='lat' dir='ltr'><strong>Opibusque</strong></span> <span class='ocrx_word' id='word_1_164' title='bbox 2499 853 2699 908; x_wconf 78' lang='lat' dir='ltr'><strong>divinis</strong></span> <span class='ocrx_word' id='word_1_165' title='bbox 2728 854 3062 910; x_wconf 87' lang='lat' dir='ltr'><strong>instructus:</strong></span> <span class='ocrx_word' id='word_1_166' title='bbox 3116 858 3375 928; x_wconf 85' lang='lat' dir='ltr'><strong>quodque</strong></span> 
     </span>
    </p>
   </div>
   <div class='ocr_carea' id='block_1_23' title="bbox 1805 944 3384 1019">
    <p class='ocr_par' dir='ltr' id='par_1_23' title="bbox 1805 944 3384 1019">
     <span class='ocr_line' id='line_1_23' title="bbox 1805 944 3384 1019; baseline 0.006 -22"><span class='ocrx_word' id='word_1_167' title='bbox 1805 944 1894 998; x_wconf 91' lang='lat' dir='ltr'><strong>ubi</strong></span> <span class='ocrx_word' id='word_1_168' title='bbox 1929 952 2110 997; x_wconf 89' lang='lat' dir='ltr'><strong>vestro</strong></span> <span class='ocrx_word' id='word_1_169' title='bbox 2136 946 2201 998; x_wconf 88' lang='lat' dir='ltr'><strong>de</strong></span> <span class='ocrx_word' id='word_1_170' title='bbox 2234 945 2462 1000; x_wconf 87' lang='lat' dir='ltr'><strong>consilio</strong></span> <span class='ocrx_word' id='word_1_171' title='bbox 2495 944 2699 1014; x_wconf 90' lang='lat' dir='ltr'><strong>aliquid</strong></span> <span class='ocrx_word' id='word_1_172' title='bbox 2733 945 3055 1014; x_wconf 87' lang='lat' dir='ltr'><strong>iuaudisset,</strong></span> <span class='ocrx_word' id='word_1_173' title='bbox 3093 947 3384 1019; x_wconf 83' lang='lat' dir='ltr'><strong>impatiens</strong></span> 
     </span>
    </p>
   </div>
   <div class='ocr_carea' id='block_1_24' title="bbox 1804 1036 3381 1112">
    <p class='ocr_par' dir='ltr' id='par_1_24' title="bbox 1804 1036 3381 1112">
     <span class='ocr_line' id='line_1_24' title="bbox 1804 1036 3381 1112; baseline 0.006 -24"><span class='ocrx_word' id='word_1_174' title='bbox 1804 1036 2038 1104; x_wconf 62' lang='lat' dir='ltr'><strong>injuriae,</strong></span> <span class='ocrx_word' id='word_1_175' title='bbox 2076 1036 2320 1092; x_wconf 80' lang='lat' dir='ltr'><strong>futurum</strong></span> <span class='ocrx_word' id='word_1_176' title='bbox 2349 1038 2672 1106; x_wconf 74' lang='lat' dir='ltr'><strong>minaretur,</strong></span> <span class='ocrx_word' id='word_1_177' title='bbox 2704 1040 2782 1092; x_wconf 91' lang='lat' dir='ltr'><strong>uti</strong></span> <span class='ocrx_word' id='word_1_178' title='bbox 2813 1038 3157 1095; x_wconf 89' lang='lat' dir='ltr'><strong>Cleomedem</strong></span> <span class='ocrx_word' id='word_1_179' title='bbox 3203 1042 3381 1112; x_wconf 89' lang='lat' dir='ltr'><strong>ipsum</strong></span> 
     </span>
    </p>
   </div>
   <div class='ocr_carea' id='block_1_25' title="bbox 1805 1129 3431 1202">
    <p class='ocr_par' dir='ltr' id='par_1_25' title="bbox 1805 1129 3431 1202">
     <span class='ocr_line' id='line_1_25' title="bbox 1805 1129 3431 1202; baseline 0.005 -20"><span class='ocrx_word' id='word_1_180' title='bbox 1805 1129 1858 1182; x_wconf 91' lang='lat' dir='ltr'><strong>in</strong></span> <span class='ocrx_word' id='word_1_181' title='bbox 1918 1130 2232 1198; x_wconf 79' lang='lat' dir='ltr'><strong>voraginem</strong></span> <span class='ocrx_word' id='word_1_182' title='bbox 2304 1131 2550 1186; x_wconf 85' lang='lat' dir='ltr'><strong>calcibus</strong></span> <span class='ocrx_word' id='word_1_183' title='bbox 2597 1140 2886 1187; x_wconf 92' lang='lat' dir='ltr'><strong>contusum</strong></span> <span class='ocrx_word' id='word_1_184' title='bbox 2949 1133 3224 1202; x_wconf 86' lang='lat' dir='ltr'><strong>dejiceret,</strong></span> <span class='ocrx_word' id='word_1_185' title='bbox 3282 1137 3431 1190; x_wconf 84' lang='lat' dir='ltr'><strong>nec’</strong></span> 
     </span>
    </p>
   </div>
   <div class='ocr_carea' id='block_1_26' title="bbox 1804 1219 3380 1295">
    <p class='ocr_par' dir='ltr' id='par_1_26' title="bbox 1804 1219 3380 1295">
     <span class='ocr_line' id='line_1_26' title="bbox 1804 1219 3380 1295; baseline 0.003 -19"><span class='ocrx_word' id='word_1_186' title='bbox 1804 1219 1957 1276; x_wconf 89' lang='lat' dir='ltr'><strong>illum</strong></span> <span class='ocrx_word' id='word_1_187' title='bbox 1996 1237 2238 1291; x_wconf 83' lang='lat' dir='ltr'><strong>unquam</strong></span> <span class='ocrx_word' id='word_1_188' title='bbox 2294 1223 2346 1275; x_wconf 92' lang='lat' dir='ltr'><strong>in</strong></span> <span class='ocrx_word' id='word_1_189' title='bbox 2392 1223 2590 1278; x_wconf 87' lang='lat' dir='ltr'><strong>coelum</strong></span> <span class='ocrx_word' id='word_1_190' title='bbox 2645 1225 3015 1279; x_wconf 89' lang='lat' dir='ltr'><strong>conscendere</strong></span> <span class='ocrx_word' id='word_1_191' title='bbox 3059 1233 3380 1295; x_wconf 85' lang='lat' dir='ltr'><strong>pateretur:</strong></span> 
     </span>
    </p>
   </div>
   <div class='ocr_carea' id='block_1_27' title="bbox 1805 1314 3384 1385">
    <p class='ocr_par' dir='ltr' id='par_1_27' title="bbox 1805 1314 3384 1385">
     <span class='ocr_line' id='line_1_27' title="bbox 1805 1314 3384 1385; baseline 0.004 -17"><span class='ocrx_word' id='word_1_192' title='bbox 1805 1314 1908 1368; x_wconf 87' lang='lat' dir='ltr'><strong>sibi</strong></span> <span class='ocrx_word' id='word_1_193' title='bbox 1941 1315 2084 1367; x_wconf 90' lang='lat' dir='ltr'><strong>enim</strong></span> <span class='ocrx_word' id='word_1_194' title='bbox 2126 1314 2332 1383; x_wconf 88' lang='lat' dir='ltr'><strong>justius</strong></span> <span class='ocrx_word' id='word_1_195' title='bbox 2362 1329 2527 1383; x_wconf 87' lang='lat' dir='ltr'><strong>quam</strong></span> <span class='ocrx_word' id='word_1_196' title='bbox 2561 1315 2666 1385; x_wconf 89' lang='lat' dir='ltr'><strong>ipsi</strong></span> <span class='ocrx_word' id='word_1_197' title='bbox 2698 1315 2881 1370; x_wconf 85' lang='lat' dir='ltr'><strong>divina</strong></span> <span class='ocrx_word' id='word_1_198' title='bbox 2913 1316 2999 1370; x_wconf 87' lang='lat' dir='ltr'><strong>illa</strong></span> <span class='ocrx_word' id='word_1_199' title='bbox 3032 1333 3262 1374; x_wconf 88' lang='lat' dir='ltr'><strong>munera</strong></span> <span class='ocrx_word' id='word_1_200' title='bbox 3288 1321 3384 1374; x_wconf 87' lang='lat' dir='ltr'><strong>de-</strong></span> 
     </span>
    </p>
   </div>
   <div class='ocr_carea' id='block_1_28' title="bbox 1805 1404 3384 1474">
    <p class='ocr_par' dir='ltr' id='par_1_28' title="bbox 1805 1404 3384 1474">
     <span class='ocr_line' id='line_1_28' title="bbox 1805 1404 3384 1474; baseline 0.003 -16"><span class='ocrx_word' id='word_1_201' title='bbox 1805 1404 1920 1458; x_wconf 87' lang='lat' dir='ltr'><strong>beri</strong></span> <span class='ocrx_word' id='word_1_202' title='bbox 1961 1405 2314 1458; x_wconf 83' lang='lat' dir='ltr'><strong>contenderet</strong></span> <span class='ocrx_word' id='word_1_203' title='bbox 2343 1421 2357 1470; x_wconf 91' lang='lat'><strong>;</strong></span> <span class='ocrx_word' id='word_1_204' title='bbox 2392 1404 2592 1474; x_wconf 91' lang='lat' dir='ltr'><strong>quippe</strong></span> <span class='ocrx_word' id='word_1_205' title='bbox 2628 1405 2720 1473; x_wconf 90' lang='lat' dir='ltr'><strong>qui</strong></span> <span class='ocrx_word' id='word_1_206' title='bbox 2752 1420 2858 1458; x_wconf 90' lang='lat' dir='ltr'><strong>non</strong></span> <span class='ocrx_word' id='word_1_207' title='bbox 2904 1421 3027 1460; x_wconf 92' lang='lat' dir='ltr'><strong>cum</strong></span> <span class='ocrx_word' id='word_1_208' title='bbox 3060 1421 3126 1461; x_wconf 91' lang='lat' dir='ltr'><strong>eo</strong></span> <span class='ocrx_word' id='word_1_209' title='bbox 3159 1409 3336 1463; x_wconf 90' lang='lat' dir='ltr'><strong>solum</strong></span> <span class='ocrx_word' id='word_1_210' title='bbox 3366 1449 3384 1473; x_wconf 89' lang='lat'><strong>,</strong></span> 
     </span>
    </p>
   </div>
   <div class='ocr_carea' id='block_1_29' title="bbox 1807 1495 3382 1564">
    <p class='ocr_par' dir='ltr' id='par_1_29' title="bbox 1807 1495 3382 1564">
     <span class='ocr_line' id='line_1_29' title="bbox 1807 1495 3382 1564; baseline 0.004 -16"><span class='ocrx_word' id='word_1_211' title='bbox 1807 1497 2021 1550; x_wconf 85' lang='lat' dir='ltr'><strong>tametsi</strong></span> <span class='ocrx_word' id='word_1_212' title='bbox 2075 1495 2267 1551; x_wconf 84' lang='lat' dir='ltr'><strong>ferreis</strong></span> <span class='ocrx_word' id='word_1_213' title='bbox 2310 1496 2565 1550; x_wconf 68' lang='lat' dir='ltr'><strong>caestibus</strong></span> <span class='ocrx_word' id='word_1_214' title='bbox 2609 1506 2914 1564; x_wconf 83' lang='lat' dir='ltr'><strong>uteretur,</strong></span> <span class='ocrx_word' id='word_1_215' title='bbox 2943 1513 3131 1552; x_wconf 90' lang='lat' dir='ltr'><strong>verum</strong></span> <span class='ocrx_word' id='word_1_216' title='bbox 3165 1511 3219 1554; x_wconf 90' lang='lat' dir='ltr'><strong>et</strong></span> <span class='ocrx_word' id='word_1_217' title='bbox 3258 1517 3382 1556; x_wconf 89' lang='lat' dir='ltr'><strong>cum</strong></span> 
     </span>
    </p>
   </div>
   <div class='ocr_carea' id='block_1_30' title="bbox 1806 1587 3382 1659">
    <p class='ocr_par' dir='ltr' id='par_1_30' title="bbox 1806 1587 3382 1659">
     <span class='ocr_line' id='line_1_30' title="bbox 1806 1587 3382 1659; baseline 0.004 -19"><span class='ocrx_word' id='word_1_218' title='bbox 1806 1587 1978 1641; x_wconf 89' lang='lat' dir='ltr'><strong>altero</strong></span> <span class='ocrx_word' id='word_1_219' title='bbox 2021 1587 2184 1642; x_wconf 89' lang='lat' dir='ltr'><strong>simul</strong></span> <span class='ocrx_word' id='word_1_220' title='bbox 2213 1588 2396 1659; x_wconf 89' lang='lat' dir='ltr'><strong>pugile</strong></span> <span class='ocrx_word' id='word_1_221' title='bbox 2447 1587 2650 1642; x_wconf 83' lang='lat' dir='ltr'><strong>Thasio</strong></span> <span class='ocrx_word' id='word_1_222' title='bbox 2700 1604 2940 1659; x_wconf 90' lang='lat' dir='ltr'><strong>pugnare</strong></span> <span class='ocrx_word' id='word_1_223' title='bbox 2988 1600 3211 1659; x_wconf 84' lang='lat' dir='ltr'><strong>posset:</strong></span> <span class='ocrx_word' id='word_1_224' title='bbox 3251 1592 3382 1658; x_wconf 90' lang='lat' dir='ltr'><strong>illo,</strong></span> 
     </span>
    </p>
   </div>
   <div class='ocr_carea' id='block_1_31' title="bbox 1808 1678 3386 1753">
    <p class='ocr_par' dir='ltr' id='par_1_31' title="bbox 1808 1678 3386 1753">
     <span class='ocr_line' id='line_1_31' title="bbox 1808 1678 3386 1753; baseline 0.005 -21"><span class='ocrx_word' id='word_1_225' title='bbox 1808 1679 2056 1749; x_wconf 87' lang='lat' dir='ltr'><strong>inquam,</strong></span> <span class='ocrx_word' id='word_1_226' title='bbox 2082 1678 2306 1745; x_wconf 89' lang='lat' dir='ltr'><strong>Thasio,</strong></span> <span class='ocrx_word' id='word_1_227' title='bbox 2337 1681 2493 1750; x_wconf 87' lang='lat' dir='ltr'><strong>cujus</strong></span> <span class='ocrx_word' id='word_1_228' title='bbox 2519 1680 2589 1734; x_wconf 90' lang='lat' dir='ltr'><strong>ob</strong></span> <span class='ocrx_word' id='word_1_229' title='bbox 2619 1688 2853 1734; x_wconf 80' lang='lat' dir='ltr'><strong>statuam</strong></span> <span class='ocrx_word' id='word_1_230' title='bbox 2882 1684 3141 1737; x_wconf 90' lang='lat' dir='ltr'><strong>commoti</strong></span> <span class='ocrx_word' id='word_1_231' title='bbox 3165 1685 3386 1753; x_wconf 77' lang='lat' dir='ltr'><strong>gravius</strong></span> 
     </span>
    </p>
   </div>
   <div class='ocr_carea' id='block_1_32' title="bbox 1807 1774 3382 1844">
    <p class='ocr_par' dir='ltr' id='par_1_32' title="bbox 1807 1774 3382 1844">
     <span class='ocr_line' id='line_1_32' title="bbox 1807 1774 3382 1844; baseline 0.004 -17"><span class='ocrx_word' id='word_1_232' title='bbox 1807 1775 2010 1842; x_wconf 89' lang='lat' dir='ltr'><strong>superi,</strong></span> <span class='ocrx_word' id='word_1_233' title='bbox 2043 1774 2122 1827; x_wconf 90' lang='lat' dir='ltr'><strong>uti</strong></span> <span class='ocrx_word' id='word_1_234' title='bbox 2155 1775 2314 1828; x_wconf 85' lang='lat' dir='ltr'><strong>ﬁdem</strong></span> <span class='ocrx_word' id='word_1_235' title='bbox 2346 1790 2453 1828; x_wconf 90' lang='lat' dir='ltr'><strong>non</strong></span> <span class='ocrx_word' id='word_1_236' title='bbox 2487 1774 2654 1829; x_wconf 90' lang='lat' dir='ltr'><strong>homo</strong></span> <span class='ocrx_word' id='word_1_237' title='bbox 2685 1775 2873 1830; x_wconf 88' lang='lat' dir='ltr'><strong>nescio</strong></span> <span class='ocrx_word' id='word_1_238' title='bbox 2906 1776 3030 1844; x_wconf 90' lang='lat' dir='ltr'><strong>quis</strong></span> <span class='ocrx_word' id='word_1_239' title='bbox 3057 1817 3072 1839; x_wconf 85' lang='lat'><strong>,</strong></span> <span class='ocrx_word' id='word_1_240' title='bbox 3105 1777 3198 1832; x_wconf 86' lang='lat' dir='ltr'><strong>sed</strong></span> <span class='ocrx_word' id='word_1_241' title='bbox 3242 1777 3382 1833; x_wconf 85' lang='lat' dir='ltr'><strong>idem</strong></span> 
     </span>
    </p>
   </div>
   <div class='ocr_carea' id='block_1_33' title="bbox 119 1862 1695 1940">
    <p class='ocr_par' dir='ltr' id='par_1_33' title="bbox 119 1864 1695 1940">
     <span class='ocr_line' id='line_1_33' title="bbox 119 1864 1695 1940; baseline 0.003 -22"><span class='ocrx_word' id='word_1_242' title='bbox 119 1867 245 1928; x_wconf 74' lang='grc' dir='ltr'>τοὺς</span> <span class='ocrx_word' id='word_1_243' title='bbox 267 1866 326 1919; x_wconf 82' lang='grc' dir='ltr'><strong>δὲ</strong></span> <span class='ocrx_word' id='word_1_244' title='bbox 357 1867 586 1931; x_wconf 77' lang='grc' dir='ltr'>πολλοὺς</span> <span class='ocrx_word' id='word_1_245' title='bbox 615 1867 711 1920; x_wconf 72' lang='grc' dir='ltr'><strong>καὶ</strong></span> <span class='ocrx_word' id='word_1_246' title='bbox 730 1867 1009 1938; x_wconf 74' lang='grc' dir='ltr'>οἰομένους</span> <span class='ocrx_word' id='word_1_247' title='bbox 1038 1864 1177 1922; x_wconf 75' lang='grc' dir='ltr'>εἶναι</span> <span class='ocrx_word' id='word_1_248' title='bbox 1209 1872 1406 1940; x_wconf 77' lang='grc' dir='ltr'>σοφοὺς</span> <span class='ocrx_word' id='word_1_249' title='bbox 1439 1871 1695 1939; x_wconf 69' lang='grc' dir='ltr'>ἐλελήθειε</span> 
     </span>
    </p>
   </div>
   <div class='ocr_carea' id='block_1_34' title="bbox 1803 1862 3385 1940">
    <p class='ocr_par' dir='ltr' id='par_1_34' title="bbox 1805 1862 3385 1937">
     <span class='ocr_line' id='line_1_34' title="bbox 1805 1862 3385 1937; baseline 0.004 -20"><span class='ocrx_word' id='word_1_250' title='bbox 1805 1865 1922 1932; x_wconf 89' lang='lat' dir='ltr'><strong>ipse</strong></span> <span class='ocrx_word' id='word_1_251' title='bbox 1965 1863 2110 1918; x_wconf 85' lang='lat' dir='ltr'><strong>Deus</strong></span> <span class='ocrx_word' id='word_1_252' title='bbox 2150 1862 2300 1927; x_wconf 83' lang='lat' dir='ltr'><strong>facit,</strong></span> <span class='ocrx_word' id='word_1_253' title='bbox 2337 1863 2664 1919; x_wconf 89' lang='lat' dir='ltr'><strong>Thasiorum</strong></span> <span class='ocrx_word' id='word_1_254' title='bbox 2697 1864 2827 1919; x_wconf 92' lang='lat' dir='ltr'><strong>olim</strong></span> <span class='ocrx_word' id='word_1_255' title='bbox 2859 1880 3049 1937; x_wconf 82' lang='lat' dir='ltr'><strong>agrum</strong></span> <span class='ocrx_word' id='word_1_256' title='bbox 3101 1867 3385 1924; x_wconf 88' lang='lat' dir='ltr'><strong>sterilitate</strong></span> 
     </span>
    </p>
   </div>
   <div class='ocr_carea' id='block_1_35' title="bbox 122 1955 1704 2030">
    <p class='ocr_par' dir='ltr' id='par_1_35' title="bbox 122 1955 1704 2030">
     <span class='ocr_line' id='line_1_35' title="bbox 122 1955 1704 2030; baseline 0.004 -21"><span class='ocrx_word' id='word_1_257' title='bbox 122 1956 210 2021; x_wconf 82' lang='grc' dir='ltr'>ἶν’,</span> <span class='ocrx_word' id='word_1_258' title='bbox 239 1957 504 2028; x_wconf 68' lang='grc' dir='ltr'>ἀφέμενοι</span> <span class='ocrx_word' id='word_1_259' title='bbox 537 1956 631 2010; x_wconf 73' lang='grc' dir='ltr'>τοῦ</span> <span class='ocrx_word' id='word_1_260' title='bbox 656 1957 812 2011; x_wconf 72' lang='grc' dir='ltr'>καλοὶ</span> <span class='ocrx_word' id='word_1_261' title='bbox 853 1959 1084 2027; x_wconf 77' lang='grc' dir='ltr'>κάγαθοὶ</span> <span class='ocrx_word' id='word_1_262' title='bbox 1114 1955 1285 2024; x_wconf 80' lang='grc' dir='ltr'>εἶναι,</span> <span class='ocrx_word' id='word_1_263' title='bbox 1322 1961 1525 2030; x_wconf 77' lang='grc' dir='ltr'>ἤσκουν</span> <span class='ocrx_word' id='word_1_264' title='bbox 1565 1962 1704 2015; x_wconf 78' lang='grc' dir='ltr'>αὐτὰ</span> 
     </span>
    </p>
   </div>
   <div class='ocr_carea' id='block_1_36' title="bbox 120 2043 1704 2124">
    <p class='ocr_par' dir='ltr' id='par_1_36' title="bbox 120 2043 1704 2124">
     <span class='ocr_line' id='line_1_36' title="bbox 120 2043 1704 2124; baseline 0.004 -24"><span class='ocrx_word' id='word_1_265' title='bbox 120 2047 213 2101; x_wconf 69' lang='grc' dir='ltr'>τοῦ</span> <span class='ocrx_word' id='word_1_266' title='bbox 246 2049 453 2102; x_wconf 78' lang='grc' dir='ltr'>Θασίου</span> <span class='ocrx_word' id='word_1_267' title='bbox 477 2049 683 2102; x_wconf 81' lang='grc' dir='ltr'>πύκτου</span> <span class='ocrx_word' id='word_1_268' title='bbox 703 2067 716 2080; x_wconf 83' lang='lat'><strong><em>°</em></strong></span> <span class='ocrx_word' id='word_1_269' title='bbox 751 2043 795 2116; x_wconf 80' lang='grc' dir='ltr'>ᾧ</span> <span class='ocrx_word' id='word_1_270' title='bbox 824 2050 1123 2105; x_wconf 83' lang='grc' dir='ltr'>ἀθανασίαν</span> <span class='ocrx_word' id='word_1_271' title='bbox 1159 2053 1278 2122; x_wconf 81' lang='grc' dir='ltr'>μὲν,</span> <span class='ocrx_word' id='word_1_272' title='bbox 1303 2053 1492 2124; x_wconf 85' lang='grc' dir='ltr'>ὥσπερ</span> <span class='ocrx_word' id='word_1_273' title='bbox 1537 2055 1704 2107; x_wconf 85' lang='grc' dir='ltr'>Κλεο-</span> 
     </span>
    </p>
   </div>
   <div class='ocr_carea' id='block_1_37' title="bbox 127 2140 1696 2215">
    <p class='ocr_par' dir='ltr' id='par_1_37' title="bbox 127 2140 1696 2215">
     <span class='ocr_line' id='line_1_37' title="bbox 127 2140 1696 2215; baseline 0.004 -22"><span class='ocrx_word' id='word_1_274' title='bbox 127 2140 305 2212; x_wconf 74' lang='grc' dir='ltr'>μῆεει.</span> <span class='ocrx_word' id='word_1_275' title='bbox 346 2143 444 2194; x_wconf 77' lang='grc' dir='ltr'><strong>οὐκ</strong></span> <span class='ocrx_word' id='word_1_276' title='bbox 491 2142 719 2208; x_wconf 78' lang='grc' dir='ltr'>ἔδωκαν,</span> <span class='ocrx_word' id='word_1_277' title='bbox 778 2143 1044 2211; x_wconf 76' lang='grc' dir='ltr'>ἐφίλησαν</span> <span class='ocrx_word' id='word_1_278' title='bbox 1085 2144 1142 2198; x_wconf 83' lang='grc' dir='ltr'>δὲ</span> <span class='ocrx_word' id='word_1_279' title='bbox 1193 2146 1447 2215; x_wconf 85' lang='grc' dir='ltr'>μεγάλως</span> <span class='ocrx_word' id='word_1_280' title='bbox 1481 2147 1528 2198; x_wconf 80' lang='grc' dir='ltr'>οἱ</span> <span class='ocrx_word' id='word_1_281' title='bbox 1569 2146 1696 2200; x_wconf 85' lang='grc' dir='ltr'>θεοί.</span> 
     </span>
    </p>
   </div>
   <div class='ocr_carea' id='block_1_38' title="bbox 123 2233 1702 2308">
    <p class='ocr_par' dir='ltr' id='par_1_38' title="bbox 123 2233 1702 2308">
     <span class='ocr_line' id='line_1_38' title="bbox 123 2233 1702 2308; baseline 0.002 -22"><span class='ocrx_word' id='word_1_282' title='bbox 123 2233 278 2287; x_wconf 67' lang='grc' dir='ltr'>Οὕτω</span> <span class='ocrx_word' id='word_1_283' title='bbox 301 2235 396 2286; x_wconf 72' lang='grc' dir='ltr'><strong>καὶ</strong></span> <span class='ocrx_word' id='word_1_284' title='bbox 426 2235 454 2285; x_wconf 77' lang='grc' dir='ltr'><strong>ὁ</strong></span> <span class='ocrx_word' id='word_1_285' title='bbox 481 2234 707 2304; x_wconf 79' lang='grc' dir='ltr'>χάλκεος</span> <span class='ocrx_word' id='word_1_286' title='bbox 726 2235 887 2288; x_wconf 74' lang='grc' dir='ltr'>αὑτοῦ</span> <span class='ocrx_word' id='word_1_287' title='bbox 918 2235 1142 2306; x_wconf 86' lang='grc' dir='ltr'>ἀνδριὰς</span> <span class='ocrx_word' id='word_1_288' title='bbox 1169 2235 1335 2300; x_wconf 60' lang='lat' dir='ltr'><strong>saetae</strong></span> <span class='ocrx_word' id='word_1_289' title='bbox 1356 2255 1408 2289; x_wconf 88' lang='grc' dir='ltr'><strong>τι</strong></span> <span class='ocrx_word' id='word_1_290' title='bbox 1439 2237 1578 2308; x_wconf 85' lang='grc' dir='ltr'>ὑπὲρ</span> <span class='ocrx_word' id='word_1_291' title='bbox 1603 2236 1702 2300; x_wconf 81' lang='grc' dir='ltr'><strong>τὰς</strong></span> 
     </span>
    </p>
   </div>
   <div class='ocr_carea' id='block_1_39' title="bbox 117 2326 1704 2399">
    <p class='ocr_par' dir='ltr' id='par_1_39' title="bbox 117 2326 1704 2399">
     <span class='ocr_line' id='line_1_39' title="bbox 117 2326 1704 2399; baseline 0.003 -22"><span class='ocrx_word' id='word_1_292' title='bbox 117 2326 224 2377; x_wconf 81' lang='grc' dir='ltr'><strong>τῶν</strong></span> <span class='ocrx_word' id='word_1_293' title='bbox 253 2326 431 2380; x_wconf 75' lang='grc' dir='ltr'>ἄλλων</span> <span class='ocrx_word' id='word_1_294' title='bbox 464 2326 763 2397; x_wconf 80' lang='grc' dir='ltr'>ἀνθρώπων</span> <span class='ocrx_word' id='word_1_295' title='bbox 785 2329 1018 2393; x_wconf 77' lang='grc' dir='ltr'>εἰκόνας,</span> <span class='ocrx_word' id='word_1_296' title='bbox 1045 2329 1482 2399; x_wconf 73' lang='grc' dir='ltr'>ἐπικατενεχθεὶς</span> <span class='ocrx_word' id='word_1_297' title='bbox 1502 2329 1579 2399; x_wconf 80' lang='grc' dir='ltr'>τῷ</span> <span class='ocrx_word' id='word_1_298' title='bbox 1604 2347 1704 2398; x_wconf 88' lang='grc' dir='ltr'>μα-</span> 
     </span>
    </p>
   </div>
   <div class='ocr_carea' id='block_1_40' title="bbox 120 2418 1704 2492">
    <p class='ocr_par' dir='ltr' id='par_1_40' title="bbox 120 2418 1704 2492">
     <span class='ocr_line' id='line_1_40' title="bbox 120 2418 1704 2492; baseline 0 -20"><span class='ocrx_word' id='word_1_299' title='bbox 120 2418 394 2489; x_wconf 71' lang='grc' dir='ltr'>στιγοῦντι</span> <span class='ocrx_word' id='word_1_300' title='bbox 421 2420 621 2492; x_wconf 82' lang='grc' dir='ltr'>ἐχθρῷ,</span> <span class='ocrx_word' id='word_1_301' title='bbox 651 2421 793 2474; x_wconf 85' lang='grc' dir='ltr'>κατά</span> <span class='ocrx_word' id='word_1_302' title='bbox 818 2437 959 2483; x_wconf 91' lang='grc' dir='ltr'>τινα,</span> <span class='ocrx_word' id='word_1_303' title='bbox 991 2421 1066 2484; x_wconf 83' lang='grc' dir='ltr'>ὡς</span> <span class='ocrx_word' id='word_1_304' title='bbox 1099 2421 1262 2485; x_wconf 77' lang='grc' dir='ltr'>ἔοικε,</span> <span class='ocrx_word' id='word_1_305' title='bbox 1293 2419 1573 2490; x_wconf 77' lang='grc' dir='ltr'>δαιμονίαν</span> <span class='ocrx_word' id='word_1_306' title='bbox 1610 2420 1704 2490; x_wconf 82' lang='grc' dir='ltr'>μέ-</span> 
     </span>
    </p>
   </div>
   <div class='ocr_carea' id='block_1_41' title="bbox 119 2511 1703 2584">
    <p class='ocr_par' dir='ltr' id='par_1_41' title="bbox 119 2511 1703 2584">
     <span class='ocr_line' id='line_1_41' title="bbox 119 2511 1703 2584; baseline 0.001 -21"><span class='ocrx_word' id='word_1_307' title='bbox 119 2527 342 2581; x_wconf 78' lang='grc' dir='ltr'>ριμναν.</span> <span class='ocrx_word' id='word_1_308' title='bbox 390 2511 529 2564; x_wconf 84' lang='grc' dir='ltr'>Ἀλλ’</span> <span class='ocrx_word' id='word_1_309' title='bbox 561 2514 611 2564; x_wconf 84' lang='grc' dir='ltr'>οἱ</span> <span class='ocrx_word' id='word_1_310' title='bbox 641 2513 872 2584; x_wconf 68' lang='grc' dir='ltr'>ἄφρονες</span> <span class='ocrx_word' id='word_1_311' title='bbox 896 2512 1107 2578; x_wconf 80' lang='grc' dir='ltr'>Θάσιοι,</span> <span class='ocrx_word' id='word_1_312' title='bbox 1138 2513 1232 2564; x_wconf 78' lang='grc' dir='ltr'><strong>καὶ</strong></span> <span class='ocrx_word' id='word_1_313' title='bbox 1279 2511 1439 2564; x_wconf 88' lang='grc' dir='ltr'>θείων</span> <span class='ocrx_word' id='word_1_314' title='bbox 1486 2511 1703 2582; x_wconf 78' lang='grc' dir='ltr'>ἄπειροι</span> 
     </span>
    </p>
   </div>
   <div class='ocr_carea' id='block_1_42' title="bbox 117 2602 1702 2674">
    <p class='ocr_par' dir='ltr' id='par_1_42' title="bbox 117 2602 1702 2674">
     <span class='ocr_line' id='line_1_42' title="bbox 117 2602 1702 2674; baseline 0.001 -20"><span class='ocrx_word' id='word_1_315' title='bbox 117 2603 464 2674; x_wconf 77' lang='grc' dir='ltr'>πραγμάτων</span> <span class='ocrx_word' id='word_1_316' title='bbox 487 2643 502 2667; x_wconf 93' lang='grc'><strong>,</strong></span> <span class='ocrx_word' id='word_1_317' title='bbox 547 2604 935 2674; x_wconf 80' lang='grc' dir='ltr'>ἡγανάκτησάν</span> <span class='ocrx_word' id='word_1_318' title='bbox 970 2621 1050 2668; x_wconf 87' lang='grc' dir='ltr'><strong>τε,</strong></span> <span class='ocrx_word' id='word_1_319' title='bbox 1080 2605 1177 2656; x_wconf 67' lang='grc' dir='ltr'><strong>καί⁹</strong></span> <span class='ocrx_word' id='word_1_320' title='bbox 1203 2602 1334 2672; x_wconf 80' lang='grc' dir='ltr'>ἄγος</span> <span class='ocrx_word' id='word_1_321' title='bbox 1362 2603 1702 2656; x_wconf 83' lang='grc' dir='ltr'>ἐπεκάλεσαν</span> 
     </span>
    </p>
   </div>
   <div class='ocr_carea' id='block_1_43' title="bbox 113 2695 1704 2767">
    <p class='ocr_par' dir='ltr' id='par_1_43' title="bbox 113 2695 1704 2767">
     <span class='ocr_line' id='line_1_43' title="bbox 113 2695 1704 2767; baseline 0.003 -22"><span class='ocrx_word' id='word_1_322' title='bbox 113 2695 189 2764; x_wconf 75' lang='grc' dir='ltr'>τῷ</span> <span class='ocrx_word' id='word_1_323' title='bbox 219 2696 525 2767; x_wconf 76' lang='grc' dir='ltr'>ἀνδριάντι,</span> <span class='ocrx_word' id='word_1_324' title='bbox 558 2697 652 2748; x_wconf 85' lang='grc' dir='ltr'><strong>καί</strong></span> <span class='ocrx_word' id='word_1_325' title='bbox 674 2695 828 2765; x_wconf 80' lang='grc' dir='ltr'>δίκην</span> <span class='ocrx_word' id='word_1_326' title='bbox 849 2695 1260 2766; x_wconf 77' lang='grc' dir='ltr'>εἰσεπράξαντο,</span> <span class='ocrx_word' id='word_1_327' title='bbox 1278 2696 1373 2748; x_wconf 75' lang='grc' dir='ltr'><strong>καὶ</strong></span> <span class='ocrx_word' id='word_1_328' title='bbox 1405 2695 1704 2749; x_wconf 75' lang='grc' dir='ltr'>καταδῦσαι</span> 
     </span>
    </p>
   </div>
   <div class='ocr_carea' id='block_1_44' title="bbox 112 2786 1702 2858">
    <p class='ocr_par' dir='ltr' id='par_1_44' title="bbox 112 2786 1702 2858">
     <span class='ocr_line' id='line_1_44' title="bbox 112 2786 1702 2858; baseline 0.001 -20"><span class='ocrx_word' id='word_1_329' title='bbox 112 2787 427 2856; x_wconf 76' lang='grc' dir='ltr'>ἐτόλμησαν</span> <span class='ocrx_word' id='word_1_330' title='bbox 455 2789 533 2849; x_wconf 91' lang='grc' dir='ltr'><strong>είς</strong></span> <span class='ocrx_word' id='word_1_331' title='bbox 566 2786 662 2857; x_wconf 84' lang='grc' dir='ltr'><strong>τὴν</strong></span> <span class='ocrx_word' id='word_1_332' title='bbox 691 2787 982 2843; x_wconf 88' lang='grc' dir='ltr'>θάλασσαν.</span> <span class='ocrx_word' id='word_1_333' title='bbox 1015 2789 1089 2840; x_wconf 76' lang='grc' dir='ltr'><strong>Οὐ</strong></span> <span class='ocrx_word' id='word_1_334' title='bbox 1129 2786 1232 2858; x_wconf 84' lang='grc' dir='ltr'>μὴν</span> <span class='ocrx_word' id='word_1_335' title='bbox 1263 2786 1516 2855; x_wconf 75' lang='grc' dir='ltr'>διέφυγόν</span> <span class='ocrx_word' id='word_1_336' title='bbox 1554 2804 1617 2855; x_wconf 90' lang='grc' dir='ltr'><strong>γε</strong></span> <span class='ocrx_word' id='word_1_337' title='bbox 1652 2788 1702 2840; x_wconf 81' lang='grc' dir='ltr'><strong>οἰ</strong></span> 
     </span>
    </p>
   </div>
   <div class='ocr_carea' id='block_1_45' title="bbox 112 2877 1703 2948">
    <p class='ocr_par' dir='ltr' id='par_1_45' title="bbox 112 2877 1703 2948">
     <span class='ocr_line' id='line_1_45' title="bbox 112 2877 1703 2948; baseline 0.001 -20"><span class='ocrx_word' id='word_1_338' title='bbox 112 2877 332 2939; x_wconf 80' lang='grc' dir='ltr'>Θάσιοι,</span> <span class='ocrx_word' id='word_1_339' title='bbox 368 2878 482 2931; x_wconf 74' lang='grc' dir='ltr'>ἀλλ’</span> <span class='ocrx_word' id='word_1_340' title='bbox 506 2881 554 2930; x_wconf 82' lang='grc' dir='ltr'><strong>οἰ</strong></span> <span class='ocrx_word' id='word_1_341' title='bbox 577 2877 687 2930; x_wconf 74' lang='grc' dir='ltr'>θεοὶ</span> <span class='ocrx_word' id='word_1_342' title='bbox 709 2877 950 2942; x_wconf 81' lang='grc' dir='ltr'>ἐδίδαξαν</span> <span class='ocrx_word' id='word_1_343' title='bbox 989 2877 1174 2948; x_wconf 82' lang='grc' dir='ltr'>ἡλίκον</span> <span class='ocrx_word' id='word_1_344' title='bbox 1204 2877 1371 2931; x_wconf 73' lang='grc' dir='ltr'>κακον</span> <span class='ocrx_word' id='word_1_345' title='bbox 1405 2878 1496 2930; x_wconf 82' lang='grc' dir='ltr'>ὑπ’</span> <span class='ocrx_word' id='word_1_346' title='bbox 1525 2877 1703 2932; x_wconf 79' lang='grc' dir='ltr'>αὐτῶν</span> 
     </span>
    </p>
   </div>
   <div class='ocr_carea' id='block_1_46' title="bbox 113 2968 1705 3042">
    <p class='ocr_par' dir='ltr' id='par_1_46' title="bbox 113 2968 1705 3042">
     <span class='ocr_line' id='line_1_46' title="bbox 113 2968 1705 3042; baseline 0.001 -20"><span class='ocrx_word' id='word_1_347' title='bbox 113 2971 393 3042; x_wconf 80' lang='grc' dir='ltr'>ἐτολμήθη</span> <span class='ocrx_word' id='word_1_348' title='bbox 415 3011 430 3033; x_wconf 91' lang='grc'><strong>,</strong></span> <span class='ocrx_word' id='word_1_349' title='bbox 464 2970 617 3040; x_wconf 73' lang='grc' dir='ltr'>λιμὸν</span> <span class='ocrx_word' id='word_1_350' title='bbox 654 2969 1062 3040; x_wconf 64' lang='grc' dir='ltr'>ἐπιπέμψαντες</span> <span class='ocrx_word' id='word_1_351' title='bbox 1103 2969 1194 3022; x_wconf 79' lang='grc' dir='ltr'><strong>τὸν</strong></span> <span class='ocrx_word' id='word_1_352' title='bbox 1224 2968 1322 3040; x_wconf 77' lang='grc' dir='ltr'><strong>τῆς</strong></span> <span class='ocrx_word' id='word_1_353' title='bbox 1363 2971 1509 3033; x_wconf 84' lang='grc' dir='ltr'>θείας</span> <span class='ocrx_word' id='word_1_354' title='bbox 1548 2970 1705 3040; x_wconf 83' lang='grc' dir='ltr'>δίκης</span> 
     </span>
    </p>
   </div>
   <div class='ocr_carea' id='block_1_47' title="bbox 109 3060 1703 3132">
    <p class='ocr_par' dir='ltr' id='par_1_47' title="bbox 109 3060 1703 3132">
     <span class='ocr_line' id='line_1_47' title="bbox 109 3060 1703 3132; baseline -0.001 -19"><span class='ocrx_word' id='word_1_355' title='bbox 109 3062 402 3116; x_wconf 68' lang='grc' dir='ltr'>διάκονον*</span> <span class='ocrx_word' id='word_1_356' title='bbox 435 3063 494 3125; x_wconf 83' lang='grc' dir='ltr'>ὃς</span> <span class='ocrx_word' id='word_1_357' title='bbox 526 3062 727 3128; x_wconf 80' lang='grc' dir='ltr'>ἐδίδαξε</span> <span class='ocrx_word' id='word_1_358' title='bbox 761 3061 915 3132; x_wconf 84' lang='grc' dir='ltr'>μόλις</span> <span class='ocrx_word' id='word_1_359' title='bbox 950 3063 1144 3125; x_wconf 80' lang='grc' dir='ltr'>αὐτοὺς</span> <span class='ocrx_word' id='word_1_360' title='bbox 1169 3061 1237 3114; x_wconf 84' lang='grc' dir='ltr'><strong>τά</strong></span> <span class='ocrx_word' id='word_1_361' title='bbox 1273 3062 1381 3114; x_wconf 87' lang='grc' dir='ltr'><strong>τῶν</strong></span> <span class='ocrx_word' id='word_1_362' title='bbox 1409 3061 1546 3115; x_wconf 86' lang='grc' dir='ltr'>θεῶν</span> <span class='ocrx_word' id='word_1_363' title='bbox 1579 3060 1703 3130; x_wconf 87' lang='grc' dir='ltr'>βου-</span> 
     </span>
    </p>
   </div>
   <div class='ocr_carea' id='block_1_48' title="bbox 113 3150 1702 3225">
    <p class='ocr_par' dir='ltr' id='par_1_48' title="bbox 113 3150 1702 3225">
     <span class='ocr_line' id='line_1_48' title="bbox 113 3150 1702 3225; baseline -0.001 -20"><span class='ocrx_word' id='word_1_364' title='bbox 113 3155 367 3224; x_wconf 73' lang='grc' dir='ltr'>λεύματα</span> <span class='ocrx_word' id='word_1_365' title='bbox 388 3194 402 3218; x_wconf 93' lang='grc'><strong>,</strong></span> <span class='ocrx_word' id='word_1_366' title='bbox 435 3155 545 3218; x_wconf 84' lang='grc' dir='ltr'>ὅτε,</span> <span class='ocrx_word' id='word_1_367' title='bbox 575 3153 1086 3225; x_wconf 78' lang='grc' dir='ltr'>φιλανθρωπότατος</span> <span class='ocrx_word' id='word_1_368' title='bbox 1119 3153 1255 3206; x_wconf 79' lang='grc' dir='ltr'>θεῶν</span> <span class='ocrx_word' id='word_1_369' title='bbox 1290 3153 1352 3206; x_wconf 77' lang='grc' dir='ltr'><strong>σὺ</strong></span> <span class='ocrx_word' id='word_1_370' title='bbox 1395 3153 1472 3223; x_wconf 80' lang='grc' dir='ltr'><strong>τῷ</strong></span> <span class='ocrx_word' id='word_1_371' title='bbox 1518 3150 1702 3222; x_wconf 84' lang='grc' dir='ltr'>οἰκείῳ</span> 
     </span>
    </p>
   </div>
   <div class='ocr_carea' id='block_1_49' title="bbox 112 3242 1488 3317">
    <p class='ocr_par' dir='ltr' id='par_1_49' title="bbox 112 3242 1488 3317">
     <span class='ocr_line' id='line_1_49' title="bbox 112 3242 1488 3317; baseline 0.001 -22"><span class='ocrx_word' id='word_1_372' title='bbox 112 3247 323 3317; x_wconf 71' lang='grc' dir='ltr'>τρόπῳ,</span> <span class='ocrx_word' id='word_1_373' title='bbox 357 3245 457 3314; x_wconf 81' lang='grc' dir='ltr'>τὴν</span> <span class='ocrx_word' id='word_1_374' title='bbox 488 3243 737 3314; x_wconf 82' lang='grc' dir='ltr'>βοήθειαν</span> <span class='ocrx_word' id='word_1_375' title='bbox 765 3245 945 3306; x_wconf 80' lang='grc' dir='ltr'>αὐτοῖς</span> <span class='ocrx_word' id='word_1_376' title='bbox 985 3242 1255 3314; x_wconf 73' lang='grc' dir='ltr'>ἔπεμψας,</span> <span class='ocrx_word' id='word_1_377' title='bbox 1283 3244 1455 3311; x_wconf 79' lang='grc' dir='ltr'>λέγων</span> <span class='ocrx_word' id='word_1_378' title='bbox 1473 3259 1488 3273; x_wconf 87' lang='grc'><strong>·</strong></span> 
     </span>
    </p>
   </div>
   <div class='ocr_carea' id='block_1_50' title="bbox 1804 1953 3385 2026">
    <p class='ocr_par' dir='ltr' id='par_1_50' title="bbox 1804 1953 3385 2026">
     <span class='ocr_line' id='line_1_50' title="bbox 1804 1953 3385 2026; baseline 0.003 -19"><span class='ocrx_word' id='word_1_379' title='bbox 1804 1955 2154 2008; x_wconf 89' lang='lat' dir='ltr'><strong>damnarunt.</strong></span> <span class='ocrx_word' id='word_1_380' title='bbox 2203 1953 2281 2008; x_wconf 86' lang='lat' dir='ltr'><strong>Ex</strong></span> <span class='ocrx_word' id='word_1_381' title='bbox 2313 1955 2512 2023; x_wconf 86' lang='lat' dir='ltr'><strong>quibus</strong></span> <span class='ocrx_word' id='word_1_382' title='bbox 2557 1969 2705 2008; x_wconf 91' lang='lat' dir='ltr'><strong>nunc</strong></span> <span class='ocrx_word' id='word_1_383' title='bbox 2743 1955 2961 2012; x_wconf 79' lang='lat' dir='ltr'><strong>demum</strong></span> <span class='ocrx_word' id='word_1_384' title='bbox 2995 1956 3268 2026; x_wconf 83' lang='lat' dir='ltr'><strong>intelligo,</strong></span> <span class='ocrx_word' id='word_1_385' title='bbox 3299 1957 3385 2012; x_wconf 89' lang='lat' dir='ltr'><strong>di-</strong></span> 
     </span>
    </p>
   </div>
   <div class='ocr_carea' id='block_1_51' title="bbox 1805 2047 3384 2118">
    <p class='ocr_par' dir='ltr' id='par_1_51' title="bbox 1805 2047 3384 2118">
     <span class='ocr_line' id='line_1_51' title="bbox 1805 2047 3384 2118; baseline 0.003 -17"><span class='ocrx_word' id='word_1_386' title='bbox 1805 2048 1992 2102; x_wconf 86' lang='lat' dir='ltr'><strong>vinum</strong></span> <span class='ocrx_word' id='word_1_387' title='bbox 2025 2049 2185 2116; x_wconf 83' lang='lat' dir='ltr'><strong>plane</strong></span> <span class='ocrx_word' id='word_1_388' title='bbox 2217 2047 2422 2116; x_wconf 88' lang='lat' dir='ltr'><strong>aliquid</strong></span> <span class='ocrx_word' id='word_1_389' title='bbox 2449 2061 2571 2102; x_wconf 91' lang='lat' dir='ltr'><strong>esse</strong></span> <span class='ocrx_word' id='word_1_390' title='bbox 2599 2048 2900 2117; x_wconf 84' lang='lat' dir='ltr'><strong>pugilatum</strong></span> <span class='ocrx_word' id='word_1_391' title='bbox 2922 2064 2937 2102; x_wconf 90' lang='lat'><strong>:</strong></span> <span class='ocrx_word' id='word_1_392' title='bbox 2959 2048 3012 2103; x_wconf 90' lang='lat' dir='ltr'><strong>id</strong></span> <span class='ocrx_word' id='word_1_393' title='bbox 3033 2049 3178 2118; x_wconf 91' lang='lat' dir='ltr'><strong>quod</strong></span> <span class='ocrx_word' id='word_1_394' title='bbox 3201 2049 3384 2106; x_wconf 89' lang='lat' dir='ltr'><strong>videre</strong></span> 
     </span>
    </p>
   </div>
   <div class='ocr_carea' id='block_1_52' title="bbox 1805 2138 3384 2210">
    <p class='ocr_par' dir='ltr' id='par_1_52' title="bbox 1805 2138 3384 2210">
     <span class='ocr_line' id='line_1_52' title="bbox 1805 2138 3384 2210; baseline 0.003 -18"><span class='ocrx_word' id='word_1_395' title='bbox 1805 2155 2084 2208; x_wconf 90' lang='lat' dir='ltr'><strong>nunquam</strong></span> <span class='ocrx_word' id='word_1_396' title='bbox 2104 2181 2118 2205; x_wconf 93' lang='lat'><strong>,</strong></span> <span class='ocrx_word' id='word_1_397' title='bbox 2150 2139 2236 2193; x_wconf 89' lang='lat' dir='ltr'><strong>vel</strong></span> <span class='ocrx_word' id='word_1_398' title='bbox 2267 2154 2455 2193; x_wconf 90' lang='lat' dir='ltr'><strong>eorum</strong></span> <span class='ocrx_word' id='word_1_399' title='bbox 2475 2181 2490 2204; x_wconf 93' lang='lat'><strong>,</strong></span> <span class='ocrx_word' id='word_1_400' title='bbox 2525 2140 2618 2209; x_wconf 89' lang='lat' dir='ltr'><strong>qui</strong></span> <span class='ocrx_word' id='word_1_401' title='bbox 2645 2154 2705 2193; x_wconf 90' lang='lat' dir='ltr'><strong>se</strong></span> <span class='ocrx_word' id='word_1_402' title='bbox 2753 2138 3026 2208; x_wconf 87' lang='lat' dir='ltr'><strong>sapientes</strong></span> <span class='ocrx_word' id='word_1_403' title='bbox 3052 2139 3214 2210; x_wconf 89' lang='lat' dir='ltr'><strong>vulgo</strong></span> <span class='ocrx_word' id='word_1_404' title='bbox 3246 2156 3384 2210; x_wconf 76' lang='lat' dir='ltr'><strong>pra:-</strong></span> 
     </span>
    </p>
   </div>
   <div class='ocr_carea' id='block_1_53' title="bbox 1804 2229 3386 2304">
    <p class='ocr_par' dir='ltr' id='par_1_53' title="bbox 1804 2229 3386 2304">
     <span class='ocr_line' id='line_1_53' title="bbox 1804 2229 3386 2304; baseline 0.004 -20"><span class='ocrx_word' id='word_1_405' title='bbox 1804 2231 2080 2296; x_wconf 88' lang='lat' dir='ltr'><strong>dicabant,</strong></span> <span class='ocrx_word' id='word_1_406' title='bbox 2116 2231 2361 2299; x_wconf 89' lang='lat' dir='ltr'><strong>plerique</strong></span> <span class='ocrx_word' id='word_1_407' title='bbox 2392 2240 2637 2300; x_wconf 88' lang='lat' dir='ltr'><strong>potuere.</strong></span> <span class='ocrx_word' id='word_1_408' title='bbox 2668 2229 2859 2296; x_wconf 88' lang='lat' dir='ltr'><strong>Secus,</strong></span> <span class='ocrx_word' id='word_1_409' title='bbox 2895 2232 3118 2288; x_wconf 90' lang='lat' dir='ltr'><strong>omissis</strong></span> <span class='ocrx_word' id='word_1_410' title='bbox 3146 2233 3222 2287; x_wconf 91' lang='lat' dir='ltr'><strong>illi</strong></span> <span class='ocrx_word' id='word_1_411' title='bbox 3255 2249 3386 2304; x_wconf 82' lang='lat' dir='ltr'><strong>pro-</strong></span> 
     </span>
    </p>
   </div>
   <div class='ocr_carea' id='block_1_54' title="bbox 1807 2321 3386 2396">
    <p class='ocr_par' dir='ltr' id='par_1_54' title="bbox 1807 2321 3386 2396">
     <span class='ocr_line' id='line_1_54' title="bbox 1807 2321 3386 2396; baseline 0.005 -22"><span class='ocrx_word' id='word_1_412' title='bbox 1807 2321 1948 2375; x_wconf 85' lang='lat' dir='ltr'><strong>fecto</strong></span> <span class='ocrx_word' id='word_1_413' title='bbox 2001 2321 2213 2376; x_wconf 85' lang='lat' dir='ltr'><strong>honesti</strong></span> <span class='ocrx_word' id='word_1_414' title='bbox 2260 2321 2504 2390; x_wconf 89' lang='lat' dir='ltr'><strong>rectique</strong></span> <span class='ocrx_word' id='word_1_415' title='bbox 2553 2321 2791 2387; x_wconf 90' lang='lat' dir='ltr'><strong>studiis,</strong></span> <span class='ocrx_word' id='word_1_416' title='bbox 2840 2321 2908 2375; x_wconf 91' lang='lat' dir='ltr'><strong>ad</strong></span> <span class='ocrx_word' id='word_1_417' title='bbox 2958 2321 3144 2378; x_wconf 85' lang='lat' dir='ltr'><strong>Thasii</strong></span> <span class='ocrx_word' id='word_1_418' title='bbox 3187 2326 3386 2396; x_wconf 80' lang='lat' dir='ltr'><strong>pugilis</strong></span> 
     </span>
    </p>
   </div>
   <div class='ocr_carea' id='block_1_55' title="bbox 1805 2411 3386 2488">
    <p class='ocr_par' dir='ltr' id='par_1_55' title="bbox 1805 2411 3386 2488">
     <span class='ocr_line' id='line_1_55' title="bbox 1805 2411 3386 2488; baseline 0.004 -22"><span class='ocrx_word' id='word_1_419' title='bbox 1805 2412 2550 2480; x_wconf 40' lang='lat' dir='ltr'><strong>imitationemladhmsissent.</strong></span> <span class='ocrx_word' id='word_1_420' title='bbox 2579 2411 2713 2466; x_wconf 89' lang='lat' dir='ltr'><strong>Nam</strong></span> <span class='ocrx_word' id='word_1_421' title='bbox 2733 2420 2792 2466; x_wconf 93' lang='lat' dir='ltr'><strong>ut</strong></span> <span class='ocrx_word' id='word_1_422' title='bbox 2815 2428 2940 2467; x_wconf 91' lang='lat' dir='ltr'><strong>eum</strong></span> <span class='ocrx_word' id='word_1_423' title='bbox 2970 2416 3176 2484; x_wconf 86' lang='lat' dir='ltr'><strong>superi,</strong></span> <span class='ocrx_word' id='word_1_424' title='bbox 3195 2431 3386 2488; x_wconf 82' lang='lat' dir='ltr'><strong>quem-</strong></span> 
     </span>
    </p>
   </div>
   <div class='ocr_carea' id='block_1_56' title="bbox 1805 2503 3382 2573">
    <p class='ocr_par' dir='ltr' id='par_1_56' title="bbox 1805 2503 3382 2573">
     <span class='ocr_line' id='line_1_56' title="bbox 1805 2503 3382 2573; baseline 0.003 -14"><span class='ocrx_word' id='word_1_425' title='bbox 1805 2505 2098 2559; x_wconf 87' lang='lat' dir='ltr'><strong>admodum</strong></span> <span class='ocrx_word' id='word_1_426' title='bbox 2129 2503 2495 2570; x_wconf 87' lang='lat' dir='ltr'><strong>Cleomedem,</strong></span> <span class='ocrx_word' id='word_1_427' title='bbox 2533 2504 2941 2560; x_wconf 87' lang='lat' dir='ltr'><strong>immortalitate</strong></span> <span class='ocrx_word' id='word_1_428' title='bbox 2969 2521 3076 2560; x_wconf 94' lang='lat' dir='ltr'><strong>non</strong></span> <span class='ocrx_word' id='word_1_429' title='bbox 3106 2507 3382 2573; x_wconf 87' lang='lat' dir='ltr'><strong>donarint,</strong></span> 
     </span>
    </p>
   </div>
   <div class='ocr_carea' id='block_1_57' title="bbox 1806 2597 3384 2671">
    <p class='ocr_par' dir='ltr' id='par_1_57' title="bbox 1806 2597 3384 2671">
     <span class='ocr_line' id='line_1_57' title="bbox 1806 2597 3384 2671; baseline 0.002 -18"><span class='ocrx_word' id='word_1_430' title='bbox 1806 2600 2078 2671; x_wconf 70' lang='lat' dir='ltr'><strong>praacipuo</strong></span> <span class='ocrx_word' id='word_1_431' title='bbox 2102 2606 2281 2653; x_wconf 90' lang='lat' dir='ltr'><strong>tamen</strong></span> <span class='ocrx_word' id='word_1_432' title='bbox 2313 2613 2500 2652; x_wconf 83' lang='lat' dir='ltr'><strong>amore</strong></span> <span class='ocrx_word' id='word_1_433' title='bbox 2532 2597 2804 2668; x_wconf 86' lang='lat' dir='ltr'><strong>prosecuti</strong></span> <span class='ocrx_word' id='word_1_434' title='bbox 2842 2607 2990 2653; x_wconf 90' lang='lat' dir='ltr'><strong>sunt.</strong></span> <span class='ocrx_word' id='word_1_435' title='bbox 3037 2598 3218 2671; x_wconf 87' lang='lat' dir='ltr'><strong>Usque</strong></span> <span class='ocrx_word' id='word_1_436' title='bbox 3248 2602 3384 2657; x_wconf 91' lang='lat' dir='ltr'><strong>adeo</strong></span> 
     </span>
    </p>
   </div>
   <div class='ocr_carea' id='block_1_58' title="bbox 1806 2689 3380 2762">
    <p class='ocr_par' dir='ltr' id='par_1_58' title="bbox 1806 2689 3380 2762">
     <span class='ocr_line' id='line_1_58' title="bbox 1806 2689 3380 2762; baseline -0.003 -14"><span class='ocrx_word' id='word_1_437' title='bbox 1806 2691 2084 2762; x_wconf 85' lang='lat' dir='ltr'><strong>singulare</strong></span> <span class='ocrx_word' id='word_1_438' title='bbox 2138 2689 2395 2759; x_wconf 90' lang='lat' dir='ltr'><strong>quiddam</strong></span> <span class='ocrx_word' id='word_1_439' title='bbox 2428 2730 2443 2753; x_wconf 90' lang='lat'><strong>,</strong></span> <span class='ocrx_word' id='word_1_440' title='bbox 2501 2704 2665 2755; x_wconf 87' lang='lat' dir='ltr'><strong>supra</strong></span> <span class='ocrx_word' id='word_1_441' title='bbox 2726 2695 3045 2743; x_wconf 61' lang='lat' dir='ltr'><strong>ceterorum</strong></span> <span class='ocrx_word' id='word_1_442' title='bbox 3099 2690 3380 2746; x_wconf 82' lang='lat' dir='ltr'><strong>hominum</strong></span> 
     </span>
    </p>
   </div>
   <div class='ocr_carea' id='block_1_59' title="bbox 1806 2777 3381 2850">
    <p class='ocr_par' dir='ltr' id='par_1_59' title="bbox 1806 2777 3381 2850">
     <span class='ocr_line' id='line_1_59' title="bbox 1806 2777 3381 2850; baseline -0.003 -14"><span class='ocrx_word' id='word_1_443' title='bbox 1806 2781 2094 2850; x_wconf 88' lang='lat' dir='ltr'><strong>imagines,</strong></span> <span class='ocrx_word' id='word_1_444' title='bbox 2121 2793 2332 2833; x_wconf 67' lang='lat' dir='ltr'><strong>aeneum</strong></span> <span class='ocrx_word' id='word_1_445' title='bbox 2374 2777 2494 2845; x_wconf 87' lang='lat' dir='ltr'><strong>ejus</strong></span> <span class='ocrx_word' id='word_1_446' title='bbox 2527 2777 2882 2832; x_wconf 89' lang='lat' dir='ltr'><strong>simulacrum</strong></span> <span class='ocrx_word' id='word_1_447' title='bbox 2933 2777 3170 2830; x_wconf 82' lang='lat' dir='ltr'><strong>ostendit</strong></span> <span class='ocrx_word' id='word_1_448' title='bbox 3193 2815 3208 2839; x_wconf 87' lang='lat'><strong>,</strong></span> <span class='ocrx_word' id='word_1_449' title='bbox 3256 2792 3381 2831; x_wconf 89' lang='lat' dir='ltr'><strong>cum</strong></span> 
     </span>
    </p>
   </div>
   <div class='ocr_carea' id='block_1_60' title="bbox 1807 2867 3382 2942">
    <p class='ocr_par' dir='ltr' id='par_1_60' title="bbox 1807 2867 3382 2942">
     <span class='ocr_line' id='line_1_60' title="bbox 1807 2867 3382 2942; baseline -0.004 -14"><span class='ocrx_word' id='word_1_450' title='bbox 1807 2875 1859 2928; x_wconf 92' lang='lat' dir='ltr'><strong>in</strong></span> <span class='ocrx_word' id='word_1_451' title='bbox 1888 2881 2052 2942; x_wconf 88' lang='lat' dir='ltr'><strong>caput</strong></span> <span class='ocrx_word' id='word_1_452' title='bbox 2091 2870 2293 2925; x_wconf 82' lang='lat' dir='ltr'><strong>inimici</strong></span> <span class='ocrx_word' id='word_1_453' title='bbox 2323 2910 2336 2934; x_wconf 93' lang='lat'><strong>,</strong></span> <span class='ocrx_word' id='word_1_454' title='bbox 2387 2883 2417 2922; x_wconf 88' lang='lat' dir='ltr'><strong>a</strong></span> <span class='ocrx_word' id='word_1_455' title='bbox 2453 2885 2563 2938; x_wconf 88' lang='lat' dir='ltr'><strong>quo</strong></span> <span class='ocrx_word' id='word_1_456' title='bbox 2598 2877 2711 2921; x_wconf 88' lang='lat' dir='ltr'><strong>tum</strong></span> <span class='ocrx_word' id='word_1_457' title='bbox 2762 2867 2976 2936; x_wconf 86' lang='lat' dir='ltr'><strong>ﬂagello</strong></span> <span class='ocrx_word' id='word_1_458' title='bbox 3023 2868 3342 2936; x_wconf 85' lang='lat' dir='ltr'><strong>pulsabatur</strong></span> <span class='ocrx_word' id='word_1_459' title='bbox 3365 2907 3382 2933; x_wconf 90' lang='lat'><strong>,</strong></span> 
     </span>
    </p>
   </div>
   <div class='ocr_carea' id='block_1_61' title="bbox 1807 2958 3380 3031">
    <p class='ocr_par' dir='ltr' id='par_1_61' title="bbox 1807 2958 3380 3031">
     <span class='ocr_line' id='line_1_61' title="bbox 1807 2958 3380 3031; baseline -0.003 -15"><span class='ocrx_word' id='word_1_460' title='bbox 1807 2969 2029 3031; x_wconf 88' lang='lat' dir='ltr'><strong>repente</strong></span> <span class='ocrx_word' id='word_1_461' title='bbox 2077 2960 2312 3023; x_wconf 87' lang='lat' dir='ltr'><strong>cecidit,</strong></span> <span class='ocrx_word' id='word_1_462' title='bbox 2358 2974 2468 3014; x_wconf 87' lang='lat' dir='ltr'><strong>non</strong></span> <span class='ocrx_word' id='word_1_463' title='bbox 2519 2959 2637 3013; x_wconf 89' lang='lat' dir='ltr'><strong>sine</strong></span> <span class='ocrx_word' id='word_1_464' title='bbox 2665 2958 2848 3012; x_wconf 88' lang='lat' dir='ltr'><strong>divino</strong></span> <span class='ocrx_word' id='word_1_465' title='bbox 2877 2997 2893 3021; x_wconf 89' lang='lat'><strong>,</strong></span> <span class='ocrx_word' id='word_1_466' title='bbox 2938 2959 3017 3012; x_wconf 89' lang='lat' dir='ltr'><strong>uti</strong></span> <span class='ocrx_word' id='word_1_467' title='bbox 3058 2959 3230 3014; x_wconf 85' lang='lat' dir='ltr'><strong>visum</strong></span> <span class='ocrx_word' id='word_1_468' title='bbox 3276 2971 3380 3017; x_wconf 85' lang='lat' dir='ltr'><strong>est.</strong></span> 
     </span>
    </p>
   </div>
   <div class='ocr_carea' id='block_1_62' title="bbox 1807 3049 3381 3116">
    <p class='ocr_par' dir='ltr' id='par_1_62' title="bbox 1807 3049 3381 3116">
     <span class='ocr_line' id='line_1_62' title="bbox 1807 3049 3381 3116; baseline -0.006 -6"><span class='ocrx_word' id='word_1_469' title='bbox 1807 3054 2059 3110; x_wconf 88' lang='lat' dir='ltr'><strong>consilio.</strong></span> <span class='ocrx_word' id='word_1_470' title='bbox 2095 3053 2164 3106; x_wconf 88' lang='lat' dir='ltr'><strong>At</strong></span> <span class='ocrx_word' id='word_1_471' title='bbox 2200 3053 2480 3106; x_wconf 83' lang='lat' dir='ltr'><strong>enimvero</strong></span> <span class='ocrx_word' id='word_1_472' title='bbox 2507 3051 2766 3106; x_wconf 88' lang='lat' dir='ltr'><strong>vecordes</strong></span> <span class='ocrx_word' id='word_1_473' title='bbox 2795 3049 3006 3116; x_wconf 89' lang='lat' dir='ltr'><strong>Thasii,</strong></span> <span class='ocrx_word' id='word_1_474' title='bbox 3044 3060 3099 3105; x_wconf 89' lang='lat' dir='ltr'><strong>et</strong></span> <span class='ocrx_word' id='word_1_475' title='bbox 3129 3050 3182 3104; x_wconf 90' lang='lat' dir='ltr'><strong>in</strong></span> <span class='ocrx_word' id='word_1_476' title='bbox 3220 3049 3381 3104; x_wconf 77' lang='lat' dir='ltr'><strong>rebus</strong></span> 
     </span>
    </p>
   </div>
   <div class='ocr_carea' id='block_1_63' title="bbox 1807 3141 3384 3215">
    <p class='ocr_par' dir='ltr' id='par_1_63' title="bbox 1807 3141 3384 3215">
     <span class='ocr_line' id='line_1_63' title="bbox 1807 3141 3384 3215; baseline -0.006 -13"><span class='ocrx_word' id='word_1_477' title='bbox 1807 3147 2007 3202; x_wconf 87' lang='lat' dir='ltr'><strong>divinis</strong></span> <span class='ocrx_word' id='word_1_478' title='bbox 2035 3144 2327 3215; x_wconf 84' lang='lat' dir='ltr'><strong>peregrini,</strong></span> <span class='ocrx_word' id='word_1_479' title='bbox 2361 3159 2548 3198; x_wconf 83' lang='lat' dir='ltr'><strong>casum</strong></span> <span class='ocrx_word' id='word_1_480' title='bbox 2596 3143 2786 3213; x_wconf 90' lang='lat' dir='ltr'><strong>iniquo</strong></span> <span class='ocrx_word' id='word_1_481' title='bbox 2839 3141 2982 3196; x_wconf 79' lang='lat' dir='ltr'><strong>ferre</strong></span> <span class='ocrx_word' id='word_1_482' title='bbox 3013 3141 3196 3195; x_wconf 89' lang='lat' dir='ltr'><strong>animo</strong></span> <span class='ocrx_word' id='word_1_483' title='bbox 3223 3181 3238 3205; x_wconf 91' lang='lat'><strong>,</strong></span> <span class='ocrx_word' id='word_1_484' title='bbox 3267 3141 3384 3210; x_wconf 79' lang='lat' dir='ltr'><strong>pia-</strong></span> 
     </span>
    </p>
   </div>
   <div class='ocr_carea' id='block_1_64' title="bbox 1731 3232 3382 3302">
    <p class='ocr_par' dir='ltr' id='par_1_64' title="bbox 1731 3232 3382 3302">
     <span class='ocr_line' id='line_1_64' title="bbox 1731 3232 3382 3302; baseline -0.007 -10"><span class='ocrx_word' id='word_1_485' title='bbox 1731 3235 1773 3292; x_wconf 91' lang='lat' dir='ltr'><strong>C</strong></span> <span class='ocrx_word' id='word_1_486' title='bbox 1804 3240 1913 3294; x_wconf 86' lang='lat' dir='ltr'><strong>culi</strong></span> <span class='ocrx_word' id='word_1_487' title='bbox 1957 3232 2313 3292; x_wconf 83' lang='lat' dir='ltr'><strong>simulacrum</strong></span> <span class='ocrx_word' id='word_1_488' title='bbox 2355 3248 2633 3289; x_wconf 87' lang='lat' dir='ltr'><strong>arcessere</strong></span> <span class='ocrx_word' id='word_1_489' title='bbox 2661 3273 2675 3297; x_wconf 90' lang='lat'><strong>,</strong></span> <span class='ocrx_word' id='word_1_490' title='bbox 2726 3248 2916 3302; x_wconf 71' lang='lat' dir='ltr'><strong>pmnas</strong></span> <span class='ocrx_word' id='word_1_491' title='bbox 2960 3239 3203 3300; x_wconf 88' lang='lat' dir='ltr'><strong>repetere</strong></span> <span class='ocrx_word' id='word_1_492' title='bbox 3227 3270 3242 3294; x_wconf 92' lang='lat'><strong>,</strong></span> <span class='ocrx_word' id='word_1_493' title='bbox 3280 3246 3382 3300; x_wconf 85' lang='lat' dir='ltr'><strong>po-</strong></span> 
     </span>
    </p>
   </div>
   <div class='ocr_carea' id='block_1_65' title="bbox 115 3325 3382 3408">
    <p class='ocr_par' dir='ltr' id='par_1_65' title="bbox 115 3325 3382 3408">
     <span class='ocr_line' id='line_1_65' title="bbox 115 3325 3382 3408; baseline -0.005 -15"><span class='ocrx_word' id='word_1_494' title='bbox 115 3350 322 3393; x_wconf 85' lang='lat' dir='ltr'><strong>stremo</strong></span> <span class='ocrx_word' id='word_1_495' title='bbox 353 3338 408 3392; x_wconf 91' lang='lat' dir='ltr'><strong>in</strong></span> <span class='ocrx_word' id='word_1_496' title='bbox 439 3354 588 3392; x_wconf 88' lang='lat' dir='ltr'><strong>mare</strong></span> <span class='ocrx_word' id='word_1_497' title='bbox 617 3338 899 3408; x_wconf 85' lang='lat' dir='ltr'><strong>projicere.</strong></span> <span class='ocrx_word' id='word_1_498' title='bbox 952 3335 1199 3400; x_wconf 89' lang='lat' dir='ltr'><strong>Frustra,</strong></span> <span class='ocrx_word' id='word_1_499' title='bbox 1235 3337 1374 3390; x_wconf 89' lang='lat' dir='ltr'><strong>nihil</strong></span> <span class='ocrx_word' id='word_1_500' title='bbox 1412 3337 1555 3390; x_wconf 89' lang='lat' dir='ltr'><strong>enim</strong></span> <span class='ocrx_word' id='word_1_501' title='bbox 1625 3343 1890 3406; x_wconf 87' lang='lat' dir='ltr'><strong>egerunt:</strong></span> <span class='ocrx_word' id='word_1_502' title='bbox 1927 3333 2057 3394; x_wconf 89' lang='lat' dir='ltr'><strong>imo,</strong></span> <span class='ocrx_word' id='word_1_503' title='bbox 2082 3346 2246 3401; x_wconf 91' lang='lat' dir='ltr'><strong>quam</strong></span> <span class='ocrx_word' id='word_1_504' title='bbox 2296 3344 2416 3384; x_wconf 88' lang='lat' dir='ltr'><strong>sese</strong></span> <span class='ocrx_word' id='word_1_505' title='bbox 2471 3327 2621 3398; x_wconf 86' lang='lat' dir='ltr'><strong>gravi</strong></span> <span class='ocrx_word' id='word_1_506' title='bbox 2688 3328 2892 3383; x_wconf 88' lang='lat' dir='ltr'><strong>scelere</strong></span> <span class='ocrx_word' id='word_1_507' title='bbox 2921 3325 3382 3390; x_wconf 80' lang='lat' dir='ltr'><strong>obstrinxissent,</strong></span> 
     </span>
    </p>
   </div>
   <div class='ocr_carea' id='block_1_66' title="bbox 116 3417 3378 3499">
    <p class='ocr_par' dir='ltr' id='par_1_66' title="bbox 116 3417 3378 3499">
     <span class='ocr_line' id='line_1_66' title="bbox 116 3417 3378 3499; baseline -0.003 -18"><span class='ocrx_word' id='word_1_508' title='bbox 116 3423 255 3484; x_wconf 80' lang='lat' dir='ltr'><strong>fame</strong></span> <span class='ocrx_word' id='word_1_509' title='bbox 322 3429 671 3498; x_wconf 82' lang='lat' dir='ltr'><strong>postmodum</strong></span> <span class='ocrx_word' id='word_1_510' title='bbox 706 3428 932 3499; x_wconf 73' lang='lat' dir='ltr'><strong>justitize</strong></span> <span class='ocrx_word' id='word_1_511' title='bbox 960 3428 1157 3482; x_wconf 79' lang='lat' dir='ltr'><strong>divina:</strong></span> <span class='ocrx_word' id='word_1_512' title='bbox 1190 3428 1535 3492; x_wconf 88' lang='lat' dir='ltr'><strong>administra,</strong></span> <span class='ocrx_word' id='word_1_513' title='bbox 1573 3442 1763 3481; x_wconf 87' lang='lat' dir='ltr'><strong>eorum</strong></span> <span class='ocrx_word' id='word_1_514' title='bbox 1801 3425 1854 3477; x_wconf 92' lang='lat' dir='ltr'><strong>in</strong></span> <span class='ocrx_word' id='word_1_515' title='bbox 1895 3424 2171 3493; x_wconf 90' lang='lat' dir='ltr'><strong>regionem</strong></span> <span class='ocrx_word' id='word_1_516' title='bbox 2223 3420 2492 3485; x_wconf 88' lang='lat' dir='ltr'><strong>immissa,</strong></span> <span class='ocrx_word' id='word_1_517' title='bbox 2523 3419 2706 3490; x_wconf 89' lang='lat' dir='ltr'><strong>superi</strong></span> <span class='ocrx_word' id='word_1_518' title='bbox 2754 3419 3011 3475; x_wconf 86' lang='lat' dir='ltr'><strong>docuere.</strong></span> <span class='ocrx_word' id='word_1_519' title='bbox 3053 3417 3378 3487; x_wconf 84' lang='lat' dir='ltr'><strong>Quanquam</strong></span> 
     </span>
    </p>
   </div>
   <div class='ocr_carea' id='block_1_67' title="bbox 120 3515 3379 3593">
    <p class='ocr_par' dir='ltr' id='par_1_67' title="bbox 120 3515 3379 3593">
     <span class='ocr_line' id='line_1_67' title="bbox 120 3515 3379 3593; baseline -0.003 -17"><span class='ocrx_word' id='word_1_520' title='bbox 120 3527 201 3579; x_wconf 85' lang='lat' dir='ltr'><strong>vix</strong></span> <span class='ocrx_word' id='word_1_521' title='bbox 248 3527 332 3581; x_wconf 88' lang='lat' dir='ltr'><strong>illi</strong></span> <span class='ocrx_word' id='word_1_522' title='bbox 375 3526 540 3580; x_wconf 89' lang='lat' dir='ltr'><strong>etiam</strong></span> <span class='ocrx_word' id='word_1_523' title='bbox 581 3533 694 3579; x_wconf 85' lang='lat' dir='ltr'><strong>tum</strong></span> <span class='ocrx_word' id='word_1_524' title='bbox 739 3524 978 3579; x_wconf 90' lang='lat' dir='ltr'><strong>divinam</strong></span> <span class='ocrx_word' id='word_1_525' title='bbox 1051 3539 1346 3593; x_wconf 84' lang='lat' dir='ltr'><strong>agnoscere</strong></span> <span class='ocrx_word' id='word_1_526' title='bbox 1390 3525 1722 3578; x_wconf 85' lang='lat' dir='ltr'><strong>voluntatem</strong></span> <span class='ocrx_word' id='word_1_527' title='bbox 1795 3529 2110 3591; x_wconf 90' lang='lat' dir='ltr'><strong>potuerunt.</strong></span> <span class='ocrx_word' id='word_1_528' title='bbox 2172 3519 2360 3587; x_wconf 87' lang='lat' dir='ltr'><strong>Itaque</strong></span> <span class='ocrx_word' id='word_1_529' title='bbox 2414 3526 2473 3569; x_wconf 92' lang='lat' dir='ltr'><strong>tu</strong></span> <span class='ocrx_word' id='word_1_530' title='bbox 2526 3517 2614 3570; x_wconf 89' lang='lat' dir='ltr'><strong>ilie</strong></span> <span class='ocrx_word' id='word_1_531' title='bbox 2662 3516 2889 3571; x_wconf 90' lang='lat' dir='ltr'><strong>deorum</strong></span> <span class='ocrx_word' id='word_1_532' title='bbox 2946 3515 3379 3570; x_wconf 83' lang='lat' dir='ltr'><strong>humanissimus</strong></span> 
     </span>
    </p>
   </div>
   <div class='ocr_carea' id='block_1_68' title="bbox 119 3615 1697 3690">
    <p class='ocr_par' dir='ltr' id='par_1_68' title="bbox 119 3615 1697 3690">
     <span class='ocr_line' id='line_1_68' title="bbox 119 3615 1697 3690; baseline -0.003 -18"><span class='ocrx_word' id='word_1_533' title='bbox 119 3637 275 3690; x_wconf 89' lang='lat' dir='ltr'><strong>opem</strong></span> <span class='ocrx_word' id='word_1_534' title='bbox 300 3635 456 3674; x_wconf 87' lang='lat' dir='ltr'><strong>more</strong></span> <span class='ocrx_word' id='word_1_535' title='bbox 485 3627 578 3673; x_wconf 88' lang='lat' dir='ltr'><strong>tuo</strong></span> <span class='ocrx_word' id='word_1_536' title='bbox 602 3616 1013 3672; x_wconf 84' lang='lat' dir='ltr'><strong>consulentibus</strong></span> <span class='ocrx_word' id='word_1_537' title='bbox 1038 3616 1233 3682; x_wconf 87' lang='lat' dir='ltr'><strong>tulisti,</strong></span> <span class='ocrx_word' id='word_1_538' title='bbox 1268 3616 1372 3671; x_wconf 92' lang='lat' dir='ltr'><strong>hoc</strong></span> <span class='ocrx_word' id='word_1_539' title='bbox 1393 3615 1697 3671; x_wconf 88' lang='lat' dir='ltr'><strong>versiculo:</strong></span> 
     </span>
    </p>
   </div>
   <div class='ocr_carea' id='block_1_69' title="bbox 114 3738 1690 3811">
    <p class='ocr_par' dir='ltr' id='par_1_69' title="bbox 114 3738 1690 3811">
     <span class='ocr_line' id='line_1_69' title="bbox 114 3738 1690 3811; baseline -0.003 -18"><span class='ocrx_word' id='word_1_540' title='bbox 114 3741 209 3808; x_wconf 83' lang='grc' dir='ltr'>Εἰς</span> <span class='ocrx_word' id='word_1_541' title='bbox 230 3740 472 3808; x_wconf 75' lang='grc' dir='ltr'>πάτρην</span> <span class='ocrx_word' id='word_1_542' title='bbox 495 3739 765 3810; x_wconf 66' lang='grc' dir='ltr'>φυγάδας</span> <span class='ocrx_word' id='word_1_543' title='bbox 793 3739 1062 3811; x_wconf 77' lang='grc' dir='ltr'>κατάγων</span> <span class='ocrx_word' id='word_1_544' title='bbox 1082 3739 1394 3808; x_wconf 80' lang='grc' dir='ltr'>Δήμητραν</span> <span class='ocrx_word' id='word_1_545' title='bbox 1418 3738 1690 3808; x_wconf 81' lang='grc' dir='ltr'>ἀμήσεις.</span> 
     </span>
    </p>
   </div>
   <div class='ocr_carea' id='block_1_70' title="bbox 125 3891 1697 3966">
    <p class='ocr_par' dir='ltr' id='par_1_70' title="bbox 125 3891 1697 3966">
     <span class='ocr_line' id='line_1_70' title="bbox 125 3891 1697 3966; baseline 0 -21"><span class='ocrx_word' id='word_1_546' title='bbox 125 3892 262 3945; x_wconf 79' lang='grc' dir='ltr'>Ἀλλ’</span> <span class='ocrx_word' id='word_1_547' title='bbox 287 3892 646 3962; x_wconf 80' lang='grc' dir='ltr'>οὶ.ἀ6ἐλτεροι</span> <span class='ocrx_word' id='word_1_548' title='bbox 677 3892 838 3946; x_wconf 86' lang='grc' dir='ltr'>πάλιν</span> <span class='ocrx_word' id='word_1_549' title='bbox 883 3894 1006 3956; x_wconf 82' lang='grc' dir='ltr'>τοὺς</span> <span class='ocrx_word' id='word_1_550' title='bbox 1035 3894 1335 3962; x_wconf 82' lang='grc' dir='ltr'>φεύγοντας</span> <span class='ocrx_word' id='word_1_551' title='bbox 1377 3891 1697 3966; x_wconf 79' lang='grc' dir='ltr'>ἀνθρώπους</span> 
     </span>
    </p>
   </div>
   <div class='ocr_carea' id='block_1_71' title="bbox 115 3983 1696 4054">
    <p class='ocr_par' dir='ltr' id='par_1_71' title="bbox 115 3983 1696 4054">
     <span class='ocr_line' id='line_1_71' title="bbox 115 3983 1696 4054; baseline -0.002 -17"><span class='ocrx_word' id='word_1_552' title='bbox 115 3983 302 4054; x_wconf 69' lang='grc' dir='ltr'>ᾤοντο,</span> <span class='ocrx_word' id='word_1_553' title='bbox 337 3984 418 4036; x_wconf 80' lang='grc' dir='ltr'><strong>ὅτι</strong></span> <span class='ocrx_word' id='word_1_554' title='bbox 446 3983 526 4035; x_wconf 82' lang='grc' dir='ltr'>δεῖ</span> <span class='ocrx_word' id='word_1_555' title='bbox 551 3984 746 4047; x_wconf 74' lang='grc' dir='ltr'>αὐτοὺς</span> <span class='ocrx_word' id='word_1_556' title='bbox 767 3985 1121 4039; x_wconf 76' lang='grc' dir='ltr'>κατακαλεῖνο</span> <span class='ocrx_word' id='word_1_557' title='bbox 1148 3986 1335 4048; x_wconf 87' lang='grc' dir='ltr'>κακῶς</span> <span class='ocrx_word' id='word_1_558' title='bbox 1371 3986 1593 4049; x_wconf 86' lang='grc' dir='ltr'>εἰδότες.</span> <span class='ocrx_word' id='word_1_559' title='bbox 1631 3983 1696 4035; x_wconf 85' lang='grc' dir='ltr'>Τί</span> 
     </span>
    </p>
   </div>
   <div class='ocr_carea' id='block_1_72' title="bbox 127 4075 1697 4148">
    <p class='ocr_par' dir='ltr' id='par_1_72' title="bbox 127 4075 1697 4148">
     <span class='ocr_line' id='line_1_72' title="bbox 127 4075 1697 4148; baseline 0.001 -21"><span class='ocrx_word' id='word_1_560' title='bbox 127 4075 226 4146; x_wconf 71' lang='grc' dir='ltr'><strong>γάρ</strong></span> <span class='ocrx_word' id='word_1_561' title='bbox 355 4077 451 4128; x_wconf 72' lang='grc' dir='ltr'><strong>καὶ</strong></span> <span class='ocrx_word' id='word_1_562' title='bbox 478 4075 626 4146; x_wconf 84' lang='grc' dir='ltr'>μέλει</span> <span class='ocrx_word' id='word_1_563' title='bbox 657 4079 766 4140; x_wconf 84' lang='grc' dir='ltr'>τοῖς</span> <span class='ocrx_word' id='word_1_564' title='bbox 807 4076 1380 4148; x_wconf 80' lang='grc' dir='ltr'>ἅφιλανθρωποτάτοις</span> <span class='ocrx_word' id='word_1_565' title='bbox 1424 4076 1566 4139; x_wconf 85' lang='grc' dir='ltr'>θεοῖς</span> <span class='ocrx_word' id='word_1_566' title='bbox 1604 4077 1697 4128; x_wconf 89' lang='grc' dir='ltr'>άν-</span> 
     </span>
    </p>
   </div>
   <div class='ocr_carea' id='block_1_73' title="bbox 119 4165 1697 4242">
    <p class='ocr_par' dir='ltr' id='par_1_73' title="bbox 119 4165 1697 4242">
     <span class='ocr_line' id='line_1_73' title="bbox 119 4165 1697 4242; baseline 0.004 -25"><span class='ocrx_word' id='word_1_567' title='bbox 119 4165 355 4238; x_wconf 80' lang='grc' dir='ltr'>θρώπων</span> <span class='ocrx_word' id='word_1_568' title='bbox 376 4169 684 4221; x_wconf 84' lang='grc' dir='ltr'>κατακαλου</span> <span class='ocrx_word' id='word_1_569' title='bbox 694 4169 890 4240; x_wconf 86' lang='grc' dir='ltr'>μένων,</span> <span class='ocrx_word' id='word_1_570' title='bbox 911 4170 1143 4241; x_wconf 82' lang='grc' dir='ltr'>ὅσονπερ</span> <span class='ocrx_word' id='word_1_571' title='bbox 1164 4170 1494 4242; x_wconf 86' lang='grc' dir='ltr'>ἀνδριάντων</span> <span class='ocrx_word' id='word_1_572' title='bbox 1513 4185 1528 4234; x_wconf 90' lang='grc'>;</span> <span class='ocrx_word' id='word_1_573' title='bbox 1545 4167 1697 4238; x_wconf 80' lang='grc' dir='ltr'>Ἀμέ-</span> 
     </span>
    </p>
   </div>
   <div class='ocr_carea' id='block_1_74' title="bbox 118 4259 1694 4334">
    <p class='ocr_par' dir='ltr' id='par_1_74' title="bbox 118 4259 1694 4334">
     <span class='ocr_line' id='line_1_74' title="bbox 118 4259 1694 4334; baseline 0.001 -23"><span class='ocrx_word' id='word_1_574' title='bbox 118 4273 196 4312; x_wconf 60' lang='grc' dir='ltr'><strong>λει</strong></span> <span class='ocrx_word' id='word_1_575' title='bbox 225 4259 382 4314; x_wconf 77' lang='grc' dir='ltr'>οὐδὲν</span> <span class='ocrx_word' id='word_1_576' title='bbox 412 4261 507 4314; x_wconf 74' lang='grc' dir='ltr'><strong>ἐπὶ</strong></span> <span class='ocrx_word' id='word_1_577' title='bbox 527 4261 701 4332; x_wconf 75' lang='grc' dir='ltr'>τούτῳ</span> <span class='ocrx_word' id='word_1_578' title='bbox 731 4261 981 4334; x_wconf 81' lang='grc' dir='ltr'>ὠφελήθη</span> <span class='ocrx_word' id='word_1_579' title='bbox 1019 4264 1052 4333; x_wconf 84' lang='grc' dir='ltr'>ἡ</span> <span class='ocrx_word' id='word_1_580' title='bbox 1084 4264 1176 4333; x_wconf 82' lang='grc' dir='ltr'>γῆ,</span> <span class='ocrx_word' id='word_1_581' title='bbox 1211 4262 1351 4314; x_wconf 82' lang='grc' dir='ltr'>ὥστε</span> <span class='ocrx_word' id='word_1_582' title='bbox 1384 4259 1694 4314; x_wconf 88' lang='grc' dir='ltr'>παύσασθαι</span> 
     </span>
    </p>
   </div>
   <div class='ocr_carea' id='block_1_75' title="bbox 119 4351 1696 4423">
    <p class='ocr_par' dir='ltr' id='par_1_75' title="bbox 119 4351 1696 4423">
     <span class='ocr_line' id='line_1_75' title="bbox 119 4351 1696 4423; baseline -0.002 -18"><span class='ocrx_word' id='word_1_583' title='bbox 119 4354 375 4406; x_wconf 61' lang='grc' dir='ltr'>ησοῦσαο</span> <span class='ocrx_word' id='word_1_584' title='bbox 418 4355 468 4406; x_wconf 87' lang='grc' dir='ltr'><strong>εἰ</strong></span> <span class='ocrx_word' id='word_1_585' title='bbox 498 4352 573 4423; x_wconf 83' lang='grc' dir='ltr'>μὴ</span> <span class='ocrx_word' id='word_1_586' title='bbox 599 4353 708 4408; x_wconf 87' lang='grc' dir='ltr'><strong>τῶν</strong></span> <span class='ocrx_word' id='word_1_587' title='bbox 737 4353 914 4422; x_wconf 73' lang='grc' dir='ltr'>σοφῶν</span> <span class='ocrx_word' id='word_1_588' title='bbox 952 4355 1046 4407; x_wconf 66' lang='grc' dir='ltr'><strong>καὶ</strong></span> <span class='ocrx_word' id='word_1_589' title='bbox 1076 4353 1453 4423; x_wconf 85' lang='grc' dir='ltr'>ἐπισταμένων</span> <span class='ocrx_word' id='word_1_590' title='bbox 1488 4369 1571 4415; x_wconf 86' lang='grc' dir='ltr'><strong>τις</strong></span> <span class='ocrx_word' id='word_1_591' title='bbox 1604 4351 1696 4403; x_wconf 80' lang='grc' dir='ltr'><strong>τὸν</strong></span> 
     </span>
    </p>
   </div>
   <div class='ocr_carea' id='block_1_76' title="bbox 112 4438 1695 4513">
    <p class='ocr_par' dir='ltr' id='par_1_76' title="bbox 112 4438 1695 4513">
     <span class='ocr_line' id='line_1_76' title="bbox 112 4438 1695 4513; baseline -0.001 -18"><span class='ocrx_word' id='word_1_592' title='bbox 112 4447 253 4496; x_wconf 57' lang='grc' dir='ltr'>νεῦον</span> <span class='ocrx_word' id='word_1_593' title='bbox 277 4442 410 4496; x_wconf 81' lang='grc' dir='ltr'>νοῦν</span> <span class='ocrx_word' id='word_1_594' title='bbox 457 4443 657 4513; x_wconf 75' lang='grc' dir='ltr'>συνῆκε</span> <span class='ocrx_word' id='word_1_595' title='bbox 683 4484 698 4508; x_wconf 94' lang='grc'><strong>,</strong></span> <span class='ocrx_word' id='word_1_596' title='bbox 730 4443 946 4512; x_wconf 84' lang='grc' dir='ltr'>φυγάδα</span> <span class='ocrx_word' id='word_1_597' title='bbox 971 4438 1110 4496; x_wconf 79' lang='grc' dir='ltr'>εἶναι</span> <span class='ocrx_word' id='word_1_598' title='bbox 1136 4443 1227 4497; x_wconf 81' lang='grc' dir='ltr'><strong>τὸν</strong></span> <span class='ocrx_word' id='word_1_599' title='bbox 1269 4459 1695 4496; x_wconf 84' lang='grc' dir='ltr'>καταπεποντω-</span> 
     </span>
    </p>
   </div>
   <div class='ocr_carea' id='block_1_77' title="bbox 1804 3723 3378 3866">
    <p class='ocr_par' dir='ltr' id='par_1_77' title="bbox 1804 3723 3378 3866">
     <span class='ocr_line' id='line_1_77' title="bbox 1804 3723 3378 3866; baseline -0.003 -84"><span class='ocrx_word' id='word_1_600' title='bbox 1804 3732 1963 3802; x_wconf 76' lang='lat'><strong>232</strong></span> <span class='ocrx_word' id='word_1_601' title='bbox 1997 3727 2171 3783; x_wconf 72' lang='lat' dir='ltr'><strong>Redde</strong></span> <span class='ocrx_word' id='word_1_602' title='bbox 2202 3727 2353 3780; x_wconf 88' lang='lat' dir='ltr'><strong>modo</strong></span> <span class='ocrx_word' id='word_1_603' title='bbox 2405 3723 2670 3778; x_wconf 76' lang='lat' dir='ltr'><strong>exsulibus</strong></span> <span class='ocrx_word' id='word_1_604' title='bbox 2719 3723 2984 3792; x_wconf 81' lang='lat' dir='ltr'><strong>patriam,</strong></span> <span class='ocrx_word' id='word_1_605' title='bbox 3028 3723 3178 3866; x_wconf 53' lang='lat' dir='ltr'><strong>(fere:</strong></span> <span class='ocrx_word' id='word_1_606' title='bbox 3202 3725 3378 3791; x_wconf 73' lang='lat' dir='ltr'><strong>ampla</strong></span> 
     </span>
     <span class='ocr_line' id='line_1_78' title="bbox 3067 3806 3304 3849; baseline 0.013 -5"><span class='ocrx_word' id='word_1_607' title='bbox 3067 3810 3144 3847; x_wconf 86' lang='lat' dir='ltr'><strong>me</strong></span> <span class='ocrx_word' id='word_1_608' title='bbox 3170 3806 3304 3849; x_wconf 65' lang='grc' dir='ltr'>βων.</span> 
     </span>
    </p>
   </div>
   <div class='ocr_carea' id='block_1_78' title="bbox 3067 3806 3304 3849">
    <p class='ocr_par' dir='ltr' id='par_1_78' title="bbox 3067 3806 3304 3849">
     <span class='ocr_line' id='line_1_79' title="bbox 3067 3806 3304 3849; baseline 0.013 -5"><span class='ocrx_word' id='word_1_609' title='bbox 3067 3806 3304 3849; x_wconf 79' lang='lat' dir='ltr'><strong>metetur.</strong></span> 
     </span>
    </p>
   </div>
   <div class='ocr_carea' id='block_1_79' title="bbox 1804 3885 3376 3962">
    <p class='ocr_par' dir='ltr' id='par_1_79' title="bbox 1804 3885 3376 3962">
     <span class='ocr_line' id='line_1_80' title="bbox 1804 3885 3376 3962; baseline -0.003 -16"><span class='ocrx_word' id='word_1_610' title='bbox 1804 3893 1903 3949; x_wconf 87' lang='lat' dir='ltr'><strong>Hic</strong></span> <span class='ocrx_word' id='word_1_611' title='bbox 1932 3907 2124 3962; x_wconf 88' lang='lat' dir='ltr'><strong>nempe</strong></span> <span class='ocrx_word' id='word_1_612' title='bbox 2164 3905 2271 3944; x_wconf 90' lang='lat' dir='ltr'><strong>non</strong></span> <span class='ocrx_word' id='word_1_613' title='bbox 2311 3889 2494 3943; x_wconf 86' lang='lat' dir='ltr'><strong>minus</strong></span> <span class='ocrx_word' id='word_1_614' title='bbox 2532 3885 2747 3951; x_wconf 89' lang='lat' dir='ltr'><strong>stolidi,</strong></span> <span class='ocrx_word' id='word_1_615' title='bbox 2783 3885 3118 3940; x_wconf 88' lang='lat' dir='ltr'><strong>revocandos</strong></span> <span class='ocrx_word' id='word_1_616' title='bbox 3159 3887 3376 3941; x_wconf 74' lang='lat' dir='ltr'><strong>exsules</strong></span> 
     </span>
    </p>
   </div>
   <div class='ocr_carea' id='block_1_80' title="bbox 1805 3975 3375 4050">
    <p class='ocr_par' dir='ltr' id='par_1_80' title="bbox 1805 3975 3375 4050">
     <span class='ocr_line' id='line_1_81' title="bbox 1805 3975 3375 4050; baseline -0.007 -10"><span class='ocrx_word' id='word_1_617' title='bbox 1805 4002 1914 4040; x_wconf 94' lang='lat' dir='ltr'><strong>non</strong></span> <span class='ocrx_word' id='word_1_618' title='bbox 1968 3985 2106 4039; x_wconf 90' lang='lat' dir='ltr'><strong>alios</strong></span> <span class='ocrx_word' id='word_1_619' title='bbox 2151 3996 2274 4036; x_wconf 90' lang='lat' dir='ltr'><strong>esse</strong></span> <span class='ocrx_word' id='word_1_620' title='bbox 2306 3994 2472 4050; x_wconf 89' lang='lat' dir='ltr'><strong>quam</strong></span> <span class='ocrx_word' id='word_1_621' title='bbox 2519 3978 2772 4032; x_wconf 89' lang='lat' dir='ltr'><strong>homines</strong></span> <span class='ocrx_word' id='word_1_622' title='bbox 2819 3975 3104 4045; x_wconf 85' lang='lat' dir='ltr'><strong>putabant.</strong></span> <span class='ocrx_word' id='word_1_623' title='bbox 3160 3977 3375 4032; x_wconf 76' lang='lat' dir='ltr'><strong>Insulse</strong></span> 
     </span>
    </p>
   </div>
   <div class='ocr_carea' id='block_1_81' title="bbox 1802 4065 3374 4140">
    <p class='ocr_par' dir='ltr' id='par_1_81' title="bbox 1802 4065 3374 4140">
     <span class='ocr_line' id='line_1_82' title="bbox 1802 4065 3374 4140; baseline -0.003 -16"><span class='ocrx_word' id='word_1_624' title='bbox 1802 4086 1969 4127; x_wconf 87' lang='lat' dir='ltr'><strong>vero:</strong></span> <span class='ocrx_word' id='word_1_625' title='bbox 2005 4070 2134 4140; x_wconf 91' lang='lat' dir='ltr'><strong>quid</strong></span> <span class='ocrx_word' id='word_1_626' title='bbox 2167 4068 2310 4124; x_wconf 87' lang='lat' dir='ltr'><strong>enim</strong></span> <span class='ocrx_word' id='word_1_627' title='bbox 2346 4068 2451 4122; x_wconf 92' lang='lat' dir='ltr'><strong>diis</strong></span> <span class='ocrx_word' id='word_1_628' title='bbox 2502 4065 2922 4121; x_wconf 82' lang='lat' dir='ltr'><strong>immanissimis‘</strong></span> <span class='ocrx_word' id='word_1_629' title='bbox 2963 4073 3178 4119; x_wconf 89' lang='lat' dir='ltr'><strong>tantum</strong></span> <span class='ocrx_word' id='word_1_630' title='bbox 3228 4080 3374 4121; x_wconf 61' lang='lat' dir='ltr'><strong>curae</strong></span> 
     </span>
    </p>
   </div>
   <div class='ocr_carea' id='block_1_82' title="bbox 1802 4157 3374 4228">
    <p class='ocr_par' dir='ltr' id='par_1_82' title="bbox 1802 4157 3374 4228">
     <span class='ocr_line' id='line_1_83' title="bbox 1802 4157 3374 4228; baseline -0.006 -9"><span class='ocrx_word' id='word_1_631' title='bbox 1802 4166 1911 4220; x_wconf 90' lang='lat' dir='ltr'><strong>sint</strong></span> <span class='ocrx_word' id='word_1_632' title='bbox 1940 4164 2190 4219; x_wconf 91' lang='lat' dir='ltr'><strong>homines</strong></span> <span class='ocrx_word' id='word_1_633' title='bbox 2220 4163 2288 4216; x_wconf 90' lang='lat' dir='ltr'><strong>ab</strong></span> <span class='ocrx_word' id='word_1_634' title='bbox 2310 4160 2502 4216; x_wconf 80' lang='lat' dir='ltr'><strong>exsilio</strong></span> <span class='ocrx_word' id='word_1_635' title='bbox 2528 4159 2842 4224; x_wconf 88' lang='lat' dir='ltr'><strong>revocandi,</strong></span> <span class='ocrx_word' id='word_1_636' title='bbox 2885 4166 3147 4228; x_wconf 89' lang='lat' dir='ltr'><strong>quantum</strong></span> <span class='ocrx_word' id='word_1_637' title='bbox 3181 4157 3374 4228; x_wconf 64' lang='lat' dir='ltr'><strong>imagi~</strong></span> 
     </span>
    </p>
   </div>
   <div class='ocr_carea' id='block_1_83' title="bbox 1803 4249 3373 4319">
    <p class='ocr_par' dir='ltr' id='par_1_83' title="bbox 1803 4249 3373 4319">
     <span class='ocr_line' id='line_1_84' title="bbox 1803 4249 3373 4319; baseline -0.006 -11"><span class='ocrx_word' id='word_1_638' title='bbox 1803 4271 1900 4310; x_wconf 91' lang='lat' dir='ltr'><strong>nes</strong></span> <span class='ocrx_word' id='word_1_639' title='bbox 1953 4251 2342 4308; x_wconf 82' lang='lat' dir='ltr'><strong>restituendae?</strong></span> <span class='ocrx_word' id='word_1_640' title='bbox 2373 4250 2515 4319; x_wconf 89' lang='lat' dir='ltr'><strong>Ergo</strong></span> <span class='ocrx_word' id='word_1_641' title='bbox 2562 4249 2734 4303; x_wconf 90' lang='lat' dir='ltr'><strong>nihilo</strong></span> <span class='ocrx_word' id='word_1_642' title='bbox 2764 4256 2953 4318; x_wconf 81' lang='lat' dir='ltr'><strong>postea</strong></span> <span class='ocrx_word' id='word_1_643' title='bbox 2999 4249 3223 4302; x_wconf 87' lang='lat' dir='ltr'><strong>meliore</strong></span> <span class='ocrx_word' id='word_1_644' title='bbox 3257 4250 3373 4304; x_wconf 81' lang='lat' dir='ltr'><strong>solo</strong></span> 
     </span>
    </p>
   </div>
   <div class='ocr_carea' id='block_1_84' title="bbox 1802 4338 3368 4413">
    <p class='ocr_par' dir='ltr' id='par_1_84' title="bbox 1802 4338 3368 4413">
     <span class='ocr_line' id='line_1_85' title="bbox 1802 4338 3368 4413; baseline -0.005 -13"><span class='ocrx_word' id='word_1_645' title='bbox 1802 4347 1904 4408; x_wconf 91' lang='lat' dir='ltr'><strong>uti,</strong></span> <span class='ocrx_word' id='word_1_646' title='bbox 1939 4344 2076 4399; x_wconf 90' lang='lat' dir='ltr'><strong>nihil</strong></span> <span class='ocrx_word' id='word_1_647' title='bbox 2110 4357 2340 4413; x_wconf 91' lang='lat' dir='ltr'><strong>usquam</strong></span> <span class='ocrx_word' id='word_1_648' title='bbox 2375 4342 2428 4394; x_wconf 91' lang='lat' dir='ltr'><strong>vi</strong></span> <span class='ocrx_word' id='word_1_649' title='bbox 2463 4340 2637 4394; x_wconf 89' lang='lat' dir='ltr'><strong>morbi</strong></span> <span class='ocrx_word' id='word_1_650' title='bbox 2673 4340 3024 4394; x_wconf 88' lang='lat' dir='ltr'><strong>remittente:</strong></span> <span class='ocrx_word' id='word_1_651' title='bbox 3065 4338 3239 4393; x_wconf 89' lang='lat' dir='ltr'><strong>donec</strong></span> <span class='ocrx_word' id='word_1_652' title='bbox 3279 4355 3368 4392; x_wconf 82' lang='lat' dir='ltr'><strong>so-</strong></span> 
     </span>
    </p>
   </div>
   <div class='ocr_carea' id='block_1_85' title="bbox 1799 4432 3366 4504">
    <p class='ocr_par' dir='ltr' id='par_1_85' title="bbox 1799 4432 3366 4504">
     <span class='ocr_line' id='line_1_86' title="bbox 1799 4432 3366 4504; baseline -0.003 -15"><span class='ocrx_word' id='word_1_653' title='bbox 1799 4436 1986 4490; x_wconf 89' lang='lat' dir='ltr'><strong>lertior</strong></span> <span class='ocrx_word' id='word_1_654' title='bbox 2026 4434 2320 4504; x_wconf 90' lang='lat' dir='ltr'><strong>quispiam,</strong></span> <span class='ocrx_word' id='word_1_655' title='bbox 2355 4432 2568 4486; x_wconf 88' lang='lat' dir='ltr'><strong>acutius</strong></span> <span class='ocrx_word' id='word_1_656' title='bbox 2600 4433 2666 4486; x_wconf 91' lang='lat' dir='ltr'><strong>de</strong></span> <span class='ocrx_word' id='word_1_657' title='bbox 2700 4446 2954 4499; x_wconf 88' lang='lat' dir='ltr'><strong>superum</strong></span> <span class='ocrx_word' id='word_1_658' title='bbox 2985 4442 3162 4486; x_wconf 87' lang='lat' dir='ltr'><strong>mente</strong></span> <span class='ocrx_word' id='word_1_659' title='bbox 3191 4432 3366 4501; x_wconf 89' lang='lat' dir='ltr'><strong>conji-</strong></span> 
     </span>
    </p>
   </div>
   <div class='ocr_carea' id='block_1_86' title="bbox 121 4522 1695 4625">
    <p class='ocr_par' dir='ltr' id='par_1_86' title="bbox 121 4531 1689 4607">
     <span class='ocr_line' id='line_1_87' title="bbox 121 4531 1689 4607; baseline -0.003 -19"><span class='ocrx_word' id='word_1_660' title='bbox 121 4537 274 4590; x_wconf 62' lang='grc' dir='ltr'>αένον</span> <span class='ocrx_word' id='word_1_661' title='bbox 300 4535 616 4607; x_wconf 78' lang='grc' dir='ltr'>ἀνδριάντα.</span> <span class='ocrx_word' id='word_1_662' title='bbox 652 4537 762 4590; x_wconf 73' lang='grc' dir='ltr'><strong>Καὶ</strong></span> <span class='ocrx_word' id='word_1_663' title='bbox 785 4532 852 4607; x_wconf 83' lang='grc' dir='ltr'>ἦν</span> <span class='ocrx_word' id='word_1_664' title='bbox 877 4535 1068 4598; x_wconf 76' lang='grc' dir='ltr'>οὕτως.</span> <span class='ocrx_word' id='word_1_665' title='bbox 1094 4537 1244 4606; x_wconf 80' lang='grc' dir='ltr'>Ἅμα</span> <span class='ocrx_word' id='word_1_666' title='bbox 1269 4534 1378 4606; x_wconf 91' lang='grc' dir='ltr'><strong>γάρ</strong></span> <span class='ocrx_word' id='word_1_667' title='bbox 1401 4531 1689 4602; x_wconf 85' lang='grc' dir='ltr'>ἀνεστάθη,</span> 
     </span>
    </p>
   </div>
   <div class='ocr_carea' id='block_1_87' title="bbox 1803 4522 3368 4625">
    <p class='ocr_par' dir='ltr' id='par_1_87' title="bbox 1803 4522 3368 4593">
     <span class='ocr_line' id='line_1_88' title="bbox 1803 4522 3368 4593; baseline -0.004 -12"><span class='ocrx_word' id='word_1_668' title='bbox 1803 4529 1949 4582; x_wconf 88' lang='lat' dir='ltr'><strong>ciens</strong></span> <span class='ocrx_word' id='word_1_669' title='bbox 1981 4568 1997 4593; x_wconf 96' lang='lat'><strong>,</strong></span> <span class='ocrx_word' id='word_1_670' title='bbox 2045 4525 2254 4580; x_wconf 82' lang='lat' dir='ltr'><strong>exsulis</strong></span> <span class='ocrx_word' id='word_1_671' title='bbox 2314 4524 2535 4578; x_wconf 90' lang='lat' dir='ltr'><strong>nomine</strong></span> <span class='ocrx_word' id='word_1_672' title='bbox 2579 4523 2882 4577; x_wconf 88' lang='lat' dir='ltr'><strong>demersam</strong></span> <span class='ocrx_word' id='word_1_673' title='bbox 2930 4522 3079 4577; x_wconf 88' lang='lat' dir='ltr'><strong>illam</strong></span> <span class='ocrx_word' id='word_1_674' title='bbox 3133 4531 3368 4577; x_wconf 85' lang='lat' dir='ltr'><strong>statuam</strong></span> 
     </span>
    </p>
   </div>
   <div class='ocr_carea' id='block_1_88' title="bbox 122 4623 1693 4697">
    <p class='ocr_par' dir='ltr' id='par_1_88' title="bbox 122 4623 1693 4697">
     <span class='ocr_line' id='line_1_89' title="bbox 122 4623 1693 4697; baseline -0.002 -20"><span class='ocrx_word' id='word_1_675' title='bbox 122 4627 206 4678; x_wconf 72' lang='grc' dir='ltr'><strong>(αἱ</strong></span> <span class='ocrx_word' id='word_1_676' title='bbox 235 4627 401 4690; x_wconf 68' lang='grc' dir='ltr'>εὐθὺς</span> <span class='ocrx_word' id='word_1_677' title='bbox 436 4627 471 4697; x_wconf 76' lang='grc' dir='ltr'>ἡ</span> <span class='ocrx_word' id='word_1_678' title='bbox 506 4627 602 4696; x_wconf 82' lang='grc' dir='ltr'><strong>μὲν</strong></span> <span class='ocrx_word' id='word_1_679' title='bbox 629 4628 699 4697; x_wconf 84' lang='grc' dir='ltr'>γῆ</span> <span class='ocrx_word' id='word_1_680' title='bbox 727 4626 1037 4690; x_wconf 80' lang='grc' dir='ltr'>ἀνέϐαλλεν,</span> <span class='ocrx_word' id='word_1_681' title='bbox 1073 4626 1122 4678; x_wconf 85' lang='grc' dir='ltr'>οἱ</span> <span class='ocrx_word' id='word_1_682' title='bbox 1148 4626 1206 4679; x_wconf 77' lang='grc' dir='ltr'>δὲ</span> <span class='ocrx_word' id='word_1_683' title='bbox 1236 4624 1468 4694; x_wconf 83' lang='grc' dir='ltr'>ἐκὼμων</span> <span class='ocrx_word' id='word_1_684' title='bbox 1506 4623 1693 4693; x_wconf 83' lang='grc' dir='ltr'>Δήμη-</span> 
     </span>
    </p>
   </div>
   <div class='ocr_carea' id='block_1_89' title="bbox 120 4713 1690 4790">
    <p class='ocr_par' dir='ltr' id='par_1_89' title="bbox 120 4713 1690 4790">
     <span class='ocr_line' id='line_1_90' title="bbox 120 4713 1690 4790; baseline -0.002 -20"><span class='ocrx_word' id='word_1_685' title='bbox 120 4736 198 4787; x_wconf 70' lang='grc' dir='ltr'><strong>τρι</strong></span> <span class='ocrx_word' id='word_1_686' title='bbox 217 4718 426 4772; x_wconf 81' lang='grc' dir='ltr'>λοιπόν.</span> <span class='ocrx_word' id='word_1_687' title='bbox 464 4719 588 4781; x_wconf 88' lang='grc' dir='ltr'>Πῶς</span> <span class='ocrx_word' id='word_1_688' title='bbox 615 4714 706 4772; x_wconf 73' lang='grc' dir='ltr'><strong>οὖν</strong></span> <span class='ocrx_word' id='word_1_689' title='bbox 737 4722 796 4772; x_wconf 83' lang='grc' dir='ltr'>οὐ</span> <span class='ocrx_word' id='word_1_690' title='bbox 830 4721 1101 4790; x_wconf 86' lang='grc' dir='ltr'>τεκμήρια</span> <span class='ocrx_word' id='word_1_691' title='bbox 1129 4716 1302 4772; x_wconf 77' lang='grc' dir='ltr'>ταῦτά</span> <span class='ocrx_word' id='word_1_692' title='bbox 1329 4719 1463 4770; x_wconf 85' lang='grc' dir='ltr'>εἰσιν</span> <span class='ocrx_word' id='word_1_693' title='bbox 1487 4713 1690 4785; x_wconf 81' lang='grc' dir='ltr'>ἐναργῆ</span> 
     </span>
    </p>
   </div>
   <div class='ocr_carea' id='block_1_90' title="bbox 119 4804 1692 4878">
    <p class='ocr_par' dir='ltr' id='par_1_90' title="bbox 119 4804 1692 4878">
     <span class='ocr_line' id='line_1_91' title="bbox 119 4804 1692 4878; baseline -0.001 -19"><span class='ocrx_word' id='word_1_694' title='bbox 119 4808 206 4875; x_wconf 68' lang='grc' dir='ltr'>τῆς</span> <span class='ocrx_word' id='word_1_695' title='bbox 238 4807 579 4878; x_wconf 80' lang='grc' dir='ltr'>θεοπρεποῦς</span> <span class='ocrx_word' id='word_1_696' title='bbox 608 4808 922 4878; x_wconf 82' lang='grc' dir='ltr'>ἀθλητικῆς,</span> <span class='ocrx_word' id='word_1_697' title='bbox 952 4811 1032 4862; x_wconf 81' lang='grc' dir='ltr'>ὅτι</span> <span class='ocrx_word' id='word_1_698' title='bbox 1058 4809 1175 4862; x_wconf 76' lang='grc' dir='ltr'>ἐστὶ</span> <span class='ocrx_word' id='word_1_699' title='bbox 1201 4807 1552 4876; x_wconf 87' lang='grc' dir='ltr'>θεοτίμητος;</span> <span class='ocrx_word' id='word_1_700' title='bbox 1581 4804 1692 4856; x_wconf 78' lang='grc' dir='ltr'><strong>Καὶ</strong></span> 
     </span>
    </p>
   </div>
   <div class='ocr_carea' id='block_1_91' title="bbox 111 4894 1693 4969">
    <p class='ocr_par' dir='ltr' id='par_1_91' title="bbox 111 4894 1693 4969">
     <span class='ocr_line' id='line_1_92' title="bbox 111 4894 1693 4969; baseline 0.011 -14"><span class='ocrx_word' id='word_1_701' title='bbox 111 4898 217 4967; x_wconf 65' lang='grc' dir='ltr'><strong>ῒὲῑρ</strong></span> <span class='ocrx_word' id='word_1_702' title='bbox 250 4898 348 4949; x_wconf 71' lang='grc' dir='ltr'><strong>καὶ</strong></span> <span class='ocrx_word' id='word_1_703' title='bbox 381 4898 476 4950; x_wconf 80' lang='grc' dir='ltr'><strong>ἐπὶ</strong></span> <span class='ocrx_word' id='word_1_704' title='bbox 507 4897 802 4951; x_wconf 86' lang='grc' dir='ltr'>πεντάθλου</span> <span class='ocrx_word' id='word_1_705' title='bbox 836 4897 1108 4969; x_wconf 74' lang='grc' dir='ltr'>ἀνδριάντι</span> <span class='ocrx_word' id='word_1_706' title='bbox 1150 4897 1463 4968; x_wconf 71' lang='grc' dir='ltr'>ὑϐρισμένῳ</span> <span class='ocrx_word' id='word_1_707' title='bbox 1504 4894 1693 4964; x_wconf 64' lang='grc' dir='ltr'><strong>ἐμήνι’</strong></span> 
     </span>
    </p>
   </div>
   <div class='ocr_carea' id='block_1_92' title="bbox 105 4986 1688 5061">
    <p class='ocr_par' dir='ltr' id='par_1_92' title="bbox 105 4986 1688 5061">
     <span class='ocr_line' id='line_1_93' title="bbox 105 4986 1688 5061; baseline -0.004 -18"><span class='ocrx_word' id='word_1_708' title='bbox 105 5008 207 5043; x_wconf 81' lang='grc' dir='ltr'><strong>σαν</strong></span> <span class='ocrx_word' id='word_1_709' title='bbox 237 4991 291 5043; x_wconf 78' lang='grc' dir='ltr'>οἱ</span> <span class='ocrx_word' id='word_1_710' title='bbox 321 4990 456 5055; x_wconf 70' lang='grc' dir='ltr'>Θεοὶ,</span> <span class='ocrx_word' id='word_1_711' title='bbox 490 4989 584 5043; x_wconf 77' lang='grc' dir='ltr'>καὶ</span> <span class='ocrx_word' id='word_1_712' title='bbox 613 4991 810 5061; x_wconf 81' lang='grc' dir='ltr'>Λοκροὶ</span> <span class='ocrx_word' id='word_1_713' title='bbox 836 4990 1128 5060; x_wconf 86' lang='grc' dir='ltr'>ἐπείνησαν</span> <span class='ocrx_word' id='word_1_714' title='bbox 1155 4989 1242 5042; x_wconf 85' lang='grc' dir='ltr'><strong>διά</strong></span> <span class='ocrx_word' id='word_1_715' title='bbox 1273 4989 1460 5049; x_wconf 80' lang='grc' dir='ltr'>τοῦτο,</span> <span class='ocrx_word' id='word_1_716' title='bbox 1500 4986 1688 5055; x_wconf 81' lang='grc' dir='ltr'>ὥσπερ</span> 
     </span>
    </p>
   </div>
   <div class='ocr_carea' id='block_1_93' title="bbox 95 5079 1613 5151">
    <p class='ocr_par' dir='ltr' id='par_1_93' title="bbox 95 5079 1613 5151">
     <span class='ocr_line' id='line_1_94' title="bbox 95 5079 1613 5151; baseline -0.004 -15"><span class='ocrx_word' id='word_1_717' title='bbox 95 5083 317 5145; x_wconf 82' lang='grc' dir='ltr'>Θάσιοι,</span> <span class='ocrx_word' id='word_1_718' title='bbox 349 5083 460 5144; x_wconf 69' lang='grc' dir='ltr'><strong>ἕως</strong></span> <span class='ocrx_word' id='word_1_719' title='bbox 488 5083 687 5145; x_wconf 82' lang='grc' dir='ltr'>αὐτοὺς</span> <span class='ocrx_word' id='word_1_720' title='bbox 714 5083 901 5136; x_wconf 84' lang='grc' dir='ltr'>ἰάσατο</span> <span class='ocrx_word' id='word_1_721' title='bbox 927 5082 1102 5151; x_wconf 89' lang='grc' dir='ltr'>λόγιον</span> <span class='ocrx_word' id='word_1_722' title='bbox 1127 5082 1219 5135; x_wconf 81' lang='grc' dir='ltr'><strong>σὸν</strong></span> <span class='ocrx_word' id='word_1_723' title='bbox 1251 5080 1371 5151; x_wconf 78' lang='grc' dir='ltr'>ἕχον</span> <span class='ocrx_word' id='word_1_724' title='bbox 1409 5079 1579 5140; x_wconf 76' lang='grc' dir='ltr'>οὕτως</span> <span class='ocrx_word' id='word_1_725' title='bbox 1601 5095 1613 5108; x_wconf 74' lang='grc'><strong><em>⁸</em></strong></span> 
     </span>
    </p>
   </div>
   <div class='ocr_carea' id='block_1_94' title="bbox 1799 4612 3372 4688">
    <p class='ocr_par' dir='ltr' id='par_1_94' title="bbox 1799 4612 3372 4688">
     <span class='ocr_line' id='line_1_95' title="bbox 1799 4612 3372 4688; baseline -0.004 -14"><span class='ocrx_word' id='word_1_726' title='bbox 1799 4619 2019 4688; x_wconf 88' lang='lat' dir='ltr'><strong>intelligi</strong></span> <span class='ocrx_word' id='word_1_727' title='bbox 2046 4618 2392 4672; x_wconf 89' lang='lat' dir='ltr'><strong>declarasset.</strong></span> <span class='ocrx_word' id='word_1_728' title='bbox 2435 4615 2501 4669; x_wconf 88' lang='lat' dir='ltr'><strong>Et</strong></span> <span class='ocrx_word' id='word_1_729' title='bbox 2540 4629 2695 4675; x_wconf 71' lang='lat' dir='ltr'><strong>vere.</strong></span> <span class='ocrx_word' id='word_1_730' title='bbox 2718 4612 2854 4666; x_wconf 86' lang='lat' dir='ltr'><strong>Nam</strong></span> <span class='ocrx_word' id='word_1_731' title='bbox 2885 4614 3048 4668; x_wconf 90' lang='lat' dir='ltr'><strong>simul</strong></span> <span class='ocrx_word' id='word_1_732' title='bbox 3074 4622 3236 4682; x_wconf 87' lang='lat' dir='ltr'><strong>atque</strong></span> <span class='ocrx_word' id='word_1_733' title='bbox 3267 4629 3372 4668; x_wconf 85' lang='lat' dir='ltr'><strong>suo</strong></span> 
     </span>
    </p>
   </div>
   <div class='ocr_carea' id='block_1_95' title="bbox 1797 4704 3371 4781">
    <p class='ocr_par' dir='ltr' id='par_1_95' title="bbox 1797 4704 3371 4781">
     <span class='ocr_line' id='line_1_96' title="bbox 1797 4704 3371 4781; baseline -0.005 -14"><span class='ocrx_word' id='word_1_734' title='bbox 1797 4713 2029 4781; x_wconf 86' lang='lat' dir='ltr'><strong>reposita</strong></span> <span class='ocrx_word' id='word_1_735' title='bbox 2061 4711 2181 4764; x_wconf 89' lang='lat' dir='ltr'><strong>loco</strong></span> <span class='ocrx_word' id='word_1_736' title='bbox 2213 4708 2334 4771; x_wconf 86' lang='lat' dir='ltr'><strong>fuit,</strong></span> <span class='ocrx_word' id='word_1_737' title='bbox 2366 4707 2670 4777; x_wconf 84' lang='lat' dir='ltr'><strong>germinare</strong></span> <span class='ocrx_word' id='word_1_738' title='bbox 2702 4715 2844 4760; x_wconf 82' lang='lat' dir='ltr'><strong>terra</strong></span> <span class='ocrx_word' id='word_1_739' title='bbox 2877 4707 3135 4760; x_wconf 91' lang='lat' dir='ltr'><strong>continuo</strong></span> <span class='ocrx_word' id='word_1_740' title='bbox 3158 4747 3173 4770; x_wconf 92' lang='lat'><strong>,</strong></span> <span class='ocrx_word' id='word_1_741' title='bbox 3224 4704 3371 4759; x_wconf 87' lang='lat' dir='ltr'><strong>Tha-</strong></span> 
     </span>
    </p>
   </div>
   <div class='ocr_carea' id='block_1_96' title="bbox 1798 4791 3366 4875">
    <p class='ocr_par' dir='ltr' id='par_1_96' title="bbox 1798 4791 3366 4875">
     <span class='ocr_line' id='line_1_97' title="bbox 1798 4791 3366 4875; baseline -0.008 -14"><span class='ocrx_word' id='word_1_742' title='bbox 1798 4807 1972 4875; x_wconf 89' lang='lat' dir='ltr'><strong>siique</strong></span> <span class='ocrx_word' id='word_1_743' title='bbox 1999 4791 2251 4870; x_wconf 71' lang='lat' dir='ltr'><strong>deinceps</strong></span> <span class='ocrx_word' id='word_1_744' title='bbox 2277 4815 2529 4867; x_wconf 78' lang='lat' dir='ltr'><strong>agrorum</strong></span> <span class='ocrx_word' id='word_1_745' title='bbox 2561 4799 2809 4852; x_wconf 88' lang='lat' dir='ltr'><strong>ubertate</strong></span> <span class='ocrx_word' id='word_1_746' title='bbox 2855 4799 3081 4868; x_wconf 85' lang='lat' dir='ltr'><strong>gliscere</strong></span> <span class='ocrx_word' id='word_1_747' title='bbox 3111 4813 3174 4852; x_wconf 90' lang='lat' dir='ltr'><strong>ac</strong></span> <span class='ocrx_word' id='word_1_748' title='bbox 3202 4797 3366 4851; x_wconf 89' lang='lat' dir='ltr'><strong>luxu-</strong></span> 
     </span>
    </p>
   </div>
   <div class='ocr_carea' id='block_1_97' title="bbox 1797 4886 3368 4958">
    <p class='ocr_par' dir='ltr' id='par_1_97' title="bbox 1797 4886 3368 4958">
     <span class='ocr_line' id='line_1_98' title="bbox 1797 4886 3368 4958; baseline -0.004 -14"><span class='ocrx_word' id='word_1_749' title='bbox 1797 4893 1940 4945; x_wconf 86' lang='lat' dir='ltr'><strong>riare</strong></span> <span class='ocrx_word' id='word_1_750' title='bbox 1967 4896 2270 4958; x_wconf 67' lang='lat' dir='ltr'><strong>cmperunt.</strong></span> <span class='ocrx_word' id='word_1_751' title='bbox 2313 4886 2448 4952; x_wconf 86' lang='lat' dir='ltr'><strong>Quis</strong></span> <span class='ocrx_word' id='word_1_752' title='bbox 2473 4887 2589 4940; x_wconf 60' lang='lat' dir='ltr'><strong>hare</strong></span> <span class='ocrx_word' id='word_1_753' title='bbox 2629 4902 2794 4956; x_wconf 89' lang='lat' dir='ltr'><strong>porro</strong></span> <span class='ocrx_word' id='word_1_754' title='bbox 2840 4902 2949 4941; x_wconf 92' lang='lat' dir='ltr'><strong>non</strong></span> <span class='ocrx_word' id='word_1_755' title='bbox 2987 4902 3086 4956; x_wconf 88' lang='lat' dir='ltr'><strong>pro</strong></span> <span class='ocrx_word' id='word_1_756' title='bbox 3125 4888 3368 4943; x_wconf 65' lang='lat' dir='ltr'><strong>certissi-</strong></span> 
     </span>
    </p>
   </div>
   <div class='ocr_carea' id='block_1_98' title="bbox 1795 4975 3364 5049">
    <p class='ocr_par' dir='ltr' id='par_1_98' title="bbox 1795 4975 3364 5049">
     <span class='ocr_line' id='line_1_99' title="bbox 1795 4975 3364 5049; baseline -0.002 -16"><span class='ocrx_word' id='word_1_757' title='bbox 1795 4981 1900 5034; x_wconf 91' lang='lat' dir='ltr'><strong>mis</strong></span> <span class='ocrx_word' id='word_1_758' title='bbox 1927 4978 2260 5049; x_wconf 88' lang='lat' dir='ltr'><strong>argumentis</strong></span> <span class='ocrx_word' id='word_1_759' title='bbox 2299 4978 2513 5040; x_wconf 88' lang='lat' dir='ltr'><strong>habeat,</strong></span> <span class='ocrx_word' id='word_1_760' title='bbox 2543 4992 2704 5047; x_wconf 90' lang='lat' dir='ltr'><strong>quam</strong></span> <span class='ocrx_word' id='word_1_761' title='bbox 2734 4977 2857 5046; x_wconf 90' lang='lat' dir='ltr'><strong>jure</strong></span> <span class='ocrx_word' id='word_1_762' title='bbox 2880 4992 2944 5030; x_wconf 89' lang='lat' dir='ltr'><strong>ac</strong></span> <span class='ocrx_word' id='word_1_763' title='bbox 2970 4977 3164 5032; x_wconf 87' lang='lat' dir='ltr'><strong>merito</strong></span> <span class='ocrx_word' id='word_1_764' title='bbox 3194 4975 3364 5031; x_wconf 87' lang='lat' dir='ltr'><strong>divini</strong></span> 
     </span>
    </p>
   </div>
   <div class='ocr_carea' id='block_1_99' title="bbox 1796 5068 3364 5126">
    <p class='ocr_par' dir='ltr' id='par_1_99' title="bbox 1796 5068 3364 5126">
     <span class='ocr_line' id='line_1_100' title="bbox 1796 5068 3364 5126; baseline -0.004 0"><span class='ocrx_word' id='word_1_765' title='bbox 1796 5073 2031 5126; x_wconf 85' lang='lat' dir='ltr'><strong>honores</strong></span> <span class='ocrx_word' id='word_1_766' title='bbox 2055 5070 2248 5126; x_wconf 69' lang='lat' dir='ltr'><strong>divinae</strong></span> <span class='ocrx_word' id='word_1_767' title='bbox 2279 5071 2603 5124; x_wconf 86' lang='lat' dir='ltr'><strong>athletarum</strong></span> <span class='ocrx_word' id='word_1_768' title='bbox 2635 5069 2686 5122; x_wconf 90' lang='lat' dir='ltr'><strong>vi</strong></span> <span class='ocrx_word' id='word_1_769' title='bbox 2726 5078 2779 5122; x_wconf 91' lang='lat' dir='ltr'><strong>et</strong></span> <span class='ocrx_word' id='word_1_770' title='bbox 2823 5068 3102 5123; x_wconf 84' lang='lat' dir='ltr'><strong>industriae</strong></span> <span class='ocrx_word' id='word_1_771' title='bbox 3127 5068 3364 5123; x_wconf 84' lang='lat' dir='ltr'><strong>debean-</strong></span> 
     </span>
    </p>
   </div>
   <div class='ocr_carea' id='block_1_100' title="bbox 102 5162 3361 5247">
    <p class='ocr_par' dir='ltr' id='par_1_100' title="bbox 102 5162 3361 5247">
     <span class='ocr_line' id='line_1_101' title="bbox 102 5162 3361 5247; baseline -0.002 -19"><span class='ocrx_word' id='word_1_772' title='bbox 102 5178 240 5231; x_wconf 82' lang='lat' dir='ltr'><strong>tur?</strong></span> <span class='ocrx_word' id='word_1_773' title='bbox 275 5177 415 5231; x_wconf 82' lang='lat' dir='ltr'><strong>Nam</strong></span> <span class='ocrx_word' id='word_1_774' title='bbox 471 5187 526 5231; x_wconf 92' lang='lat' dir='ltr'><strong>et</strong></span> <span class='ocrx_word' id='word_1_775' title='bbox 573 5188 794 5246; x_wconf 86' lang='lat' dir='ltr'><strong>propter</strong></span> <span class='ocrx_word' id='word_1_776' title='bbox 845 5179 1068 5232; x_wconf 89' lang='lat' dir='ltr'><strong>alterius</strong></span> <span class='ocrx_word' id='word_1_777' title='bbox 1109 5175 1547 5247; x_wconf 90' lang='lat' dir='ltr'><strong>quinquertionis</strong></span> <span class='ocrx_word' id='word_1_778' title='bbox 1599 5181 1834 5225; x_wconf 85' lang='lat' dir='ltr'><strong>statuam</strong></span> <span class='ocrx_word' id='word_1_779' title='bbox 1893 5168 2027 5221; x_wconf 89' lang='lat' dir='ltr'><strong>alias</strong></span> <span class='ocrx_word' id='word_1_780' title='bbox 2085 5166 2336 5220; x_wconf 83' lang='lat' dir='ltr'><strong>violatam</strong></span> <span class='ocrx_word' id='word_1_781' title='bbox 2395 5179 2650 5219; x_wconf 76' lang='lat' dir='ltr'><strong>exarsere</strong></span> <span class='ocrx_word' id='word_1_782' title='bbox 2687 5164 2785 5228; x_wconf 88' lang='lat' dir='ltr'><strong>dii,</strong></span> <span class='ocrx_word' id='word_1_783' title='bbox 2813 5179 2914 5218; x_wconf 89' lang='lat' dir='ltr'><strong>nec</strong></span> <span class='ocrx_word' id='word_1_784' title='bbox 2958 5163 3168 5217; x_wconf 91' lang='lat' dir='ltr'><strong>minore</strong></span> <span class='ocrx_word' id='word_1_785' title='bbox 3201 5162 3361 5220; x_wconf 85' lang='lat' dir='ltr'><strong>Locri</strong></span> 
     </span>
    </p>
   </div>
   <div class='ocr_carea' id='block_1_101' title="bbox 95 5259 3038 5343">
    <p class='ocr_par' dir='ltr' id='par_1_101' title="bbox 95 5259 3038 5343">
     <span class='ocr_line' id='line_1_102' title="bbox 95 5259 3038 5343; baseline -0.005 -17"><span class='ocrx_word' id='word_1_786' title='bbox 95 5284 399 5343; x_wconf 68' lang='lat' dir='ltr'><strong>prOpterea</strong></span> <span class='ocrx_word' id='word_1_787' title='bbox 435 5288 597 5341; x_wconf 87' lang='lat' dir='ltr'><strong>quam</strong></span> <span class='ocrx_word' id='word_1_788' title='bbox 643 5271 828 5327; x_wconf 88' lang='lat' dir='ltr'><strong>Thasii</strong></span> <span class='ocrx_word' id='word_1_789' title='bbox 860 5272 1002 5327; x_wconf 87' lang='lat' dir='ltr'><strong>fame</strong></span> <span class='ocrx_word' id='word_1_790' title='bbox 1045 5273 1383 5337; x_wconf 89' lang='lat' dir='ltr'><strong>laborarunt,</strong></span> <span class='ocrx_word' id='word_1_791' title='bbox 1422 5272 1591 5326; x_wconf 90' lang='lat' dir='ltr'><strong>donec</strong></span> <span class='ocrx_word' id='word_1_792' title='bbox 1627 5280 1681 5321; x_wconf 90' lang='lat' dir='ltr'><strong>tu</strong></span> <span class='ocrx_word' id='word_1_793' title='bbox 1720 5278 1937 5336; x_wconf 90' lang='lat' dir='ltr'><strong>quoque</strong></span> <span class='ocrx_word' id='word_1_794' title='bbox 1967 5261 2071 5316; x_wconf 90' lang='lat' dir='ltr'><strong>hoc</strong></span> <span class='ocrx_word' id='word_1_795' title='bbox 2098 5275 2360 5330; x_wconf 81' lang='lat' dir='ltr'><strong>responso</strong></span> <span class='ocrx_word' id='word_1_796' title='bbox 2393 5259 2752 5314; x_wconf 88' lang='lat' dir='ltr'><strong>calamitatem</strong></span> <span class='ocrx_word' id='word_1_797' title='bbox 2781 5259 2989 5313; x_wconf 82' lang='lat' dir='ltr'><strong>levares</strong></span> <span class='ocrx_word' id='word_1_798' title='bbox 3024 5276 3038 5312; x_wconf 90' lang='lat'><strong>:</strong></span> 
     </span>
    </p>
   </div>
   <div class='ocr_carea' id='block_1_102' title="bbox 97 5384 1606 5460">
    <p class='ocr_par' dir='ltr' id='par_1_102' title="bbox 97 5384 1606 5460">
     <span class='ocr_line' id='line_1_103' title="bbox 97 5384 1606 5460; baseline -0.005 -16"><span class='ocrx_word' id='word_1_799' title='bbox 97 5399 108 5411; x_wconf 92' lang='lat'><strong>&#39;</strong></span> <span class='ocrx_word' id='word_1_800' title='bbox 131 5394 214 5444; x_wconf 81' lang='grc' dir='ltr'><strong>εν</strong></span> <span class='ocrx_word' id='word_1_801' title='bbox 236 5389 382 5460; x_wconf 77' lang='grc' dir='ltr'>τιμῇ</span> <span class='ocrx_word' id='word_1_802' title='bbox 413 5389 523 5442; x_wconf 80' lang='grc' dir='ltr'><strong>τὸν</strong></span> <span class='ocrx_word' id='word_1_803' title='bbox 541 5387 752 5458; x_wconf 75' lang='grc' dir='ltr'>ἄτιμον</span> <span class='ocrx_word' id='word_1_804' title='bbox 777 5391 955 5458; x_wconf 75' lang='grc' dir='ltr'>ἔχων,</span> <span class='ocrx_word' id='word_1_805' title='bbox 976 5390 1110 5442; x_wconf 82' lang='grc' dir='ltr'>τότε</span> <span class='ocrx_word' id='word_1_806' title='bbox 1127 5387 1303 5458; x_wconf 76' lang='grc' dir='ltr'>γαῖαν</span> <span class='ocrx_word' id='word_1_807' title='bbox 1336 5384 1606 5455; x_wconf 84' lang='grc' dir='ltr'>ἁρώσεις.</span> 
     </span>
    </p>
   </div>
   <div class='ocr_carea' id='block_1_103' title="bbox 1789 5373 3294 5445">
    <p class='ocr_par' dir='ltr' id='par_1_103' title="bbox 1789 5373 3294 5445">
     <span class='ocr_line' id='line_1_104' title="bbox 1789 5373 3294 5445; baseline -0.005 -14"><span class='ocrx_word' id='word_1_808' title='bbox 1789 5376 1966 5431; x_wconf 88' lang='lat' dir='ltr'><strong>Redde</strong></span> <span class='ocrx_word' id='word_1_809' title='bbox 1997 5377 2152 5429; x_wconf 80' lang='lat' dir='ltr'><strong>decus</strong></span> <span class='ocrx_word' id='word_1_810' title='bbox 2186 5373 2310 5427; x_wconf 75' lang='lat' dir='ltr'><strong>(ceso</strong></span> <span class='ocrx_word' id='word_1_811' title='bbox 2334 5391 2354 5438; x_wconf 86' lang='lat'><strong><em>;</em></strong></span> <span class='ocrx_word' id='word_1_812' title='bbox 2384 5390 2523 5445; x_wconf 78' lang='lat' dir='ltr'><strong>seges</strong></span> <span class='ocrx_word' id='word_1_813' title='bbox 2551 5374 2728 5443; x_wconf 84' lang='lat' dir='ltr'><strong>ampla</strong></span> <span class='ocrx_word' id='word_1_814' title='bbox 2759 5381 3001 5442; x_wconf 79' lang='lat' dir='ltr'><strong>sequetur</strong></span> <span class='ocrx_word' id='word_1_815' title='bbox 3033 5380 3294 5424; x_wconf 81' lang='lat' dir='ltr'><strong>aratrum.</strong></span> 
     </span>
    </p>
   </div>
   <div class='ocr_carea' id='block_1_104' title="bbox 106 5482 1695 5572">
    <p class='ocr_par' dir='ltr' id='par_1_104' title="bbox 106 5496 1682 5572">
     <span class='ocr_line' id='line_1_105' title="bbox 106 5496 1682 5572; baseline -0.003 -18"><span class='ocrx_word' id='word_1_816' title='bbox 106 5504 180 5554; x_wconf 68' lang='grc' dir='ltr'><strong>Οὐ</strong></span> <span class='ocrx_word' id='word_1_817' title='bbox 203 5503 316 5572; x_wconf 73' lang='grc' dir='ltr'><strong>ϊὲρ</strong></span> <span class='ocrx_word' id='word_1_818' title='bbox 354 5501 559 5571; x_wconf 72' lang='grc' dir='ltr'>Λοκροὶ</span> <span class='ocrx_word' id='word_1_819' title='bbox 586 5500 814 5570; x_wconf 71' lang='grc' dir='ltr'>ᾔσθοντο</span> <span class='ocrx_word' id='word_1_820' title='bbox 854 5500 1090 5563; x_wconf 86' lang='grc' dir='ltr'>διανοίας</span> <span class='ocrx_word' id='word_1_821' title='bbox 1127 5499 1278 5562; x_wconf 86' lang='grc' dir='ltr'>θείας</span> <span class='ocrx_word' id='word_1_822' title='bbox 1321 5500 1623 5568; x_wconf 85' lang='grc' dir='ltr'>πρότερον,</span> <span class='ocrx_word' id='word_1_823' title='bbox 1648 5496 1682 5566; x_wconf 82' lang='grc' dir='ltr'>ἢ</span> 
     </span>
    </p>
   </div>
   <div class='ocr_carea' id='block_1_105' title="bbox 1803 5482 3360 5572">
    <p class='ocr_par' dir='ltr' id='par_1_105' title="bbox 1803 5482 3360 5553">
     <span class='ocr_line' id='line_1_106' title="bbox 1803 5482 3360 5553; baseline -0.003 -12"><span class='ocrx_word' id='word_1_824' title='bbox 1803 5485 1902 5543; x_wconf 72' lang='lat' dir='ltr'><strong>Nec</strong></span> <span class='ocrx_word' id='word_1_825' title='bbox 1937 5489 2081 5542; x_wconf 89' lang='lat' dir='ltr'><strong>enim</strong></span> <span class='ocrx_word' id='word_1_826' title='bbox 2115 5486 2358 5543; x_wconf 86' lang='lat' dir='ltr'><strong>divinum</strong></span> <span class='ocrx_word' id='word_1_827' title='bbox 2389 5485 2456 5540; x_wconf 90' lang='lat' dir='ltr'><strong>iis</strong></span> <span class='ocrx_word' id='word_1_828' title='bbox 2487 5485 2776 5540; x_wconf 87' lang='lat' dir='ltr'><strong>consilium</strong></span> <span class='ocrx_word' id='word_1_829' title='bbox 2807 5482 3055 5539; x_wconf 82' lang='lat' dir='ltr'><strong>subolere</strong></span> <span class='ocrx_word' id='word_1_830' title='bbox 3089 5493 3212 5537; x_wconf 88' lang='lat' dir='ltr'><strong>ante</strong></span> <span class='ocrx_word' id='word_1_831' title='bbox 3259 5495 3360 5553; x_wconf 83' lang='lat' dir='ltr'><strong>po-</strong></span> 
     </span>
    </p>
   </div>
   <div class='ocr_carea' id='block_1_106' title="bbox 181 5652 1190 5724">
    <p class='ocr_par' dir='ltr' id='par_1_106' title="bbox 181 5652 1190 5724">
     <span class='ocr_line' id='line_1_107' title="bbox 181 5652 1190 5724; baseline 0.002 -20"><span class='ocrx_word' id='word_1_832' title='bbox 181 5667 204 5692; x_wconf 74' lang='grc' dir='ltr'><strong><em>ι</em></strong></span> <span class='ocrx_word' id='word_1_833' title='bbox 233 5657 319 5707; x_wconf 73' lang='lat' dir='ltr'><strong>la.</strong></span> <span class='ocrx_word' id='word_1_834' title='bbox 355 5652 632 5717; x_wconf 78' lang='grc' dir='ltr'>ἀνέξεται.</span> <span class='ocrx_word' id='word_1_835' title='bbox 711 5653 740 5693; x_wconf 70' lang='grc' dir='ltr'><strong>ι’</strong></span> <span class='ocrx_word' id='word_1_836' title='bbox 767 5653 852 5706; x_wconf 79' lang='grc' dir='ltr'><strong>ἵσ.</strong></span> <span class='ocrx_word' id='word_1_837' title='bbox 882 5653 1190 5724; x_wconf 84' lang='grc' dir='ltr'>ἀπειλήσει.</span> 
     </span>
    </p>
   </div>
   <div class='ocr_carea' id='block_1_107' title="bbox 184 5783 1354 5856">
    <p class='ocr_par' dir='ltr' id='par_1_107' title="bbox 184 5783 1354 5856">
     <span class='ocr_line' id='line_1_108' title="bbox 184 5783 1354 5856; baseline -0.004 -13"><span class='ocrx_word' id='word_1_838' title='bbox 184 5785 291 5856; x_wconf 76' lang='lat'><strong>(36)</strong></span> <span class='ocrx_word' id='word_1_839' title='bbox 336 5785 538 5850; x_wconf 75' lang='grc' dir='ltr'>Θασίῳ</span> <span class='ocrx_word' id='word_1_840' title='bbox 568 5786 785 5854; x_wconf 75' lang='grc' dir='ltr'>πύκτῃ.</span> <span class='ocrx_word' id='word_1_841' title='bbox 823 5784 1138 5856; x_wconf 77' lang='lat' dir='ltr'><strong>Theagcnes</strong></span> <span class='ocrx_word' id='word_1_842' title='bbox 1161 5785 1206 5841; x_wconf 87' lang='lat' dir='ltr'><strong>is</strong></span> <span class='ocrx_word' id='word_1_843' title='bbox 1230 5783 1354 5839; x_wconf 78' lang='lat' dir='ltr'><strong>fuit.</strong></span> 
     </span>
    </p>
   </div>
  </div>
