3850 6222
384 304 505 360 επ.

391 419 675 488 Adversum
704 421 826 475 ﬁui’c
854 424 1011 477 etiam
1046 440 1155 479 sese
1188 426 1380 486 inferat
1406 426 1591 488 hostis,

392 487 594 569 Quippe
622 493 802 563 ingens
827 496 1060 564 equitum
1093 513 1155 549 ac
1186 496 1418 565 peditum
1449 498 1525 551 vis
1555 487 1774 569 ingruit.
1808 538 1811 541 -
1858 498 1865 505 ’
1916 520 1923 529 τ

343 643 357 683 ,τ
391 606 526 662 Mari
573 623 706 663 vero
739 624 845 665 non
893 618 1036 664 terra
1081 610 1263 683 fugam
1313 616 1621 671 suaderem.
1651 614 1963 672 Ridiculum

356 715 362 728 ’
391 699 538 753 enim
590 697 751 763 foret,
798 701 1049 757 homines
1077 713 1131 758 et
1173 705 1348 762 classe
1391 707 1714 775 instructos,
1743 717 1796 763 ct
1826 709 1966 763 mari

389 790 692 859 proximos,
718 806 827 846 non
850 793 1091 851 collectis
1121 796 1483 869 undequaque
1504 800 1672 867 vasis,
1723 809 1778 856 et
1807 801 1965 871 quic-

388 883 517 954 quid
531 883 597 937 ad
617 900 835 940 manum
854 898 1189 946 commeatus
1200 901 1344 946 esset
1357 892 1411 946 in
1424 907 1590 947 naves
1605 902 1964 962 comportato,

389 976 625 1031 salutem
655 980 933 1047 expedire,
960 989 1125 1047 terra,
1161 984 1363 1053 quibus
1396 999 1460 1039 ea
1493 984 1765 1054 placeret,
1792 984 1968 1039 liben-

387 1074 473 1121 ter
493 1067 697 1123 relicta.
729 1088 748 1122 ι
766 1069 1053 1140 Ejusmodi
1071 1088 1201 1145 ergo
1220 1083 1369 1143 sunt,
1391 1091 1513 1145 quae
1540 1075 1967 1130 Atheniensibus

389 1157 586 1227 Apollo
610 1163 894 1230 respondit
924 1179 939 1216 :
967 1179 1090 1235 quae
1122 1181 1254 1221 vero
1280 1165 1729 1228 Lacedaemoniis,
1769 1166 1968 1221 frivola

389 1250 550 1321 plane
572 1252 801 1322 risuque
829 1255 1016 1326 digna.
1048 1256 1260 1328 Quippe
1278 1301 1292 1325 ,
1343 1260 1551 1314 civitati
1579 1259 1848 1314 universae
1873 1267 1969 1313 aut

389 1336 757 1408 obsidionem,
801 1353 896 1399 aut
933 1348 1190 1402 exStincti
1230 1349 1376 1419 regis
1423 1349 1633 1404 luctum
1678 1349 1968 1403 imminere

389 1433 695 1492 denuntiat.
726 1435 897 1508 Atqui
925 1454 1156 1509 pronum
1186 1440 1240 1495 id
1285 1456 1348 1495 ac
1382 1442 1623 1511 proclive
1648 1442 1823 1496 cuivis
1853 1449 1970 1495 erat

391 1529 688 1598 conjicere,
733 1535 1057 1588 alterutrum
1093 1547 1321 1602 prorsus
1366 1541 1689 1587 eventurum
1724 1551 1736 1586 :
1769 1547 1871 1587 nec
1898 1532 1969 1588 ob

388 1619 563 1678 futuri
588 1633 812 1682 eventus
858 1626 1246 1696 ignorantiam,
1299 1626 1403 1680 hac
1448 1626 1801 1698 ambiguitate
1848 1638 1971 1678 ver-

389 1713 586 1767 borum
614 1715 860 1782 illudere,
884 1716 1046 1787 digna
1082 1723 1199 1769 erat
1232 1713 1464 1770 Numine
1488 1715 1772 1770 divinatio.
1799 1712 1971 1767 Auxi-

1053 308 1323 365 EUSEBll
1358 308 1836 366 CAESARIENSIS‘
1867 309 2018 367 ore.
2059 311 2240 368 PARS
2278 311 2339 369 tr.
2366 300 2438 355 ’—
2458 311 2956 370 APOLOGETlCA.

3514 309 3631 369 7:76

2065 431 2195 484 Ἔτι
2228 430 2339 499 γᾴρ
2370 446 2513 486 ποτε
2545 433 2790 499 κάντίος
2816 430 2987 486 ἔσται

2034 566 2039 571 ,
2066 495 2411 577 Noun—7121p
2437 495 2891 576 ἱπποσύνηξκαὶ
2918 502 3090 569 πεζὸς
3116 501 3444 573 ἐπέρχεται.

2069 623 2193 676 ’Ότι
2222 621 2281 677 δὲ
2320 623 2535 687 ναυσὶν,
2582 622 2699 676 ἀλλ’
2732 623 2794 675 ού
2830 625 2951 677 κατ’
2993 625 3242 697 ἤπειρον⁸
3295 628 3391 680 καὶ
3439 626 3547 700 γὰρ
3577 621 3650 701 ἦν

2032 715 2271 783 ’γελοῖον
2305 714 2527 785 ἔχοντας
2575 717 2847 781 ναυτικὸν,
2883 717 2978 799 καὶ
3016 719 3109 770 ἐπὶ
3148 716 3422 791 θαλάσσης
3458 738 3646 774 κατοι-

2067 804 2321 868 κοῦντας,
2357 803 2432 874 μὴ
2461 803 2523 855 ού
2554 802 3375 879 πασσυδῖσκευωρησαμένους,
3400 811 3494 864 καὶ
3521 828 3648 882 τρο-

2038 902 2039 905 η
2068 896 2174 967 φὰς
2208 897 2340 959 ὅσας
2371 891 2514 965 εἶχον
2560 896 3095 968 συνεμϐαλλομένους
3133 897 3419 966 σώζεσθαι,
3468 919 3650 972 παρα·

2066 987 2253 1051 δόντας
2282 989 2394 1050 τοῖς
2421 987 2762 1058 βουλομένοις
2792 987 2891 1058 τὴν
2917 988 3039 1060 γῆν.
3070 1007 3090 1041 ι
3112 989 3299 1043 Ταῦτα
3325 992 3423 1062 μὲν
3456 987 3548 1045 οὖν
3577 993 3648 1048 τὰ

2067 1078 2205 1150 πρὸς
2247 1077 2581 1155 Ἀθηναίους·
2611 1078 2813 1150 ἀσθενῆ
2835 1081 2889 1133 δὲ
2917 1081 3118 1152 σφόδρα
3149 1083 3242 1135 καὶ
3263 1085 3646 1152 καταγέλαστα.

2066 1170 2136 1224 τὰ
2163 1169 2297 1241 πρὸς
2326 1168 2817 1241 Λακεδαιμονίους.
2855 1173 3012 1225 Ἤτοι
3047 1172 3177 1245 γὰρ,
3215 1175 3400 1246 φησὶν,
3438 1179 3585 1230 πᾶσα
3608 1180 3644 1250 ἡ

2031 1262 2225 1326 ’πόλις
2275 1261 2792 1334 πολιορκηθήσεται,
2839 1262 2872 1335 ἢ
2925 1263 3240 1319 ἀπολωλότα
3287 1267 3378 1321 τὸν
3422 1269 3648 1339 βασιλέα

2069 1353 2345 1425 πενθήσει.
2395 1353 2564 1408 Τοῦτο
2607 1355 2651 1408 δ’
2697 1353 2755 1420 ἐξ
2789 1353 3029 1418 ἅπαντος
3070 1356 3218 1420 εἰκὸς
3257 1353 3326 1429 ἦν
3366 1360 3527 1414 παντί
3566 1379 3646 1432 τῳ

2034 1451 2041 1456 ’
2072 1442 2450 1512 στοχάζεσθαι,
2470 1442 2679 1514 τοήτοι
2711 1444 2850 1507 τόδε,
2886 1445 2919 1516 ἢ
2952 1445 3071 1498 τόδε
3106 1448 3500 1517 συμϐήσεσθαι·
3531 1451 3647 1505 ἀλλ’

2067 1535 2128 1587 ού
2164 1535 2334 1606 δήπου
2376 1534 2498 1587 θεοῦ
2525 1529 2592 1605 ἦν
2634 1536 2918 1606 μάντευμα
2973 1530 3077 1591 ὧδέ
3130 1556 3246 1602 πως
3287 1541 3651 1611 ἀμφιϐάλλειν

2030 1633 2038 1637 ’
2068 1627 2261 1697 ἀγνοίᾳ
2283 1624 2378 1679 τοῦ
2411 1626 2713 1698 μέλλοντος,
2764 1626 2975 1699 βοηθεῖν
3012 1629 3149 1695 δέον,
3172 1632 3266 1685 καὶ
3295 1634 3512 1711 σωτῆρα
3540 1635 3652 1690 τῶν

2080 1722 2345 1792 Ἑλλήνων
2376 1720 2433 1773 ὲν
2472 1719 2650 1792 καιρῷ
2694 1721 3158 1792 παραφαίνεσθαι,
3192 1724 3286 1777 καὶ
3321 1724 3519 1795 μᾶλλον
3547 1727 3651 1800 τὴν

306 1800 315 1810 ”
390 1806 525 1861 lium
552 1806 697 1862 ferre
725 1808 974 1864 videlicet
999 1809 1259 1878 oportuit,
1295 1824 1360 1863 ac
1391 1824 1510 1864 sese
1546 1808 1777 1878 tempori
1820 1806 1957 1862 Grae-

2070 1810 2209 1865 κατὰ
2236 1811 2345 1865 τῶν
2374 1811 2582 1883 ἐχθρῶν
2609 1812 2703 1865 καὶ
2738 1812 3028 1884 βαρϐάρων
3055 1815 3210 1887 νίκην
3232 1820 3344 1880 τοῖς
3369 1818 3648 1891 Ἕλλησιν,

389 1914 581 1955 eorum
613 1898 953 1959 assertorem
980 1904 1234 1975 probare,
1271 1903 1584 1974 Graecisque
1623 1905 1805 1975 potius
1836 1911 1960 1957 tan-

389 2007 555 2061 quam
601 1994 917 2051 domesticis
964 1998 1157 2051 amicis
1188 1997 1254 2051 de
1302 1998 1556 2052 hostibus
1602 2013 1666 2053 ac
1712 1995 1959 2051 barbaris

387 2082 673 2139 victoriam
708 2102 1049 2157 comparare.
1110 2086 1208 2142 Sin
1262 2088 1447 2143 minus
1483 2090 1535 2142 id
1592 2094 1826 2158 poterat,
1884 2085 1963 2140 uti

388 2171 605 2240 saltem,
626 2189 691 2229 ne
712 2176 842 2245 quid
869 2176 971 2246 ipsi
994 2186 1332 2247 paterentur,
1358 2194 1493 2234 neve
1520 2179 1757 2233 hostium
1786 2177 1839 2229 in
1866 2190 1963 2245 po-

387 2272 641 2319 testatem
690 2266 957 2336 venirent,
1000 2269 1229 2326 eﬂicere.
1270 2271 1339 2326 At
1384 2272 1432 2326 is
1471 2287 1541 2326 ne
1570 2270 1676 2326 hoc
1701 2270 1917 2340 quidem
1950 2282 1965 2332 ;

388 2356 500 2412 i‘mo
537 2374 639 2414 nec
677 2345 988 2430 cujusmodi
1030 2362 1101 2419 sit
1140 2366 1209 2421 iis
1257 2364 1474 2421 futurus
1520 2364 1735 2419 adversi
1779 2360 1966 2417 Martis

2066 1903 2143 1967 ὡς
2189 1903 2255 1957 ἂν
2305 1904 2525 1968 οἰκείοις
2575 1903 2749 1973 φίλοις
2792 1905 3106 1976 προξενεῖν·
3159 1910 3207 1962 εἰ
3255 1910 3311 1963 δὲ
3376 1912 3448 1983 μὴ
3489 1912 3657 1969 τοῦτο

2067 1993 2291 2057 δυνατὸς
2316 1989 2405 2064 ἦν,
2445 1993 2547 2047 κᾶν
2584 1994 2645 2047 τὸ
2681 1995 2754 2067 μὴ
2803 1996 2995 2052 παθεῖν
3028 1998 3244 2064 αὐτοὺς,
3286 2003 3409 2074 μηδ’
3445 2004 3650 2060 ἁλῶναι

2071 2085 2357 2156 παρέχειν.
2399 2086 2457 2138 Ὁ
2490 2085 2568 2151 δὲ,
2608 2085 2728 2139 οὐδὲ
2763 2086 2951 2153 τοῦτο,
2976 2089 3090 2143 ἀλλ’
3135 2092 3243 2145 οὐδ’
3278 2094 3427 2156 ὅπως
3466 2095 3652 2161 αὐτοῖς

2066 2175 2138 2228 τὰ
2164 2177 2262 2246 τῆς
2288 2176 2457 2248 ἥττης
2480 2179 2865 2250 περιστήσεται
2894 2181 3180 2250 γινώσκειν
3205 2196 3253 2238 ι.
3282 2184 3372 2239 Διὸ
3400 2187 3652 2259 καὶπρὸς

2073 2264 2244 2319 ταῦτα
2272 2260 2360 2320 οἷά
2385 2284 2549 2338 φησιν
2573 2271 2602 2321 6
2632 2267 2873 2340 ἐλεγχος,
2901 2270 3088 2329 ἄκουε.
3480 2292 3487 2299 ’

387 2456 566 2512 exitus
597 2457 862 2531 intelligit.
895 2460 1038 2532 Ergo
1071 2467 1528 2534 quemadmodum
1567 2454 1675 2522 hoc
1704 2466 1867 2521 etiam
1899 2463 1953 2517 in
1991 2457 2272 2514 oraculum
2303 2455 2620 2515 (Enomaus
2647 2460 2956 2529 invehatur,
2989 2466 3195 2538 accipe;

843 2554 1008 2625 219
1049 2556 1281 2611 CAPUT
1332 2557 1499 2614 xxv.

666 2643 992 2709 Responsum
1015 2646 1430 2704 Lacedremoniis
1454 2651 1672 2704 editum.

465 2750 485 2784 σ
509 2733 577 2787 At
595 2734 860 2805 ejusdem,
888 2738 1122 2807 inquies,
1151 2742 1365 2795 consilii
1399 2740 1824 2799 Lacedaemoniis
1857 2758 1955 2797 au-

275 2852 280 2861 ι
385 2831 591 2880 ctorcm
629 2842 750 2881 esse
777 2844 889 2882 non
916 2830 1117 2885 decuit.
1153 2831 1338 2888 Recte.
1367 2832 1477 2889 Nec
1509 2835 1678 2897 cnim,
1707 2836 1953 2907 improbe

387 2912 655 2980 sophista,
688 2930 873 2982 noras,
912 2918 1128 2973 idemne
1162 2919 1370 2991 Sparta:
1421 2925 1565 2993 quod
1593 2925 1786 2979 Attica:
1818 2925 1962 2995 peri-

388 3007 571 3061 culum
621 3008 950 3065 immineret.
1010 3011 1195 3084 Itaque
1260 3017 1540 3072 metuebas
1592 3033 1682 3081 ne,
1727 3034 1852 3073 cum
1892 3019 1961 3074 iis

2460 2560 2466 2567 '
2484 2564 2489 2567 '
2575 2552 2974 2609 ΚΕΦΑΛΑΙΟΝ
3007 2558 3134 2611 ΚΕ¹.

2361 2653 2365 2657 “
2456 2643 2534 2697 Τὰ
2561 2644 2711 2711 πρὸς
2733 2637 3251 2717 Λακεδαιμονίους.

2137 2754 2154 2786 ι
2207 2735 2344 2789 Ἀλλ’
2377 2736 2438 2789 ού
2467 2736 2546 2789 δεῖ
2564 2737 3025 2809 Λακεδαιμονίοις,
3054 2743 3266 2813 φήσεις,
3287 2741 3480 2795 ταύτὸν
3508 2759 3650 2815 παρ-

2058 2831 2247 2884 αινεῖν.
2293 2828 2489 2901 Ἀληθῆ
2530 2829 2724 2898 λέγεις.
2759 2833 2832 2884 Οὐ
2857 2832 2967 2903 γὰρ
2998 2834 3286 2904 ἠπίστασο,
3320 2829 3364 2888 ὦ
3393 2835 3643 2904 σοφιστὰ,

2067 2919 2116 2971 εί
2143 2920 2384 2990 χωρήσει
2418 2919 2485 2973 τὰ
2518 2919 2618 2990 τῆς
2647 2920 3118 2994 Σπιάρτηςῶσπερ
3142 2923 3210 2977 τὰ
3234 2925 3333 2995 τῆς
3372 2926 3644 2996 ’Λττικῆς.

2078 3007 2398 3073 Ἐδεδοίκεις
2425 3005 2518 3064 οὖν
2554 3011 2628 3081 μὴ
2665 3011 2727 3063 σὺ
2767 3011 2868 3081 μὲν
2897 3012 3159 3086 κελεύσῃς
3185 3016 3379 3079 αὐτοὺς
3402 3004 3642 3086 φεύγειν,

387 3094 570 3167 fugam
592 3100 875 3165 suasisset,
904 3100 1153 3172 fugerent
1175 3105 1250 3158 illi
1272 3106 1513 3176 quidem,
1528 3107 1706 3164 Persa:
1723 3125 1851 3163 vero
1866 3124 1953 3165 ne-

2069 3100 2304 3156 κάπειτα
2344 3103 2391 3154 oi
2440 3102 2537 3172 μὲν
2570 3101 2852 3170 φεύγοιεν,
2882 3105 2929 3156 oi
2962 3104 3018 3157 δὲ
3050 3105 3123 3177 μὴ
3157 3105 3451 3160 ἐπέλθοιεν.
3491 3107 3647 3160 Ἐπὶ

388 3203 662 3258 quaquam
680 3190 1015 3262 ingruerent.
1039 3192 1103 3247 Et
1121 3196 1379 3264 quoniam
1403 3200 1836 3269 respondendum
1860 3201 1958 3257 ali-

387 3279 520 3349 quid
536 3289 672 3347 erat,
691 3281 796 3338 hoc
821 3286 1068 3352 responsi
1089 3296 1265 3342 tamen
1280 3287 1708 3346 Lacedaemoniis
1729 3292 1948 3349 dedisti:

389 3389 603 3469 ﬂabilis
642 3408 671 3445 ο
703 3391 910 3462 Sparta:
932 3397 1085 3469 ciues,
1108 3408 1199 3451 aut
1225 3399 1421 3469 inclyta
1443 3403 1589 3456 vobis

394 3458 530 3541 {Irbs
556 3458 847 3541 Persarum
868 3468 1031 3541 armis
1065 3458 1269 3536 penitus
1308 3458 1555 3525 subversa
1580 3472 1776 3541 jacebit
1798 3490 1817 3528 :

386 3530 497 3585 Aut
522 3533 569 3586 si
590 3533 768 3587 eadem
785 3537 1006 3604 steterit,
1036 3530 1225 3609 magno
1255 3556 1425 3612 regem
1450 3530 1677 3599 HerEule
1704 3555 1889 3600 natum

399 3667 600 3723 Tristia
637 3650 932 3742 confectum
958 3675 1207 3750 plangant
1234 3677 1629 3737 Lacedaemonis
1648 3660 1651 3663 Ἴ
1672 3700 1820 3739 arva.

392 3820 473 3877 En
511 3824 709 3880 iterum
733 3826 801 3882 ab
826 3829 974 3883 omni
1004 3831 1217 3888 ratione
1247 3828 1598 3895 divinationis
1631 3840 1804 3896 aliena
1836 3858 1962 3899 eon-

390 3913 633 3984 iunctio;
657 3933 820 3993 quam
851 3929 1029 3976 tamen
1062 3925 1380 3982 omittamus
1411 3929 1556 3996 licet,
1596 3948 1664 3987 ne
1692 3934 1738 3987 si
1769 3935 1955 3990 eadem

394 4006 490 4060 sibi
519 4007 585 4062 de
619 4024 680 4064 re
702 4011 1021 4067 insultatum
1055 4016 1258 4072 anobis
1286 4017 1471 4084 fuerit,
1498 4036 1605 4076 non
1640 4039 1830 4093 graves
1861 4026 1956 4081 tibi

391 4097 570 4151 solum
601 4115 665 4154 ac
690 4102 925 4168 molesti,
959 4104 1053 4159 sed
1078 4107 1241 4160 etiam
1272 4111 1485 4177 angusti
1513 4122 1842 4185 egentesque
1874 4118 1957 4171 vi-

388 4188 635 4247 deamur.
655 4191 1035 4261 Expendamus
1062 4212 1192 4268 ergo
1219 4200 1444 4270 reliqua.
1472 4200 1548 4256 Te
1577 4218 1767 4260 omnes
1789 4223 1957 4262 unum

388 4287 547 4335 tanto
582 4282 634 4335 in
666 4285 908 4353 periculo
935 4290 1287 4356 aspectabant
1314 4310 1327 4345 :
1358 4309 1525 4348 unum
1571 4307 1624 4351 et
1648 4296 1956 4356 futurorum

388 4371 762 4442 interpretem,
818 4385 872 4431 et
898 4392 1080 4432 rerum
1117 4383 1476 4450 gerendarum
1512 4398 1792 4444 auctorem
1826 4408 1959 4447 con-

388 4465 663 4521 sulebant.
698 4467 767 4520 At
796 4468 1078 4537 nimirum,
1126 4488 1247 4527 cum
1278 4475 1350 4529 illi
1392 4486 1443 4532 te
1467 4479 1572 4535 [ide
1609 4485 1846 4537 maxime
1873 4484 1956 4538 di-
1989 4467 2033 4521 D

389 4571 555 4624 gnum
592 4566 871 4627 putarent,
906 4569 1149 4619 tumeos
1183 4574 1239 4619 tu
1266 4566 1461 4624 bardos
1499 4587 1691 4628 omnes
1711 4590 1775 4629 ac
1806 4577 1958 4631 stoli-

387 4646 492 4701 dos
531 4661 654 4702 esse
701 4648 1086 4721 intelligebas;
1136 4655 1379 4725 adeoque
1429 4668 1626 4713 statum
1687 4662 1955 4731 ejusmodi

387 4751 575 4792 rerum
625 4753 768 4804 esse,
803 4755 913 4811 quo
952 4741 1210 4812 perfacile
1237 4763 1345 4802 non
1380 4749 1432 4802 in
1473 4748 1759 4820 Delphicas
1794 4757 1957 4813 modo

386 4829 470 4882 vel
502 4828 799 4887 Dodonaeas
849 4835 1185 4905 argutiarum
1228 4850 1283 4894 et
1320 4842 1633 4910 captionum
1688 4845 1952 4915 ofﬁcinas,

386 4934 576 4975 verum
612 4922 773 4976 etiam
828 4923 880 4978 in
912 4928 1163 4996 auguria,
1197 4928 1253 4982 in
1284 4929 1648 4989 divinationes
1675 4950 1774 5004 per
1819 4936 1955 4993 fari-

386 5025 513 5065 nam
532 5026 842 5082 expressas,
880 5023 934 5069 et
964 5015 1019 5069 in
1042 5031 1253 5082 eorum,
1288 5020 1380 5087 qui
1409 5022 1735 5091 ventriloqui
1775 5025 1955 5079 nomi-

387 5111 593 5156 nantur
628 5102 884 5172 ineptias,
915 5105 1220 5176 praecipites
1253 5109 1339 5177 agi
1382 5110 1629 5167 homines
1665 5114 1953 5184 improvidi
2023 5118 2026 5122 λ

385 5190 646 5260 stultique
676 5201 919 5261 possent.
953 5192 1160 5264 Quippe
1188 5212 1295 5250 non
1319 5197 1392 5252 dii
1410 5201 1586 5266 modo
1609 5218 1705 5271 per
1739 5204 1792 5259 id
1822 5213 1955 5260 tem-

384 5297 508 5351 pus,
540 5283 635 5337 sed
660 5284 822 5339 etiam
847 5285 1000 5350 feles,
1022 5286 1287 5354 cornices,
1307 5305 1570 5360 variaeque
1590 5295 1725 5350 adeo
1750 5296 1954 5354 insomo

384 5373 603 5427 niorum
630 5375 898 5447 imagines
931 5375 1091 5431 ﬁdem
1134 5377 1444 5448 impetrant.
1472 5380 1657 5454 Neque
1691 5401 1820 5442 vero
1853 5390 1953 5444 oh-

456 5495 482 5523 ι
502 5502 593 5553 γρ.
621 5484 898 5554 γινώσκει.

454 5575 573 5661 (βξ)
617 5577 794 5646 Ὑμῖν,
821 5575 875 5661 di
908 5582 1202 5661 ξπᾴρτης.
1227 5582 1483 5661 Herodot.
1509 5587 1602 5661 lih.
1625 5605 1720 5657 vn,
1749 5607 1801 5661 p.
1823 5593 1946 5649 590.

386 5639 636 5725 Spartam
667 5639 845 5728 ’γραεξ
884 5639 1209 5728 εὐρ-ύῇορόν,
1238 5671 1269 5709 a
1306 5639 1948 5728 yegishiépdiiésrqﬁéﬁi

386 5680 636 5709 ..ιν-...ηιμ
690 5680 839 5703 mea»
884 5680 1197 5725 ευρυχυρυν,
1238 5680 1269 5709 a
1316 5680 1551 5726 rcgmms
1578 5680 1759 5728 ponus
1827 5680 1948 5719 uam

383 5715 533 5770 tubis
566 5718 940 5787 amplitudine.
971 5722 1096 5780 Fuit
1125 5724 1269 5780 enim
1304 5724 1574 5785 Laconica
1603 5731 1768 5786 totius
1787 5680 1948 5791 (ltelo-

2063 3186 2154 3246 οὖν
2184 3192 2290 3245 ἔδει
2317 3209 2369 3246 τι
2395 3192 2595 3261 λέγειν,
2627 3191 2799 3257 οὕτως
2828 3189 2986 3258 εἶπας
3018 3198 3130 3261 τοῖς
3160 3197 3642 3269 Λακεδαιμονίοιςο

2073 3415 2251 3489 illum
2281 3411 2328 3471 ὦ
2357 3416 2636 3489 Σπάρτης
2659 3416 2768 3489 (68)
2798 3418 3104 3488 οἰκήτορες
3128 3422 3496 3489 εὐρυχόροιο,

2065 3486 2142 3559 Ἦ,
2160 3486 2311 3554 μέγα
2341 3486 2496 3559 ἄστυ
2529 3486 2800 3559 ἐρικυδὲς
2828 3489 2928 3559 ὑπ’
2958 3486 3210 3558 diem}
3243 3486 3606 3559 Περσεΐδῃσι

2060 3554 2383 3624 Πέρσεται·
2414 3558 2453 3625 ἣ
2482 3556 2548 3610 τὸ
2569 3557 2691 3626 μὲν
2720 3557 2878 3631 οὐχὶ,
2910 3561 3010 3630 ἀφ’
3051 3554 3360 3629 Ἡρακλέός
3388 3562 3456 3615 δὲ
3480 3554 3648 3629 γενέ-

3393 3631 3569 3702 [θλης

2034 3662 2356 3762 ¹Πενθιξοέι
2393 3662 2677 3765 ,βασιλῆα
2712 3698 2822 3772 (69)
2857 3667 3148 3771 ᾀθὶμεκον
3192 3662 3645 3772 Λακεδίριίξιῖέξθος

3359 3792 3559 3826 ΟΙὈΟΓ.

3359 3792 3429 3825 οι
3473 3793 3503 3827 ο
3546 3815 3559 3826 .

2062 3853 2231 3907 Πάλιν
2284 3856 2313 3908 ὁ
2384 3828 2851 3926 ἀμαντευτότατος
2912 3858 3239 3930 σύνδεσμοςο
3303 3771 3643 3934 egelida“

2036 3946 2251 4017 αὐτὸν,
2282 3945 2353 4010 ὡς
2389 3946 2497 4020 μὴ,
2524 3948 2604 4012 δὶς
2631 3950 2759 4020 περὶ
2784 3948 2877 4002 τοῦ
2922 3950 3086 4004 αὑτοῦ
3114 3969 3196 4005 σοι
3232 3953 3604 4025 ἐπιπηδῶντες
3622 3996 3640 4022 ,

2062 4036 2316 4107 ἐπαχθεῖς
2344 4037 2459 4108 ἅμα
2491 4039 2581 4092 καὶ
2613 4039 2805 4112 ἄποροι
2833 4041 3078 4112 δοκῶμεν
3109 4040 3266 4096 εἶναι.
3290 4044 3371 4097 Τὰ
3396 4045 3452 4098 δὲ
3473 4045 3642 4100 λοιπὰ

2060 4127 2439 4199 ἐπισκοπῶμεν.
2478 4129 2572 4194 Εἰς
2619 4132 2675 4184 σὲ
2714 4132 2814 4203 μὲν
2849 4133 3154 4186 ἀπέϐλεπον
3181 4133 3418 4198 ἅπαντες
3446 4136 3503 4188 ἐν
3534 4153 3639 4207 τη-

2061 4220 2292 4293 λικούτῳ
2324 4224 2587 4294 κινδύνῳο
2629 4226 2692 4279 σὺ
2735 4226 2778 4278 δ’
2822 4227 3004 4292 αὐτοῖς
3049 4230 3143 4283 καὶ
3188 4229 3296 4283 τῶν
3336 4231 3641 4301 μελλόντων

2065 4316 2333 4389 μηνυτὴς,
2361 4318 2455 4370 καὶ⁹
2479 4316 2586 4371 τῶν
2614 4312 2881 4390 ποιητέων
2908 4316 3049 4390 ἦσθα
3084 4320 3401 4393 σύμϐουλος.
3429 4324 3539 4377 Καὶ
3573 4325 3640 4378 σὲ

2066 4408 2162 4479 μὲν
2193 4409 2389 4463 ἐκεῖνοι
2434 4409 2653 4475 πιστὸν,
2704 4411 2768 4464 σὺ
2805 4411 2850 4465 δ’
2886 4413 3083 4477 αὐτοὺς
3111 4413 3367 4467 ἐπέπεισο
3395 4415 3639 4483 ἠλιθίους

2061 4493 2230 4550 εἶναι·
2266 4497 2362 4551 καὶ
2405 4498 2434 4550 6
2472 4496 2752 4562 καθεστὼς
2796 4499 2987 4568 καιρὸς
3015 4501 3096 4554 ὃτι
3143 4501 3324 4565 ἱκανὸς
3356 4497 3422 4570 ἦν
3454 4502 3635 4571 ἄγειν,

2056 4589 2150 4643 καὶ
2170 4586 2513 4659 τραχηλίζειν
2534 4590 2658 4653 τοὺς
2680 4590 3004 4663 ἀϐελτέρους
3028 4592 3088 4645 ού
3118 4592 3275 4663 μόνον
3296 4593 3374 4656 είς
3394 4592 3639 4663 Δελφικὰ

2057 4679 2150 4731 καὶ
2180 4679 2468 4732 Δωδωναῖα
2500 4683 2843 4753 σοφιστήρια,
2876 4683 2991 4736 ἀλλ’
3020 4684 3120 4757 ἤδη
3155 4686 3250 4739 καὶ
3277 4687 3368 4739 ἐπὶ
3394 4685 3463 4739 τὰ
3492 4687 3641 4758 ὀρνι-

2057 4768 2346 4840 θομαντεῖα
2365 4808 2380 4833 ,
2410 4770 2515 4849 ,καί
2559 4771 2981 4844 άλευρομαντεῖα
3000 4815 3014 4840 ,
3048 4776 3144 4829 καὶ
3177 4777 3302 4839 τοὺς
3330 4777 3636 4849 ἐγγαστρι-

2059 4858 2277 4930 μύθους.
2320 4843 2508 4914 Πιστοὶ
2539 4862 2596 4915 δὲ
2622 4843 2875 4934 ούμόνον
2905 4867 2954 4919 οἱ
2987 4865 3099 4920 θεοὶ
3145 4843 3475 4937 τηνικαῧτα,
3512 4843 3635 4923 ἀλλ’

2055 4950 2154 5022 ήδη
2184 4950 2279 5004 καὶ
2307 4953 2364 5005 αἱ
2400 4952 2583 5021 γαλαῖ,
2620 4955 2714 5007 καὶ
2743 4955 2799 5008 αί
2829 4955 3094 5026 κορῶναι,
3129 4958 3224 5010 καὶ
3256 4956 3323 5010 τὰ
3353 4955 3636 5014 καθύπνια

2055 5041 2544 5113 παραπταίσματα.
2585 5042 2791 5097 Οὔκουν
2819 5044 3046 5115 ἄδηλον,
3093 5045 3175 5097 ὅτι
3215 5044 3325 5097 οὔτ’
3349 5045 3414 5099 ἂν
3449 5047 3638 5117 ἀμφό-

2053 5150 2187 5205 τερα
2218 5134 2415 5204 μᾶλλον
2446 5134 2711 5200 ἐδέξαντο,
2740 5135 2773 5207 ἢ
2804 5135 2864 5190 τὸ
2891 5136 3096 5209 ἕτερον,
3125 5135 3234 5190 οὔτ’
3259 5137 3325 5191 ἂν
3354 5137 3413 5190 τὸ
3442 5139 3636 5208 μεῖζον

2053 5228 2175 5281 ἀντὶ
2217 5225 2311 5280 τοῦ
2346 5227 2555 5298 μείονος
2575 5244 2587 5256 ·
2628 5231 2777 5299 μεῖον
2815 5228 2880 5281 ’δὲ
2929 5225 3069 5283 εἶναι
3109 5229 3205 5283 ἕνα
3241 5231 3364 5284 ἀντὶ
3408 5231 3635 5287 πάντων

2055 5323 2241 5376 πεσεῖν
2262 5321 2353 5375 τὸν
2380 5320 2617 5391 βασιλέα.
2647 5320 2803 5375 Μετὰ
2825 5322 2923 5392 μὲν
2951 5321 3014 5393 δὴ
3035 5322 3135 5392 τῆς
3164 5320 3372 5387 πόλεως
3396 5326 3637 5379 πιπτού-

2056 5426 2176 5481 σης,
2209 5410 2432 5483 οὐδεμία
2478 5411 2589 5465 οὐδ’
2629 5410 2778 5482 αύτῷ
2805 5411 3058 5482 ἀποφυγή
3081 5429 3094 5443 ο
3128 5415 3178 5467 εί
3219 5413 3266 5467 δ’
3297 5415 3459 5478 αὐτὸς
3489 5414 3639 5491 ἄλλῃ

2052 5607 2682 5684 ponp‘esi_magni_tudipe
2709 5624 2775 5684 ac
2798 5610 3080 5684 nobilitate
3106 5612 3381 5684 princeps.

2128 5678 2238 5761 (69)
2274 5678 2568 5749 Βασιλῆα.
2610 5678 2926 5739 Leonidam.
3045 5682 3055 5690 ’
