3894 6220
178 298 291 354 3'17

1397 304 1722 362 PRAZPAR.
1766 305 2019 363 EVANG.
2076 307 2203 364 LIB.
2246 306 2311 366 νζ

3345 307 3453 363 578

181 434 261 487 πη
297 415 562 481 τάττοιτο,
593 417 732 487 τάχα
764 416 831 472 ἄν
859 436 912 471 τι
946 418 1041 473 καὶ
1072 418 1373 492 παράδοξον
1402 401 1629 489 γένοιτο.
1649 420 1771 479 Λεί-

1885 437 2093 477 scurum
2125 431 2263 487 erat,
2295 437 2389 479 eos
2417 436 2519 478 nec
2556 430 2846 493 utrumque
2879 421 3063 491 potius
3090 434 3253 491 quam
3288 422 3454 476 alter—

180 524 349 561 πεται
377 507 440 579 δὴ
476 509 603 571 τοὺς
634 508 807 562 ταῦτα
836 507 1242 579 λογιζομένους,
1266 510 1358 563 τὸν
1406 511 1505 580 μὲν
1552 494 1776 581 βασιλέα

185 600 406 669 πέμψαι
439 601 985 671 προσπολεμήσοντα,
1014 601 1212 664 αὐτοὺς
1239 600 1317 665 δὲ,
1342 600 1482 655 οἴκοι
1516 602 1778 672 μένοντας

182 692 296 759 ἔξω
337 691 627 756 κινδύνων,
660 692 1029 763 καραδοκεῖν..
1058 692 1148 764 Τῷ
1189 694 1287 764 μὲν
1317 689 1410 748 οὖν
1448 696 1564 765 μετ’
1600 694 1779 764 ὀλίγον

183 782 418 854 ὲναντίῳ
451 784 725 854 ἱσταμένῳ
770 783 907 856 πρὸς
957 783 1049 837 τὸν
1095 784 1322 856 ἄπειρον
1363 784 1517 855 ὄχλον
1561 785 1783 857 ὂλεθρος

184 876 475 947 προφανής
497 892 511 905 ’
548 876 583 945 ἡ
609 874 666 928 δὲ
697 875 921 945 Σπάρτη
957 875 1155 946 ἀνοχὰς
1181 872 1294 947 εἶχε
1332 875 1428 929 τοῦ
1458 877 1624 946 φόόου
1643 919 1659 943 ,
1689 878 1784 931 καὶ⁸

185 968 528 1036 παραδόξους
555 967 797 1031 ἐλπίδας.
829 967 1011 1039 Μηδὲν
1041 968 1099 1021 δὲ
1130 964 1292 1041 ἦττον
1324 967 1615 1040 ἀφώρατον
1642 964 1782 1025 εἶναι

183 1059 249 1111 τὺ
281 1060 523 1130 σόφισμα
542 1100 557 1122 ,
606 1060 702 1113 καὶ
748 1060 1114 1132 διαφυγούσης
1135 1101 1151 1124 ,
1182 1063 1277 1115 καὶ
1312 1062 1568 1133 ἁλούσης⁸
1595 1062 1660 1114 Τί
1686 1062 1782 1135 δή·

184 1168 318 1203 ποτε
339 1168 354 1215 ;
383 1153 501 1204 Ὀτι
522 1153 623 1205 οὐκ
649 1152 855 1224 εἴρητο,
886 1154 962 1224 μὰ
983 1156 1101 1217 Δία,
1123 1155 1169 1207 εἰ
1185 1156 1213 1207 ὁ
1236 1155 1489 1225 βασιλεὺς
1511 1157 1779 1230 ἀποθάνῃ,

180 1245 219 1313 ἡ
254 1243 411 1306 πόλις
434 1242 762 1314 σωθήσεται,
797 1246 910 1298 ἀλλ’
941 1247 1044 1311 ὅτι,
1078 1246 1110 1317 ἢ
1148 1246 1312 1316 μόνος
1349 1248 1649 1311 ἀπολεῖται,
1679 1248 1712 1319 ἢ
1745 1249 1779 1319 ἡ

191 1336 462 1406 σύμπασα
492 1337 647 1400 πόλις
670 1354 684 1366 ·
720 1337 879 1391 τοῦτο
907 1338 963 1390 δὲ
995 1340 1053 1391 ὲν
1078 1341 1328 1411 ἐκατέρῳ
1360 1340 1667 1405 ἀνεύθυνον,
1686 1340 1782 1394 καὶ

189 1426 356 1497 μόνου
408 1427 577 1480 αὐτοῦ
607 1426 1000 1497 ἀπολουμένου,
1035 1428 1131 1481 καὶ
1175 1428 1248 1500 μὴ
1296 1429 1479 1499 μόνου.
1521 1425 1687 1493 Οὗτος
1713 1428 1771 1482 δὲ

186 1518 361 1586 τύφου
410 1519 508 1572 καὶ
553 1518 865 1589 ἀφροσύνης
918 1515 1203 1590 καρπός.»
1241 1519 1402 1573 Ἀλλά
1461 1519 1636 1573 ταῦτα
1678 1521 1779 1590 μὲν

182 1612 409 1663 ταυτίι.
446 1611 561 1663 Οὐκ
594 1610 741 1675 ἀξιον
775 1611 830 1664 δὲ
866 1610 1157 1682 παρελθεῖν
1200 1613 1293 1665 καὶ
1347 1612 1490 1682 ἆπερ
1534 1610 1772 1675 Κνιδίοις

183 1703 389 1775 ἔχρησε
422 1703 588 1757 πάλιν
633 1703 981 1774 εὐχομένοις,
1034 1704 1128 1756 καὶ
1171 1703 1270 1775 τὴν
1315 1703 1468 1776 παρὰ
1514 1702 1609 1756 τοῦ
1658 1701 1780 1756 θεοῦ

184 1800 513 1868 συμμαχίαν
539 1797 802 1852 αἰτοῦσιν.
977 1813 985 1821 ’
1114 1826 1117 1831 -
1178 1808 1185 1815 ’
1385 1806 1391 1812 ’

1882 522 2087 578 utrum,
2137 530 2238 569 nec
2277 530 2377 584 pro
2436 515 2625 570 leviori
2683 514 2902 583 gravius
2952 513 3231 568 subituros
3282 514 3454 580 esse;

1880 601 2156 675 simulque
2190 606 2371 661 levius‘
2392 600 2497 662 hoc
2517 592 2736 661 demum
2768 605 2906 671 fore,
2939 605 2983 660 si
3016 600 3112 659 rex
3149 620 3248 674 pro
3278 603 3460 658 omni-

1880 697 1987 752 bus
2027 713 2171 753 unus
2198 697 2465 753 interiret.
2496 696 2615 754 Jam
2640 712 2768 753 vero
2792 697 2845 752 id
2879 697 3043 751 etiam
3073 694 3230 751 facile
3260 712 3463 753 occur-

1880 789 2076 853 rebat;
2113 787 2167 843 in
2210 791 2488 844 communi
2534 789 2703 845 totius
2745 788 2894 843 urbis
2921 788 3159 853 excidio,
3197 788 3459 859 effugium

1882 878 2009 950 regi
2044 886 2231 947 patere
2260 879 2506 947 nullum;
2541 879 2682 935 idem
2732 888 2912 935 autem
2968 879 3015 933 si
3062 878 3170 933 alio
3199 879 3460 949 qu0piam

1882 971 2293 1037 amandaretur,
2321 971 2525 1041 aliquid
2554 971 2696 1028 forte
2727 982 2922 1042 praeter
2953 972 3268 1042 opinionem
3292 984 3461 1024 even-

1878 1052 2086 1117 turum.
2132 1061 2421 1133 Reliquum
2455 1064 2620 1134 igitur
2647 1072 2850 1126 est,,ut
2889 1078 3094 1138 regem,
3135 1063 3251 1117 haec
3278 1075 3462 1117 secum

1876 1154 1982 1224 ipsi
2015 1161 2351 1224 reputantes,
2378 1154 2443 1208 ad
2473 1154 2673 1209 bellum
2706 1153 3001 1223 gerendum
3019 1152 3464 1221 emittant,‘domi

1877 1261 2010 1300 vero
2032 1246 2239 1300 interea
2270 1247 2591 1313 residentes,
2630 1247 2819 1317 procul
2845 1263 2875 1301 a
2897 1246 3233 1309 discrimine,
3260 1245 3338 1299 rei
3380 1253 3465 1298 to-

1879 1338 1989 1393 tius
2022 1322 2228 1393 exitum
2276 1341 2611 1408 operiantur.
2649 1337 2782 1410 Regi
2826 1354 2993 1409 porro
3041 1337 3307 1391 inﬁnitam
3359 1336 3464 1391 ho-

1880 1420 2045 1484 stium
2080 1430 2485 1484 multitudinem
2532 1430 2696 1499 paulo
2733 1440 2858 1500 post
2899 1428 3214 1499 excipienti,
3253 1436 3464 1482 certum

1881 1519 2165 1577 interitum
2200 1520 2510 1586 imminere,
2540 1536 2704 1575 nemo
2734 1535 2842 1575 non
2866 1521 3108 1587 videbat,
3142 1535 3266 1575 cum
3302 1519 3463 1573 indu-

1886 1612 1988 1666 ciis
2014 1612 2344 1691 quihusdam
2371 1612 2590 1666 interim
2617 1612 2686 1666 ab
2703 1600 3026 1666 omni'metu
3050 1612 3249 1691 vacuis
3268 1609 3465 1680 Sparta

1884 1696 2187 1768 frueretur,
2216 1684 2445 1772 seseque
2493 1704 2761 1773 inopinati
2801 1704 3087 1774 cujusdam
3114 1684 3341 1757 eventus
3372 1716 3469 1771 spe

1760 1788 1778 1803 τ
1808 1791 1851 1845 Β
1882 1802 2231 1848 sustentaret.
2259 1795 2424 1869 220
2456 1793 2751 1849 Enimvero
2782 1809 2876 1849 seu
2922 1795 3110 1849 eadem
3157 1801 3447 1864 caperetur

187 1905 289 1943 seu
366 1906 565 1945 manus
622 1889 860 1944 hostium
920 1889 1212 1957 effugeret,
1267 1896 1461 1942 tectam
1507 1902 1730 1942 manere
1784 1885 2149 1941 cavillationis
2192 1884 2461 1940 fraudem.
2515 1887 2625 1942 Cur
2673 1887 2897 1941 autem?
2939 1885 3049 1941 Nec
3071 1887 3214 1940 enim
3241 1887 3470 1951 salvam,

184 1978 445 2045 Hercule,
474 1982 517 2036 si
555 1997 650 2035 rex
686 1982 905 2049 periret,
940 1981 1214 2034 civitatem
1256 1978 1495 2034 futuram
1562 1980 1795 2039 dixerat,
1868 1978 1964 2033 sed
2033 1987 2266 2044 tantum,
2300 1990 2394 2033 aut
2434 1975 2636 2049 Regem
2678 1996 2878 2047 unum,
2920 1990 3012 2035 aut
3042 1982 3314 2035 civitatem
3345 1980 3470 2036 uni-

184 2090 405 2129 versam
436 2089 558 2128 esse
590 2076 909 2143 perituram.
943 2071 1100 2138 Quod
1126 2086 1264 2151 sane
1290 2070 1518 2145 dictum,
1555 2071 1764 2125 utrovis
1795 2069 1966 2141 eritu,
1996 2070 2110 2124 sive
2142 2071 2295 2151 solus
2356 2071 2473 2141 ipse
2523 2058 2744 2147 periret,
2778 2072 2892 2127 sive
2936 2088 3067 2145 non,
3121 2072 3223 2127 sibi
3256 2086 3469 2141 semper

186 2176 492 2223 constaret.
520 2166 701 2232 Atque
725 2164 816 2218 hic
874 2152 1096 2218 demum
1126 2148 1131 2151 Α
1158 2171 1244 2218 est
1297 2162 1560 2217 vanitatis
1622 2160 1973 2229 stultitiaeque
2024 2148 2273 2217 fructus.
2307 2179 2327 2213 ι
2370 2165 2440 2215 At
2470 2162 2537 2217 de
2565 2161 2991 2218 Lacedaemoniis
3034 2148 3317 2218 hactenus.
3347 2161 3471 2218 Jam

186 2258 322 2328 quid
374 2257 591 2311 tandem
634 2256 752 2325 ipse
795 2253 1005 2308 Cnidiis
1036 2267 1195 2321 opem
1225 2266 1448 2323 quoque
1510 2266 1666 2306 suam
1727 2250 2146 2320 implorantibus
2204 2252 2458 2323 responsi
2525 2252 2761 2322 dederit,
2816 2269 2927 2309 non
2955 2255 3054 2310 abs
3089 2270 3146 2310 re
3177 2252 3343 2311 fuerit
3382 2263 3471 2311 at-

188 2360 399 2406 texere.

691 2440 1091 2494 ΚΕΦΑΔᾹῙΟΝ
1128 2442 1274 2507 κεῖν.
1338 2478 1343 2485 .

712 2532 782 2586 Τὸ
812 2532 958 2586 αὑτό
992 2532 1272 2599 Κνιδίοις.

268 2645 289 2679 ι
320 2622 565 2680 Ἐπαθον
587 2624 645 2677 δὲ
676 2624 769 2677 καὶ
789 2626 837 2676 οἱ
863 2624 1067 2677 Κνίδιοι
1096 2622 1211 2693 (70)
1226 2622 1400 2694 τούτῳ
1430 2622 1774 2695 προσεοικὸς,

204 2716 488 2788 ’Δρπάγου
524 2716 636 2785 (Ἠ)
682 2716 770 2767 ἐπ’
804 2714 1002 2777 αὐτοὺς
1047 2714 1495 2785 στρατεύσαντος.
1538 2700 1785 2785 Τὸνγάρ

201 2810 423 2880 Ἰσθμὸν
473 2807 566 2861 τὸν
606 2806 793 2860 αὐτόθι
842 2807 1154 2859 διακόπτειν
1210 2804 1651 2877 ἐπιχειροῦντες,
1694 2805 1790 2858 καὶ

185 2900 291 2971 τὴν
317 2900 474 2952 πόλιν
496 2901 825 2968 νησοποιεῖν,
848 2898 917 2950 τὰ
949 2897 1050 2968 μὲν
1080 2896 1270 2968 πρῶτα
1293 2898 1390 2951 τοῦ
1426 2896 1587 2969 ἔργου
1616 2896 1789 2969 εἴχον-

184 3010 285 3056 το,
313 2991 442 3045 ἐπεὶ
462 2991 521 3059 δὲ
546 2992 730 3054 αὐτοῖς
748 2991 774 3029 b
804 2990 1020 3060 ἀπήντα
1062 2991 1095 3058 ἡ
1131 2990 1382 3062 ἐργασία,
1419 2987 1790 3058 ἀπαγορεύον-

185 3102 283 3148 τες
308 3083 412 3154 ἤδη
435 3082 690 3154 ἐχρῶντο.
716 3083 788 3135 Σὺ
813 3081 867 3134 δὲ
894 3082 1078 3145 αὐτοῖς
1099 3076 1261 3145 εἶπας
1279 3096 1297 3111 ·
1315 3081 1548 3151 Ἰσθμὸν
1558 3079 1644 3152 μὴ
1669 3080 1782 3152 (72)
1809 3113 1853 3172 C

190 3177 519 3245 πυργοῦτε.
538 3174 677 3244 μηδ’
709 3175 1001 3242 ὀρύσσετε
1020 3193 1033 3206 ⁸
1068 3175 1220 3240 Ζεὺς
1238 3173 1348 3242 γάρ
1377 3174 1428 3227 κ’
1459 3174 1639 3241 ἔθηκε
1675 3170 1786 3242 νῆ-

191 3282 338 3329 σον,
369 3266 433 3318 al
456 3266 508 3318 κ’
532 3266 832 3319 ἐϐούλετο·
866 3265 962 3317 καὶ
991 3265 1041 3316 οἱ
1067 3263 1263 3334 βλάκες
1303 3262 1657 3334 ἐπείσθησαν,
1692 3261 1786 3315 καὶ

192 3359 644 3429 ἀποτραπόμενοι
672 3357 994 3427 παρέδωκαν
1036 3357 1262 3419 ἑαυτοὺς
1285 3354 1362 3424 τῷ
1403 3356 1682 3426 Ἀρπάγῳ.
1713 3355 1787 3407 Τὸ

192 3453 253 3508 δὲ
286 3451 702 3522 ρςιδιούργημαῑ
731 3449 883 3503 Ἐπεὶ
912 3449 1024 3520 γὰρ
1047 3448 1147 3501 οὐκ
1176 3443 1245 3518 ἦν
1282 3447 1496 3518 βέϐαιος
1530 3447 1786 3519 ἀποφυγὴ

196 3544 451 3616 όρύξασι,
481 3541 670 3594 τούτου
702 3540 801 3611 μὲν
824 3540 1097 3603 ἔπαυσαςο
1128 3539 1204 3602 ὡς
1226 3539 1284 3592 δὲ
1315 3540 1390 3611 μὴ
1432 3538 1667 3593 κελεύων
1698 3538 1790 3609 ἕρ-

194 3653 298 3704 γου
330 3633 550 3703 ἔχεσθαι
570 3672 585 3697 ,
614 3630 922 3701 ἐπαγγέλλῃ
968 3630 1068 3701 τὴν
1098 3629 1408 3699 ἀποφυγήν,
1435 3628 1610 3699 τούτῳ
1639 3627 1695 3679 δὲ
1723 3626 1785 3679 οὐ

197 3727 259 3781 τὺ
305 3724 467 3778 λώϊον
493 3719 632 3777 εἷναι
684 3723 758 3795 μὴ
798 3722 1025 3793 ὀρύξασι
1059 3720 1430 3793 προσετίθεις·
1460 3720 1573 3774 ἀλλ’
1606 3721 1686 3773 ὃτι
1722 3719 1785 3773 οὒ

198 3817 352 3871 δοκεῖ
381 3815 461 3886 τῷ
489 3815 572 3867 Διὶ
598 3815 760 3884 νῆσον
792 3814 960 3884 αὐτὴν
992 3807 1150 3866 εἶναι.
1193 3811 1279 3864 Ἐν
1314 3812 1410 3882 μὲν
1440 3807 1534 3865 οὖν
1555 3813 1622 3881 τῇ
1652 3811 1790 3863 ἀπο-

198 3910 378 3980 τροπῇ
415 3905 701 3976 ἀμφότερα
750 3904 1047 3975 ίσόρροπα,
1096 3903 1153 3956 ὲν
1185 3901 1243 3954 δὲ
1286 3904 1353 3973 τῇ
1400 3904 1682 3973 προτροπῇ
1726 3902 1788 3955 τὸ

199 3998 592 4065 διαφεύξασθαι
628 3999 899 4068 προεῖχεν.
932 3990 1006 4049 0³5
1042 3994 1105 4066 δὴ
1148 3994 1389 4063 ἀσφαλὲς
1426 3990 1495 4066 ἦν
1526 3993 1604 4064 τῷ
1638 4011 1788 4063 σοφι-

203 4092 306 4159 στῇ
343 4090 405 4142 τὸ
434 4085 779 4159 ἀνατρέπειν.
800 4084 1003 4148 -Οὖτως
1030 4102 1089 4137 τε
1120 4084 1272 4138 οὐδὲν
1301 4084 1491 4149 εἰπὼν,
1519 4077 1594 4137 ὧν
1622 4083 1788 4138 ἕνεκα

198 4178 344 4254 ἦσαν
377 4179 690 4249 ἀφιγμένοι,
708 4177 1037 4246 ἀπέπεμψας
1059 4175 1336 4246 οἰομένους
1357 4173 1650 4246 ἀκηκοέναι
1673 4160 1745 4227 τι.
1761 4193 1781 4225 ι

202 4275 393 4333 Ταῦτα
424 4274 480 4326 δὲ
511 4272 750 4343 ἠγοῦμαι
780 4271 842 4323 τὸ
886 4269 1116 4341 ἀδρανὲς
1156 4269 1266 4321 τῶν
1308 4285 1368 4321 τε
1401 4267 1657 4339 χρώντων
1691 4268 1787 4321 καὶ

203 4369 318 4423 τῶν
341 4367 638 4439 χρωμένων
668 4363 991 4433 ἀπελέγχειν
1026 4362 1342 4433 αὐτάρκως,
1378 4363 1473 4414 καὶ
1504 4362 1587 4413 ὅτι
1621 4360 1786 4433 μηδὲν

2260 2420 2289 2436 ’“
2339 2422 2365 2431 ”
2404 2411 2414 2425 ⁸
2437 2435 2669 2493 CAPUT
2717 2435 2907 2492 xxvr.

2239 2527 2562 2605 Responsum
2600 2530 2852 2605 .Cnidiis.
2874 2530 3093 2583 editum.

1892 2616 1901 2623 '
1958 2640 1977 2674 ι
2015 2619 2123 2676 Nec
2140 2637 2269 2677 sane
2288 2604 2788 2693 dissimilisﬁnquit
2808 2623 2915 2691 ille)
2940 2622 3280 2684 Cnidiorum’,
3313 2619 3449 2674 Har-

1889 2726 2032 2780 pago
2066 2702 2332 2767 adversus
2386 2727 2482 2767 eos
2535 2722 2812 2778 movente,
2849 2711 3069 2765 fortuna
3119 2710 3471 2780 conditioque

1892 2801 2017 2857 fuit.
2038 2782 2301 2858 Isthmum
2332 2804 2481 2858 enim
2519 2804 2695 2867 illum,
2732 2802 2831 2877 qui
2863 2811 2977 2855 tum
3012 2802 3144 2856 inibi
3178 2810 3329 2868 erat,
3375 2801 3473 2854 tol-

1887 2893 1999 2949 lere
2029 2909 2093 2950 ac
2132 2895 2469 2959 rescindere,
2522 2903 2686 2964 atque
2739 2896 2931 2949 urbem
2983 2893 3219 2946 insulam
3259 2892 3471 2947 ellicere

1888 2985 2153 3055 aggressi,
2190 2984 2281 3039 ubi
2316 3000 2429 3039 rem
2462 2984 2799 3061 fausto‘licet
2833 2985 3020 3047 initio,
3051 2984 3234 3037 minus
3280 2992 3471 3052 postea

1886 3076 2154 3132 vidissent
2177 3092 2243 3131 ex
2273 3085 2403 3132 voto
2437 3066 2649 3143 cedere,
2702 3076 2931 3146 abiectis
2982 3076 3199 3131 demum
3248 3075 3469 3142 antmis,

1885 3168 2167 3224 oraculum
2192 3156 2541 3223 "consuluere.
2576 3167 2656 3221 Tu
2686 3183 2813 3221 vero
2836 3167 2901 3221 ad
2922 3182 3050 3222 eos:
3086 3164 3347 3219 Isthmum
3373 3183 3473 3219 neu

1888 3262 2102 3324 munite,
2130 3277 2229 3314 neu
2252 3261 2501 3330 su/fodile
2525 3277 2543 3316 :
2567 3259 2778 3330 Jupiter
2809 3262 2968 3324 enim,
2995 3261 3041 3313 si
3070 3260 3318 3313 voluisset
3336 3299 3351 3323 ,
3387 3259 3474 3312 ίη-

1884 3353 2061 3408 sulam
2107 3354 2332 3422 fecisset.
2380 3352 2502 3407 Tibi
2536 3367 2702 3423 porro
2738 3353 2999 3405 vecordes
3048 3366 3114 3406 ac
3155 3351 3338 3405 stolidi
3381 3350 3477 3404 ho-

1897 3447 2074 3500 mines
2097 3445 2256 3500 tidem
2284 3445 2544 3511 habuere,
2579 3427 2807 3514 seseque
2846 3443 3120 3514 ll’arpago,
3154 3458 3184 3497 a
3210 3450 3467 3511 suscepto

1887 3536 2135 3590 deterriti
2162 3535 2417 3601 consilio,
2449 3535 2725 3589 dedidere.
2750 3534 2895 3589 Istuc
2917 3545 3099 3589 autem
3132 3551 3297 3606 quam
3330 3544 3476 3591 vete-

1886 3626 2134 3682 ratorie!
2171 3625 2307 3680 Nam
2346 3626 2515 3696 quod,
2570 3643 2640 3681 ne
2687 3627 2922 3682 suﬂosso
2967 3626 3186 3698 quidem
3243 3626 3471 3694 Isthmo,

1888 3728 2096 3775 certum
2149 3734 2245 3774 eos
2290 3727 2568 3788 receptum
2609 3719 2895 3774 habituros
2933 3718 3179 3783 "videas,
3218 3717 3473 3773 affectum

1888 3825 2027 3881 opus
2053 3811 2305 3887 inhibes:
2359 3810 2613 3887 idemque
2648 3810 2835 3876 simul,
2888 3818 3074 3885 utpote
3112 3825 3463 3880 nequaquam

1888 3903 2008 3971 ejus
2052 3886 2371 3957 instituendi
2412 3886 2973 3973 rauctor,‘eﬂ‘ugiendi
3024 3917 3175 3971 spem
3228 3902 3472 3957 ostendis

1888 3996 2149 4065 aliquam.
2186 3992 2374 4065 Neque
2404 4002 2619 4057 tamen,
2669 3996 2716 4051 si
2751 4011 2783 4050 a
2815 3994 3158 4049 suffodiendo
3185 3993 3470 4048 abstinue—

1853 4161 1865 4170 ο
1886 4087 2019 4151 rint,
2051 4087 2310 4142 laetiorem
2337 4088 2541 4141 exitum
2573 4088 2849 4157 polliceris
2883 4103 2896 4139 :
2936 4088 3039 4142 hoc
3068 4101 3236 4141 unum
3286 4085 3469 4152 aﬂ‘ers,

1885 4178 2005 4234 Jovi
2031 4180 2219 4234 urbem
2274 4180 2511 4233 insulam
2553 4180 2669 4234 fieri
2708 4195 2817 4234 non
2854 4180 3088 4249 placere.
3129 4175 3467 4233 Occurrebat

1886 4270 2165 4336 nimirum,
2197 4271 2244 4325 si
2262 4270 2632 4336 debortarere,
2656 4285 2840 4339 parem
2864 4270 2918 4323 in
2947 4278 3237 4339 utramque
3266 4275 3473 4338 partem

1886 4363 2137 4432 responsi
2171 4364 2314 4429 vim;
2364 4362 2448 4417 sin
2483 4370 2680 4441 autem.
2707 4353 3006 4426 hertarcre,
3037 4376 3354 4431 expressam
3391 4360 3476 4413 ni-

203 4459 404 4528 ἁληθὲς
427 4469 448 4495 ε
482 4456 663 4510 ἔνθεον
715 4455 860 4508 ἔστιν
895 4455 1074 4525 εὑρεῖν
1103 4456 1161 4506 ὲν
1192 4456 1305 4516 τοῖς
1332 4452 1696 4523 δηλουμένοις.
1718 4452 1783 4506 Tt

1895 4454 2065 4509 mium
2127 4462 2506 4511 consecutura:
2552 4452 2747 4509 salutis
2814 4453 3274 4524 significationem
3318 4451 3475 4505 futu-

200 4549 261 4603 δὲ
282 4547 621 4618 κακότροπον
639 4545 732 4599 τοῦ
757 4544 919 4615 ἤθους
954 4543 1066 4597 εἴτε
1087 4542 1193 4596 τῶν
1219 4542 1471 4613 πονηρῶν
1494 4542 1785 4612 δαιμόνων,

202 4641 318 4705 εἶτε
345 4639 452 4692 τῶν
479 4638 547 4692 τὰ
581 4640 807 4709 μαντεῖα
837 4634 1386 4707 καθυποκρινομένων
1409 4632 1639 4706 ἀνδρῶν,
1659 4633 1789 4698 ἴδοις

206 4732 277 4786 ἂν
297 4771 311 4793 ,
341 4733 389 4784 εί
435 4729 627 4800 μάθοις
667 4728 742 4791 ὡς
770 4727 864 4779 καὶ
897 4728 976 4789 είς
1007 4725 1098 4778 τὸν
1128 4727 1246 4777 κατ’
1282 4723 1527 4795 ἀλλήλων
1556 4724 1788 4794 πόλεμον

201 4825 333 4887 τοὺς
361 4822 677 4894 χρωμένους
705 4820 888 4882 αὐτοῖς
920 4816 1201 4889 ⁴ἢρέθιζον,
1233 4818 1456 4890 εἰρήνης
1491 4816 1582 4869 καὶ
1609 4815 1789 4884 φιλίας

202 4914 327 4968 δέον
343 4914 540 4975 αὐτοὺς
556 4907 693 4965 εἶναι
711 4908 1033 4980 βραὸευτάς.
1054 4907 1189 4959 Τοτὲ
1212 4908 1309 4977 μὲν
1332 4900 1424 4959 οὖν
1454 4906 1790 4977 Λακεδαιμο-

202 5002 437 5069 νίουςὼς
452 5002 517 5055 ἂν
529 4999 763 5062 οἰκείους
781 4999 874 5052 καὶ
892 4996 1097 5068 φίλους,
1113 4999 1141 5048 ὁ
1160 4999 1216 5049 ὲν
1230 4995 1454 5065 Δελφοῖς
1473 4996 1633 5050 πάλιν
1649 4994 1789 5050 κατά

204 5093 531 5165 Μεσσηνίων
559 5088 872 5162 παροξύνει,
889 5088 1012 5141 τοτὲ
1029 5087 1073 5141 δ’
1094 5083 1158 5140 αὖ
1181 5087 1505 5157 Μεσσηνίοις
1525 5086 1667 5140 κατά
1691 5089 1793 5140 Λα-

207 5184 565 5257 κεδαιμονίων
580 5183 706 5254 χρᾷ,
726 5184 772 5234 εἰ
790 5179 952 5233 πάλιν
968 5172 1113 5232 οὗτοι
1136 5178 1201 5243 δι’
1218 5177 1667 5250 ἀνθρωποθυσίας
1684 5176 1791 5232 ἱλά-

209 5294 391 5341 ςοιντο
414 5278 540 5340 τοὺς
568 5275 848 5345 δαίμονας.
878 5273 1075 5326 Ἄκουε
1103 5271 1159 5326 δὲ
1191 5270 1283 5329 καὶ
1312 5269 1381 5323 τὰ
1403 5270 1531 5342 περὶ
1561 5269 1784 5324 τούτων.

278 5420 309 5452 ι
346 5425 442 5480 τρ.
476 5406 668 5479 ταύτῃ.
745 5404 776 5446 ιι
810 5403 937 5460 add.
969 5404 1092 5461 οὐκ.
1172 5412 1194 5442 θ
1238 5402 1326 5455 la".
1360 5391 1598 5458 ἀληθῶς.

283 5539 399 5610 (70)
443 5542 509 5593 Οὶ
541 5537 786 5592 Κνίδιοι.
828 5535 981 5610 Fuse
1024 5532 1298 5610 Herodot.
1328 5531 1423 5585 lih.
1458 5546 1497 5595 ι,
1542 5548 1662 5610 pag.
1695 5528 1781 5588 80.

209 5601 752 5666 Lacedaemoniorum
806 5606 984 5662 coloni
1043 5603 1213 5668 fuere,
1245 5601 1502 5671 illamque
1526 5602 1671 5658 Asiae
1700 5619 1787 5657 re-

211 5682 426 5753 gionem
450 5689 704 5753 tenuere,
735 5692 857 5753 qum
890 5675 1168 5753 '_I'r_iopiunlt
1199 5673 1266 5753 ad
1300 5687 1450 5726 mare
1472 5674 1747 5753 vergebat.

283 5751 397 5819 (Ἡ)
450 5743 769 5817 Ἀρπάγουῖ
811 5745 934 5802 Fuit
961 5743 1092 5801 is'et
1128 5744 1253 5813 Cyri
1288 5756 1534 5799 servator
1563 5743 1787 5801 infantis

1889 4562 2029 4601 ram.
2052 4546 2253 4613 Quare,
2288 4547 2563 4601 dehortari
2609 4546 2795 4610 modo,
2842 4553 3019 4599 tutum
3072 4545 3126 4599 in
3168 4544 3365 4614 primis
3409 4558 3476 4598 ac

1890 4653 2144 4693 securum
2174 4629 2439 4708 sophistae
2463 4638 2642 4693 visum
2675 4644 2779 4692 est.
2835 4637 3014 4706 Atque
3056 4636 3203 4690 hunc
3249 4636 3306 4689 in
3348 4622 3471 4689 mo-

1888 4730 2041 4795 dum,
2072 4728 2208 4782 nihil
2253 4743 2482 4797 prorsus
2529 4727 2594 4782 ad
2648 4742 2711 4782 ea
2754 4727 3126 4798 respondens,
3157 4742 3390 4797 quorum
3421 4733 3474 4780 te

1889 4821 1993 4891 ipsi
2023 4816 2190 4876 causa
2221 4829 2615 4885 convenerant,
2657 4810 2889 4878 miseros
2914 4821 3195 4889 dimisisti,
3231 4804 3324 4892 qui
3351 4835 3474 4877 sese

1889 4921 2072 4971 tamen
2104 4911 2398 4997 abstqlisse
2429 4913 2655 4994 aliquid
2682 4913 2966 4982 putabant.
3009 4932 3028 4964 ι
3060 4911 3173 4977 llis
3211 4911 3468 4982 equidem

1889 5004 2167 5070 existimo,
2217 5012 2327 5058 tam
2362 5005 2836 5074 respondentium,
2871 5020 3036 5074 quam
3064 5001 3469 5058 consulentium

1890 5095 2342 5160 imbecillitatem,
2376 5113 2654 5168 quamque
2683 5096 2905 5152 oracula
2956 5084 3144 5150 isth'iec
3167 5093 3352 5149 omnia
3393 5092 3474 5147 di-

1889 5186 2030 5243 vinae
2076 5174 2563 5260 facultatis‘vacua
2607 5190 2746 5257 sint,
2786 5187 3003 5257 abunde
3053 5186 3299 5255 coargui.
3347 5184 3468 5241 Jan:

1890 5276 2163 5334 maleficas
2186 5288 2239 5334 et
2259 5277 2635 5336 fraudulentas
2657 5288 2822 5347 artes,
2846 5295 2945 5335 seu
2972 5277 3243 5332 malorum
3268 5277 3472 5333 daemo-

1888 5554 1943 5600 et
1975 5544 2314 5618 fortissimus
2348 5520 2668 5618 imperator.

1888 5616 2073 5745 ﬁ(39)
2122 5610 2484 5744 ξσξμὸνμῆ.
2530 5617 3038 5687 Ηςσοιιβι.’1αθμόν
3068 5615 3136 5700 δὲ
3151 5614 3254 5687 μή,
3295 5610 3466 5672 sm.

1920 5705 1934 5742 ί
2022 5704 2090 5744 ιιι)
2154 5705 2222 5744 ιιι]
2255 5727 2269 5743 .
