3850 6222
487 236 585 291 ’591

1170 233 1439 289 EUSEBII
1478 232 1960 289 CESARIENSIS
1998 231 2151 289 OPP.
2190 231 2375 288 PARS
2402 231 2553 287 ll.—
2588 224 3089 288 A'POLOGETICA.

3652 242 3751 298 592

473 351 617 419 Quid
656 354 821 424 igitur
872 354 1005 408 illttd
1046 361 1213 418 erat,
1267 352 1623 421 quamobrem
1678 352 2063 406 Archilochum

2172 350 2284 415 λοις
2319 349 2624 421 ἀνθρώποις
2659 351 2757 422 τῆς
2807 351 2918 405 ἄνω
2954 350 3094 403 ὀδοῦ.
3124 352 3188 404 Τί
3226 355 3483 424 πράττειν
3515 356 3748 419 κελεύεις

471 448 616 502 cado
647 447 869 518 dignum
895 438 1150 516 putares?
1169 443 1247 498 Ne
1274 444 1486 499 caeteris
1515 444 1853 509 hominibus,
1877 458 1912 497 0
1939 444 2068 498 deo-

475 552 599 592 rum
646 538 1083 600 humanissime,
1136 535 1241 589 boc
1293 536 1346 589 in
1394 536 1594 590 ccelum
1653 535 1757 589 iter
1799 534 2065 589 invideas.

476 628 617 696 Quid
651 645 682 684 a
710 629 868 683 nobis
892 629 1113 682 tandem
1146 627 1357 697 exigis?
1405 627 1634 696 opinor,
1667 634 1728 679 ut
1754 626 2067 681 Archilochi

474 721 724 789 vestigiis
767 721 1108 782 insistamus,
1158 719 1205 773 si
1242 720 1353 773 tuis
1394 718 1541 789 digni
1585 718 1869 788 penatibus
1898 717 2065 771 videri

474 812 785 880 cupiamus.
852 809 1082 865 Acerbis
1114 825 1308 879 nempe
1345 810 1607 864 conviciis
1633 809 1938 863 laceranda:
1972 824 2070 862 no-

473 904 560 960 bis
590 905 875 967 mulieres,
923 919 1044 972 quae
1069 883 1383 972 coniugium
1410 913 1657 955 nostrum
1688 901 2025 970 repudiarint
2051 919 2064 953 :

473 996 762 1052 mordendi
819 1010 1039 1064 quoque
1082 998 1236 1063 pueri
1286 994 1585 1060 meritorii,
1618 1009 1744 1047 cum
1775 993 1935 1062 longe
1966 993 2068 1046 im-

475 1084 679 1154 probos
708 1098 900 1138 omnes
932 1084 1283 1153 improbitate
1315 1082 1387 1137 ac
1405 1082 1624 1151 flagitio
1644 1093 1920 1153 superent.
1969 1081 2071 1137 Ve-

474 1192 600 1231 rum
637 1176 689 1231 id
725 1177 914 1245 utique
941 1192 1101 1231 versu
1132 1175 1449 1230 faciendum
1478 1176 1603 1241 erit,
1628 1175 1773 1243 quod
1802 1190 1865 1229 ea
1896 1175 1967 1229 sit
1990 1174 2069 1228 uti

474 1269 702 1324 deorum
725 1311 738 1335 ,
760 1270 857 1324 sic
887 1269 1199 1323 divinorum
1238 1268 1522 1322 hominum
1546 1308 1561 1330 ,
1604 1268 1784 1337 qualis
1815 1267 2068 1322 Archilo-

474 1360 615 1415 chus
642 1359 764 1423 fuit,
794 1360 1012 1429 propria
1039 1368 1091 1414 et
1114 1359 1407 1429 peculiaris
1435 1359 1632 1413 oratio.
1666 1358 1853 1428 Neque
1878 1357 1931 1412 id
1957 1357 2070 1411 for-

475 1459 624 1507 tasse
642 1454 862 1507 mirum.
883 1451 1018 1506 Nam
1038 1462 1092 1507 et
1107 1451 1441 1506 familiarum
1474 1453 1703 1517 scilicet,
1735 1453 2069 1522 privataeque

476 1543 606 1599 vitae
637 1546 912 1607 rationes,
938 1553 994 1599 et
1025 1544 1561 1614 rerumpuhliearum
1596 1545 1910 1610 concordia,
1940 1543 2071 1613 opti-
2096 1617 2105 1626 _

476 1637 696 1704 misque
726 1637 938 1707 legibus
960 1635 1260 1691 constituta
1284 1626 1612 1705 populerum
1642 1634 1947 1707 integritas,
1974 1636 2070 1690 hu-

473 1722 568 1793 jus
594 1724 945 1792 potissimum
976 1725 1109 1779 artis
1146 1724 1468 1779 excellentia
1499 1725 1830 1780 continetur.
1854 1747 1858 1752 ·
1881 1726 2067 1796 Itaque

473 1830 578 1870 nec
613 1816 766 1870 illum
794 1816 915 1870 sine
940 1831 1106 1871 causa
1128 1831 1233 1886 pro
1256 1814 1535 1870 Musarum
1575 1810 1772 1871 cliente
1802 1817 2058 1884 habuisti,

472 1914 526 1960 et
550 1905 698 1965 illius
730 1905 1138 1961 interfectorem
1169 1916 1375 1972 vestro,
1422 1907 1526 1961 hoc
1555 1918 1639 1961 est
1670 1906 1854 1960 divino
1878 1945 1894 1971 ,
1928 1922 2062 1960 con-

473 2012 666 2067 gressu
700 2004 756 2051 et
796 2012 930 2051 voce
961 2013 1191 2067 prorsus
1238 1997 1522 2067 indignum
1574 1996 1816 2065 putasti,
1855 1996 1945 2063 qui
1981 1996 2061 2049 vi—

470 2102 595 2142 rum
621 2103 796 2157 usque
821 2089 958 2144 adeo
988 2089 1233 2143 vocalem
1264 2087 1631 2143 interfecerat.
1681 2087 1824 2159 Ergo
1854 2105 1953 2143 nec
1979 2090 2063 2143 in-

468 2175 634 2248 iusta:
658 2177 880 2233 fuerunt
911 2179 966 2232 in
998 2179 1258 2233 Archiam
1291 2178 1472 2241 minae,
1492 2192 1600 2232 nec
1629 2178 1939 2247 importuna
1964 2178 2063 2248 Py-

471 2269 622 2336 thia,
670 2254 793 2340 quae
831 2283 885 2325 et
911 2271 1303 2326 Archilochum
1334 2269 1545 2339 pridem
1570 2269 1695 2323 licet
1714 2270 2058 2348 exstinctum

468 2362 869 2426 ulcisceretur,
917 2375 972 2417 et
998 2363 1227 2433 'templo'
1250 2362 1796 2431 excedereimpium'
1817 2377 1881 2416 ac
1913 2361 2062 2416 nefa-

470 2455 617 2509 rium
643 2456 916 2509 hominem
933 2455 1169 2525 iuberet.
1190 2454 1420 2524 Quippe,
1440 2452 1720 2509 Musarum
1735 2453 1879 2509 enim
1894 2454 2063 2508 clien-

472 2555 584 2602 tem
619 2547 917 2615 occiderat.
960 2548 1104 2618 Ergo
1132 2563 1309 2616 neque
1346 2546 1479 2601 mihi
1506 2546 1747 2601 absurde
1778 2541 1959 2601 facere
1982 2546 2061 2600 vi-

473 2653 571 2694 sus
602 2654 684 2706 es,
712 2641 842 2693 dum
869 2650 920 2694 te
951 2650 1125 2707 poetae
1154 2639 1426 2694 vindicem
1461 2637 1788 2707 praestitisti.
1836 2635 1974 2691 Nam
1994 2645 2063 2711 et

470 2730 700 2787 alterius
727 2732 860 2786 mihi
892 2740 1066 2802 poeta
1087 2774 1102 2799 ,
1130 2741 1184 2786 et
1217 2746 1498 2786 sacrarum
1533 2728 1810 2800 Euripidis
1828 2744 2063 2786 corona-

473 2836 597 2876 rum
630 2821 683 2876 in
717 2830 954 2877 mentem
990 2822 1160 2876 venit.
1215 2819 1456 2876 Tametsi
1487 2820 1728 2875 dubitem
1764 2820 2058 2885 interdum,

472 2928 651 2983 eoque
678 2913 945 2977 libenter,
974 2899 1132 2967 rnon'
1166 2913 1284 2984 jam
1344 2922 1666 2968 coronatum
1707 2926 1833 2967 eum
1869 2911 2057 2975 fuisse,

473 3004 570 3058 sed
599 3004 955 3073 quamobrem
986 3018 1157 3057 sacra:
1186 3003 1307 3072 ejus
1331 3017 1554 3072 coronae
1574 3003 1849 3068 dicantur,
1884 3017 2063 3072 neque

471 3102 691 3163 partum
726 3094 795 3147 ab
827 3108 895 3147 eo
942 3092 1110 3149 decus
1142 3108 1266 3148 esse
1288 3133 1303 3158 ,
1351 3093 1444 3148 sed
1493 3084 1757 3162 quorsum
1778 3092 2060 3151 ,eximium

474 3186 644 3241 decus
678 3185 809 3239 illud
843 3184 1164 3253 appelletur,
1195 3184 1485 3239 audierim.
1515 3182 1736 3238 Homini
1763 3185 1910 3239 enim
1932 3192 2062 3239 vero

475 3278 637 3331 turba
677 3277 1001 3346 plaudebat;
1058 3276 1192 3331 satis
1226 3278 1332 3331 hoc
1378 3277 1504 3331 novi
1558 3296 1570 3330 :
1625 3276 1870 3347 tyrannis
1919 3276 2061 3330 idem

475 3369 756 3439 placebat;
782 3369 1047 3424 neisthuc
1072 3369 1293 3440 quidem
1326 3369 1520 3440 ignoro
1554 3389 1568 3424 :
1602 3379 1770 3438 atque
1794 3369 2060 3439 ejusmodi

478 3467 650 3513 artem
677 3457 974 3521 factitabat,
1008 3474 1129 3528 quae
1172 3474 1280 3511 non
1311 3462 1542 3513 amatori
1575 3457 1678 3516 suo
1705 3469 1935 3525 tantum,
1970 3461 2064 3516 sed

2168 444 2352 513 ἠμᾶς;
2386 438 2422 513 ἦ
2456 442 2661 514 δηλαδὴ
2702 442 2771 495 τὰ
2820 438 3155 513 Ἀρχιλόχου,
3200 440 3247 497 εἰ
3291 446 3574 518 μέλλοιμεν
3604 446 3742 512 ἄξιοι

2170 533 2454 604 φανεῖσθαι
2480 535 2580 605 τῆς
2606 530 2877 606 ὑμετέρας
2916 535 3121 599 ἑστίας.
3159 537 3483 610 Λοιδορῆσαι
3522 530 3618 608 μὲν
3661 551 3751 586 πι-

2166 625 2317 697 κρῶς
2336 625 2433 689 τὰς
2461 626 2561 679 οὐκ
2585 626 2873 688 ἐθελούσας
2898 628 3029 698 ἡμῖν
3068 624 3381 697 γαμεῖσθαι·
3414 626 3658 697 ἅψασθαι
3697 627 3751 679 δὲ

2168 716 2262 769 καὶ
2282 715 2391 769 τῶν
2410 715 2687 778 κιναίδων,
2723 716 2911 787 ἐπειδὴ
2950 717 3062 770 τῶν
3102 718 3279 771 ἄλλων
3317 717 3570 788 πονηρῶν
3619 718 3752 771 πολὺ

2167 820 2303 874 πονη
2316 804 2523 875 ρὸτεροί
2549 806 2676 856 εἱσι·
2694 805 2797 857 ικαὶ
2819 805 2938 874 οὐχὶ
2964 806 3087 875 δίχα
3112 806 3331 878 μέτρου,
3359 806 3499 875 αὕτη
3514 806 3622 877 γὰρ
3642 807 3756 859 διά-

2166 896 2354 961 λεκτος
2377 898 2470 950 καὶ
2491 898 2649 962 θεῶν,
2679 898 2867 970 ὥσπερ
2890 895 2983 952 οὖν
3010 900 3104 952 καὶ
3125 900 3284 952 θείων
3313 900 3544 970 ἀνδρῶν,
3567 899 3754 972 ῶσπερ

2158 988 2513 1060 .Ἀρχιλὸχου.
2542 991 2652 1043 Καὶ
2681 989 2833 1043 οὐδὲν
2858 990 2987 1054 ἴσως
3014 990 3351 1060 θαυμαστόν⁰
3387 991 3475 1045 διὰ
3517 991 3627 1063 γάρ
3656 993 3754 1063 τὴν

2167 1081 2225 1132 ἐν
2274 1078 2483 1143 τούτοις
2529 1080 2801 1151 ὑπεροχὴν
2847 1077 2907 1134 εὖ
2961 1083 3058 1152 μὲν
3103 1078 3249 1159 οἶκος
3300 1083 3552 1148 οἰκεῖται,
3593 1079 3653 1137 εὖ
3697 1082 3755 1135 δέ

2171 1172 2384 1243 ἰδιώτης
2416 1171 2549 1242 βίος,
2581 1172 2766 1236 πόλεις
2787 1172 2845 1226 δὲ
2873 1173 3209 1245 ὁμοφρόνως,
3239 1175 3334 1228 καὶ
3359 1174 3483 1244 Ξθνη
3510 1174 3753 1245 εὐνόμως

2156 1264 2506 1332 συνεστᾶσιν.
2540 1263 2654 1316 Ούκ
2690 1263 2998 1326 ἀπεικότως
3034 1264 3143 1335 ἄρα
3176 1281 3256 1317 σοι
3284 1265 3377 1318 καὶ
3403 1264 3636 1318 Μουσῶν
3665 1264 3755 1317 θε-

2173 1354 2358 1426 ράπων
2412 1355 2486 1426 (8)
2539 1353 2715 1420 ἔδοξεν
2770 1350 2928 1420 εἶναι,
2987 1357 3082 1410 καὶ
3134 1356 3163 1408 ὁ
3220 1357 3414 1427 φονεὺς
3452 1356 3618 1410 αὐτοῦ
3651 1357 3756 1411 οὐκ

2166 1445 2318 1508 ἄξιος
2354 1432 2507 1499 εἶναι’
2541 1445 2641 1515 τῆς
2680 1445 2817 1517 πρὸς
2847 1446 2991 1516 ὑμᾶς
3027 1447 3154 1510 τοὺς
3187 1446 3343 1510 θεοὺς
3368 1448 3596 1510 εἰσόδου,
3631 1448 3757 1501 οὐδὲ

2175 1538 2274 1608 τῆς
2302 1539 2430 1608 παρ’
2461 1538 2615 1609 ὑμῶν
2642 1537 2846 1617 φωνῆς,
2886 1538 3053 1609 ἄνδρα
3080 1539 3244 1609 φονέα
3275 1539 3402 1593 ὄντα
3435 1553 3461 1581 ι
3495 1541 3755 1593 ἀποκτεὶ-

2170 1647 2287 1694 νας.
2332 1629 2541 1683 Οὔκουν
2569 1630 2805 1702 ἄδικοςή
2840 1631 2975 1703 πρὸς
3034 1631 3126 1711 τὸν
3163 1633 3379 1704 Ἀρχίαν
3422 1632 3495 1701 (9)
3532 1633 3754 1704 ἀπειλὴ,

2168 1719 2277 1772 οὐδ’
2320 1719 2546 1789 ἄκαιρος
2584 1722 2617 1790 ἡ
2665 1719 2838 1772 Πυθία.
2880 1721 3197 1791 τιμωροῡσα.
3230 1721 3307 1791 τῷ
3353 1721 3648 1793 Ἀρχιλόχῳ
3676 1722 3756 1792 τῷ

2169 1810 2338 1864 πάλαι
2374 1810 2573 1881 νεκρῷ,
2604 1812 2698 1865 καὶ
2737 1811 3041 1865 κελεύσασα
3087 1812 3198 1885 (ΙΟ)
3242 1811 3440 1877 ἐξιέναι
3489 1814 3582 1867 τοῦ
3621 1814 3757 1868 ναοῦ

2177 1903 2270 1957 τὸν
2327 1906 2516 1976 ἐναγῑγ
2587 1905 2859 1959 Μουσάων
2908 1904 3019 1977 γάρ
3077 1906 3368 1960 ἀπέκτεινε
3424 1907 3755 1979 θεράποντα.

2169 1993 2377 2049 Οὔκουν
2404 1996 2448 2066 (Ι
2470 1996 2517 2066 l)
2553 1995 2726 2066 ἔμοιγ’
2755 1995 2994 2073 ἐφάνης,
3033 1995 3327 2066 ἐπαμύνων
3380 1997 3459 2068 τῷ
3514 2001 3714 2069 ποιητῇ
3740 2040 3756 2063 ,

2168 2087 2423 2160 ἀπρεπὴς
2452 2084 2612 2144 εἶναι’
2650 2090 2977 2162 ἐμεμνήμην
3004 2087 3113 2162 γᾴρ
3131 2089 3226 2145 καὶ
3263 2088 3357 2144 τοῦ
3383 2090 3565 2158 ᾣέρου
3590 2108 3760 2163 ποιη-

2166 2179 2283 2244 τοῦ,
2306 2181 2402 2233 καὶ
2433 2180 2539 2234 τῶν
2565 2181 2727 2253 ἱερῶν
2759 2182 2851 2235 τοῦ
2886 2182 3179 2254 Εὐριπίδου
3217 2182 3516 2258 στεφάνων·
3567 2184 3757 2237 καίτοι

2167 2270 2410 2342 ἀπορῶν,
2444 2272 2537 2324 καὶ
2554 2270 2784 2326 ἀκοῦσαι
2814 2272 3117 2343 ἐπιθυμῶν,
3150 2273 3247 2342 οὐχ
3266 2273 3346 2325 ὅτι
3367 2274 3757 2342 ἐστεφανοῦτο,

2167 2362 2303 2415 ἀλλὰ
2342 2363 2457 2427 πῶς
2504 2360 2572 2434 ἦν
2615 2362 2684 2415 τὰ
2713 2364 2884 2434 στέφη
2924 2362 3099 2416 ταῦτα
3136 2364 3276 2433 ἱερά·
3317 2364 3427 2416 οὐδ’
3474 2365 3555 2417 ὅτι
3585 2365 3758 2417 αὐτοῦ

2168 2454 2322 2518 κλέος
2345 2455 2573 2525 ὄρουσαν
2596 2456 2730 2527 (12),
2761 2456 2897 2509 ἀλλὰ
2910 2452 3025 2520 πῶς
3046 2456 3232 2508 ἐσθλὸν
3256 2451 3325 2526 ἦν
3344 2457 3519 2510 τοῦτο.
3556 2458 3759 2530 Ἐκροι

2167 2546 2413 2612 ταλίζετο
2456 2549 2554 2619 μὲν
2616 2548 2725 2620 γὰρ
2762 2550 2824 2602 ἐν
2852 2552 2964 2612 τοῖς
2987 2579 2993 2584 -
3017 2548 3215 2620 ὄχλοις,
3240 2545 3376 2602 οἷὸα’
3422 2551 3517 2603 καὶ
3553 2551 3762 2622 τυράν-

2167 2657 2278 2704 νοις
2306 2641 2505 2712 ἥρεσκε
2541 2638 2673 2711 (l5),
2709 2641 2803 2694 καὶ
2845 2640 3006 2695 τοῦτο
3046 2638 3182 2696 οἶδα·
3220 2644 3318 2695 καὶ
3346 2643 3514 2714 ἔργον
3553 2645 3763 2716 ἐπετή-

2166 2720 2337 2797 δευέν,
2367 2734 2450 2801 ἐφ’
2480 2725 2525 2801 ᾧ
2546 2735 2643 2804 οὐχ
2676 2734 2824 2798 ὅπως
2863 2735 3025 2798 αὐτὸς
3057 2736 3400 2807 ἐθαυμάζετο
3429 2736 3457 2787 ὁ
3489 2736 3760 2808 ἐραστὴς,

2167 2820 2281 2875 ἀλλ’
2313 2823 2411 2894 ἤδη
2441 2824 2533 2877 καὶ¹
2564 2823 2672 2876 τῶν
2697 2823 2999 2895 Ἀθηναίων
3035 2827 3068 2896 ἡ
3118 2825 3271 2889 πόλις
3314 2824 3449 2897 (14),
3492 2825 3572 2877 ὅτι
3611 2826 3760 2896 μόνη

2165 2914 2477 2985 τραγῳδοὺς
2504 2916 2753 2987 ἤνεγκεν.
2790 2919 2852 2970 Εἰ
2883 2914 2981 2987 μὲν
3025 2913 3117 2970 οὖν
3148 2917 3177 2969 ὁ
3210 2917 3401 2989 κρότος
3424 2916 3609 2979 ἱκανὸς
3632 2933 3766 2988 κρι-

2165 3007 2286 3078 τὴς,
2331 3008 2425 3061 καὶ
2466 3011 2499 3079 ἡ
2538 3010 2595 3061 ἐν
2645 3009 2941 3080 ἀκροπόλει
2974 3010 3242 3082 τράπεζα,
3281 3010 3431 3063 οὐδὲν
3465 3008 3546 3061 ἐτι
3580 3007 3762 3077 λέγω,
3822 3022 3823 3025 ‘

2168 3096 2380 3167 βλέπων
2413 3100 2471 3150 ἐν
2496 3099 2790 3171 ἀκροπόλει
2819 3100 3139 3155 δειπνοῦντα
3169 3101 3260 3154 τὸν
3294 3100 3608 3172 Εὐριπίδην,
3660 3101 3766 3154 καὶ

2165 3188 2256 3242 τὸν
2292 3190 2593 3261 Ἀθηναίων
2623 3192 2738 3263 ἅμα
2761 3193 2856 3246 καὶ
2887 3193 2978 3246 τὸν
3005 3194 3328 3248 Μακεδόνων
3357 3194 3530 3264 δῆμον
3553 3193 3762 3263 ἐπιψα-

2170 3280 2391 3350 φοῦντα·
2416 3284 2464 3334 εἰ
2490 3283 2546 3336 δὲ
2565 3285 2663 3349 καὶ,
2690 3284 2810 3355 δίχα
2830 3284 3032 3338 τούτων
3047 3285 3159 3338 ἐστι
3181 3303 3267 3350 τις
3281 3287 3371 3339 καὶ
3389 3286 3523 3339 θεῶν
3544 3286 3762 3355 ψῆφος,

2169 3374 2264 3426 καὶ
2301 3374 2619 3447 αύτοπιστὴ,
2662 3364 2755 3430 καὶ
2800 3377 2898 3448 οὐχ
2924 3376 3125 3448 ’ἥττων
3169 3370 3413 3454 τῆςτῶν
3449 3380 3763 3449 τυράννων,

2126 3463 2290 3554 ,οὐδὲ
2324 3465 2426 3536 τῆς
2466 3464 2575 3519 τῶν
2624 3465 2813 3537 ὄχλων·
2859 3467 3015 3539 φέρε,
3067 3469 3274 3540 φράσον
3330 3470 3462 3539 ἡμῖν
3503 3469 3598 3521 ἐπὶ
3646 3469 3764 3522 τίνι

476 3550 708 3606 Athenis
752 3551 914 3605 etiam
965 3552 1097 3622 ipsis
1146 3552 1564 3609 admirationem
1618 3552 1968 3623 conciliaret,
2045 3550 2232 3625 utpote
2286 3571 2422 3626 quae.
2479 3559 2759 3627 tragoedos
2800 3575 2907 3614 uua
2939 3561 3185 3615 omnium
3234 3561 3466 3616 tulisset.
3524 3560 3580 3615 Si
3617 3575 3763 3630 ergo

476 3643 562 3696 vel
596 3642 698 3697 iste
747 3643 995 3712 plausus,
1026 3645 1114 3699 vel
1166 3645 1430 3701 instructa
1478 3648 1532 3700 in
1589 3661 1716 3700 arce
1771 3661 1994 3710 mensa,
2044 3648 2236 3703 idonei
2284 3658 2413 3705 sunt
2458 3650 2563 3705 hoc
2613 3651 2669 3705 in
2714 3668 2912 3723 genere
2954 3654 3166 3717 arbitri,
3209 3654 3346 3708 nihil
3406 3655 3588 3709 addo:
3625 3652 3763 3707 novi

479 3736 625 3788 enim
656 3744 711 3790 et
734 3735 787 3788 in
817 3742 944 3792 arc'e
972 3736 1287 3808 Euripidem
1324 3752 1593 3801 emanasse,
1643 3745 1697 3791 et
1726 3736 2138 3792 Atheniensi-um
2183 3748 2345 3809 atque
2390 3738 2741 3795 Macedonum
2781 3742 2975 3811 plausu
3022 3742 3351 3797 celebratum
3380 3743 3633 3797 eumdem
3671 3742 3766 3796 fu-

480 3830 611 3886 isse.
637 3832 730 3885 Sin
761 3843 943 3888 autem
969 3835 1189 3904 aliquod
1233 3830 1491 3905 praeterea
1542 3834 1769 3888 deorum
1823 3833 2142 3903 suffragium
2179 3839 2489 3903 acoesserit,
2530 3839 2675 3907 quod
2726 3839 2922 3909 utique
2963 3838 3164 3894 etﬁde
3195 3854 3290 3909 per
3314 3850 3453 3894 “sese
3494 3839 3761 3909 dignum,

481 3942 583 3983 nec
632 3937 988 4001 tyrannorum
1058 3930 1248 3985 saltem
1283 3938 1378 3984 aut
1441 3927 1803 3983 multitudinis
1853 3928 2110 3998 opinicne
2178 3929 2352 3985 levius
2395 3944 2516 3986 esse
2555 3929 2787 3986 debeat:
2826 3947 2924 4001 age
2955 3932 3052 3999 sis,
3095 3946 3284 4003 prome
3312 3933 3526 3986 tandem
3560 3935 3761 3999 nobis,

565 4149 594 4178 ι
634 4155 725 4206 ψ.
752 4104 1053 4207 φωνάεντα.

511 4316 626 4442 AS)
665 4313 928 4370 Μουσῶν
956 4315 1247 4384 θεράπων,
1272 4324 1377 4372 etc.
1420 4314 1620 4372 Suidas
1648 4317 1835 4374 eadem
1872 4319 1925 4373 in
1947 4317 2056 4372 Ar-

548 4404 565 4442 t
590 4402 703 4440 aco.

479 4402 703 4445 οηιιοσο.

553 4479 632 4549 (9)
676 4476 1084 4549 Tdrh’Aprar.
1126 4475 1530 4549 Interfectorcm
1560 4478 1894 4543 Archilochi,
1930 4478 2061 4549 Sui-

482 4547 584 4604 das
628 4557 684 4603 et
727 4547 843 4611 alii,
887 4563 997 4602 non
1049 4548 1333 4610 Archiam,
1367 4558 1427 4603 ut
1450 4547 1783 4613 OEnomaus,
1811 4550 1901 4603 sed
1940 4548 2064 4602 Kal-

482 4620 704 4674 londam
754 4626 970 4687 vocant,
1000 4628 1367 4687 cognomento
1403 4619 1697 4673 .Coracem.
1736 4618 2062 4673 Plutarchus

482 4690 561 4744 De
594 4704 715 4760 sera
744 4686 996 4760 Numinis
1031 4686 1287 4760 vindicta,
1325 4703 1447 4760 pag.
1478 4689 1582 4742 560
1675 4689 1765 4742 :'U
1793 4689 1898 4760 γὰρ
1918 4689 2063 4760 γάπο-

481 4758 723 4822 κτείνας,
750 4758 1028 4836 ἱιιψιίι,ἐν
1054 4761 1121 4829 τῇ
1157 4758 1313 4879 μάχη
1335 4757 1425 4811 τὸν
1465 4758 1793 4881 Ἀρχίλοχον,
1813 4757 2062 4812 ἐκαλεῖτο

482 4827 832 4881 Καλλώνδης.
876 4827 950 4881 ὼς
977 4824 1262 4881 ἔοικεν’ἦν
1315 4829 1328 4849 ’
1354 4827 1509 4881 αὑτῶ
1573 4830 1671 4881 ὁοα
1728 4829 2059 4881 ἐπωνύμιον.

482 4824 852 4900 Καλλών-δηςξλ
866 4827 963 4900 ,ὼς
977 4824 1179 4900 ἔοικεν’
1194 4824 1328 4900 ﬂii}?
1345 4827 1509 4900 etiam?)
1520 4824 1712 4899 Κόραξ
1728 4829 1907 4883 ἐπωνύ
1917 4846 2059 4900 μιον.

496 4896 810 4970 ῘΕκόληθ-εἱς
835 4896 890 4949 δὲ
917 4897 984 4970 τό
1009 4896 1228 4968 πρῶτον
1403 4896 1507 4970 τῆς·
1551 4896 1774 4963 Πυθίας,
1816 4900 1892 4962 ὡς
1919 4896 2067 4970 ἱερὸν

483 4968 653 5041 ἄνδρα
675 4964 782 5042 τῶν
795 4967 1028 5021 Μουσῶν
1051 4964 1504 5042 ἆνῃρηκῲςκεῐτα
1527 4964 2064 5042 χρησάμενοςᾲλιταῖς

482 5037 631 5109 τισι,
664 5040 758 5110 καὶ
806 5037 1321 5110 προτροπαξίςςμετά
1357 5037 1743 5108 δικαιολογίας,
1771 5037 2062 5110 ἐκελεύσθη

484 5108 923 5181 πορευθεὶςζέπὶλ
944 5108 1055 5181 τὴν
1086 5108 1183 5181 τοῦ
1226 5109 1480 5179 Τέττιγος
1512 5110 1746 5181 οἴκησιν,
1782 5108 2063 5162 ἱλάσασθαι

482 5177 585 5252 τὴν
622 5178 714 5232 τοῦ
757 5177 1070 5250 Ἀρχιλόχου
1101 5177 1301 5249 ψυχήν.

558 5270 668 5338 (ιθ)
710 5271 1085 5340 Κεᾴεὐσασα.
1144 5269 1438 5340 Perpcram
1488 5271 1541 5324 in
1582 5286 1788 5326 excuso
1833 5270 2060 5334 Graeco,

485 5340 765 5464 ἷξελεύσρς.
797 5339 1001 5396 Versus
1029 5356 1140 5411 quo
1169 5339 1320 5395 illum
1345 5358 1412 5397 ex
1455 5345 1584 5396 fano
1616 5342 1809 5413 Pythia
1835 5342 2061 5411 expulit,

530 5426 579 5464 tc
612 5427 670 5464 es
733 5429 746 5464 :
884 5440 887 5449 ι
1758 5460 1765 5464 .

530 5420 579 5464 te
612 5420 694 5465 est
733 5429 746 5464 :
884 5440 887 5449 ι
1758 5460 1767 5465 -

487 5503 786 5556 Μουσάων
820 5504 1154 5573 θεράποντα
1178 5502 1559 5568 κατέκτανες,
1584 5502 1734 5567 ἔξιθι
1754 5503 1928 5570 νηοῦ.

561 5573 671 5637 (Η)
717 5574 971 5630 Οὔκουν.
1011 5574 1090 5629 Ita
1120 5576 1308 5640 malui,
1343 5588 1507 5643 quam
1561 5573 1778 5639 οὐκοῦν,
1831 5584 1889 5628 ιιι
1938 5580 2063 5627 ante

491 5640 785 5695 leaebatur.
1676 5690 1680 5693 _

513 5652 785 5712 agebatur.

2238 4313 2350 4386 (ιὲ)
2390 4312 2586 4386 Αὐτοῦ
2617 4310 2793 4386 vatem;
2810 4307 3099 4386 ὄρουσαν.
3144 4310 3403 4366 Existimo
3450 4310 3762 4386 legendum

2162 4381 2328 4440 αὐτοῦ
2360 4386 2440 4447 εἰς
2471 4384 2626 4446 κλέος
2661 4383 2908 4454 ὄρουσαν.
2946 4381 3077 4448 Qua:
3124 4392 3395 4454 postrema
3430 4398 3528 4435 vox
3568 4383 3625 4435 in
3666 4386 3763 4436 al-

2164 4465 2283 4511 tero
2306 4450 2806 4508 manuscr.-exétat.
2830 4451 2897 4511 Et
2921 4469 3046 4507 vero
3073 4450 3593 4521 repetitOEnomaus
3622 4471 3769 4508 ora-

2164 4527 2274 4581 culi
2303 4527 2488 4587 verba,
2525 4539 2646 4593 pag.
2677 4524 2906 4591 praeced.
2941 4524 3031 4578 ubi
3063 4522 3358 4593 legebatur,
3384 4523 3476 4575 καὶ
3504 4522 3560 4586 ἐς
3582 4523 3766 4587 κλέος

2163 4596 2350 4649 ἐσθλὸν
2382 4594 2615 4667 ὀρούσει.

2237 4667 2348 4735 (15)
2396 4661 2721 4732 Τυράννως
2747 4663 2991 4735 ἤρεσκε.
3031 4663 3358 4717 Archelaum
3412 4661 3491 4735 in_
3523 4662 3765 4735 primis,

2163 4730 2495 4790 Macedonia:
2533 4750 2708 4803 regem
2745 4730 3017 4802 intelligit,
3045 4734 3188 4802 apud
3238 4748 3399 4803 quem
3451 4730 3768 4802 Euripides

2164 4807 2339 4877 gratia
2370 4815 2425 4877 et
2451 4805 2770 4877 auctoritate
2793 4806 2982 4877 valuit,
3000 4806 3210 4877 lnit'utn
3241 4811 3527 4877 quantum.

2156 4870 2194 4926 ,⁷
2235 4877 2346 4945 (14)
2373 4875 2700 4945 Ἀθηναίων
2719 4874 2974 4945 ᾐ-πόλις.
2997 4872 3170 4945 Etiam
3199 4870 3339 4943 apud
3371 4873 3574 4945 hostes.
3609 4870 3773 4927 Ριυο

2164 4942 2389 5001 tarchus
2428 4946 2571 4999 enim
2626 4944 2679 4997 in
2715 4942 2896 5005 Nicia,
2924 4945 3027 4998 sub
3070 4944 3190 5007 lin.,
3235 4942 3357 5012 pag.
3387 4942 3514 5007 542,
3545 4955 3774 4999 auctor

2164 5030 2268 5082 εει,
2301 5015 2514 5070 Siculos
2538 5014 2795 5076 victores,
2827 5016 3164 5081 captivorum
3198 5013 3620 5066 Atheniensium
3660 5016 3775 5069 be-

2165 5102 2233 5140 ne
2264 5087 2448 5139 multis
2479 5085 2707 5138 salutem
2738 5083 2971 5149 dedisse,
3001 5085 3147 5152 quod
3180 5084 3248 5137 ab
3275 5083 3383 5152 illis
3407 5097 3602 5152 versus
3637 5083 3777 5138 Eu-

2166 5156 2355 5224 ripidis
2387 5156 2602 5222 aliquos
2626 5154 2976 5224 didicissent;
3008 5151 3286 5224 additque,
3320 5151 3427 5224 τῶν
3455 5151 3774 5224 σωθέντων

2164 5221 2346 5279 οἴκαδε
2389 5221 2613 5294 συχνοὺς
2656 5221 3002 5295 ᾁσπάσασθαι
3038 5224 3129 5295 τὸν
3156 5222 3452 5295 Εύριπίδην
3481 5222 3778 5295 φιλοφρό..

2163 5313 2287 5359 νως,
2316 5296 2410 5348 καὶ
2450 5291 2771 5363 διηγεῖσθαι,
2796 5295 2921 5355 τοὺς
2950 5294 3066 5362 μὲν,
3114 5294 3194 5346 ὅτι
3215 5291 3555 5363 δουλεύοντες
3581 5291 3779 5363 ἀφεί-

2165 5365 2366 5436 θησαν,
2414 5364 2778 5436 ἐνδιδάξαντες
2830 5364 2930 5436 ᾅσα
2980 5364 3086 5436 τῶν
3124 5362 3352 5436 ⁸ἐκείνου
3418 5362 3780 5436 ποιημάτων

2163 5431 2488 5506 ἐμέμνηντοο
2539 5434 2783 5506 τους-δέ,
2831 5433 2912 5484 ὅτι
2964 5431 3300 5506 πλανςῦμενοι
3335 5432 3469 5506 μετά
3488 5435 3613 5506 *τὴν
3661 5440 3786 5503 μά-

2164 5500 2288 5575 χην,
2311 5505 2516 5578 τροφῆς
2543 5503 2636 5558 καὶ
2666 5502 2854 5566 ὓδατος
2886 5500 3199 5574 μετέλαϐον,
3228 5500 3346 5557 τῶν
3372 5500 3801 5575 μελῶνίᾷέανζ

2164 5591 2272 5639 τες.
