3850 6222
114 362 202 417 591
256 350 265 359 '

1282 362 1605 423 PREPAR.
1648 367 1898 427 EVANG.
1940 369 2068 428 LIB.
2112 370 2179 432 Υ.

3256 377 3365 437 393

110 478 698 566 ὶεξοηχοςρθανὰτευζ
718 474 856 566 ὄρεος
881 480 1082 566 gypso;-
1101 524 1132 566 ,Δ
1151 487 1223 537 οὐ
1261 485 1640 566 βλεομήδης,

1788 488 2057 566 {lusimus
2083 492 2169 546 In'c
2192 507 2388 566 onager
2418 508 2685 564 superum,
2711 508 2815 549 non
2838 495 2955 566 jam
2986 494 3314 565 Cleomedes,

112 553 207 602 Ὃν
228 553 481 617 θυσίαις
505 550 694 622 τιμᾶθ’
732 555 812 620 ὡς
840 550 963 609 οὐσιι⁷
983 550 1070 608 ιιτε
1097 555 1322 621 θνητὸν
1344 550 1541 610 edem.

106 662 189 735 Μὴ
217 665 327 737 γὰρ
362 666 427 737 δὴ
472 656 779 739 θαυμάσῃς,
817 670 865 721 εἰ
898 671 991 723 καὶ
1027 669 1259 740 δναγρος
1311 672 1685 728 ἐπιδικάσεται

107 756 438 821 ἀθανασίας,
476 759 674 822 ἱκανῶς
692 760 761 814 τά
808 760 924 814 θεῖα
971 763 1560 833 παρασκευασάμενος·
1591 766 1688 818 καὶ

108 848 345 913 ἀκούσας
370 850 445 921 μὴ
474 852 804 921 ἀνασχέσθαι
839 865 886 916 α,
912 852 1026 907 ἀλλ’
1051 854 1346 925 ἀπειλῆσαι
1382 854 1410 895 5
1452 856 1547 909 καὶ⁸
1590 857 1687 910 αὖ·

106 943 192 994 τὸν
239 943 332 994 τὸν
388 943 677 1016 Κλεομήδη
713 944 957 1010 πατάξας
993 947 1073 1009 εἰς
1104 946 1164 1000 τὸ
1199 945 1473 1021 βάραθρον
1517 949 1689 1020 ἐμϐα-

104 1033 233 1097 λεῖν,
270 1036 382 1092 καὶ
410 1037 511 1093 οὐκ
556 1039 876 1113 ἐπιτρέψειν
898 1038 1047 1112 αὐτῷ
1071 1044 1151 1105 εἰς
1176 1041 1267 1095 τὸν
1289 1040 1514 1113 οὐρανὸν
1557 1043 1687 1096 ἀνα-

106 1129 262 1198 εῆναι
284 1146 299 1159 ·
331 1126 475 1184 εἶναι
508 1129 616 1203 γάρ
646 1132 812 1185 αὐτοῦ
847 1132 1137 1204 ἀξιώτερος
1171 1134 1353 1189 αὐτῶν
1392 1135 1503 1189 τῶν
1526 1134 1687 1189 θείων

103 1220 310 1292 δώρων,
356 1222 453 1276 ἅτε
488 1225 625 1295 μήτε
654 1223 805 1295 αὑτῷ
828 1226 971 1295 μόνῳ
1011 1226 1232 1297 ἐτοιμος
1273 1224 1349 1278 ὢν
1395 1225 1684 1297 μάχεσθαι,

104 1316 201 1369 κᾶν
224 1318 276 1369 εἰ
309 1316 552 1388 σιδηροῖς
584 1316 765 1388 χρῷτο
786 1320 897 1381 τοῖς
926 1319 1135 1388 ἱμᾶσιν,
1166 1318 1303 1373 ἀλλά
1337 1320 1433 1373 καὶ
1468 1319 1547 1389 τῷ
1578 1319 1688 1373 Θα-

104 1410 200 1478 σίῳ
223 1408 412 1478 πύκτῃ
432 1407 540 1478 (56)
566 1409 682 1479 ἅμα
709 1410 1058 1482 ἀμφοτέροις,
1084 1412 1224 1483 ὑπὲρ
1243 1406 1302 1466 οὗ
1324 1413 1419 1466 τοῦ
1437 1414 1689 1486 ἀνδριάν-

102 1517 187 1564 τος
204 1501 562 1571 ἐχαλέπηναν
594 1502 645 1554 οἱ
676 1500 808 1567 θεοὶ,
836 1503 932 1556 καὶ
955 1504 1053 1574 τὴν
1090 1504 1307 1559 Θασίων
1342 1506 1447 1576 γῆν
1485 1506 1686 1579 ἄφορον

100 1595 452 1664 εἰργάσαντο.
484 1594 823 1666 Πιστεύομεν
842 1594 898 1648 δὲ
927 1596 1023 1649 καὶ
1054 1597 1183 1668 περὶ
1222 1596 1418 1650 τούτου
1448 1598 1548 1651 οὐκ
1594 1599 1689 1651 ἀν-

99 1684 338 1756 θρώπῳ,
378 1684 521 1739 ἀλλά
578 1685 686 1757 θεῷ
721 1686 802 1757 τῷ
835 1688 1006 1760 αὐτῷ.
1049 1690 1140 1754 Ἐξ
1167 1683 1242 1744 ὧν
1271 1691 1384 1760 ἐγὼ
1425 1693 1519 1746 καὶ
1547 1693 1687 1747 πάνυ

96 1777 431 1848 κατενόησα,
452 1778 534 1830 ὅτι
552 1778 692 1832 θεῖόν
714 1795 767 1832 τι
786 1780 892 1851 ἀρα
912 1777 980 1851 ἧν
1000 1782 1337 1854 ἐπιτήδευμα
1361 1786 1395 1855 ἡ
1426 1788 1684 1858 πυκτική·

1786 559 2036 616 Divinum
2064 578 2097 616 a
2122 565 2265 617 vobis
2294 559 2432 633 ierat
2458 559 2777 621 inmortalis
2804 559 3075 623 honorent.

1786 671 1973 743 Neque
1997 660 2130 729 vero
2162 675 2361 731 mirum
2384 676 2481 732 tibi
2509 678 2760 734 videatur
2782 722 2798 748 ,
2835 681 2982 752 quod
3024 683 3355 745 immortali-

1786 772 1953 822 tatem
1999 768 2106 824 sibi
2137 783 2342 841 onager
2373 785 2476 827 suo
2523 772 2682 842 quasi
2716 773 2841 844 jure
2878 776 3180 833 vindicaret
3204 821 3220 846 ,
3253 788 3364 838 tam

1786 859 1927 916 belle
1954 860 2118 917 rebus
2147 862 2452 932 opibusque
2484 863 2685 919 divinis
2713 864 3048 923 instructus:
3101 871 3362 941 quodque

1787 952 1879 1007 ubi
1912 961 2095 1007 vestro
2120 954 2186 1008 de
2218 955 2447 1010 consilio
2479 954 2684 1025 aliquid
2717 956 3041 1027 inaudisset,
3078 959 3370 1032 impatiens

1788 1044 2022 1112 injuriae,
2059 1045 2304 1102 futurum
2333 1047 2657 1116 minaretur,
2688 1051 2767 1104 uti
2797 1050 3142 1108 Cleomedem
3187 1054 3366 1125 ipsum

1788 1137 1842 1191 in
1901 1138 2216 1208 voraginem
2287 1141 2534 1197 calcibus
2580 1151 2871 1198 contusum
2932 1144 3210 1215 dejiceret,
3268 1152 3416 1204 nec'

1787 1228 1940 1284 illum
1978 1246 2222 1301 unquam
2277 1232 2330 1285 in
2375 1233 2574 1288 coelum
2628 1236 2999 1292 conscendere
3043 1246 3364 1308 pateretur:

1787 1321 1892 1376 sibi
1923 1322 2068 1377 enim
2109 1323 2316 1393 justius
2345 1339 2511 1394 quam
2543 1325 2650 1397 ipsi
2681 1326 2865 1382 divina
2896 1327 2984 1383 illa
3016 1345 3245 1388 munera
3271 1334 3367 1389 de-

1788 1411 1903 1467 beri
1944 1413 2298 1468 contenderet
2325 1431 2340 1481 ;
2374 1414 2576 1486 quippe
2610 1416 2704 1485 qui
2735 1432 2843 1471 non
2886 1432 3011 1473 cum
3042 1433 3110 1475 eo
3142 1423 3319 1477 solum
3349 1461 3368 1487 ,

1788 1506 2003 1560 tametsi
2058 1504 2250 1561 ferreis
2292 1506 2548 1562 caestibus
2591 1517 2877 1577 uteretur,
2925 1525 3115 1567 verum
3147 1524 3202 1568 et
3240 1529 3366 1570 cum

1788 1595 1961 1650 altero
2002 1597 2167 1651 simul
2194 1598 2379 1669 pugile
2429 1597 2633 1654 Thasio
2682 1615 2924 1671 pugnare
2971 1612 3194 1672 posset:
3232 1606 3365 1673 illo,

1790 1687 2038 1758 inquam,
2062 1687 2288 1756 Thasio,
2318 1690 2476 1762 cujus
2500 1691 2572 1746 ob
2600 1699 2836 1747 statuam
2864 1697 3124 1751 commoti
3147 1698 3368 1767 gravius

1788 1784 1992 1852 superi,
2024 1783 2105 1837 uti
2136 1784 2295 1839 ﬁdem
2327 1800 2435 1839 non
2467 1784 2636 1840 homo
2666 1787 2856 1842 nescio
2887 1788 3012 1857 quis
3038 1829 3054 1852 ,
3086 1791 3180 1845 sed
3223 1791 3364 1848 idem

96 1870 222 1931 τοὺς
244 1869 306 1921 δέ
336 1870 572 1935 πολλοὺς
599 1871 695 1924 καὶ
714 1871 993 1942 οἰομένους
1020 1870 1159 1929 εἶναι
1190 1878 1389 1946 σοφοὺς
1420 1877 1674 1947 ἐλελήθειε

1785 1872 1903 1941 ipse
1946 1871 2092 1928 Deus
2131 1872 2281 1937 facit,
2318 1872 2646 1930 Thasiorum
2678 1875 2808 1931 olim
2839 1892 3031 1950 agrum
3082 1880 3367 1939 sterilitate

98 1958 185 2022 ἵν’,
216 1960 488 2032 ἀφέμενοι
521 1960 617 2014 τοῦ
640 1962 798 2016 καλοὶ
836 1964 1067 2033 κάγαθοὶ
1096 1961 1268 2031 εἶναι,
1303 1968 1507 2038 ἤσκουν
1546 1969 1686 2023 αὑτά

96 2050 188 2103 τοῦ
222 2052 437 2105 Θασίου
460 2052 667 2106 πύκτου
687 2071 701 2084 ’
734 2047 779 2121 ᾧ
808 2054 1106 2110 ἀθανασίαν
1139 2059 1260 2129 μὲν,
1283 2059 1474 2131 ὥσπερ
1517 2062 1684 2115 Κλεο-

101 2142 284 2215 Mea.
321 2146 428 2197 οὐκ
474 2145 704 2212 ἔδωκαν,
762 2148 1027 2217 ἐφίλησαν
1066 2149 1124 2204 δὲ
1173 2152 1427 2222 μεγάλως
1461 2154 1509 2205 οἰ
1549 2153 1677 2209 θεοί.

98 2236 257 2290 Οὕτω
276 2238 376 2289 καὶ
407 2238 438 2289 ὁ
462 2238 691 2308 χάλκεος
709 2238 872 2292 αὐτοῦ
900 2240 1123 2312 ἀνδριὰς
1150 2241 1316 2308 ἐδειξέ
1336 2260 1389 2296 τι
1419 2244 1559 2316 ὑπὲρ
1584 2243 1683 2309 τὰς

92 2328 201 2379 τῶν
230 2328 413 2383 ἄλλων
446 2329 748 2401 ἀνθρώπων
768 2333 1000 2398 εἰκόνας,
1025 2335 1463 2406 ἐπικατενεχθεὶς
1480 2335 1559 2406 τῷ
1582 2354 1684 2406 μα-

96 2421 373 2491 στιγοῦντι
402 2423 604 2495 ἐχθρῷ,
633 2425 777 2478 κατά
801 2442 941 2488 τινα,
971 2426 1047 2489 ὠς
1079 2426 1242 2492 ἔοικε,
1273 2426 1553 2497 δαιμονίαν
1589 2427 1684 2498 μέ-

95 2526 319 2585 ριμναν.
367 2514 513 2567 Ἀλλ’
544 2517 594 2568 οἱ
623 2517 855 2588 ἄφρονες
878 2517 1087 2584 Θάσιοι,
1117 2519 1212 2571 καὶ
1258 2517 1419 2571 θείων
1465 2517 1682 2590 ἄπειροι

94 2606 447 2676 πραγμάτων
469 2645 486 2671 ,
529 2608 917 2679 ἡγανάκτησάν
951 2626 1032 2673 τε,
1059 2611 1156 2663 καὶ
1181 2608 1313 2679 ἄγος
1340 2610 1681 2664 ἐπεκάλεσαν

89 2697 166 2767 τῷ
193 2698 508 2771 ἀνδριάντι,
540 2701 635 2752 καὶ
656 2698 811 2769 δίκην
830 2699 1239 2772 εἰσεπράξαντο,
1256 2702 1352 2754 καὶ
1382 2702 1682 2757 καταδῦσαι

88 2789 406 2860 ἐτόλμησαν
436 2792 515 2853 εἰς
548 2790 645 2861 τὴν
672 2791 961 2849 θάλασσαν.
994 2794 1069 2845 Οὐ
1107 2792 1211 2864 μὴν
1241 2792 1494 2862 διέφυγόν
1532 2811 1596 2863 γε
1629 2795 1681 2848 οἰ

87 2879 307 2943 Θάσιοι,
344 2880 463 2934 ἀλλ’
486 2883 536 2933 οἰ
559 2880 669 2934 θεοὶ
689 2882 931 2946 ἐδίδαξαν
966 2883 1153 2954 ἡλίκον
1181 2883 1349 2938 κακὸν
1382 2885 1475 2937 ὑπ’
1502 2884 1681 2939 αὐτῶν

88 2972 370 3045 ἐτολμήθη
393 3014 409 3037 ,
444 2973 600 3043 λιμὸν
635 2973 1042 3045 ἐπιπέμψαντες
1080 2974 1172 3029 τὸν
1201 2974 1300 3046 τῆς
1339 2977 1487 3041 θείας
1525 2977 1682 3048 δίκης

86 3064 381 3119 διάκονονο
412 3065 475 3128 ὃς
506 3065 708 3132 ἐδίδαξε
741 3066 894 3136 μόλις
928 3068 1123 3131 αὐτοὺς
1145 3066 1215 3120 τά
1250 3068 1359 3121 τῶν
1386 3068 1524 3123 θεῶν
1555 3067 1681 3138 βου-

88 3156 342 3227 λεύματα
363 3197 380 3223 ,
412 3158 527 3221 ὅτε,
556 3158 1064 3229 φιλανθρωπότατος
1095 3158 1233 3212 θεῶν
1267 3160 1330 3213 σὺ
1370 3160 1450 3231 τῷ
1495 3158 1680 3230 οἰκείῳ

88 3249 296 3319 τῴπιρ,
331 3248 435 3318 τὴν
467 3246 717 3318 βοήθειαν
744 3248 924 3312 αὐτοῖς
962 3247 1232 3319 ἔπεμψας,
1258 3250 1464 3318 λέγων·

1785 1963 2136 2018 damnarunt.
2184 1962 2262 2018 Ex
2293 1964 2492 2034 quibus
2537 1980 2686 2021 nunc
2722 1966 2942 2025 demum
2976 1969 3251 2040 intelligo,
3280 1970 3366 2027 di-

1785 2056 1973 2111 vinum
2006 2058 2166 2126 plane
2197 2057 2403 2128 aliquid
2428 2072 2552 2114 esse
2579 2059 2918 2130 pugilatum:
2939 2060 2992 2117 id
3012 2062 3158 2132 quod
3181 2063 3365 2120 videre

1784 2163 2065 2217 nunquam
2084 2190 2099 2215 ,
2130 2149 2215 2203 vel
2245 2164 2435 2204 eorum
2454 2191 2469 2216 ,
2505 2151 2598 2220 qui
2626 2165 2685 2205 se
2732 2150 3006 2221 sapientes
3032 2152 3195 2224 vulgo
3225 2169 3365 2225 pra:-

1783 2239 2060 2306 dicahant,
2095 2239 2340 2310 plerique
2372 2250 2617 2311 potuere.
2647 2240 2839 2309 Secus,
2874 2244 3097 2302 omissis
3126 2246 3202 2301 illi
3235 2262 3367 2319 pro-

1786 2329 1928 2384 fecto
1979 2330 2193 2386 honesti
2239 2332 2483 2400 rectique
2532 2332 2770 2400 studiis,
2819 2334 2888 2389 ad
2936 2333 3124 2392 Thasii
3165 2340 3366 2410 pugilis

1784 2419 2529 2489 imitationemadhmsissent.
2557 2422 2692 2477 Nam
2712 2432 2771 2479 ut
2794 2439 2919 2480 eum
2949 2429 3156 2498 superi,
3173 2445 3366 2502 quem-

1784 2513 2077 2568 admodum
2107 2513 2474 2581 Cleomedem,
2511 2515 2921 2573 immortalitate
2947 2533 3055 2574 non
3085 2520 3361 2588 donarint,

1784 2608 2057 2680 praecipuo
2080 2616 2260 2662 tamen
2290 2623 2480 2663 amore
2510 2609 2784 2679 prosecuti
2820 2620 2969 2666 sunt.
3015 2611 3197 2685 Usque
3226 2615 3364 2672 adeo

1784 2700 2062 2771 singulare
2115 2698 2374 2769 quiddam
2406 2740 2421 2764 ,
2479 2714 2643 2767 supra
2704 2707 3023 2756 ceterorum
3076 2703 3359 2760 hominum

1784 2790 2072 2860 imagines,
2100 2803 2311 2843 aeneum
2351 2787 2472 2855 ejus
2504 2788 2860 2843 simulacrum
2910 2789 3148 2844 ostendit
3170 2829 3186 2853 ,
3234 2805 3359 2845 cum

1783 2883 1838 2936 in
1865 2890 2029 2951 caput
2068 2880 2271 2935 inimici
2301 2920 2315 2944 ,
2364 2893 2395 2933 a
2430 2895 2541 2949 quo
2575 2888 2689 2933 tum
2739 2878 2953 2950 ﬂagello
3000 2881 3321 2950 pulsabatur
3342 2921 3360 2947 ,

1783 2978 2007 3041 repente
2053 2970 2289 3033 cecidit,
2335 2984 2446 3025 non
2495 2969 2614 3024 sine
2642 2969 2826 3025 divino
2854 3009 2871 3033 ,
2915 2971 2994 3026 uti
3034 2971 3208 3027 visum
3253 2984 3357 3031 est.

1783 3063 2037 3119 consilio.
2072 3062 2142 3116 At
2176 3062 2458 3117 enimvero
2483 3062 2743 3119 vecordes
2772 3060 2983 3130 Thasii,
3020 3072 3076 3118 et
3105 3063 3160 3118 in
3196 3062 3358 3118 rebus

1783 3155 1984 3210 divinis
2011 3155 2304 3224 peregrini,
2337 3169 2524 3209 casum
2572 3154 2763 3225 iniquo
2815 3153 2957 3209 ferre
2988 3154 3174 3209 animo
3199 3194 3214 3219 ,
3242 3154 3359 3225 pia-

1706 3243 1750 3301 C
1780 3248 1890 3303 culi
1933 3240 2290 3301 simulacrum
2331 3260 2610 3300 arcessere
2636 3284 2652 3309 ,
2701 3260 2892 3315 poenas
2935 3253 3179 3314 repetere
3203 3284 3218 3308 ,
3256 3260 3359 3315 po-

88 3352 294 3397 stremo
325 3342 385 3396 in
415 3356 570 3395 mare
596 3342 877 3412 projicere.
930 3340 1175 3407 Frustra,
1211 3343 1350 3397 nihil
1387 3344 1531 3398 enim
1600 3351 1865 3414 egerunt:
1902 3341 2033 3404 imo,
2057 3355 2222 3411 quam
2271 3354 2392 3395 sese
2446 3338 2597 3410 gravi
2663 3339 2868 3396 scelere
2896 3338 3358 3405 obstrinxissent,

91 3425 226 3487 fame
290 3432 651 3502 postmodum
684 3431 910 3503 iustitia:
936 3432 1134 3488 divina:
1166 3434 1511 3501 administra,
1549 3450 1739 3490 eorum
1776 3433 1830 3487 in
1871 3432 2147 3502 regionem
2198 3430 2468 3497 immissa,
2497 3431 2682 3501 superi
2729 3431 2986 3487 docuere.
3028 3430 3354 3502 Quanquam

92 3529 171 3582 vix
217 3530 303 3584 illi
349 3529 519 3584 etiam
560 3538 673 3583 tum
717 3528 955 3584 divinam
1027 3544 1322 3599 agnoscere
1365 3530 1698 3585 voluntatem
1769 3537 2085 3600 potuerunt.
2147 3528 2335 3598 Itaque
2390 3536 2448 3580 tu
2500 3528 2590 3583 ille
2636 3527 2864 3583 deorum
2920 3528 3354 3614 humanissimus

90 3637 245 3693 opem
268 3638 432 3678 more
463 3630 557 3677 tuo
580 3620 990 3676 consulentibus
1012 3622 1209 3689 tulisti,
1243 3623 1347 3678 hoc
1367 3623 1672 3679 versiculo:

86 3744 180 3811 εἰς
199 3743 449 3813 πάτρην
471 3743 744 3814 φυγάδας
769 3744 1039 3816 κατάγων
1057 3744 1370 3814 Δήμητραν
1392 3744 1665 3816 ἀμήσεις.

96 3895 232 3948 Ἀλλ’
254 3895 622 3966 suae).th
653 3896 815 3950 πάλιν
858 3898 982 3962 τοὺς
1009 3899 1309 3969 φεύγοντας
1352 3898 1671 3974 ἀνθρώπους

86 3985 270 4057 ᾤοντο,
304 3988 392 4041 ὅτι
417 3986 502 4039 δεῖ
528 3988 724 4052 αὐτοὺς
744 3990 1095 4044 κατακαλεῖν’
1122 3992 1310 4056 κακῶς
1345 3993 1566 4056 εἰδότες.
1604 3991 1670 4043 Τί

98 4078 196 4148 (ἀρ
230 4078 299 4150 δὴ
324 4079 424 4132 καὶ
452 4078 603 4150 μέλει
631 4082 743 4144 τοῖς
783 4080 1354 4155 ἀφιλανθρωποτάτοις
1397 4083 1539 4147 θεοῖς
1577 4085 1670 4137 άν-

90 4168 327 4241 θριὶιπων
348 4172 661 4225 κατακαλου
668 4172 866 4244 μένων,
885 4174 1117 4247 ὅσονπερ
1138 4176 1467 4249 ἀνδριάντων
1486 4192 1501 4242 ;
1519 4175 1671 4246 Ἀμέ-

89 4277 165 4315 tet
194 4263 356 4318 οὐδὲν
382 4264 484 4317 ἐπὶ
502 4265 677 4336 τούτῳ
705 4265 955 4340 ὠφελήθη
992 4270 1026 4339 ἡ
1057 4269 1150 4339 γῆ,
1184 4267 1324 4321 ὥστε
1356 4266 1667 4321 παύσασθαι

90 4357 348 4411 ιισοῦσα·
388 4359 440 4410 εἰ
472 4356 549 4428 μὴ
575 4357 683 4412 τῶν
712 4357 889 4426 σοφῶν
926 4359 1020 4412 καὶ
1048 4358 1426 4430 ἐπισταμένων
1460 4377 1544 4423 τις
1575 4358 1669 4412 τὸν

1778 3740 1938 3812 232
1970 3736 2146 3793 Redde
2175 3737 2328 3791 modo
2379 3734 2644 3790 exsulibus
2692 3735 2958 3805 patriam,
3002 3735 3152 3879 (fere:
3176 3739 3353 3806 ampla

3040 3823 3118 3861 me
3142 3820 3278 3864 βίον.

1777 3900 1877 3959 Hic
1905 3917 2099 3972 nempe
2137 3915 2245 3955 non
2285 3899 2468 3955 minus
2505 3896 2721 3964 stolidi,
2756 3897 3091 3953 revocandos
3131 3901 3351 3956 exsules

1777 4010 1887 4049 non
1941 3994 2078 4049 alios
2124 4006 2247 4047 esse
2279 4004 2445 4061 quam
2492 3989 2745 4045 homines
2792 3988 3078 4058 putabant.
3133 3990 3348 4045 insulse

1774 4095 1943 4136 vero:
1978 4080 2107 4151 quid
2139 4078 2283 4135 enim
2318 4078 2424 4133 diis
2475 4077 2895 4134 immanissimis‘
2935 4086 3151 4133 tantum
3200 4094 3347 4136 curae

1774 4174 1884 4229 sint
1911 4173 2162 4228 homines
2192 4172 2261 4226 ab
2281 4170 2475 4227 exsilio
2500 4171 2814 4237 revocandi,
2856 4179 3119 4241 quantum
3152 4171 3345 4243 imagiw

1774 4279 1872 4319 nes
1925 4261 2315 4318 restituendae?
2345 4260 2488 4331 Ergo
2534 4261 2706 4315 nihilo
2736 4269 2925 4331 postea
2970 4262 3195 4316 meliore
3228 4264 3346 4318 solo

1774 4355 1875 4417 uti,
1910 4353 2048 4408 nihil
2082 4368 2311 4423 usquam
2346 4352 2399 4406 vi
2434 4351 2609 4406 morbi
2644 4352 2995 4407 remittente:
3036 4352 3212 4407 donec
3250 4369 3340 4407 so-

80 4449 223 4499 1εῖον
244 4445 382 4501 νοῦν
427 4446 631 4517 συνῆκε
658 4487 673 4513 ,
704 4447 920 4517 φυγάδα
943 4443 1082 4502 εἶναι
1108 4449 1200 4503 τὸν
1240 4466 1667 4503 καταπεποντω-

1781 4445 1957 4499 lertior
1996 4444 2291 4514 quispiam,
2326 4443 2540 4498 acutius
2571 4444 2637 4497 de
2670 4458 2925 4512 superum
2956 4456 3135 4502 mente
3161 4447 3338 4516 conji-

91 4539 243 4593 ιένον
266 4538 591 4610 ἀνδριάντα.
625 4541 736 4594 Καὶ
759 4536 826 4612 ἦν
851 4539 1042 4605 οὕτως.
1066 4542 1216 4612 Ἅμα
1241 4540 1350 4613 γάρ
1372 4538 1661 4610 ἀνεστάθη,

1781 4538 1920 4591 ciens
1951 4578 1968 4603 ,
2016 4535 2225 4590 exsulis
2284 4535 2506 4589 nomine
2549 4535 2854 4590 demersam
2900 4535 3050 4591 illam
3104 4545 3339 4592 statuam

92 4629 173 4681 sai
204 4630 373 4694 εὐθὺς
405 4630 441 4702 ἡ
479 4630 578 4699 μὲν
602 4632 674 4702 γῆ
701 4630 1010 4696 ἀνέϐαλλεν,
1044 4631 1178 4684 οἶδὲ
1207 4631 1440 4702 ἐκώμων
1477 4630 1664 4701 Δήμη-

1769 4627 1990 4699 intelligi
2016 4627 2362 4682 declarasset.
2405 4626 2471 4681 Et
2509 4641 2657 4681 vere.
2688 4623 2825 4680 Nam
2855 4627 3019 4683 simul
3044 4636 3207 4698 atque
3238 4643 3343 4685 suo

90 4739 165 4790 τρι
184 4722 398 4776 λοιπόν.
433 4722 562 4785 Πῶς
588 4719 680 4776 οὖν
710 4725 769 4776 οὐ
802 4725 1073 4796 τεκμήρια
1099 4722 1273 4778 ταῦτά
1299 4725 1435 4777 εἰσιν
1458 4721 1662 4793 ἐναργῆ

1781 4722 2000 4791 reposita
2031 4720 2151 4774 loco
2182 4717 2304 4783 fuit,
2335 4718 2640 4788 germinare
2672 4727 2814 4773 terra
2846 4721 3106 4774 continuo
3128 4761 3143 4785 ,
3194 4719 3342 4775 Tha-

90 4811 174 4879 τῆς
205 4810 551 4882 θεοπρεποῦς
582 4812 894 4883 ἀθλητικῆς,
923 4816 1004 4868 ὅτι
1028 4815 1147 4869 ἐστὶ
1171 4814 1522 4883 θεοτίμητος;
1551 4812 1662 4865 Καὶ

1781 4816 1942 4885 siique
1968 4801 2222 4881 deinceps
2246 4826 2499 4878 agrorum
2530 4810 2778 4867 ubertate
2824 4812 3051 4881 gliscere
3080 4827 3145 4868 ac
3171 4812 3336 4867 luxn-

82 4902 184 4971 γὰρ
215 4902 314 4953 καὶ
349 4902 448 4954 ἐπὶ
479 4902 774 4956 πεντάθλου
807 4903 1079 4975 ἀνδριάντι
1120 4902 1433 4974 ὑϐρισμένῳ
1474 4902 1663 4972 ἐμήνι-

1766 4902 1910 4954 riare
1935 4906 2240 4968 coeperunt.
2283 4897 2418 4963 Quis
2442 4898 2558 4954 haec
2597 4914 2764 4970 porro
2809 4915 2919 4955 non
2955 4915 3055 4971 pro
3094 4902 3338 4958 certissi-

76 5010 173 5048 σαν
204 4996 256 5047 οἰ
284 4994 424 5059 θεοὶ,
460 4993 557 5047 καὶ
585 4995 782 5066 Λοκροὶ
807 4995 1099 5067 ἐπείνησαν
1125 4995 1212 5049 διά
1242 4995 1430 5056 τοῦτο,
1468 4993 1658 5063 ὥσπερ

1781 4990 1869 5043 nis
1895 4988 2230 5059 argumentis
2267 4988 2483 5053 habeat,
2512 5005 2674 5060 quam
2703 4989 2826 5060 jure
2848 5006 2913 5046 ac
2939 4991 3134 5047 merito
3162 4990 3333 5046 divini

66 5086 282 5151 Θάσιοι,
313 5087 427 5148 ἕως
457 5087 659 5150 αὐτοὺς
686 5087 872 5141 ἰάσατο
896 5087 1072 5155 λόγιον
1097 5088 1189 5142 σὺν
1219 5086 1341 5158 ἔχον
1378 5085 1548 5149 οὕτως
1569 5103 1582 5116 ο

1765 5082 2000 5136 honores
2023 5080 2218 5136 divina!
2247 5082 2572 5136 athletarum
2603 5082 2656 5136 vi
2694 5091 2748 5137 et
2791 5081 3071 5137 industriae
3096 5082 3333 5138 debean-

73 5182 206 5235 tur?
238 5181 384 5237 Nam
438 5190 497 5236 et
543 5191 764 5251 propter
814 5184 1038 5237 alterius
1077 5182 1516 5254 quinquertionis
1567 5190 1803 5235 statuam
1860 5177 1996 5231 alias
2052 5176 2306 5231 violatam
2363 5192 2620 5232 exarsere
2656 5177 2753 5243 dii,
2780 5192 2883 5232 nec
2926 5177 3136 5232 minore
3169 5176 3329 5235 Locri

68 5288 367 5347 σπυρίσι-θα
401 5292 570 5346 quam
613 5275 797 5332 Thasii
828 5277 972 5332 fame
1016 5278 1353 5345 laborarunt,
1390 5279 1560 5333 donec
1595 5287 1650 5330 tu
1687 5287 1905 5345 quoque
1934 5271 2039 5327 hoc
2065 5286 2329 5341 responso
2360 5272 2721 5327 calamitatem
2748 5272 2957 5328 levares
2992 5291 3007 5327 :

70 5402 81 5415 ‘
104 5396 181 5447 Er
201 5393 349 5465 τιμῇ
379 5393 495 5447 τὸν
512 5392 724 5463 ἄτιμον
747 5396 924 5463 ἔχων,
944 5395 1079 5448 τότε
1095 5394 1272 5465 γαῖαν
1303 5391 1574 5462 άρώσεις.

1756 5384 1934 5440 Redde
1964 5386 2120 5440 decus
2152 5384 2278 5439 Ιιεεο
2301 5402 2322 5450 ;
2351 5402 2491 5457 seges
2518 5386 2697 5456 ampla
2726 5395 2969 5455 sequetur
3000 5394 3263 5441 aratrum.

79 5507 147 5557 οὐ
168 5506 279 5576 γὰρ
316 5506 527 5577 Λοκροὶ
556 5503 784 5574 ⁴ᾔσθοντο
822 5505 1058 5570 διανοίας
1094 5505 1247 5569 θείας
1289 5507 1552 5577 πρότερον
1576 5547 1590 5572 ,
1615 5504 1650 5575 ἢ

1781 5494 1869 5553 iec
1904 5498 2049 5553 enim
2081 5496 2325 5554 divinum
2355 5496 2423 5553 iis
2454 5496 2743 5552 consilium
2773 5496 3022 5553 subolere
3055 5507 3180 5552 ante
3227 5511 3329 5569 po-

146 5670 171 5697 ι
197 5661 281 5711 lc.
317 5657 602 5722 ἀνέξεται.
682 5657 712 5697 1³
737 5658 821 5710 Iv.
850 5658 1158 5730 ἀπειλήσει.

150 5788 254 5861 ('56)
296 5790 502 5856 Θασίῳ
531 5790 757 5858 πύκτῃ.
792 5788 1105 5861 Theagenes
1127 5792 1174 5848 is
1197 5789 1321 5846 fuit.
