3850 6222
105 322 201 379 ιοι
1274 332 1597 388 ΡῐὶΑΞΡΑΒ.
1633 333 1674 389 Ε

1782 333 1892 394 NG.
1931 335 2058 390 LIB.
2102 336 2163 389 Υ.
3254 333 3361 389 οιοῖ

100 443 231 512 ἡμῖν
262 440 332 495 τὰ
359 442 490 514 περὶ
506 442 603 497 τοῦ
632 444 862 500 θανάτου
897 447 1105 514 ἔδειξας
1134 451 1227 505 καὶ
1255 451 1357 522 τῆς
1387 453 1569 522 ζωῆς,
1604 455 1674 507 ὅτι

1792 456 1987 511 mortis
2039 456 2434 519 decreverunt,
2487 454 2633 523 quod
2677 453 2854 510 lenius
2905 454 3255 510 Charitonem
3309 466 3363 509 ct

101 530 391 584 κάλλιστόν
431 532 488 584 τί
533 533 683 588 ἐστιν
725 537 761 605 ἡ
806 536 1114 608 ζωή.›Ἑπὶ
1149 538 1357 605 τούτοις
1388 542 1559 598 ἅπασι
1592 545 1674 599 κα]

1794 543 2160 614 Melanippum
2190 544 2459 601 habuerit.
2504 544 2573 598 At
2616 552 2673 600 tu
2706 544 2831 600 vita:
2862 545 3163 615 mortisque
3194 546 3363 600 ratio.

97 621 213 675 τόδε
240 623 609 692 προσκείσθω.

1788 653 1909 701 nes,
1942 638 2031 691 vix
2063 638 2212 702 licet,
2246 637 2503 706 praeclare
2533 646 2711 691 tamen
2741 636 3079 706 expressisti,
3106 637 3235 691 dum
3259 636 3364 691 hoc

1782 723 1931 780 faeta
1976 727 2140 781 vitam
2184 727 2448 782 eximium
2501 726 2760 797 quiddam
2789 741 2912 782 esse
2930 725 3347 799 comprobasti.»

1773 818 1987 886 Quibus
2012 822 2267 877 omnibus
2294 822 2399 877 hoc
2426 832 2762 891 postremum
2791 819 3172 891 adjungamus.

600 906 998 962 ΚΕΦΑΑΑιυΝ
1049 911 1189 976 Λσι.

2321 915 2551 972 CAPUT
2590 914 2832 971 XXXVI.

102 1016 221 1070 ὀτι
262 1017 365 1071 καὶ
405 1015 523 1085 τὴν
546 1017 794 1088 ἄψυχον
823 1017 982 1087 ὕλην
1012 1018 1214 1075 σέϐειν
1252 1020 1674 1090 προσέταττον.

1820 1028 1957 1082 Illos
1979 1028 2141 1082 etiam
2160 1026 2409 1096 jussisse,
2439 1034 2497 1080 ut
2524 1027 2749 1080 materia
2780 1025 3021 1079 inanima
3049 1024 3330 1080 coleretur.

104 1147 128 1182 ι
168 1130 357 1185 Ἀλλὰ
385 1130 486 1184 καὶ
535 1131 863 1200 Μηθύμνης
891 1131 1003 1203 (42)
1032 1131 1272 1201 ναέταις
1300 1134 1457 1277 :zoftg‘)
1499 1135 1674 1191 λώϊον

1435 1221 1575 1260 σται
1594 1247 1609 1271 ,

1792 1159 1813 1194 ι
1850 1141 1949 1195 Res
1974 1141 2069 1194 tibi
2105 1138 2423 1209 Methymna:
2450 1138 2656 1210 felicius
2688 1137 2862 1192 incola
2890 1138 3053 1205 cedet,

1435 1221 1575 1260 σται
1594 1247 1609 1271 ,

93 1269 425 1339 imum-or
451 1268 666 1340 τιμῶσι
687 1272 996 1326 Διονύσοιο
1025 1271 1314 1342 κάρηνον.
1367 1268 1386 1277 ’
1597 1268 1604 1271 ⁷

1790 1280 1849 1337 Si
1874 1281 2073 1335 Bacchi
2098 1289 2255 1351 caput
2280 1296 2344 1335 ea:
2380 1282 2529 1334 tereti
2559 1279 2865 1335 venerabere
2893 1277 3058 1348 ligno.
3350 1346 3355 1351 ι

94 1387 288 1442 Θύουσι
317 1386 437 1457 γὰρ
470 1386 529 1440 αί
560 1386 745 1450 πόλεις
775 1388 868 1441 καὶ
900 1386 1120 1451 τελετὰς
1156 1387 1402 1457 ἄγουσιν,
1436 1390 1498 1443 οὐ
1526 1391 1674 1462 μόνοι

1784 1394 1995 1449 Passim
2043 1395 2244 1465 quippe
2288 1393 2535 1449 civitates
2564 1433 2577 1456 ,
2625 1408 2735 1446 non
2786 1392 2968 1461 lignea
3012 1389 3214 1454 modo,
3268 1387 3361 1441 sed

95 1480 383 1551 φαλληνοῖς
406 1478 684 1533 Διονύσοιο
715 1480 991 1552 καρήνοις,
1024 1480 1162 1534 ἀλλὰ
1189 1481 1283 1535 καὶ
1317 1480 1559 1547 λιθίνοις,
1590 1484 1674 1537 καὶ

1784 1488 1949 1541 etiam
1980 1486 2213 1556 lapidea,
2245 1500 2408 1550 aarea,
2432 1499 2600 1538 aurea
2632 1482 2828 1537 Bacchi
2853 1482 3053 1552 capita,
3081 1477 3364 1537 sacrificiis

90 1574 379 1647 χαλκέοις,
434 1577 532 1629 καὶ
582 1574 854 1647 χρυσέοις.
895 1574 1006 1645 (45)
1039 1574 1114 1627 Οὐ
1163 1575 1324 1646 μόνον
1371 1576 1674 1648 φαλληνοῖς,

1786 1591 1850 1631 ac
1885 1576 2041 1632 statis
2073 1576 2429 1646 religionibus
2460 1583 2832 1629 venerantur:
2867 1574 2979 1627 imo
3016 1586 3124 1625 non
3164 1569 3363 1625 Bacchi

89 1666 224 1720 ἀλλὰ
251 1667 571 1729 καὶςαῦτοῖς
596 1667 708 1728 τοῖς
745 1664 1063 1729 Διονυσίοις,
1090 1666 1185 1719 καὶ
1213 1664 1394 1728 ἄλλοις
1424 1667 1674 1738 παμπόλ-

1788 1675 1999 1721 tantum
2032 1666 2210 1736 capita
2231 1706 2245 1730 ,
2277 1665 2373 1720 sed
2403 1665 2541 1720 alios
2570 1664 2734 1719 etiam
2764 1664 3054 1734 plerosque
3076 1662 3240 1728 deos,
3269 1661 3364 1730 qui

87 1761 197 1823 λοις
237 1758 568 1820 Ἡσιοδείοις
614 1756 778 1820 θεοῖς.
836 1756 970 1827 Τρὶς
996 1754 1107 1827 γὰρ
1151 1755 1227 1819 ὡς
1256 1755 1473 1828 ἀληθῶς
1506 1757 1674 1828 μύριοι

1789 1760 2008 1817 Hesiodi
2082 1761 2283 1817 fabulis
2347 1759 2711 1815 celebrantur.
2776 1756 3068 1812 Enimvero
3139 1754 3363 1827 triginta

89 1856 222 1907 εἰσιν
253 1854 352 1906 ἐπὶ
384 1850 541 1922 χθονὶ
570 1849 987 1921 πουλυϐοτείρῃ,
1013 1848 1113 1901 οὐκ
1142 1847 1420 1913 ἀθάνατοι,
1453 1848 1591 1903 ἀλλὰ
1614 1848 1674 1902 λί·

1784 1853 1968 1925 plane,
2014 1868 2126 1909 non
2171 1853 2286 1923 jam
2316 1851 2743 1917 immortalium,
2790 1849 2884 1906 sed
2917 1849 3277 1919 Iapideorum,
3310 1857 3366 1903 et

88 1944 220 1999 θινοι
249 1945 350 1997 καὶ
379 1941 584 2008 ξύλινοι
611 1941 867 1994 δεσπόσαι
897 1937 1233 2011 ἀνθρώπων
1269 1939 1343 2005 οἳ,
1388 1941 1437 1993 εί
1469 1939 1674 2012 ἀνθρὼ-

1784 1946 2087 2017 ligneorum
2108 1944 2335 1999 humani
2357 1944 2571 2014 generis
2597 1942 2944 1998 dominorum
2972 1940 3162 2005 millia,
3179 1940 3364 1995 nutrix

87 2054 202 2091 πων
226 2036 393 2106 ὓϐριν
422 2051 484 2087 τε
508 2033 602 2087 καὶ
629 2032 887 2103 εὐνομίην
916 2030 1195 2103 ἐφεώρων,
1233 2032 1337 2085 οὐκ
1381 2031 1450 2085 ἂν
1493 2029 1674 2085 τοσοῦ-

1784 2035 2142 2103 animantium
2175 2044 2319 2091 terra
2345 2035 2747 2105 complectitur,
2777 2036 2868 2103 qui
2900 2032 3165 2103 profecto,
3196 2032 3243 2087 si
3269 2046 3365 2086 co-

85 2143 174 2190 τος
196 2125 346 2197 ἧρθη
389 2124 580 2195 λῆρος,
619 2121 761 2176 ὥστε
784 2122 877 2176 καὶ
898 2120 996 2192 ἤδη
1024 2121 1119 2176 κα)¹
1169 2122 1361 2193 μέχρις
1403 2120 1557 2191 ὑμῶν
1588 2137 1674 2174 κε-

1785 2128 2096 2199 gnoscendo
2142 2127 2427 2182 hominum
2478 2127 2712 2188 sceleri,
2760 2125 2981 2196 jurique
3026 2132 3363 2195 prmessent,

83 2214 406 2287 χωρηκέναι
436 2215 500 2267 τὸ
525 2214 714 2278 κακὸν,
734 2211 1019 2266 ὲπιδιαϐὰν
1044 2215 1139 2267 καὶ
1165 2216 1246 2277 εἰς
1269 2212 1360 2266 τὸν
1381 2212 1674 2283 Ὄλυμπον,

1786 2235 2066 2290 nunquam
2093 2235 2159 2275 eo
2185 2236 2453 2291 nugarum
2477 2220 2695 2275 vanitas
2716 2218 3068 2284 excrevisset,
3091 2216 3170 2272 uti
3202 2214 3369 2288 235

82 2310 185 2375 ὂθι,
203 2309 369 2379 φασὶ,
397 2307 554 2362 θεῶν
574 2307 713 2373 ἕδος
732 2306 1006 2376 ἀσφαλὲς
1040 2306 1170 2360 αἰεί.
1208 2305 1402 2359 Καίτοι
1431 2307 1479 2360 εί
1509 2308 1674 2377 ἀσφα-

1785 2313 1853 2369 ad
1878 2329 1975 2369 vos
2021 2328 2196 2384 usque
2235 2313 2439 2367 malum
2485 2311 2834 2383 perveniret,
2881 2309 3111 2380 Olympo
3146 2322 3364 2377 quo:;ue

82 2394 281 2472 mﬁv,
309 2400 416 2453 οὐκ
438 2393 510 2470 ἦν
540 2397 801 2451 ἐπιϐατὸν
827 2397 995 2469 λήρῳ,
1030 2397 1138 2450 οὐδ’
1162 2396 1228 2450 ἂν
1260 2391 1341 2461 εἷς
1372 2415 1458 2462 τις
1495 2398 1674 2469 Ὀλυμ-

1785 2415 2062 2477 superato,
2088 2406 2181 2460 ubi
2214 2405 2424 2472 divum,
2451 2405 2631 2458 aiunt:
2657 2402 2818 2459 Sedes
2838 2418 3026 2457 secura
3055 2417 3146 2471 per
3171 2415 3359 2456 tecum.

82 2495 218 2546 πίων
248 2494 338 2556 είς
369 2490 535 2545 τοῦτο
558 2486 694 2561 ἦλθε
722 2490 1041 2562 παρανοίας,
1081 2488 1210 2543 ὥστ’
1234 2489 1443 2543 ἐλάϊνον
1477 2491 1674 2563 κορμὺη

1785 2495 1918 2563 Quae
1950 2495 2218 2552 securitas
2250 2495 2297 2550 si
2328 2509 2454 2549 vere
2479 2495 2802 2564 iactaretur,
2830 2507 3005 2561 nugas
3037 2506 3230 2547 omnes
3267 2505 3368 2546 ex-

81 2584 286 2638 Osn‘isat
309 2600 325 2614 ’
362 2581 430 2636 ὃν
465 2583 517 2635 οἱ
546 2581 891 2653 Μηθυμναῖοι
917 2580 1164 2651 σαγήνης
1197 2579 1547 2651 ἐμπλακέντα
1570 2582 1674 2643 τοῖς

1783 2589 2061 2653 cluderet,
2115 2602 2216 2643 nec
2257 2585 2632 2659 Olympiorum
2678 2584 2969 2656 quisquam
3017 2598 3084 2637 eo
3127 2583 3367 2638 vesania:

78 2676 243 2740 λίνοις
301 2673 665 2738 ἀνείλκυσαν,
713 2672 808 2727 καὶ
833 2673 933 2739 δὶς,
974 2675 1025 2727 εί
1048 2673 1249 2744 βούλει,
1277 2673 1372 2727 καὶ
1403 2673 1544 2744 τρὶς,
1586 2672 1674 2725 καὶ

1783 2678 2125 2743 devenisset,
2164 2686 2223 2731 ut
2269 2675 2555 2746 oleagineo
2582 2673 2796 2729 caudici
2832 2672 3173 2727 divinitatem
3218 2673 3365 2727 inse-

80 2769 380 2831 πλεονάκις
425 2768 486 2820 ὲν
523 2765 602 2836 τῷ
630 2762 779 2836 αὺτῷ
808 2764 1195 2836 σαγηνεύοντες
1238 2764 1335 2819 ἄνθ
1344 2780 1518 2836 ρωποι
1538 2802 1554 2828 ,
1589 2763 1674 2818 καὶ

1782 2779 1947 2825 reret.
2018 2768 2174 2823 Illum
2244 2766 2444 2823 etenim
2513 2780 2727 2836 sagente
2788 2764 3021 2835 plagulis
3090 2763 3363 2819 irretitum

80 2859 139 2923 ἐξ
163 2859 392 2912 ἐκείνου
426 2858 510 2922 είς
539 2857 602 2909 τὸ
632 2855 865 2910 Διϐυκὸν
892 2854 1282 2921 ἐξοκείλαντες,
1323 2855 1430 2909 οὐδ’
1477 2857 1559 2918 είς
1583 2854 1674 2925 τὴν

1783 2860 2225 2931 Methymnenses
2249 2867 2620 2921 extraxerant,
2648 2856 2813 2927 idque
2837 2857 3007 2911 semei
3031 2857 3361 2926 iterumque,

79 2945 181 3016 γῆν
211 2945 330 3012 ἔξω
344 2943 673 3007 ἐκϐαλόντες
703 2943 863 2997 αὐτόν
883 2960 897 2974 ’
932 2943 1058 2996 ἐπεὶ
1079 2944 1180 2997 οὐκ
1207 2943 1301 3003 ἂν.
1324 2943 1400 3015 μὰ
1441 2942 1534 2997 τὸν
1561 2943 1674 2998 Διό-

1783 2952 1831 3008 si
1865 2951 2083 3021 placet,
2128 2950 2241 3004 imo
2273 2948 2438 3004 etiam
2492 2947 2651 3002 tertio
2675 2987 2691 3013 ,
2742 2945 2829 3000 vel
2862 2945 3060 3016 saepius
3107 2944 3365 3002 demissis

81 3053 258 3103 νυσον,
294 3035 380 3090 ἔτι
406 3037 593 3100 αὐτοῖς
614 3034 883 3106 ὲνεπλὰκη
912 3037 1024 3099 τοῖς
1043 3034 1229 3100 λίνοις.
1261 3035 1401 3089 Ἀλλ’
1427 3036 1487 3104 ἐξ
1510 3035 1674 3112 ἄκρου

1783 3039 2037 3096 eumdem
2074 3038 2128 3093 in
2152 3039 2331 3094 locum
2363 3038 2572 3093 retibus
2612 3034 2897 3092 iecerant:
2944 3036 3071 3092 inde
3103 3051 3235 3091 vero
3271 3034 3363 3091 Li-

85 3127 451 3199 κεφαλοειᾶὴς
501 3129 531 3181 ὀ
562 3127 767 3198 κορμὺς
810 3102 1137 3197 (Ἄπολλον,
1167 3126 1317 3192 ξένου
1351 3102 1481 3199 (ιιι
1509 3102 1674 3181 κατα-

1784 3133 1983 3206 bycum
2027 3131 2082 3186 in
2131 3145 2284 3186 mare
2310 3129 2495 3194 delati,
2536 3143 2886 3199 nequaquam
2916 3143 3042 3183 eum
3074 3128 3130 3182 in
3159 3136 3363 3183 terram

85 3223 478 3293 σκευάσματος
495 3220 544 3290 !)
566 3220 619 3274 τί
650 3222 766 3273 ποτ’
791 3216 883 3275 οὖν
909 3220 1175 3292 ἔπραττεν
1209 3221 1275 3274 ὲν
1290 3219 1368 3292 τῷ
1418 3221 1674 3291 πελάγει;

1782 3233 2154 3282 excusserant.
2193 3222 2253 3279 Id
2284 3222 2431 3277 enim
2474 3222 2518 3277 si
2567 3220 2864 3286 fecissent,
2919 3234 3030 3275 non
3071 3220 3189 3292 jam
3215 3260 3231 3286 ,
3266 3236 3364 3291 per

84 3316 427 3388 ἀπρήσειεν
471 3313 539 3368 ἄν
575 3331 681 3377 τις.
727 3313 793 3366 Τί
833 3313 942 3384 γὰρ
989 3312 1118 3368 ἄλλο
1141 3312 1174 3384 ἥ
1199 3313 1465 3387 ὲκάθητο;
1499 3313 1564 3385 νὴ
1585 3314 1674 3368 τὸν

1782 3315 2079 3384 Bacchum,
2108 3316 2330 3372 easdem
2363 3314 2430 3370 ad
2455 3313 2702 3386 plagulas
2738 3312 3078 3370 adhaesisset.
3114 3312 3186 3367 At
3210 3313 3360 3368 enim

86 3405 201 3469 Δία,
234 3405 539 3475 ἀναμένων
588 3404 695 3468 ἕως
740 3402 1014 3477 ἄνθρωποι
1060 3405 1374 3477 μαινόμενοι
1432 3406 1530 3478 (οὐ
1567 3406 1674 3477 γὰρ

1782 3408 1992 3463 caudex
2018 3408 2074 3461 in
2104 3407 2300 3477 capitis
2331 3406 2567 3476 speciem
2606 3421 2637 3459 a
2669 3421 2891 3461 summo
2927 3405 3112 3476 stipite
3137 3405 3360 3462 confor-

88 3502 241 3573 φησι»
261 3503 355 3556 ὃτι
385 3499 485 3553 καὶ
514 3499 661 3564 θεοὶ)
698 3500 1106 3571 ἐγκυρήσαντες
1124 3497 1293 3568 αὐτῷ,
1320 3497 1381 3551 οὐ
1398 3497 1673 3562 Διοπετὲς,

1782 3511 1965 3556 matus
1999 3499 2145 3571 (rem
2170 3541 2187 3567 ,
2223 3515 2257 3555 ο
2298 3500 2520 3570 Apollo,
2563 3498 2857 3554 admodum
2894 3497 3266 3570 prodigiosam
3296 3499 3309 3551 !
3341 3499 3359 3567 )

88 3593 218 3646 ἀλλὰ
261 3590 741 3654 Ποσειδωνοπετὲς
781 3591 1116 3661 ἡγήσωνται,
1154 3590 1387 3644 κᾶπειτα
1438 3591 1515 3653 είς
1542 3588 1674 3642 ἄστυ

1784 3590 1917 3661 quid
1959 3605 2144 3644 rarum
2192 3589 2247 3644 in
2297 3590 2486 3644 mari?
2528 3597 2737 3659 quaerat
2789 3589 3023 3644 fortasse
3062 3589 3357 3660 quispiam.

87 3683 479 3751 ἁπαγέιγωσιν,
512 3681 701 3754 ὥσπερ
721 3680 843 3734 τινὰ
867 3680 1074 3753 ἀγαθὴν
1094 3679 1285 3752 τύχην,
1310 3681 1486 3752 κακὴν
1512 3675 1674 3734 οὖσαν

1787 3681 1931 3749 Quid
1973 3697 2103 3739 vero
2147 3682 2332 3749 aliud,
2377 3682 2483 3738 nisi
2528 3691 2594 3736 ut
2631 3682 2830 3737 ibidem
2875 3680 3136 3751 jaceret?
3180 3679 3363 3736 Donec

84 3775 157 3840 ὡς
188 3774 415 3846 ἀληθῶς
440 3815 459 3840 ,
487 3773 551 3825 οὑ
593 3772 787 3843 τύχην,
822 3771 956 3825 ἀλλὰ
982 3771 1266 3841 τυφεδόνα.
1300 3772 1370 3824 Ἦ
1393 3771 1492 3825 οὐκ
1517 3771 1674 3843 ἢρκει

1786 3772 2063 3828 enimvero
2084 3771 2274 3829 furiosi
2298 3774 2569 3840 homines,
2593 3773 2775 3845 (piget
2800 3773 2944 3828 enim
2977 3773 3107 3828 deos
3133 3770 3361 3840 dicere,)

86 3866 194 3936 ἄρα
212 3867 406 3927 αὐτοῖς
432 3862 644 3917 οἴκοθεν
668 3861 999 3926 διολλύουσα,
1028 3860 1142 3914 ἀλλ’
1175 3860 1344 3932 αὐτὴν
1372 3859 1619 3930 ὲπέρωσέ
1648 3872 1674 3902 ι

1784 3861 1839 3917 in
1868 3878 1994 3918 eum
2026 3862 2351 3931 incidentes,
2386 3878 2494 3918 non
2534 3878 2564 3918 a
2593 3861 2726 3919 Jove
2762 3863 3064 3920 demissum
3099 3862 3316 3934 quidem
3343 3901 3358 3925 ,

85 3974 146 4012 τε
176 3960 271 4013 καὶ
297 3956 695 4028 προσεπέτεινε
723 3953 1067 4025 θεοπληξίας,
1101 3952 1176 4017 ὡς
1208 3951 1273 4006 ἄν
1302 3969 1386 4016 τις
1412 3951 1587 4016 εἴποι,
1613 3954 1674 4005 ὲκ

1785 3954 1880 4010 sed
1931 3970 1962 4009 a
2023 3954 2273 4025 Neptuno
2330 3956 2592 4010 emissum
2641 3954 3362 4025 crederent,eumdemque

83 4050 311 4121 Δελφῶν
340 4049 733 4119 μετάπεμπτος
753 4046 1010 4118 ἐπιθήκη.
1046 4064 1065 4097 ι
1095 4043 1333 4098 Τοιαῦτα
1362 4043 1458 4097 καὶ
1478 4045 1513 4119 ’ὁ
1534 4043 1674 4096 Οίνό-

1784 4048 2133 4119 postmodum
2161 4047 2216 4101 in
2247 4047 2459 4112 urbem,
2491 4047 2767 4117 quoddam
2794 4047 2961 4104 veluti
2996 4047 3229 4103 fortuna;
3270 4047 3360 4101 la:-

88 4158 244 4213 μαος.
287 4136 462 4192 Ἀλλὰ
483 4138 593 4210 γὰρ
626 4136 764 4209 μετὰ
802 4136 871 4189 τὰ
906 4135 1191 4207 εἰρημένα,
1241 4133 1481 4205 μεταϐὰς
1522 4128 1674 4197 αὖθις

1786 4139 1941 4194 tioris
1982 4154 2141 4194 omen
2169 4180 2185 4204 ,
2235 4138 2581 4204 inveherent,
2634 4138 2905 4195 funestam
2956 4155 3016 4194 re
3053 4139 3205 4210 ipsa,
3250 4155 3360 4194 non

86 4236 180 4289 ἐπὶ
193 4236 299 4308 τὴν
333 4235 402 4288 ὲκ
434 4232 634 4302 λογίων
666 4231 982 4302 φιλοσοφίαν
1010 4228 1104 4283 τοῦ
1132 4229 1227 4302 τὴν
1249 4228 1369 4283 καθ’
1387 4229 1542 4300 ἡμῶν
1569 4228 1674 4283 δια-

1784 4228 2085 4296 fortunam,
2112 4230 2205 4285 sed
2235 4229 2408 4284 facem
2437 4231 2591 4286 urbis
2618 4230 2880 4285 futuram.
2910 4229 3021 4286 Nec
3046 4231 3196 4286 enim
3226 4232 3360 4287 satis

88 4327 247 4399 ϐολὴν
285 4325 668 4396 πεποιημένου
697 4365 711 4390 ,
748 4322 1017 4392 ἀνάγνωθι
1051 4324 1115 4375 ἐκ
1156 4321 1265 4375 τῶν
1300 4322 1430 4392 περὶ
1483 4323 1674 4392 εἱμαρ-

1782 4321 2039 4375 videlicet
2071 4321 2137 4375 ad
2181 4321 2406 4378 exitium
2459 4321 2526 4377 iis
2558 4331 2675 4378 erat
2705 4322 2961 4377 intestina
3002 4323 3204 4392 pestis,
3233 4320 3358 4378 ’nisi

90 4421 262 4492 μένης
283 4417 388 4473 τοῦ
412 4417 622 4470 Πυθίου
655 4414 922 4488 χρησμῶν
940 4433 954 4444 ·
987 4416 1035 4468 εί
1059 4414 1133 4487 μὴ
1157 4413 1253 4467 καὶ
1281 4412 1363 4466 σοὶ
1389 4412 1538 4475 θείας
1581 4411 1674 4464 ἁλ-

1783 4412 1940 4468 novis
1967 4428 2088 4467 eam
2117 4413 2471 4468 incrementis
2500 4430 2565 4468 ac
2596 4414 2801 4469 viribus
2832 4414 3066 4469 incussae
3091 4415 3357 4469 divinitus

89 4513 299 4586 λότριος
334 4510 413 4564 ὢν
442 4510 728 4579 δυνάμεως
763 4508 844 4561 ἔτι
882 4506 1100 4579 μᾶλλον,
1136 4507 1164 4558 ὁ
1204 4507 1334 4579 περὶ
1372 4503 1481 4558 τῶν
1517 4503 1674 4576 θρυλ-

1782 4505 1952 4576 plaga:
1976 4506 2220 4561 accessio
2249 4504 2490 4576 Delphis,
2522 4514 2582 4560 ut
2612 4507 2685 4560 ita
2720 4506 2937 4576 loquar,
2971 4506 3236 4561 arcessita
3263 4521 3360 4560 cu-

89 4604 371 4676 λουμένων
409 4601 764 4674 χρηστηρίων
824 4601 1173 4653 ὑποπεσεῖται
1207 4599 1384 4668 λόγος.

1782 4596 2031 4650 mularet.
2068 4614 2085 4647 ι
2118 4593 2393 4651 Hactenus
2418 4596 2752 4653 OEnomaus.
2792 4596 2949 4653 Nunc
2975 4613 3103 4654 vero
3135 4598 3203 4653 ad
3235 4611 3355 4652 eam

90 4716 280 4759 mrsus
318 4699 676 4755 oraculorum
712 4695 1105 4767 philosophiam
1146 4695 1327 4750 animo
1367 4702 1421 4749 et
1463 4692 1792 4765 cogitatione
1836 4690 2136 4755 conversis,
2183 4707 2346 4761 quam
2398 4692 2699 4749 maledicus
2757 4694 2846 4748 ille
2900 4710 3085 4749 rerum
3144 4702 3357 4748 nostra—

92 4812 207 4852 rum
245 4811 457 4854 censor
497 4794 845 4864 conscripsit,
883 4792 1080 4864 legesis
1128 4808 1194 4848 ex
1241 4791 1309 4847 iis
1351 4791 1627 4862 responsis
1663 4790 1867 4861 aliqua,
1911 4805 2041 4860 quae
2081 4789 2149 4844 de
2205 4787 2318 4843 fato
2369 4786 2623 4858 Pythium
2662 4786 2899 4842 edidisse
2938 4794 3353 4841 commemorat.

90 4892 165 4949 Ac
188 4893 319 4949 vide
345 4905 487 4946 num
515 4888 782 4960 ejusmodi
833 4903 1051 4959 quoque
1078 4888 1173 4943 tibi
1203 4888 1415 4943 accidat
1440 4894 1551 4942 tota
1598 4887 1713 4941 haec
1746 4885 1815 4940 de
1841 4884 2061 4956 jactatis
2103 4883 2313 4954 pridem
2355 4883 2595 4939 oraculis
2647 4881 2967 4953 disputatio,
3002 4890 3064 4935 ut
3089 4895 3208 4936 eam
3234 4895 3353 4933 ma-

94 4989 176 5061 sis
204 4989 383 5045 etiam
410 5001 586 5057 quam
620 4983 929 5055 superiores
971 4983 1040 5039 ab
1073 4983 1223 5040 omni
1243 4984 1425 5039 divina
1455 4983 1654 5038 virtute
1690 4997 1916 5036 vacuam
1942 4980 2129 5036 haberi
2157 4989 2313 5050 putes
2334 4988 2604 5050 oportere.

154 5157 182 5188 ι
212 5146 305 5201 τσ.
344 5143 658 5215 ἐπέρρωσε.

114 5377 129 5388 _
158 5303 274 5378 (52)
328 5302 529 5360 Ἀλλὰ
582 5302 680 5357 καί
723 5300 1070 5370 Μηθύμνης.
1128 5297 1367 5353 Consule
1414 5296 1674 5351 observa-

1782 5294 1993 5376 Eirroris
2038 5312 2222 5364 causa,
2258 5297 2317 5350 τὸ
2348 5297 2408 5349 οὐ
2442 5296 2621 5365 μόνον,
2646 5292 2819 5348 semel
2852 5291 3161 5359 iterumque
3192 5303 3333 5358 repo‘

97 5386 455 5565 Ὕιὲἷιδοει
500 5442 785 5565 χὲυσέοις,
835 5454 942 5495 non
972 5438 1159 5494 dubito
1210 5437 1343 5507 quin
1389 5436 1674 5519 legendum

100 5517 164 5565 sit
330 5517 500 5565 udum
560 5516 575 5533 ⁹
607 5510 674 5565 αὖ
707 5515 819 5565 τοῖς
844 5509 1134 5565 Διονυσίοις
1157 5548 1173 5565 .
1207 5507 1345 5561 ἀλλὰ
1375 5509 1469 5560 καὶ
1497 5506 1674 5565 ἄλλοις

1782 5376 1962 5506 milii
2012 5438 2340 5501 Ἀπολλων,
2371 5435 2570 5501 ξένου.
2620 5432 2817 5487 Facilis
2861 5438 2977 5485 erat
3015 5427 3327 5499 conjectura

1782 5522 1897 5562 cum
1930 5511 1982 5561 in
2007 5523 2209 5564 excuso
2240 5508 2507 5565 legeretur
2541 5502 2918 5565 ’Δπολλοξένου
2938 5545 2952 5565 ,
2988 5514 3153 5565 sane,
3185 5515 3327 5565 quau

100 5502 179 5571 sit‘
208 5502 270 5570 οὗ
327 5502 575 5587 totum”?
591 5510 674 5587 -αὖ
707 5502 819 5576 τοῖς
844 5509 1134 5587 Διονυσίοις
1157 5548 1173 5574 ,
1198 5502 1345 5587 ἀλλὰ
1375 5502 1473 5587 καί
1497 5506 1674 5587 ἄλλοις

1782 5502 1897 5587 cum
1930 5502 1982 5561 in
2007 5523 2209 5564 excuso
2240 5508 2507 5578 legeretur
2541 5502 2918 5568 ’Δπολλοξένου
2938 5545 2952 5569 ,
2988 5514 3153 5568 sane,
3185 5515 3351 5572 quau.

101 5577 375 5658 παμπόλλ.
398 5627 414 5651 ,
443 5593 556 5639 etc.
587 5583 723 5638 Nam
766 5581 1037 5658 posterius
1065 5579 1320 5658 hoe‘loco
1350 5577 1672 5658 φαλληνοίς,

1782 5579 1988 5635 vitiose.

104 5648 571 5730 supervacaneum
622 5662 740 5720 est,
768 5648 912 5710 'cum
946 5651 1102 5722 prius
1145 5649 1376 5704 alterum
1424 5648 1674 5705 sutliciat.
