3850 6222
487 238 586 293 591

1170 235 1439 291 EUSEBII
1479 233 1961 291 CESARIENSIS
1999 232 2151 290 OPP.
2190 232 2376 289 PARS
2402 232 2554 288 ll.—-
2589 225 3088 289 A'POLOGETiCA.

3652 242 3760 298 592

474 353 618 421 Quid
656 355 822 425 igitur
872 355 1005 409 illud
1047 363 1213 419 erat,
1267 353 1622 422 quamobrem
1678 353 2064 408 Archilochum

2173 351 2283 415 λοις
2320 350 2625 422 ἀνθρώποις
2659 352 2757 423 τῆς
2807 352 2918 406 ἄνω
2954 351 3093 404 ὀδοῦ.
3124 351 3188 404 Τί
3226 355 3483 425 πράττειν
3515 357 3758 419 κελεύεις

472 450 618 503 malo
648 449 870 519 dignum
896 444 1150 518 putares?
1170 444 1247 500 Ne
1274 446 1487 500 caeteris
1515 445 1853 510 hominibus,
1878 460 1912 498 0
1939 446 2069 498 deo-

476 554 600 594 rum
647 540 1083 603 bumanissime,
1138 537 1241 591 hoc
1293 537 1346 590 in
1393 537 1594 591 malum
1653 536 1757 590 iter
1800 536 2065 589 invideas.

477 629 618 697 Quid
652 646 683 685 a
710 631 869 685 nobis
891 631 1114 683 tandem
1146 628 1357 698 exigis?
1405 629 1634 697 Opinor,
1667 635 1728 680 ut
1754 627 2067 682 Archilochi

475 723 725 790 vestigiis
768 722 1108 783 insistamus,
1158 719 1205 774 si
1243 720 1353 773 tuis
1395 719 1541 789 digni
1585 719 1869 789 penatibus
1898 718 2066 772 videri

475 814 786 881 cupiamus.
854 810 1083 866 Acerbis
1116 825 1308 880 nempe
1345 810 1608 865 conviciis
1635 810 1938 865 laceranda:
1972 825 2071 863 no-

473 905 562 961 bis
592 907 876 969 mulieres,
924 920 1046 973 quae
1070 884 1383 973 coniugium
1411 913 1658 956 nostrum
1689 902 2026 971 repudiarint
2051 919 2065 954 :

474 997 764 1053 mordendi
820 1011 1040 1065 quoque
1084 999 1236 1065 pueri
1287 995 1586 1061 meritorii,
1619 1010 1745 1049 cum
1776 995 1935 1063 longe
1967 994 2067 1047 imo

475 1086 680 1156 probos
709 1100 902 1140 omnes
933 1085 1284 1153 improbitate
1316 1100 1379 1138 ac
1406 1084 1610 1152 ﬂagitio
1645 1094 1921 1153 superent.
1970 1083 2072 1138 Ve-

474 1193 601 1232 rum
638 1178 690 1231 id
726 1178 915 1246 utique
942 1193 1101 1230 versu
1132 1176 1450 1231 faciendum
1478 1178 1604 1242 erit,
1630 1176 1774 1245 quod
1803 1192 1866 1230 ea
1896 1177 1968 1230 sit
1991 1175 2070 1229 uti

474 1270 702 1325 deorum
726 1312 740 1335 ,
760 1271 858 1324 sic
888 1269 1199 1323 divinorum
1240 1270 1562 1331 hominum,
1605 1269 1784 1338 qualis
1816 1268 2069 1323 Archilo-

475 1361 615 1415 chus
643 1360 765 1424 fuit,
795 1361 1013 1429 propria
1040 1369 1093 1415 et
1116 1360 1409 1430 peculiaris
1436 1360 1633 1414 oratio.
1667 1359 1853 1429 Neque
1878 1358 1932 1413 id
1957 1358 2071 1412 for-

476 1460 625 1508 tasse
642 1455 863 1508 mirum.
883 1451 1020 1507 Nam
1039 1463 1093 1508 et
1109 1452 1442 1507 familiarum
1475 1454 1704 1518 scilicet,
1736 1454 2069 1523 privataeque

476 1543 607 1600 vitae
638 1546 879 1601 rationes
899 1586 914 1608 ,
940 1554 995 1600 et
1026 1544 1561 1615 rerumpuliliearum
1597 1545 1911 1611 concordia,
1940 1545 2072 1613 opti-
2098 1617 2107 1627 _

474 1637 696 1705 misque
728 1638 940 1709 legibus
962 1637 1260 1692 constituta
1287 1637 1613 1706 populorum
1644 1634 1948 1707 integritas,
1975 1637 2071 1691 hu-

475 1723 569 1794 jus
596 1726 946 1794 potissimum
977 1727 1111 1780 artis
1148 1725 1469 1780 excellentia
1500 1726 1831 1781 continetur.
1854 1747 1859 1751 ν
1883 1727 2068 1796 Itaque

470 1831 580 1872 nec
614 1817 768 1871 illum
796 1817 916 1872 sine
942 1832 1108 1872 causa
1128 1832 1235 1887 pro
1258 1814 1536 1871 Musarum
1576 1818 1773 1872 cliente
1803 1818 2060 1885 habuisti,

473 1916 527 1962 et
553 1906 700 1964 illius
732 1907 1140 1963 interfectorem
1171 1917 1376 1973 vestro,
1424 1908 1527 1962 hoc
1556 1919 1641 1962 est
1670 1907 1856 1961 divino
1879 1946 1895 1971 ,
1931 1923 2064 1962 con-

474 2013 669 2069 gressu
702 2005 757 2052 et
798 2013 931 2052 voce
961 2014 1192 2068 prorsus
1239 1998 1524 2068 indignum
1575 1997 1818 2067 putasti,
1856 1997 1947 2065 qui
1983 1996 2062 2050 vi-

471 2104 598 2143 rum
622 2104 798 2158 usque
823 2090 959 2145 adeo
989 2091 1234 2144 vocalem
1265 2088 1633 2144 interfecerat.
1683 2089 1826 2160 Ergo
1856 2106 1955 2144 nec
1980 2091 2064 2143 in-

470 2176 636 2250 justas
658 2178 882 2234 fuerunt
913 2180 968 2233 in
1000 2181 1259 2234 Archiam
1292 2162 1474 2243 minae,
1493 2194 1601 2233 nec
1630 2179 1940 2247 importuna
1966 2178 2065 2249 Py-

473 2271 624 2337 thia,
672 2258 795 2341 qua:
833 2284 887 2327 et
913 2272 1304 2327 Archilochum
1336 2269 1547 2340 pridem
1571 2270 1697 2325 licet
1718 2272 2059 2349 exstinctum

470 2363 871 2427 ulcisceretur,
918 2376 973 2418 et
1000 2364 1229 2434 'templo'
1252 2363 1797 2432 excedereimpium'
1819 2378 1883 2416 ac
1914 2362 2063 2416 nefa-

472 2456 619 2510 rium
644 2457 919 2510 hominem
935 2456 1171 2526 iuberet.
1192 2455 1422 2525 Quippe,
1442 2453 1722 2510 Musarum
1737 2454 1881 2509 enim
1896 2454 2065 2508 clien-

473 2556 586 2603 tem
621 2548 918 2615 occiderat.
962 2548 1105 2619 Ergo
1134 2563 1311 2617 neque
1347 2547 1481 2601 mihi
1508 2546 1749 2602 absurde
1779 2542 1961 2601 facere
1983 2547 2063 2599 vi-

475 2654 573 2695 sus
604 2654 686 2707 es,
714 2642 844 2695 dum
872 2651 921 2695 te
954 2651 1126 2708 poeue
1155 2639 1427 2694 vindicem
1463 2638 1790 2708 praestitisti.
1838 2636 1975 2692 Nam
2009 2645 2065 2712 et

472 2731 702 2788 alterius
729 2733 862 2786 mihi
894 2741 1068 2803 poetae
1088 2774 1104 2799 ,
1132 2742 1186 2787 et
1219 2747 1499 2787 sacrarum
1534 2729 1811 2801 Euripidis
1838 2744 2064 2787 corona-

474 2837 599 2876 rum
631 2822 685 2876 in
719 2832 956 2877 mentem
991 2823 1161 2877 venit.
1217 2819 1457 2877 Tametsi
1488 2821 1730 2876 dubitem
1765 2821 2060 2885 interdum,

474 2928 653 2984 eoque
680 2914 947 2978 libenter,
976 2899 1133 2968 tndn'
1168 2913 1285 2984 jam
1346 2923 1668 2969 coronatum
1709 2928 1833 2968 eum
1870 2911 2059 2976 fuisse,

474 3004 572 3058 sed
601 3005 956 3073 quamobrem
988 3019 1158 3059 sacra:
1188 3004 1308 3073 ejus
1333 3018 1555 3061 coronae
1576 3003 1850 3069 dicantur,
1885 3018 2064 3073 neque

473 3103 693 3164 partum
728 3095 798 3149 ab
830 3109 897 3149 eo
944 3093 1112 3149 decus
1144 3109 1268 3149 esse
1290 3134 1305 3159 ,
1353 3094 1445 3149 sed
1495 3086 1759 3163 qtiorsum
1780 3093 2061 3151 eximium

476 3188 647 3242 decus
680 3186 811 3241 illud
846 3186 1167 3254 appelletur,
1196 3185 1486 3240 audierim.
1517 3183 1738 3240 Homini
1765 3187 1910 3240 enim
1933 3193 2064 3240 vero

478 3279 639 3333 turba
680 3278 1003 3348 plaudebat;
1060 3278 1194 3332 satis
1228 3279 1333 3332 hoc
1380 3278 1505 3332 novi
1560 3297 1572 3332 :
1627 3277 1872 3348 tyrannis
1921 3277 2063 3331 idem

478 3370 759 3441 placebat;
784 3371 1049 3426 neisthue
1074 3370 1295 3441 quidem
1328 3370 1522 3440 ignoro
1556 3389 1570 3425 :
1604 3379 1771 3439 atque
1796 3370 2063 3440 ejusmodi

2102 1768 2144 1822 Β

2169 444 2353 514 ήμᾶς;
2387 440 2424 514 ἦ
2457 442 2661 514 δηλαδὴ
2702 443 2772 496 τὰ
2820 442 3154 513 Ἀρχιλόχου,
3199 447 3247 497 εἰ
3290 447 3574 519 μέλλοιμεν
3604 447 3750 512 ἄξιοι

2170 534 2455 605 φανεῖσθαι
2481 536 2579 606 τῆς
2606 535 2878 607 ὑμετέρας
2916 536 3120 599 ἑστίας.
3159 537 3482 610 Λοιδορῆσαι
3523 530 3619 609 μὲν
3662 551 3760 587 πι-

2168 625 2318 697 κρῶς
2336 626 2434 690 τὰς
2462 626 2561 679 οὐκ
2586 626 2873 689 ἐθελούσας
2898 629 3029 698 ἡμῖν
3069 626 3380 698 γαμεῖσθαι·
3414 626 3657 697 ἅψασθαι
3700 628 3759 680 δὲ

2168 717 2263 771 καὶ
2283 716 2392 769 τῶν
2412 715 2687 779 κιναίδων,
2723 716 2911 787 ἐπειδὴ
2951 717 3063 771 τῶν
3103 718 3279 771 ἄλλων
3318 717 3570 789 πονηρῶν
3620 719 3761 771 πολὺ

2168 821 2305 875 πονη
2316 804 2523 875 ρότεροί
2550 806 2677 857 sior
2694 806 2797 857 ικαὶ
2819 805 2938 875 οὐχὶ
2965 805 3088 875 δίχα
3113 807 3331 878 μέτρου,
3359 806 3499 875 αὕτη
3515 806 3622 877 γὰρ
3642 807 3765 860 διά-

2168 897 2355 962 λεκτος
2378 899 2471 951 καὶ
2492 898 2650 963 θεῶν,
2679 898 2867 970 ὥσπερ
2890 895 2983 953 οῦν
3010 900 3104 952 καὶ
3125 900 3285 953 θείων
3314 900 3544 971 ἀνδρῶν,
3567 899 3764 972 ῶσπερ

2158 989 2513 1060 ,Ἀρχιλόχοω
2543 992 2652 1043 Καὶ
2681 990 2834 1043 οὐδὲν
2859 990 2987 1054 ἴσως
3014 990 3352 1060 θαυμαστόν·
3388 991 3476 1045 διὰ
3517 991 3627 1063 γὰρ
3654 994 3764 1064 τὴν

2167 1082 2225 1133 ἐν
2275 1080 2483 1143 τούτοις
2530 1081 2801 1152 ὑπεροχὴν
2847 1077 2907 1135 εὖ
2961 1082 3058 1152 μὲν
3103 1078 3249 1159 οἶκος
3301 1083 3553 1148 οἰκεῖται,
3594 1080 3651 1137 εὖ
3700 1083 3764 1136 δὲ

2171 1172 2386 1244 ἰδιώτης
2417 1173 2549 1243 βίος,
2582 1173 2766 1237 πόλεις
2788 1173 2845 1227 δέ
2873 1174 3209 1245 όμοφρόνως,
3239 1175 3334 1228 καὶ
3360 1174 3484 1245 εθνη
3510 1174 3763 1245 εύνόμως

2156 1265 2507 1333 συνεστᾶσιν.
2541 1263 2654 1316 Οὐκ
2690 1263 2997 1327 ἀπεικότως
3034 1264 3143 1335 ἄρα
3176 1282 3257 1318 σοι
3284 1265 3379 1319 καὶ¹
3404 1264 3635 1318 Μουσῶν
3663 1264 3763 1317 θε-

2173 1355 2359 1427 ράπων
2413 1357 2486 1427 (8)
2540 1354 2716 1421 ἔδοξεν
2770 1351 2929 1420 εἶναι,
2987 1358 3082 1410 καὶ
3135 1357 3164 1409 ὁ
3220 1357 3415 1428 φονεὺς
3454 1356 3618 1410 αὑτοῦ
3649 1358 3765 1412 οὐκ

2169 1444 2318 1509 ἄξιος
2356 1440 2497 1499 εἶναι
2542 1445 2642 1515 τῆς
2680 1446 2817 1518 πρὸς
2847 1447 2991 1517 ὑμᾶς
3027 1448 3155 1511 τοὺς
3188 1447 3343 1511 θεοὺς
3369 1448 3597 1511 εἰσόδου,
3632 1449 3766 1502 οὐδὲ

2175 1538 2275 1609 τῆς
2303 1539 2431 1609 παρ’
2462 1538 2615 1609 ὑμῶν
2643 1538 2846 1617 φωνῆς,
2886 1539 3053 1610 ἄνδρα
3080 1540 3244 1609 φονέα
3275 1539 3403 1594 ὅντα
3436 1553 3462 1582 ι
3496 1541 3764 1593 ἀποκτεί-

2171 1648 2287 1694 νας.
2333 1630 2541 1684 Οὔκουν
2570 1631 2806 1703 ἅδικοςὴ
2841 1631 2976 1703 πρὸς
3034 1633 3126 1709 τὸν
3164 1633 3380 1704 Ἀρχίαν
3423 1633 3496 1702 (9)
3534 1634 3763 1704 ἀπειλὴ,

2169 1720 2277 1772 οὐδ’
2321 1719 2547 1789 ἄκαιρος
2584 1722 2617 1791 ἡ
2667 1719 2839 1773 Πυθία
2880 1721 3198 1792 τιμωροῦσα
3230 1721 3308 1791 τῷ
3353 1722 3648 1794 Ἀρχιλόχῳ
3677 1723 3765 1794 τῷ

2171 1811 2339 1864 πάλαι
2375 1810 2573 1881 νεκρῷ,
2605 1812 2699 1865 καὶ
2737 1811 3041 1866 κελεύσασα
3088 1812 3199 1885 (10)
3244 1812 3442 1877 ἐξιέναι
3490 1814 3584 1868 τοῦ
3622 1813 3765 1869 ναοῦ

2178 1904 2271 1957 τὸν
2328 1907 2517 1977 ἐναγῆ
2588 1906 2861 1961 Μουσάων
2909 1905 3019 1977 γὰρ
3078 1907 3369 1960 ἀπέκτεινε
3425 1906 3761 1979 θεράποντα.

2169 1994 2378 2050 Οὔκουν
2405 1996 2517 2067 (11)
2554 1996 2727 2067 ἔμοιγ’
2756 1996 2994 2068 ἐφάνης,
3034 1995 3328 2066 ἐπαμύνων
3381 1997 3460 2069 τῷ
3516 2002 3717 2070 ποιητῇ
3746 2041 3764 2064 ,

2168 2089 2423 2161 ἀπρεπὴς
2453 2084 2612 2145 εἶναι·
2650 2091 2978 2163 ἐμεμνήμην
3005 2088 3113 2163 γάρ
3132 2090 3227 2146 καὶ
3264 2089 3358 2145 τοῦ
3385 2090 3567 2158 ἐεέρου
3593 2108 3766 2163 ποιη-

2167 2180 2284 2244 τοῦ,
2308 2181 2403 2234 καὶ
2434 2180 2540 2234 τῶν
2566 2182 2727 2254 ἱερῶν
2760 2182 2853 2235 τοῦ
2888 2183 3180 2254 Εὐριπίδου
3218 2182 3518 2257 στεφάνων·
3569 2185 3763 2237 καίτοι

2168 2271 2411 2342 ἀπορῶν,
2445 2272 2539 2324 καὶ
2555 2271 2785 2326 ἀκοῦσαι
2815 2273 3118 2343 ἐπιθυμῶν,
3151 2273 3248 2343 οὐχ
3267 2273 3347 2325 ὅτι
3368 2274 3762 2343 ἐστεφανοῦτο,

2168 2363 2303 2416 ἀλλὰ
2343 2363 2458 2427 πῶς
2506 2361 2573 2435 ἦν
2616 2363 2685 2416 τὰ
2715 2364 2885 2434 στέφη
2925 2363 3100 2416 ταῦτα
3136 2365 3277 2434 ἱεράο
3318 2364 3428 2417 οὐδ’
3475 2365 3557 2417 ὃτι
3588 2365 3764 2418 αὑτοῦ

2170 2455 2323 2518 κλέος
2346 2456 2574 2525 ὄρουσαν
2598 2457 2731 2527 (12),
2762 2456 2898 2510 ἀλλὰ
2911 2452 3026 2521 πῶς
3047 2456 3232 2509 ἐσθλὸν
3257 2451 3327 2526 ἦν
3345 2457 3521 2511 τοῦτο.
3558 2458 3763 2531 Ἐκροι

2168 2547 2415 2612 ταλίζετο
2458 2549 2555 2619 μὲν
2617 2548 2726 2620 γὰρ
2764 2551 2825 2602 ἐν
2853 2552 2965 2613 τοῖς
2988 2580 2993 2583 -
3017 2550 3215 2620 ὄχλοις,
3241 2545 3377 2602 οἶδα·
3423 2551 3518 2603 κα)⁵
3554 2551 3765 2621 τυράν-

2168 2656 2280 2704 νοις
2308 2641 2506 2712 ἥρεσκε
2542 2640 2675 2711 (15),
2710 2641 2804 2694 καὶ
2847 2641 3007 2695 τοῦτο
3047 2638 3183 2697 οἶδα·
3222 2644 3319 2696 καὶ
3355 2642 3515 2714 ἔργον
3554 2644 3767 2715 ἐπετή-

2167 2721 2338 2797 δευεν,
2368 2734 2451 2802 ἐφ’
2482 2725 2526 2801 ᾧ
2547 2735 2644 2804 οὐχ
2678 2734 2825 2799 ὅπως
2864 2735 3026 2799 αὐτὸς
3058 2736 3401 2807 ἐθαυμάζετο
3429 2736 3458 2787 ὁ
3490 2736 3762 2807 ἐραστὴς,

2168 2821 2282 2875 ἀλλ’
2314 2823 2413 2894 ἤδη
2443 2824 2535 2877 καὶ¹
2565 2823 2674 2877 τῶν
2699 2823 3000 2895 Ἀθηναίων
3037 2827 3069 2896 ἡ
3119 2826 3273 2890 πόλις
3316 2824 3450 2897 (14),
3492 2826 3572 2877 ὃτι
3613 2826 3763 2897 μόνη

2166 2914 2478 2985 τραγῳδοὺς
2506 2917 2754 2987 ἤνεγκεν.
2790 2918 2853 2970 Εἰ
2885 2914 2982 2987 μὲν
3026 2913 3117 2971 οὖν
3149 2918 3178 2969 ὀ
3210 2917 3402 2989 κρότος
3428 2916 3612 2979 ἱκανὸς
3634 2933 3767 2989 κρι-

2166 3007 2288 3078 τὴς,
2332 3009 2426 3062 καὶ
2467 3011 2500 3079 ἡ
2540 3010 2597 3062 ἐν
2647 3009 2943 3080 ἀκροπόλει
2976 3010 3244 3082 τράπεζα,
3283 3010 3432 3063 οὐδὲν
3465 3008 3546 3061 ἔτι
3582 3008 3764 3077 λέγω,

2170 3097 2383 3168 βλέπων
2415 3100 2472 3152 ἐν
2498 3100 2792 3171 ἀκροπόλει
2820 3100 3140 3156 δειπνοῦντα
3171 3102 3262 3155 τὸν
3296 3100 3611 3172 Εὐριπίδην,
3661 3101 3767 3154 καὶ

2167 3188 2258 3243 τὸν
2294 3190 2595 3261 Ἀθηναίων
2625 3193 2739 3263 ἆμα
2763 3193 2858 3245 καὶ
2889 3193 2979 3246 τὸν
3006 3194 3329 3248 Μακεδόνων
3359 3193 3531 3264 δῆμον
3554 3193 3763 3263 ἐπιφο-

2172 3281 2393 3351 φοῦντα·
2418 3284 2465 3334 εἰ
2492 3283 2548 3336 δὲ
2567 3286 2660 3338 καὶ
2692 3284 2811 3355 δίχα
2832 3285 3033 3338 τούτων
3048 3285 3161 3338 ἔστι
3183 3302 3268 3349 τις
3283 3287 3373 3339 καὶ
3390 3285 3525 3338 θεῶν
3546 3285 3763 3355 ψῆφος,

2171 3375 2265 3426 καὶ
2302 3374 2620 3448 αύτοπιστὴ,
2664 3364 2757 3430 καὶ
2801 3378 2900 3448 οὐχ
2926 3378 3126 3448 ’ἥττων
3170 3374 3415 3454 τῆςῠτῶν
3450 3379 3762 3449 τυράννων,

481 3469 652 3514 artem
679 3459 975 3523 factitabat,
1010 3476 1131 3530 qua:
1174 3475 1282 3512 non
1313 3462 1544 3515 amatori
1577 3476 1678 3516 suo
1706 3469 1937 3526 tantum,
1972 3462 2064 3516 sed

2173 3463 2292 3517 οὐδὲ
2326 3465 2427 3536 τῆς
2468 3465 2577 3519 τῶν
2627 3466 2815 3537 ὄχλων·
2861 3467 3017 3539 φέρε,
3068 3469 3275 3540 φράσον
3331 3470 3463 3539 ἡμῖν
3505 3470 3602 3521 ἐπὶ
3647 3469 3764 3523 τίνι

479 3553 710 3607 Athenis
754 3553 915 3607 etiam
966 3554 1099 3624 ipsis
1148 3553 1566 3610 admirationem
1620 3552 1970 3623 conciliaret,
2048 3552 2234 3625 utpote
2288 3571 2424 3627 quae.
2480 3559 2760 3628 tragoedos
2801 3575 2908 3614 una
2940 3561 3187 3615 omnium
3235 3561 3469 3616 tulisset.
3526 3559 3584 3614 Si
3620 3575 3762 3630 ergo

479 3644 565 3697 vel
598 3643 700 3699 iste
750 3644 997 3727 plausus,
1028 3646 1115 3700 vel
1168 3647 1433 3702 instructa
1480 3649 1534 3701 in
1590 3662 1718 3701 arce
1774 3662 1997 3711 mensa,
2042 3648 2237 3703 idonei
2285 3659 2415 3705 sunt
2460 3650 2565 3706 hoc
2614 3652 2670 3706 in
2716 3668 2913 3723 genere
2955 3654 3167 3717 arbitri,
3210 3654 3348 3708 nihil
3407 3654 3545 3708 addo
3579 3671 3593 3705 :
3627 3652 3763 3707 novi

481 3737 627 3789 enim
658 3745 712 3791 et
735 3736 789 3789 in
818 3752 945 3793 arce
973 3738 1288 3809 Euripidem
1325 3753 1595 3802 ctenasse,
1646 3745 1699 3792 et
1728 3737 2140 3792 Atheniensium
2184 3748 2347 3808 atque
2391 3737 2742 3796 Macedonum
2783 3743 2976 3811 plausu
3023 3742 3353 3796 celebratum
3382 3742 3635 3796 eumdem
3670 3742 3764 3796 [ιι-

482 3832 612 3887 isse.
639 3833 732 3887 Sin
763 3844 945 3889 autem
971 3836 1191 3905 aliquod
1234 3845 1493 3906 praeterea
1544 3835 1771 3889 deorum
1825 3834 2144 3904 sull'ragium
2181 3824 2491 3903 accesserit,
2531 3839 2677 3907 quod
2727 3839 2923 3909 utique
2964 3849 3017 3893 et
3060 3838 3165 3892 ﬁde
3196 3854 3292 3908 per
3318 3849 3454 3894 'sese
3496 3839 3758 3909 dignum,

483 3944 584 3984 nec
632 3939 990 4002 tyrannorum
1059 3931 1249 3987 saltem
1285 3939 1380 3984 aut
1442 3928 1805 3983 multitudinis
1854 3928 2112 3999 opinione
2180 3930 2353 3986 levius
2397 3945 2517 3986 esse
2556 3930 2789 3986 debeat:
2827 3947 2925 4001 age
2956 3931 3052 3998 sis,
3096 3946 3285 4003 prome
3314 3932 3528 3985 tandem
3562 3934 3758 3998 nobis,

567 4151 596 4179 ⁸
635 4157 727 4208 rp.
754 4138 1054 4210 φωνάεντα.

482 4314 930 4445 οὴίῇσέουσῶν
958 4316 1249 4386 eam“,
1273 4325 1379 4373 θίαν
1421 4316 1622 4373 Suidas
1649 4318 1837 4375 eadem
1875 4319 1927 4373 in
1950 4317 2058 4372 Ar-

555 4480 635 4550 (9)
679 4477 795 4550 ΤόνΔ
822 4478 1087 4548 Ἀρχίαν.
1129 4476 1532 4550 Interfectorem
1561 4479 1896 4543 Archilochi,
1932 4478 2063 4550 sui-

484 4547 586 4606 das
630 4558 687 4604 et
729 4548 845 4613 alii,
890 4547 999 4603 non
1053 4550 1334 4611 Archiam,
1368 4559 1429 4604 ιιι
1451 4548 1785 4614 ()Enontaus,
1812 4550 1903 4603 sed
1941 4547 2066 4602 Kal-

485 4620 707 4675 londam
756 4628 973 4687 vocant,
1002 4628 1369 4687 c0gnomento
1404 4620 1700 4673 .Coracem.
1737 4618 2064 4673 Plutarchus

484 4691 563 4745 De
599 4705 717 4743 sera
748 4686 998 4742 Numinis
1033 4686 1289 4759 vindicta,
1327 4704 1449 4759 pag.
1479 4690 1584 4743 560
1609 4688 1649 4741 E
1677 4690 1767 4743 :'U
1794 4689 1900 4759 γὰρ
1922 4690 2065 4759 ,ἀπο-

484 4759 733 4831 κτείνας,
753 4759 947 4831 inquit,
974 4759 1030 4831 ἐν
1056 4760 1124 4831 τῇ
1159 4758 1304 4831 μάχῃ
1322 4758 1427 4831 ,τὸν
1468 4758 1795 4831 ξΑρχίλοχον,
1815 4758 2064 4831 ἐκαλεῖτο

485 4776 726 4823 κτεινας,
753 4776 947 4827 inquit,
974 4776 1030 4811 εν
1056 4776 1124 4831 τῃ
1159 4776 1288 4829 μαχ,
1337 4776 1427 4813 τον
1470 4776 1795 4831 ⁴ΑρχιΑοχον,
1815 4776 2061 4812 εκαλειτο

485 4828 851 4899 Καλλώνδης,
878 4828 964 4899 ὡς
980 4828 1153 4899 ἔοικεν
1170 4776 1331 4898 ’ἦντὲ
1348 4828 1503 4899 αὐτῷ
1521 4779 1713 4899 Κόραξ
1730 4828 2061 4899 ἐπωνύμιον.

499 4897 813 4969 Ἐκὸληθμεὶς
836 4897 892 4950 δὲ
920 4898 986 4969 το
1012 4897 1229 4968 πρῶτον
1405 4897 1503 4969 τῆς
1552 4897 1776 4963 Πυθίας,
1818 4900 1894 4962 ὼς
1922 4897 2069 4969 ἱερὸν

486 4970 656 5042 ἄνδρα
678 4964 784 5042 τῶν
798 4967 1030 5022 Μουσῶν
1053 4964 1507 5042 ἆνῃρηκῲςκεῖτα
1529 4964 2066 5042 χρησάμενοςᾼλιταῖς

485 5037 617 5105 τισί,
666 5040 761 5109 καὶ
809 5037 1323 5109 προτροπαζςίμετά
1360 5037 1739 5107 δικαιολογίας,
1772 5037 2064 5109 ἐκελεύσθη

487 5107 1047 5182 Μρευθεὶςξέπιτὴν
1088 5107 1194 5182 τοῦ
1229 5108 1483 5182 Τέττιγος
1514 5110 1748 5180 οἴκησιν,
1784 5107 2065 5162 ἱλάσασθαι⁹

486 5177 588 5253 τὴν
624 5178 718 5232 τοῦ
760 5177 1072 5250 Ἀρχιλόχου
1104 5177 1303 5249 ψυχήν.

561 5271 671 5339 (18)
713 5271 1088 5325 Κελεύσασα.
1147 5268 1442 5339 Perperam
1490 5270 1543 5323 in
1584 5285 1790 5324 excuso
1835 5269 2063 5335 Graeco,

488 5341 768 5465 ἒελεύσὲις.
800 5340 1003 5396 Versus
1032 5355 1142 5411 quo
1172 5341 1323 5395 illum
1349 5356 1415 5395 ex
1457 5344 1586 5395 lano
1618 5340 1811 5411 Pythia
1836 5341 2063 5409 expulit,

534 5427 581 5465 Ic
615 5428 673 5465 es
735 5429 748 5465 :
1760 5460 1769 5465 .

534 5413 581 5465 ic
615 5420 698 5465 est
735 5429 748 5465 :
886 5442 889 5451 π

490 5504 789 5557 Μουσάων
822 5504 1157 5574 θεράποντα
1182 5501 1561 5568 κατέκτανες,
1586 5500 1737 5574 ἔξιθι
1758 5502 1930 5570 νηοῦ.

564 5574 674 5638 (ll)
720 5573 973 5631 Οὔκουν.
1013 5575 1092 5630 Ita
1122 5576 1311 5641 malui,
1346 5588 1510 5643 quam
1562 5573 1780 5639 οὐκοῦν,
1833 5585 1891 5629 ιιι
1941 5581 2066 5628 ante

494 5641 787 5713 legebatur.

2241 4313 2353 4386 (12)
2393 4312 2588 4386 Αὐτοῦ
2619 4310 2793 4386 κᾼέος
2812 4308 3101 4386 ὄρουσαν.
3145 4310 3405 4365 Existimo
3451 4310 3755 4386 legendum

2164 4381 2330 4447 αὐτοῦ
2362 4386 2442 4446 εἰς
2473 4383 2627 4447 κλέος
2662 4383 2910 4454 ὄρουσαν.
2947 4381 3079 4448 Quae
3125 4391 3396 4454 postrema
3431 4397 3531 4435 vox
3571 4383 3627 4435 in
3664 4386 3758 4437 al-

2166 4465 2284 4511 tero
2308 4450 2807 4508 manuscr.-exstat.
2832 4451 2899 4511 Et
2922 4468 3048 4507 vero
3074 4450 3597 4521 repetitCEnomaus
3625 4471 3761 4507 ora-

2166 4528 2276 4581 culi
2306 4526 2490 4587 verha,
2527 4539 2647 4592 pag.
2679 4525 2907 4591 pra:ced.
2942 4524 3033 4578 ubi
3063 4523 3359 4593 legebatur,
3385 4522 3478 4574 καὶ
3505 4523 3563 4585 ἐς
3588 4523 3759 4587 κλέος

2166 4596 2352 4649 ἐσθλὸν
2383 4593 2617 4666 ὀρούσει.

2239 4667 2350 4735 (15)
2398 4661 2722 4732 Τιερὰννοις
2748 4662 2992 4735 ἤρεσκε.
3033 4663 3358 4735 Archelaum
3413 4661 3493 4735 in_
3525 4662 3757 4735 primis,

2166 4730 2496 4790 Macedonia:
2535 4749 2710 4803 regem
2746 4730 3019 4801 intelligit,
3047 4734 3188 4802 apud
3239 4748 3401 4802 quem
3453 4730 3759 4802 Euripides

2166 4807 2341 4877 gratia
2373 4815 2427 4877 et
2453 4805 2772 4877 auctoritate
2795 4806 3212 4877 valuitdnirum
3243 4810 3529 4877 quantum.

2159 4870 2196 4925 ,⁷
2238 4877 2348 4943 (li)
2375 4874 2702 4942 Ἀθηναίων
2722 4874 2977 4943 ᾐίπόλις.
2998 4872 3172 4927 Etiam
3201 4870 3340 4942 apud
3372 4872 3576 4943 hostes.
3614 4870 3764 4926 Plua

2167 4942 2392 5000 tarchus
2430 4946 2573 4998 enim
2628 4944 2680 4997 in
2718 4942 2899 5005 Nicia,
2926 4945 3029 4997 sub
3071 4944 3191 5006 lin.,
3235 4957 3359 5011 pag.
3389 4942 3517 5005 542,
3547 4953 3763 4997 auctor

2166 5030 2271 5081 εει,
2304 5015 2516 5069 Siculos
2541 5014 2797 5075 victores,
2829 5015 3166 5081 captivorum
3200 5013 3622 5066 Atheniensium
3659 5015 3766 5068 be-

2167 5102 2236 5140 ne
2266 5087 2451 5139 multis
2481 5084 2709 5138 salutem
2740 5082 2973 5148 dedisse,
3003 5085 3148 5151 quod
3181 5083 3250 5137 ab
3276 5082 3385 5136 illis
3410 5097 3604 5151 versus
3638 5081 3765 5136 Eu-

2168 5157 2358 5224 ripidis
2390 5155 2605 5222 aliquos
2629 5153 2978 5224 didicissent;
3010 5149 3288 5224 additque,
3322 5151 3430 5224 τῶν
3457 5149 3762 5224 σωθέντων

2166 5221 2349 5279 οἴκαδε
2392 5221 2615 5294 συχνοὺς
2658 5221 3004 5294 ἀσπάσασθαι
3040 5223 3131 5294 τὸν
3158 5222 3454 5294 Εὐριπίδην
3483 5222 3766 5294 φιλοφρό-

2165 5313 2290 5359 νως,
2318 5296 2412 5348 καὶ¹
2452 5291 2773 5362 διηγεῖσθαι,
2798 5294 2923 5353 τοὺς
2952 5294 3068 5360 μὲν,
3116 5293 3197 5345 ὅτι
3218 5291 3554 5353 δουλεύοντες
3581 5291 3764 5362 ἀφεί-

2168 5365 2369 5436 θησαν,
2416 5364 2780 5436 ἐνδιδάξαντες
2832 5363 2932 5436 iisan
2981 5363 3088 5436 τῶν
3126 5362 3355 5436 ’ἐκείνου
3422 5368 3767 5436 ποιημάτων

2166 5431 2490 5506 ἐμέμνηντοο
2541 5433 2785 5506 τους-ηδε,
2834 5432 2914 5483 ὅτι
2966 5431 3302 5506 πηλανξτῳενοι
3338 5432 3471 5506 μετᾲ
3489 5434 3616 5506 *τὴν
3659 5440 3783 5505 ματ

2166 5500 2290 5576 χὴν,
2313 5505 2518 5579 τροφῆς
2545 5502 2638 5557 καὶ
2667 5501 2856 5564 ὓδατος
2889 5500 3202 5573 μετέλαϐον,
3231 5500 3349 5556 τῶν
3375 5500 3555 5573 μελῶν
3585 5500 3769 5575 ᾄσαν-

2166 5591 2274 5639 τες.
