3850 6222
141 338 209 393 ιιι
1218 343 1540 400 ΡΒᾹΞΡΑΒ.
1577 345 1619 400 Ε

1730 344 1836 404 NG.
1875 346 2002 401 LIB.
2046 346 2107 400 ν.

3198 344 3306 399 ιιοῖ

138 459 231 526 ημῖν
254 453 310 508 τὰ
330 454 444 525 περὶ
459 452 549 508 τοῦ
576 455 808 511 θανάτου
842 458 1048 526 ἔδειξας
1076 462 1172 516 καὶ
1199 462 1301 533 τῆς
1331 463 1479 533 ζωῆς
1497 505 1513 530 ,
1547 466 1624 518 ὅτι

1736 467 1930 522 mortis
1983 467 2378 530 decreverunt,
2431 465 2577 534 quod
2621 464 2798 521 lenius
2849 464 3200 521 Charitonem
3253 477 3307 520 ct

80 544 81 551 “
138 542 356 598 κάλλιστόν
392 543 442 596 τί
483 544 628 599 ἐστιν
669 547 706 616 ἡ
751 548 918 619 ζωή.»
937 550 1058 604 Ἐπὶ
1092 550 1301 617 τούτοις
1332 552 1503 609 ἅπασι
1536 556 1631 610 καὶ

135 634 217 689 τόδε
237 634 555 705 προσκείσθω.

547 917 942 973 ΚΕΦΔΛΔῙΟΝ
993 922 1134 987 ΔΕΓ.

138 1027 223 1082 ὀτι
254 1029 334 1083 καὶ
366 1026 470 1097 τὴν
493 1028 739 1098 ἄψυχον
767 1028 927 1098 ὓλην
956 1029 1159 1086 σέϐειν
1196 1032 1621 1102 προσέταττον.

139 1159 154 1193 ι
184 1141 327 1196 Ἀλλὰ
348 1140 435 1194 καὶ
480 1142 809 1211 Μηθύμνης
836 1142 947 1213 (42)
976 1142 1217 1212 ναέταις
1244 1145 1401 1200 πολὺ
1443 1146 1627 1202 λώϊον

131 1281 381 1349 hum-6r
405 1279 610 1351 τιμῶσι
631 1283 940 1337 Διονύσοιο
969 1282 1259 1353 κάρηνον.
1311 1215 1520 1288 [ἔσται
1538 1258 1553 1282 ’

131 1397 273 1453 Θύουσι
294 1397 391 1468 γὰρ
418 1398 472 1451 αἱ
502 1397 691 1461 πόλεις
720 1399 813 1451 καὶ
845 1397 1065 1462 τελετὰς
1102 1398 1346 1468 ἄγουσιν,
1380 1401 1442 1455 ού
1469 1402 1629 1473 μόνον

131 1491 345 1560 φαλληνοίς
362 1489 629 1543 Διονύσοιο
660 1490 935 1563 καρήνοις,
968 1490 1107 1545 ἀλλὰ
1134 1493 1228 1546 καὶ
1262 1491 1504 1558 λιθίνοις,
1533 1494 1629 1548 καὶ

127 1584 341 1655 χαλκέοις,
386 1587 474 1640 καὶ
525 1585 800 1658 χρυσέοις.
841 1585 950 1655 (45)
982 1585 1059 1639 Οὐ
1108 1586 1269 1657 μόνον
1316 1587 1626 1659 φαλληνοῖς,

127 1676 223 1729 ἀλλὰ
242 1677 512 1740 minimi;
540 1678 654 1739 τοῖς
690 1675 1007 1739 Διονυσίοις,
1034 1677 1130 1729 καὶ
1157 1675 1338 1739 ἄλλοις
1369 1679 1626 1749 παμπόλ-

1739 554 2103 625 Melanippum
2134 555 2403 612 habuerit.
2449 556 2517 609 At
2559 563 2617 611 tu
2650 555 2775 611 vitae
2805 556 3107 626 mortisque
3138 557 3308 611 ratio-

1733 664 1853 712 nes,
1886 649 1975 701 vix
2007 648 2155 713 licet,
2190 648 2447 716 praeclare
2477 657 2654 702 tamen
2684 647 3023 717 expressisti,
3050 647 3180 702 dum
3203 647 3308 702 hoc

1726 734 1875 791 facto
1920 738 2084 792 vitam
2128 737 2392 793 eximium
2445 738 2704 808 quiddam
2733 752 2856 794 esse
2874 736 3292 810 comprobasti.»

1717 829 1931 897 Quibus
1956 833 2211 887 omnibus
2238 833 2343 888 hoc
2370 842 2706 902 postremum
2734 829 3116 902 adjungamus.

2265 926 2496 982 CAPUT
2534 925 2776 982 XXXVI.

1763 1038 1901 1093 Illos
1924 1039 2085 1092 eti-ant
2104 1037 2353 1107 jussiue,
2383 1045 2440 1091 ut
2468 1037 2695 1091 materia
2724 1036 2966 1090 inanima
2993 1034 3275 1091 coleretur.

1736 1169 1757 1204 ι
1794 1151 1893 1206 Res
1918 1152 2013 1205 tibi
2048 1149 2367 1221 Methymna:
2394 1149 2600 1221 felicius
2632 1147 2806 1202 incola
2834 1148 2998 1216 cedet,

1734 1291 1793 1348 Si
1819 1292 2018 1346 Bacchi
2042 1300 2199 1362 caput
2223 1306 2289 1345 ea:
2323 1292 2473 1345 tereti
2503 1289 2809 1346 venerabere
2838 1287 3003 1359 ligno.

1728 1405 1939 1460 Passim
1987 1406 2188 1476 quippe
2231 1405 2479 1459 civitates
2508 1444 2521 1467 ,
2569 1419 2679 1457 non
2730 1402 2913 1472 lignea
2956 1399 3159 1465 modo,
3212 1398 3305 1452 sed

1728 1498 1894 1552 etiam
1924 1497 2157 1567 lapidea,
2189 1511 2352 1561 aerea,
2377 1510 2544 1549 aurea
2577 1493 2772 1549 Bacchi
2797 1492 2998 1562 capita,
3026 1488 3309 1547 sacriﬁciis

1730 1603 1795 1642 ac
1828 1587 1986 1643 statis
2017 1586 2373 1657 religionibus
2405 1594 2776 1640 venerantur:
2812 1584 2923 1638 imo
2960 1597 3069 1636 non
3109 1580 3307 1636 Bacchi

1732 1686 1943 1732 tantum
1976 1678 2154 1747 capita
2174 1716 2189 1741 ,
2220 1676 2316 1731 sed
2346 1676 2486 1731 alios
2514 1675 2679 1730 etiam
2708 1676 2998 1745 plerosque
3020 1673 3185 1739 deos,
3212 1672 3308 1741 qui

124 1769 202 1831 λαις
232 1768 509 1831 Ἠσιοδείοις
559 1766 722 1831 Θεοῖς.
782 1768 914 1839 Τρὶς
941 1765 1051 1838 γὰρ
1095 1766 1171 1829 ὡς
1200 1767 1417 1839 ἀληθῶς
1450 1768 1624 1840 μύριοέ

1733 1771 1952 1828 Hesiodi
2026 1772 2227 1828 fabulis
2292 1770 2655 1827 celebrantur.
2720 1768 3012 1824 Enimvero
3084 1765 3307 1838 triginta

124 1864 220 1916 εἰσιν
243 1864 319 1916 ἐπὶ
343 1861 480 1932 χθονὶ
510 1860 932 1932 πουλυϐοτείρῃ,
956 1859 1057 1911 οὐκ
1086 1858 1365 1923 ἀθάνατοι,
1397 1859 1536 1914 ἀλλὰ
1558 1860 1630 1913 λί-

123 1953 218 2007 θινοι
239 1955 315 2007 καὶ
338 1952 525 2019 ξύλινοι
556 1952 813 2005 δεσπόται
843 1949 1177 2022 ἀνθρώπων⁸
1213 1950 1287 2016 οἳ,
1332 1952 1382 2004 εί
1414 1950 1627 2023 ἀνθρὼ-

123 2062 204 2099 πων
222 2045 349 2115 ὒὸριν
371 2062 426 2098 τε
449 2044 545 2098 καὶ
574 2043 834 2113 εὐνομίην
862 2040 1140 2113 ἐφεώρων,
1178 2043 1281 2095 οὐκ
1326 2042 1394 2096 ἂν
1438 2041 1630 2095 τοσοῦ·-

121 2135 309 2207 τοςήρθη
343 2135 517 2205 λῆρος,
565 2132 706 2187 ὥστε
729 2132 823 2186 καὶ
844 2131 941 2203 ήδη
969 2132 1064 2186 καὶ
1114 2133 1306 2203 μέχρις
1347 2131 1502 2202 ὑμῶν
1532 2148 1629 2185 κε-

118 2225 356 2296 χωρηκέναι
381 2225 439 2279 τὸ
462 2225 658 2289 κακὸν,
679 2222 964 2277 ἐπιδιαϐὰν
989 2226 1083 2278 καὶ
1110 2227 1191 2287 είς
1213 2223 1305 2277 τὸν
1326 2223 1627 2294 Ὄλυμπον,

118 2316 326 2387 bonum,
348 2318 490 2372 θεῶν
511 2317 658 2385 ἕδος
676 2317 951 2387 ἀσφαλὲς
984 2317 1115 2371 alet.
1154 2316 1347 2370 Καίτοι
1377 2317 1424 2371 εί
1453 2319 1630 2387 ἀσφα-

116 2403 256 2480 ἓςῆν,
277 2410 362 2463 οὒκ
382 2404 447 2481 ἦν
477 2408 746 2463 ἐπιόατδν
772 2408 940 2481 λήρῳ,
974 2408 1083 2461 οὐδ’
1107 2407 1173 2461 ἂν
1205 2402 1286 2472 εἷς
1316 2425 1403 2473 τις
1440 2409 1631 2479 Ὀλυμ-

116 2500 211 2553 τίων
232 2503 300 2565 εἰς
323 2501 470 2555 τοῦτο
494 2497 637 2573 ἦλθε
666 2500 986 2574 παρανοίας,
1025 2499 1155 2554 ὥστ’
1179 2500 1389 2555 ἐλάϊνον
1421 2501 1629 2574 κορμὸν

115 2590 258 2645 θεῶσαι
275 2610 288 2623 ’
318 2591 372 2647 ὃν
404 2594 452 2646 οἱ
480 2592 837 2665 Μηθυμναῖοι
862 2591 1109 2663 σαγήνης
1142 2591 1491 2662 ἐμπλακέντα
1515 2592 1629 2655 τοῖς

112 2681 227 2747 λίνοις
268 2684 608 2748 ἀνείλκυσαν,
657 2684 752 2738 καὶ
778 2684 879 2750 δὶς,
920 2686 969 2738 εί
993 2684 1194 2755 βούλει,
1222 2684 1317 2739 καὶ
1348 2685 1488 2756 τρὶς,
1530 2683 1628 2736 καὶ

112 2774 331 2840 πλεονάκις
369 2779 424 2830 ἐν
458 2776 536 2848 τῷ
570 2774 723 2847 αὐτῷ
751 2775 1140 2847 σαγηνεύοντες
1183 2775 1280 2831 ἄνθ
1289 2791 1462 2847 ρωποι
1482 2813 1499 2839 ,
1533 2774 1629 2829 καὶ

114 2863 343 2928 ὲξὲκείνου
370 2869 448 2933 είς
475 2868 539 2921 τὺ
567 2867 810 2921 Διϐυκὸν
837 2865 1227 2931 ἐξοκείλαντες,
1268 2866 1375 2920 οὐδ’
1422 2869 1504 2929 είς
1528 2865 1629 2937 τὴν

112 2950 180 3020 γῆν
202 2952 613 3019 ξωέκδαλόντες
647 2954 810 3008 αὐτόν
828 2971 842 2985 υ
878 2954 1002 3007 ἐπεὶ
1023 2955 1124 3009 οὐκ
1151 2954 1245 3014 ἂν.
1268 2954 1344 3025 μὰ
1386 2954 1479 3008 τὸν
1505 2954 1627 3009 Διό-

113 3057 235 3109 νυσον,
262 3044 331 3099 ἔτι
352 3047 529 3112 αὐτοῖς
550 3045 829 3117 ἐνεπλάκη
858 3048 969 3109 τοῖς
988 3045 1174 3111 λίνοις.
1205 3047 1346 3100 Ἀλλ’
1372 3047 1432 3116 ἐξ
1454 3047 1625 3124 ἄκρου

115 3136 390 3209 ιεφαλοειδής
438 3140 467 3192 ὁ
498 3138 713 3211 κορμὸς
754 3136 1042 3207 (Ἄπολλον
1066 3177 1082 3203 ,
1111 3137 1261 3203 ξένου
1296 3138 1410 3210 (44)
1453 3156 1622 3193 κατα-

116 3228 479 3302 πευάσματοςι)
501 3232 555 3285 τί
587 3233 711 3285 ποτ’
736 3226 829 3285 οὖν
855 3231 1120 3302 ἔπραττεν
1154 3231 1314 3303 ἐντῷ
1363 3232 1620 3302 πελάγει;

114 3318 369 3394 ἀπρήσειεν
409 3324 473 3380 ἄν
510 3343 622 3389 τις.
671 3324 738 3377 Τί
778 3324 888 3395 γὰρ
934 3323 1062 3379 ἄλλο
1085 3323 1119 3395 ἢ
1144 3324 1410 3398 ἐκάθητο;
1443 3324 1622 3396 νὴτὺν

114 3408 192 3472 Δία,
217 3414 473 3485 ἀναμένων
523 3416 638 3480 ἕως
684 3414 959 3488 ἄνθρωποι
1004 3416 1318 3488 μαινόμενοι
1377 3417 1475 3489 (ού
1512 3417 1622 3489 γὰρ

116 3505 222 3575 φήσω
237 3511 308 3562 ὃτι
332 3511 421 3564 καὶ
448 3510 599 3575 θεοὶ)
640 3511 1050 3582 ἐγκυρήσαντες
1068 3507 1238 3579 αύτῷ,
1264 3508 1326 3562 οὐ
1343 3508 1618 3573 Διοπετὲς,

114 3595 204 3650 ἀλλὰ
235 3600 685 3665 Ποσειδωνοπετὲς
726 3601 1060 3672 ἡγήσωνται,
1097 3601 1333 3655 κᾶπειτα
1382 3602 1460 3664 εἰς
1486 3598 1620 3653 ἄστυ

113 3685 414 3758 ἀπαγάγωσιν,
446 3693 644 3765 ὥσπερ
664 3692 788 3745 τινὰ
812 3691 1018 3764 ἀγαθὴν
1039 3691 1229 3763 τύχην,
1254 3691 1431 3763 κακὴν
1457 3687 1621 3745 οὖσαν

111 3775 159 3841 ὡς
181 3780 359 3853 ἀληθῶς
379 3826 394 3851 ,
422 3785 485 3837 ού
528 3785 731 3855 τύχην,
767 3782 901 3836 ἀλλὰ
927 3782 1210 3852 τυφεδόνα.
1244 3783 1314 3835 ’Ἡ
1337 3782 1436 3836 οὐκ
1462 3783 1621 3854 ήρκει

112 3865 185 3937 ἄρα
198 3872 350 3937 αὐτάς
371 3874 582 3930 οἴκοθεν
608 3873 944 3937 διολλύουσα,
973 3872 1086 3924 ἀλλ’
1119 3871 1289 3943 αὐτὴν
1316 3870 1563 3942 ἐπέρωσέ
1593 3883 1619 3912 ι

110 3973 151 4012 τε
172 3964 243 4017 καὶ
262 3968 635 4036 προσεπέτεινε
668 3964 1012 4036 θεοπληξίας,
1044 3963 1120 4028 ὡς
1151 3962 1218 4017 ἄν
1246 3980 1330 4028 τις
1357 3962 1531 4027 ετποι,
1558 3965 1622 4016 ἐκ

107 4050 272 4124 Δελφῶν
292 4060 677 4131 μετάπεμπτος
697 4056 955 4129 ἐπιθήκη.
991 4076 1009 4108 ι
1039 4055 1278 4109 Τοιαῦτα
1306 4054 1402 4107 καὶ
1429 4057 1458 4107 ὁ
1479 4054 1624 4107 Οἰνό-

112 4158 223 4210 μαος.
255 4147 397 4202 Ἀλλὰ
419 4150 529 4221 γὰρ
563 4148 707 4221 μετὰ
747 4147 815 4201 τὰ
850 4146 1135 4219 εἰρημένα,
1185 4144 1425 4217 μεταϐὰς
1466 4139 1622 4208 αὖθις

109 4234 262 4313 ἐπὶτήν
288 4244 346 4297 ἐκ
374 4243 571 4314 λογίων
606 4242 927 4314 φιλοσοφίαν
955 4240 1048 4295 τοῦ
1075 4240 1172 4313 τήν
1194 4240 1313 4294 καθ’
1331 4240 1487 4312 ήμῶν
1514 4240 1624 4294 δια-

110 4325 225 4401 εῡλὴν
253 4337 608 4407 πεποιημένου
640 4377 656 4401 ,
693 4333 962 4403 ἀνάγνωθι
995 4336 1059 4387 ἐκ
1100 4332 1210 4386 τῶν
1245 4333 1375 4403 περὶ
1428 4334 1624 4404 εἱμαρ-

111 4421 235 4493 μένης
253 4426 335 4480 τοῦ
354 4429 557 4483 Πυθίου
592 4425 867 4499 χρησμῶν
886 4444 899 4456 ·
932 4427 980 4479 εί
1004 4426 1078 4498 μὴ
1102 4425 1198 4478 καὶ
1226 4424 1308 4477 σοὶ
1333 4423 1483 4486 θείας
1526 4422 1620 4475 ἁλ-

110 4509 265 4585 λάτριος
291 4518 357 4573 ὣν
381 4521 673 4592 δυνάμεως
706 4519 789 4572 ἔτι
827 4517 1045 4590 μᾶλλον,
1080 4518 1109 4569 ὁ
1150 4518 1278 4589 περὶ
1316 4515 1426 4569 τῶν
1462 4514 1621 4588 θρυλ-

110 4601 321 4676 λωμένων
352 4614 708 4685 χρηστηρίων
768 4612 1118 4664 ὑποπεσεὴαι
1151 4610 1328 4679 λόγος.

1728 1865 1911 1936 plane,
1958 1879 2070 1919 non
2115 1864 2231 1934 jam
2260 1862 2688 1929 immortalium,
2734 1860 2829 1916 sed
2860 1860 3221 1931 lapideorum,
3254 1868 3310 1914 et

1728 1957 2031 2028 ligneorum
2053 1955 2279 2010 humani
2302 1955 2515 2025 generis
2541 1953 2888 2009 dominorum
2916 1951 3106 2016 millia,
3123 1951 3308 2006 nutrix

1728 2046 2087 2113 animantium
2119 2056 2263 2102 terra
2289 2047 2691 2116 complectitur,
2720 2047 2812 2113 qui
2844 2042 3109 2114 profecto,
3141 2043 3188 2098 si
3214 2057 3310 2097 co-

1729 2138 2041 2210 gnoscendo
2086 2138 2371 2193 hominum
2422 2138 2614 2194 sceleri
2641 2181 2656 2199 ,
2704 2136 2925 2207 iurique
2970 2143 3307 2206 praeessent,

1730 2246 2011 2301 nunquam
2037 2246 2104 2287 eo
2129 2246 2398 2302 nugarum
2421 2231 2639 2286 vanitas
2661 2230 3012 2295 excrevisset,
3035 2228 3114 2283 uti
3147 2225 3314 2299 335

1730 2324 1797 2380 ad
1821 2340 1920 2380 vos
1965 2339 2140 2395 usque
2180 2324 2384 2378 malum
2430 2322 2779 2394 perveniret,
2825 2320 3054 2391 Olympo
3090 2334 3308 2389 quotgue

1729 2426 2007 2489 superato,
2032 2418 2126 2471 ubi
2158 2416 2369 2483 dtvum,
2395 2416 2576 2470 aiunt:
2602 2413 2763 2469 Sedes
2783 2429 2970 2468 secura
3000 2428 3091 2482 per
3116 2427 3303 2467 avum.

1728 2506 1862 2575 Quae
1894 2507 2162 2563 securitas
2193 2505 2241 2561 si
2273 2520 2399 2560 vere
2424 2506 2746 2575 iactaretur,
2775 2517 2950 2572 nugas
2981 2516 3175 2558 omnes
3211 2517 3312 2557 ex-

1727 2601 2006 2665 cluderet,
2059 2613 2160 2654 nec
2201 2596 2577 2669 Olympiorum
2622 2595 2913 2667 quisquam
2961 2608 3029 2648 eo
3071 2595 3311 2649 vesania

1728 2690 2070 2754 devenisset,
2109 2697 2168 2742 ut
2213 2685 2499 2756 oleagineo
2527 2684 2741 2740 caudici
2776 2683 3117 2738 divinitatem
3162 2684 3310 2738 inse-

1727 2790 1892 2836 reret.
1963 2779 2119 2835 Illum
2188 2777 2389 2834 etenim
2458 2790 2672 2846 sagente
2732 2775 2966 2845 plagulis
3035 2774 3307 2829 irretitum

1728 2871 2170 2943 Methymnenses
2193 2878 2565 2931 extraxerant,
2593 2867 2758 2938 idque
2782 2867 2952 2921 semel
2975 2867 3306 2937 iterumque,

1727 2963 1776 3019 si
1809 2962 2027 3031 placet,
2073 2960 2186 3015 imo
2217 2959 2383 3015 etiam
2436 2958 2595 3013 tertio
2620 2998 2636 3025 ,
2687 2956 2774 3011 vel
2806 2956 3006 3027 saepius
3052 2955 3310 3013 demissis

1726 3050 1981 3108 eumdem
2019 3049 2073 3105 in
2097 3050 2275 3106 locum
2308 3049 2517 3104 retibus
2556 3044 2841 3104 fecerant:
2888 3046 3016 3103 inde
3048 3061 3179 3101 vero
3215 3046 3308 3102 Li-

1728 3144 1927 3217 bycum
1972 3142 2026 3197 in
2076 3156 2229 3197 mare
2254 3141 2440 3205 delati,
2480 3154 2830 3210 nequaquam
2860 3154 2986 3194 eum
3019 3139 3074 3193 in
3104 3147 3307 3194 terram

1727 3244 2099 3293 excusserant.
2138 3233 2197 3290 ιιι
2228 3233 2375 3288 enim
2418 3233 2463 3288 si
2511 3231 2809 3298 fecissent,
2863 3245 2974 3287 non
3015 3230 3133 3302 jam
3160 3272 3175 3297 ,
3211 3247 3309 3303 per

1726 3326 2023 3395 Bacchum,
2053 3327 2275 3383 easdem
2307 3325 2375 3381 ad
2400 3324 2647 3397 plagulas
2682 3323 3022 3381 adhaesisset.
3059 3323 3131 3379 At
3155 3325 3305 3380 enim

1727 3420 1936 3474 caudex
1963 3419 2019 3472 in
2049 3418 2244 3488 capitis
2276 3417 2512 3488 speciem
2551 3432 2582 3471 a
2613 3431 2835 3472 summo
2872 3417 3057 3487 stipite
3082 3416 3305 3473 confor-

1728 3522 1909 3567 matus
1944 3511 2089 3582 (rem
2115 3552 2131 3579 ,
2168 3526 2202 3566 o
2243 3511 2465 3581 Apollo,
2508 3510 2801 3565 admodum
2838 3508 3211 3581 prodigiosam
3240 3510 3253 3562 !
3285 3509 3304 3579 )

1729 3601 1862 3672 quid
1904 3616 2089 3655 rarum
2137 3600 2191 3655 in
2242 3601 2431 3655 mari?
2473 3608 2682 3671 quierat
2734 3600 2968 3656 fortasse
3006 3600 3302 3671 quispiam.

1731 3692 1875 3761 Quid
1918 3709 2048 3749 vero
2092 3693 2277 3761 aliud,
2321 3693 2427 3748 nisi
2473 3702 2539 3747 ut
2576 3693 2775 3749 ibidem
2820 3692 3080 3763 iaceret?
3124 3690 3308 3747 Donec

1731 3784 2008 3839 enimvero
2029 3782 2220 3840 furiosi
2242 3785 2514 3851 homines,
2538 3784 2721 3855 (piget
2745 3784 2888 3840 enim
2921 3785 3052 3839 deos
3078 3781 3306 3851 dicere.)

1729 3872 1784 3929 in
1814 3888 1938 3929 eum
1971 3873 2296 3942 incidentes,
2330 3889 2440 3929 non
2479 3889 2509 3929 a
2538 3872 2671 3930 Jove
2708 3874 3007 3931 demissum
3044 3873 3261 3945 quidem
3288 3912 3303 3936 ,

1729 3964 1826 4022 sed
1875 3981 1907 4019 a
1968 3965 2217 4035 Neptuno
2274 3967 2537 4022 emissum
2586 3965 3306 4035 crederent,eumdemque

1729 4059 2078 4130 postmodum
2106 4059 2161 4113 in
2191 4059 2403 4123 urbem,
2436 4057 2712 4128 quoddam
2740 4058 2906 4115 veluti
2940 4058 3173 4114 fortuna:
3214 4058 3304 4112 lae-

1730 4150 1886 4205 tioris
1927 4165 2086 4205 omen
2114 4191 2130 4217 ,
2179 4149 2526 4215 inveherent,
2579 4148 2850 4205 funestam
2901 4166 2961 4206 re
2998 4150 3149 4220 ipsa,
3194 4166 3304 4205 non

1729 4239 2030 4308 fortunam,
2058 4241 2150 4296 sed
2181 4240 2353 4295 facem
2382 4241 2535 4296 urbis
2562 4241 2825 4296 futuram.
2855 4240 2965 4298 Nec
2991 4243 3140 4297 enim
3171 4242 3305 4298 satis

1728 4332 1984 4386 videlicet
2016 4331 2082 4387 ad
2126 4332 2351 4389 exitium
2403 4332 2470 4388 iis
2502 4342 2620 4388 erat
2650 4332 2906 4387 intestina
2946 4334 3149 4403 pestis,
3178 4332 3302 4388 ’nisi

1729 4424 1885 4479 novis
1912 4439 2033 4478 eam
2063 4424 2416 4479 incrementis
2445 4440 2510 4480 ac
2541 4424 2747 4480 viribus
2777 4424 3011 4480 incussa:
3036 4426 3301 4480 divinitus

1724 4516 1897 4587 plagae
1921 4517 2165 4571 accessio
2195 4515 2435 4587 Delphis,
2467 4525 2527 4571 ut
2557 4517 2630 4571 ita
2666 4517 2882 4586 loquar,
2915 4517 3181 4571 arcessita
3207 4532 3304 4570 cu-

1724 4607 1977 4661 mularet.
2013 4625 2030 4658 »
2064 4604 2338 4662 Hactenus
2363 4607 2697 4663 (Enomaus.
2736 4606 2893 4663 Nunc
2920 4623 3048 4663 vero
3079 4608 3148 4663 ad
3180 4622 3300 4663 eam

111 4711 250 4762 mrsus
278 4711 615 4767 oraculorum
655 4706 1049 4778 philosophiam
1090 4706 1273 4761 animo
1311 4713 1365 4760 et
1407 4703 1736 4776 cngitatione
1780 4701 2080 4766 conversis,
2128 4717 2291 4772 quam
2343 4702 2644 4759 maledicus
2702 4704 2792 4759 ille
2846 4719 3030 4759 rerum
3089 4712 3302 4758 nostra-

112 4808 196 4851 mm
224 4816 394 4860 censor
432 4805 789 4876 conscripsit,
828 4804 1023 4875 legesis
1072 4820 1139 4860 ex
1187 4803 1255 4859 iis
1296 4803 1571 4874 responsis
1608 4801 1811 4872 aliqua,
1856 4815 1986 4870 quae
2026 4800 2094 4855 de
2150 4798 2264 4853 fato
2314 4797 2568 4869 Pythium
2607 4796 2844 4853 edidisse
2883 4804 3298 4852 commemorat.

109 4887 165 4945 Λα
182 4893 279 4953 vide
299 4915 421 4957 num
448 4900 727 4973 ejusmodi
777 4914 995 4970 quoque
1021 4900 1118 4954 tibi
1148 4899 1359 4955 accidat
1384 4905 1496 4953 tota
1542 4899 1658 4952 haec
1691 4896 1759 4952 de
1786 4895 2006 4967 jactatis
2048 4893 2258 4965 pridem
2300 4893 2540 4949 oraculis
2592 4892 2912 4963 disputatio,
2948 4901 3009 4946 ut
3035 4905 3154 4946 eam
3179 4905 3298 4943 ma-

114 4985 173 5055 ιίί
194 4992 331 5049 etiam
355 5012 518 5067 quam
555 4995 873 5067 superiores
916 4994 985 5051 ab
1017 4994 1167 5051 omni
1189 4995 1370 5049 divina
1400 4994 1598 5050 virtute
1636 5008 1861 5047 vacuam
1887 4991 2074 5046 haberi
2101 5000 2258 5061 putes
2279 4998 2549 5061 oportere.

158 5154 179 5185 ι
200 5147 270 5202 ισ.
299 5151 596 5225 ἐπέρρωσε.

114 5301 257 5433 ﬁo
288 5311 463 5368 Ἀλλὰ
515 5314 620 5369 καὶ
669 5311 1014 5382 Μηθύμνης.
1073 5308 1312 5364 Consule
1359 5307 1620 5362 observa-

134 5419 395 5570 Post
435 5455 730 5577 χὲυσέοις,
778 5466 885 5506 non
918 5450 1104 5505 dubito
1155 5447 1287 5518 quin
1334 5447 1619 5531 legendum

136 5523 163 5566 ιι
290 5523 437 5577 μόνον
544 5522 615 5577 αὖ
652 5526 763 5577 τοῖς
788 5520 1079 5577 Διονυσίοις
1102 5559 1117 5577 .
1152 5518 1289 5572 ἀλλὰ
1320 5520 1414 5571 καὶ
1442 5517 1619 5577 ἄλλοις

116 5517 163 5566 ιιι
197 5517 245 5570 οὐ
289 5517 510 5587 nam?
544 5522 615 5579 αὖ
652 5517 763 5587 τοῖς
788 5520 1079 5583 Διονυσίοις
1102 5559 1117 5584 ,
1152 5517 1289 5572 ἀλλὰ
1320 5520 1414 5571 καὶ
1442 5517 1620 5580 ἄλλοις

116 5588 328 5653 tantum.
347 5635 362 5658 ,
387 5604 494 5649 etc.
524 5594 670 5649 Nam
714 5592 982 5663 posterius
1010 5590 1264 5663 hocloco
1295 5588 1582 5663 φαλληνοῖς
1602 5628 1617 5650 .

117 5664 508 5725 "Mauricum
562 5672 689 5729 est,
715 5659 856 5721 'cum
892 5661 1045 5733 prius
1089 5660 1320 5715 alterum
1368 5659 1618 5716 sulliciat.

1723 5304 1938 5362 Erroris
1983 5323 2167 5375 causa,
2203 5308 2263 5360 τὸ
2294 5307 2353 5359 ού
2388 5305 2567 5375 μόνον,
2598 5302 2765 5359 semel
2798 5302 3107 5371 iterumque
3138 5314 3269 5369 repo

1636 5380 1641 5393 ’
1720 5378 1907 5433 situm.

1794 5447 1906 5517 (44)
1958 5448 2286 5511 Ἄπολλον,
2317 5446 2526 5517 ξένου.
2566 5444 2765 5517 Facilis
2806 5450 2923 5497 erat
2960 5439 3279 5510 conjectura

1718 5513 1842 5600 cum
1875 5513 1929 5572 in
1953 5534 2154 5575 excuso
2185 5519 2453 5589 legeretur
2486 5513 2897 5581 ’Δπολλοξένου,
2933 5526 3099 5579 sane,
3131 5526 3297 5582 quau.

1721 5599 1933 5646 vittose.
