3850 6222
84 367 180 423 591
232 355 245 363 '

1264 356 1588 422 PREPAB.
1631 364 1881 424 EVANG.
1922 365 2050 423 LIB.
2094 364 2162 427 Ὗ.

3239 366 3348 427 393

82 483 680 558 Ἐξοχοςνάθανάτῳν
702 476 839 558 ὄνος
865 480 1065 558 ἄγριος
1085 525 1099 548 ,
1135 487 1207 538 οὐ
1244 483 1624 558 Κλεομήδης,

1776 485 2040 558 ﬂeximus
2067 487 2152 541 hic
2176 502 2371 557 onager
2402 502 2668 558 superum,
2695 502 2799 541 non
2822 487 2939 557 jam
2971 485 3298 554 Cleomedes,

85 558 189 608 ὀν
211 557 465 621 θυσίαις
488 553 678 625 τιμᾶθ’
716 557 797 622 ὡς
824 553 935 610 οὐκ
967 557 1055 610 ἔτι
1081 554 1306 621 θνητὸν
1328 553 1525 609 ἐόντα.

83 668 171 740 Μὴ
199 669 313 742 γὰρ
346 670 412 741 δὴ
457 660 764 742 θαυμάσῃς,
802 672 850 723 εἰ
882 672 975 724 καὶ
1012 670 1243 740 ὕναγρος
1295 671 1670 726 ἐπιδικάσεται

85 762 424 827 ἀθανασίας,
461 762 659 825 ἱκανῶς
678 763 746 817 τὰ
793 762 909 816 θεῖα
956 762 1545 834 παρασκευασάμενος·
1577 764 1674 815 καὶ

87 853 331 917 ἀκούσας
356 854 433 926 μὴ
460 854 790 924 ἀνασχέσθαι
824 866 872 919 ι,
898 854 1012 909 ἀλλ’
1037 854 1332 925 ἀπειλῆσαι
1368 854 1396 894 b
1437 855 1532 908 καὶ
1576 854 1673 907 αὐ-

86 949 175 999 τὸν
222 947 320 999 τὸν
370 947 663 1019 Κλεομὴδη
698 946 944 1012 πατάξας
979 948 1059 1010 είς
1090 946 1150 1000 τὸ
1184 945 1459 1021 βάραθρον
1503 946 1676 1019 ἐμϐα-

85 1038 218 1101 λεῖν,
255 1040 367 1096 καὶ
396 1041 501 1097 οὐκ
543 1032 862 1116 ἐπιτρέψειν
885 1039 1033 1113 αὑτῷ
1057 1044 1137 1105 εἰς
1163 1040 1254 1095 τὸν
1275 1039 1500 1112 οὐρανὸν
1543 1042 1674 1093 ἀνα-

89 1135 247 1203 ϐῆναι
271 1151 287 1164 ’
320 1130 462 1188 εἶναι
494 1133 604 1207 γὰρ
634 1134 799 1189 αὐτοῦ
833 1134 1123 1206 ἀξιώτερος
1158 1133 1339 1189 αὐτῶν
1380 1133 1490 1188 τῶν
1513 1132 1674 1187 θείων

88 1226 298 1297 δώρων,
344 1227 441 1280 ac;
475 1228 614 1298 μήτε
642 1225 792 1297 αὐτῷ
816 1227 959 1297 μόνῳ
999 1226 1219 1298 ἕτοιμος
1261 1224 1336 1278 ὢν
1383 1224 1672 1296 μάχεσθαι,

91 1322 189 1375 κᾶν
212 1324 264 1374 εἰ
296 1321 542 1392 σιδηροῖς
572 1318 752 1391 χρῷτο
773 1323 885 1383 τοῖς
914 1320 1123 1389 ἱμᾶσιν,
1154 1318 1291 1372 ἀλλά
1326 1319 1421 1372 καὶ
1457 1317 1536 1387 τῷ
1566 1317 1676 1370 Θα-

91 1415 190 1484 σίῳ
212 1413 400 1483 πύκτῃ
420 1410 528 1482 (36)
555 1412 671 1482 ἆμα
698 1412 1046 1483 ἀμφοτέροις,
1071 1413 1212 1483 ὑπὲρ
1232 1406 1291 1466 οὗ
1312 1412 1407 1465 τοῦ
1426 1413 1676 1485 ἀνδριάν-

90 1523 178 1569 τος
196 1505 552 1576 ἐχαλέπηναν
582 1506 634 1557 οἱ
664 1503 797 1569 θεοὶ,
825 1504 920 1557 καὶ
944 1505 1042 1576 τὴν
1078 1503 1296 1559 Θασίων
1330 1504 1436 1575 γῆν
1474 1504 1675 1577 ἄφορον

91 1599 442 1670 εἰργάσαντο.
475 1597 812 1668 Πιστεύομεν
831 1595 887 1649 δὲ
916 1597 1012 1650 καὶ
1043 1597 1173 1669 περὶ
1212 1596 1407 1649 τούτου
1437 1597 1537 1649 οὐκ
1584 1597 1678 1649 ἀν-

91 1689 331 1761 θρώπῳ,
369 1688 510 1743 ἀλλά
568 1688 675 1760 θεῷ
711 1688 791 1759 τῷ
824 1689 994 1761 αὐτῷ.
1038 1689 1129 1754 Ἐξ
1156 1684 1231 1744 ὧν
1261 1690 1374 1759 ἐγὼ
1416 1692 1509 1744 καὶ
1537 1691 1677 1745 πάνυ

89 1782 421 1852 κατενόησα,
444 1781 526 1834 ὅτι
544 1781 683 1835 θεῖόν
704 1798 756 1834 τι
776 1781 882 1853 ἄρα
902 1778 970 1852 ἦν
989 1783 1328 1855 ἐπιτήδευμα
1351 1785 1386 1855 ἡ
1416 1785 1674 1855 πυκτική·

1771 556 2021 612 Divinum
2048 574 2082 611 a
2106 560 2248 612 vobis
2277 556 2416 628 [erat
2442 556 2762 613 immortalis
2789 556 3059 613 honorem.

1771 668 1957 740 Neque
1981 656 2115 725 vero
2146 670 2345 725 mirum
2368 670 2466 726 tibi
2493 672 2783 740 videatur,
2820 672 2967 743 quod
3008 674 3340 733 immortali-

1771 770 1938 818 tatem
1985 764 2091 819 sibi
2122 778 2328 836 onager
2359 779 2461 820 suo
2509 765 2667 836 quasi
2701 766 2826 837 jure
2863 766 3165 823 vindicaret
3189 811 3205 836 ,
3238 778 3349 826 tam

1772 856 1913 912 belle
1940 855 2103 912 rebus
2133 857 2437 927 opibusque
2469 856 2670 911 divinis
2699 856 3033 914 instructus:
3086 860 3347 931 quodque

1774 949 1865 1003 ubi
1899 957 2081 1003 vestro
2106 950 2173 1003 de
2204 950 2434 1004 consilio
2465 947 2670 1018 aliquid
2702 948 3027 1017 inaudisset,
3063 950 3356 1022 impatiens

1774 1040 2008 1110 injuriae,
2045 1040 2291 1097 futurum
2319 1041 2643 1109 minaretur,
2674 1043 2753 1097 uti
2783 1041 3129 1099 Cleomedem
3174 1044 3353 1114 ipsum

1775 1134 1830 1188 in
1888 1134 2203 1204 voraginem
2274 1135 2521 1190 calcibus
2567 1143 2858 1191 contusum
2919 1135 3196 1206 dejiceret,
3254 1140 3403 1192 nec’

1775 1225 1928 1281 illum
1966 1242 2210 1297 unquam
2264 1226 2317 1280 in
2362 1227 2561 1282 caelum
2616 1228 2986 1283 conscendere
3030 1236 3351 1298 pateretur:

1776 1318 1880 1373 sibi
1911 1319 2056 1373 enim
2097 1318 2304 1389 justius
2333 1333 2499 1389 quam
2531 1319 2638 1389 ipsi
2669 1319 2853 1374 divina
2884 1319 2971 1374 illa
3003 1335 3232 1378 munera
3258 1324 3356 1378 de-

1777 1408 1891 1463 beri
1932 1409 2286 1463 contenderet
2314 1426 2329 1476 ;
2363 1408 2564 1479 quippe
2599 1409 2693 1478 qui
2722 1424 2831 1463 non
2874 1424 2999 1464 cum
3031 1424 3098 1465 eo
3131 1412 3308 1466 solum
3337 1450 3356 1477 ,

1777 1502 1993 1556 tametsi
2046 1500 2239 1556 ferreis
2281 1500 2537 1556 caestibus
2580 1509 2866 1568 uteretur,
2913 1515 3102 1557 verum
3136 1514 3191 1558 et
3229 1519 3355 1560 cum

1778 1592 1950 1647 altero
1991 1592 2157 1647 simul
2184 1592 2368 1664 pugile
2418 1590 2623 1647 Thasio
2670 1608 2913 1663 pugnare
2959 1603 3183 1663 posset:
3221 1596 3354 1662 illo,

1780 1684 2028 1754 inquam,
2052 1683 2278 1751 Thasio,
2307 1685 2465 1755 cujus
2490 1684 2561 1739 ob
2590 1692 2826 1739 statuam
2853 1687 3113 1741 commoti
3137 1687 3358 1757 gravius

1779 1780 1983 1848 superi,
2014 1779 2095 1833 uti
2127 1779 2285 1833 ﬁdem
2317 1794 2425 1834 non
2457 1778 2626 1834 homo
2656 1779 2845 1834 nescio
2877 1779 3002 1849 quis
3028 1820 3044 1843 ,
3076 1780 3170 1836 sed
3213 1781 3354 1837 idem

88 1875 215 1937 τοὺς
236 1874 297 1926 δὲ
328 1874 564 1938 πολλοὺς
591 1873 687 1927 καὶ
704 1873 983 1945 οἰομένους
1010 1871 1149 1929 εἶναι
1181 1877 1380 1946 σοφοὺς
1411 1876 1669 1945 ἐλελήθει·

1777 1870 1894 1938 ipse
1936 1867 2082 1924 Deus
2122 1867 2271 1932 facit,
2308 1866 2636 1923 Thasiorum
2668 1868 2799 1924 olim
2830 1883 3021 1941 agrum
3072 1870 3358 1927 sterilitate

91 1964 178 2028 ἶν’,
207 1964 480 2036 ἀφέμενοι
512 1963 607 2017 τοῦ
631 1964 788 2018 καλοὶ
828 1965 1058 2034 κάγαθοὶ⁸
1087 1961 1259 2031 εἶναι,
1294 1968 1498 2037 ἤσκουν
1537 1967 1677 2021 αὐτὰ

91 2054 181 2110 τοῦ
214 2056 426 2110 Θασίου
452 2055 659 2109 πύκτου
678 2073 692 2086 ·
726 2048 771 2123 ᾧ
799 2056 1097 2111 ἀθανασίαν
1131 2059 1252 2129 μὲν,
1275 2059 1466 2130 ὥσπερ
1509 2060 1676 2113 Κλεο-

97 2148 273 2221 μήίει,
312 2150 418 2202 οὐκ
468 2148 696 2215 ἔδωκαν,
754 2149 1018 2218 ἐφίλησαν
1057 2150 1117 2204 δὲ
1166 2151 1420 2221 μεγάλως
1454 2152 1502 2204 οἱ
1541 2151 1669 2207 θεοί.

92 2241 247 2295 Οὕτω
268 2241 368 2294 καὶ
399 2242 429 2292 ὁ
456 2240 683 2311 χάλκεος
702 2240 864 2294 αὐτοῦ
894 2242 1116 2313 ἀνδριὰς
1142 2240 1309 2307 ἔδειξέ
1329 2260 1382 2295 τι
1412 2242 1552 2314 ὑπὲρ
1576 2241 1676 2307 τὰς

88 2334 192 2385 τῶν
220 2333 406 2389 ἄλλων
438 2332 741 2404 ἀνθρώπων
761 2334 993 2399 εἰκόνας,
1017 2334 1456 2405 ἐπικατενεχθεὶς
1474 2333 1552 2405 τῷ
1577 2352 1677 2405 μα-

92 2424 367 2497 στιγοῦντι
394 2426 597 2498 ἐχθρῷ,
625 2426 771 2481 κατά
795 2444 935 2490 τινα,
964 2427 1039 2490 ὡς
1072 2426 1236 2492 ἔοικε,
1266 2425 1547 2496 δαιμονίαν
1583 2425 1678 2496 μέ·-

91 2536 308 2590 ριμναν.
360 2518 506 2572 Ἀλλ’
536 2520 588 2571 οἱ
616 2519 849 2590 ἄφρονες
872 2518 1081 2585 Θάσιοι,
1111 2519 1206 2572 καὶ
1252 2516 1413 2570 θείων
1459 2516 1677 2587 ἄπειροι

92 2611 438 2681 πραγμάτων
462 2649 481 2675 ,
523 2610 912 2680 ἡγανάκτησάν
945 2627 1025 2675 τε,
1053 2611 1150 2663 καὶ
1176 2608 1308 2678 ἄγος
1335 2608 1676 2663 ἐπεκάλεσαν

87 2702 158 2773 τῷ
185 2704 502 2776 ἀνδριάντι,
534 2704 629 2756 καὶ
651 2701 806 2771 δίκην
827 2701 1234 2773 εἰσεπράξαντο,
1251 2701 1347 2754 καὶ
1378 2700 1677 2755 καταδῦσαι

90 2795 399 2865 ἐτόλμησαν
426 2794 511 2856 είς
542 2793 640 2864 τήν
668 2793 957 2850 θάλασσαν,
990 2794 1064 2846 Οὐ
1103 2792 1207 2864 μὴν
1237 2791 1490 2861 διέφυγόν
1528 2809 1592 2861 γε
1625 2792 1676 2845 οί

89 2885 295 2948 Θάσιοι,
334 2885 457 2939 ἀλλ’
482 2887 530 2936 οἱ
554 2884 666 2937 θεοὶ
685 2883 927 2948 ἐδίδαξαν
962 2883 1148 2955 ήλίκον
1177 2883 1345 2937 κακὸν
1378 2884 1471 2937 ὑπ’
1499 2882 1677 2938 αὐτῶν

91 2978 363 3051 ἐτολμήθη
385 3019 400 3041 ,
436 2977 595 3047 λιμὸν
630 2975 1037 3047 ἐπιπέμψαντες
1077 2975 1169 3029 τὸν
1198 2973 1296 3046 τῆς
1336 2976 1484 3039 θείας
1522 2975 1679 3045 δίκης

89 3070 335 3124 διάκονον
355 3087 373 3101 ·
405 3070 471 3132 ὃς
502 3068 706 3134 ἐδίδαξε
738 3067 892 3138 μόλις
925 3069 1120 3131 αὐτοὺς
1142 3066 1212 3121 τὰ
1247 3067 1356 3120 τῶν
1383 3066 1521 3121 θεῶν
1553 3065 1678 3136 βου-

91 3162 332 3233 ὶεόματα
355 3202 372 3228 ,
404 3163 522 3225 ὅτε,
551 3159 1061 3231 φιλανθρωπότατος
1093 3158 1230 3212 θεῶν
1264 3159 1327 3212 σὺ
1368 3157 1447 3230 τῷ
1493 3155 1677 3227 οἰκείῳ

89 3255 286 3325 τρόπῳ,
320 3252 428 3323 τὴν
462 3250 715 3322 βοήθειαν
742 3250 922 3313 αὐτοῖς
961 3248 1231 3320 ἔπεμψας,
1257 3250 1462 3317 λέγων’

1776 1960 2127 2014 damnarunt.
2175 1957 2253 2012 Ex
2284 1959 2484 2028 quibus
2528 1973 2677 2013 nunc
2714 1958 2932 2016 demum
2966 1959 3241 2030 intelligo,
3271 1959 3357 2016 di-

1776 2053 1965 2107 vinum
1996 2053 2157 2122 plane
2189 2051 2395 2122 aliquid
2420 2065 2543 2107 esse
2570 2051 2909 2122 pugilatum:
2931 2051 2983 2108 id
3004 2052 3149 2123 quod
3172 2053 3357 2110 videre

1776 2159 2057 2213 nunquam
2076 2186 2091 2210 ,
2122 2143 2208 2198 vel
2238 2158 2427 2198 eorum
2447 2184 2462 2209 ,
2498 2144 2591 2213 qui
2617 2157 2677 2198 se
2724 2142 2998 2213 sapientes
3023 2142 3187 2213 vulgo
3218 2158 3357 2214 pra:-

1776 2236 2053 2301 dicabant,
2088 2234 2333 2305 plerique
2364 2243 2610 2304 potuere.
2640 2233 2831 2301 Secus,
2867 2235 3090 2291 omissis
3118 2236 3195 2291 illi
3227 2251 3359 2308 pro.

1779 2325 1920 2381 fecto
1973 2325 2186 2382 honesti
2232 2326 2476 2394 rectique
2525 2324 2763 2391 studiis,
2812 2325 2880 2380 ad
2929 2324 3117 2382 Thasii
3158 2329 3359 2400 pugilis

1778 2416 2523 2485 imitationemadhaesissent.
2551 2414 2686 2470 Nam
2705 2424 2765 2471 ut
2787 2431 2912 2471 eum
2943 2418 3149 2488 superi,
3167 2434 3360 2492 quem-

1778 2509 2071 2565 admodum
2101 2508 2468 2575 Cleomedem,
2505 2508 2915 2564 immortalitate
2941 2524 3049 2564 non
3078 2510 3355 2577 donarint,

1779 2604 2051 2677 praecipuo
2074 2610 2254 2658 tamen
2285 2616 2474 2656 amore
2504 2601 2779 2672 prosecuti
2814 2610 2963 2657 sunt.
3009 2602 3191 2674 Usque
3220 2604 3358 2660 adeo

1779 2696 2057 2768 singulare
2110 2692 2369 2764 quiddam
2401 2734 2416 2758 ,
2473 2707 2639 2759 supra
2699 2699 3019 2747 cancrorum
3071 2692 3353 2749 hominum

1779 2786 2067 2856 imagines,
2095 2797 2306 2839 aeneum
2346 2781 2468 2849 eius
2499 2780 2855 2836 simulacrum
2906 2779 3181 2842 ostendit,
3228 2794 3355 2834 cum

1780 2880 1833 2933 in
1861 2885 2026 2947 caput
2064 2874 2310 2939 inimici,
2359 2888 2390 2927 a
2427 2888 2537 2943 quo
2571 2881 2684 2926 tum
2735 2870 2949 2941 ﬂagello
2996 2871 3316 2940 pulsabatur
3338 2909 3355 2936 ,

1779 2973 2003 3037 repente
2050 2964 2285 3027 cecidit,
2331 2978 2442 3019 non
2492 2962 2611 3017 sine
2637 2962 2822 3017 divino
2850 3000 2867 3024 ,
2911 2961 2991 3016 uti
3030 2961 3205 3017 visum
3249 2972 3353 3020 est.

1781 3059 2033 3116 consilio.
2069 3057 2138 3110 At
2172 3057 2454 3111 enimvero
2480 3054 2740 3110 vecordes
2768 3052 2980 3121 Thasii,
3017 3062 3073 3108 et
3101 3053 3156 3107 in
3192 3051 3355 3107 rebus

1780 3151 1981 3207 divinis
2008 3148 2301 3220 peregrini,
2334 3162 2522 3203 casum
2569 3146 2760 3217 iniquo
2812 3144 2955 3200 ferre
2986 3144 3171 3199 animo
3196 3184 3211 3209 ,
3240 3143 3357 3214 pia-

1704 3240 1748 3298 ῦ
1778 3244 1888 3299 culi
1931 3236 2287 3298 simulacrum
2328 3252 2607 3293 arcessere
2634 3276 2649 3302 ,
2699 3251 2890 3307 poenas
2933 3243 3177 3305 repetere
3200 3273 3215 3298 ,
3253 3249 3356 3304 p0-

90 3357 284 3403 stremo
313 3347 376 3400 in
408 3360 566 3399 mare
594 3344 877 3414 projicere.
929 3341 1174 3407 Frustra,
1209 3343 1348 3396 nihil
1385 3342 1529 3396 enim
1599 3348 1864 3411 egerunt:
1899 3337 2032 3401 imo,
2055 3350 2220 3406 quam
2269 3348 2390 3389 sese
2444 3331 2595 3403 gravi
2661 3331 2866 3387 scelere
2894 3329 3356 3393 obstrinxisseat,

91 3431 219 3494 fame
280 3435 649 3508 postmodum
683 3434 909 3505 iustitiae
936 3433 1133 3488 divina:
1165 3434 1511 3499 administra,
1548 3447 1738 3488 eorum
1775 3430 1829 3483 in
1870 3428 2145 3498 regionem
2196 3424 2467 3490 immissa,
2496 3423 2681 3494 superi
2728 3423 2985 3479 docuere.
3026 3420 3353 3491 Quanquam

92 3536 165 3588 vix
209 3536 293 3590 illi
338 3534 516 3590 etiam
557 3540 673 3586 tum
716 3530 955 3586 divinam
1027 3545 1321 3600 agnoscere
1364 3529 1698 3584 voluntatem
1768 3532 2084 3597 potuerunt.
2146 3523 2334 3592 Itaque
2388 3530 2448 3574 tu
2499 3521 2589 3575 ilie
2636 3520 2863 3575 deorum
2919 3518 3354 3603 humanissimus

88 3644 236 3699 opem
258 3642 425 3683 more
457 3634 555 3680 tuo
579 3622 990 3679 consulentibus
1013 3622 1209 3689 tulisti,
1244 3620 1348 3677 hoc
1367 3620 1673 3678 versiculo:

84 3751 171 3817 εἰς
190 3749 441 3819 πάτρην
467 3746 744 3818 φυγάδας
770 3745 1039 3817 κατάγων
1057 3745 1370 3814 Δήμητραν
1393 3742 1665 3814 ἀμήσεις.

94 3901 223 3954 Ἀλλ’
245 3900 624 3970 οἰ.ἀ6ἐλτεροι
654 3897 817 3953 πάλιν
860 3900 983 3963 τοὺς
1010 3899 1310 3969 φεύγοντας
1353 3896 1673 3971 ἀνθρώπους

86 3992 262 4065 ᾤοντο,
294 3994 386 4047 ὅτι
413 3991 502 4043 δεῖ
528 3990 725 4054 αὐτοὺς
745 3990 1097 4045 κατακαλεῖνο
1123 3991 1311 4055 κακῶς
1347 3991 1568 4054 εἰδότες.
1606 3989 1671 4041 Τί

96 4085 189 4155 γὰρ
223 4085 290 4156 δὴ
317 4084 421 4138 καὶ
450 4082 605 4154 μέλει
632 4084 744 4146 τοῖς
786 4081 1356 4155 ἀφιλανθρωποτόιτοις
1399 4082 1541 4145 θεοῖς
1579 4082 1673 4134 ἁν-

91 4175 319 4248 θρὼπων
341 4175 663 4229 κατακαλου
671 4174 868 4246 μένων,
888 4175 1120 4248 ὅσονπερ
1141 4176 1469 4248 ἀνδριάντων
1489 4191 1504 4239 ;
1521 4172 1674 4244 Ἀμέ-

94 4284 165 4322 te:
191 4269 351 4323 οὐδὲν
382 4268 484 4322 ἐπὶ
504 4267 680 4338 τούτῳ
708 4267 958 4341 ὠφελήθη
995 4270 1030 4339 ἡ
1060 4269 1153 4339 γῆ,
1187 4266 1327 4321 ὥστε
1360 4264 1670 4320 παύσασθαι

97 4363 345 4416 δοσοῦσαο
389 4363 441 4415 εί
473 4359 552 4431 μὴ
577 4360 686 4414 τῶν
715 4358 892 4428 σοφῶν
929 4360 1023 4413 καὶ
1051 4358 1429 4430 ἐπισταμένων
1464 4375 1547 4421 τις
1579 4356 1672 4409 τὸν

88 4455 224 4505 θεῖον
244 4450 384 4505 νοῦν
428 4450 635 4520 συνῆκε
661 4490 677 4515 ,
709 4449 923 4519 φυγάδα
947 4444 1086 4503 εἶναι
1112 4449 1204 4502 τὸν
1244 4464 1671 4502 καταπεποντωο

1779 3736 1938 3809 232
1970 3731 2147 3788 Redde
2175 3731 2328 3786 modo
2378 3727 2644 3783 exsulibus
2692 3727 2958 3797 patriam,
3001 3725 3152 3869 ciere:
3175 3728 3352 3795 ampla

3040 3813 3119 3851 me
3143 3809 3278 3854 βίον,

1778 3897 1878 3955 Hic
1907 3911 2100 3968 nempe
2138 3909 2246 3950 non
2285 3892 2469 3948 minus
2506 3889 2722 3956 stolidi,
2757 3888 3092 3944 revocandos
3132 3889 3351 3944 exsules

1780 4007 1888 4045 non
1943 3989 2081 4045 alios
2126 4001 2248 4041 esse
2280 3997 2446 4054 quam
2493 3981 2746 4036 homines
2793 3979 3080 4049 putabant.
3134 3979 3349 4035 Insulse

1776 4091 1945 4132 vero:
1980 4074 2109 4146 quid
2141 4072 2285 4130 enim
2320 4071 2426 4127 diis
2476 4069 2897 4125 immanissimis‘
2937 4076 3153 4122 tantum
3202 4084 3349 4125 curae

1777 4170 1887 4225 sint
1914 4168 2165 4224 homines
2194 4166 2263 4221 ab
2284 4164 2477 4220 exsilio
2502 4162 2816 4228 revocandi,
2859 4169 3122 4232 quantum
3155 4161 3348 4231 imagi-

1778 4276 1876 4316 nes
1928 4255 2318 4313 restituendas?
2348 4253 2491 4324 Ergo
2537 4253 2709 4308 nihilo
2738 4260 2929 4322 postea
2973 4252 3198 4306 meliore
3231 4252 3349 4307 solo

1778 4351 1879 4414 uti,
1914 4348 2051 4403 nihil
2085 4361 2315 4418 usquam
2349 4346 2402 4399 vi
2438 4344 2612 4399 morbi
2647 4343 2999 4398 remittente:
3040 4341 3215 4397 donec
3253 4358 3344 4396 so—

1774 4440 1961 4495 lertior
2000 4439 2295 4509 quispiam,
2330 4437 2544 4492 acutius
2575 4436 2641 4490 de
2674 4450 2929 4504 superum
2959 4445 3138 4491 mente
3165 4435 3342 4505 conji-

102 4544 246 4598 ιένον
268 4543 596 4614 ἀνδριάντα.
630 4543 740 4597 Καὶ
763 4537 831 4613 ἦν
855 4540 1046 4605 οὕτως.
1071 4542 1221 4611 ’Ἅμα
1246 4539 1354 4612 γὰρ
1376 4535 1666 4607 ἀνεστάθη,

1776 4533 1925 4587 ciens
1957 4572 1973 4598 ,
2020 4529 2230 4585 exsulis
2289 4528 2510 4583 nomine
2554 4527 2858 4582 demersam
2904 4525 3055 4581 illam
3109 4534 3344 4581 statuam

105 4634 181 4686 (αἱ
208 4635 375 4698 εὐθὺς
408 4635 445 4706 ή
482 4633 581 4703 μὲν
608 4634 678 4704 γῆ
705 4632 1015 4697 ἀνέϐαλλεν,
1049 4632 1099 4685 οἱ
1124 4631 1183 4685 δὲ
1212 4630 1445 4701 ἐκώμων
1483 4628 1669 4698 Δήμη-

105 4743 175 4795 τρι
191 4727 401 4781 λοιπόν.
437 4725 567 4789 Πῶς
592 4720 685 4779 οὖν
714 4727 775 4779 οὐ
807 4726 1079 4797 τεκμήρια
1104 4722 1279 4778 ταῦτά
1305 4725 1440 4776 εἰσιν
1464 4718 1667 4790 ἐναργῆ

106 4815 182 4883 τῆς
210 4813 558 4886 θεοπρεποῦς
586 4815 900 4885 ἀθλητικῆς,
928 4817 1010 4869 ὄτι
1035 4815 1153 4869 ἐστὶ
1177 4812 1528 4882 θεοτίμητος;
1557 4808 1669 4862 Καὶ

98 4906 194 4976 γάρ
222 4907 318 4958 καὶ
352 4906 453 4959 ἐπὶ
483 4903 781 4959 πεντάθλου
814 4904 1085 4976 ἀνδριάντι
1126 4901 1439 4974 ὓΰρισμένῳ
1480 4899 1670 4969 ἐμήνι-

94 5015 183 5052 σαν
212 5000 264 5051 οἱ
290 4998 430 5063 θεοὶ,
466 4996 563 5051 κα)⁸
590 4996 789 5068 Λοκροὶ
814 4996 1106 5068 ἐπείνησαν
1132 4994 1220 5049 διὰ
1249 4993 1437 5055 τοῦτο,
1476 4990 1666 5060 ὥσπερ

86 5092 290 5155 Θάσιοι,
320 5091 434 5153 ἕως
464 5089 666 5152 αὐτοὺς
692 5089 879 5143 ἰάσατο
904 5088 1079 5157 λόγιον
1104 5087 1196 5141 σὺν
1227 5085 1348 5156 ἔχον
1385 5083 1556 5146 οὕτως
1577 5100 1590 5113 ·

1773 4623 1995 4694 intelligi
2021 4622 2368 4676 declarasset.
2410 4619 2476 4674 Et
2514 4634 2663 4673 vere.
2692 4615 2830 4671 Nam
2860 4617 3023 4672 simul
3049 4626 3212 4687 atque
3242 4632 3348 4673 suo

1773 4717 2005 4787 reposita
2037 4715 2157 4769 loco
2188 4711 2310 4776 fuit,
2340 4711 2645 4781 germinare
2677 4719 2820 4764 terra
2852 4711 3111 4765 continuo
3134 4750 3148 4774 ,
3199 4707 3348 4763 Tha-

1774 4812 1949 4881 siique
1974 4796 2227 4875 deinceps
2252 4818 2505 4871 agrorum
2537 4803 2785 4857 ubertate
2830 4803 3056 4872 gliscere
3086 4816 3150 4857 ac
3177 4801 3342 4855 luxu-

1773 4897 1917 4951 riare
1942 4900 2246 4963 coeperunt.
2289 4890 2424 4957 Quis
2448 4891 2565 4946 hzec
2604 4906 2771 4961 porro
2815 4906 2925 4945 non
2962 4904 3062 4960 pro
3100 4890 3344 4947 certissi-

1772 4985 1876 5039 mis
1903 4982 2237 5054 argumentis
2274 4982 2489 5045 habeat,
2519 4997 2681 5052 quam
2710 4981 2833 5051 jure
2856 4995 2920 5036 ac
2946 4981 3141 5036 merito
3169 4979 3340 5034 divini

1772 5079 2008 5132 honores
2030 5075 2225 5130 divinae
2254 5075 2579 5129 athletarum
2610 5074 2663 5128 vi
2702 5082 2756 5128 et
2798 5070 3079 5128 industria:
3103 5071 3340 5128 debean-

92 5187 214 5239 tur?
246 5186 391 5240 Nam
446 5193 504 5240 et
551 5194 773 5253 promer
822 5185 1045 5239 alterius
1085 5180 1525 5254 quinquertionis
1575 5186 1811 5231 statuam
1869 5172 2004 5227 alias
2060 5170 2314 5225 violatam
2371 5185 2628 5224 exarsere
2663 5169 2761 5234 dii,
2789 5183 2891 5223 nec
2934 5167 3144 5221 minore
3176 5164 3337 5223 Locri

87 5292 373 5352 propterea
408 5295 577 5350 quam
621 5278 806 5334 Thasii
837 5278 980 5333 fame
1022 5279 1361 5343 laborarunt,
1398 5277 1568 5331 donec
1604 5284 1659 5326 tu
1696 5282 1914 5342 quoque
1943 5265 2048 5322 hoc
2073 5279 2337 5335 responso
2369 5264 2729 5320 calamitatem
2757 5263 2965 5318 levares
3000 5280 3015 5316 :

88 5402 190 5454 ‘Er
210 5398 356 5469 τιμῇ
387 5396 503 5451 τὸν
519 5394 732 5466 ἄτιμον
755 5398 932 5465 ἔχων,
952 5396 1088 5449 τότε
1105 5393 1280 5464 γαῖαν
1312 5389 1584 5461 ἀρώσεις.

1765 5380 1943 5436 Redde
1973 5381 2129 5434 decus
2161 5378 2287 5433 [ceso
2310 5395 2331 5444 ;
2360 5395 2500 5450 seges
2528 5379 2706 5448 ampla
2736 5386 2978 5447 sequetur
3009 5383 3272 5428 aratrum.

96 5511 159 5563 Οὐ
179 5511 288 5581 γὰρ
324 5510 536 5580 Λοκροὶ
564 5506 793 5577 ᾔσθοντο
832 5506 1068 5570 διανοίας
1104 5504 1257 5568 θείας
1298 5505 1562 5574 πρότερον
1586 5544 1600 5569 ,
1624 5501 1659 5572 ἢ

1776 5490 1879 5549 Nec
1914 5493 2059 5548 enim
2091 5491 2335 5549 divinum
2365 5490 2433 5546 iis
2464 5489 2753 5545 consilium
2784 5486 3031 5543 subolere
3065 5497 3189 5541 ante
3236 5499 3338 5558 po-

160 5674 183 5701 ι
209 5666 291 5717 Ζσ.
326 5661 611 5726 ἀνέξεται.
690 5660 719 5700 1³
746 5660 831 5712 la.
860 5658 1169 5731 ἀπειλήσει.

165 5793 265 5867 (56)
306 5795 512 5860 Θασίῳ
542 5793 766 5861 πύκτῃ.
802 5790 1117 5863 Theagenes
1138 5791 1185 5847 is
1208 5789 1332 5845 fuit.
