  <div class='ocr_page' id='page_1' title='image "/cluster/home/n/w/nwhite01/storage/ocr_20150623/21/nnc1.0046978437/272.png"; bbox 0 0 3850 6222; ppageno 0'>
   <div class='ocr_carea' id='block_1_1' title="bbox 117 334 1620 400">
    <p class='ocr_par' dir='ltr' id='par_1_1' title="bbox 117 334 1620 395">
     <span class='ocr_line' id='line_1_1' title="bbox 117 334 1620 395; baseline 0.005 -7"><span class='ocrx_word' id='word_1_1' title='bbox 117 334 188 389; x_wconf 76' lang='grc' dir='ltr'><strong>ιοι</strong></span> <span class='ocrx_word' id='word_1_2' title='bbox 1218 338 1540 395; x_wconf 68' lang='grc' dir='ltr'><strong>ΡΒᾹΞΡΑΒ.</strong></span> <span class='ocrx_word' id='word_1_3' title='bbox 1578 340 1620 395; x_wconf 86' lang='grc' dir='ltr'><strong>Ε</strong></span> 
     </span>
    </p>
   </div>
   <div class='ocr_carea' id='block_1_2' title="bbox 1726 334 3305 400">
    <p class='ocr_par' dir='ltr' id='par_1_2' title="bbox 1726 339 3305 400">
     <span class='ocr_line' id='line_1_2' title="bbox 1726 339 3305 400; baseline -0.001 -6"><span class='ocrx_word' id='word_1_4' title='bbox 1726 340 1836 400; x_wconf 82' lang='lat' dir='ltr'><strong>NG.</strong></span> <span class='ocrx_word' id='word_1_5' title='bbox 1875 341 2001 396; x_wconf 84' lang='lat' dir='ltr'><strong>LIB.</strong></span> <span class='ocrx_word' id='word_1_6' title='bbox 2046 342 2107 395; x_wconf 68' lang='grc' dir='ltr'>Υ.</span> <span class='ocrx_word' id='word_1_7' title='bbox 3198 339 3305 394; x_wconf 60' lang='grc'><strong>402</strong></span> 
     </span>
    </p>
   </div>
   <div class='ocr_carea' id='block_1_3' title="bbox 115 448 1620 529">
    <p class='ocr_par' dir='ltr' id='par_1_3' title="bbox 115 448 1620 529">
     <span class='ocr_line' id='line_1_3' title="bbox 115 448 1620 529; baseline 0.008 -28"><span class='ocrx_word' id='word_1_8' title='bbox 115 454 212 522; x_wconf 62' lang='grc' dir='ltr'>ἡμῖν</span> <span class='ocrx_word' id='word_1_9' title='bbox 238 449 297 503; x_wconf 79' lang='grc' dir='ltr'>τὰ</span> <span class='ocrx_word' id='word_1_10' title='bbox 318 450 439 521; x_wconf 77' lang='grc' dir='ltr'>περὶ</span> <span class='ocrx_word' id='word_1_11' title='bbox 455 448 549 504; x_wconf 79' lang='grc' dir='ltr'>τοῦ</span> <span class='ocrx_word' id='word_1_12' title='bbox 574 450 806 507; x_wconf 78' lang='grc' dir='ltr'>θανάτου</span> <span class='ocrx_word' id='word_1_13' title='bbox 840 454 1049 520; x_wconf 76' lang='grc' dir='ltr'><strong>ἔδειξας</strong></span> <span class='ocrx_word' id='word_1_14' title='bbox 1077 458 1172 511; x_wconf 76' lang='grc' dir='ltr'>καὶ</span> <span class='ocrx_word' id='word_1_15' title='bbox 1200 457 1301 528; x_wconf 82' lang='grc' dir='ltr'>τῆς</span> <span class='ocrx_word' id='word_1_16' title='bbox 1331 458 1479 529; x_wconf 80' lang='grc' dir='ltr'>ζωῆς</span> <span class='ocrx_word' id='word_1_17' title='bbox 1498 501 1513 525; x_wconf 88' lang='grc'><strong>,</strong></span> <span class='ocrx_word' id='word_1_18' title='bbox 1548 461 1620 513; x_wconf 79' lang='grc' dir='ltr'>ὅτι</span> 
     </span>
    </p>
   </div>
   <div class='ocr_carea' id='block_1_4' title="bbox 1726 448 3307 529">
    <p class='ocr_par' dir='ltr' id='par_1_4' title="bbox 1736 459 3307 529">
     <span class='ocr_line' id='line_1_4' title="bbox 1736 459 3307 529; baseline 0 -15"><span class='ocrx_word' id='word_1_19' title='bbox 1736 462 1930 517; x_wconf 89' lang='lat' dir='ltr'><strong>mortis</strong></span> <span class='ocrx_word' id='word_1_20' title='bbox 1983 462 2378 525; x_wconf 88' lang='lat' dir='ltr'><strong>decreverunt,</strong></span> <span class='ocrx_word' id='word_1_21' title='bbox 2432 460 2577 529; x_wconf 89' lang='lat' dir='ltr'><strong>quod</strong></span> <span class='ocrx_word' id='word_1_22' title='bbox 2621 459 2798 516; x_wconf 87' lang='lat' dir='ltr'><strong>lenius</strong></span> <span class='ocrx_word' id='word_1_23' title='bbox 2849 459 3200 516; x_wconf 81' lang='lat' dir='ltr'><strong>Charitonem</strong></span> <span class='ocrx_word' id='word_1_24' title='bbox 3253 471 3307 514; x_wconf 89' lang='lat' dir='ltr'><strong>et</strong></span> 
     </span>
    </p>
   </div>
   <div class='ocr_carea' id='block_1_5' title="bbox 116 537 1620 621">
    <p class='ocr_par' dir='ltr' id='par_1_5' title="bbox 116 537 1620 614">
     <span class='ocr_line' id='line_1_5' title="bbox 116 537 1620 614; baseline 0.006 -20"><span class='ocrx_word' id='word_1_25' title='bbox 116 537 345 594; x_wconf 66' lang='grc' dir='ltr'>κάλλιστόν</span> <span class='ocrx_word' id='word_1_26' title='bbox 383 539 436 591; x_wconf 92' lang='grc' dir='ltr'><strong>τί</strong></span> <span class='ocrx_word' id='word_1_27' title='bbox 480 540 628 595; x_wconf 85' lang='grc' dir='ltr'>ἐστιν</span> <span class='ocrx_word' id='word_1_28' title='bbox 669 543 704 612; x_wconf 86' lang='grc' dir='ltr'><strong>ή</strong></span> <span class='ocrx_word' id='word_1_29' title='bbox 750 543 1059 614; x_wconf 79' lang='grc' dir='ltr'>ζωή.ιἘπὶ</span> <span class='ocrx_word' id='word_1_30' title='bbox 1093 545 1302 612; x_wconf 81' lang='grc' dir='ltr'><strong>τούτοις</strong></span> <span class='ocrx_word' id='word_1_31' title='bbox 1332 548 1504 604; x_wconf 73' lang='grc' dir='ltr'>ἅπασι</span> <span class='ocrx_word' id='word_1_32' title='bbox 1537 551 1620 605; x_wconf 72' lang='lat' dir='ltr'><strong>ml</strong></span> 
     </span>
    </p>
   </div>
   <div class='ocr_carea' id='block_1_6' title="bbox 1726 537 3309 621">
    <p class='ocr_par' dir='ltr' id='par_1_6' title="bbox 1739 549 3309 621">
     <span class='ocr_line' id='line_1_6' title="bbox 1739 549 3309 621; baseline 0 -16"><span class='ocrx_word' id='word_1_33' title='bbox 1739 549 2104 620; x_wconf 80' lang='lat' dir='ltr'><strong>Melanippum</strong></span> <span class='ocrx_word' id='word_1_34' title='bbox 2134 550 2404 608; x_wconf 77' lang='lat' dir='ltr'><strong>habuerit.</strong></span> <span class='ocrx_word' id='word_1_35' title='bbox 2448 550 2517 605; x_wconf 86' lang='lat' dir='ltr'><strong>At</strong></span> <span class='ocrx_word' id='word_1_36' title='bbox 2559 557 2617 606; x_wconf 89' lang='lat' dir='ltr'><strong>tu</strong></span> <span class='ocrx_word' id='word_1_37' title='bbox 2649 550 2776 606; x_wconf 63' lang='lat' dir='ltr'><strong>vitae</strong></span> <span class='ocrx_word' id='word_1_38' title='bbox 2806 550 3106 621; x_wconf 90' lang='lat' dir='ltr'><strong>mortisque</strong></span> <span class='ocrx_word' id='word_1_39' title='bbox 3139 551 3309 605; x_wconf 55' lang='lat' dir='ltr'><strong>ratio.</strong></span> 
     </span>
    </p>
   </div>
   <div class='ocr_carea' id='block_1_7' title="bbox 113 630 1620 712">
    <p class='ocr_par' dir='ltr' id='par_1_7' title="bbox 113 630 554 700">
     <span class='ocr_line' id='line_1_7' title="bbox 113 630 554 700; baseline 0.002 -16"><span class='ocrx_word' id='word_1_40' title='bbox 113 631 199 684; x_wconf 67' lang='grc' dir='ltr'>τάδε</span> <span class='ocrx_word' id='word_1_41' title='bbox 220 630 554 700; x_wconf 81' lang='grc' dir='ltr'>προσκείσθω.</span> 
     </span>
    </p>
   </div>
   <div class='ocr_carea' id='block_1_8' title="bbox 1726 630 3308 712">
    <p class='ocr_par' dir='ltr' id='par_1_8' title="bbox 1733 642 3308 712">
     <span class='ocr_line' id='line_1_8' title="bbox 1733 642 3308 712; baseline -0.001 -16"><span class='ocrx_word' id='word_1_42' title='bbox 1733 659 1853 707; x_wconf 88' lang='lat' dir='ltr'><strong>nes,</strong></span> <span class='ocrx_word' id='word_1_43' title='bbox 1886 644 1976 697; x_wconf 81' lang='lat' dir='ltr'><strong>vix</strong></span> <span class='ocrx_word' id='word_1_44' title='bbox 2006 644 2156 708; x_wconf 89' lang='lat' dir='ltr'><strong>licet,</strong></span> <span class='ocrx_word' id='word_1_45' title='bbox 2190 643 2447 712; x_wconf 86' lang='lat' dir='ltr'><strong>praeclare</strong></span> <span class='ocrx_word' id='word_1_46' title='bbox 2477 652 2655 697; x_wconf 89' lang='lat' dir='ltr'><strong>tamen</strong></span> <span class='ocrx_word' id='word_1_47' title='bbox 2684 642 3023 712; x_wconf 78' lang='lat' dir='ltr'><strong>expressisti,</strong></span> <span class='ocrx_word' id='word_1_48' title='bbox 3050 642 3180 697; x_wconf 87' lang='lat' dir='ltr'><strong>dum</strong></span> <span class='ocrx_word' id='word_1_49' title='bbox 3203 642 3308 695; x_wconf 90' lang='lat' dir='ltr'><strong>hoc</strong></span> 
     </span>
    </p>
   </div>
   <div class='ocr_carea' id='block_1_9' title="bbox 1726 729 3292 804">
    <p class='ocr_par' dir='ltr' id='par_1_9' title="bbox 1726 729 3292 804">
     <span class='ocr_line' id='line_1_9' title="bbox 1726 729 3292 804; baseline -0.001 -19"><span class='ocrx_word' id='word_1_50' title='bbox 1726 729 1876 786; x_wconf 76' lang='lat' dir='ltr'><strong>{aeto</strong></span> <span class='ocrx_word' id='word_1_51' title='bbox 1921 733 2085 787; x_wconf 79' lang='lat' dir='ltr'><strong>vitam</strong></span> <span class='ocrx_word' id='word_1_52' title='bbox 2129 733 2393 788; x_wconf 79' lang='lat' dir='ltr'><strong>eximium</strong></span> <span class='ocrx_word' id='word_1_53' title='bbox 2445 732 2704 802; x_wconf 76' lang='lat' dir='ltr'><strong>quiddam</strong></span> <span class='ocrx_word' id='word_1_54' title='bbox 2734 747 2856 789; x_wconf 72' lang='lat' dir='ltr'><strong>esse</strong></span> <span class='ocrx_word' id='word_1_55' title='bbox 2874 730 3292 804; x_wconf 67' lang='lat' dir='ltr'><strong>comprobasti.»</strong></span> 
     </span>
    </p>
   </div>
   <div class='ocr_carea' id='block_1_10' title="bbox 1718 824 3116 897">
    <p class='ocr_par' dir='ltr' id='par_1_10' title="bbox 1718 824 3116 897">
     <span class='ocr_line' id='line_1_10' title="bbox 1718 824 3116 897; baseline -0.001 -15"><span class='ocrx_word' id='word_1_56' title='bbox 1718 824 1932 892; x_wconf 81' lang='lat' dir='ltr'><strong>Quibus</strong></span> <span class='ocrx_word' id='word_1_57' title='bbox 1957 828 2212 882; x_wconf 81' lang='lat' dir='ltr'><strong>omnibus</strong></span> <span class='ocrx_word' id='word_1_58' title='bbox 2237 828 2343 883; x_wconf 87' lang='lat' dir='ltr'><strong>hoc</strong></span> <span class='ocrx_word' id='word_1_59' title='bbox 2370 837 2706 897; x_wconf 84' lang='lat' dir='ltr'><strong>postremum</strong></span> <span class='ocrx_word' id='word_1_60' title='bbox 2735 824 3116 896; x_wconf 82' lang='lat' dir='ltr'><strong>adjungamus.</strong></span> 
     </span>
    </p>
   </div>
   <div class='ocr_carea' id='block_1_11' title="bbox 545 913 1620 983">
    <p class='ocr_par' dir='ltr' id='par_1_11' title="bbox 545 913 1134 983">
     <span class='ocr_line' id='line_1_11' title="bbox 545 913 1134 983; baseline 0.01 -17"><span class='ocrx_word' id='word_1_61' title='bbox 545 913 942 969; x_wconf 75' lang='grc' dir='ltr'><strong>ΚΕΦΔΛΑΙθΝ</strong></span> <span class='ocrx_word' id='word_1_62' title='bbox 994 918 1134 983; x_wconf 68' lang='lat' dir='ltr'><strong>Aq&#39;.</strong></span> 
     </span>
    </p>
   </div>
   <div class='ocr_carea' id='block_1_12' title="bbox 1726 913 2776 983">
    <p class='ocr_par' dir='ltr' id='par_1_12' title="bbox 2266 919 2776 977">
     <span class='ocr_line' id='line_1_12' title="bbox 2266 919 2776 977; baseline 0 0"><span class='ocrx_word' id='word_1_63' title='bbox 2266 920 2496 977; x_wconf 79' lang='lat' dir='ltr'><strong>CAPUT</strong></span> <span class='ocrx_word' id='word_1_64' title='bbox 2534 919 2776 977; x_wconf 76' lang='lat' dir='ltr'><strong>XXXVI.</strong></span> 
     </span>
    </p>
   </div>
   <div class='ocr_carea' id='block_1_13' title="bbox 117 1022 1620 1102">
    <p class='ocr_par' dir='ltr' id='par_1_13' title="bbox 117 1022 1620 1097">
     <span class='ocr_line' id='line_1_13' title="bbox 117 1022 1620 1097; baseline 0.005 -20"><span class='ocrx_word' id='word_1_65' title='bbox 117 1024 207 1077; x_wconf 79' lang='grc' dir='ltr'>ὀτι</span> <span class='ocrx_word' id='word_1_66' title='bbox 239 1024 323 1078; x_wconf 79' lang='grc' dir='ltr'><strong>καί</strong></span> <span class='ocrx_word' id='word_1_67' title='bbox 357 1022 467 1092; x_wconf 77' lang='grc' dir='ltr'><strong>τὴν</strong></span> <span class='ocrx_word' id='word_1_68' title='bbox 489 1023 738 1095; x_wconf 68' lang='grc' dir='ltr'>ἄψυχον</span> <span class='ocrx_word' id='word_1_69' title='bbox 766 1024 927 1094; x_wconf 76' lang='grc' dir='ltr'>ὕλην</span> <span class='ocrx_word' id='word_1_70' title='bbox 956 1024 1159 1082; x_wconf 75' lang='grc' dir='ltr'>σέϐειν</span> <span class='ocrx_word' id='word_1_71' title='bbox 1196 1027 1620 1097; x_wconf 77' lang='grc' dir='ltr'><strong>προσέταττον.</strong></span> 
     </span>
    </p>
   </div>
   <div class='ocr_carea' id='block_1_14' title="bbox 1726 1022 3275 1102">
    <p class='ocr_par' dir='ltr' id='par_1_14' title="bbox 1763 1029 3275 1102">
     <span class='ocr_line' id='line_1_14' title="bbox 1763 1029 3275 1102; baseline -0.003 -14"><span class='ocrx_word' id='word_1_72' title='bbox 1763 1034 1901 1088; x_wconf 78' lang='lat' dir='ltr'><strong>Illos</strong></span> <span class='ocrx_word' id='word_1_73' title='bbox 1924 1034 2086 1087; x_wconf 65' lang='lat' dir='ltr'><strong>etiam</strong></span> <span class='ocrx_word' id='word_1_74' title='bbox 2104 1032 2354 1102; x_wconf 78' lang='lat' dir='ltr'><strong>jussisse,</strong></span> <span class='ocrx_word' id='word_1_75' title='bbox 2383 1040 2442 1086; x_wconf 84' lang='lat' dir='ltr'><strong>ut</strong></span> <span class='ocrx_word' id='word_1_76' title='bbox 2469 1032 2694 1086; x_wconf 84' lang='lat' dir='ltr'><strong>materia</strong></span> <span class='ocrx_word' id='word_1_77' title='bbox 2724 1030 2965 1085; x_wconf 80' lang='lat' dir='ltr'><strong>inanima</strong></span> <span class='ocrx_word' id='word_1_78' title='bbox 2994 1029 3275 1084; x_wconf 76' lang='lat' dir='ltr'><strong>coleretur.</strong></span> 
     </span>
    </p>
   </div>
   <div class='ocr_carea' id='block_1_15' title="bbox 120 1136 1620 1265">
    <p class='ocr_par' dir='ltr' id='par_1_15' title="bbox 120 1136 1620 1265">
     <span class='ocr_line' id='line_1_15' title="bbox 120 1136 1620 1265; baseline 0.005 -75"><span class='ocrx_word' id='word_1_79' title='bbox 120 1155 135 1188; x_wconf 81' lang='grc' dir='ltr'><strong>ι</strong></span> <span class='ocrx_word' id='word_1_80' title='bbox 166 1136 317 1191; x_wconf 68' lang='grc' dir='ltr'>Ἀλλὰ</span> <span class='ocrx_word' id='word_1_81' title='bbox 339 1137 429 1191; x_wconf 78' lang='grc' dir='ltr'>καὶ</span> <span class='ocrx_word' id='word_1_82' title='bbox 476 1138 808 1206; x_wconf 79' lang='grc' dir='ltr'><strong>Μηθύμνης</strong></span> <span class='ocrx_word' id='word_1_83' title='bbox 835 1137 947 1209; x_wconf 69' lang='grc'><strong>(62)</strong></span> <span class='ocrx_word' id='word_1_84' title='bbox 978 1138 1217 1207; x_wconf 81' lang='grc' dir='ltr'>ναέταις</span> <span class='ocrx_word' id='word_1_85' title='bbox 1245 1140 1402 1265; x_wconf 51' lang='lat' dir='ltr'><strong>ﬁeri:</strong></span> <span class='ocrx_word' id='word_1_86' title='bbox 1444 1141 1620 1197; x_wconf 71' lang='grc' dir='ltr'>λώϊον</span> 
     </span>
     <span class='ocr_line' id='line_1_16' title="bbox 1380 1227 1554 1265; baseline 0 0"><span class='ocrx_word' id='word_1_87' title='bbox 1380 1227 1520 1265; x_wconf 82' lang='grc' dir='ltr'>σται</span> <span class='ocrx_word' id='word_1_88' title='bbox 1539 1253 1554 1265; x_wconf 90' lang='grc'><strong>.</strong></span> 
     </span>
    </p>
   </div>
   <div class='ocr_carea' id='block_1_16' title="bbox 1726 1136 2998 1265">
    <p class='ocr_par' dir='ltr' id='par_1_16' title="bbox 1737 1143 2998 1216">
     <span class='ocr_line' id='line_1_17' title="bbox 1737 1143 2998 1216; baseline -0.004 -15"><span class='ocrx_word' id='word_1_89' title='bbox 1737 1165 1757 1200; x_wconf 79' lang='grc' dir='ltr'><strong>ι</strong></span> <span class='ocrx_word' id='word_1_90' title='bbox 1795 1147 1893 1201; x_wconf 75' lang='lat' dir='ltr'><strong>Res</strong></span> <span class='ocrx_word' id='word_1_91' title='bbox 1919 1147 2014 1200; x_wconf 71' lang='lat' dir='ltr'><strong>tibi</strong></span> <span class='ocrx_word' id='word_1_92' title='bbox 2049 1144 2368 1215; x_wconf 63' lang='lat' dir='ltr'><strong>Methymna</strong></span> <span class='ocrx_word' id='word_1_93' title='bbox 2394 1144 2601 1216; x_wconf 77' lang='lat' dir='ltr'><strong>felicius</strong></span> <span class='ocrx_word' id='word_1_94' title='bbox 2633 1143 2806 1197; x_wconf 84' lang='lat' dir='ltr'><strong>incola</strong></span> <span class='ocrx_word' id='word_1_95' title='bbox 2834 1143 2998 1211; x_wconf 82' lang='lat' dir='ltr'><strong>cedet,</strong></span> 
     </span>
    </p>
   </div>
   <div class='ocr_carea' id='block_1_17' title="bbox 1380 1227 1554 1277">
    <p class='ocr_par' dir='ltr' id='par_1_17' title="bbox 1380 1227 1554 1277">
     <span class='ocr_line' id='line_1_18' title="bbox 1380 1227 1554 1277; baseline 0.006 -12"><span class='ocrx_word' id='word_1_96' title='bbox 1380 1227 1520 1266; x_wconf 82' lang='grc' dir='ltr'>σται</span> <span class='ocrx_word' id='word_1_97' title='bbox 1539 1253 1554 1277; x_wconf 87' lang='grc'><strong>,</strong></span> 
     </span>
    </p>
   </div>
   <div class='ocr_carea' id='block_1_18' title="bbox 112 1210 1620 1356">
    <p class='ocr_par' dir='ltr' id='par_1_18' title="bbox 112 1210 1554 1348">
     <span class='ocr_line' id='line_1_19' title="bbox 112 1210 1554 1348; baseline 0.001 -15"><span class='ocrx_word' id='word_1_98' title='bbox 112 1277 374 1344; x_wconf 58' lang='lat' dir='ltr'><strong>hum-er</strong></span> <span class='ocrx_word' id='word_1_99' title='bbox 398 1275 611 1347; x_wconf 80' lang='grc' dir='ltr'>τιμῶσι</span> <span class='ocrx_word' id='word_1_100' title='bbox 630 1280 941 1333; x_wconf 80' lang='grc' dir='ltr'>Διονύσοιο</span> <span class='ocrx_word' id='word_1_101' title='bbox 970 1277 1259 1348; x_wconf 81' lang='grc' dir='ltr'>κάρηνον.</span> <span class='ocrx_word' id='word_1_102' title='bbox 1311 1210 1520 1283; x_wconf 61' lang='grc' dir='ltr'><strong>[ἔσται</strong></span> <span class='ocrx_word' id='word_1_103' title='bbox 1539 1253 1554 1277; x_wconf 63' lang='grc'><em>’</em></span> 
     </span>
    </p>
   </div>
   <div class='ocr_carea' id='block_1_19' title="bbox 1726 1210 3003 1356">
    <p class='ocr_par' dir='ltr' id='par_1_19' title="bbox 1735 1282 3003 1356">
     <span class='ocr_line' id='line_1_20' title="bbox 1735 1282 3003 1356; baseline -0.005 -15"><span class='ocrx_word' id='word_1_104' title='bbox 1735 1286 1794 1342; x_wconf 76' lang='lat' dir='ltr'><strong>Si</strong></span> <span class='ocrx_word' id='word_1_105' title='bbox 1819 1287 2018 1341; x_wconf 81' lang='lat' dir='ltr'><strong>Bacchi</strong></span> <span class='ocrx_word' id='word_1_106' title='bbox 2043 1295 2200 1356; x_wconf 87' lang='lat' dir='ltr'><strong>caput</strong></span> <span class='ocrx_word' id='word_1_107' title='bbox 2224 1302 2289 1341; x_wconf 72' lang='lat' dir='ltr'><strong>ea:</strong></span> <span class='ocrx_word' id='word_1_108' title='bbox 2324 1286 2474 1340; x_wconf 84' lang='lat' dir='ltr'><strong>tereti</strong></span> <span class='ocrx_word' id='word_1_109' title='bbox 2504 1284 2809 1340; x_wconf 85' lang='lat' dir='ltr'><strong>venerabere</strong></span> <span class='ocrx_word' id='word_1_110' title='bbox 2838 1282 3003 1354; x_wconf 81' lang='lat' dir='ltr'><strong>ligno.</strong></span> 
     </span>
    </p>
   </div>
   <div class='ocr_carea' id='block_1_20' title="bbox 113 1392 1620 1471">
    <p class='ocr_par' dir='ltr' id='par_1_20' title="bbox 113 1392 1620 1468">
     <span class='ocr_line' id='line_1_21' title="bbox 113 1392 1620 1468; baseline 0.001 -19"><span class='ocrx_word' id='word_1_111' title='bbox 113 1393 260 1449; x_wconf 75' lang='grc' dir='ltr'>θύουσι</span> <span class='ocrx_word' id='word_1_112' title='bbox 283 1394 384 1464; x_wconf 70' lang='grc' dir='ltr'><strong>γὰρ</strong></span> <span class='ocrx_word' id='word_1_113' title='bbox 413 1394 467 1447; x_wconf 84' lang='grc' dir='ltr'>αἱ</span> <span class='ocrx_word' id='word_1_114' title='bbox 498 1392 690 1457; x_wconf 77' lang='grc' dir='ltr'>πόλεις</span> <span class='ocrx_word' id='word_1_115' title='bbox 718 1394 812 1447; x_wconf 73' lang='grc' dir='ltr'>καὶ</span> <span class='ocrx_word' id='word_1_116' title='bbox 844 1392 1064 1457; x_wconf 84' lang='grc' dir='ltr'>τελετὰς</span> <span class='ocrx_word' id='word_1_117' title='bbox 1102 1394 1347 1463; x_wconf 74' lang='grc' dir='ltr'>ἄγουσιν,</span> <span class='ocrx_word' id='word_1_118' title='bbox 1381 1396 1442 1449; x_wconf 80' lang='grc' dir='ltr'><strong>οὐ</strong></span> <span class='ocrx_word' id='word_1_119' title='bbox 1470 1397 1620 1468; x_wconf 72' lang='grc' dir='ltr'>μόνον</span> 
     </span>
    </p>
   </div>
   <div class='ocr_carea' id='block_1_21' title="bbox 1726 1392 3307 1471">
    <p class='ocr_par' dir='ltr' id='par_1_21' title="bbox 1728 1392 3307 1471">
     <span class='ocr_line' id='line_1_22' title="bbox 1728 1392 3307 1471; baseline -0.005 -17"><span class='ocrx_word' id='word_1_120' title='bbox 1728 1400 1940 1455; x_wconf 88' lang='lat' dir='ltr'><strong>Passim</strong></span> <span class='ocrx_word' id='word_1_121' title='bbox 1988 1401 2188 1471; x_wconf 82' lang='lat' dir='ltr'><strong>quippe</strong></span> <span class='ocrx_word' id='word_1_122' title='bbox 2232 1399 2480 1454; x_wconf 83' lang='lat' dir='ltr'><strong>civitates</strong></span> <span class='ocrx_word' id='word_1_123' title='bbox 2508 1439 2523 1462; x_wconf 84' lang='lat'><strong>,</strong></span> <span class='ocrx_word' id='word_1_124' title='bbox 2570 1413 2680 1452; x_wconf 90' lang='lat' dir='ltr'><strong>non</strong></span> <span class='ocrx_word' id='word_1_125' title='bbox 2730 1397 2913 1467; x_wconf 82' lang='lat' dir='ltr'><strong>lignea</strong></span> <span class='ocrx_word' id='word_1_126' title='bbox 2956 1394 3158 1460; x_wconf 90' lang='lat' dir='ltr'><strong>modo,</strong></span> <span class='ocrx_word' id='word_1_127' title='bbox 3213 1392 3307 1447; x_wconf 86' lang='lat' dir='ltr'><strong>sed</strong></span> 
     </span>
    </p>
   </div>
   <div class='ocr_carea' id='block_1_22' title="bbox 115 1482 1620 1562">
    <p class='ocr_par' dir='ltr' id='par_1_22' title="bbox 115 1485 1620 1558">
     <span class='ocr_line' id='line_1_23' title="bbox 115 1485 1620 1558; baseline 0.003 -21"><span class='ocrx_word' id='word_1_128' title='bbox 115 1487 335 1556; x_wconf 69' lang='grc' dir='ltr'>φαλληνοίς</span> <span class='ocrx_word' id='word_1_129' title='bbox 354 1485 627 1539; x_wconf 84' lang='grc' dir='ltr'>Διονύσοιο</span> <span class='ocrx_word' id='word_1_130' title='bbox 659 1486 936 1558; x_wconf 85' lang='grc' dir='ltr'><strong>καρήνοις,</strong></span> <span class='ocrx_word' id='word_1_131' title='bbox 969 1485 1107 1541; x_wconf 80' lang='grc' dir='ltr'>ἀλλὰ</span> <span class='ocrx_word' id='word_1_132' title='bbox 1134 1488 1228 1541; x_wconf 77' lang='grc' dir='ltr'>καὶ</span> <span class='ocrx_word' id='word_1_133' title='bbox 1263 1487 1504 1553; x_wconf 77' lang='grc' dir='ltr'><strong>λιθίνοις,</strong></span> <span class='ocrx_word' id='word_1_134' title='bbox 1534 1490 1620 1544; x_wconf 69' lang='grc' dir='ltr'>καὶ</span> 
     </span>
    </p>
   </div>
   <div class='ocr_carea' id='block_1_23' title="bbox 1726 1482 3309 1562">
    <p class='ocr_par' dir='ltr' id='par_1_23' title="bbox 1730 1482 3309 1562">
     <span class='ocr_line' id='line_1_24' title="bbox 1730 1482 3309 1562; baseline -0.006 -16"><span class='ocrx_word' id='word_1_135' title='bbox 1730 1494 1894 1547; x_wconf 84' lang='lat' dir='ltr'><strong>etiam</strong></span> <span class='ocrx_word' id='word_1_136' title='bbox 1925 1492 2159 1562; x_wconf 90' lang='lat' dir='ltr'><strong>lapidea,</strong></span> <span class='ocrx_word' id='word_1_137' title='bbox 2190 1506 2352 1556; x_wconf 64' lang='lat' dir='ltr'><strong>aerea,</strong></span> <span class='ocrx_word' id='word_1_138' title='bbox 2378 1504 2546 1544; x_wconf 89' lang='lat' dir='ltr'><strong>aurea</strong></span> <span class='ocrx_word' id='word_1_139' title='bbox 2577 1488 2772 1543; x_wconf 86' lang='lat' dir='ltr'><strong>Bacchi</strong></span> <span class='ocrx_word' id='word_1_140' title='bbox 2798 1487 2998 1557; x_wconf 83' lang='lat' dir='ltr'><strong>capita,</strong></span> <span class='ocrx_word' id='word_1_141' title='bbox 3026 1482 3309 1543; x_wconf 77' lang='lat' dir='ltr'><strong>sacriﬁciis</strong></span> 
     </span>
    </p>
   </div>
   <div class='ocr_carea' id='block_1_24' title="bbox 112 1574 1620 1654">
    <p class='ocr_par' dir='ltr' id='par_1_24' title="bbox 112 1580 1620 1654">
     <span class='ocr_line' id='line_1_25' title="bbox 112 1580 1620 1654; baseline 0.001 -19"><span class='ocrx_word' id='word_1_142' title='bbox 112 1580 332 1652; x_wconf 75' lang='grc' dir='ltr'><strong>χαλκέοις,</strong></span> <span class='ocrx_word' id='word_1_143' title='bbox 380 1583 470 1635; x_wconf 75' lang='grc' dir='ltr'>καὶ</span> <span class='ocrx_word' id='word_1_144' title='bbox 511 1581 798 1653; x_wconf 74' lang='grc' dir='ltr'><strong>χρυσέοις.</strong></span> <span class='ocrx_word' id='word_1_145' title='bbox 840 1580 950 1651; x_wconf 78' lang='grc'><strong>(45)</strong></span> <span class='ocrx_word' id='word_1_146' title='bbox 983 1580 1059 1634; x_wconf 79' lang='grc' dir='ltr'>Οὐ</span> <span class='ocrx_word' id='word_1_147' title='bbox 1108 1581 1270 1653; x_wconf 85' lang='grc' dir='ltr'>μόνον</span> <span class='ocrx_word' id='word_1_148' title='bbox 1316 1582 1620 1654; x_wconf 75' lang='grc' dir='ltr'>φαλληνοῖς,</span> 
     </span>
    </p>
   </div>
   <div class='ocr_carea' id='block_1_25' title="bbox 1726 1574 3307 1654">
    <p class='ocr_par' dir='ltr' id='par_1_25' title="bbox 1732 1574 3307 1652">
     <span class='ocr_line' id='line_1_26' title="bbox 1732 1574 3307 1652; baseline -0.008 -14"><span class='ocrx_word' id='word_1_149' title='bbox 1732 1598 1796 1637; x_wconf 91' lang='lat' dir='ltr'><strong>ac</strong></span> <span class='ocrx_word' id='word_1_150' title='bbox 1829 1582 1987 1638; x_wconf 86' lang='lat' dir='ltr'><strong>statis</strong></span> <span class='ocrx_word' id='word_1_151' title='bbox 2018 1581 2374 1652; x_wconf 81' lang='lat' dir='ltr'><strong>religionibus</strong></span> <span class='ocrx_word' id='word_1_152' title='bbox 2405 1589 2776 1635; x_wconf 81' lang='lat' dir='ltr'><strong>venerantur:</strong></span> <span class='ocrx_word' id='word_1_153' title='bbox 2813 1579 2924 1632; x_wconf 91' lang='lat' dir='ltr'><strong>imo</strong></span> <span class='ocrx_word' id='word_1_154' title='bbox 2961 1592 3070 1631; x_wconf 87' lang='lat' dir='ltr'><strong>non</strong></span> <span class='ocrx_word' id='word_1_155' title='bbox 3109 1574 3307 1630; x_wconf 86' lang='lat' dir='ltr'><strong>Bacchi</strong></span> 
     </span>
    </p>
   </div>
   <div class='ocr_carea' id='block_1_26' title="bbox 112 1666 1620 1744">
    <p class='ocr_par' dir='ltr' id='par_1_26' title="bbox 112 1670 1620 1744">
     <span class='ocr_line' id='line_1_27' title="bbox 112 1670 1620 1744; baseline 0.001 -19"><span class='ocrx_word' id='word_1_156' title='bbox 112 1672 211 1725; x_wconf 78' lang='grc' dir='ltr'>ἀλλὰ</span> <span class='ocrx_word' id='word_1_157' title='bbox 232 1673 509 1736; x_wconf 53' lang='lat' dir='ltr'><strong>minarat;</strong></span> <span class='ocrx_word' id='word_1_158' title='bbox 534 1674 652 1735; x_wconf 81' lang='grc' dir='ltr'>τοῖς</span> <span class='ocrx_word' id='word_1_159' title='bbox 690 1671 1007 1735; x_wconf 79' lang='grc' dir='ltr'><strong>Διονυσίοις,</strong></span> <span class='ocrx_word' id='word_1_160' title='bbox 1034 1672 1130 1725; x_wconf 74' lang='grc' dir='ltr'>καὶ</span> <span class='ocrx_word' id='word_1_161' title='bbox 1158 1670 1339 1734; x_wconf 78' lang='grc' dir='ltr'>ἄλλοις</span> <span class='ocrx_word' id='word_1_162' title='bbox 1369 1673 1620 1744; x_wconf 86' lang='grc' dir='ltr'>παμπόλ-</span> 
     </span>
    </p>
   </div>
   <div class='ocr_carea' id='block_1_27' title="bbox 1726 1666 3309 1744">
    <p class='ocr_par' dir='ltr' id='par_1_27' title="bbox 1734 1666 3309 1742">
     <span class='ocr_line' id='line_1_28' title="bbox 1734 1666 3309 1742; baseline -0.005 -15"><span class='ocrx_word' id='word_1_163' title='bbox 1734 1681 1944 1727; x_wconf 89' lang='lat' dir='ltr'><strong>tantum</strong></span> <span class='ocrx_word' id='word_1_164' title='bbox 1977 1672 2155 1742; x_wconf 82' lang='lat' dir='ltr'><strong>capita</strong></span> <span class='ocrx_word' id='word_1_165' title='bbox 2176 1712 2191 1736; x_wconf 93' lang='lat'><strong>,</strong></span> <span class='ocrx_word' id='word_1_166' title='bbox 2222 1671 2318 1726; x_wconf 88' lang='lat' dir='ltr'><strong>sed</strong></span> <span class='ocrx_word' id='word_1_167' title='bbox 2348 1671 2487 1726; x_wconf 89' lang='lat' dir='ltr'><strong>alios</strong></span> <span class='ocrx_word' id='word_1_168' title='bbox 2516 1669 2679 1725; x_wconf 89' lang='lat' dir='ltr'><strong>etiam</strong></span> <span class='ocrx_word' id='word_1_169' title='bbox 2709 1670 2998 1739; x_wconf 88' lang='lat' dir='ltr'><strong>plerosque</strong></span> <span class='ocrx_word' id='word_1_170' title='bbox 3021 1668 3185 1733; x_wconf 91' lang='lat' dir='ltr'><strong>deos,</strong></span> <span class='ocrx_word' id='word_1_171' title='bbox 3213 1666 3309 1735; x_wconf 90' lang='lat' dir='ltr'><strong>qui</strong></span> 
     </span>
    </p>
   </div>
   <div class='ocr_carea' id='block_1_28' title="bbox 110 1757 1620 1835">
    <p class='ocr_par' dir='ltr' id='par_1_28' title="bbox 110 1761 1620 1835">
     <span class='ocr_line' id='line_1_29' title="bbox 110 1761 1620 1835; baseline -0.003 -18"><span class='ocrx_word' id='word_1_172' title='bbox 110 1765 191 1827; x_wconf 70' lang='grc' dir='ltr'>λιες</span> <span class='ocrx_word' id='word_1_173' title='bbox 222 1763 506 1827; x_wconf 83' lang='grc' dir='ltr'>Ἦσιοδείοις</span> <span class='ocrx_word' id='word_1_174' title='bbox 552 1762 721 1827; x_wconf 84' lang='grc' dir='ltr'><strong>θεοῖς.</strong></span> <span class='ocrx_word' id='word_1_175' title='bbox 780 1763 914 1834; x_wconf 72' lang='grc' dir='ltr'>Τρὶς</span> <span class='ocrx_word' id='word_1_176' title='bbox 940 1761 1052 1833; x_wconf 84' lang='grc' dir='ltr'><strong>γὰρ</strong></span> <span class='ocrx_word' id='word_1_177' title='bbox 1096 1761 1172 1826; x_wconf 86' lang='grc' dir='ltr'>ὡς</span> <span class='ocrx_word' id='word_1_178' title='bbox 1201 1762 1418 1834; x_wconf 83' lang='grc' dir='ltr'>ἀληθῶς</span> <span class='ocrx_word' id='word_1_179' title='bbox 1451 1763 1620 1835; x_wconf 80' lang='grc' dir='ltr'>μύριοι</span> 
     </span>
    </p>
   </div>
   <div class='ocr_carea' id='block_1_29' title="bbox 1726 1757 3308 1835">
    <p class='ocr_par' dir='ltr' id='par_1_29' title="bbox 1734 1760 3308 1832">
     <span class='ocr_line' id='line_1_30' title="bbox 1734 1760 3308 1832; baseline -0.004 -11"><span class='ocrx_word' id='word_1_180' title='bbox 1734 1766 1953 1823; x_wconf 82' lang='lat' dir='ltr'><strong>Hesiodi</strong></span> <span class='ocrx_word' id='word_1_181' title='bbox 2027 1767 2228 1823; x_wconf 80' lang='lat' dir='ltr'><strong>fabulis</strong></span> <span class='ocrx_word' id='word_1_182' title='bbox 2292 1765 2656 1821; x_wconf 85' lang='lat' dir='ltr'><strong>celebrantur.</strong></span> <span class='ocrx_word' id='word_1_183' title='bbox 2720 1762 3013 1817; x_wconf 84' lang='lat' dir='ltr'><strong>Enimvero</strong></span> <span class='ocrx_word' id='word_1_184' title='bbox 3085 1760 3308 1832; x_wconf 84' lang='lat' dir='ltr'><strong>triginta</strong></span> 
     </span>
    </p>
   </div>
   <div class='ocr_carea' id='block_1_30' title="bbox 112 1853 1620 1931">
    <p class='ocr_par' dir='ltr' id='par_1_30' title="bbox 112 1853 1620 1929">
     <span class='ocr_line' id='line_1_31' title="bbox 112 1853 1620 1929; baseline -0.004 -16"><span class='ocrx_word' id='word_1_185' title='bbox 112 1861 210 1913; x_wconf 69' lang='lat' dir='ltr'><strong>slew</strong></span> <span class='ocrx_word' id='word_1_186' title='bbox 234 1859 312 1912; x_wconf 80' lang='grc' dir='ltr'>ἐπὶ</span> <span class='ocrx_word' id='word_1_187' title='bbox 336 1857 479 1928; x_wconf 79' lang='grc' dir='ltr'>χθονὶ</span> <span class='ocrx_word' id='word_1_188' title='bbox 508 1856 931 1929; x_wconf 85' lang='grc' dir='ltr'>πουλυϐοτείρῃ,</span> <span class='ocrx_word' id='word_1_189' title='bbox 957 1855 1058 1907; x_wconf 82' lang='grc' dir='ltr'>οὐκ</span> <span class='ocrx_word' id='word_1_190' title='bbox 1087 1853 1365 1920; x_wconf 81' lang='grc' dir='ltr'>ἀθάνατοι,</span> <span class='ocrx_word' id='word_1_191' title='bbox 1397 1854 1537 1909; x_wconf 82' lang='grc' dir='ltr'>ἀλλὰ</span> <span class='ocrx_word' id='word_1_192' title='bbox 1558 1854 1620 1908; x_wconf 86' lang='grc' dir='ltr'>λί-</span> 
     </span>
    </p>
   </div>
   <div class='ocr_carea' id='block_1_31' title="bbox 1726 1853 3310 1931">
    <p class='ocr_par' dir='ltr' id='par_1_31' title="bbox 1729 1854 3310 1931">
     <span class='ocr_line' id='line_1_32' title="bbox 1729 1854 3310 1931; baseline -0.005 -16"><span class='ocrx_word' id='word_1_193' title='bbox 1729 1859 1913 1931; x_wconf 88' lang='lat' dir='ltr'><strong>plane,</strong></span> <span class='ocrx_word' id='word_1_194' title='bbox 1959 1874 2071 1914; x_wconf 92' lang='lat' dir='ltr'><strong>non</strong></span> <span class='ocrx_word' id='word_1_195' title='bbox 2116 1859 2231 1929; x_wconf 86' lang='lat' dir='ltr'><strong>jam</strong></span> <span class='ocrx_word' id='word_1_196' title='bbox 2261 1857 2688 1923; x_wconf 88' lang='lat' dir='ltr'><strong>immortalium,</strong></span> <span class='ocrx_word' id='word_1_197' title='bbox 2735 1854 2829 1911; x_wconf 88' lang='lat' dir='ltr'><strong>sed</strong></span> <span class='ocrx_word' id='word_1_198' title='bbox 2862 1854 3222 1925; x_wconf 89' lang='lat' dir='ltr'><strong>lapideorum,</strong></span> <span class='ocrx_word' id='word_1_199' title='bbox 3255 1862 3310 1908; x_wconf 91' lang='lat' dir='ltr'><strong>et</strong></span> 
     </span>
    </p>
   </div>
   <div class='ocr_carea' id='block_1_32' title="bbox 112 1944 1620 2022">
    <p class='ocr_par' dir='ltr' id='par_1_32' title="bbox 112 1944 1620 2018">
     <span class='ocr_line' id='line_1_33' title="bbox 112 1944 1620 2018; baseline -0.003 -16"><span class='ocrx_word' id='word_1_200' title='bbox 112 1948 209 2003; x_wconf 80' lang='grc' dir='ltr'>θινοι</span> <span class='ocrx_word' id='word_1_201' title='bbox 231 1951 309 2002; x_wconf 76' lang='grc' dir='ltr'><strong>καὶ</strong></span> <span class='ocrx_word' id='word_1_202' title='bbox 332 1947 523 2014; x_wconf 76' lang='grc' dir='ltr'>ξύλινοι</span> <span class='ocrx_word' id='word_1_203' title='bbox 549 1948 811 2001; x_wconf 77' lang='grc' dir='ltr'><strong>δεσπόται</strong></span> <span class='ocrx_word' id='word_1_204' title='bbox 842 1944 1177 2017; x_wconf 61' lang='grc' dir='ltr'>ἀνθρώπων</span> <span class='ocrx_word' id='word_1_205' title='bbox 1215 1946 1288 2011; x_wconf 77' lang='grc' dir='ltr'>οἳ,</span> <span class='ocrx_word' id='word_1_206' title='bbox 1333 1947 1382 1999; x_wconf 83' lang='grc' dir='ltr'>ει</span> <span class='ocrx_word' id='word_1_207' title='bbox 1414 1945 1620 2018; x_wconf 81' lang='grc' dir='ltr'>ἀνθρὼ-</span> 
     </span>
    </p>
   </div>
   <div class='ocr_carea' id='block_1_33' title="bbox 1726 1944 3309 2022">
    <p class='ocr_par' dir='ltr' id='par_1_33' title="bbox 1729 1945 3309 2022">
     <span class='ocr_line' id='line_1_34' title="bbox 1729 1945 3309 2022; baseline -0.004 -16"><span class='ocrx_word' id='word_1_208' title='bbox 1729 1952 2033 2022; x_wconf 82' lang='lat' dir='ltr'><strong>ligneorum</strong></span> <span class='ocrx_word' id='word_1_209' title='bbox 2055 1950 2280 2005; x_wconf 86' lang='lat' dir='ltr'><strong>humani</strong></span> <span class='ocrx_word' id='word_1_210' title='bbox 2302 1949 2516 2020; x_wconf 83' lang='lat' dir='ltr'><strong>generis</strong></span> <span class='ocrx_word' id='word_1_211' title='bbox 2542 1947 2889 2004; x_wconf 91' lang='lat' dir='ltr'><strong>dominorum</strong></span> <span class='ocrx_word' id='word_1_212' title='bbox 2917 1945 3309 2010; x_wconf 86' lang='lat' dir='ltr'><strong>millia,nutrix</strong></span> 
     </span>
    </p>
   </div>
   <div class='ocr_carea' id='block_1_34' title="bbox 112 2035 1620 2112">
    <p class='ocr_par' dir='ltr' id='par_1_34' title="bbox 112 2035 1620 2112">
     <span class='ocr_line' id='line_1_35' title="bbox 112 2035 1620 2112; baseline -0.003 -17"><span class='ocrx_word' id='word_1_213' title='bbox 112 2058 196 2095; x_wconf 78' lang='grc' dir='ltr'><strong>πων</strong></span> <span class='ocrx_word' id='word_1_214' title='bbox 214 2041 344 2112; x_wconf 75' lang='grc' dir='ltr'>ὓϐριν</span> <span class='ocrx_word' id='word_1_215' title='bbox 368 2059 424 2094; x_wconf 89' lang='grc' dir='ltr'><strong>τε</strong></span> <span class='ocrx_word' id='word_1_216' title='bbox 447 2040 541 2094; x_wconf 72' lang='grc' dir='ltr'>καὶ</span> <span class='ocrx_word' id='word_1_217' title='bbox 568 2039 832 2110; x_wconf 74' lang='grc' dir='ltr'>εὐνομίην</span> <span class='ocrx_word' id='word_1_218' title='bbox 862 2036 1141 2110; x_wconf 81' lang='grc' dir='ltr'>ἐφεώρων,</span> <span class='ocrx_word' id='word_1_219' title='bbox 1178 2038 1282 2091; x_wconf 84' lang='grc' dir='ltr'>οὐκ</span> <span class='ocrx_word' id='word_1_220' title='bbox 1327 2037 1395 2091; x_wconf 79' lang='grc' dir='ltr'>ἂν</span> <span class='ocrx_word' id='word_1_221' title='bbox 1438 2035 1620 2091; x_wconf 85' lang='grc' dir='ltr'>τοσοῦ-</span> 
     </span>
    </p>
   </div>
   <div class='ocr_carea' id='block_1_35' title="bbox 1726 2035 3310 2112">
    <p class='ocr_par' dir='ltr' id='par_1_35' title="bbox 1729 2037 3310 2111">
     <span class='ocr_line' id='line_1_36' title="bbox 1729 2037 3310 2111; baseline -0.003 -16"><span class='ocrx_word' id='word_1_222' title='bbox 1729 2041 2088 2111; x_wconf 86' lang='lat' dir='ltr'><strong>animantium</strong></span> <span class='ocrx_word' id='word_1_223' title='bbox 2121 2050 2264 2096; x_wconf 74' lang='lat' dir='ltr'><strong>terra</strong></span> <span class='ocrx_word' id='word_1_224' title='bbox 2291 2040 2693 2111; x_wconf 86' lang='lat' dir='ltr'><strong>complectitur,</strong></span> <span class='ocrx_word' id='word_1_225' title='bbox 2722 2042 2813 2108; x_wconf 90' lang='lat' dir='ltr'><strong>qui</strong></span> <span class='ocrx_word' id='word_1_226' title='bbox 2845 2037 3109 2109; x_wconf 76' lang='lat' dir='ltr'><strong>profecto,</strong></span> <span class='ocrx_word' id='word_1_227' title='bbox 3141 2037 3188 2093; x_wconf 90' lang='lat' dir='ltr'><strong>si</strong></span> <span class='ocrx_word' id='word_1_228' title='bbox 3215 2051 3310 2091; x_wconf 87' lang='lat' dir='ltr'><strong>co-</strong></span> 
     </span>
    </p>
   </div>
   <div class='ocr_carea' id='block_1_36' title="bbox 111 2127 1620 2205">
    <p class='ocr_par' dir='ltr' id='par_1_36' title="bbox 111 2127 1620 2203">
     <span class='ocr_line' id='line_1_37' title="bbox 111 2127 1620 2203; baseline -0.002 -21"><span class='ocrx_word' id='word_1_229' title='bbox 111 2145 175 2193; x_wconf 83' lang='grc' dir='ltr'><strong>τος</strong></span> <span class='ocrx_word' id='word_1_230' title='bbox 191 2130 306 2203; x_wconf 84' lang='grc' dir='ltr'>ήρθη</span> <span class='ocrx_word' id='word_1_231' title='bbox 339 2131 518 2201; x_wconf 82' lang='grc' dir='ltr'>λῆρος,</span> <span class='ocrx_word' id='word_1_232' title='bbox 558 2129 705 2183; x_wconf 84' lang='grc' dir='ltr'>ὥστε</span> <span class='ocrx_word' id='word_1_233' title='bbox 729 2129 822 2182; x_wconf 76' lang='grc' dir='ltr'>καὶ</span> <span class='ocrx_word' id='word_1_234' title='bbox 843 2128 941 2199; x_wconf 78' lang='grc' dir='ltr'><strong>ήδη</strong></span> <span class='ocrx_word' id='word_1_235' title='bbox 969 2128 1064 2182; x_wconf 77' lang='grc' dir='ltr'>καὶ</span> <span class='ocrx_word' id='word_1_236' title='bbox 1114 2129 1307 2199; x_wconf 83' lang='grc' dir='ltr'>μέχρις</span> <span class='ocrx_word' id='word_1_237' title='bbox 1348 2127 1502 2198; x_wconf 83' lang='grc' dir='ltr'>ὑμῶν</span> <span class='ocrx_word' id='word_1_238' title='bbox 1533 2143 1620 2180; x_wconf 83' lang='grc' dir='ltr'>κε-</span> 
     </span>
    </p>
   </div>
   <div class='ocr_carea' id='block_1_37' title="bbox 1726 2127 3307 2205">
    <p class='ocr_par' dir='ltr' id='par_1_37' title="bbox 1730 2130 3307 2205">
     <span class='ocr_line' id='line_1_38' title="bbox 1730 2130 3307 2205; baseline -0.004 -18"><span class='ocrx_word' id='word_1_239' title='bbox 1730 2133 2042 2205; x_wconf 82' lang='lat' dir='ltr'><strong>gnoscendo</strong></span> <span class='ocrx_word' id='word_1_240' title='bbox 2087 2132 2373 2188; x_wconf 85' lang='lat' dir='ltr'><strong>hominum</strong></span> <span class='ocrx_word' id='word_1_241' title='bbox 2423 2132 2657 2193; x_wconf 81' lang='lat' dir='ltr'><strong>sceleri.</strong></span> <span class='ocrx_word' id='word_1_242' title='bbox 2705 2130 2926 2201; x_wconf 82' lang='lat' dir='ltr'><strong>jurique</strong></span> <span class='ocrx_word' id='word_1_243' title='bbox 2971 2136 3307 2200; x_wconf 60' lang='lat' dir='ltr'><strong>praeessent,</strong></span> 
     </span>
    </p>
   </div>
   <div class='ocr_carea' id='block_1_38' title="bbox 110 2218 1620 2296">
    <p class='ocr_par' dir='ltr' id='par_1_38' title="bbox 110 2218 1620 2291">
     <span class='ocr_line' id='line_1_39' title="bbox 110 2218 1620 2291; baseline 0 -19"><span class='ocrx_word' id='word_1_244' title='bbox 110 2221 353 2291; x_wconf 76' lang='grc' dir='ltr'>χωρηκέναι</span> <span class='ocrx_word' id='word_1_245' title='bbox 378 2222 438 2274; x_wconf 80' lang='grc' dir='ltr'>τὸ</span> <span class='ocrx_word' id='word_1_246' title='bbox 462 2222 657 2285; x_wconf 81' lang='grc' dir='ltr'>κακὸν,</span> <span class='ocrx_word' id='word_1_247' title='bbox 678 2218 964 2273; x_wconf 80' lang='grc' dir='ltr'>ἐπιδιαϐὰν</span> <span class='ocrx_word' id='word_1_248' title='bbox 989 2222 1083 2273; x_wconf 80' lang='grc' dir='ltr'>καὶ</span> <span class='ocrx_word' id='word_1_249' title='bbox 1110 2222 1191 2283; x_wconf 84' lang='grc' dir='ltr'><strong>είς</strong></span> <span class='ocrx_word' id='word_1_250' title='bbox 1213 2218 1306 2272; x_wconf 82' lang='grc' dir='ltr'>τὸν</span> <span class='ocrx_word' id='word_1_251' title='bbox 1327 2218 1620 2289; x_wconf 80' lang='grc' dir='ltr'>Ὄλυμπον,</span> 
     </span>
    </p>
   </div>
   <div class='ocr_carea' id='block_1_39' title="bbox 1726 2218 3315 2296">
    <p class='ocr_par' dir='ltr' id='par_1_39' title="bbox 1731 2218 3315 2296">
     <span class='ocr_line' id='line_1_40' title="bbox 1731 2218 3315 2296; baseline -0.003 -17"><span class='ocrx_word' id='word_1_252' title='bbox 1731 2240 2012 2296; x_wconf 82' lang='lat' dir='ltr'><strong>nunquam</strong></span> <span class='ocrx_word' id='word_1_253' title='bbox 2038 2241 2105 2281; x_wconf 90' lang='lat' dir='ltr'><strong>eo</strong></span> <span class='ocrx_word' id='word_1_254' title='bbox 2130 2241 2399 2296; x_wconf 80' lang='lat' dir='ltr'><strong>nugarum</strong></span> <span class='ocrx_word' id='word_1_255' title='bbox 2423 2225 2640 2280; x_wconf 77' lang='lat' dir='ltr'><strong>vanitas</strong></span> <span class='ocrx_word' id='word_1_256' title='bbox 2662 2224 3013 2289; x_wconf 83' lang='lat' dir='ltr'><strong>excrevisset,</strong></span> <span class='ocrx_word' id='word_1_257' title='bbox 3036 2221 3115 2277; x_wconf 89' lang='lat' dir='ltr'><strong>uti</strong></span> <span class='ocrx_word' id='word_1_258' title='bbox 3148 2218 3315 2292; x_wconf 60' lang='lat'><strong>235,</strong></span> 
     </span>
    </p>
   </div>
   <div class='ocr_carea' id='block_1_40' title="bbox 110 2312 1620 2390">
    <p class='ocr_par' dir='ltr' id='par_1_40' title="bbox 110 2312 1620 2383">
     <span class='ocr_line' id='line_1_41' title="bbox 110 2312 1620 2383; baseline 0.003 -19"><span class='ocrx_word' id='word_1_259' title='bbox 110 2312 323 2383; x_wconf 71' lang='grc' dir='ltr'>δθι,φασὶ,</span> <span class='ocrx_word' id='word_1_260' title='bbox 346 2313 490 2368; x_wconf 78' lang='grc' dir='ltr'>θεῶν</span> <span class='ocrx_word' id='word_1_261' title='bbox 511 2314 656 2381; x_wconf 79' lang='grc' dir='ltr'>ἕδος</span> <span class='ocrx_word' id='word_1_262' title='bbox 675 2313 951 2383; x_wconf 59' lang='grc' dir='ltr'>ἀσφαλὲς</span> <span class='ocrx_word' id='word_1_263' title='bbox 984 2313 1116 2366; x_wconf 74' lang='grc' dir='ltr'>αἰεί.</span> <span class='ocrx_word' id='word_1_264' title='bbox 1155 2312 1347 2365; x_wconf 84' lang='grc' dir='ltr'>Καίτοι</span> <span class='ocrx_word' id='word_1_265' title='bbox 1377 2313 1424 2365; x_wconf 84' lang='grc' dir='ltr'><strong>εί</strong></span> <span class='ocrx_word' id='word_1_266' title='bbox 1454 2314 1620 2382; x_wconf 81' lang='grc' dir='ltr'>ἀσφα-</span> 
     </span>
    </p>
   </div>
   <div class='ocr_carea' id='block_1_41' title="bbox 1726 2312 3309 2390">
    <p class='ocr_par' dir='ltr' id='par_1_41' title="bbox 1731 2314 3309 2390">
     <span class='ocr_line' id='line_1_42' title="bbox 1731 2314 3309 2390; baseline -0.004 -15"><span class='ocrx_word' id='word_1_267' title='bbox 1731 2320 1799 2375; x_wconf 89' lang='lat' dir='ltr'><strong>ad</strong></span> <span class='ocrx_word' id='word_1_268' title='bbox 1823 2335 1921 2375; x_wconf 92' lang='lat' dir='ltr'><strong>vos</strong></span> <span class='ocrx_word' id='word_1_269' title='bbox 1967 2334 2141 2390; x_wconf 90' lang='lat' dir='ltr'><strong>usque</strong></span> <span class='ocrx_word' id='word_1_270' title='bbox 2180 2318 2385 2372; x_wconf 90' lang='lat' dir='ltr'><strong>malum</strong></span> <span class='ocrx_word' id='word_1_271' title='bbox 2431 2316 2780 2388; x_wconf 89' lang='lat' dir='ltr'><strong>perveniret,</strong></span> <span class='ocrx_word' id='word_1_272' title='bbox 2826 2314 3055 2385; x_wconf 77' lang='lat' dir='ltr'><strong>Olympo</strong></span> <span class='ocrx_word' id='word_1_273' title='bbox 3091 2327 3309 2383; x_wconf 67' lang='lat' dir='ltr'><strong>quo:;ue</strong></span> 
     </span>
    </p>
   </div>
   <div class='ocr_carea' id='block_1_42' title="bbox 109 2397 1620 2483">
    <p class='ocr_par' dir='ltr' id='par_1_42' title="bbox 109 2397 1620 2477">
     <span class='ocr_line' id='line_1_43' title="bbox 109 2397 1620 2477; baseline 0.002 -23"><span class='ocrx_word' id='word_1_274' title='bbox 109 2399 253 2475; x_wconf 79' lang='grc' dir='ltr'>λὲςήν,</span> <span class='ocrx_word' id='word_1_275' title='bbox 275 2405 362 2458; x_wconf 74' lang='grc' dir='ltr'>οὐκ</span> <span class='ocrx_word' id='word_1_276' title='bbox 381 2400 447 2477; x_wconf 78' lang='grc' dir='ltr'>ἦν</span> <span class='ocrx_word' id='word_1_277' title='bbox 477 2404 745 2459; x_wconf 81' lang='grc' dir='ltr'>ἐπιϐατὸν</span> <span class='ocrx_word' id='word_1_278' title='bbox 771 2403 940 2476; x_wconf 87' lang='grc' dir='ltr'>λήρῳ,</span> <span class='ocrx_word' id='word_1_279' title='bbox 974 2403 1083 2456; x_wconf 81' lang='grc' dir='ltr'>οὐδ’</span> <span class='ocrx_word' id='word_1_280' title='bbox 1107 2402 1173 2456; x_wconf 84' lang='grc' dir='ltr'>ἂν</span> <span class='ocrx_word' id='word_1_281' title='bbox 1205 2397 1287 2467; x_wconf 73' lang='grc' dir='ltr'>εἷς</span> <span class='ocrx_word' id='word_1_282' title='bbox 1317 2421 1403 2468; x_wconf 89' lang='grc' dir='ltr'><strong>τις</strong></span> <span class='ocrx_word' id='word_1_283' title='bbox 1440 2404 1620 2475; x_wconf 85' lang='grc' dir='ltr'>Ὀλυμ-</span> 
     </span>
    </p>
   </div>
   <div class='ocr_carea' id='block_1_43' title="bbox 1726 2397 3304 2483">
    <p class='ocr_par' dir='ltr' id='par_1_43' title="bbox 1731 2407 3304 2483">
     <span class='ocr_line' id='line_1_44' title="bbox 1731 2407 3304 2483; baseline -0.007 -15"><span class='ocrx_word' id='word_1_284' title='bbox 1731 2421 2008 2483; x_wconf 88' lang='lat' dir='ltr'><strong>superato,</strong></span> <span class='ocrx_word' id='word_1_285' title='bbox 2033 2412 2127 2466; x_wconf 92' lang='lat' dir='ltr'><strong>ubi</strong></span> <span class='ocrx_word' id='word_1_286' title='bbox 2160 2411 2370 2477; x_wconf 74' lang='lat' dir='ltr'><strong>divum,</strong></span> <span class='ocrx_word' id='word_1_287' title='bbox 2397 2410 2577 2464; x_wconf 86' lang='lat' dir='ltr'><strong>aiunt:</strong></span> <span class='ocrx_word' id='word_1_288' title='bbox 2603 2407 2764 2464; x_wconf 80' lang='lat' dir='ltr'><strong>Sedes</strong></span> <span class='ocrx_word' id='word_1_289' title='bbox 2784 2423 2971 2461; x_wconf 71' lang='lat' dir='ltr'><strong>secura</strong></span> <span class='ocrx_word' id='word_1_290' title='bbox 3001 2422 3092 2476; x_wconf 84' lang='lat' dir='ltr'><strong>per</strong></span> <span class='ocrx_word' id='word_1_291' title='bbox 3116 2420 3304 2461; x_wconf 66' lang='lat' dir='ltr'><strong>meum.</strong></span> 
     </span>
    </p>
   </div>
   <div class='ocr_carea' id='block_1_44' title="bbox 111 2493 1620 2570">
    <p class='ocr_par' dir='ltr' id='par_1_44' title="bbox 111 2493 1620 2569">
     <span class='ocr_line' id='line_1_45' title="bbox 111 2493 1620 2569; baseline 0.001 -21"><span class='ocrx_word' id='word_1_292' title='bbox 111 2496 208 2548; x_wconf 76' lang='grc' dir='ltr'>πίων</span> <span class='ocrx_word' id='word_1_293' title='bbox 230 2498 298 2561; x_wconf 80' lang='grc' dir='ltr'><strong>είς</strong></span> <span class='ocrx_word' id='word_1_294' title='bbox 323 2496 471 2551; x_wconf 75' lang='grc' dir='ltr'>τοῦτο</span> <span class='ocrx_word' id='word_1_295' title='bbox 495 2493 634 2569; x_wconf 79' lang='grc' dir='ltr'>ἦλθε</span> <span class='ocrx_word' id='word_1_296' title='bbox 664 2496 985 2569; x_wconf 84' lang='grc' dir='ltr'>παρανοίας,</span> <span class='ocrx_word' id='word_1_297' title='bbox 1025 2495 1155 2549; x_wconf 78' lang='grc' dir='ltr'>ὥστ’</span> <span class='ocrx_word' id='word_1_298' title='bbox 1179 2495 1390 2549; x_wconf 83' lang='grc' dir='ltr'>ἐλάϊνον</span> <span class='ocrx_word' id='word_1_299' title='bbox 1423 2496 1620 2568; x_wconf 74' lang='grc' dir='ltr'>κορμὸν</span> 
     </span>
    </p>
   </div>
   <div class='ocr_carea' id='block_1_45' title="bbox 1726 2493 3314 2570">
    <p class='ocr_par' dir='ltr' id='par_1_45' title="bbox 1730 2500 3314 2570">
     <span class='ocr_line' id='line_1_46' title="bbox 1730 2500 3314 2570; baseline -0.003 -14"><span class='ocrx_word' id='word_1_300' title='bbox 1730 2501 1863 2570; x_wconf 66' lang='lat' dir='ltr'><strong>Quae</strong></span> <span class='ocrx_word' id='word_1_301' title='bbox 1896 2501 2163 2558; x_wconf 87' lang='lat' dir='ltr'><strong>securitas</strong></span> <span class='ocrx_word' id='word_1_302' title='bbox 2195 2500 2242 2556; x_wconf 90' lang='lat' dir='ltr'><strong>si</strong></span> <span class='ocrx_word' id='word_1_303' title='bbox 2274 2514 2400 2555; x_wconf 85' lang='lat' dir='ltr'><strong>vere</strong></span> <span class='ocrx_word' id='word_1_304' title='bbox 2425 2500 2747 2569; x_wconf 66' lang='lat' dir='ltr'><strong>iactaretur,</strong></span> <span class='ocrx_word' id='word_1_305' title='bbox 2776 2511 2951 2567; x_wconf 79' lang='lat' dir='ltr'><strong>nugas</strong></span> <span class='ocrx_word' id='word_1_306' title='bbox 2982 2510 3176 2552; x_wconf 88' lang='lat' dir='ltr'><strong>omnes</strong></span> <span class='ocrx_word' id='word_1_307' title='bbox 3212 2510 3314 2551; x_wconf 85' lang='lat' dir='ltr'><strong>ex-</strong></span> 
     </span>
    </p>
   </div>
   <div class='ocr_carea' id='block_1_46' title="bbox 111 2585 1620 2664">
    <p class='ocr_par' dir='ltr' id='par_1_46' title="bbox 111 2585 1620 2661">
     <span class='ocr_line' id='line_1_47' title="bbox 111 2585 1620 2661; baseline -0.001 -22"><span class='ocrx_word' id='word_1_308' title='bbox 111 2585 256 2641; x_wconf 77' lang='grc' dir='ltr'>θεῶσαι</span> <span class='ocrx_word' id='word_1_309' title='bbox 274 2605 287 2618; x_wconf 94' lang='grc'><strong>·</strong></span> <span class='ocrx_word' id='word_1_310' title='bbox 318 2587 373 2642; x_wconf 76' lang='grc' dir='ltr'>ὃν</span> <span class='ocrx_word' id='word_1_311' title='bbox 406 2590 454 2642; x_wconf 88' lang='grc' dir='ltr'>οἱ</span> <span class='ocrx_word' id='word_1_312' title='bbox 482 2588 836 2661; x_wconf 82' lang='grc' dir='ltr'>Μηθυμναῖοι</span> <span class='ocrx_word' id='word_1_313' title='bbox 861 2586 1108 2658; x_wconf 83' lang='grc' dir='ltr'>σαγήνης</span> <span class='ocrx_word' id='word_1_314' title='bbox 1142 2585 1493 2657; x_wconf 75' lang='grc' dir='ltr'><strong>ἐμπλακέντα</strong></span> <span class='ocrx_word' id='word_1_315' title='bbox 1515 2587 1620 2650; x_wconf 86' lang='grc' dir='ltr'>τοῖς</span> 
     </span>
    </p>
   </div>
   <div class='ocr_carea' id='block_1_47' title="bbox 1726 2585 3312 2664">
    <p class='ocr_par' dir='ltr' id='par_1_47' title="bbox 1729 2588 3312 2664">
     <span class='ocr_line' id='line_1_48' title="bbox 1729 2588 3312 2664; baseline -0.006 -12"><span class='ocrx_word' id='word_1_316' title='bbox 1729 2595 2007 2659; x_wconf 85' lang='lat' dir='ltr'><strong>cluderet,</strong></span> <span class='ocrx_word' id='word_1_317' title='bbox 2061 2607 2161 2648; x_wconf 89' lang='lat' dir='ltr'><strong>nec</strong></span> <span class='ocrx_word' id='word_1_318' title='bbox 2202 2590 2578 2664; x_wconf 85' lang='lat' dir='ltr'><strong>Olympiorum</strong></span> <span class='ocrx_word' id='word_1_319' title='bbox 2624 2589 2914 2661; x_wconf 88' lang='lat' dir='ltr'><strong>quisquam</strong></span> <span class='ocrx_word' id='word_1_320' title='bbox 2962 2602 3030 2642; x_wconf 91' lang='lat' dir='ltr'><strong>eo</strong></span> <span class='ocrx_word' id='word_1_321' title='bbox 3073 2588 3312 2643; x_wconf 70' lang='lat' dir='ltr'><strong>vesania:</strong></span> 
     </span>
    </p>
   </div>
   <div class='ocr_carea' id='block_1_48' title="bbox 108 2676 1620 2751">
    <p class='ocr_par' dir='ltr' id='par_1_48' title="bbox 108 2676 1620 2751">
     <span class='ocr_line' id='line_1_49' title="bbox 108 2676 1620 2751; baseline 0.001 -22"><span class='ocrx_word' id='word_1_322' title='bbox 108 2676 225 2744; x_wconf 72' lang='grc' dir='ltr'>λίνοις</span> <span class='ocrx_word' id='word_1_323' title='bbox 269 2679 604 2745; x_wconf 82' lang='grc' dir='ltr'>ἀνείλκυσαν,</span> <span class='ocrx_word' id='word_1_324' title='bbox 654 2679 752 2734; x_wconf 57' lang='grc' dir='ltr'><strong>καὶ⁸</strong></span> <span class='ocrx_word' id='word_1_325' title='bbox 777 2680 878 2745; x_wconf 75' lang='grc' dir='ltr'>δὶς,</span> <span class='ocrx_word' id='word_1_326' title='bbox 919 2681 969 2734; x_wconf 88' lang='grc' dir='ltr'><strong>εί</strong></span> <span class='ocrx_word' id='word_1_327' title='bbox 993 2679 1194 2751; x_wconf 82' lang='grc' dir='ltr'>βούλει,</span> <span class='ocrx_word' id='word_1_328' title='bbox 1222 2679 1318 2734; x_wconf 72' lang='grc' dir='ltr'>καὶ</span> <span class='ocrx_word' id='word_1_329' title='bbox 1349 2680 1489 2750; x_wconf 74' lang='grc' dir='ltr'>τρὶς,</span> <span class='ocrx_word' id='word_1_330' title='bbox 1532 2678 1620 2731; x_wconf 70' lang='grc' dir='ltr'>καὶ</span> 
     </span>
    </p>
   </div>
   <div class='ocr_carea' id='block_1_49' title="bbox 1726 2676 3311 2751">
    <p class='ocr_par' dir='ltr' id='par_1_49' title="bbox 1729 2677 3311 2751">
     <span class='ocr_line' id='line_1_50' title="bbox 1729 2677 3311 2751; baseline -0.006 -11"><span class='ocrx_word' id='word_1_331' title='bbox 1729 2685 2071 2747; x_wconf 88' lang='lat' dir='ltr'><strong>devenisset,</strong></span> <span class='ocrx_word' id='word_1_332' title='bbox 2110 2691 2169 2737; x_wconf 90' lang='lat' dir='ltr'><strong>ut</strong></span> <span class='ocrx_word' id='word_1_333' title='bbox 2215 2680 2500 2751; x_wconf 85' lang='lat' dir='ltr'><strong>oleagineo</strong></span> <span class='ocrx_word' id='word_1_334' title='bbox 2527 2678 2742 2734; x_wconf 84' lang='lat' dir='ltr'><strong>caudici</strong></span> <span class='ocrx_word' id='word_1_335' title='bbox 2777 2677 3118 2732; x_wconf 84' lang='lat' dir='ltr'><strong>divinitatem</strong></span> <span class='ocrx_word' id='word_1_336' title='bbox 3164 2678 3311 2732; x_wconf 89' lang='lat' dir='ltr'><strong>inse-</strong></span> 
     </span>
    </p>
   </div>
   <div class='ocr_carea' id='block_1_50' title="bbox 110 2768 1620 2843">
    <p class='ocr_par' dir='ltr' id='par_1_50' title="bbox 110 2768 1620 2843">
     <span class='ocr_line' id='line_1_51' title="bbox 110 2768 1620 2843; baseline 0 -20"><span class='ocrx_word' id='word_1_337' title='bbox 110 2770 333 2835; x_wconf 68' lang='grc' dir='ltr'>πλεονάκις</span> <span class='ocrx_word' id='word_1_338' title='bbox 370 2775 425 2826; x_wconf 87' lang='grc' dir='ltr'><strong>ἐν</strong></span> <span class='ocrx_word' id='word_1_339' title='bbox 460 2772 539 2843; x_wconf 85' lang='grc' dir='ltr'>τῷ</span> <span class='ocrx_word' id='word_1_340' title='bbox 567 2769 723 2843; x_wconf 82' lang='grc' dir='ltr'><strong>αὑτῷ</strong></span> <span class='ocrx_word' id='word_1_341' title='bbox 752 2770 1140 2843; x_wconf 81' lang='grc' dir='ltr'>σαγηνεύοντες</span> <span class='ocrx_word' id='word_1_342' title='bbox 1183 2770 1281 2825; x_wconf 80' lang='grc' dir='ltr'>ἄνθ</span> <span class='ocrx_word' id='word_1_343' title='bbox 1290 2786 1463 2842; x_wconf 85' lang='grc' dir='ltr'>ρωποι</span> <span class='ocrx_word' id='word_1_344' title='bbox 1483 2808 1500 2834; x_wconf 96' lang='grc'><strong>,</strong></span> <span class='ocrx_word' id='word_1_345' title='bbox 1535 2768 1620 2824; x_wconf 71' lang='grc' dir='ltr'>καὶ</span> 
     </span>
    </p>
   </div>
   <div class='ocr_carea' id='block_1_51' title="bbox 1726 2768 3308 2843">
    <p class='ocr_par' dir='ltr' id='par_1_51' title="bbox 1728 2768 3308 2841">
     <span class='ocr_line' id='line_1_52' title="bbox 1728 2768 3308 2841; baseline -0.004 -12"><span class='ocrx_word' id='word_1_346' title='bbox 1728 2784 1893 2830; x_wconf 89' lang='lat' dir='ltr'><strong>reret.</strong></span> <span class='ocrx_word' id='word_1_347' title='bbox 1964 2774 2121 2829; x_wconf 84' lang='lat' dir='ltr'><strong>Illum</strong></span> <span class='ocrx_word' id='word_1_348' title='bbox 2189 2771 2390 2828; x_wconf 90' lang='lat' dir='ltr'><strong>etenim</strong></span> <span class='ocrx_word' id='word_1_349' title='bbox 2459 2784 2673 2841; x_wconf 64' lang='lat' dir='ltr'><strong>sagenaa</strong></span> <span class='ocrx_word' id='word_1_350' title='bbox 2732 2769 2967 2840; x_wconf 80' lang='lat' dir='ltr'><strong>plagulis</strong></span> <span class='ocrx_word' id='word_1_351' title='bbox 3036 2768 3308 2824; x_wconf 88' lang='lat' dir='ltr'><strong>irretitum</strong></span> 
     </span>
    </p>
   </div>
   <div class='ocr_carea' id='block_1_52' title="bbox 111 2860 1620 2937">
    <p class='ocr_par' dir='ltr' id='par_1_52' title="bbox 111 2860 1620 2931">
     <span class='ocr_line' id='line_1_53' title="bbox 111 2860 1620 2931; baseline 0.001 -16"><span class='ocrx_word' id='word_1_352' title='bbox 111 2860 150 2924; x_wconf 68' lang='grc' dir='ltr'>ἐξ</span> <span class='ocrx_word' id='word_1_353' title='bbox 167 2862 342 2916; x_wconf 75' lang='grc' dir='ltr'>ἐκείνου</span> <span class='ocrx_word' id='word_1_354' title='bbox 370 2865 448 2928; x_wconf 87' lang='grc' dir='ltr'><strong>είς</strong></span> <span class='ocrx_word' id='word_1_355' title='bbox 475 2864 540 2916; x_wconf 78' lang='grc' dir='ltr'>τὸ</span> <span class='ocrx_word' id='word_1_356' title='bbox 568 2861 809 2916; x_wconf 78' lang='grc' dir='ltr'>Διϐυκὸν</span> <span class='ocrx_word' id='word_1_357' title='bbox 837 2861 1227 2927; x_wconf 81' lang='grc' dir='ltr'>ἐξοκείλαντες,</span> <span class='ocrx_word' id='word_1_358' title='bbox 1269 2861 1376 2915; x_wconf 84' lang='grc' dir='ltr'><strong>οὐδ’</strong></span> <span class='ocrx_word' id='word_1_359' title='bbox 1423 2864 1505 2924; x_wconf 85' lang='grc' dir='ltr'>εἰς</span> <span class='ocrx_word' id='word_1_360' title='bbox 1529 2860 1620 2931; x_wconf 72' lang='grc' dir='ltr'>τὴν</span> 
     </span>
    </p>
   </div>
   <div class='ocr_carea' id='block_1_53' title="bbox 1726 2860 3306 2937">
    <p class='ocr_par' dir='ltr' id='par_1_53' title="bbox 1729 2862 3306 2937">
     <span class='ocr_line' id='line_1_54' title="bbox 1729 2862 3306 2937; baseline -0.006 -16"><span class='ocrx_word' id='word_1_361' title='bbox 1729 2866 2171 2937; x_wconf 83' lang='lat' dir='ltr'><strong>Methymnenses</strong></span> <span class='ocrx_word' id='word_1_362' title='bbox 2194 2872 2566 2926; x_wconf 77' lang='lat' dir='ltr'><strong>extraxerant,</strong></span> <span class='ocrx_word' id='word_1_363' title='bbox 2594 2862 2759 2932; x_wconf 87' lang='lat' dir='ltr'><strong>idque</strong></span> <span class='ocrx_word' id='word_1_364' title='bbox 2783 2862 2953 2916; x_wconf 85' lang='lat' dir='ltr'><strong>semel</strong></span> <span class='ocrx_word' id='word_1_365' title='bbox 2977 2862 3306 2930; x_wconf 87' lang='lat' dir='ltr'><strong>iterumque,</strong></span> 
     </span>
    </p>
   </div>
   <div class='ocr_carea' id='block_1_54' title="bbox 110 2946 1620 3026">
    <p class='ocr_par' dir='ltr' id='par_1_54' title="bbox 110 2946 1620 3021">
     <span class='ocr_line' id='line_1_55' title="bbox 110 2946 1620 3021; baseline 0.004 -23"><span class='ocrx_word' id='word_1_366' title='bbox 110 2946 179 3015; x_wconf 71' lang='grc' dir='ltr'>τήν</span> <span class='ocrx_word' id='word_1_367' title='bbox 202 2947 290 3014; x_wconf 71' lang='grc' dir='ltr'><strong>ἔξω</strong></span> <span class='ocrx_word' id='word_1_368' title='bbox 301 2950 613 3014; x_wconf 81' lang='grc' dir='ltr'>ἐκϐαλόντες</span> <span class='ocrx_word' id='word_1_369' title='bbox 645 2950 809 3004; x_wconf 78' lang='grc' dir='ltr'>αὐτόν</span> <span class='ocrx_word' id='word_1_370' title='bbox 827 2966 841 2980; x_wconf 80' lang='grc'><em>’</em></span> <span class='ocrx_word' id='word_1_371' title='bbox 878 2950 1002 3003; x_wconf 76' lang='grc' dir='ltr'>ἐπεὶ</span> <span class='ocrx_word' id='word_1_372' title='bbox 1023 2951 1125 3004; x_wconf 86' lang='grc' dir='ltr'>οὐκ</span> <span class='ocrx_word' id='word_1_373' title='bbox 1152 2949 1246 3009; x_wconf 80' lang='grc' dir='ltr'>ἂν,</span> <span class='ocrx_word' id='word_1_374' title='bbox 1269 2949 1346 3021; x_wconf 81' lang='grc' dir='ltr'>μὰ</span> <span class='ocrx_word' id='word_1_375' title='bbox 1387 2949 1480 3003; x_wconf 80' lang='grc' dir='ltr'>τὸν</span> <span class='ocrx_word' id='word_1_376' title='bbox 1507 2949 1620 3004; x_wconf 83' lang='grc' dir='ltr'>Διό-</span> 
     </span>
    </p>
   </div>
   <div class='ocr_carea' id='block_1_55' title="bbox 1726 2946 3310 3026">
    <p class='ocr_par' dir='ltr' id='par_1_55' title="bbox 1729 2949 3310 3026">
     <span class='ocr_line' id='line_1_56' title="bbox 1729 2949 3310 3026; baseline -0.004 -14"><span class='ocrx_word' id='word_1_377' title='bbox 1729 2957 1778 3014; x_wconf 77' lang='lat' dir='ltr'><strong>si</strong></span> <span class='ocrx_word' id='word_1_378' title='bbox 1811 2957 2029 3026; x_wconf 86' lang='lat' dir='ltr'><strong>placet,</strong></span> <span class='ocrx_word' id='word_1_379' title='bbox 2074 2955 2187 3009; x_wconf 90' lang='lat' dir='ltr'><strong>imo</strong></span> <span class='ocrx_word' id='word_1_380' title='bbox 2219 2953 2384 3009; x_wconf 89' lang='lat' dir='ltr'><strong>etiam</strong></span> <span class='ocrx_word' id='word_1_381' title='bbox 2438 2952 2597 3007; x_wconf 88' lang='lat' dir='ltr'><strong>tertio</strong></span> <span class='ocrx_word' id='word_1_382' title='bbox 2621 2992 2637 3019; x_wconf 91' lang='lat'><strong>,</strong></span> <span class='ocrx_word' id='word_1_383' title='bbox 2688 2951 2775 3005; x_wconf 85' lang='lat' dir='ltr'><strong>vel</strong></span> <span class='ocrx_word' id='word_1_384' title='bbox 2807 2950 3007 3021; x_wconf 71' lang='lat' dir='ltr'><strong>saepius</strong></span> <span class='ocrx_word' id='word_1_385' title='bbox 3053 2949 3310 3006; x_wconf 84' lang='lat' dir='ltr'><strong>demissis</strong></span> 
     </span>
    </p>
   </div>
   <div class='ocr_carea' id='block_1_56' title="bbox 112 3039 1620 3118">
    <p class='ocr_par' dir='ltr' id='par_1_56' title="bbox 112 3040 1620 3118">
     <span class='ocr_line' id='line_1_57' title="bbox 112 3040 1620 3118; baseline 0.006 -31"><span class='ocrx_word' id='word_1_386' title='bbox 112 3054 236 3104; x_wconf 61' lang='lat' dir='ltr'><strong>vim,</strong></span> <span class='ocrx_word' id='word_1_387' title='bbox 262 3040 332 3094; x_wconf 76' lang='grc' dir='ltr'>ἔτι</span> <span class='ocrx_word' id='word_1_388' title='bbox 354 3043 530 3107; x_wconf 75' lang='grc' dir='ltr'>αὐτοῖς</span> <span class='ocrx_word' id='word_1_389' title='bbox 551 3041 828 3113; x_wconf 83' lang='grc' dir='ltr'>ἐνεπλάκη</span> <span class='ocrx_word' id='word_1_390' title='bbox 857 3044 968 3105; x_wconf 86' lang='grc' dir='ltr'>τοῖς</span> <span class='ocrx_word' id='word_1_391' title='bbox 988 3041 1175 3106; x_wconf 82' lang='grc' dir='ltr'>λίνοις.</span> <span class='ocrx_word' id='word_1_392' title='bbox 1206 3041 1347 3095; x_wconf 85' lang='grc' dir='ltr'>Ἀλλ’</span> <span class='ocrx_word' id='word_1_393' title='bbox 1373 3042 1433 3111; x_wconf 80' lang='grc' dir='ltr'>ἐξ</span> <span class='ocrx_word' id='word_1_394' title='bbox 1456 3042 1620 3118; x_wconf 77' lang='grc' dir='ltr'>ἄκρου</span> 
     </span>
    </p>
   </div>
   <div class='ocr_carea' id='block_1_57' title="bbox 1726 3039 3309 3118">
    <p class='ocr_par' dir='ltr' id='par_1_57' title="bbox 1728 3039 3309 3103">
     <span class='ocr_line' id='line_1_58' title="bbox 1728 3039 3309 3103; baseline -0.005 0"><span class='ocrx_word' id='word_1_395' title='bbox 1728 3045 1983 3103; x_wconf 81' lang='lat' dir='ltr'><strong>eumdem</strong></span> <span class='ocrx_word' id='word_1_396' title='bbox 2020 3044 2074 3099; x_wconf 89' lang='lat' dir='ltr'><strong>in</strong></span> <span class='ocrx_word' id='word_1_397' title='bbox 2098 3044 2277 3100; x_wconf 91' lang='lat' dir='ltr'><strong>locum</strong></span> <span class='ocrx_word' id='word_1_398' title='bbox 2308 3044 2518 3099; x_wconf 89' lang='lat' dir='ltr'><strong>retibus</strong></span> <span class='ocrx_word' id='word_1_399' title='bbox 2558 3039 2842 3098; x_wconf 75' lang='lat' dir='ltr'><strong>fecerant:</strong></span> <span class='ocrx_word' id='word_1_400' title='bbox 2890 3041 3017 3097; x_wconf 89' lang='lat' dir='ltr'><strong>inde</strong></span> <span class='ocrx_word' id='word_1_401' title='bbox 3050 3056 3181 3096; x_wconf 92' lang='lat' dir='ltr'><strong>vero</strong></span> <span class='ocrx_word' id='word_1_402' title='bbox 3216 3039 3309 3095; x_wconf 87' lang='lat' dir='ltr'><strong>Li-</strong></span> 
     </span>
    </p>
   </div>
   <div class='ocr_carea' id='block_1_58' title="bbox 115 3109 1620 3213">
    <p class='ocr_par' dir='ltr' id='par_1_58' title="bbox 115 3109 1620 3207">
     <span class='ocr_line' id='line_1_59' title="bbox 115 3109 1620 3207; baseline 0.005 -27"><span class='ocrx_word' id='word_1_403' title='bbox 115 3130 392 3205; x_wconf 69' lang='grc' dir='ltr'>ιιεᾳιλοειδὴς</span> <span class='ocrx_word' id='word_1_404' title='bbox 439 3135 469 3188; x_wconf 82' lang='grc' dir='ltr'>ὀ</span> <span class='ocrx_word' id='word_1_405' title='bbox 500 3134 713 3207; x_wconf 85' lang='grc' dir='ltr'>κορμὺς</span> <span class='ocrx_word' id='word_1_406' title='bbox 754 3109 1043 3204; x_wconf 61' lang='grc' dir='ltr'>(Ἄπολλον</span> <span class='ocrx_word' id='word_1_407' title='bbox 1068 3172 1082 3199; x_wconf 92' lang='grc'><strong>,</strong></span> <span class='ocrx_word' id='word_1_408' title='bbox 1112 3132 1262 3198; x_wconf 79' lang='grc' dir='ltr'>ξένου</span> <span class='ocrx_word' id='word_1_409' title='bbox 1297 3109 1427 3205; x_wconf 60' lang='grc' dir='ltr'><strong>(Μ)⁷</strong></span> <span class='ocrx_word' id='word_1_410' title='bbox 1455 3109 1620 3188; x_wconf 74' lang='grc' dir='ltr'>κατα-</span> 
     </span>
    </p>
   </div>
   <div class='ocr_carea' id='block_1_59' title="bbox 1726 3109 3309 3213">
    <p class='ocr_par' dir='ltr' id='par_1_59' title="bbox 1730 3133 3309 3213">
     <span class='ocr_line' id='line_1_60' title="bbox 1730 3133 3309 3213; baseline -0.005 -18"><span class='ocrx_word' id='word_1_411' title='bbox 1730 3139 1929 3213; x_wconf 76' lang='lat' dir='ltr'><strong>bycum</strong></span> <span class='ocrx_word' id='word_1_412' title='bbox 1973 3136 2028 3191; x_wconf 90' lang='lat' dir='ltr'><strong>in</strong></span> <span class='ocrx_word' id='word_1_413' title='bbox 2077 3151 2230 3191; x_wconf 90' lang='lat' dir='ltr'><strong>mare</strong></span> <span class='ocrx_word' id='word_1_414' title='bbox 2256 3135 2441 3200; x_wconf 88' lang='lat' dir='ltr'><strong>delati,</strong></span> <span class='ocrx_word' id='word_1_415' title='bbox 2482 3148 2831 3204; x_wconf 87' lang='lat' dir='ltr'><strong>nequaquam</strong></span> <span class='ocrx_word' id='word_1_416' title='bbox 2862 3148 2987 3188; x_wconf 91' lang='lat' dir='ltr'><strong>eum</strong></span> <span class='ocrx_word' id='word_1_417' title='bbox 3020 3133 3075 3187; x_wconf 92' lang='lat' dir='ltr'><strong>in</strong></span> <span class='ocrx_word' id='word_1_418' title='bbox 3105 3141 3309 3188; x_wconf 89' lang='lat' dir='ltr'><strong>terram</strong></span> 
     </span>
    </p>
   </div>
   <div class='ocr_carea' id='block_1_60' title="bbox 116 3221 1620 3298">
    <p class='ocr_par' dir='ltr' id='par_1_60' title="bbox 116 3221 1620 3298">
     <span class='ocr_line' id='line_1_61' title="bbox 116 3221 1620 3298; baseline 0.003 -22"><span class='ocrx_word' id='word_1_419' title='bbox 116 3224 481 3298; x_wconf 71' lang='grc' dir='ltr'>σκευάσματοςῐ)</span> <span class='ocrx_word' id='word_1_420' title='bbox 503 3227 557 3281; x_wconf 91' lang='grc' dir='ltr'><strong>τί</strong></span> <span class='ocrx_word' id='word_1_421' title='bbox 589 3228 711 3280; x_wconf 84' lang='grc' dir='ltr'>ποτ’</span> <span class='ocrx_word' id='word_1_422' title='bbox 736 3221 828 3281; x_wconf 76' lang='grc' dir='ltr'>οὖν</span> <span class='ocrx_word' id='word_1_423' title='bbox 854 3226 1122 3298; x_wconf 74' lang='grc' dir='ltr'>ἔπραττεν</span> <span class='ocrx_word' id='word_1_424' title='bbox 1155 3228 1219 3280; x_wconf 83' lang='grc' dir='ltr'><strong>ἐν</strong></span> <span class='ocrx_word' id='word_1_425' title='bbox 1235 3226 1315 3298; x_wconf 84' lang='grc' dir='ltr'>τῷ</span> <span class='ocrx_word' id='word_1_426' title='bbox 1364 3227 1620 3297; x_wconf 84' lang='grc' dir='ltr'>πελάγει;</span> 
     </span>
    </p>
   </div>
   <div class='ocr_carea' id='block_1_61' title="bbox 1726 3221 3310 3298">
    <p class='ocr_par' dir='ltr' id='par_1_61' title="bbox 1728 3225 3310 3296">
     <span class='ocr_line' id='line_1_62' title="bbox 1728 3225 3310 3296; baseline -0.003 -9"><span class='ocrx_word' id='word_1_427' title='bbox 1728 3238 2100 3288; x_wconf 78' lang='lat' dir='ltr'><strong>excusserant.</strong></span> <span class='ocrx_word' id='word_1_428' title='bbox 2139 3228 2198 3284; x_wconf 91' lang='lat' dir='ltr'><strong>ld</strong></span> <span class='ocrx_word' id='word_1_429' title='bbox 2230 3227 2377 3283; x_wconf 90' lang='lat' dir='ltr'><strong>enim</strong></span> <span class='ocrx_word' id='word_1_430' title='bbox 2419 3228 2464 3283; x_wconf 89' lang='lat' dir='ltr'><strong>si</strong></span> <span class='ocrx_word' id='word_1_431' title='bbox 2512 3226 2810 3291; x_wconf 78' lang='lat' dir='ltr'><strong>fecissent,</strong></span> <span class='ocrx_word' id='word_1_432' title='bbox 2864 3240 2976 3281; x_wconf 89' lang='lat' dir='ltr'><strong>non</strong></span> <span class='ocrx_word' id='word_1_433' title='bbox 3016 3225 3134 3296; x_wconf 87' lang='lat' dir='ltr'><strong>jam</strong></span> <span class='ocrx_word' id='word_1_434' title='bbox 3161 3265 3176 3291; x_wconf 90' lang='lat'><strong>,</strong></span> <span class='ocrx_word' id='word_1_435' title='bbox 3213 3241 3310 3296; x_wconf 88' lang='lat' dir='ltr'><strong>per</strong></span> 
     </span>
    </p>
   </div>
   <div class='ocr_carea' id='block_1_62' title="bbox 115 3313 1620 3393">
    <p class='ocr_par' dir='ltr' id='par_1_62' title="bbox 115 3313 1620 3393">
     <span class='ocr_line' id='line_1_63' title="bbox 115 3313 1620 3393; baseline 0.003 -23"><span class='ocrx_word' id='word_1_436' title='bbox 115 3313 373 3390; x_wconf 61' lang='grc' dir='ltr'>ἀπιγήσειεν</span> <span class='ocrx_word' id='word_1_437' title='bbox 411 3319 476 3375; x_wconf 77' lang='grc' dir='ltr'>ἄν</span> <span class='ocrx_word' id='word_1_438' title='bbox 512 3338 622 3385; x_wconf 87' lang='grc' dir='ltr'>τις.</span> <span class='ocrx_word' id='word_1_439' title='bbox 671 3319 737 3373; x_wconf 88' lang='grc' dir='ltr'>Τί</span> <span class='ocrx_word' id='word_1_440' title='bbox 778 3319 887 3391; x_wconf 79' lang='grc' dir='ltr'><strong>γὰρ</strong></span> <span class='ocrx_word' id='word_1_441' title='bbox 934 3319 1063 3374; x_wconf 77' lang='grc' dir='ltr'>ἄλλο</span> <span class='ocrx_word' id='word_1_442' title='bbox 1086 3319 1119 3391; x_wconf 77' lang='grc' dir='ltr'><strong>ἢ</strong></span> <span class='ocrx_word' id='word_1_443' title='bbox 1145 3319 1412 3393; x_wconf 82' lang='grc' dir='ltr'>ἐκάθητο;</span> <span class='ocrx_word' id='word_1_444' title='bbox 1445 3319 1510 3391; x_wconf 83' lang='grc' dir='ltr'>νὴ</span> <span class='ocrx_word' id='word_1_445' title='bbox 1530 3320 1620 3375; x_wconf 80' lang='grc' dir='ltr'>τὸν</span> 
     </span>
    </p>
   </div>
   <div class='ocr_carea' id='block_1_63' title="bbox 1726 3313 3306 3393">
    <p class='ocr_par' dir='ltr' id='par_1_63' title="bbox 1728 3317 3306 3391">
     <span class='ocr_line' id='line_1_64' title="bbox 1728 3317 3306 3391; baseline -0.005 -12"><span class='ocrx_word' id='word_1_446' title='bbox 1728 3321 2024 3390; x_wconf 86' lang='lat' dir='ltr'><strong>Bacchum,</strong></span> <span class='ocrx_word' id='word_1_447' title='bbox 2055 3322 2276 3378; x_wconf 87' lang='lat' dir='ltr'><strong>easdem</strong></span> <span class='ocrx_word' id='word_1_448' title='bbox 2308 3320 2377 3375; x_wconf 90' lang='lat' dir='ltr'><strong>ad</strong></span> <span class='ocrx_word' id='word_1_449' title='bbox 2402 3319 2649 3391; x_wconf 80' lang='lat' dir='ltr'><strong>plagulas</strong></span> <span class='ocrx_word' id='word_1_450' title='bbox 2684 3318 3024 3375; x_wconf 65' lang='lat' dir='ltr'><strong>adhaesisset.</strong></span> <span class='ocrx_word' id='word_1_451' title='bbox 3060 3317 3132 3372; x_wconf 85' lang='lat' dir='ltr'><strong>At</strong></span> <span class='ocrx_word' id='word_1_452' title='bbox 3156 3319 3306 3374; x_wconf 89' lang='lat' dir='ltr'><strong>enim</strong></span> 
     </span>
    </p>
   </div>
   <div class='ocr_carea' id='block_1_64' title="bbox 116 3404 1620 3484">
    <p class='ocr_par' dir='ltr' id='par_1_64' title="bbox 116 3404 1620 3484">
     <span class='ocr_line' id='line_1_65' title="bbox 116 3404 1620 3484; baseline 0.019 -29"><span class='ocrx_word' id='word_1_453' title='bbox 116 3404 195 3468; x_wconf 73' lang='grc' dir='ltr'>Δία,</span> <span class='ocrx_word' id='word_1_454' title='bbox 220 3410 476 3480; x_wconf 76' lang='grc' dir='ltr'>ἀναμένων</span> <span class='ocrx_word' id='word_1_455' title='bbox 526 3411 637 3476; x_wconf 77' lang='grc' dir='ltr'>ἕως</span> <span class='ocrx_word' id='word_1_456' title='bbox 684 3409 960 3484; x_wconf 78' lang='grc' dir='ltr'>ἄνθρωποι</span> <span class='ocrx_word' id='word_1_457' title='bbox 1005 3412 1320 3483; x_wconf 82' lang='grc' dir='ltr'>μαινόμενοι</span> <span class='ocrx_word' id='word_1_458' title='bbox 1378 3411 1476 3484; x_wconf 70' lang='grc' dir='ltr'><strong>(οὐ</strong></span> <span class='ocrx_word' id='word_1_459' title='bbox 1514 3411 1620 3483; x_wconf 81' lang='grc' dir='ltr'>γὰρ</span> 
     </span>
    </p>
   </div>
   <div class='ocr_carea' id='block_1_65' title="bbox 1726 3404 3305 3484">
    <p class='ocr_par' dir='ltr' id='par_1_65' title="bbox 1728 3410 3305 3483">
     <span class='ocr_line' id='line_1_66' title="bbox 1728 3410 3305 3483; baseline -0.003 -14"><span class='ocrx_word' id='word_1_460' title='bbox 1728 3415 1938 3469; x_wconf 80' lang='lat' dir='ltr'><strong>caudex</strong></span> <span class='ocrx_word' id='word_1_461' title='bbox 1965 3413 2020 3467; x_wconf 92' lang='lat' dir='ltr'><strong>in</strong></span> <span class='ocrx_word' id='word_1_462' title='bbox 2050 3412 2246 3483; x_wconf 88' lang='lat' dir='ltr'><strong>capitis</strong></span> <span class='ocrx_word' id='word_1_463' title='bbox 2278 3412 2513 3482; x_wconf 88' lang='lat' dir='ltr'><strong>speciem</strong></span> <span class='ocrx_word' id='word_1_464' title='bbox 2552 3426 2583 3465; x_wconf 90' lang='lat' dir='ltr'><strong>a</strong></span> <span class='ocrx_word' id='word_1_465' title='bbox 2615 3426 2836 3467; x_wconf 90' lang='lat' dir='ltr'><strong>summo</strong></span> <span class='ocrx_word' id='word_1_466' title='bbox 2873 3411 3059 3481; x_wconf 87' lang='lat' dir='ltr'><strong>stipite</strong></span> <span class='ocrx_word' id='word_1_467' title='bbox 3083 3410 3305 3467; x_wconf 81' lang='lat' dir='ltr'><strong>confor-</strong></span> 
     </span>
    </p>
   </div>
   <div class='ocr_carea' id='block_1_66' title="bbox 118 3500 1620 3577">
    <p class='ocr_par' dir='ltr' id='par_1_66' title="bbox 118 3500 1620 3577">
     <span class='ocr_line' id='line_1_67' title="bbox 118 3500 1620 3577; baseline -0.001 -21"><span class='ocrx_word' id='word_1_468' title='bbox 118 3500 225 3571; x_wconf 65' lang='grc' dir='ltr'>φήσω</span> <span class='ocrx_word' id='word_1_469' title='bbox 241 3504 312 3557; x_wconf 75' lang='grc' dir='ltr'>ὅτι</span> <span class='ocrx_word' id='word_1_470' title='bbox 337 3506 424 3559; x_wconf 81' lang='grc' dir='ltr'>καὶ</span> <span class='ocrx_word' id='word_1_471' title='bbox 452 3505 601 3571; x_wconf 78' lang='grc' dir='ltr'>θεοὶ)</span> <span class='ocrx_word' id='word_1_472' title='bbox 640 3507 1051 3577; x_wconf 76' lang='grc' dir='ltr'>ἐγκυρήσαντες</span> <span class='ocrx_word' id='word_1_473' title='bbox 1070 3502 1239 3574; x_wconf 78' lang='grc' dir='ltr'>αὐτῷ,</span> <span class='ocrx_word' id='word_1_474' title='bbox 1265 3503 1327 3557; x_wconf 86' lang='grc' dir='ltr'><strong>οὐ</strong></span> <span class='ocrx_word' id='word_1_475' title='bbox 1344 3503 1620 3568; x_wconf 84' lang='grc' dir='ltr'>Διοπετὲς,</span> 
     </span>
    </p>
   </div>
   <div class='ocr_carea' id='block_1_67' title="bbox 1726 3500 3305 3577">
    <p class='ocr_par' dir='ltr' id='par_1_67' title="bbox 1728 3502 3305 3577">
     <span class='ocr_line' id='line_1_68' title="bbox 1728 3502 3305 3577; baseline -0.003 -16"><span class='ocrx_word' id='word_1_476' title='bbox 1728 3517 1910 3561; x_wconf 88' lang='lat' dir='ltr'><strong>matus</strong></span> <span class='ocrx_word' id='word_1_477' title='bbox 1945 3505 2091 3577; x_wconf 89' lang='lat' dir='ltr'><strong>(rem</strong></span> <span class='ocrx_word' id='word_1_478' title='bbox 2116 3547 2133 3573; x_wconf 94' lang='lat'><strong>,</strong></span> <span class='ocrx_word' id='word_1_479' title='bbox 2169 3521 2203 3560; x_wconf 95' lang='lat' dir='ltr'><strong>o</strong></span> <span class='ocrx_word' id='word_1_480' title='bbox 2243 3506 2466 3575; x_wconf 87' lang='lat' dir='ltr'><strong>Apollo,</strong></span> <span class='ocrx_word' id='word_1_481' title='bbox 2509 3504 2803 3560; x_wconf 86' lang='lat' dir='ltr'><strong>admodum</strong></span> <span class='ocrx_word' id='word_1_482' title='bbox 2840 3502 3212 3575; x_wconf 81' lang='lat' dir='ltr'><strong>prodigiosam</strong></span> <span class='ocrx_word' id='word_1_483' title='bbox 3242 3504 3254 3556; x_wconf 88' lang='lat'>!</span> <span class='ocrx_word' id='word_1_484' title='bbox 3287 3504 3305 3573; x_wconf 89' lang='lat'><strong>)</strong></span> 
     </span>
    </p>
   </div>
   <div class='ocr_carea' id='block_1_68' title="bbox 118 3591 1620 3668">
    <p class='ocr_par' dir='ltr' id='par_1_68' title="bbox 118 3591 1620 3668">
     <span class='ocr_line' id='line_1_69' title="bbox 118 3591 1620 3668; baseline 0.001 -23"><span class='ocrx_word' id='word_1_485' title='bbox 118 3591 208 3645; x_wconf 65' lang='lat' dir='ltr'><strong>an</strong></span> <span class='ocrx_word' id='word_1_486' title='bbox 240 3595 686 3662; x_wconf 82' lang='grc' dir='ltr'>Ποσειδωνοπετές</span> <span class='ocrx_word' id='word_1_487' title='bbox 726 3597 1061 3668; x_wconf 76' lang='grc' dir='ltr'>ἡγήσωνται,</span> <span class='ocrx_word' id='word_1_488' title='bbox 1098 3596 1334 3650; x_wconf 74' lang='grc' dir='ltr'>κᾶπειτα</span> <span class='ocrx_word' id='word_1_489' title='bbox 1384 3597 1462 3658; x_wconf 80' lang='grc' dir='ltr'>εἰς</span> <span class='ocrx_word' id='word_1_490' title='bbox 1488 3594 1620 3648; x_wconf 83' lang='grc' dir='ltr'>ἄστυ</span> 
     </span>
    </p>
   </div>
   <div class='ocr_carea' id='block_1_69' title="bbox 1726 3591 3303 3668">
    <p class='ocr_par' dir='ltr' id='par_1_69' title="bbox 1730 3594 3303 3666">
     <span class='ocr_line' id='line_1_70' title="bbox 1730 3594 3303 3666; baseline -0.002 -16"><span class='ocrx_word' id='word_1_491' title='bbox 1730 3596 1862 3666; x_wconf 84' lang='lat' dir='ltr'><strong>quid</strong></span> <span class='ocrx_word' id='word_1_492' title='bbox 1905 3611 2090 3650; x_wconf 89' lang='lat' dir='ltr'><strong>rarum</strong></span> <span class='ocrx_word' id='word_1_493' title='bbox 2138 3595 2193 3649; x_wconf 90' lang='lat' dir='ltr'><strong>in</strong></span> <span class='ocrx_word' id='word_1_494' title='bbox 2244 3595 2432 3649; x_wconf 83' lang='lat' dir='ltr'><strong>mari?</strong></span> <span class='ocrx_word' id='word_1_495' title='bbox 2474 3602 2682 3665; x_wconf 68' lang='lat' dir='ltr'><strong>quazrat</strong></span> <span class='ocrx_word' id='word_1_496' title='bbox 2735 3595 2970 3650; x_wconf 82' lang='lat' dir='ltr'><strong>fortasse</strong></span> <span class='ocrx_word' id='word_1_497' title='bbox 3008 3594 3303 3665; x_wconf 88' lang='lat' dir='ltr'><strong>quispiam.</strong></span> 
     </span>
    </p>
   </div>
   <div class='ocr_carea' id='block_1_70' title="bbox 118 3680 1620 3761">
    <p class='ocr_par' dir='ltr' id='par_1_70' title="bbox 118 3680 1620 3761">
     <span class='ocr_line' id='line_1_71' title="bbox 118 3680 1620 3761; baseline 0.003 -26"><span class='ocrx_word' id='word_1_498' title='bbox 118 3680 419 3753; x_wconf 75' lang='grc' dir='ltr'>ἆταγάγωσιν,</span> <span class='ocrx_word' id='word_1_499' title='bbox 451 3688 645 3761; x_wconf 84' lang='grc' dir='ltr'>ὥσπερ</span> <span class='ocrx_word' id='word_1_500' title='bbox 665 3687 788 3742; x_wconf 74' lang='grc' dir='ltr'>τινὰ</span> <span class='ocrx_word' id='word_1_501' title='bbox 812 3686 1019 3760; x_wconf 85' lang='grc' dir='ltr'>ἀγαθὴν</span> <span class='ocrx_word' id='word_1_502' title='bbox 1040 3685 1230 3758; x_wconf 83' lang='grc' dir='ltr'>τύχην,</span> <span class='ocrx_word' id='word_1_503' title='bbox 1255 3687 1432 3758; x_wconf 84' lang='grc' dir='ltr'>κακὴν</span> <span class='ocrx_word' id='word_1_504' title='bbox 1458 3681 1620 3740; x_wconf 77' lang='grc' dir='ltr'>οὖσαν</span> 
     </span>
    </p>
   </div>
   <div class='ocr_carea' id='block_1_71' title="bbox 1726 3680 3309 3761">
    <p class='ocr_par' dir='ltr' id='par_1_71' title="bbox 1732 3684 3309 3757">
     <span class='ocr_line' id='line_1_72' title="bbox 1732 3684 3309 3757; baseline -0.001 -15"><span class='ocrx_word' id='word_1_505' title='bbox 1732 3686 1877 3755; x_wconf 83' lang='lat' dir='ltr'><strong>Quid</strong></span> <span class='ocrx_word' id='word_1_506' title='bbox 1919 3703 2049 3744; x_wconf 89' lang='lat' dir='ltr'><strong>vero</strong></span> <span class='ocrx_word' id='word_1_507' title='bbox 2094 3688 2278 3754; x_wconf 91' lang='lat' dir='ltr'><strong>aliud,</strong></span> <span class='ocrx_word' id='word_1_508' title='bbox 2322 3687 2428 3743; x_wconf 91' lang='lat' dir='ltr'><strong>nisi</strong></span> <span class='ocrx_word' id='word_1_509' title='bbox 2474 3696 2540 3742; x_wconf 92' lang='lat' dir='ltr'><strong>ut</strong></span> <span class='ocrx_word' id='word_1_510' title='bbox 2578 3687 2776 3743; x_wconf 87' lang='lat' dir='ltr'><strong>ibidem</strong></span> <span class='ocrx_word' id='word_1_511' title='bbox 2821 3685 3081 3757; x_wconf 88' lang='lat' dir='ltr'><strong>jaceret?</strong></span> <span class='ocrx_word' id='word_1_512' title='bbox 3126 3684 3309 3741; x_wconf 89' lang='lat' dir='ltr'><strong>Donec</strong></span> 
     </span>
    </p>
   </div>
   <div class='ocr_carea' id='block_1_72' title="bbox 118 3770 1620 3851">
    <p class='ocr_par' dir='ltr' id='par_1_72' title="bbox 118 3770 1620 3851">
     <span class='ocr_line' id='line_1_73' title="bbox 118 3770 1620 3851; baseline 0.001 -24"><span class='ocrx_word' id='word_1_513' title='bbox 118 3770 166 3836; x_wconf 70' lang='grc' dir='ltr'><strong>ὡς</strong></span> <span class='ocrx_word' id='word_1_514' title='bbox 188 3775 364 3847; x_wconf 75' lang='grc' dir='ltr'>ἀληθῶς</span> <span class='ocrx_word' id='word_1_515' title='bbox 385 3821 401 3846; x_wconf 91' lang='grc'><strong>,</strong></span> <span class='ocrx_word' id='word_1_516' title='bbox 427 3780 489 3833; x_wconf 81' lang='grc' dir='ltr'><strong>οὐ</strong></span> <span class='ocrx_word' id='word_1_517' title='bbox 532 3779 731 3851; x_wconf 76' lang='grc' dir='ltr'>τύχην,</span> <span class='ocrx_word' id='word_1_518' title='bbox 767 3778 901 3832; x_wconf 81' lang='grc' dir='ltr'>ἀλλὰ</span> <span class='ocrx_word' id='word_1_519' title='bbox 927 3778 1212 3848; x_wconf 82' lang='grc' dir='ltr'>τυφεδὸνα.</span> <span class='ocrx_word' id='word_1_520' title='bbox 1246 3779 1316 3830; x_wconf 89' lang='grc' dir='ltr'><strong>Ἦ</strong></span> <span class='ocrx_word' id='word_1_521' title='bbox 1339 3777 1439 3831; x_wconf 76' lang='grc' dir='ltr'>οὐκ</span> <span class='ocrx_word' id='word_1_522' title='bbox 1464 3778 1620 3849; x_wconf 81' lang='grc' dir='ltr'>ήρκει</span> 
     </span>
    </p>
   </div>
   <div class='ocr_carea' id='block_1_73' title="bbox 1726 3770 3307 3851">
    <p class='ocr_par' dir='ltr' id='par_1_73' title="bbox 1732 3776 3307 3851">
     <span class='ocr_line' id='line_1_74' title="bbox 1732 3776 3307 3851; baseline -0.002 -17"><span class='ocrx_word' id='word_1_523' title='bbox 1732 3779 2010 3834; x_wconf 90' lang='lat' dir='ltr'><strong>enimvero</strong></span> <span class='ocrx_word' id='word_1_524' title='bbox 2030 3777 2221 3834; x_wconf 88' lang='lat' dir='ltr'><strong>furiosi</strong></span> <span class='ocrx_word' id='word_1_525' title='bbox 2244 3779 2515 3845; x_wconf 88' lang='lat' dir='ltr'><strong>homines,</strong></span> <span class='ocrx_word' id='word_1_526' title='bbox 2539 3778 2722 3851; x_wconf 81' lang='lat' dir='ltr'><strong>(piget</strong></span> <span class='ocrx_word' id='word_1_527' title='bbox 2746 3779 2890 3834; x_wconf 91' lang='lat' dir='ltr'><strong>enim</strong></span> <span class='ocrx_word' id='word_1_528' title='bbox 2923 3779 3053 3834; x_wconf 91' lang='lat' dir='ltr'><strong>deos</strong></span> <span class='ocrx_word' id='word_1_529' title='bbox 3079 3776 3307 3845; x_wconf 76' lang='lat' dir='ltr'><strong>dicere.)</strong></span> 
     </span>
    </p>
   </div>
   <div class='ocr_carea' id='block_1_74' title="bbox 119 3860 1620 3940">
    <p class='ocr_par' dir='ltr' id='par_1_74' title="bbox 119 3860 1620 3938">
     <span class='ocr_line' id='line_1_75' title="bbox 119 3860 1620 3938; baseline 0.002 -21"><span class='ocrx_word' id='word_1_530' title='bbox 119 3860 356 3932; x_wconf 71' lang='grc' dir='ltr'>ἄρααΰτοῐς</span> <span class='ocrx_word' id='word_1_531' title='bbox 378 3869 585 3924; x_wconf 77' lang='grc' dir='ltr'>οἴκοθεν</span> <span class='ocrx_word' id='word_1_532' title='bbox 611 3868 944 3932; x_wconf 83' lang='grc' dir='ltr'>διολλύουσα,</span> <span class='ocrx_word' id='word_1_533' title='bbox 974 3867 1087 3920; x_wconf 83' lang='grc' dir='ltr'>ἀλλ’</span> <span class='ocrx_word' id='word_1_534' title='bbox 1120 3867 1290 3938; x_wconf 81' lang='grc' dir='ltr'>αὐτὴν</span> <span class='ocrx_word' id='word_1_535' title='bbox 1318 3865 1565 3937; x_wconf 83' lang='grc' dir='ltr'>ἐπέρωσέ</span> <span class='ocrx_word' id='word_1_536' title='bbox 1595 3878 1620 3907; x_wconf 75' lang='grc' dir='ltr'>ι</span> 
     </span>
    </p>
   </div>
   <div class='ocr_carea' id='block_1_75' title="bbox 1726 3860 3304 3940">
    <p class='ocr_par' dir='ltr' id='par_1_75' title="bbox 1730 3866 3304 3940">
     <span class='ocr_line' id='line_1_76' title="bbox 1730 3866 3304 3940; baseline -0.001 -17"><span class='ocrx_word' id='word_1_537' title='bbox 1730 3867 1785 3923; x_wconf 90' lang='lat' dir='ltr'><strong>in</strong></span> <span class='ocrx_word' id='word_1_538' title='bbox 1815 3883 1940 3923; x_wconf 90' lang='lat' dir='ltr'><strong>eum</strong></span> <span class='ocrx_word' id='word_1_539' title='bbox 1972 3868 2298 3936; x_wconf 89' lang='lat' dir='ltr'><strong>incidentes,</strong></span> <span class='ocrx_word' id='word_1_540' title='bbox 2332 3883 2441 3923; x_wconf 91' lang='lat' dir='ltr'><strong>non</strong></span> <span class='ocrx_word' id='word_1_541' title='bbox 2480 3884 2511 3923; x_wconf 91' lang='lat' dir='ltr'><strong>a</strong></span> <span class='ocrx_word' id='word_1_542' title='bbox 2539 3866 2673 3925; x_wconf 84' lang='lat' dir='ltr'><strong>Jove</strong></span> <span class='ocrx_word' id='word_1_543' title='bbox 2709 3868 3010 3925; x_wconf 89' lang='lat' dir='ltr'><strong>demissum</strong></span> <span class='ocrx_word' id='word_1_544' title='bbox 3045 3867 3262 3940; x_wconf 89' lang='lat' dir='ltr'><strong>quidem</strong></span> <span class='ocrx_word' id='word_1_545' title='bbox 3289 3906 3304 3931; x_wconf 88' lang='lat'><strong>,</strong></span> 
     </span>
    </p>
   </div>
   <div class='ocr_carea' id='block_1_76' title="bbox 118 3958 1620 4032">
    <p class='ocr_par' dir='ltr' id='par_1_76' title="bbox 118 3958 1620 4032">
     <span class='ocr_line' id='line_1_77' title="bbox 118 3958 1620 4032; baseline -0.001 -21"><span class='ocrx_word' id='word_1_546' title='bbox 118 3968 159 4007; x_wconf 72' lang='grc' dir='ltr'><strong>τε</strong></span> <span class='ocrx_word' id='word_1_547' title='bbox 180 3960 251 4011; x_wconf 70' lang='grc' dir='ltr'>καὶ</span> <span class='ocrx_word' id='word_1_548' title='bbox 270 3963 638 4032; x_wconf 81' lang='grc' dir='ltr'>προσεπέτεινε</span> <span class='ocrx_word' id='word_1_549' title='bbox 668 3960 1013 4032; x_wconf 81' lang='grc' dir='ltr'>θεοπληξίας,</span> <span class='ocrx_word' id='word_1_550' title='bbox 1046 3958 1121 4024; x_wconf 88' lang='grc' dir='ltr'><strong>ὡς</strong></span> <span class='ocrx_word' id='word_1_551' title='bbox 1153 3958 1219 4012; x_wconf 79' lang='grc' dir='ltr'>ἄν</span> <span class='ocrx_word' id='word_1_552' title='bbox 1248 3976 1333 4023; x_wconf 90' lang='grc' dir='ltr'><strong>τις</strong></span> <span class='ocrx_word' id='word_1_553' title='bbox 1359 3958 1533 4022; x_wconf 83' lang='grc' dir='ltr'>εῐποι,</span> <span class='ocrx_word' id='word_1_554' title='bbox 1560 3959 1620 4011; x_wconf 85' lang='grc' dir='ltr'><strong>ἐκ</strong></span> 
     </span>
    </p>
   </div>
   <div class='ocr_carea' id='block_1_77' title="bbox 1726 3958 3307 4032">
    <p class='ocr_par' dir='ltr' id='par_1_77' title="bbox 1731 3959 3307 4030">
     <span class='ocr_line' id='line_1_78' title="bbox 1731 3959 3307 4030; baseline -0.001 -14"><span class='ocrx_word' id='word_1_555' title='bbox 1731 3960 1827 4017; x_wconf 89' lang='lat' dir='ltr'><strong>sed</strong></span> <span class='ocrx_word' id='word_1_556' title='bbox 1876 3976 1908 4014; x_wconf 90' lang='lat' dir='ltr'><strong>a</strong></span> <span class='ocrx_word' id='word_1_557' title='bbox 1969 3959 2219 4030; x_wconf 82' lang='lat' dir='ltr'><strong>Neptuno</strong></span> <span class='ocrx_word' id='word_1_558' title='bbox 2276 3961 2539 4016; x_wconf 90' lang='lat' dir='ltr'><strong>emissum</strong></span> <span class='ocrx_word' id='word_1_559' title='bbox 2588 3960 3307 4030; x_wconf 87' lang='lat' dir='ltr'><strong>crederent,eumdemque</strong></span> 
     </span>
    </p>
   </div>
   <div class='ocr_carea' id='block_1_78' title="bbox 116 4046 1620 4127">
    <p class='ocr_par' dir='ltr' id='par_1_78' title="bbox 116 4046 1620 4127">
     <span class='ocr_line' id='line_1_79' title="bbox 116 4046 1620 4127; baseline -0.002 -23"><span class='ocrx_word' id='word_1_560' title='bbox 116 4046 280 4119; x_wconf 56' lang='grc' dir='ltr'>Δελφῶν</span> <span class='ocrx_word' id='word_1_561' title='bbox 301 4056 678 4127; x_wconf 80' lang='grc' dir='ltr'>μετάπεμπτος</span> <span class='ocrx_word' id='word_1_562' title='bbox 698 4053 956 4125; x_wconf 84' lang='grc' dir='ltr'>ἐπιθήκη.</span> <span class='ocrx_word' id='word_1_563' title='bbox 992 4071 1010 4103; x_wconf 71' lang='grc' dir='ltr'><strong>ι</strong></span> <span class='ocrx_word' id='word_1_564' title='bbox 1041 4050 1279 4104; x_wconf 81' lang='grc' dir='ltr'>Τοιαῦτα</span> <span class='ocrx_word' id='word_1_565' title='bbox 1308 4049 1404 4103; x_wconf 71' lang='grc' dir='ltr'>καὶ</span> <span class='ocrx_word' id='word_1_566' title='bbox 1424 4051 1459 4125; x_wconf 27' lang='grc' dir='ltr'><strong>,ὁ</strong></span> <span class='ocrx_word' id='word_1_567' title='bbox 1481 4049 1620 4103; x_wconf 88' lang='grc' dir='ltr'>Οἰνό-</span> 
     </span>
    </p>
   </div>
   <div class='ocr_carea' id='block_1_79' title="bbox 1726 4046 3305 4127">
    <p class='ocr_par' dir='ltr' id='par_1_79' title="bbox 1730 4052 3305 4125">
     <span class='ocr_line' id='line_1_80' title="bbox 1730 4052 3305 4125; baseline -0.001 -18"><span class='ocrx_word' id='word_1_568' title='bbox 1730 4054 2080 4125; x_wconf 90' lang='lat' dir='ltr'><strong>postmodum</strong></span> <span class='ocrx_word' id='word_1_569' title='bbox 2108 4053 2162 4107; x_wconf 93' lang='lat' dir='ltr'><strong>in</strong></span> <span class='ocrx_word' id='word_1_570' title='bbox 2193 4052 2405 4117; x_wconf 89' lang='lat' dir='ltr'><strong>urbem,</strong></span> <span class='ocrx_word' id='word_1_571' title='bbox 2438 4052 2714 4123; x_wconf 88' lang='lat' dir='ltr'><strong>quoddam</strong></span> <span class='ocrx_word' id='word_1_572' title='bbox 2741 4053 2908 4109; x_wconf 87' lang='lat' dir='ltr'><strong>veluti</strong></span> <span class='ocrx_word' id='word_1_573' title='bbox 2942 4052 3175 4108; x_wconf 65' lang='lat' dir='ltr'><strong>fortuna:</strong></span> <span class='ocrx_word' id='word_1_574' title='bbox 3215 4052 3305 4106; x_wconf 67' lang='lat' dir='ltr'><strong>lae-</strong></span> 
     </span>
    </p>
   </div>
   <div class='ocr_carea' id='block_1_80' title="bbox 122 4134 1620 4217">
    <p class='ocr_par' dir='ltr' id='par_1_80' title="bbox 122 4134 1620 4217">
     <span class='ocr_line' id='line_1_81' title="bbox 122 4134 1620 4217; baseline -0.009 -13"><span class='ocrx_word' id='word_1_575' title='bbox 122 4152 232 4204; x_wconf 70' lang='grc' dir='ltr'><strong>μαοςο</strong></span> <span class='ocrx_word' id='word_1_576' title='bbox 263 4141 404 4197; x_wconf 80' lang='grc' dir='ltr'>Ἀλλὰ</span> <span class='ocrx_word' id='word_1_577' title='bbox 425 4145 535 4217; x_wconf 79' lang='grc' dir='ltr'>γὰρ</span> <span class='ocrx_word' id='word_1_578' title='bbox 567 4143 709 4216; x_wconf 78' lang='grc' dir='ltr'>μετὰ</span> <span class='ocrx_word' id='word_1_579' title='bbox 748 4142 816 4196; x_wconf 74' lang='grc' dir='ltr'><strong>τὰ</strong></span> <span class='ocrx_word' id='word_1_580' title='bbox 851 4141 1136 4214; x_wconf 75' lang='grc' dir='ltr'>εἰρημένα,</span> <span class='ocrx_word' id='word_1_581' title='bbox 1186 4139 1427 4212; x_wconf 84' lang='grc' dir='ltr'>μεταϐὰς</span> <span class='ocrx_word' id='word_1_582' title='bbox 1468 4134 1620 4203; x_wconf 76' lang='grc' dir='ltr'>αὖθις</span> 
     </span>
    </p>
   </div>
   <div class='ocr_carea' id='block_1_81' title="bbox 1726 4134 3306 4217">
    <p class='ocr_par' dir='ltr' id='par_1_81' title="bbox 1733 4143 3306 4215">
     <span class='ocr_line' id='line_1_82' title="bbox 1733 4143 3306 4215; baseline 0 -16"><span class='ocrx_word' id='word_1_583' title='bbox 1733 4145 1888 4200; x_wconf 90' lang='lat' dir='ltr'><strong>tioris</strong></span> <span class='ocrx_word' id='word_1_584' title='bbox 1928 4160 2086 4199; x_wconf 89' lang='lat' dir='ltr'><strong>omen</strong></span> <span class='ocrx_word' id='word_1_585' title='bbox 2115 4186 2131 4211; x_wconf 92' lang='lat'><strong>,</strong></span> <span class='ocrx_word' id='word_1_586' title='bbox 2180 4144 2528 4209; x_wconf 88' lang='lat' dir='ltr'><strong>inveherent,</strong></span> <span class='ocrx_word' id='word_1_587' title='bbox 2580 4143 2852 4200; x_wconf 79' lang='lat' dir='ltr'><strong>funestam</strong></span> <span class='ocrx_word' id='word_1_588' title='bbox 2902 4160 2962 4200; x_wconf 91' lang='lat' dir='ltr'><strong>re</strong></span> <span class='ocrx_word' id='word_1_589' title='bbox 3000 4145 3151 4215; x_wconf 87' lang='lat' dir='ltr'><strong>ipsa,</strong></span> <span class='ocrx_word' id='word_1_590' title='bbox 3196 4160 3306 4199; x_wconf 91' lang='lat' dir='ltr'><strong>non</strong></span> 
     </span>
    </p>
   </div>
   <div class='ocr_carea' id='block_1_82' title="bbox 120 4229 1620 4309">
    <p class='ocr_par' dir='ltr' id='par_1_82' title="bbox 120 4229 1620 4309">
     <span class='ocr_line' id='line_1_83' title="bbox 120 4229 1620 4309; baseline 0.001 -22"><span class='ocrx_word' id='word_1_591' title='bbox 120 4229 273 4307; x_wconf 70' lang='grc' dir='ltr'>ἔπὶτὴν</span> <span class='ocrx_word' id='word_1_592' title='bbox 298 4238 355 4292; x_wconf 79' lang='grc' dir='ltr'><strong>ἐκ</strong></span> <span class='ocrx_word' id='word_1_593' title='bbox 382 4237 576 4309; x_wconf 84' lang='grc' dir='ltr'>λογίων</span> <span class='ocrx_word' id='word_1_594' title='bbox 610 4237 928 4309; x_wconf 75' lang='grc' dir='ltr'>φιλοσοφίαν</span> <span class='ocrx_word' id='word_1_595' title='bbox 956 4235 1049 4290; x_wconf 78' lang='grc' dir='ltr'>τοῦ</span> <span class='ocrx_word' id='word_1_596' title='bbox 1076 4235 1173 4308; x_wconf 81' lang='grc' dir='ltr'>τὴν</span> <span class='ocrx_word' id='word_1_597' title='bbox 1195 4235 1315 4290; x_wconf 83' lang='grc' dir='ltr'>καθ’</span> <span class='ocrx_word' id='word_1_598' title='bbox 1332 4234 1489 4307; x_wconf 77' lang='grc' dir='ltr'>ἡμῶν</span> <span class='ocrx_word' id='word_1_599' title='bbox 1515 4235 1620 4288; x_wconf 86' lang='grc' dir='ltr'>δια-</span> 
     </span>
    </p>
   </div>
   <div class='ocr_carea' id='block_1_83' title="bbox 1726 4229 3307 4309">
    <p class='ocr_par' dir='ltr' id='par_1_83' title="bbox 1730 4233 3307 4303">
     <span class='ocr_line' id='line_1_84' title="bbox 1730 4233 3307 4303; baseline 0.002 -14"><span class='ocrx_word' id='word_1_600' title='bbox 1730 4233 2031 4303; x_wconf 80' lang='lat' dir='ltr'><strong>fortunam,</strong></span> <span class='ocrx_word' id='word_1_601' title='bbox 2059 4236 2151 4291; x_wconf 89' lang='lat' dir='ltr'><strong>sed</strong></span> <span class='ocrx_word' id='word_1_602' title='bbox 2182 4234 2354 4290; x_wconf 83' lang='lat' dir='ltr'><strong>facem</strong></span> <span class='ocrx_word' id='word_1_603' title='bbox 2383 4236 2537 4291; x_wconf 91' lang='lat' dir='ltr'><strong>urbis</strong></span> <span class='ocrx_word' id='word_1_604' title='bbox 2565 4236 2827 4291; x_wconf 80' lang='lat' dir='ltr'><strong>futuram.</strong></span> <span class='ocrx_word' id='word_1_605' title='bbox 2856 4234 2967 4292; x_wconf 87' lang='lat' dir='ltr'><strong>Nec</strong></span> <span class='ocrx_word' id='word_1_606' title='bbox 2993 4236 3142 4291; x_wconf 89' lang='lat' dir='ltr'><strong>enim</strong></span> <span class='ocrx_word' id='word_1_607' title='bbox 3173 4237 3307 4292; x_wconf 90' lang='lat' dir='ltr'><strong>satis</strong></span> 
     </span>
    </p>
   </div>
   <div class='ocr_carea' id='block_1_84' title="bbox 122 4319 1620 4403">
    <p class='ocr_par' dir='ltr' id='par_1_84' title="bbox 122 4319 1620 4403">
     <span class='ocr_line' id='line_1_85' title="bbox 122 4319 1620 4403; baseline -0.003 -19"><span class='ocrx_word' id='word_1_608' title='bbox 263 4333 612 4403; x_wconf 78' lang='grc' dir='ltr'>πεποιημένου</span> <span class='ocrx_word' id='word_1_609' title='bbox 643 4373 658 4397; x_wconf 91' lang='grc'><strong>,</strong></span> <span class='ocrx_word' id='word_1_610' title='bbox 694 4329 962 4398; x_wconf 82' lang='grc' dir='ltr'>ἀνάγνωθι</span> <span class='ocrx_word' id='word_1_611' title='bbox 996 4331 1061 4382; x_wconf 89' lang='grc' dir='ltr'><strong>ἐκ</strong></span> <span class='ocrx_word' id='word_1_612' title='bbox 1102 4328 1211 4381; x_wconf 81' lang='grc' dir='ltr'>τῶν</span> <span class='ocrx_word' id='word_1_613' title='bbox 1246 4328 1376 4398; x_wconf 69' lang='grc' dir='ltr'>περὶ</span> <span class='ocrx_word' id='word_1_614' title='bbox 1430 4329 1620 4399; x_wconf 80' lang='grc' dir='ltr'>εἱμαρ-</span> 
     </span>
    </p>
   </div>
   <div class='ocr_carea' id='block_1_85' title="bbox 1726 4319 3305 4403">
    <p class='ocr_par' dir='ltr' id='par_1_85' title="bbox 1729 4326 3305 4397">
     <span class='ocr_line' id='line_1_86' title="bbox 1729 4326 3305 4397; baseline 0.003 -21"><span class='ocrx_word' id='word_1_615' title='bbox 1729 4326 1985 4381; x_wconf 85' lang='lat' dir='ltr'><strong>videlicet</strong></span> <span class='ocrx_word' id='word_1_616' title='bbox 2017 4326 2083 4381; x_wconf 93' lang='lat' dir='ltr'><strong>ad</strong></span> <span class='ocrx_word' id='word_1_617' title='bbox 2127 4327 2352 4385; x_wconf 84' lang='lat' dir='ltr'><strong>exitium</strong></span> <span class='ocrx_word' id='word_1_618' title='bbox 2405 4326 2472 4383; x_wconf 90' lang='lat' dir='ltr'><strong>iis</strong></span> <span class='ocrx_word' id='word_1_619' title='bbox 2504 4336 2621 4383; x_wconf 90' lang='lat' dir='ltr'><strong>erat</strong></span> <span class='ocrx_word' id='word_1_620' title='bbox 2652 4327 2908 4382; x_wconf 83' lang='lat' dir='ltr'><strong>intestina</strong></span> <span class='ocrx_word' id='word_1_621' title='bbox 2948 4328 3151 4397; x_wconf 82' lang='lat' dir='ltr'><strong>pestis,</strong></span> <span class='ocrx_word' id='word_1_622' title='bbox 3179 4326 3305 4383; x_wconf 88' lang='lat' dir='ltr'><strong>’nisi</strong></span> 
     </span>
    </p>
   </div>
   <div class='ocr_carea' id='block_1_86' title="bbox 124 4415 1620 4520">
    <p class='ocr_par' dir='ltr' id='par_1_86' title="bbox 124 4415 1620 4520">
     <span class='ocr_line' id='line_1_87' title="bbox 124 4415 1620 4520; baseline -0.003 -47"><span class='ocrx_word' id='word_1_623' title='bbox 124 4415 247 4520; x_wconf 49' lang='lat' dir='ltr'><strong>lim;</strong></span> <span class='ocrx_word' id='word_1_624' title='bbox 264 4421 345 4475; x_wconf 77' lang='grc' dir='ltr'><strong>τοῦ</strong></span> <span class='ocrx_word' id='word_1_625' title='bbox 365 4423 563 4477; x_wconf 85' lang='grc' dir='ltr'>Πυθίου</span> <span class='ocrx_word' id='word_1_626' title='bbox 598 4421 868 4494; x_wconf 83' lang='grc' dir='ltr'>χρησμῶν</span> <span class='ocrx_word' id='word_1_627' title='bbox 886 4440 899 4451; x_wconf 94' lang='grc'><strong>·</strong></span> <span class='ocrx_word' id='word_1_628' title='bbox 932 4423 980 4474; x_wconf 82' lang='grc' dir='ltr'><strong>εί</strong></span> <span class='ocrx_word' id='word_1_629' title='bbox 1004 4421 1079 4493; x_wconf 85' lang='grc' dir='ltr'>μὴ</span> <span class='ocrx_word' id='word_1_630' title='bbox 1104 4420 1199 4473; x_wconf 71' lang='grc' dir='ltr'><strong>καὶ</strong></span> <span class='ocrx_word' id='word_1_631' title='bbox 1227 4419 1310 4472; x_wconf 68' lang='grc' dir='ltr'><strong>σοι</strong></span> <span class='ocrx_word' id='word_1_632' title='bbox 1335 4418 1484 4481; x_wconf 88' lang='grc' dir='ltr'>θείας</span> <span class='ocrx_word' id='word_1_633' title='bbox 1528 4417 1620 4470; x_wconf 84' lang='grc' dir='ltr'><strong>ἀλ-</strong></span> 
     </span>
    </p>
   </div>
   <div class='ocr_carea' id='block_1_87' title="bbox 1726 4415 3303 4520">
    <p class='ocr_par' dir='ltr' id='par_1_87' title="bbox 1730 4418 3303 4475">
     <span class='ocr_line' id='line_1_88' title="bbox 1730 4418 3303 4475; baseline 0.001 -2"><span class='ocrx_word' id='word_1_634' title='bbox 1730 4419 1886 4474; x_wconf 86' lang='lat' dir='ltr'><strong>novis</strong></span> <span class='ocrx_word' id='word_1_635' title='bbox 1913 4434 2034 4473; x_wconf 90' lang='lat' dir='ltr'><strong>eam</strong></span> <span class='ocrx_word' id='word_1_636' title='bbox 2065 4418 2417 4474; x_wconf 72' lang='lat' dir='ltr'><strong>inet-ementis</strong></span> <span class='ocrx_word' id='word_1_637' title='bbox 2446 4435 2511 4475; x_wconf 90' lang='lat' dir='ltr'><strong>ac</strong></span> <span class='ocrx_word' id='word_1_638' title='bbox 2542 4419 2748 4475; x_wconf 89' lang='lat' dir='ltr'><strong>viribus</strong></span> <span class='ocrx_word' id='word_1_639' title='bbox 2779 4419 3012 4475; x_wconf 65' lang='lat' dir='ltr'><strong>incussa:</strong></span> <span class='ocrx_word' id='word_1_640' title='bbox 3038 4420 3303 4475; x_wconf 90' lang='lat' dir='ltr'><strong>divinitus</strong></span> 
     </span>
    </p>
   </div>
   <div class='ocr_carea' id='block_1_88' title="bbox 123 4503 1620 4587">
    <p class='ocr_par' dir='ltr' id='par_1_88' title="bbox 123 4503 1620 4587">
     <span class='ocr_line' id='line_1_89' title="bbox 123 4503 1620 4587; baseline -0.005 -18"><span class='ocrx_word' id='word_1_641' title='bbox 123 4503 276 4579; x_wconf 70' lang='grc' dir='ltr'>λάτριας</span> <span class='ocrx_word' id='word_1_642' title='bbox 301 4512 367 4567; x_wconf 83' lang='grc' dir='ltr'>ὣν</span> <span class='ocrx_word' id='word_1_643' title='bbox 390 4515 674 4587; x_wconf 82' lang='grc' dir='ltr'>δυνάμεως</span> <span class='ocrx_word' id='word_1_644' title='bbox 709 4514 790 4567; x_wconf 82' lang='grc' dir='ltr'>ἔτι</span> <span class='ocrx_word' id='word_1_645' title='bbox 828 4513 1047 4585; x_wconf 80' lang='grc' dir='ltr'>μᾶλλον,</span> <span class='ocrx_word' id='word_1_646' title='bbox 1081 4512 1110 4564; x_wconf 87' lang='grc' dir='ltr'>ὁ</span> <span class='ocrx_word' id='word_1_647' title='bbox 1151 4513 1280 4585; x_wconf 76' lang='grc' dir='ltr'>περὶ</span> <span class='ocrx_word' id='word_1_648' title='bbox 1318 4510 1427 4564; x_wconf 84' lang='grc' dir='ltr'><strong>τῶν</strong></span> <span class='ocrx_word' id='word_1_649' title='bbox 1464 4509 1620 4583; x_wconf 89' lang='grc' dir='ltr'>θρυλ-</span> 
     </span>
    </p>
   </div>
   <div class='ocr_carea' id='block_1_89' title="bbox 1726 4503 3306 4587">
    <p class='ocr_par' dir='ltr' id='par_1_89' title="bbox 1726 4510 3306 4582">
     <span class='ocr_line' id='line_1_90' title="bbox 1726 4510 3306 4582; baseline 0 -18"><span class='ocrx_word' id='word_1_650' title='bbox 1726 4511 1899 4581; x_wconf 71' lang='lat' dir='ltr'><strong>plagae</strong></span> <span class='ocrx_word' id='word_1_651' title='bbox 1922 4511 2167 4566; x_wconf 90' lang='lat' dir='ltr'><strong>accessio</strong></span> <span class='ocrx_word' id='word_1_652' title='bbox 2195 4510 2437 4582; x_wconf 88' lang='lat' dir='ltr'><strong>Delphis,</strong></span> <span class='ocrx_word' id='word_1_653' title='bbox 2468 4521 2529 4566; x_wconf 91' lang='lat' dir='ltr'><strong>ut</strong></span> <span class='ocrx_word' id='word_1_654' title='bbox 2558 4512 2632 4566; x_wconf 89' lang='lat' dir='ltr'><strong>ita</strong></span> <span class='ocrx_word' id='word_1_655' title='bbox 2668 4512 2884 4581; x_wconf 87' lang='lat' dir='ltr'><strong>loquar,</strong></span> <span class='ocrx_word' id='word_1_656' title='bbox 2918 4511 3183 4567; x_wconf 88' lang='lat' dir='ltr'><strong>arcessita</strong></span> <span class='ocrx_word' id='word_1_657' title='bbox 3208 4526 3306 4565; x_wconf 92' lang='lat' dir='ltr'><strong>cu-</strong></span> 
     </span>
    </p>
   </div>
   <div class='ocr_carea' id='block_1_90' title="bbox 124 4595 1620 4680">
    <p class='ocr_par' dir='ltr' id='par_1_90' title="bbox 124 4595 1329 4680">
     <span class='ocr_line' id='line_1_91' title="bbox 124 4595 1329 4680; baseline 0 -23"><span class='ocrx_word' id='word_1_658' title='bbox 124 4595 333 4670; x_wconf 80' lang='grc' dir='ltr'>λουμένων</span> <span class='ocrx_word' id='word_1_659' title='bbox 363 4608 710 4680; x_wconf 85' lang='grc' dir='ltr'>χρηστηρίων</span> <span class='ocrx_word' id='word_1_660' title='bbox 770 4608 1119 4660; x_wconf 82' lang='grc' dir='ltr'>ὑποπεσεῖται</span> <span class='ocrx_word' id='word_1_661' title='bbox 1153 4605 1329 4674; x_wconf 84' lang='grc' dir='ltr'>λόγος.</span> 
     </span>
    </p>
   </div>
   <div class='ocr_carea' id='block_1_91' title="bbox 1726 4595 3303 4680">
    <p class='ocr_par' dir='ltr' id='par_1_91' title="bbox 1726 4599 3303 4659">
     <span class='ocr_line' id='line_1_92' title="bbox 1726 4599 3303 4659; baseline -0.001 -4"><span class='ocrx_word' id='word_1_662' title='bbox 1726 4602 1978 4656; x_wconf 89' lang='lat' dir='ltr'><strong>mularet.</strong></span> <span class='ocrx_word' id='word_1_663' title='bbox 2014 4620 2032 4653; x_wconf 70' lang='grc' dir='ltr'><strong>ι</strong></span> <span class='ocrx_word' id='word_1_664' title='bbox 2065 4599 2340 4657; x_wconf 84' lang='lat' dir='ltr'><strong>Hactenus</strong></span> <span class='ocrx_word' id='word_1_665' title='bbox 2365 4602 2699 4658; x_wconf 86' lang='lat' dir='ltr'><strong>OEnomaus.</strong></span> <span class='ocrx_word' id='word_1_666' title='bbox 2738 4602 2896 4659; x_wconf 90' lang='lat' dir='ltr'><strong>Nunc</strong></span> <span class='ocrx_word' id='word_1_667' title='bbox 2922 4618 3050 4659; x_wconf 82' lang='lat' dir='ltr'><strong>vero</strong></span> <span class='ocrx_word' id='word_1_668' title='bbox 3082 4603 3150 4658; x_wconf 88' lang='lat' dir='ltr'><strong>ad</strong></span> <span class='ocrx_word' id='word_1_669' title='bbox 3182 4616 3303 4657; x_wconf 85' lang='lat' dir='ltr'><strong>eam</strong></span> 
     </span>
    </p>
   </div>
   <div class='ocr_carea' id='block_1_92' title="bbox 125 4697 3304 4773">
    <p class='ocr_par' dir='ltr' id='par_1_92' title="bbox 125 4697 3304 4773">
     <span class='ocr_line' id='line_1_93' title="bbox 125 4697 3304 4773; baseline -0.001 -18"><span class='ocrx_word' id='word_1_670' title='bbox 125 4706 264 4756; x_wconf 65' lang='lat' dir='ltr'><strong>Nireus</strong></span> <span class='ocrx_word' id='word_1_671' title='bbox 292 4705 621 4762; x_wconf 88' lang='lat' dir='ltr'><strong>oraculorum</strong></span> <span class='ocrx_word' id='word_1_672' title='bbox 659 4702 1050 4773; x_wconf 85' lang='lat' dir='ltr'><strong>philosophiam</strong></span> <span class='ocrx_word' id='word_1_673' title='bbox 1092 4702 1274 4756; x_wconf 89' lang='lat' dir='ltr'><strong>animo</strong></span> <span class='ocrx_word' id='word_1_674' title='bbox 1313 4708 1366 4755; x_wconf 87' lang='lat' dir='ltr'><strong>et</strong></span> <span class='ocrx_word' id='word_1_675' title='bbox 1409 4698 1738 4771; x_wconf 85' lang='lat' dir='ltr'><strong>cogitatione</strong></span> <span class='ocrx_word' id='word_1_676' title='bbox 1783 4697 2082 4761; x_wconf 90' lang='lat' dir='ltr'><strong>conversis,</strong></span> <span class='ocrx_word' id='word_1_677' title='bbox 2130 4712 2292 4767; x_wconf 89' lang='lat' dir='ltr'><strong>quam</strong></span> <span class='ocrx_word' id='word_1_678' title='bbox 2344 4697 2645 4754; x_wconf 88' lang='lat' dir='ltr'><strong>maledicus</strong></span> <span class='ocrx_word' id='word_1_679' title='bbox 2704 4699 2793 4754; x_wconf 89' lang='lat' dir='ltr'><strong>ille</strong></span> <span class='ocrx_word' id='word_1_680' title='bbox 2847 4714 3031 4754; x_wconf 86' lang='lat' dir='ltr'><strong>rerum</strong></span> <span class='ocrx_word' id='word_1_681' title='bbox 3090 4707 3304 4753; x_wconf 85' lang='lat' dir='ltr'><strong>nostra-</strong></span> 
     </span>
    </p>
   </div>
   <div class='ocr_carea' id='block_1_93' title="bbox 128 4791 3300 4871">
    <p class='ocr_par' dir='ltr' id='par_1_93' title="bbox 128 4791 3300 4871">
     <span class='ocr_line' id='line_1_94' title="bbox 128 4791 3300 4871; baseline -0.003 -17"><span class='ocrx_word' id='word_1_682' title='bbox 128 4802 211 4846; x_wconf 71' lang='grc' dir='ltr'><strong>πίω</strong></span> <span class='ocrx_word' id='word_1_683' title='bbox 239 4810 406 4854; x_wconf 83' lang='lat' dir='ltr'><strong>censor</strong></span> <span class='ocrx_word' id='word_1_684' title='bbox 442 4801 790 4871; x_wconf 87' lang='lat' dir='ltr'><strong>conscripsit,</strong></span> <span class='ocrx_word' id='word_1_685' title='bbox 828 4800 1025 4871; x_wconf 79' lang='lat' dir='ltr'><strong>legesis</strong></span> <span class='ocrx_word' id='word_1_686' title='bbox 1074 4816 1141 4855; x_wconf 91' lang='lat' dir='ltr'><strong>ex</strong></span> <span class='ocrx_word' id='word_1_687' title='bbox 1189 4798 1256 4854; x_wconf 93' lang='lat' dir='ltr'><strong>iis</strong></span> <span class='ocrx_word' id='word_1_688' title='bbox 1298 4797 1573 4869; x_wconf 87' lang='lat' dir='ltr'><strong>responsis</strong></span> <span class='ocrx_word' id='word_1_689' title='bbox 1610 4796 1813 4867; x_wconf 89' lang='lat' dir='ltr'><strong>aliqua,</strong></span> <span class='ocrx_word' id='word_1_690' title='bbox 1857 4810 1987 4865; x_wconf 67' lang='lat' dir='ltr'><strong>quae</strong></span> <span class='ocrx_word' id='word_1_691' title='bbox 2028 4795 2095 4850; x_wconf 90' lang='lat' dir='ltr'><strong>de</strong></span> <span class='ocrx_word' id='word_1_692' title='bbox 2151 4793 2265 4849; x_wconf 77' lang='lat' dir='ltr'><strong>fato</strong></span> <span class='ocrx_word' id='word_1_693' title='bbox 2316 4792 2570 4864; x_wconf 86' lang='lat' dir='ltr'><strong>Pythium</strong></span> <span class='ocrx_word' id='word_1_694' title='bbox 2609 4791 2846 4848; x_wconf 88' lang='lat' dir='ltr'><strong>edidisse</strong></span> <span class='ocrx_word' id='word_1_695' title='bbox 2885 4799 3300 4846; x_wconf 88' lang='lat' dir='ltr'><strong>commemorat.</strong></span> 
     </span>
    </p>
   </div>
   <div class='ocr_carea' id='block_1_94' title="bbox 127 4881 3300 4967">
    <p class='ocr_par' dir='ltr' id='par_1_94' title="bbox 127 4881 3300 4967">
     <span class='ocr_line' id='line_1_95' title="bbox 127 4881 3300 4967; baseline -0.003 -21"><span class='ocrx_word' id='word_1_696' title='bbox 127 4881 181 4939; x_wconf 73' lang='grc' dir='ltr'>Αε</span> <span class='ocrx_word' id='word_1_697' title='bbox 198 4888 295 4946; x_wconf 69' lang='lat' dir='ltr'><strong>vide</strong></span> <span class='ocrx_word' id='word_1_698' title='bbox 313 4909 433 4951; x_wconf 86' lang='lat' dir='ltr'><strong>num</strong></span> <span class='ocrx_word' id='word_1_699' title='bbox 460 4895 729 4967; x_wconf 83' lang='lat' dir='ltr'><strong>ejusmodi</strong></span> <span class='ocrx_word' id='word_1_700' title='bbox 778 4910 997 4965; x_wconf 91' lang='lat' dir='ltr'><strong>quoque</strong></span> <span class='ocrx_word' id='word_1_701' title='bbox 1023 4895 1119 4950; x_wconf 89' lang='lat' dir='ltr'><strong>tibi</strong></span> <span class='ocrx_word' id='word_1_702' title='bbox 1149 4894 1361 4949; x_wconf 89' lang='lat' dir='ltr'><strong>accidat</strong></span> <span class='ocrx_word' id='word_1_703' title='bbox 1386 4901 1498 4948; x_wconf 89' lang='lat' dir='ltr'><strong>tota</strong></span> <span class='ocrx_word' id='word_1_704' title='bbox 1544 4893 1659 4947; x_wconf 65' lang='lat' dir='ltr'><strong>haec</strong></span> <span class='ocrx_word' id='word_1_705' title='bbox 1693 4890 1761 4946; x_wconf 91' lang='lat' dir='ltr'><strong>de</strong></span> <span class='ocrx_word' id='word_1_706' title='bbox 1788 4890 2008 4962; x_wconf 86' lang='lat' dir='ltr'><strong>jactatis</strong></span> <span class='ocrx_word' id='word_1_707' title='bbox 2050 4888 2259 4959; x_wconf 88' lang='lat' dir='ltr'><strong>pridem</strong></span> <span class='ocrx_word' id='word_1_708' title='bbox 2303 4888 2541 4945; x_wconf 90' lang='lat' dir='ltr'><strong>oraculis</strong></span> <span class='ocrx_word' id='word_1_709' title='bbox 2594 4887 2913 4959; x_wconf 89' lang='lat' dir='ltr'><strong>disputatio,</strong></span> <span class='ocrx_word' id='word_1_710' title='bbox 2949 4895 3010 4940; x_wconf 92' lang='lat' dir='ltr'><strong>ut</strong></span> <span class='ocrx_word' id='word_1_711' title='bbox 3036 4900 3155 4940; x_wconf 91' lang='lat' dir='ltr'><strong>eam</strong></span> <span class='ocrx_word' id='word_1_712' title='bbox 3180 4900 3300 4938; x_wconf 76' lang='lat' dir='ltr'><strong>mu-</strong></span> 
     </span>
    </p>
   </div>
   <div class='ocr_carea' id='block_1_95' title="bbox 132 4978 2550 5062">
    <p class='ocr_par' dir='ltr' id='par_1_95' title="bbox 132 4978 2550 5062">
     <span class='ocr_line' id='line_1_96' title="bbox 132 4978 2550 5062; baseline -0.004 -12"><span class='ocrx_word' id='word_1_713' title='bbox 132 4978 190 5050; x_wconf 71' lang='grc' dir='ltr'>ίίδ</span> <span class='ocrx_word' id='word_1_714' title='bbox 211 4986 347 5043; x_wconf 73' lang='lat' dir='ltr'><strong>etiam</strong></span> <span class='ocrx_word' id='word_1_715' title='bbox 368 5006 528 5062; x_wconf 83' lang='lat' dir='ltr'><strong>quam</strong></span> <span class='ocrx_word' id='word_1_716' title='bbox 564 4990 874 5062; x_wconf 86' lang='lat' dir='ltr'><strong>superiores</strong></span> <span class='ocrx_word' id='word_1_717' title='bbox 917 4990 986 5046; x_wconf 90' lang='lat' dir='ltr'><strong>ab</strong></span> <span class='ocrx_word' id='word_1_718' title='bbox 1019 4989 1169 5046; x_wconf 90' lang='lat' dir='ltr'><strong>omni</strong></span> <span class='ocrx_word' id='word_1_719' title='bbox 1191 4991 1372 5045; x_wconf 87' lang='lat' dir='ltr'><strong>divina</strong></span> <span class='ocrx_word' id='word_1_720' title='bbox 1402 4989 1601 5044; x_wconf 90' lang='lat' dir='ltr'><strong>virtute</strong></span> <span class='ocrx_word' id='word_1_721' title='bbox 1637 5002 1863 5042; x_wconf 88' lang='lat' dir='ltr'><strong>vacuam</strong></span> <span class='ocrx_word' id='word_1_722' title='bbox 1889 4986 2075 5041; x_wconf 88' lang='lat' dir='ltr'><strong>haberi</strong></span> <span class='ocrx_word' id='word_1_723' title='bbox 2104 4995 2259 5056; x_wconf 86' lang='lat' dir='ltr'><strong>putes</strong></span> <span class='ocrx_word' id='word_1_724' title='bbox 2280 4994 2550 5056; x_wconf 90' lang='lat' dir='ltr'><strong>oportere.</strong></span> 
     </span>
    </p>
   </div>
   <div class='ocr_carea' id='block_1_96' title="bbox 176 5140 605 5220">
    <p class='ocr_par' dir='ltr' id='par_1_96' title="bbox 176 5140 605 5220">
     <span class='ocr_line' id='line_1_97' title="bbox 176 5140 605 5220; baseline 0.021 -26"><span class='ocrx_word' id='word_1_725' title='bbox 176 5148 197 5178; x_wconf 81' lang='grc' dir='ltr'><strong>ι</strong></span> <span class='ocrx_word' id='word_1_726' title='bbox 220 5140 287 5197; x_wconf 84' lang='grc' dir='ltr'><strong>ισ.</strong></span> <span class='ocrx_word' id='word_1_727' title='bbox 316 5145 605 5220; x_wconf 76' lang='grc' dir='ltr'>ἐπέρρωσε.</span> 
     </span>
    </p>
   </div>
   <div class='ocr_carea' id='block_1_97' title="bbox 135 5294 1620 5421">
    <p class='ocr_par' dir='ltr' id='par_1_97' title="bbox 135 5294 1620 5421">
     <span class='ocr_line' id='line_1_98' title="bbox 135 5294 1620 5421; baseline -0.005 -59"><span class='ocrx_word' id='word_1_728' title='bbox 135 5294 266 5421; x_wconf 47' lang='grc' dir='ltr'><strong>ὦ)ςέ</strong></span> <span class='ocrx_word' id='word_1_729' title='bbox 305 5303 475 5362; x_wconf 70' lang='grc' dir='ltr'>Ἀλλὰ</span> <span class='ocrx_word' id='word_1_730' title='bbox 526 5308 629 5363; x_wconf 77' lang='grc' dir='ltr'>καὶ</span> <span class='ocrx_word' id='word_1_731' title='bbox 670 5307 1016 5377; x_wconf 78' lang='grc' dir='ltr'>Μηθύμνης.</span> <span class='ocrx_word' id='word_1_732' title='bbox 1075 5303 1313 5359; x_wconf 86' lang='lat' dir='ltr'><strong>Consule</strong></span> <span class='ocrx_word' id='word_1_733' title='bbox 1360 5302 1620 5357; x_wconf 87' lang='lat' dir='ltr'><strong>observa-</strong></span> 
     </span>
    </p>
   </div>
   <div class='ocr_carea' id='block_1_98' title="bbox 1726 5294 3280 5421">
    <p class='ocr_par' dir='ltr' id='par_1_98' title="bbox 1726 5297 3280 5421">
     <span class='ocr_line' id='line_1_99' title="bbox 1726 5297 3280 5382; baseline -0.004 -28"><span class='ocrx_word' id='word_1_734' title='bbox 1726 5300 1940 5382; x_wconf 63' lang='lat' dir='ltr'><strong>Erroris</strong></span> <span class='ocrx_word' id='word_1_735' title='bbox 1985 5318 2169 5370; x_wconf 88' lang='lat' dir='ltr'><strong>causa,</strong></span> <span class='ocrx_word' id='word_1_736' title='bbox 2205 5302 2264 5355; x_wconf 84' lang='grc' dir='ltr'>τὸ</span> <span class='ocrx_word' id='word_1_737' title='bbox 2295 5302 2355 5354; x_wconf 81' lang='grc' dir='ltr'><strong>οὺ</strong></span> <span class='ocrx_word' id='word_1_738' title='bbox 2389 5301 2568 5371; x_wconf 84' lang='grc' dir='ltr'>μόνον,</span> <span class='ocrx_word' id='word_1_739' title='bbox 2599 5297 2766 5354; x_wconf 85' lang='lat' dir='ltr'><strong>semel</strong></span> <span class='ocrx_word' id='word_1_740' title='bbox 2800 5297 3109 5365; x_wconf 86' lang='lat' dir='ltr'><strong>iterumque</strong></span> <span class='ocrx_word' id='word_1_741' title='bbox 3139 5308 3280 5363; x_wconf 83' lang='lat' dir='ltr'><strong>repo</strong></span> 
     </span>
     <span class='ocr_line' id='line_1_100' title="bbox 1726 5382 1908 5421; baseline 0 0"><span class='ocrx_word' id='word_1_742' title='bbox 1726 5382 1908 5421; x_wconf 68' lang='lat' dir='ltr'><strong>sutum.</strong></span> 
     </span>
    </p>
   </div>
   <div class='ocr_carea' id='block_1_99' title="bbox 157 5382 1620 5570">
    <p class='ocr_par' dir='ltr' id='par_1_99' title="bbox 157 5382 1620 5570">
     <span class='ocr_line' id='line_1_101' title="bbox 157 5382 1620 5570; baseline -0.008 -63"><span class='ocrx_word' id='word_1_743' title='bbox 157 5382 275 5564; x_wconf 51' lang='grc' dir='ltr'><strong>ᾝὲἷ</strong></span> <span class='ocrx_word' id='word_1_744' title='bbox 292 5442 410 5502; x_wconf 84' lang='lat' dir='ltr'><strong>Post</strong></span> <span class='ocrx_word' id='word_1_745' title='bbox 450 5448 730 5570; x_wconf 60' lang='grc' dir='ltr'>χὲυσὲοις,</span> <span class='ocrx_word' id='word_1_746' title='bbox 780 5462 886 5502; x_wconf 89' lang='lat' dir='ltr'><strong>non</strong></span> <span class='ocrx_word' id='word_1_747' title='bbox 919 5444 1106 5500; x_wconf 87' lang='lat' dir='ltr'><strong>dubito</strong></span> <span class='ocrx_word' id='word_1_748' title='bbox 1158 5443 1289 5513; x_wconf 90' lang='lat' dir='ltr'><strong>quin</strong></span> <span class='ocrx_word' id='word_1_749' title='bbox 1336 5442 1620 5525; x_wconf 70' lang='lat' dir='ltr'><strong>legendum</strong></span> 
     </span>
     <span class='ocr_line' id='line_1_102' title="bbox 158 5512 1620 5570; baseline -0.005 1"><span class='ocrx_word' id='word_1_750' title='bbox 158 5516 186 5560; x_wconf 79' lang='lat'><strong>&quot;-</strong></span> <span class='ocrx_word' id='word_1_751' title='bbox 309 5517 452 5570; x_wconf 71' lang='grc' dir='ltr'>μόνον</span> <span class='ocrx_word' id='word_1_752' title='bbox 508 5520 521 5540; x_wconf 84' lang='grc'>’</span> <span class='ocrx_word' id='word_1_753' title='bbox 554 5515 623 5570; x_wconf 73' lang='grc' dir='ltr'>αὖ</span> <span class='ocrx_word' id='word_1_754' title='bbox 658 5522 764 5570; x_wconf 79' lang='grc' dir='ltr'>τοῖς</span> <span class='ocrx_word' id='word_1_755' title='bbox 789 5516 1082 5570; x_wconf 83' lang='grc' dir='ltr'>Διονυσίοις</span> <span class='ocrx_word' id='word_1_756' title='bbox 1105 5554 1120 5570; x_wconf 94' lang='grc'><strong>.</strong></span> <span class='ocrx_word' id='word_1_757' title='bbox 1155 5513 1291 5567; x_wconf 80' lang='grc' dir='ltr'>ἀλλὰ</span> <span class='ocrx_word' id='word_1_758' title='bbox 1322 5515 1416 5566; x_wconf 80' lang='grc' dir='ltr'>καὶ</span> <span class='ocrx_word' id='word_1_759' title='bbox 1444 5512 1620 5570; x_wconf 70' lang='grc' dir='ltr'>ἄλλοις</span> 
     </span>
    </p>
   </div>
   <div class='ocr_carea' id='block_1_100' title="bbox 1726 5382 3281 5570">
    <p class='ocr_par' dir='ltr' id='par_1_100' title="bbox 1726 5382 3281 5570">
     <span class='ocr_line' id='line_1_103' title="bbox 1726 5382 3281 5513; baseline -0.005 -16"><span class='ocrx_word' id='word_1_760' title='bbox 1726 5382 1909 5513; x_wconf 54' lang='lat' dir='ltr'><strong>sum;</strong></span> <span class='ocrx_word' id='word_1_761' title='bbox 1960 5443 2287 5507; x_wconf 75' lang='grc' dir='ltr'><strong>Ἀπολλων,</strong></span> <span class='ocrx_word' id='word_1_762' title='bbox 2319 5441 2517 5507; x_wconf 80' lang='grc' dir='ltr'>ξένου.</span> <span class='ocrx_word' id='word_1_763' title='bbox 2567 5438 2764 5493; x_wconf 82' lang='lat' dir='ltr'><strong>Facilis</strong></span> <span class='ocrx_word' id='word_1_764' title='bbox 2808 5444 2924 5491; x_wconf 91' lang='lat' dir='ltr'><strong>erat</strong></span> <span class='ocrx_word' id='word_1_765' title='bbox 2962 5433 3281 5504; x_wconf 88' lang='lat' dir='ltr'><strong>conjectura</strong></span> 
     </span>
     <span class='ocr_line' id='line_1_104' title="bbox 1726 5507 3281 5570; baseline -0.007 -2"><span class='ocrx_word' id='word_1_766' title='bbox 1726 5528 1844 5568; x_wconf 88' lang='lat' dir='ltr'><strong>cum</strong></span> <span class='ocrx_word' id='word_1_767' title='bbox 1877 5517 1930 5567; x_wconf 88' lang='lat' dir='ltr'><strong>in</strong></span> <span class='ocrx_word' id='word_1_768' title='bbox 1954 5529 2156 5570; x_wconf 79' lang='lat' dir='ltr'><strong>excuso</strong></span> <span class='ocrx_word' id='word_1_769' title='bbox 2187 5514 2455 5570; x_wconf 67' lang='lat' dir='ltr'><strong>legeretur</strong></span> <span class='ocrx_word' id='word_1_770' title='bbox 2488 5507 2865 5570; x_wconf 80' lang='grc' dir='ltr'>’Δπολλοξένου</span> <span class='ocrx_word' id='word_1_771' title='bbox 2885 5550 2898 5570; x_wconf 92' lang='grc'><strong>,</strong></span> <span class='ocrx_word' id='word_1_772' title='bbox 2935 5520 3066 5563; x_wconf 88' lang='lat' dir='ltr'><strong>sane</strong></span> <span class='ocrx_word' id='word_1_773' title='bbox 3085 5546 3100 5570; x_wconf 97' lang='lat'><strong>,</strong></span> <span class='ocrx_word' id='word_1_774' title='bbox 3132 5520 3281 5570; x_wconf 83' lang='lat' dir='ltr'><strong>quau</strong></span> 
     </span>
    </p>
   </div>
   <div class='ocr_carea' id='block_1_101' title="bbox 138 5507 1620 5638">
    <p class='ocr_par' dir='ltr' id='par_1_101' title="bbox 138 5507 1620 5638">
     <span class='ocr_line' id='line_1_105' title="bbox 138 5507 1620 5638; baseline -0.005 -67"><span class='ocrx_word' id='word_1_775' title='bbox 138 5507 186 5560; x_wconf 69' lang='grc' dir='ltr'><strong>εῖι</strong></span> <span class='ocrx_word' id='word_1_776' title='bbox 219 5507 266 5564; x_wconf 68' lang='grc' dir='ltr'>θῦ</span> <span class='ocrx_word' id='word_1_777' title='bbox 278 5507 521 5638; x_wconf 42' lang='lat' dir='ltr'><strong>Arium&quot;?</strong></span> <span class='ocrx_word' id='word_1_778' title='bbox 554 5515 623 5573; x_wconf 77' lang='grc' dir='ltr'><strong>αὗ</strong></span> <span class='ocrx_word' id='word_1_779' title='bbox 658 5507 764 5583; x_wconf 71' lang='grc' dir='ltr'>τόῗς</span> <span class='ocrx_word' id='word_1_780' title='bbox 789 5516 1082 5578; x_wconf 89' lang='grc' dir='ltr'>Διονυσίοις</span> <span class='ocrx_word' id='word_1_781' title='bbox 1105 5554 1120 5579; x_wconf 94' lang='grc'><strong>,</strong></span> <span class='ocrx_word' id='word_1_782' title='bbox 1155 5507 1291 5567; x_wconf 76' lang='grc' dir='ltr'>ἄλλα</span> <span class='ocrx_word' id='word_1_783' title='bbox 1322 5507 1416 5566; x_wconf 67' lang='grc' dir='ltr'><strong>καῖ</strong></span> <span class='ocrx_word' id='word_1_784' title='bbox 1444 5512 1620 5575; x_wconf 82' lang='grc' dir='ltr'>ἄλλοις</span> 
     </span>
     <span class='ocr_line' id='line_1_106' title="bbox 139 5583 1619 5638; baseline 0 0"><span class='ocrx_word' id='word_1_785' title='bbox 139 5583 290 5638; x_wconf 67' lang='grc' dir='ltr'>παμπιῖ</span> <span class='ocrx_word' id='word_1_786' title='bbox 333 5627 345 5638; x_wconf 96' lang='grc'><strong>.</strong></span> <span class='ocrx_word' id='word_1_787' title='bbox 365 5597 506 5638; x_wconf 62' lang='lat' dir='ltr'><strong>.‘etc.</strong></span> <span class='ocrx_word' id='word_1_788' title='bbox 536 5588 673 5638; x_wconf 77' lang='lat' dir='ltr'><strong>Nam</strong></span> <span class='ocrx_word' id='word_1_789' title='bbox 713 5587 984 5638; x_wconf 84' lang='lat' dir='ltr'><strong>nosterius</strong></span> <span class='ocrx_word' id='word_1_790' title='bbox 1012 5586 1117 5638; x_wconf 85' lang='lat' dir='ltr'><strong>hoc</strong></span> <span class='ocrx_word' id='word_1_791' title='bbox 1145 5584 1266 5638; x_wconf 89' lang='lat' dir='ltr'><strong>loco</strong></span> <span class='ocrx_word' id='word_1_792' title='bbox 1297 5583 1584 5638; x_wconf 76' lang='grc' dir='ltr'>φαλληνοῖς</span> <span class='ocrx_word' id='word_1_793' title='bbox 1604 5623 1619 5638; x_wconf 90' lang='grc'><strong>.</strong></span> 
     </span>
    </p>
   </div>
   <div class='ocr_carea' id='block_1_102' title="bbox 1726 5507 3299 5638">
    <p class='ocr_par' dir='ltr' id='par_1_102' title="bbox 1726 5507 3299 5638">
     <span class='ocr_line' id='line_1_107' title="bbox 1726 5507 3299 5595; baseline -0.005 -27"><span class='ocrx_word' id='word_1_794' title='bbox 1726 5507 1844 5595; x_wconf 79' lang='lat' dir='ltr'><strong>cum</strong></span> <span class='ocrx_word' id='word_1_795' title='bbox 1877 5507 1930 5567; x_wconf 79' lang='lat' dir='ltr'><strong>in</strong></span> <span class='ocrx_word' id='word_1_796' title='bbox 1954 5529 2156 5570; x_wconf 79' lang='lat' dir='ltr'><strong>excuso</strong></span> <span class='ocrx_word' id='word_1_797' title='bbox 2187 5514 2455 5583; x_wconf 82' lang='lat' dir='ltr'><strong>legeretur</strong></span> <span class='ocrx_word' id='word_1_798' title='bbox 2488 5507 2865 5575; x_wconf 81' lang='grc' dir='ltr'>’Δπολλοξένου</span> <span class='ocrx_word' id='word_1_799' title='bbox 2885 5550 2898 5575; x_wconf 90' lang='grc'><strong>,</strong></span> <span class='ocrx_word' id='word_1_800' title='bbox 2935 5520 3100 5574; x_wconf 88' lang='lat' dir='ltr'><strong>sane,</strong></span> <span class='ocrx_word' id='word_1_801' title='bbox 3132 5520 3299 5576; x_wconf 82' lang='lat' dir='ltr'><strong>quau.</strong></span> 
     </span>
     <span class='ocr_line' id='line_1_108' title="bbox 1726 5594 1934 5638; baseline 0 0"><span class='ocrx_word' id='word_1_802' title='bbox 1726 5594 1934 5638; x_wconf 76' lang='lat' dir='ltr'><strong>vitiose.</strong></span> 
     </span>
    </p>
   </div>
   <div class='ocr_carea' id='block_1_103' title="bbox 139 5583 1934 5660">
    <p class='ocr_par' dir='ltr' id='par_1_103' title="bbox 139 5583 1934 5660">
     <span class='ocr_line' id='line_1_109' title="bbox 139 5583 1934 5660; baseline 0.002 -24"><span class='ocrx_word' id='word_1_803' title='bbox 139 5583 673 5660; x_wconf 45' lang='grc' dir='ltr'>ῖεαμήλληλειοηΝοηι</span> <span class='ocrx_word' id='word_1_804' title='bbox 713 5587 984 5660; x_wconf 80' lang='lat' dir='ltr'><strong>posterius</strong></span> <span class='ocrx_word' id='word_1_805' title='bbox 1012 5584 1266 5660; x_wconf 85' lang='lat' dir='ltr'><strong>hoc_loco</strong></span> <span class='ocrx_word' id='word_1_806' title='bbox 1297 5583 1619 5660; x_wconf 71' lang='grc' dir='ltr'>φαλληνοῖς,</span> <span class='ocrx_word' id='word_1_807' title='bbox 1723 5585 1934 5641; x_wconf 88' lang='lat' dir='ltr'><strong>vitiose.</strong></span> 
     </span>
    </p>
   </div>
   <div class='ocr_carea' id='block_1_104' title="bbox 140 5653 1620 5729">
    <p class='ocr_par' dir='ltr' id='par_1_104' title="bbox 140 5653 1620 5729">
     <span class='ocr_line' id='line_1_110' title="bbox 140 5653 1620 5729; baseline -0.008 -10"><span class='ocrx_word' id='word_1_808' title='bbox 140 5656 522 5719; x_wconf 62' lang='lat' dir='ltr'><strong>“Macareum</strong></span> <span class='ocrx_word' id='word_1_809' title='bbox 572 5665 688 5726; x_wconf 88' lang='lat' dir='ltr'><strong>est,</strong></span> <span class='ocrx_word' id='word_1_810' title='bbox 714 5653 859 5716; x_wconf 64' lang='lat' dir='ltr'><strong>&#39;enm</strong></span> <span class='ocrx_word' id='word_1_811' title='bbox 892 5657 1048 5729; x_wconf 89' lang='lat' dir='ltr'><strong>prius</strong></span> <span class='ocrx_word' id='word_1_812' title='bbox 1092 5655 1322 5710; x_wconf 88' lang='lat' dir='ltr'><strong>alterum</strong></span> <span class='ocrx_word' id='word_1_813' title='bbox 1370 5653 1620 5711; x_wconf 83' lang='lat' dir='ltr'><strong>sulliciat.</strong></span> 
     </span>
    </p>
   </div>
  </div>
