3862 6220
499 245 599 300 591

1183 244 1452 300 EUSEBII
1491 243 1974 300 CESARIENSIS
2012 243 2164 300 OPP.
2203 243 2388 300 PARS
2415 243 2566 299 IL—
2601 237 3102 301 A'POLOGETlCA.

3670 255 3774 312 392

485 360 630 428 Quid
669 362 834 433 igitur
884 363 1017 417 illud
1059 371 1225 429 erat,
1279 363 1636 431 quamobrem
1691 362 2068 417 Archilocburr

2184 362 2296 427 λοις
2332 361 2636 433 ἀνθρώποις
2671 364 2770 435 τῆς
2820 364 2930 418 ἄνω
2966 364 3107 416 ὀδοῦ.
3137 365 3201 417 Τί
3238 368 3495 438 πράττειν
3527 370 3772 432 κελεύεις

483 456 629 511 cmlo
659 457 882 527 dignum
907 453 1163 526 putares?
1182 453 1259 508 Ne
1287 455 1499 509 caneris
1528 455 1866 520 hominibus,
1890 470 1924 508 0
1952 456 2081 509 deo-

487 561 611 601 rum
658 547 1095 611 humanissime,
1149 545 1253 599 hoc
1305 546 1358 599 in
1406 547 1606 600 cmlum
1666 546 1770 599 iter
1812 546 2077 599 invideas.

489 637 629 704 Quid
663 654 695 693 a
722 639 880 692 nobis
904 639 1126 691 tandem
1158 637 1369 707 exigis?
1417 638 1646 706 Opinor,
1680 646 1741 691 ut
1766 637 2079 692 Archilochi

486 730 737 797 vestigiis
780 731 1120 791 insistamus,
1170 728 1216 783 si
1254 729 1364 783 tuis
1406 729 1553 799 digni
1597 729 1882 798 penatibus
1912 728 2078 783 videri

486 822 797 889 cupiamus.
864 819 1094 875 Acerhis
1127 835 1319 889 nempe
1356 820 1619 875 conviciis
1646 820 1950 875 laceranda:
1985 835 2082 874 no-

484 913 572 969 bis
602 914 886 977 mulieres,
934 928 1056 981 quaa
1081 892 1394 982 coniugium
1421 922 1669 966 nostrum
1700 913 2037 981 repudiarint
2062 930 2076 965 :

485 1005 774 1060 mordendi
831 1020 1051 1073 quoque
1095 1008 1248 1073 pueri
1297 1004 1597 1071 meritorii,
1630 1020 1756 1059 cum
1787 1004 1946 1074 longe
1978 1004 2079 1058 im-

486 1093 691 1163 probos
720 1108 913 1147 omnes
944 1093 1295 1162 improbitate
1327 1109 1390 1148 ac
1417 1093 1620 1162 ﬂagitio
1655 1094 1933 1163 superent.
1981 1094 2083 1149 Ve-

484 1201 611 1240 rum
649 1186 701 1240 id
736 1186 925 1255 utique
952 1202 1112 1240 versu
1150 1182 1461 1240 faciendum
1489 1187 1614 1252 erit,
1640 1187 1785 1255 quod
1814 1201 1877 1240 ea
1908 1187 1979 1240 sit
2002 1186 2080 1241 uti

484 1277 713 1333 deorum
736 1320 750 1343 ,
770 1279 869 1333 sic
898 1279 1209 1333 divinorum
1249 1278 1533 1333 hominum
1557 1320 1572 1341 ,
1615 1279 1796 1348 qualis
1827 1278 2080 1334 Archilo-

486 1370 625 1424 chus
654 1368 774 1433 fuit,
805 1370 1023 1438 propria
1050 1379 1102 1424 et
1125 1369 1419 1439 peculiaris
1446 1370 1642 1424 oratio.
1678 1370 1864 1440 Neque
1890 1369 1943 1424 id
1969 1369 2081 1423 for-

486 1468 635 1516 tasse
652 1462 873 1517 mirum.
893 1460 1029 1515 Nam
1049 1472 1103 1517 et
1119 1461 1451 1517 familiarum
1485 1464 1714 1528 scilicet,
1746 1465 2079 1533 privataeque

487 1552 617 1608 vitae
648 1555 923 1617 rationes,
950 1563 1005 1609 et
1036 1554 1571 1625 rerumpubliearum
1607 1556 1921 1621 concordia,
1950 1555 2082 1624 opti-
2107 1628 2116 1637 _

486 1646 705 1713 misque
736 1646 949 1717 legibus
971 1645 1270 1700 constituta
1296 1646 1622 1716 populorum
1652 1647 1957 1718 integritas,
1984 1648 2081 1701 hu-

483 1731 578 1801 jus
605 1733 955 1801 potissimum
986 1735 1120 1789 artis
1157 1735 1478 1789 excellentia
1510 1736 1840 1792 continetur.
1864 1758 1868 1763 δ
1892 1737 2078 1807 Itaque

478 1839 588 1879 nec
624 1825 776 1878 illum
805 1825 925 1880 sine
950 1841 1117 1880 causa
1137 1840 1244 1895 pro
1267 1824 1545 1880 Musarum
1585 1829 1782 1883 cliente
1811 1829 2069 1896 habuisti,

482 1923 535 1969 et
560 1914 708 1973 illius
741 1915 1149 1971 interfectorem
1180 1926 1385 1983 vestro,
1433 1917 1537 1971 hoc
1565 1929 1649 1971 est
1679 1918 1865 1971 divino
1887 1957 1903 1982 ,
1938 1934 2072 1972 con-

482 2021 676 2076 gressu
710 2013 766 2059 et
806 2021 940 2060 voce
969 2022 1201 2076 prorsus
1246 2007 1533 2077 indignum
1584 2007 1826 2075 putasti,
1865 2008 1955 2075 qui
1991 2007 2071 2060 vi-

479 2111 605 2150 rum
631 2112 805 2166 usque
831 2098 967 2153 adeo
997 2084 1242 2153 vocalem
1274 2097 1642 2153 interfecerat.
1692 2097 1835 2169 Ergo
1864 2115 1963 2154 nec
1989 2101 2073 2153 in-

478 2183 644 2256 iustae
667 2186 890 2241 fuerunt
921 2188 976 2242 in
1008 2188 1268 2242 Archiam
1301 2170 1610 2251 minannec
1638 2188 1948 2257 importuna
1974 2188 2073 2259 Py-

481 2279 631 2345 thia,
679 2264 802 2349 quae
840 2292 893 2335 et
921 2280 1312 2335 Archilochum
1344 2278 1555 2349 pridem
1579 2279 1705 2334 licet
1726 2281 2067 2357 exstinctum

476 2370 844 2426 ulcisceretur
863 2413 878 2435 ,
926 2384 982 2427 et
1008 2373 1236 2442 'templo‘
1260 2372 1805 2441 excedereimpium'
1827 2387 1891 2427 ac
1921 2372 2071 2427 nefa-

479 2463 626 2517 rium
651 2465 926 2519 hominem
943 2465 1178 2535 iuberet.
1200 2464 1430 2534 Quippe,
1450 2462 1729 2520 Musarum
1744 2464 1888 2520 enim
1903 2465 2072 2519 clien-

481 2563 592 2610 tem
628 2557 926 2624 occiderat.
970 2557 1113 2627 Ergo
1142 2572 1319 2626 neque
1354 2556 1488 2611 mihi
1514 2556 1757 2611 absurde
1786 2552 1969 2612 facere
1990 2557 2070 2610 vi-

482 2660 580 2702 sus
611 2663 693 2715 es,
721 2650 851 2703 dum
879 2659 929 2703 te
960 2661 1134 2717 poeta:
1162 2648 1434 2703 vindicem
1470 2648 1797 2717 praestitisti.
1845 2646 1983 2702 Nam
2017 2656 2072 2723 et

480 2738 709 2796 alterius
737 2741 869 2794 mihi
901 2749 1075 2811 poeta:
1096 2783 1111 2808 ,
1139 2751 1193 2796 et
1226 2756 1506 2796 sacrarum
1542 2739 1818 2811 Euripidis
1845 2755 2072 2796 corona-

482 2845 606 2884 rum
638 2829 692 2885 in
726 2839 963 2885 mentem
998 2831 1168 2885 venit.
1224 2828 1465 2886 Tametsi
1496 2831 1737 2886 dubitem
1771 2831 2066 2897 interdum,

480 2936 660 2992 eoque
687 2922 953 2987 libenter,
983 2906 1141 2977 rnon'
1175 2922 1292 2993 jam
1353 2932 1676 2978 coronatum
1715 2937 1840 2978 eum
1876 2922 2066 2987 fuisse,

482 3013 579 3066 sed
608 3013 963 3081 quamobrem
995 3027 1164 3067 sacrae
1195 3013 1316 3082 ejus
1340 3028 1563 3084 coronae
1583 3013 1856 3079 dicantur,
1892 3029 2070 3083 neque

480 3110 699 3171 partum
734 3103 803 3156 ab
836 3117 902 3156 eo
950 3101 1118 3158 decus
1151 3118 1274 3158 esse
1296 3143 1312 3169 ,
1360 3104 1452 3158 sed
1502 3096 2069 3173 quiorsunreximium

482 3194 653 3249 decus
686 3194 817 3247 illud
851 3194 1172 3262 appelletur,
1203 3195 1493 3249 audierim.
1523 3193 1743 3249 Homini
1770 3197 1917 3250 enim
1940 3202 2070 3251 vero

482 3286 644 3340 turba
685 3286 1009 3355 plaudebat;
1066 3287 1200 3341 satis
1234 3289 1339 3341 hoc
1386 3288 1512 3342 novi
1565 3307 1578 3342 :
1632 3287 1877 3358 tyrannis
1926 3287 2068 3342 idem

483 3377 764 3447 placebat;
790 3378 1055 3434 neisthuc
1080 3378 1301 3449 quidem
1334 3379 1528 3450 ignoro
1562 3399 1576 3434 :
1610 3389 1776 3449 atque
1801 3381 2069 3451 ejusmodi

486 3476 657 3521 artem
684 3467 981 3531 factitabat,
1016 3484 1137 3538 qua:
1180 3484 1288 3521 non
1319 3472 1549 3524 amatori
1582 3467 1684 3526 suo
1711 3480 1943 3536 tantum,
1977 3473 2070 3528 sed

484 3559 715 3614 Athenis
759 3561 921 3615 etiam
971 3562 1105 3632 ipsis
1154 3562 1572 3619 admirationem
1625 3563 1975 3635 conciliaret,

2182 455 2364 525 ήμᾶς;
2399 450 2435 525 ἦ
2468 454 2673 526 δηλαδὴ
2714 454 2784 507 τὰ
2833 455 3167 525 Ἀρχιλόχου,
3212 460 3260 510 εἰ
3303 460 3587 532 μέλλοιμεν
3619 460 3765 526 ἄξιοι

2182 546 2466 616 φανεῖσθαι
2493 547 2592 617 τῆς
2618 548 2890 619 ὑμετέρας
2928 548 3133 612 ἑστίας.
3172 551 3495 623 Λοιδορῆσαι
3533 544 3634 622 μὲν
3679 565 3773 601 πι-

2179 636 2329 709 κρῶς
2348 637 2446 702 τὰς
2473 638 2573 691 οὐκ
2597 638 2885 701 ἐθελούσας
2910 641 3042 711 ἡμῖν
3080 638 3392 711 γαμεῖσθαι·
3426 640 3676 710 ἅψασθαι
3717 642 3772 693 δὲ

2181 728 2274 781 καὶ
2294 728 2403 780 τῶν
2423 728 2699 791 κιναίδων,
2735 729 2922 799 ἐπειδὴ
2963 730 3075 783 τῶν
3114 732 3291 784 ἄλλων
3330 731 3581 801 πονηρῶν
3635 732 3774 785 πολὺ

2179 833 2315 887 πονη
2328 816 2535 887 ρὸτεροί
2562 818 2688 869 εἰσιο
2706 818 2808 870 ικαὶ
2831 817 2950 887 οὐχὶ
2976 818 3099 888 δίχα
3124 820 3343 890 μέτρου,
3370 820 3510 889 αὕτη
3525 819 3638 890 γὰρ
3658 821 3777 873 διά-

2179 907 2366 973 λεκτος
2388 911 2482 963 καὶ
2503 910 2662 974 θεῶν,
2690 910 2879 983 ὥσπερ
2902 908 2995 965 οὖν
3022 913 3115 965 καὶ
3136 912 3297 965 θείων
3325 913 3554 984 ἀνδρῶν,
3577 912 3776 986 ὥσπερ

2170 1001 2525 1072 .Ἀρχιλόχου.
2554 1004 2663 1056 Καὶ
2692 1002 2845 1055 οὐδὲν
2870 1003 2998 1067 ἴσως
3026 1003 3362 1074 θαυμαστόν·
3398 1004 3485 1059 διὰ
3527 1004 3643 1077 γὰρ
3672 1008 3776 1077 τὴν

2178 1093 2237 1145 ὲν
2286 1091 2494 1156 τούτοις
2541 1093 2812 1164 ὑπεροχὴν
2857 1089 2918 1147 εὖ
2972 1095 3069 1165 μὲν
3114 1091 3261 1172 οἶκος
3311 1097 3562 1162 οἰκεῖται,
3607 1094 3669 1151 εὖ
3716 1097 3776 1150 δὲ

2176 1184 2396 1255 ἰδιώτης
2427 1184 2560 1255 βίος,
2592 1185 2776 1249 πόλεις
2798 1185 2855 1239 δὲ
2884 1187 3220 1259 ὁμοφρόνως,
3250 1189 3344 1241 καὶ
3370 1188 3493 1259 Ξθνη
3520 1188 3775 1259 εὐνόμως

2167 1277 2517 1344 συνεστᾶσιν.
2551 1276 2664 1328 Οὐκ
2700 1276 3009 1340 ἀπεικότως
3044 1278 3154 1348 ἄρα
3187 1294 3268 1330 σοι
3295 1278 3389 1332 καὶ⁹
3415 1279 3651 1331 Μουσῶν
3681 1279 3776 1332 Θε-

2183 1367 2369 1438 ράπων
2423 1368 2497 1438 (8)
2550 1366 2726 1433 ἔδοξεν
2780 1363 2940 1433 εἶναι,
2997 1371 3092 1423 καὶ
3145 1370 3174 1423 ὁ
3230 1371 3425 1441 φονεὺς
3463 1370 3633 1424 αὐτοῦ
3666 1372 3776 1426 οὐκ

2178 1456 2329 1520 ἄξιος
2365 1451 2507 1511 εἶναι
2551 1457 2651 1527 τῆς
2690 1458 2826 1530 πρὸς
2857 1460 3001 1529 ὑμᾶς
3037 1461 3165 1524 τοὺς
3198 1460 3354 1524 θεοὺς
3379 1462 3610 1525 εἰσόδου,
3646 1463 3776 1515 οὐδὲ

2185 1549 2285 1620 τῆς
2314 1550 2441 1620 παρ’
2472 1550 2625 1621 ὑμῶν
2652 1550 2856 1629 φωνῆς,
2896 1552 3063 1622 ἄνδρα
3091 1554 3254 1622 φονέα
3285 1553 3412 1607 ὄντα
3445 1567 3471 1595 ι
3505 1555 3775 1607 ἀποκτεί-

2180 1659 2297 1705 νας.
2343 1640 2551 1695 Οὔκουν
2580 1643 2815 1714 ἄδικοςὴ
2850 1644 2986 1715 πρὸς
3044 1645 3136 1722 τὸν
3174 1646 3389 1717 Ἀρχίαν
3432 1646 3505 1716 (9)
3542 1648 3773 1718 ἀπειλὴ,

2178 1730 2287 1783 οὐδ’
2331 1731 2556 1801 ἄκαιρος
2593 1734 2627 1802 ἡ
2674 1731 2848 1785 Πυθία
2890 1734 3208 1804 τιμωροῦσα
3240 1735 3318 1804 τῷ
3363 1735 3663 1807 Ἀρχιλόχῳ
3693 1738 3775 1807 τῷ

2179 1822 2349 1875 πάλαι
2385 1822 2583 1893 νεκρῷ,
2614 1824 2709 1878 καὶ
2746 1824 3051 1878 κελεύσασα
3097 1825 3208 1898 (ιο)
3253 1825 3450 1890 ἐξιέναι
3498 1828 3593 1881 τοῦ
3636 1828 3775 1883 ναοῦ

2187 1915 2281 1968 τὸν
2337 1918 2525 1989 ἐναγῆ·
2596 1918 2869 1972 Μουσάων
2918 1918 3028 1990 γὰρ
3086 1920 3378 1973 ἀπέκτεινε
3434 1920 3774 1992 θεράποντα.

2178 2005 2387 2060 Οὔκουν
2413 2008 2457 2078 (Ι
2480 2009 2526 2078 l)
2562 2008 2735 2079 ἔμοιγ’
2764 2008 3003 2087 ἐφάνης,
3043 2008 3337 2079 ἐπαμύνων
3390 2010 3468 2082 τῷ
3523 2016 3731 2085 ποιητῇ
3757 2055 3773 2078 9

2177 2099 2432 2172 ἀπρεπὴς
2461 2095 2621 2156 εἶναι’
2658 2104 2987 2176 ἐμεμνήμην
3014 2101 3122 2175 γᾴρ
3141 2103 3236 2159 καὶ
3272 2102 3366 2159 τοῦ
3392 2104 3574 2172 ξτέρου
3602 2123 3777 2177 ποιη-

2175 2190 2293 2255 τοῦ,
2316 2192 2411 2244 καὶ
2442 2191 2548 2246 τῶν
2574 2193 2736 2265 ἱερῶν
2768 2194 2861 2247 τοῦ
2896 2196 3188 2267 Εὐριπίδου
3226 2196 3525 2271 στεφάνων
3577 2200 3773 2252 καίτοι

2177 2281 2420 2353 ἀπορῶν,
2453 2283 2546 2335 καὶ
2563 2284 2794 2339 ἀκοῦσαι
2823 2286 3126 2356 ἐπιθυμῶν,
3159 2287 3255 2356 οὐχ
3275 2287 3355 2339 ὅτι
3376 2288 3772 2357 ἐστεφανοῦτο,

2176 2373 2312 2426 ἀλλὰ
2351 2374 2466 2438 πῶς
2513 2372 2581 2447 ἦν
2624 2375 2693 2428 τὰ
2722 2369 2894 2447 στέφη
2934 2376 3108 2430 ταῦτα
3145 2378 3285 2447 ἱερά·
3325 2378 3435 2430 οὐδ’
3482 2379 3563 2431 ὅτι
3597 2380 3773 2432 αὑτοῦ

2178 2466 2331 2530 κλέος
2355 2467 2582 2537 ὄρουσαν
2606 2469 2740 2539 (1‘2),
2770 2469 2906 2523 ἀλλὰ
2920 2465 3034 2534 πῶς
3055 2469 3240 2523 ἐσθλὸν
3264 2465 3334 2540 ἦν
3353 2471 3528 2524 τοῦτο.
3564 2473 3773 2545 Ἐκροι

2176 2559 2422 2623 ταλίζετο
2466 2561 2563 2631 μὲν
2625 2561 2734 2633 γὰρ
2772 2564 2833 2616 ἐν
2861 2566 2973 2626 τοῖς
2996 2593 3003 2598 ς
3025 2563 3222 2633 ὄχλοις,
3248 2559 3384 2616 οἶδα⁸
3430 2565 3524 2617 καὶ
3560 2566 3775 2636 τυράν-

2176 2668 2288 2715 νοις
2315 2653 2514 2725 ἦρεσκε
2550 2652 2682 2724 (l5),
2718 2655 2812 2707 καὶ
2855 2653 3015 2709 τοῦτο
3055 2652 3190 2710 οῖδα·
3230 2658 3326 2709 καὶ
3362 2657 3521 2728 ἔργον
3559 2658 3776 2731 ἐπετή-

2174 2733 2345 2809 δευεν,
2375 2737 2534 2813 ἐφ’-ᾧ
2555 2747 2652 2816 οὐχ
2685 2747 2833 2811 ὅπως
2872 2748 3033 2811 αὐτὸς
3065 2750 3408 2820 ἐθαυμάζετο
3436 2749 3465 2801 ὁ
3495 2751 3771 2823 ἐραστὴς,

2176 2833 2289 2886 ἀλλ’
2322 2835 2420 2906 ἤδη
2450 2836 2542 2889 καὶ
2573 2835 2680 2888 τῶν
2707 2835 3007 2907 Ἀθηναίων
3043 2839 3076 2909 ἡ
3126 2838 3280 2903 πόλις
3322 2838 3456 2910 (14),
3498 2839 3580 2891 δτι
3621 2841 3773 2911 μόνη

2173 2926 2485 2997 τραγῳδοὺς
2513 2928 2761 2998 ἤνεγκεν.
2798 2930 2860 2982 Εἰ
2892 2928 2989 2999 μὲν
3033 2926 3124 2983 οὖν
3156 2931 3185 2982 ὁ
3218 2931 3408 3003 κρότος
3434 2930 3620 2994 ἱκανὸς
3644 2948 3777 3003 κρι-

2173 3019 2294 3089 τὴς,
2338 3020 2433 3073 καὶ
2474 3022 2507 3091 ἡ
2547 3022 2604 3073 ὲν
2654 3022 2949 3092 ἀκροπόλει
2982 3023 3250 3094 τράπεζα,
3289 3024 3438 3076 οὐδὲν
3471 3022 3552 3075 ἔτι
3590 3022 3773 3092 λέγω,

2177 3108 2389 3179 βλέπων
2421 3112 2478 3162 ἐν
2504 3111 2798 3183 ἀκροπόλει
2828 3113 3146 3167 δειπνοῦντα
3177 3115 3268 3168 τὸν
3302 3114 3618 3186 Εὐριπίδην,
3668 3116 3776 3169 καὶ⁸

2173 3200 2264 3254 τὸν
2300 3201 2601 3272 Ἀθηναίων
2631 3205 2746 3275 ἅμα
2770 3205 2864 3258 καὶ
2895 3205 2985 3259 τὸν
3012 3207 3336 3261 Μακεδόνων
3365 3207 3537 3278 δῆμον
3560 3208 3771 3278 ὲπιψο-

2177 3292 2398 3361 φοῦντα·
2423 3297 2471 3346 εἰ
2498 3295 2554 3348 δὲ
2573 3298 2666 3350 καὶ
2697 3296 2818 3368 δίχα
2838 3297 3040 3350 τούτων
3055 3299 3168 3351 ἔστι
3189 3316 3274 3363 τις
3289 3300 3379 3353 καὶ
3396 3299 3530 3353 θεῶν
3551 3300 3771 3370 ψῆφος,

2176 3386 2271 3437 καὶ
2308 3387 2625 3460 αὐτοπιστὴ,
2670 3377 2763 3442 καὶ
2807 3384 2905 3461 οὐχ
2955 3391 3133 3462 ἥττων
3177 3390 3420 3468 τῆςὴτῶν
3456 3394 3770 3463 τυράννων,

2133 3475 2297 3565 ⁵οὐδὲ
2331 3476 2433 3548 τῆς
2474 3477 2582 3531 τῶν
2632 3478 2820 3550 ὄχλων·
2867 3480 3022 3552 φέρε,
3074 3482 3282 3553 φράσον
3337 3484 3469 3553 ἡμῖν
3510 3484 3607 3536 ἐπὶ
3652 3483 3772 3537 τίνι

2052 3573 2240 3637 utpote
2293 3583 2429 3638 quae.
2486 3572 2765 3641 tragcedos
2807 3588 2914 3627 una
2947 3575 3192 3629 omnium
3241 3575 3474 3630 tulisset.
3530 3573 3589 3628 Si
3625 3590 3769 3644 ergo

484 3651 569 3704 vel
603 3650 705 3706 iste
755 3653 1003 3735 plausus,
1035 3655 1121 3709 vel
1173 3656 1439 3711 instructa
1486 3658 1539 3711 in
1595 3672 1723 3712 arce
1779 3673 2003 3722 mensa,
2052 3659 2243 3715 idonei
2290 3671 2420 3717 sunt
2466 3662 2570 3718 hoc
2618 3664 2675 3718 in
2721 3681 2918 3736 genere
2961 3668 3173 3731 arbitri,
3217 3668 3353 3722 nihil
3412 3667 3549 3722 addo
3583 3684 3598 3720 :
3632 3666 3768 3721 novi

486 3745 632 3797 enim
663 3744 794 3798 etin
824 3760 951 3801 arce
978 3746 1293 3817 Euripidem
1331 3762 1599 3812 cmnasse,
1650 3756 1704 3803 et
1733 3747 2146 3804 Atheniensium
2190 3760 2352 3820 atque
2396 3750 2747 3808 Macedonum
2788 3756 2982 3825 plausu
3029 3756 3357 3811 celebratum
3386 3756 3639 3810 eumdem
3673 3755 3769 3809 fu-

487 3838 618 3893 isse.
644 3840 736 3894 Sin
768 3852 950 3897 autem
976 3844 1197 3914 aliquod
1240 3854 1499 3915 praeterea
1549 3845 1775 3898 deorum
1829 3845 2148 3915 sull‘ragium
2186 3834 2496 3917 accesserit,
2536 3852 2681 3920 quod
2732 3853 2929 3922 utique.
2970 3852 3170 3907 ettide
3202 3868 3296 3922 per
3328 3862 3458 3908 sese
3499 3853 3763 3922 dignum,

488 3949 589 3991 nec
637 3945 995 4008 tyrannorum
1065 3940 1254 3995 saltem
1290 3948 1386 3993 aut
1450 3939 1809 3994 multitudinis
1858 3939 2116 4009 opinione
2184 3942 2358 3998 levius
2401 3958 2522 3998 esse
2561 3943 2793 3999 debeat:
2831 3960 2931 4015 age
2962 3946 3057 4013 sis,
3101 3960 3290 4017 prome
3318 3946 3530 4000 tandem
3564 3948 3763 4013 nobis,

572 4157 601 4186 α
642 4163 732 4215 rp.
759 4114 1059 4217 φωνάεντα.

557 4324 633 4398 (8)
671 4323 935 4378 Μουσῶν
963 4325 1253 4394 θεράπων,
1278 4335 1383 4382 etc.
1425 4325 1626 4383 Suidas
1654 4329 1840 4385 eadem
1878 4330 1930 4384 in
1953 4328 2061 4383 Ar-

519 4323 935 4449 ἡέᾶἴέιξουσῶν
963 4325 1253 4394 θεράπων,
1278 4335 1383 4382 etc.
1425 4325 1626 4383 Suidas
1654 4329 1840 4385 eadem
1878 4330 1930 4384 in
1953 4328 2061 4383 Ar-

2244 4324 2356 4397 (12)
2396 4324 2591 4380 Αὑτοῦ
2622 4323 2797 4389 κλέος
2815 4320 3105 4393 ὄρουσαν.
3149 4323 3408 4380 Existimo
3453 4323 3759 4395 legendum

2177 4395 2333 4449 αὐτοῦ
2365 4398 2445 4449 εἰς
2476 4396 2631 4449 κλέος
2666 4395 2913 4449 ὄρουσαν.
2951 4395 3082 4449 Ouae
3129 4405 3400 4449 nostrema
3435 4411 3532 4449 vox
3571 4396 3627 4449 in
3662 4400 3759 4449 al-

486 4410 710 4452 cnuoco.

2168 4395 2333 4451 αὐτοῦ
2365 4398 2445 4458 εἰς
2476 4396 2631 4459 κλέος
2666 4395 2913 4467 ὄρουσαν.
2951 4395 3082 4461 Quae
3128 4405 3400 4467 postrema
3435 4411 3532 4449 vox
3571 4396 3627 4449 in
3662 4400 3760 4451 al-

559 4487 639 4557 (9)
683 4484 793 4539 Τόν
826 4486 1090 4557 Ἀρχίαν.
1132 4485 1536 4542 lnterfectorem
1565 4489 1898 4554 Archilochi,
1934 4489 2065 4543 Sui-

489 4557 591 4612 das
635 4566 691 4611 et
733 4557 849 4621 alii,
894 4573 1004 4611 non
1056 4558 1339 4620 Archiam,
1372 4569 1433 4614 ιιι
1455 4558 1788 4624 OEnomaus,
1816 4561 1905 4613 sed
1945 4558 2069 4614 Kal-

488 4628 711 4682 londam
760 4636 977 4688 vocant,
1007 4638 1372 4695 c0gnomento
1430 4630 1702 4683 Coracem.
1740 4628 2067 4685 Plutarchus

488 4698 568 4753 De
599 4713 721 4770 sera
751 4695 1003 4770 amittis
1037 4697 1292 4770 vindicta,
1330 4713 1453 4770 pag.
1484 4699 1587 4752 560
1612 4698 1652 4770 Ε
1680 4700 1770 4753 z'U
1798 4700 1903 4770 γὰρ
1922 4700 2069 4770 ,ἀπο-

488 4766 730 4831 κτείνας,
756 4767 950 4845 inquit,
978 4767 1034 4819 ὲν
1060 4769 1127 4838 τῇ
1162 4766 1318 4888 “ang
1340 4766 1431 4821 τὸν
1471 4766 2066 4888 Ἀρχίλοχονλκαλεῖτο

489 4836 838 4888 Καλλώνδης.
881 4836 956 4888 ὡς
983 4836 1156 4888 ἔοικεν
1173 4833 1267 4888 ’ἦν
1319 4839 1334 4858 ’
1359 4839 1507 4888 αὐτω
1578 4840 1706 4888 όοαξ
1733 4840 2064 4888 ἐπωνύμιον-

489 4833 859 4910 Ιέὶαλλών-διξλς,Δ
871 4836 969 4910 ΔὡςΔ
983 4833 1185 4910 ἔοικεν’
1199 4833 1272 4907 ἦν
1280 4833 1334 4910 ξδ’
1350 4837 1507 4910 αὐτῷ
1524 4833 1717 4909 Κόραξ
1733 4840 1912 4893 ὲπωνύ
1922 4857 2042 4910 μιον
2052 4882 2065 4894 .

503 4905 820 4981 ξΕκὸληθῃεὶς
839 4906 895 4981 δὲ
923 4906 991 4981 το
1015 4905 1233 4981 πρῶτον
1408 4905 1505 4981 τῆς
1556 4905 1778 4974 Πυθίας,
1821 4910 1901 4981 ὡς
1923 4905 2071 4981 ἱερὸν

489 4977 660 5050 ἄνδρα
681 4974 788 5051 τῶν
802 4976 1033 5030 Μουσῶν
1056 4974 1381 5051 δινῃρηκῲς,⁸
1394 4974 1510 5030 εἶτα
1532 4982 1879 5051 χρησάμενος
1894 4974 2068 5051 λιταῖς

489 5046 635 5119 τισίν.
670 5048 765 5121 κομι
813 5046 1327 5121 sexcenis}?
1363 5046 1749 5121 δικαιοᾏὸτίαξέ
1775 5049 2066 5121 ἐκελεύεεθη

490 5116 929 5190 πορευθεὶςχὲπὶ-
1090 5116 1198 5190 τοῦ
1232 5117 1487 5190 Τέττιγος
1518 5119 1750 5190 οἴκησιν,
1787 5116 2067 5173 ἱλάσασθαι

488 5186 590 5260 τὴν
628 5186 721 5241 τοῦ
764 5186 1074 5259 Ἀρχιλόχου
1106 5186 1306 5258 ψυχήν.
1407 5186 1411 5187 ί
1628 5186 1639 5190 ⁷
1738 5186 1743 5187 ν
1979 5251 1983 5257 ,

563 5279 675 5348 (ιθ)
717 5279 1090 5334 Κελεύσασα.
1148 5278 1444 5348 Perperam
1493 5279 1546 5333 in
1587 5294 1793 5335 excuso
1838 5279 2065 5345 Graeco,

490 5349 771 5472 ζελεύσρις.
802 5348 1006 5403 Versus
1034 5364 1144 5420 quo
1173 5351 1326 5405 illum
1351 5367 1417 5405 ex
1460 5353 1589 5405 lano
1621 5350 1813 5421 Pythia
1839 5350 2065 5420 expulit,

536 5435 584 5472 te
617 5436 676 5472 es
738 5437 751 5472 :
1249 5464 1253 5468 .
1763 5470 1769 5472 _

536 5421 584 5473 ie
617 5428 701 5473 est
738 5437 751 5472 :
1249 5464 1253 5468 .
1760 5470 1769 5475 .

492 5511 790 5564 Μουσάων
824 5511 1158 5581 θεράποντα
1183 5511 1563 5578 κατέκτανες,
1587 5510 1739 5576 ἔξιθι
1759 5512 1932 5580 νηοῦ.

566 5582 676 5653 (il)
722 5582 976 5639 Οὔκουν.
1015 5582 1094 5638 lta
1124 5585 1313 5651 malui,
1348 5598 1511 5653 quam
1564 5582 1782 5648 οὐκοῦν,
1835 5594 1893 5638 ιιι
1942 5590 2068 5638 ante

496 5649 789 5719 legebatur.

2169 4477 2288 4522 tero
2311 4464 2810 4520 manuscr.-exstat.
2836 4464 2902 4523 Et
2926 4482 3051 4520 vero
3078 4464 3597 4535 re'petitlEuomaus
3624 4485 3765 4522 ora-

2170 4540 2279 4593 culi
2308 4538 2505 4607 verba,
2530 4548 2651 4605 pag.
2682 4538 2911 4604 praeced.
2946 4538 3036 4591 ubi
3067 4537 3364 4607 legebatur,
3389 4537 3479 4589 καὶ
3506 4537 3563 4599 ὲς
3587 4536 3762 4602 κλέος

2168 4607 2355 4661 ἐσθλὸν
2386 4605 2619 4679 ὀρούσει.

2242 4679 2352 4746 (lSl
2400 4676 2724 4745 Τυράννως
2751 4676 2995 4746 ἤρεσκε.
3036 4677 3362 4732 Archelaum
3417 4676 3492 4746 in_
3525 4676 3761 4743 primis,

2168 4744 2499 4802 Macedonia:
2537 4763 2713 4816 regem
2749 4744 3022 4815 intelligit,
3050 4749 3192 4817 apud
3243 4762 3404 4817 quem
3455 4744 3762 4816 Euripides

2168 4819 2343 4889 gratia
2375 4827 2429 4871 et
2455 4819 2775 4889 auctoritate
2798 4820 2986 4882 valuit,
3005 4819 3215 4889 inirum
3246 4825 3529 4889 quantum.

2161 4884 2197 4938 ,⁷
2240 4889 2350 4957 (lt)
2378 4888 2704 4955 Ἀθηναίων
2724 4888 2979 4957 ἡπόλις.
3002 4886 3175 4941 Etiam
3205 4884 3342 4957 apud
3375 4887 3575 4957 hostes.
3610 4884 3765 4940 Plu-

2170 4956 2394 5013 tarchus
2432 4960 2576 5012 enim
2630 4957 2683 5010 in
2720 4956 2901 5019 Nicia,
2928 4959 3031 5012 sub
3074 4958 3195 5021 lin.,
3239 4956 3362 5026 pag.
3392 4956 3517 5019 542,
3546 4967 3763 5011 auctor

2169 5042 2273 5093 est,
2306 5028 2518 5083 Siculos
2543 5028 2799 5089 victores,
2830 5030 3168 5095 captivorum
3203 5028 3619 5080 Atheniensium
3651 5028 3765 5081 be-

2169 5114 2238 5152 ne
2268 5100 2451 5152 multis
2483 5098 2711 5151 salutem
2742 5097 2974 5162 dedisse,
3005 5100 3152 5166 quod
3183 5098 3252 5151 ab
3279 5097 3390 5167 illis
3410 5111 3601 5167 versus
3633 5095 3764 5149 Eu-

2169 5169 2359 5236 ripidis
2392 5169 2606 5236 aliquos
2631 5168 2979 5231 didicissent;
3012 5163 3290 5235 additque,
3324 5165 3431 5217 τῶν
3458 5163 3761 5236 σωθέντων

2168 5235 2351 5291 οἴκαδε
2393 5235 2617 5308 συχνοὺς
2660 5236 3006 5308 ἀσπάσασθαι
3042 5238 3132 5289 τὸν
3160 5236 3454 5308 Εὐριπίδην
3483 5235 3765 5308 φιλοφρό-

2167 5324 2292 5371 νως,
2320 5309 2414 5361 καὶ
2453 5304 2774 5376 διηγεῖσθαι,
2800 5309 2924 5369 τοὺς
2954 5309 3069 5376 μὲν,
3117 5308 3197 5359 ὅτι
3219 5304 3553 5366 δουλεύοντες
3578 5304 3763 5373 ἀφεί-

2170 5377 2370 5447 θησαν,
2419 5378 2781 5441 ὲνδιδάξαντες
2833 5378 2933 5429 ὅσα
2982 5378 3089 5429 τῶν
3128 5376 3356 5447 ,ἐκείνου
3422 5376 3766 5447 ποιημάτων

2169 5445 2491 5517 ἐμέμνηντο’
2542 5449 2691 5517 τοὺς
2709 5447 2786 5510 δὲ,
2834 5447 2915 5498 ὅτι
2967 5446 3303 5517 πλανώμενοι
3338 5445 3471 5517 μετά
3488 5447 3609 5517 μτὴν
3649 5450 3783 5517 μάοὶ

2169 5514 2293 5586 χὴν,
2315 5517 2519 5590 τροφῆς
2547 5516 2640 5570 καὶ
2669 5515 2857 5578 ὓδατος
2888 5514 3203 5587 μετέλαϐον,
3231 5514 3350 5571 τῶν
3375 5514 3552 5588 μελῶν
3582 5516 3768 5589 ᾄσαν-

2169 5602 2277 5650 τες.
