3862 6220
125 371 192 425 59⁷
234 356 241 367 ’
1228 362 1550 423 ΡηαρΑιι.
1593 364 1843 424 nunc.
1884 365 2011 423 LIB.
2056 364 2123 426 v.

3200 368 3310 428 398

122 483 641 563 fiffo‘zocdﬂardtgir
661 476 799 563 ὄνος
826 482 1026 563 dipsas
1045 525 1076 563 ο,
1096 488 1167 538 οὐ
1206 484 1585 563 βλξρμήδηςν

1736 485 2001 563 [Iungimus
2029 488 2113 541 hic
2137 503 2332 563 onager
2362 502 2629 563 superum,
2656 500 2770 563 non
2784 488 2899 558 jam
2932 487 3260 555 Cleomedes,

125 560 199 609 ὀν
216 558 429 621 θυσίαις
450 555 638 625 τιμᾶθ’
676 557 757 623 ὡς
784 559 895 611 οὐκ
926 557 1015 610 ἔτι
1042 555 1267 622 θνητὸν
1289 556 1487 610 ἐόντα.

122 672 186 742 Μὴ
207 670 294 742 γὰρ
323 670 380 742 δὴ
421 660 725 742 θαυμάσῃς,
762 672 810 723 εἰ
843 673 935 725 καὶ
972 670 1204 741 δναγρος
1256 671 1632 726 ὲπιδικάσεται

124 763 389 826 ἀθανασίας,
424 763 619 826 ἱκανῶς
638 763 706 817 τὰ
754 762 869 816 θεῖα
917 763 1506 833 παρασκευασάμενος
1538 764 1635 816 καὶ

125 855 308 918 ἀκούσας
330 855 396 926 μὴ
422 855 750 925 ἀνασχέσθαι
785 867 832 918 ιι,
858 854 972 909 ἀλλ’
997 855 1293 925 ἀπειλῆσαι
1329 854 1357 894 5
1398 855 1493 909 καὶ
1537 855 1635 909 αῦ-

124 949 189 1000 τὲν
225 948 300 1000 τὸν
342 947 623 1019 Κλεομήδη
658 947 903 1012 πατάξας
939 948 1020 1011 εἰς
1051 947 1111 1000 τὸ
1146 946 1420 1022 βάραθρον
1464 948 1637 1019 ἐμϐα-

124 1040 222 1102 132v,
250 1040 339 1096 καὶ
363 1041 460 1097 οὐκ
502 1032 822 1116 ἐπιτρέψειν
845 1040 994 1115 αὑτῷ
1017 1045 1098 1107 εἰς
1124 1042 1214 1095 τὸν
1236 1040 1462 1114 οῦρανδν
1504 1042 1634 1095 ἀνα-

126 1135 273 1203 Εῆναι’
298 1131 423 1189 εἶναι
454 1134 564 1208 γάρ
594 1136 760 1189 αὑτοῦ
793 1135 1084 1207 ἀξιώτερος
1118 1134 1301 1190 αὐτῶν
1341 1135 1451 1189 τῶν
1474 1133 1635 1188 θείων

125 1226 282 1298 δώρων,
318 1228 402 1281 ἅτε
435 1229 573 1299 μήτε
602 1226 752 1298 αὐτῷ
776 1229 919 1298 μόνῳ
959 1227 1179 1299 ἕτοιμος
1222 1225 1298 1279 ὣν
1344 1224 1633 1297 μάχεσθαι,

126 1322 199 1374 κᾶν
217 1323 255 1374 εἰ
281 1322 501 1392 σιδηροῖς
532 1320 713 1392 χρῷτο
733 1324 845 1384 τοῖς
874 1321 1082 1390 ἱμᾶσιν,
1114 1319 1252 1373 άλλά
1287 1319 1381 1372 καὶ
1417 1317 1496 1388 τῷ
1527 1317 1636 1371 Θα-

128 1415 199 1483 σίῳ
217 1413 365 1483 πύκτῃ
382 1411 490 1483 (56)
514 1413 631 1483 ἅμα
658 1412 1005 1484 ἀμφοτέροις,
1031 1413 1172 1483 ὑπὲρ
1191 1406 1252 1467 οὗ
1273 1412 1368 1466 τοῦ
1386 1413 1638 1485 ἀνδριάν-

126 1522 191 1568 τος
203 1505 511 1576 ἐχαλέπηναν
543 1506 594 1558 οἱ
625 1505 757 1570 θεοὶ,
784 1504 880 1558 καὶ
904 1506 1001 1576 τὴν
1039 1503 1256 1560 Θασίων
1291 1504 1396 1576 γῆν
1435 1505 1636 1577 ἄφορον

125 1599 401 1668 εἰργάσαντο.
431 1596 771 1669 Πιστεύομεν
790 1596 845 1649 δὲ
875 1598 971 1651 καὶ
1002 1598 1132 1670 περὶ
1171 1596 1368 1650 τούτου
1398 1596 1498 1649 οὐκ
1545 1597 1639 1649 ἀν-

126 1687 306 1759 θρώπῳ,
339 1688 466 1742 ἀλλά
527 1689 635 1760 θεῷ
671 1689 751 1759 τῷ
783 1689 955 1762 αὐτῷ.
998 1690 1089 1755 Ἐξ
1117 1684 1191 1745 ὧν
1221 1690 1334 1760 ἐγὼ
1376 1692 1469 1745 καὶ
1498 1691 1638 1745 πάνυ

124 1781 382 1851 κατενόησα,
401 1782 482 1834 ὅτι
502 1781 643 1835 θεῖόν
664 1799 716 1834 τι
736 1782 842 1854 ἄρα
861 1778 929 1852 ἦν
949 1783 1288 1855 ἐπιτήδευμα
1312 1785 1346 1855 ἡ
1377 1786 1635 1856 πυκτική’

1732 557 1982 612 Divinum
2010 575 2042 612 a
2067 560 2210 613 vobis
2239 557 2377 628 [erat
2403 557 2723 614 immortalis
2750 557 3020 615 honorem.

1732 669 1919 741 Neque
1942 657 2076 725 vero
2107 671 2307 726 mirum
2330 671 2427 726 tibi
2454 672 2706 728 videatur
2728 716 2744 741 ,
2781 673 2928 745 quod
2970 675 3302 735 immortali-

1732 770 1899 819 tatem
1946 764 2052 820 sibi
2083 779 2289 837 onager
2320 780 2423 821 suo
2470 766 2629 836 quasi
2662 766 2787 837 jure
2824 768 3127 825 vindicaret
3150 812 3167 837 ,
3199 778 3311 828 tam

1733 857 1874 913 belle
1901 857 2065 913 rebus
2093 858 2399 928 opibusque
2430 857 2632 913 divinis
2660 858 2994 915 instructus:
3047 861 3308 932 quodque

1735 949 1826 1004 ubi
1859 958 2042 1005 vestro
2066 951 2134 1004 de
2165 950 2394 1005 consilio
2426 948 2631 1019 aliquid
2664 949 2987 1018 inaudisset,
3024 951 3317 1024 impatiens

1736 1042 1969 1111 injuriae,
2006 1042 2252 1098 futurum
2281 1043 2604 1110 minaretur,
2636 1044 2715 1098 uti
2744 1043 3090 1100 Cleomedem
3135 1045 3313 1116 ipsum

1736 1134 1791 1189 in
1849 1135 2164 1205 voraginem
2235 1136 2482 1191 calcibus
2529 1144 2819 1192 contusum
2880 1135 3157 1207 dejiceret,
3214 1140 3364 1193 nec’

1736 1225 1889 1282 illum
1927 1242 2171 1297 unquam
2224 1228 2279 1281 in
2324 1228 2522 1283 caelum
2577 1228 2947 1284 conscendere
2991 1237 3312 1299 pateretur:

1736 1318 1841 1374 sibi
1872 1320 2017 1373 enim
2058 1319 2264 1390 justius
2294 1334 2459 1389 quam
2492 1320 2600 1391 ipsi
2630 1320 2814 1375 divina
2845 1320 2932 1375 illa
2963 1337 3194 1379 munera
3220 1325 3316 1379 de-

1737 1409 1852 1464 beri
1893 1410 2247 1464 contenderet
2275 1426 2289 1477 ;
2324 1409 2525 1480 quippe
2560 1411 2653 1478 qui
2685 1424 2792 1464 non
2835 1425 2959 1465 cum
2992 1425 3059 1466 eo
3092 1413 3269 1468 solum
3298 1451 3317 1478 ,

1738 1502 1953 1557 tametsi
2007 1501 2200 1557 ferreis
2242 1501 2498 1557 caestibus
2541 1510 2826 1569 uteretur,
2875 1517 3064 1558 verum
3097 1516 3152 1559 et
3190 1520 3316 1561 cum

1739 1593 1911 1647 altero
1953 1593 2118 1648 simul
2145 1593 2329 1665 pugile
2380 1592 2583 1648 Thasio
2632 1609 2873 1664 pugnare
2921 1604 3144 1664 posset:
3183 1597 3315 1663 illo,

1740 1684 1989 1755 inquam,
2014 1683 2239 1751 Thasio,
2269 1685 2427 1756 cujus
2451 1685 2522 1740 ob
2551 1692 2787 1740 statuam
2814 1688 3074 1742 commoti
3098 1688 3318 1758 gravius

1740 1780 1944 1849 superi,
1976 1780 2056 1833 uti
2088 1780 2247 1834 (idem
2278 1795 2386 1834 non
2418 1779 2587 1834 homo
2616 1780 2807 1835 nescio
2838 1780 2963 1850 quis
2990 1820 3005 1844 ,
3037 1781 3131 1837 sed
3174 1781 3315 1838 idem

123 1872 280 1934 τοῦςδὲ
304 1874 522 1938 πολλοὺς
549 1874 647 1927 καὶ
666 1874 942 1945 οἰομένους
970 1870 1109 1929 εἶναι
1141 1878 1340 1946 σοφοὺς
1371 1876 1633 1947 ἐλελήθει·

1738 1870 1855 1938 ipse
1897 1868 2044 1924 Deus
2083 1867 2232 1933 facit,
2269 1867 2597 1924 Thasiorum
2629 1869 2760 1925 olim
2791 1885 2982 1942 agrum
3033 1871 3318 1929 sterilitate

124 1963 190 2025 ἶν’,
212 1964 435 2035 ἀφέμενοι
466 1963 566 2017 τοῦ
591 1964 748 2018 καλοὶ
787 1966 1018 2034 κάγαθοὶ
1047 1961 1219 2032 εἶναι,
1255 1968 1459 2038 ἧσκουν
1498 1968 1638 2021 αὐτά

125 2052 193 2106 τοῦ
217 2055 388 2108 Θασίου
409 2056 618 2109 πύκτου
638 2073 653 2087 ·
686 2049 731 2124 ᾧ
760 2056 1057 2112 ἀθανασίαν
1092 2060 1212 2130 μὲν,
1236 2059 1426 2131 ὥσπερ
1469 2060 1637 2114 Κλεο-

128 2145 262 2217 affici,
292 2150 379 2201 οὐκ
423 2149 656 2215 ἔδωκαν,
713 2150 978 2218 ἐφίλησαν
1017 2151 1076 2205 δὲ
1126 2152 1380 2222 μεγάλως
1414 2153 1462 2205 οἰ
1502 2152 1630 2207 θεοί.

125 2237 242 2292 Οὕτω
258 2241 336 2293 καὶ
363 2242 388 2293 ὁ
412 2241 644 2312 χάλκεος
661 2241 823 2295 αὐτοῦ
852 2242 1075 2314 ἀνδριὰς
1102 2241 1269 2308 ἔδειξε
1290 2260 1342 2296 τι
1372 2243 1513 2315 ὑπὲρ
1536 2242 1636 2307 τὰς

121 2330 200 2380 τῶν
222 2331 368 2386 ἄλλων
396 2333 700 2405 ἀνθρώπων
720 2335 953 2401 εἰκόνας,
978 2335 1417 2406 ἐπικατενεχθεὶς
1434 2334 1513 2405 τῷ
1536 2352 1638 2405 μα-

123 2423 333 2494 στιγοῦντι
358 2427 554 2499 ἐχθρῷ,
585 2427 730 2481 κατά
754 2444 895 2491 τινα,
925 2428 1000 2491 ὡς
1032 2427 1196 2492 ἔοικε,
1227 2426 1507 2497 δαιμονίαν
1543 2425 1638 2497 μέ-

123 2530 288 2584 ριμναν.
329 2519 461 2572 Ἀλλ’
491 2521 544 2572 οἱ
574 2520 809 2591 ἄφρονες
831 2518 1041 2585 θάσιοι,
1071 2519 1166 2572 καὶ
1212 2517 1374 2571 θείων
1420 2516 1637 2588 ἄπειροι

121 2609 397 2679 πραγμάτων
418 2649 434 2675 ,
477 2610 871 2681 ἠγανάκτησαν
905 2628 985 2676 τε,
1013 2611 1111 2663 καὶ
1137 2608 1269 2679 ἄγος
1295 2608 1636 2663 ἐπεκάλεσαν

119 2697 173 2766 τῷ
194 2701 456 2773 ἀνδριάντι,
487 2704 587 2756 καὶ
610 2702 764 2772 δίκην
785 2700 1194 2773 εἰσεπράξαντο,
1212 2701 1308 2755 καὶ
1338 2700 1637 2755 καταδῦσαι

118 2789 362 2862 ἐτόλμησαν
387 2796 464 2857 εἰς
495 2794 598 2865 τὴν
626 2793 917 2850 θάλασσαν.
950 2794 1025 2847 Οὐ
1063 2792 1167 2864 μὴν
1197 2792 1450 2862 διέφυγόν
1488 2809 1551 2861 γε
1585 2793 1636 2846 oi

118 2878 279 2946 θάσιοι,
308 2884 414 2938 ἀλλ’
436 2888 483 2937 οἰ
508 2885 624 2937 θεοὶ
644 2884 886 2949 ἐδίδαξαν
923 2883 1108 2956 ἡλίκον
1138 2883 1306 2938 κακὸν
1340 2884 1431 2937 ὑπ’
1459 2882 1637 2939 αὐτῶν

118 2973 364 3047 ἐτολμήθη,
394 2977 550 3047 λιμὸν
587 2976 999 3047 ἐπιπέμψαντες
1037 2976 1129 3030 τὸν
1158 2974 1257 3047 τῆς
1296 2976 1444 3040 θείας
1482 2975 1639 3046 δίκης

117 3062 341 3120 διάκονον
368 3069 426 3132 ὃς
455 3068 663 3135 ἐδίδαξε
698 3068 851 3139 μόλις
885 3069 1080 3132 αὐτοὺς
1102 3066 1172 3121 τά
1207 3068 1316 3121 τῶν
1342 3067 1481 3121 θεῶν
1513 3066 1638 3136 βου-

118 3155 341 3227 λεὺματα,
368 3162 477 3227 ὅτε,
505 3160 1021 3232 φιλανθρωπότατος
1053 3159 1190 3213 θεῶν
1224 3160 1287 3213 σὺ
1328 3159 1407 3230 τῷ
1452 3157 1637 3228 οἰκείῳ

118 3248 272 3319 τρόπῳ,
299 3250 389 3321 τὴν
419 3250 674 3323 βοήθειαν
701 3251 881 3314 αὐτοῖς
920 3248 1190 3321 ἔπεμψας,
1216 3250 1389 3318 λέγων
1407 3266 1423 3280 .

1737 1960 2088 2014 damnarunt.
2136 1958 2214 2013 Ex
2245 1959 2445 2029 quibus
2490 1974 2637 2014 nunc
2675 1959 2894 2017 demum
2928 1960 3202 2031 intelligo,
3232 1960 3318 2017 di-

1738 2053 1925 2108 vinum
1958 2054 2118 2122 plane
2150 2052 2356 2123 aliquid
2381 2066 2504 2108 esse
2531 2052 2834 2123 pugilatum
2855 2068 2871 2107 :
2892 2051 2945 2109 id
2965 2053 3111 2124 quod
3133 2054 3317 2111 videre

1737 2160 2018 2214 nunquam
2037 2186 2052 2211 ,
2083 2144 2169 2199 vel
2199 2159 2388 2199 eorum
2408 2186 2423 2211 ,
2458 2145 2551 2214 qui
2578 2158 2638 2199 se
2685 2142 2959 2213 sapientes
2984 2143 3148 2215 vulgo
3178 2159 3318 2215 pra-

1736 2236 2014 2302 dicabant,
2049 2235 2294 2305 plerique
2325 2244 2571 2305 potuere.
2601 2233 2792 2302 Secus,
2828 2236 3051 2292 omissis
3079 2236 3156 2292 illi
3188 2252 3320 2309 pro-

1740 2326 1882 2382 lecto
1933 2326 2147 2382 honesti
2193 2326 2437 2395 rectique
2486 2325 2725 2392 studiis,
2773 2325 2841 2380 ad
2890 2325 3078 2382 Thasii
3119 2329 3320 2400 pugilis

1738 2417 2483 2485 imitationemadhmsissent.
2512 2415 2647 2471 Nam
2666 2425 2726 2471 ut
2748 2432 2873 2472 eum
2903 2419 3110 2489 superi,
3127 2435 3320 2492 quem-

1738 2510 2031 2565 admodum
2062 2508 2429 2575 Cleomedem,
2466 2508 2875 2565 immortalitate
2901 2525 3010 2565 non
3039 2511 3316 2577 donarint,

1739 2605 2012 2677 praecipuo
2035 2611 2215 2658 tamen
2246 2617 2434 2657 amore
2465 2601 2739 2673 prosecuti
2775 2610 2924 2657 sunt.
2970 2602 3151 2675 Usque
3181 2605 3318 2661 adeo

1739 2696 2018 2768 singulare
2071 2693 2329 2765 quiddam
2361 2734 2377 2758 ,
2434 2706 2599 2760 supra
2660 2699 2979 2748 cancrorum
3032 2693 3314 2749 hominum

1740 2786 2028 2857 imagines,
2055 2798 2266 2839 aeneum
2307 2781 2428 2850 ejus
2459 2780 2816 2837 simulacrum
2866 2780 3141 2843 ostendit,
3189 2795 3315 2835 cum

1740 2880 1794 2934 in
1822 2885 1986 2948 caput
2025 2875 2270 2939 inimici,
2320 2888 2351 2927 a
2386 2888 2497 2943 quo
2532 2882 2645 2926 tum
2695 2870 2910 2942 ﬂagello
2956 2872 3315 2941 pulsabatur,

1739 2974 1964 3038 repente
2010 2965 2245 3028 cecidit,
2292 2979 2402 3020 non
2452 2963 2571 3018 sine
2598 2962 2783 3017 divino
2811 3001 2827 3025 ,
2872 2961 2951 3017 uti
2991 2962 3165 3017 visum
3209 2973 3313 3021 est.

1741 3059 1994 3116 consilio.
2030 3058 2099 3111 At
2133 3057 2414 3111 enimvero
2440 3054 2701 3111 vecordes
2729 3053 2941 3121 Thasii,
2978 3063 3033 3109 et
3062 3054 3117 3109 in
3153 3053 3315 3108 rebus

1740 3152 1942 3208 divinis
1969 3149 2261 3220 peregrini,
2295 3163 2481 3204 casum
2528 3147 2720 3217 iniquo
2773 3144 2916 3201 ferre
2947 3145 3131 3200 animo
3157 3184 3172 3209 ,
3200 3144 3317 3214 pia-

1664 3241 1708 3298 C
1738 3245 1848 3300 culi
1892 3237 2248 3298 simulacrum
2289 3253 2567 3294 arcessere
2594 3277 2610 3302 ,
2660 3252 2851 3308 poenas
2894 3243 3137 3305 repetere
3161 3274 3176 3298 ,
3213 3250 3316 3305 p0-

119 3349 271 3398 stremo
294 3344 345 3399 in
372 3361 520 3400 mare
548 3344 834 3415 projicere.
888 3342 1135 3407 Frustra,
1170 3343 1309 3397 nihil
1346 3343 1489 3397 enim
1559 3348 1825 3412 egerunt:
1860 3338 1992 3401 imo,
2016 3350 2180 3407 quam
2230 3349 2350 3390 sese
2404 3332 2555 3403 gravi
2621 3332 2827 3388 scelere
2855 3329 3316 3394 obstrinxissent,

120 3422 220 3487 fame
268 3436 608 3504 postmodum
642 3434 868 3506 justitiaa
895 3434 1092 3489 divina:
1125 3434 1471 3499 administra,
1508 3448 1698 3488 eorum
1735 3430 1789 3484 in
1830 3429 2105 3499 regionem
2157 3424 2427 3491 immissa,
2456 3423 2641 3494 superi
2688 3424 2945 3480 docuere.
2987 3421 3314 3492 Quanquam

123 3527 180 3579 vix
214 3530 280 3585 illi
315 3533 470 3587 etiam
511 3541 632 3587 tum
676 3530 914 3587 divinam
986 3545 1281 3600 agnoscere
1324 3530 1658 3585 voluntatem
1728 3533 2045 3597 potuerunt.
2106 3524 2295 3592 Itaque
2349 3530 2408 3575 tu
2459 3521 2549 3576 ille
2596 3520 2824 3576 deorum
2880 3519 3314 3575 humanissimus

122 3635 236 3690 opem
254 3641 388 3681 more
415 3634 508 3681 tuo
532 3622 949 3681 consulentibus
971 3622 1169 3689 tulisti,
1203 3623 1308 3677 hoc
1328 3621 1632 3678 versiculo:

118 3740 186 3809 εις
201 3744 404 3816 πάτρην
424 3747 704 3819 φυγάδας
729 3746 999 3818 κατάγων
1017 3745 1330 3815 Δήμητραν
1353 3743 1625 3815 ἀμήσεις.

126 3891 580 3971 ’Δλῖοίάϐἐλτεροι
613 3899 775 3953 πάλιν
818 3901 943 3964 τοὺς
970 3900 1270 3970 φεύγοντας
1312 3897 1633 3973 ἀνθρώπους

120 3982 256 4052 inm,
281 3991 354 4043 ὅτι
377 3990 457 4044 δεῖ
480 3991 684 4055 αὐτοὺς
705 3991 1028 4046 κατακαλεῖν
1044 4009 1057 4023 ⁸
1083 3992 1271 4056 κακῶς
1306 3992 1529 4055 εἰδότες.
1566 3990 1631 4042 Τί

127 4074 199 4145 τὰρ
225 4078 277 4151 δὴ
298 4083 383 4136 καὶ
407 4083 561 4154 μέλει
589 4086 704 4146 τοῖς
744 4082 1315 4156 ἀφιλανθρωποτάτοις
1359 4082 1501 4145 θεοῖς
1539 4083 1632 4135 ἀν-

121 4163 300 4236 θρώπων
316 4176 622 4230 κατακαλου
630 4176 827 4247 μένων,
846 4176 1079 4249 ὅσονπερ
1100 4176 1429 4249 ἀνδριάντων
1449 4192 1463 4241 ;
1481 4175 1539 4227 Ἀ
1546 4173 1633 4245 μέ-

121 4269 176 4311 λει
198 4264 323 4318 οὐδὲν
349 4269 439 4321 ἐπὶ
456 4269 639 4340 τούτῳ
667 4268 917 4342 ὠφελήθη
954 4271 988 4340 ή
1018 4270 1113 4340 γῆ,
1146 4267 1287 4322 ὥστε
1318 4265 1630 4321 παύσασθαι

123 4354 319 4410 mlier
354 4362 400 4414 εἰ
428 4361 504 4432 μὴ
530 4361 645 4417 τῶν
674 4360 851 4429 σοφῶν
888 4361 982 4414 καὶ
1010 4359 1388 4431 ἐπισταμένων
1423 4376 1507 4422 τις
1539 4357 1632 4410 τὸν

114 4445 221 4497 θεῖον
239 4446 349 4501 νοῦν
388 4452 592 4521 συνῆκε
620 4490 635 4515 ,
667 4450 882 4520 φυγάδα
906 4445 1045 4504 εἶναι
1072 4450 1163 4504 τὸν
1204 4465 1630 4503 καταπεποντω-

1738 3736 1899 3809 232
1930 3732 2107 3789 Redde
2136 3732 2289 3787 modo
2338 3728 2604 3784 exsulibus
2652 3727 2918 3798 patriam,
2962 3726 3313 3870 $18,333:)?“

1738 3898 1839 3955 Hic
1866 3913 2060 3969 nempe
2099 3910 2206 3950 non
2245 3894 2429 3949 minus
2466 3889 2682 3956 stolidi,
2717 3888 3053 3945 revocandos
3092 3891 3312 3946 exsules

1739 4008 1848 4047 non
1903 3991 2040 4045 alios
2086 4001 2208 4043 esse
2240 3999 2406 4056 quam
2453 3983 2707 4037 homines
2753 3979 3040 4050 putabant.
3094 3981 3310 4036 Insulae.

1736 4092 1905 4133 vero:
1940 4075 2069 4147 quid
2102 4073 2245 4131 enim
2280 4073 2386 4128 diis
2436 4070 2857 4126 immanissimis’
2896 4078 3114 4124 tantum
3162 4084 3309 4126 cura:

1737 4172 1847 4226 sint
1874 4169 2125 4225 homines
2154 4167 2223 4221 ab
2244 4164 2437 4221 exsilio
2462 4163 2777 4229 revocandi,
2818 4170 3082 4233 quantum
3115 4163 3309 4233 imagi-a

1738 4276 1836 4316 nes
1887 4256 2277 4314 restituendae?
2308 4255 2451 4325 Ergo
2497 4254 2669 4309 nihilo
2699 4261 2889 4323 postea
2933 4253 3158 4307 meliore
3192 4254 3309 4309 solo

1738 4352 1839 4415 uti,
1874 4350 2012 4404 nihil
2045 4363 2275 4419 usquam
2309 4348 2363 4400 vi
2397 4345 2572 4400 morbi
2607 4345 2959 4399 remittente:
3000 4343 3175 4398 donec
3214 4359 3304 4397 so-

1733 4442 1921 4496 lertior
1960 4439 2255 4510 quispiam,
2289 4437 2503 4493 acutius
2535 4437 2601 4491 de
2634 4451 2888 4505 superum
2920 4446 3098 4492 mente
3125 4437 3302 4507 conji-

124 4534 238 4632 ιένον
256 4540 549 4612 ἀνδριάντα.
586 4544 700 4598 Καὶ
722 4539 789 4614 ἦν
814 4541 1005 4606 οὕτως.
1030 4543 1180 4613 Ἀμα
1205 4541 1314 4613 γὰρ
1335 4537 1625 4607 ἀνεστάθη,

1736 4535 1884 4588 ciens
1916 4574 1933 4600 ,
1980 4530 2189 4586 exsulis
2249 4530 2471 4584 nomine
2513 4529 2818 4583 demersam
2865 4527 3014 4582 illam
3068 4536 3303 4582 statuam

126 4625 186 4676 αἱ
207 4629 342 4695 εὐθὺς
371 4634 403 4705 ή
437 4635 535 4703 μὲν
562 4635 637 4705 γῆ
664 4633 974 4698 ἀνέϐαλλεν,
1008 4633 1058 4686 οἱ
1084 4632 1142 4685 δὲ
1171 4631 1405 4702 ἐκὼμων
1442 4629 1629 4700 Δήμη-

126 4731 181 4783 ιρι
194 4718 365 4779 λοιπόν.
396 4726 520 4790 Πῶς
547 4722 643 4781 οῦν
674 4728 733 4780 οὐ
766 4727 1038 4798 τεκμήρια
1064 4723 1239 4779 ταῦτά
1264 4725 1399 4777 εἰσιν
1423 4719 1627 4791 ἐναργῆ

126 4804 187 4871 τῆς
210 4807 511 4883 θεοπρεποῦς
541 4815 859 4886 ἀθλητικῆς,
888 4817 969 4869 ὅτι
994 4816 1112 4870 ἐστὶ
1136 4813 1487 4883 θεοτίμητοςς
1516 4810 1628 4863 Καὶ

121 4894 196 4965 Ἰάρ
220 4901 297 4952 καὶ
324 4904 411 4956 ἐπὶ
439 4905 740 4959 πεντάθλου
772 4904 1044 4977 ἀνδριάντι
1086 4903 1399 4974 ὑόρισμένῳ
1440 4901 1629 4971 ἐμήνι-

118 5002 188 5039 σαν
211 4992 253 5043 oi
274 4993 391 5061 θεοὶ,
424 4998 518 5051 καὶ
546 4998 748 5069 Λοκροὶ
772 4996 1065 5069 ἐπείνησαν
1091 4996 1179 5050 διὰ
1208 4995 1396 5056 τοῦτο,
1435 4992 1624 5062 ὥσπερ

111 5076 274 5148 Θάσιοι,
298 5086 395 5151 ἕως
422 5090 625 5153 αὐτοὺς
651 5090 839 5144 ἰάσατο
863 5088 1038 5158 λόγιον
1064 5089 1156 5143 σὺν
1186 5086 1308 5158 ἔχον
1344 5085 1515 5147 οὕτως
1536 5102 1549 5115 ·

1734 4624 1955 4695 intelligi
1981 4623 2328 4678 declarasset.
2369 4620 2436 4675 Et
2474 4635 2629 4681 vere.
2652 4616 2790 4673 Nam
2820 4619 2983 4674 simul
3009 4627 3172 4688 atque
3202 4634 3307 4674 suo

1732 4718 1965 4788 reposita
1996 4717 2117 4770 loco
2148 4713 2269 4778 fuit,
2301 4712 2605 4783 germinare
2637 4720 2780 4765 terra
2812 4712 3071 4767 continuo
3094 4752 3108 4775 ,
3159 4709 3308 4765 Tha—

1733 4813 1908 4882 siique
1934 4797 2187 4876 deinceps
2211 4819 2465 4873 agrorum
2497 4804 2744 4859 ubertate
2790 4804 3016 4874 gliscere
3046 4817 3110 4859 ac
3137 4802 3302 4857 luxu-

1732 4899 1876 4952 riare
1902 4901 2206 4964 cmperunt.
2249 4891 2383 4958 Quis
2407 4892 2524 4947 haec
2563 4908 2730 4963 porro
2775 4907 2885 4947 non
2922 4906 3021 4962 pro
3060 4892 3304 4949 certissi-

1731 4986 1836 5041 mis
1862 4984 2197 5055 argumentis
2234 4983 2449 5046 habeat,
2478 4998 2641 5053 quam
2670 4982 2793 5053 jure
2815 4997 2880 5037 ac
2906 4982 3101 5038 merito
3129 4980 3299 5036 divini

1732 5080 1967 5134 honores
1990 5076 2185 5132 divinae
2214 5076 2539 5131 athletarum
2570 5075 2623 5130 vi
2661 5084 2715 5130 et
2758 5072 3039 5129 industriae
3063 5073 3300 5129 debean-

117 5175 357 5236 lnr?Nam
406 5193 461 5238 et
507 5195 732 5254 propter
781 5186 1005 5239 alterius
1044 5182 1483 5255 quinquertionis
1534 5187 1770 5233 statuam
1828 5174 1963 5228 alias
2020 5171 2273 5226 violatam
2330 5186 2587 5226 exarsere
2623 5170 2720 5235 dii,
2748 5185 2850 5224 nec
2894 5168 3104 5223 minore
3136 5166 3297 5225 Locri

114 5279 344 5339 mlitem
374 5295 535 5348 quam
580 5278 765 5334 Thasii
796 5279 939 5334 fame
982 5280 1319 5345 laborarunt,
1357 5279 1527 5333 donec
1563 5286 1618 5328 tu
1655 5284 1873 5343 quoque
1903 5267 2007 5323 hoc
2032 5280 2297 5337 responso
2328 5266 2688 5321 calamitatem
2716 5265 2925 5319 levares
2960 5282 2974 5318 :

115 5385 197 5439 Ἐγ
213 5392 330 5462 τιμῇ
356 5394 692 5466 τὸνᾶτιμον
716 5398 892 5465 ἔχων,
912 5396 1047 5449 τότε
1063 5394 1239 5465 γαῖαν
1271 5391 1543 5462 ἀρὼσεις·

122 5496 277 5593 οξγὲρ
307 5504 497 5577 Λοκροὶ
523 5506 753 5577 ᾔσθοντο
791 5507 1027 5571 διανοίας
1064 5506 1216 5570 θείας
1257 5507 1521 5576 πρότερον
1544 5502 1618 5573 ,ἢ

173 5661 191 5686 ³
212 5654 281 5706 la.
310 5656 573 5723 ἀνέξεται.
654 5659 681 5700 δ
707 5660 791 5713 ισ.
820 5659 1127 5732 ἀπειλήσει.

175 5781 260 5855 (⁵⁵)
294 5790 479 5856 Θασίῳ
507 5791 726 5861 πύκτῃ.
762 5790 1076 5863 Theagenes
1098 5792 1144 5849 is
1167 5790 1291 5847 fuit.

1724 5382 1902 5438 Redde
1932 5383 2088 5435 decus
2120 5380 2247 5434 Iaso
2270 5397 2290 5445 ;
2319 5396 2460 5451 seges
2487 5379 2665 5450 ampla
2695 5387 2937 5448 sequetur
2969 5385 3231 5431 aratrum.

1726 5491 1838 5550 Nec
1873 5495 2018 5549 enim
2050 5492 2295 5549 divinum
2325 5491 2392 5547 iis
2423 5490 2712 5546 consilium
2743 5488 2991 5545 subolere
3024 5499 3149 5543 ante
3196 5501 3298 5560 po-
