3862 6220
122 327 198 382 ull
1240 334 1563 390 PRASPAR.
1601 335 1858 396 EVANG.
1898 337 2025 392 LIB.
2069 338 2130 391 Υ.

3220 336 3328 391 οιοῖ

120 447 224 516 ήμίν
249 443 311 496 τὰ
335 444 462 515 περὶ
480 443 570 498 τοῦ
598 445 829 501 θανάτου
863 448 1071 515 ἔδειξας
1099 453 1194 506 καὶ
1221 452 1324 524 τῆς
1353 454 1502 524 ζωῆς
1520 496 1536 520 ,
1570 457 1643 509 ὅτι

1758 458 1953 513 mortis
2006 458 2400 522 decreverunt,
2455 457 2599 526 quod
2644 456 2820 513 lenius
2873 456 3222 513 Charitonem
3275 469 3330 512 ct

58 534 59 539 “
119 531 362 586 κάλλιστόν
404 534 459 585 τί
504 535 650 589 ἐστιν
691 538 727 607 ἡ
772 538 1080 609 ζωή.»Ἐπὶ
1115 540 1324 607 τούτοις
1354 543 1526 599 ἆπασι
1559 547 1653 601 καὶ

118 624 208 678 τόδε
230 624 576 694 προσκείσθω.

567 907 963 964 ΚΕΦΑΛΑΙΟΝ
1015 913 1155 977 AG’.

121 1017 216 1071 ὀτι
250 1018 339 1072 καί
374 1016 488 1086 τὴν
512 1017 761 1089 ἄψυχον
788 1019 948 1089 ὕλην
977 1019 1181 1076 σέϐειν
1217 1023 1643 1092 προσέταττον.

124 1149 141 1182 ι
173 1130 330 1185 Ἀλλὰ
355 1132 451 1185 καὶ
499 1133 829 1201 Μηθύμνης
857 1132 968 1203 (42)
998 1133 1238 1202 ναέταις
1265 1136 1423 1190 πολὺ
1465 1136 1649 1193 λώϊον

117 1271 392 1340 numer
417 1270 631 1341 τιμῶσι
651 1274 961 1328 Διωνύσοιο
990 1272 1280 1343 κάρηνον.
1332 1205 1542 1278 [ἔσται
1560 1249 1575 1272 ’

116 1386 272 1443 Θύουσι
296 1386 402 1458 γὰρ
433 1389 491 1441 αί
522 1387 711 1452 πόλεις
740 1389 834 1442 καὶ
865 1387 1085 1452 τελετὰς
1122 1388 1368 1459 ἆγουσιν,
1402 1392 1464 1445 οὐ
1492 1393 1651 1464 μόνον

118 1480 352 1550 φαλληνοῖς
371 1479 648 1534 Διονύσοιο
680 1481 956 1553 καρήνοις,
989 1481 1127 1536 ἀλλὰ
1154 1483 1249 1537 καὶ
1283 1483 1525 1549 λιθίνοις,
1556 1486 1651 1539 καὶ

114 1575 348 1646 χαλκέοις,
398 1577 492 1630 καὶ
544 1575 820 1648 χρυσέοις.
861 1575 971 1646 (45)
1003 1575 1079 1629 Οὐ
1129 1576 1290 1648 μόνον
1338 1578 1648 1650 φαλληνοῖς,

114 1666 220 1719 ἀλλὰ
241 1667 532 1730 καὶ;αὖτοῖς
559 1668 674 1729 τοῖς
710 1666 1027 1730 Διονυσίοις,
1054 1667 1150 1720 καλ⁵
1179 1666 1360 1730 ἄλλοις
1389 1669 1648 1740 παμπόλ-

1762 545 2126 616 Melanippum
2156 546 2426 604 habuerit.
2471 547 2540 601 At
2582 554 2640 602 tu
2672 547 2798 603 vitae
2828 548 3130 617 mortisque
3162 549 3331 602 ratio-

1755 655 1875 703 nes,
1909 640 1998 693 vix
2029 640 2178 705 licet,
2212 639 2470 708 praeclare
2499 648 2677 693 tamen
2707 639 3045 709 expressisti,
3073 640 3202 694 dum
3226 639 3330 694 hoc

1748 725 1897 782 facto
1943 729 2108 783 vitam
2151 729 2414 785 eximium
2467 729 2726 799 quiddam
2756 743 2878 785 esse
2897 728 3314 801 comprobasti.»

1740 820 1954 888 Quibus
1979 824 2234 879 omnibus
2260 824 2365 879 hoc
2392 834 2728 893 postremum
2757 821 3138 894 adiungamus.

2287 917 2518 974 CAPUT
2556 916 2798 974 XXXVI.

1785 1030 1923 1084 Illos
1946 1030 2108 1084 etiam
2126 1029 2375 1098 jussisse,
2405 1036 2463 1082 ut
2491 1029 2717 1083 materia
2747 1028 2987 1082 inanima
3016 1027 3297 1083 coleretur.

1759 1160 1779 1196 ι
1816 1142 1915 1197 Res
1941 1144 2035 1196 tibi
2071 1141 2389 1212 Methymna:
2416 1141 2623 1212 felicius
2654 1140 2828 1195 incola
2856 1140 3020 1208 cedet,

1756 1282 1815 1339 Si
1840 1283 2040 1337 Bacchi
2064 1291 2222 1353 caput
2246 1298 2311 1337 ea:
2345 1284 2495 1337 tereti
2525 1282 2831 1338 venerabere
2860 1279 3025 1351 ligno.

1750 1396 1961 1451 Passim
2010 1397 2210 1467 quippe
2254 1396 2501 1451 civitates
2530 1436 2544 1459 ,
2592 1410 2701 1449 non
2752 1395 2935 1465 lignea
2978 1392 3180 1457 modo,
3235 1390 3327 1444 sed

1751 1490 1916 1543 etiam
1947 1488 2180 1558 lapidea,
2211 1503 2374 1553 aerea,
2399 1501 2567 1541 aurea
2598 1485 2793 1540 Bacchi
2819 1485 3019 1555 capita,
3048 1480 3331 1539 sacriﬁciis

1752 1593 1817 1633 ac
1851 1579 2008 1634 statis
2039 1578 2395 1649 religionibus
2427 1586 2798 1632 venerantur:
2833 1577 2945 1630 imo
2982 1590 3091 1628 non
3130 1572 3329 1628 Bacchi

1755 1677 1965 1723 tantum
1998 1669 2176 1738 capita
2197 1708 2212 1732 ,
2243 1668 2339 1723 sed
2369 1668 2507 1722 alios
2536 1666 2700 1722 etiam
2730 1667 3020 1737 plerosque
3042 1665 3206 1731 deos,
3234 1664 3330 1733 qui

112 1758 198 1823 λοις
230 1758 529 1822 Ἦσιοδείοις
577 1757 742 1822 θεοῖς.
802 1758 935 1829 Τρὶς
961 1756 1072 1828 γὰρ
1116 1757 1193 1821 ὡς
1222 1757 1439 1830 ἀληθῶς
1471 1759 1643 1830 μύριοι

1755 1762 1975 1820 Hesiodi
2048 1764 2248 1819 fahulis
2313 1762 2677 1818 celebrantur.
2741 1759 3033 1815 Enimvero
3106 1757 3328 1830 triginta

114 1854 218 1907 εἰσιν
243 1854 325 1906 ἐπὶ
350 1851 500 1923 χθονὶ
531 1850 953 1923 πουλυϐοτείρῃ,
977 1850 1078 1903 οὐκ
1107 1848 1386 1915 ἀθάνατοι,
1418 1849 1558 1905 ἀλλὰ
1580 1850 1652 1904 λί-

114 1944 217 1998 θινοι
240 1945 321 1998 καὶ
346 1942 546 2009 ξύλινοι
574 1943 832 1996 δεσπόται
863 1940 1197 2013 ἀνθρώπων
1234 1941 1308 2007 οἳ,
1354 1943 1402 1995 εί
1435 1940 1649 2014 ἀνθρὼ-

58 2094 59 2099 η
114 2052 202 2090 πων
221 2035 358 2106 ὓϐριν
382 2052 442 2088 τε
466 2034 564 2089 καὶ
593 2033 852 2105 εὐνομίην
882 2031 1161 2105 ἐφεώρων,
1198 2034 1303 2087 οὐκ
1348 2033 1415 2087 ἂν
1459 2032 1652 2086 τοσοῦ-

113 2126 317 2198 τοςήρθη
353 2126 540 2196 λῆρος,
583 2123 726 2177 ὥστε
749 2124 842 2177 καὶ
863 2122 961 2194 ήδη
989 2123 1084 2177 καὶ
1134 2124 1327 2195 μέχρις
1368 2122 1523 2193 ὑμῶν
1554 2139 1650 2176 κε·-

58 2240 59 2243 η
110 2215 367 2287 χωρηκέναι
394 2216 456 2269 τὸ
481 2216 678 2280 κακὸν,
699 2213 983 2268 ὲπιδιαϐὰν
1009 2217 1103 2269 καὶ
1131 2218 1211 2278 είς
1234 2214 1326 2268 τὸν
1348 2214 1648 2285 Ὄλυμπον,

111 2308 335 2378 dducam,
359 2308 511 2363 θεῶν
534 2308 678 2375 ἕδος
696 2307 971 2378 ἀσφαλὲς
1004 2308 1136 2362 αἰεί.
1174 2307 1368 2361 Καίτοι
1398 2308 1445 2361 εί
1475 2310 1652 2378 ἀσφα-

110 2394 262 2471 ὼῆν,
284 2400 375 2454 οὒκ
396 2394 465 2472 ἦν
498 2398 765 2453 ἐπιϐατὸν
790 2399 960 2471 λήρῳ,
994 2398 1103 2452 οὐδ’
1128 2398 1193 2452 ἂν
1225 2392 1307 2463 εἷς
1337 2416 1424 2464 τις
1461 2400 1651 2471 Ὀλυμυ

110 2492 213 2544 πίων
237 2495 309 2556 εἰς
334 2492 490 2546 τοῦτο
515 2488 657 2564 ἦλθε
686 2491 1006 2565 παρανοίας,
1045 2490 1175 2544 ὥστ’
1199 2490 1410 2545 ἐλάϊνον
1443 2493 1650 2564 κορμὸν

111 2581 264 2637 θεῶσαι
284 2601 297 2614 ·
329 2583 387 2637 ὃν
421 2585 472 2637 οἱ
501 2582 856 2655 Μηθυμναῖοι
881 2582 1129 2653 σαγήνης
1163 2581 1512 2653 ἐμπλακέντα
1536 2583 1650 2646 τοῖς

108 2673 231 2738 λίνοις
276 2675 628 2739 ἀνείλκυσαν,
676 2674 772 2729 καὶ
797 2675 897 2741 δὶς,
939 2676 988 2729 εί
1013 2675 1215 2746 βούλει,
1243 2675 1337 2729 καὶ
1368 2676 1509 2746 τρὶς,
1551 2673 1649 2727 καὶ⁵

109 2765 344 2831 πλεονάκις
383 2770 442 2821 ὲν
478 2767 561 2838 τῷ
591 2764 743 2837 αὐτῷ
771 2765 1160 2838 σαγηνεύοντες
1204 2766 1483 2837 ἄνθρωποι
1503 2805 1520 2830 ,
1554 2765 1650 2820 καὶ

58 2846 59 2937 ὲ
110 2855 353 2920 ἑξὲκείνου
383 2860 465 2923 είς
494 2859 561 2911 τὸ
592 2857 830 2911 Λιϐυκὸν
856 2856 1248 2922 ἐξοκείλαντες,
1288 2857 1396 2911 οὐδ’
1443 2859 1525 2920 είς
1549 2856 1650 2928 τὴν

110 2942 182 3011 γῆν
206 2943 299 3011 ἔξω
311 2945 636 3009 ἐκϐαλόντες
666 2944 827 2999 αὐτόν
847 2961 861 2975 ·
897 2945 1021 2998 ἐπεὶ
1043 2946 1144 3000 οὑκ
1172 2944 1266 3005 ἂν,
1289 2945 1365 3016 μα
1407 2944 1500 3000 τὸν
1526 2946 1648 3000 Διό-

111 3049 241 3100 νυσον,
270 3035 342 3091 ἐτι
364 3039 550 3102 αὐτοῖς
573 3036 847 3108 ὲνεπλάκη
877 3039 989 3100 τοῖς
1007 3036 1194 3101 λίνοις.
1225 3037 1367 3090 Ἀλλ’
1392 3038 1452 3106 ἐξ
1476 3038 1646 3114 ἄκρου

114 3127 405 3200 neclecta};
455 3131 485 3183 ὁ
519 3129 732 3200 κορμὸς
774 3127 1062 3199 (Ἄπολλον
1087 3167 1102 3193 ,
1131 3128 1282 3194 ξένου
1317 3129 1430 3200 (44)
1474 3146 1644 3183 κατα-

58 3224 59 3243 ‘
114 3220 498 3293 muicpazoql)
522 3222 579 3276 τί
612 3224 730 3275 ποτ’
755 3217 846 3277 οὖν
873 3221 1140 3293 ἔπραττεν
1174 3221 1334 3293 ἐντῷ
1383 3222 1641 3292 πελάγει;

114 3310 384 3386 ἀπορήσειεν
425 3315 493 3370 ἄν
531 3332 644 3379 τις.
691 3314 756 3368 Τί
796 3314 906 3386 γὰρ
953 3314 1082 3370 ἄλλο
1104 3314 1139 3385 ἢ
1164 3314 1431 3388 ὲκάθητο;
1464 3314 1529 3387 νὴ
1550 3316 1643 3370 τὸν

114 3400 198 3465 Δία,
224 3405 493 3475 ἀναμένων
545 3406 659 3470 ἕως
702 3404 978 3478 ἄνθρωποι
1024 3407 1339 3478 μαινόμενοι
1397 3408 1495 3480 (οὐ
1532 3408 1642 3479 γὰρ

117 3497 230 3567 φήσω
246 3501 320 3553 ὅτι
348 3501 439 3555 καὶ
467 3500 623 3565 θεοὶ)
661 3502 1069 3573 ἐγκυρήσαντες
1089 3498 1258 3570 αὐτῷ,
1285 3499 1346 3553 οὐ
1363 3499 1638 3563 Διοπετὲς,

116 3587 212 3642 ἀλλὰ
244 3592 704 3656 Ποσειδωνοπετὲς
744 3593 1079 3663 ἡγήσωνται,
1118 3592 1352 3646 κᾶπειτα
1402 3593 1480 3655 εἰς
1506 3589 1640 3644 ἄστυ

115 3677 432 3749 ἀπαγάγωσιν,
466 3684 665 3756 ὥσπερ
684 3682 805 3737 τινὰ
830 3682 1038 3755 ἀγαθὴν
1058 3680 1249 3753 τύχην,
1274 3682 1451 3754 κακὴν
1477 3677 1641 3736 οὖσαν

114 3769 166 3833 ὡς
189 3772 375 3844 ἀληθῶς
397 3816 413 3842 ,
441 3776 507 3828 οὐ
551 3773 749 3845 τύχην,
784 3773 920 3827 ἀλλὰ
946 3773 1231 3843 τυφεδόνα.
1264 3775 1335 3826 ’Ἡ
1357 3773 1457 3827 οὐκ
1482 3774 1640 3845 ἢρκει

115 3857 366 3929 ἇρααύτοῖς
389 3865 608 3919 οἴκοθεν
632 3863 962 3928 διολλύουσα,
992 3863 1106 3915 ἀλλ’
1139 3862 1308 3934 αὐτὴν
1337 3861 1583 3933 ὲπέρωσέ
1613 3874 1640 3903 ι

115 3965 157 4004 τε
180 3957 255 4008 καὶ
275 3958 658 4028 προσεπέτεινε
687 3955 1031 4027 θεοπληξίας,
1064 3954 1140 4019 ὡς
1172 3953 1237 4008 ἄν
1266 3971 1351 4018 τις
1377 3953 1551 4019 εῐποι,
1578 3955 1643 4007 ἐκ

111 4043 285 4116 Αὐτῶν
308 4051 697 4122 μετάπεμπτος
716 4047 974 4120 ἐπιθήκη.
1010 4065 1029 4098 ι
1059 4045 1297 4100 Τοιαῦτα
1326 4045 1422 4098 καὶ
1442 4047 1478 4121 ,ὁ
1498 4044 1644 4098 Οἰνό-

117 4149 234 4203 μαος.
267 4137 416 4193 Ἀλλὰ
438 4140 553 4212 γὰρ
588 4139 727 4211 μετὰ
766 4137 833 4192 τὰ
869 4136 1154 4209 εἰρημένα,
1205 4135 1445 4207 μεταϐὰς
1486 4130 1642 4199 αὖθις

115 4226 183 4281 ἐπὶ
195 4231 277 4303 τὴν
304 4234 364 4288 ἐκ
392 4233 595 4304 λογίων
630 4233 946 4303 φιλοσοφίαν
974 4230 1067 4286 τοῦ
1095 4231 1192 4304 τὴν
1214 4230 1333 4285 καθ’
1350 4230 1507 4303 ἡμῶν
1533 4231 1644 4284 δια.-

116 4317 238 4392 εολήν
266 4327 631 4397 πεποιημένου
661 4366 676 4391 ,
713 4324 980 4393 ἀνάγνωθι
1014 4326 1079 4378 ἐκ
1120 4323 1229 4376 τῶν
1264 4324 1394 4394 περὶ
1447 4325 1643 4394 εἱμαρ-

119 4412 249 4485 μένης
267 4416 353 4471 τοῦ
373 4419 582 4472 Πυθίου
617 4416 886 4489 χρησμῶν
904 4435 917 4447 ·
949 4418 998 4470 εἰ
1022 4417 1097 4488 μὴ
1122 4415 1218 4469 καὶ
1245 4415 1327 4468 σοὶ¹
1352 4413 1502 4477 θείας
1545 4413 1641 4466 ἁλ-

117 4501 279 4577 λότριος
306 4508 376 4563 ὣν
400 4512 693 4581 δυνάμεως
727 4509 809 4562 ἔτι
846 4509 1064 4581 μᾶλλον,
1099 4508 1128 4560 ὁ
1169 4509 1298 4581 περὶ
1335 4506 1444 4559 τῶν
1481 4506 1641 4578 θρυλ-

119 4592 339 4669 λουμένων
371 4603 728 4675 χρηστηρίων
790 4602 1136 4655 ὑποπεσεῦεαι
1171 4600 1347 4670 λόγος.

1751 1856 1933 1927 plane,
1980 1870 2092 1910 non
2137 1855 2252 1925 jam
2282 1854 2709 1920 immortalium,
2757 1852 2850 1908 sed
2882 1851 3242 1922 lapideorum,
3276 1860 3331 1905 et

1749 1948 2053 2019 ligneorum
2075 1946 2301 2001 humani
2323 1946 2537 2016 generis
2563 1944 2909 2001 dominorum
2937 1943 3128 2008 millia,
3145 1943 3330 1998 nutrix

1750 2037 2109 2107 animantium
2140 2046 2285 2093 terra
2312 2037 2713 2107 complectitur,
2743 2038 2834 2105 qui
2865 2035 3130 2106 profecto,
3162 2035 3209 2090 si
3235 2049 3331 2089 co-

1751 2130 2062 2201 gnoscendo
2107 2129 2393 2184 hominum
2444 2130 2678 2190 sceleri,
2726 2128 2946 2199 jurique
2992 2134 3328 2198 praeessent,

1752 2237 2032 2292 nunquam
2058 2237 2125 2278 eo
2150 2238 2420 2293 nugarum
2443 2221 2661 2277 vanitas
2682 2221 3034 2287 excrevisset,
3056 2219 3136 2275 uti
3168 2216 3335 2290 235

1751 2315 1818 2371 ad
1843 2331 1941 2371 vos
1987 2330 2162 2386 usque
2200 2315 2405 2369 malum
2451 2313 2800 2385 perveniret,
2847 2311 3076 2382 Olympo
3111 2325 3330 2380 quoque

1751 2417 2028 2479 superato,
2054 2408 2147 2462 ubi
2180 2407 2390 2475 divum,
2416 2407 2597 2461 aiunt:
2623 2404 2784 2460 Sedes
2804 2421 2992 2459 secura
3021 2419 3113 2474 per
3137 2418 3325 2459 (suum.

1751 2497 1883 2565 Quae
1916 2497 2183 2554 securitas
2215 2496 2262 2552 si
2294 2511 2420 2551 vere
2445 2496 2767 2567 iactaretur,
2796 2509 2970 2564 nugas
3002 2508 3197 2551 omnes
3233 2508 3334 2548 ex-

1748 2591 2027 2655 cluderet,
2081 2604 2182 2645 nec
2222 2587 2598 2660 Olympiorum
2644 2587 2934 2658 quisquam
2983 2600 3050 2640 eo
3092 2586 3332 2641 vesaniae

1749 2680 2090 2745 devenisset,
2130 2687 2189 2732 ut
2235 2677 2520 2748 oleagineo
2547 2676 2762 2731 caudici
2797 2674 3138 2729 divinitatem
3183 2676 3331 2730 inse-

1748 2781 1912 2827 reret.
1984 2770 2140 2825 lllum
2209 2768 2409 2825 etenim
2479 2781 2693 2838 sagente
2753 2766 2986 2837 plagulis
3055 2766 3328 2821 irretitum

1749 2861 2190 2933 Methymnenses
2214 2869 2586 2923 extraxerant,
2614 2859 2779 2929 idque
2803 2858 2972 2913 semel
2996 2859 3325 2928 iterumque,

1748 2954 1797 3010 si
1830 2953 2048 3022 placet,
2093 2952 2207 3006 imo
2238 2950 2403 3006 etiam
2457 2949 2616 3004 tertio
2640 2989 2657 3016 ,
2708 2948 2795 3002 vel
2827 2947 3026 3018 saepius
3072 2947 3330 3004 demissis

1747 3041 2002 3098 eumdem
2039 3040 2093 3095 in
2117 3041 2297 3097 locum
2328 3040 2537 3096 retibus
2577 3036 2862 3095 fecerant:
2909 3038 3036 3094 inde
3068 3054 3200 3093 vero
3236 3037 3328 3093 Li-

1674 3104 1716 3162 C
1749 3135 1948 3208 bycum
1992 3132 2047 3188 in
2096 3147 2249 3187 mare
2275 3132 2460 3196 delati,
2501 3145 2851 3201 nequaquam
2881 3145 3007 3185 eum
3039 3130 3095 3184 in
3124 3138 3328 3186 terram

1748 3234 2119 3284 excusserant.
2158 3224 2218 3281 1d
2248 3224 2396 3279 enim
2439 3224 2483 3280 si
2532 3222 2830 3288 fecissent,
2884 3237 2995 3278 non
3036 3222 3154 3294 jam
3180 3263 3196 3288 ,
3232 3238 3329 3293 per

1746 3317 2043 3386 Bacchum,
2073 3318 2295 3374 easdem
2328 3316 2396 3372 ad
2421 3316 2668 3388 plagulas
2703 3314 3043 3372 adhaesisset.
3079 3314 3152 3370 At
3176 3316 3325 3371 enim

1747 3410 1957 3465 caudex
1984 3410 2039 3463 in
2069 3409 2265 3479 capitis
2297 3408 2532 3479 speciem
2571 3423 2602 3462 a
2634 3423 2856 3463 summo
2892 3408 3078 3478 stipite
3103 3407 3324 3464 confor-

1748 3513 1929 3558 matus
1964 3501 2110 3573 (rem
2135 3543 2151 3569 ,
2188 3517 2222 3556 ο
2263 3502 2485 3572 Apollo,
2528 3501 2822 3557 admodum
2859 3499 3230 3572 prodigiosam
3261 3501 3274 3553 !
3305 3501 3324 3570 )

1749 3592 1882 3662 quid
1924 3607 2109 3646 rarum
2156 3591 2211 3646 in
2262 3592 2450 3646 mari?
2493 3599 2702 3662 quaerat
2753 3591 2989 3647 fortasse
3027 3591 3322 3661 quispiam.

1751 3682 1895 3751 Quid
1938 3700 2068 3741 vero
2112 3684 2297 3751 aliud,
2341 3684 2447 3740 nisi
2493 3693 2559 3739 ut
2596 3684 2794 3739 ibidem
2840 3682 3100 3754 jaceret?
3144 3681 3328 3738 Donec

1751 3774 2028 3830 enimvero
2048 3774 2239 3830 furiosi
2263 3776 2534 3842 homines,
2558 3775 2740 3847 (piget
2764 3776 2909 3831 enim
2941 3776 3072 3831 deos
3098 3773 3325 3842 dicere,)

1748 3863 1803 3919 in
1833 3880 1958 3919 eum
1990 3863 2316 3933 incidentes,
2350 3880 2460 3920 non
2498 3881 2530 3920 a
2558 3863 2691 3922 Jove
2727 3865 3028 3922 demissum
3064 3864 3281 3936 quidem
3307 3904 3323 3927 ,

1749 3956 1846 4012 sed
1895 3972 1927 4011 a
1988 3955 2237 4026 Neptuno
2295 3958 2557 4013 emissum
2606 3957 3326 4027 crederent,eumdemque

1748 4050 2097 4121 postmodum
2126 4050 2180 4103 in
2211 4050 2423 4114 urbem,
2456 4049 2732 4119 quoddam
2758 4050 2926 4106 veluti
2960 4049 3193 4105 fortuna:
3233 4050 3324 4104 la:-

1750 4141 1906 4196 tioris
1946 4157 2105 4196 omen
2133 4183 2149 4208 ,
2199 4141 2546 4207 inveherent,
2598 4140 2870 4197 funestam
2920 4157 2980 4197 re
3018 4142 3169 4212 ipsa,
3214 4158 3324 4197 non

1749 4230 2049 4298 fortunam,
2077 4232 2169 4287 sed
2200 4232 2372 4287 facem
2400 4233 2555 4288 urbis
2583 4233 2845 4288 futuram.
2874 4232 2985 4289 Nec
3011 4235 3159 4289 enim
3191 4234 3324 4290 satis

1747 4322 2004 4377 videlicet
2035 4323 2102 4377 ad
2146 4324 2371 4381 exitium
2423 4324 2490 4380 iis
2522 4334 2639 4380 erat
2670 4325 2926 4380 intestina
2966 4325 3169 4395 pestis,
3197 4324 3322 4381 ’nisi

1748 4414 1905 4470 novis
1932 4430 2052 4469 eam
2082 4415 2435 4470 incrementis
2464 4432 2529 4472 ac
2560 4416 2766 4472 viribus
2797 4416 3030 4472 incussae
3056 4417 3321 4472 divinitus

1744 4507 1917 4578 plagae
1940 4508 2186 4563 accessio
2214 4507 2455 4579 Delphis,
2486 4517 2547 4563 ut
2576 4509 2650 4564 ita
2685 4510 2902 4579 loquar,
2935 4508 3201 4564 arcessita
3226 4524 3324 4562 cu-

1744 4599 1996 4652 mularet.
2032 4617 2050 4649 »
2082 4595 2357 4653 Hactenus
2383 4599 2716 4655 (Enomaus.
2756 4599 2913 4656 Nunc
2939 4616 3068 4657 vero
3099 4601 3167 4656 ad
3199 4616 3320 4655 eam

118 4703 267 4753 mrsus
295 4700 639 4756 oraculorum
675 4697 1068 4768 phil050phiam
1109 4697 1291 4752 animo
1331 4704 1384 4751 et
1427 4694 1756 4767 cogitatione
1800 4693 2100 4757 conversis,
2147 4709 2310 4764 quam
2362 4694 2663 4751 maledicus
2721 4696 2810 4751 ille
2865 4712 3049 4752 rerum
3108 4704 3321 4751 nostra-

121 4800 210 4844 rum
239 4808 416 4851 censor
454 4795 809 4866 conscripsit,
846 4794 1043 4869 legesis
1091 4810 1158 4850 ex
1206 4794 1273 4849 iis
1314 4793 1591 4864 responsis
1627 4792 1831 4863 aliqua,
1875 4807 2005 4861 quae
2046 4792 2113 4846 de
2169 4790 2283 4845 fato
2334 4788 2588 4861 Pythium
2626 4788 2863 4845 edidisse
2902 4796 3317 4844 commemorat.

119 4879 178 4939 Ac
195 4885 297 4944 Vide
318 4906 444 4947 num
472 4889 746 4962 ejusmodi
796 4905 1014 4961 quoque
1041 4890 1137 4945 tibi
1167 4889 1378 4945 accidat
1404 4896 1515 4944 tota
1561 4889 1677 4943 haec
1710 4887 1778 4942 de
1805 4886 2025 4958 iactatis
2068 4885 2277 4956 pridem
2320 4885 2558 4941 oraculis
2611 4884 2930 4955 disputatio,
2966 4892 3028 4937 ut
3053 4897 3172 4938 eam
3198 4898 3317 4936 mu-

124 4977 186 5047 εἰι
209 4983 352 5040 etiam
375 5002 543 5057 quam
581 4984 891 5058 superiores
934 4984 1003 5041 ab
1037 4984 1186 5041 omni
1207 4986 1389 5040 divina
1419 4985 1618 5040 virtute
1654 4999 1880 5038 vacuam
1906 4982 2093 5038 haberi
2121 4991 2277 5052 putes
2298 4990 2568 5053 oportere.
2912 4972 2917 4977 ’

172 5147 194 5176 ι
216 5139 288 5193 ισ.
319 5142 621 5216 ἐπέρρωσε.

126 5292 267 5419 ω)ῗέ
308 5301 487 5358 Ἀλλὰ
540 5304 643 5359 καὶ
685 5301 1033 5372 Μηθύμνης.
1092 5299 1330 5355 Consule
1377 5298 1640 5353 observa-

149 5380 277 5562 fagi}.
295 5440 418 5499 Post
459 5443 747 5562 χρυσέοις,
797 5456 904 5497 non
936 5440 1123 5495 dubito
1174 5438 1307 5508 quin
1352 5439 1638 5521 legendum

149 5514 180 5557 ll
215 5525 239 5560 ο
311 5514 462 5562 μόνον
571 5511 638 5562 αὖ
670 5517 781 5562 τοῖς
805 5511 1098 5562 Διονυσίοις
1121 5549 1136 5562 .
1171 5509 1308 5562 ἀλλὰ
1339 5510 1433 5561 καὶ
1461 5509 1638 5562 ἄλλοις

128 5509 180 5557 sit
215 5509 265 5562 ού
310 5509 537 5578 pavos-8‘
571 5511 638 5568 αὖ
670 5509 781 5578 τοῖς
805 5511 1098 5573 Διονυσίοις
1121 5549 1136 5574 ,
1171 5509 1308 5563 ἀλλὰ
1339 5510 1433 5561 καὶ
1461 5509 1639 5571 ἄλλοις

130 5578 350 5646 Rat-mal.
371 5625 386 5649 ,
411 5593 519 5639 etc.
538 5584 686 5649 ,Nam
729 5583 1000 5655 posterius
1029 5580 1283 5655 hoc_loco
1314 5578 1601 5655 φαλληνοῖς
1620 5618 1635 5640 ,

131 5656 535 5716 “Numicum
590 5663 704 5721 est,
730 5650 874 5711 'cum
909 5652 1065 5724 prius
1108 5650 1339 5706 alterum
1387 5650 1636 5706 sulliciat.

1743 5296 1958 5355 Erroris
2002 5315 2186 5367 causa,
2221 5300 2281 5353 τὸ
2312 5300 2372 5352 οὐ
2406 5298 2585 5368 μόνον,
2616 5294 2783 5351 semel
2816 5294 3126 5362 iterumque
3157 5305 3286 5360 repo

1654 5370 1659 5387 ‘
1738 5370 1926 5425 situm.

1812 5439 1924 5509 (44)
1976 5439 2304 5504 Ἀπολλων,
2335 5438 2544 5509 ξένου.
2584 5436 2783 5509 Facilis
2824 5441 2941 5489 erat
2978 5430 3297 5502 conjectura

1737 5524 1860 5564 cum
1894 5506 1947 5563 in
1971 5524 2173 5566 excuso
2204 5510 2471 5581 legeretur
2505 5506 2881 5573 ’Λπολλοξένου
2901 5548 2915 5572 ,
2951 5517 3117 5571 sane,
3148 5518 3314 5574 quau.

1740 5581 1952 5637 vitiose.
