3862 6220
114 365 191 421 591
236 352 247 361 '

1246 354 1569 420 PREPAR.
1612 363 1861 422 EVANG.
1903 363 2030 422 LIB.
2075 362 2142 425 ν.

3219 366 3329 427 ’598

113 480 661 557 ’ῌξοχος-ἁθανάτῳῂ
681 474 819 557 ὄνος
845 478 1045 557 ξίφεος
1064 522 1091 557 ’ξ
1115 485 1187 535 οὐ
1225 481 1604 557 Κλξίῗμήδηθ

1752 483 2020 557 {lusimus
2048 486 2132 539 hic
2156 501 2351 556 onager
2383 500 2649 557 superum,
2676 500 2779 541 non
2802 487 2919 557 jam
2951 485 3278 554 Cleomedes,

116 556 197 606 ὀν
216 554 449 618 θυσίαις
470 550 658 622 τιμᾶθ’
695 554 775 619 ὡς
803 550 923 607 οὐκ
946 554 1034 607 ἔτι
1061 552 1286 619 θνητὸν
1308 550 1506 607 ἐόντα.

112 666 183 737 Μὴ
206 666 302 738 γὰρ
334 667 396 738 δὴ
441 656 743 739 θαθμάσῃς,
781 669 829 720 εἰ
862 670 954 722 καὶ
991 667 1223 738 δναγρος
1275 669 1650 723 ἐπιδικάσεται

115 759 406 823 ἀθανασίας,
444 759 638 822 ἱκανῶς
657 760 725 813 τὰ
772 759 888 813 θεῖα
935 760 1524 831 παρασκευασάμενος·
1557 762 1653 813 καὶ

116 851 318 914 ἀκούσας
341 850 412 922 μὴ
441 851 768 921 ἀνασχέσθαι
803 863 850 914 ι,
877 851 990 906 ἀλλ’
1016 852 1311 922 ἀπειλῆσαι
1347 851 1375 892 ἓν
1416 853 1511 906 καὶ¹
1555 853 1653 906 αὐ-

116 945 187 996 τὸν
226 944 308 996 τὸν
355 944 643 1016 Κλεομήδη
678 943 921 1009 πατάξας
958 945 1038 1007 είς
1069 944 1129 997 τὸ
1164 942 1438 1018 βάραθρον
1482 945 1655 1017 ἐμϐα-

116 1034 222 1099 λεῖν,
253 1037 352 1093 καὶ
376 1037 479 1093 οὐκ
522 1039 841 1112 ἐπιτρέψειν
863 1036 1011 1111 αὐτῷ
1035 1041 1116 1103 εἰς
1142 1038 1233 1092 τὸν
1254 1037 1480 1110 οὐρανὸν
1522 1040 1652 1092 ἀνα-

118 1131 279 1198 εῆναι’
306 1127 441 1185 εἶναι
472 1129 583 1204 γὰρ
614 1132 778 1185 αὐτοῦ
811 1131 1102 1203 ἀξιώτερος
1137 1131 1318 1186 αὐτῶν
1358 1131 1469 1185 τῶν
1492 1131 1653 1185 θείων

117 1222 289 1293 δώρων,
328 1222 418 1277 ἅτε
454 1225 592 1295 μήτε
621 1222 770 1294 αὐτῷ
794 1224 936 1294 μόνῳ
976 1223 1198 1295 ἕτοιμος
1239 1222 1315 1275 ὢν
1362 1222 1651 1293 μάχεσθαι,

119 1318 198 1370 κᾶν
218 1319 260 1369 εί
287 1317 519 1388 σιδηροῖς
551 1315 730 1388 χρῷτο
751 1319 862 1380 τοῖς
892 1317 1101 1387 ἱμᾶσιν,
1133 1316 1270 1370 ἀλλά
1303 1316 1399 1369 καὶ
1435 1314 1515 1385 τῷ
1545 1315 1655 1368 Θα-

120 1411 199 1478 σίῳ
216 1410 377 1479 πύκτῃ
397 1407 507 1479 (⁸56)
532 1409 650 1479 ἅμα
677 1409 1023 1481 ἀμφοτέροις,
1049 1409 1190 1481 ὑπὲρ
1210 1403 1269 1464 οὗ
1291 1409 1386 1463 τοῦ
1404 1410 1656 1482 ἀνδριάν-

120 1518 190 1564 τος
203 1501 529 1572 ἐχαλέπηναν
561 1502 613 1554 οἱ
643 1500 775 1566 θεολ,
802 1501 898 1554 καὶ
922 1503 1019 1573 τὴν
1056 1501 1273 1557 Θασίων
1308 1502 1415 1573 γῆν
1453 1502 1654 1574 ἄφορον

120 1595 417 1664 εἰργάσαντο.
449 1592 864 1665 Πιστεύομενδὲ
893 1595 989 1647 καὶ
1020 1595 1151 1666 περὶ
1189 1593 1385 1647 τούτου
1416 1594 1516 1647 οὐκ
1562 1595 1657 1647 άν-

120 1684 314 1756 θρώπῳ,
348 1684 486 1739 ἀλλά
547 1685 654 1756 θεῷ
690 1685 768 1756 τῷ
802 1686 972 1759 αὐτῷ.
1015 1687 1108 1751 Ἐξ
1134 1681 1209 1741 ὧν
1239 1687 1352 1757 ἐγὼ
1393 1690 1487 1742 καὶ
1516 1688 1656 1743 πάνυ

118 1778 396 1848 κατενόησα,
416 1778 501 1831 ὅτι
522 1777 661 1831 θεῖόν
682 1794 734 1831 τι
754 1779 860 1850 ἄρα
880 1774 947 1849 ἦν
967 1780 1305 1852 ἐπιτήδευμα
1329 1782 1363 1853 ὴ
1394 1783 1653 1853 πυκτική⁸

1751 555 2001 611 Divinum
2028 573 2062 610 a
2086 558 2229 611 vobis
2257 555 2396 627 [erat
2421 555 2742 612 immortalis
2768 555 3039 613 honorem.

1751 666 1937 738 Neque
1961 654 2094 724 vero
2126 669 2325 725 mirum
2348 669 2445 725 tibi
2473 671 2724 727 videatur
2747 714 2763 740 ,
2799 672 2946 743 quod
2988 674 3320 734 immortali-

1751 768 1918 817 tatem
1964 762 2071 818 sibi
2103 777 2308 835 onager
2338 778 2441 819 suo
2489 764 2647 835 quasi
2680 765 2805 836 jure
2842 766 3145 823 vindicaret
3169 811 3185 836 ,
3218 777 3329 827 tam

1751 854 1892 911 belle
1920 854 2083 910 rebus
2112 856 2417 926 opibusque
2449 856 2649 911 divinis
2678 856 3013 914 instructus:
3066 860 3326 931 quodque

1754 946 1844 1002 ubi
1878 956 2061 1002 vestro
2085 949 2152 1002 de
2184 949 2413 1003 consilio
2444 947 2649 1018 aliquid
2682 947 3006 1017 inaudisset,
3042 950 3336 1023 impatiens

1755 1039 1988 1107 injuriae,
2024 1039 2271 1096 futurum
2298 1041 2622 1109 minaretur,
2653 1042 2733 1096 uti
2762 1041 3108 1098 Cleomedem
3153 1044 3333 1115 ipsum

1755 1132 1809 1186 in
1867 1132 2183 1203 voraginem
2254 1133 2500 1190 calcibus
2547 1143 2837 1190 contusum
2898 1135 3176 1206 dejiceret,
3233 1139 3382 1193 nec'

1754 1222 1907 1279 illum
1945 1240 2189 1295 unquam
2242 1226 2297 1279 in
2341 1226 2540 1281 coelum
2595 1228 2966 1283 conscendere
3009 1236 3331 1299 pateretur:

1754 1316 1859 1372 sibi
1890 1317 2035 1371 enim
2076 1317 2283 1387 justius
2312 1332 2478 1387 quam
2509 1317 2617 1389 ipsi
2647 1318 2832 1373 divina
2863 1318 2951 1374 illa
2982 1336 3212 1378 munera
3238 1323 3335 1379 de-

1755 1407 1871 1461 beri
1911 1407 2265 1462 contenderet
2293 1424 2308 1474 ;
2341 1408 2542 1478 quippe
2577 1409 2671 1477 qui
2703 1423 2810 1462 non
2853 1424 2978 1464 cum
3010 1424 3077 1465 eo
3110 1412 3287 1466 solum
3316 1450 3335 1477 ,

1756 1500 1972 1554 tametsi
2026 1498 2217 1555 ferreis
2259 1499 2516 1555 caestibus
2559 1508 2844 1568 uteretur,
2893 1515 3082 1557 verum
3115 1514 3170 1558 et
3208 1519 3334 1560 cum

1756 1590 1928 1645 altero
1971 1591 2135 1646 simul
2163 1591 2347 1663 pugile
2397 1590 2601 1646 Thasio
2649 1608 2891 1662 pugnare
2939 1602 3162 1663 posset:
3200 1596 3333 1662 illo,

1758 1683 2007 1752 inquam,
2031 1681 2257 1749 Thasio,
2286 1683 2444 1754 cujus
2469 1683 2540 1738 ob
2568 1691 2804 1739 statuam
2832 1687 3092 1741 commoti
3115 1688 3336 1757 gravius

1758 1778 1961 1846 superi,
1992 1777 2073 1831 uti
2105 1777 2264 1832 ﬁdem
2296 1793 2404 1832 non
2436 1777 2604 1832 homo
2634 1778 2824 1833 nescio
2856 1779 2981 1848 quis
3007 1819 3022 1843 ,
3054 1780 3149 1835 sed
3191 1780 3332 1837 idem

118 1869 219 1932 τοὺς
236 1869 287 1922 δὲ
311 1870 541 1935 πολλοὺς
567 1870 665 1924 καὶ
682 1870 960 1941 οἰομένους
988 1868 1127 1926 εἶναι
1158 1875 1357 1943 σοφοὺς
1388 1874 1648 1943 ἐλελήθει·

1755 1868 1872 1936 ipse
1915 1865 2061 1922 Deus
2100 1865 2250 1930 facit,
2287 1865 2614 1922 Thasiorum
2647 1867 2777 1923 olim
2808 1883 3000 1941 agrum
3050 1870 3336 1928 sterilitate

120 1959 189 2021 ἵν’,
213 1960 453 2032 ἀφέμενοι
486 1960 585 2013 τοῦ
609 1960 766 2015 καλοὶ
804 1962 1035 2031 κάγαθοὶ
1064 1958 1236 2028 εἶναι,
1272 1964 1476 2035 ῆσκουν
1515 1965 1656 2019 αὐτὰ

118 2049 192 2103 τοῦ
218 2051 401 2105 Θασίου
423 2052 637 2105 πύκτου
656 2070 670 2083 ·
704 2046 748 2120 ᾧ
777 2053 1075 2108 ἀθανασίαν
1108 2056 1229 2126 μὲν,
1252 2056 1443 2128 ὥσπερ
1486 2057 1655 2111 Κλεο-

122 2142 266 2214 μῆεει,
299 2146 391 2198 οὐκ
438 2145 673 2211 ἔδωκαν,
731 2146 995 2215 ἐφίλησαν
1034 2147 1094 2201 δὲ
1144 2149 1397 2218 μεγάλως
1431 2150 1479 2201 οἱ
1519 2149 1648 2205 θεοί.

120 2234 245 2289 Οὕτω
262 2238 346 2289 καὶ
374 2238 402 2289 ὁ
426 2237 660 2308 χάλκεος
679 2237 840 2291 αὑτοῦ
870 2238 1093 2310 ἀνδριὰς
1119 2238 1287 2304 ἕδειξέ
1307 2257 1359 2293 τι
1389 2240 1530 2312 ὑπὲρ
1553 2239 1653 2304 τὰς

116 2326 200 2378 τῶν
222 2328 379 2383 ἄλλων
409 2330 510 2383 ἀνθ
518 2329 717 2400 ρώπων
737 2331 969 2397 εἰκόνας,
995 2332 1433 2402 ἐπικατενεχθεὶς
1451 2331 1530 2402 τῷ
1554 2349 1655 2402 μα-

119 2419 343 2491 meam
368 2422 574 2495 ἐχθρῷ,
602 2423 747 2478 κατά
770 2441 911 2487 τινα,
942 2424 1017 2487 ὡς
1049 2423 1213 2489 ἐοικε,
1244 2423 1524 2494 δαιμονίαν
1560 2423 1655 2494 μέ-

118 2523 294 2583 ριμναν.
337 2515 477 2568 Ἀλλ’
510 2517 564 2568 οἱ
594 2516 825 2587 ἄφρονες
849 2515 1058 2582 Θάσιοι,
1088 2516 1183 2569 καὶ
1229 2514 1390 2568 θείων
1437 2513 1654 2585 ἄπειροι

118 2606 409 2675 πραγμάτων
432 2646 449 2672 ,
493 2607 888 2677 ὴγανάκτησάν
922 2624 1002 2672 τε,
1030 2608 1127 2660 καὶ
1153 2605 1285 2676 ἄγος
1312 2606 1653 2660 ἐπεκάλεσαν

114 2694 171 2765 τῷ
194 2697 471 2771 ἀνδριάντι,
504 2700 606 2752 καὶ
628 2698 781 2768 δίκην
802 2697 1211 2770 εἰσεπράξαντο,
1229 2699 1324 2751 καὶ⁸
1354 2697 1654 2752 καταδῦσαι

114 2787 372 2859 ἐτόλμησαν
399 2793 479 2853 είς
513 2789 616 2861 τὴν
644 2790 934 2847 θάλασσαν.
966 2791 1041 2844 Οὐ
1080 2789 1183 2862 μὴν
1214 2789 1467 2859 διέφυγόν
1504 2807 1569 2859 γε
1602 2791 1653 2843 οἱ

113 2877 284 2943 Θάσιοι,
315 2881 426 2935 ἀλλ’
449 2883 500 2934 οἱ
526 2880 642 2933 Θεοί
661 2880 902 2945 ἐδίδαξαν
939 2880 1125 2952 ἡλίκον
1154 2881 1322 2934 κακὸν
1356 2881 1448 2934 ὑπ’
1475 2880 1654 2936 αὐτῶν

114 2971 339 3044 ἐτολμήθη
360 3015 374 3037 ,
406 2974 571 3044 λιμὸν
605 2972 1014 3044 ἐπιπέμψαντες
1053 2972 1145 3026 τὸν
1174 2971 1273 3043 τῆς
1313 2974 1460 3037 θείας
1498 2973 1656 3043 δίκης

113 3060 349 3117 διάκονον*
377 3066 438 3129 ὃς
469 3065 681 3131 ἐδίδαξε
714 3064 867 3135 μόλις
900 3066 1096 3128 αὐτοὺς
1119 3064 1189 3118 τὰ
1223 3065 1332 3118 τῶν
1359 3064 1497 3119 θεῶν
1529 3063 1654 3134 βου-

115 3152 349 3224 λεθματα,
379 3159 491 3222 ὅτε,
522 3156 1037 3228 φιλανθρωπότατος
1069 3156 1206 3210 θεῶν
1240 3157 1304 3209 σὺ
1344 3156 1423 3227 τῷ
1468 3153 1653 3225 οἰκείῳ

116 3247 277 3317 τρῢπῳ,
306 3248 400 3318 τὴν
431 3247 691 3319 βοήθειαν
718 3247 897 3310 αὐτοῖς
936 3245 1207 3317 ἔπεμψας,
1233 3247 1406 3315 λέγων
1423 3263 1439 3277 ’

1755 1958 2104 2012 damnarunt.
2152 1956 2232 2011 Ex
2263 1957 2462 2027 quibus
2507 1972 2654 2013 nunc
2692 1957 2911 2015 demum
2944 1959 3220 2030 intelligo,
3249 1960 3335 2016 di-

1754 2051 1943 2105 vinum
1975 2052 2135 2120 plane
2167 2050 2373 2120 aliquid
2398 2064 2521 2106 esse
2548 2051 2887 2121 pugilatum:
2909 2051 2962 2107 id
2983 2052 3128 2122 quod
3150 2053 3335 2110 videre

1754 2158 2035 2211 nunquam
2054 2184 2069 2209 ,
2100 2142 2186 2196 vel
2216 2156 2405 2197 eorum
2424 2184 2440 2209 ,
2475 2143 2568 2212 qui
2595 2157 2655 2197 se
2702 2141 2976 2212 sapientes
3002 2142 3165 2214 vulgo
3195 2158 3335 2214 pra:-

1754 2234 2031 2300 dicabant,
2066 2233 2311 2303 plerique
2342 2242 2587 2303 potuere.
2618 2232 2808 2301 Secus,
2844 2235 3068 2291 omissis
3096 2236 3173 2291 illi
3205 2251 3337 2308 pro-

1757 2324 1899 2379 fecto
1950 2324 2163 2380 honesti
2210 2324 2454 2393 rectique
2502 2324 2741 2390 studiis,
2790 2324 2858 2379 ad
2907 2324 3094 2381 Thasii
3136 2328 3336 2400 pugilis

1755 2414 2500 2483 imitationemadhzesissent.
2528 2414 2663 2469 Nam
2683 2423 2743 2470 ut
2765 2431 2890 2471 eum
2920 2419 3127 2488 superi,
3145 2434 3337 2492 quem-

1756 2507 2049 2563 admodum
2079 2506 2446 2573 Cleomedem,
2482 2507 2892 2563 immortalitate
2918 2524 3027 2564 non
3056 2510 3333 2577 donarint,

1756 2603 2029 2674 praecipuo
2051 2608 2232 2656 tamen
2262 2615 2451 2655 amore
2481 2600 2756 2672 prosecuti
2792 2610 2940 2656 sunt.
2987 2601 3169 2675 Usque
3197 2604 3335 2660 adeo

1756 2694 2034 2766 singulare
2087 2691 2346 2763 quiddam
2378 2732 2393 2757 ,
2451 2706 2615 2758 supra
2676 2698 2995 2746 caterorum
3048 2693 3331 2749 hominum

1756 2784 2045 2855 imagines,
2071 2796 2283 2837 aeneum
2323 2780 2444 2848 ejus
2475 2779 2832 2835 simulacrum
2882 2779 3158 2841 ostendit,
3206 2794 3332 2834 cum

1756 2878 1811 2931 in
1838 2883 2002 2945 caput
2040 2873 2287 2937 inimici,
2336 2887 2367 2925 a
2403 2887 2513 2942 quo
2547 2879 2661 2925 tum
2711 2869 2926 2940 ﬂagello
2973 2871 3332 2940 pulsabatur,

1756 2971 1980 3035 repente
2026 2962 2262 3027 cecidit,
2308 2977 2418 3018 non
2468 2961 2588 3016 sine
2614 2960 2799 3016 divino
2827 3000 2843 3024 ,
2888 2961 2967 3016 uti
3007 2961 3182 3016 visum
3226 2973 3330 3020 est.

1757 3057 2010 3114 consilio.
2045 3055 2115 3109 At
2149 3055 2431 3109 enimvero
2456 3053 2716 3109 vecordes
2745 3051 2957 3119 Thasii,
2993 3062 3049 3108 et
3078 3053 3132 3107 in
3169 3052 3332 3107 rebus

1757 3149 1958 3205 divinis
1985 3147 2278 3217 peregrini,
2311 3161 2498 3201 casum
2546 3145 2737 3216 iniquo
2788 3143 2932 3199 ferre
2962 3144 3147 3199 animo
3173 3183 3188 3208 ,
3217 3143 3334 3214 pia-

1681 3237 1724 3295 C
1755 3243 1864 3297 culi
1907 3235 2264 3296 simulacrum
2305 3251 2584 3291 arcessere
2610 3275 2625 3301 ,
2676 3250 2866 3306 poenas
2910 3242 3153 3304 repetere
3177 3273 3192 3298 ,
3229 3249 3333 3304 po-

117 3348 277 3395 stremo
301 3341 353 3395 in
382 3357 537 3396 mare
566 3341 851 3412 projicere.
904 3338 1150 3404 Frustra,
1184 3340 1324 3394 nihil
1361 3340 1505 3394 enim
1575 3346 1840 3409 egerunt:
1876 3335 2008 3399 imo,
2032 3348 2196 3404 quam
2246 3346 2366 3387 sese
2420 3330 2571 3402 gravi
2637 3330 2842 3387 scelere
2870 3328 3332 3393 obstrinxissent,

119 3421 223 3484 fame
274 3432 624 3501 postmodum
659 3431 884 3502 iustitiae
911 3430 1109 3486 divinae
1141 3431 1486 3497 administra,
1523 3445 1714 3486 eorum
1751 3428 1805 3481 in
1846 3426 2122 3496 regionem
2172 3422 2443 3489 immissa,
2472 3422 2657 3493 superi
2704 3422 2961 3478 docuere.
3002 3420 3329 3491 Quanquam

122 3524 182 3578 vix
218 3528 285 3583 illi
322 3530 484 3585 etiam
526 3538 648 3583 tum
692 3527 930 3582 divinam
1002 3542 1297 3597 agnoscere
1340 3527 1673 3581 voluntatem
1744 3531 2060 3595 potuerunt.
2122 3522 2310 3591 Itaque
2364 3529 2423 3573 tu
2475 3519 2565 3574 ilie
2611 3518 2839 3574 deorum
2894 3518 3329 3603 humanissimus

121 3633 240 3687 opem
259 3638 399 3678 more
427 3630 525 3677 tuo
549 3619 965 3676 consulentibus
987 3619 1184 3687 tulisti,
1218 3619 1323 3675 hoc
1342 3618 1648 3676 versiculo:

117 3739 189 3806 εἷς
204 3741 415 3812 πάτρην
435 3743 719 3815 φυγάδας
745 3742 1014 3814 κατάγων
1032 3742 1345 3811 Δήμητραν
1368 3740 1641 3812 ἀμήσεις.

125 3889 597 3967 ’Δλῖοίὰὅέλτεροι
629 3895 790 3949 πάλιν
834 3897 958 3961 τοὺς
985 3897 1286 3966 φεύγοντας
1328 3894 1648 3970 ἀνθρώπους

120 3979 261 4051 ᾤοντο,
288 3987 363 4040 ὃτι
386 3986 469 4040 δεῖ
495 3987 699 4050 αὐτοὺς
721 3988 1072 4042 κατακαλεῖν·
1098 3988 1286 4053 κακῶς
1322 3989 1544 4053 εἰδότες.
1581 3987 1647 4039 Τί

127 4072 201 4144 γὰρ
229 4076 283 4148 δὴ
305 4080 394 4132 καὶ
418 4080 576 4151 μέλει
606 4081 720 4143 τοῖς
760 4079 1331 4153 ἀφιλανθρωποτάτοις
1374 4079 1516 4143 θεοῖς
1554 4080 1647 4132 ἀν-

122 4161 306 4235 θρώπων
324 4172 638 4226 κατακαλου
646 4172 842 4243 μένων,
861 4172 1094 4245 ὅσονπερ
1115 4173 1445 4245 ἀνδριάντων
1463 4189 1478 4238 ;
1495 4171 1648 4242 Ἀμέ-

122 4266 179 4309 λει
201 4262 332 4316 οὐδὲν
357 4265 451 4317 ἐπὶ
469 4265 655 4336 τούτῳ
683 4264 933 4338 ὠφελήθη
969 4268 1003 4337 ἡ
1034 4266 1128 4337 γῆ,
1162 4264 1303 4318 ὥστε
1334 4263 1645 4318 παύσασθαι

124 4352 326 4408 δοσοῧσαο
362 4359 411 4411 εί
440 4358 519 4429 μὴ
546 4356 662 4412 τῶν
691 4357 865 4425 σοφῶν
903 4358 997 4411 καὶ
1025 4356 1404 4428 ἐπισταμένων
1438 4373 1521 4419 τις
1553 4354 1647 4407 τὸν

116 4443 225 4494 θεῖον
242 4444 357 4499 νοῦν
398 4447 609 4518 συνῆκε
636 4487 652 4512 ,
683 4446 898 4516 φυγάδα
921 4441 1060 4500 εἶναι
1086 4447 1178 4501 τὸν
1218 4462 1645 4500 καταπεποντω-

1754 3732 1914 3807 232
1946 3730 2122 3787 Redde
2151 3730 2304 3784 modo
2354 3726 2620 3782 exsulibus
2668 3726 2933 3796 patriam,
2977 3725 3329 3869 ῗίἔξῗρρᾶἲρῖιι

1752 3895 1854 3953 Hic
1882 3910 2075 3967 nempe
2114 3908 2221 3948 non
2261 3891 2444 3946 minus
2481 3887 2697 3955 stolidi,
2732 3887 3068 3943 revocandos
3107 3889 3327 3944 exsules

1754 4005 1863 4044 non
1918 3988 2056 4043 alios
2101 3999 2224 4040 esse
2255 3996 2421 4054 quam
2469 3981 2722 4035 homines
2768 3978 3054 4048 putabant.
3108 3979 3325 4034 insulse

1751 4089 1920 4131 vero:
1955 4073 2084 4145 quid
2116 4071 2260 4128 enim
2295 4070 2401 4126 diis
2451 4068 2873 4124 immanissimis‘
2911 4076 3128 4122 tantum
3176 4083 3324 4125 curae

1752 4169 1861 4223 sint
1888 4166 2139 4223 homines
2169 4165 2238 4219 ab
2258 4163 2452 4219 exsilio
2477 4161 2791 4228 revocandi,
2833 4169 3097 4231 quantum
3129 4160 3323 4231 imagi~

1752 4274 1850 4314 nes
1902 4254 2292 4312 restituendae?
2322 4253 2465 4323 Ergo
2512 4252 2683 4307 nihilo
2713 4259 2903 4321 postea
2948 4251 3172 4306 meliore
3206 4252 3323 4308 solo

1752 4350 1853 4412 uti,
1888 4347 2026 4402 nihil
2059 4360 2289 4417 usquam
2324 4345 2377 4398 vi
2412 4343 2587 4398 morbi
2622 4343 2931 4398 remittente
2959 4359 2973 4396 :
3014 4341 3190 4397 donec
3228 4359 3318 4396 so-

1748 4439 1936 4494 lertior
1975 4437 2270 4507 quispiam,
2304 4435 2518 4491 acutius
2549 4435 2616 4489 de
2649 4449 2903 4503 superum
2934 4445 3112 4491 mente
3140 4435 3316 4504 conji-

126 4531 242 4589 ιι-ἐνον
261 4538 565 4610 ἀνδριάντα.
602 4540 715 4593 Καὶ
737 4535 805 4610 ἦν
828 4538 1020 4602 οὕτως.
1044 4540 1195 4609 Ἀμα
1220 4537 1328 4610 γὰρ
1350 4534 1640 4604 ἀνεστάθη,

1752 4532 1899 4585 ciens
1930 4571 1947 4597 ,
1994 4528 2204 4584 exsulis
2262 4528 2485 4582 nomine
2528 4526 2832 4581 demersam
2879 4525 3029 4581 illam
3083 4535 3317 4582 statuam

127 4623 188 4674 cel
210 4626 350 4692 εὐθὺς
380 4631 414 4702 ἡ
448 4631 550 4700 μὲν
579 4631 653 4700 γῆ
679 4630 989 4694 ἀνέϐαλλεν,
1022 4629 1073 4683 οἱ
1099 4629 1158 4682 δὲ
1187 4628 1419 4698 ἐκώμων
1456 4625 1643 4696 Δήμη-

126 4730 183 4782 τρι
195 4716 374 4776 λοιπόν.
406 4723 535 4786 Πῶς
563 4718 659 4776 οὖν
689 4725 748 4776 οὐ
781 4723 1052 4795 τεκμήρια
1079 4719 1253 4776 ταῦτά
1278 4722 1414 4774 εἰσιν
1437 4716 1641 4788 ἐναργῆ

126 4802 190 4869 τῆς
213 4806 525 4880 θεοπρεποῦς
556 4811 874 4882 ἀθλητικῆς,
903 4814 984 4866 ὅτι
1008 4812 1127 4867 ἐστὶ
1151 4810 1502 4880 θεοτίμητος;
1531 4807 1642 4860 Καὶ

121 4892 199 4962 Υέιρ
223 4898 304 4950 καὶ
332 4902 421 4953 ἐπὶ
450 4901 754 4955 πεντάθλου
787 4901 1058 4973 ἀνδριάντι
1100 4900 1413 4972 ὕὸρισμένῳ
1453 4898 1644 4968 ἐμήνι-

117 5000 191 5038 σαν
214 4990 257 5042 οί
279 4991 400 5059 θεοὶ,
434 4994 532 5047 καὶ
560 4995 762 5065 Λοκροὶ
787 4993 1079 5065 ἐπείνησαν
1105 4992 1193 5046 διὰ
1223 4992 1410 5053 τοῦτο,
1449 4989 1639 5059 ὥσπερ

111 5076 279 5145 Θάσιοι,
304 5084 405 5148 ἕως
433 5087 640 5149 αὐτοὺς
665 5086 852 5140 ἰάσατο
877 5085 1053 5154 λόγιον
1078 5085 1170 5138 σὸν
1200 5083 1322 5155 ἔχον
1358 5082 1530 5145 οὕτως
1550 5099 1563 5112 ·

1748 4622 1970 4693 intelligi
1996 4621 2343 4675 declarasset.
2384 4618 2450 4673 Et
2488 4632 2644 4679 vere.
2667 4615 2804 4671 Nam
2834 4617 2997 4672 simul
3023 4625 3186 4687 atque
3217 4633 3321 4673 suo

1746 4716 1979 4785 reposita
2010 4713 2131 4768 loco
2162 4710 2284 4775 fuit,
2315 4710 2620 4781 germinare
2650 4719 2794 4764 terra
2826 4711 3085 4764 continuo
3108 4751 3122 4775 ,
3173 4708 3321 4764 Tha-

1748 4810 1923 4879 siique
1948 4794 2201 4874 deinceps
2226 4818 2478 4871 agrorum
2510 4802 2758 4857 ubertate
2804 4802 3030 4872 gliscere
3060 4816 3124 4857 ac
3151 4802 3316 4856 luxu-

1746 4896 1891 4949 riare
1915 4898 2221 4962 coeperunt.
2263 4889 2398 4956 Quis
2422 4890 2538 4945 hate
2578 4906 2744 4960 porro
2788 4906 2899 4945 non
2936 4905 3036 4960 pro
3074 4891 3318 4947 certissi-

1745 4984 1850 5038 mis
1876 4981 2210 5053 argumentis
2247 4981 2463 5045 habeat,
2492 4996 2654 5051 quam
2684 4980 2806 5051 jure
2829 4995 2894 5035 ac
2919 4980 3114 5036 merito
3143 4979 3314 5035 divini

1746 5077 1981 5131 honores
2004 5073 2199 5129 divinae
2227 5074 2553 5128 athletarum
2584 5073 2637 5127 vi
2675 5082 2730 5127 et
2771 5070 3052 5128 industriae
3077 5072 3313 5127 debean-

117 5173 218 5225 tur?
244 5175 365 5233 Nam
415 5189 472 5236 et
521 5190 747 5250 propter
795 5181 1019 5235 alterius
1058 5178 1497 5251 quinquertionis
1549 5184 1784 5229 statuam
1842 5171 1978 5225 alias
2033 5169 2287 5224 violatam
2344 5183 2601 5224 exarsere
2637 5168 2735 5234 dii,
2762 5182 2863 5223 nec
2907 5167 3118 5221 minore
3150 5165 3311 5223 Locri

114 5277 351 5337 immersa
382 5292 547 5345 quam
595 5274 779 5331 Thasii
810 5275 954 5330 fame
995 5276 1335 5340 laborarunt,
1372 5275 1542 5330 donec
1577 5282 1632 5325 tu
1669 5281 1887 5340 quoque
1916 5265 2021 5320 hoc
2046 5278 2311 5334 responso
2342 5263 2702 5319 calamitatem
2731 5263 2939 5317 levares
2973 5280 2988 5317 :

114 5384 199 5437 ‘Er
216 5389 336 5459 τιμῇ
363 5392 473 5446 τὸν
488 5391 706 5462 ἄτιμον
729 5394 906 5461 ἔχων,
926 5393 1061 5446 τότε
1077 5391 1254 5461 ra'iar
1285 5388 1557 5458 ἀρώσεις.

121 5494 280 5592 ovi-{sp
311 5501 508 5575 Λοκροὶ
536 5502 766 5573 ⁴ᾔσθοντο
806 5503 1041 5567 διανοίας
1077 5502 1231 5565 θείας
1272 5504 1535 5572 πρότερον
1558 5542 1573 5567 ,
1598 5500 1632 5570 ἢ

173 5659 193 5684 ι
214 5651 285 5703 lc.
314 5654 586 5719 ἀνέξεται.
664 5656 693 5696 b
720 5656 805 5709 ῑσ.
834 5656 1141 5728 ἀπειλήσει.

176 5779 263 5853 (³6)
299 5787 488 5853 Θασίῳ
518 5788 741 5857 πύκτῃ.
776 5786 1089 5859 Theagenes
1111 5788 1157 5845 is
1180 5786 1304 5843 fuit.

1738 5378 1916 5435 Redde
1946 5379 2102 5433 decus
2134 5377 2260 5432 Iaso
2283 5394 2304 5443 ;
2333 5394 2473 5449 seges
2500 5377 2678 5447 ampla
2708 5384 2950 5445 sequetur
2982 5383 3245 5429 aratrum.

1739 5488 1852 5547 Nec
1887 5492 2031 5547 enim
2064 5490 2308 5547 divinum
2338 5489 2406 5545 iis
2437 5487 2725 5544 consilium
2755 5485 3005 5543 subolere
3037 5497 3162 5541 ante
3209 5499 3311 5558 po-
