3862 6220
58 2090 61 2099 ί
116 2054 202 2091 πων
221 2036 353 2107 ὓϐριν
377 2054 435 2090 τε
458 2037 552 2090 καὶ
582 2035 844 2105 εὐνομίην
874 2032 1152 2105 ἐφεώρων,
1190 2034 1293 2087 οὐκ
1339 2032 1407 2087 ἂν
1450 2032 1643 2087 τοσοῦ-

58 2244 59 2251 ι
113 2216 363 2287 χωρηκὲναι
389 2217 449 2270 τὸ
472 2217 669 2280 κακὸν,
690 2213 975 2269 ἐπιδιαόἁν
1000 2217 1095 2269 καὶ
1122 2218 1202 2279 εἰς
1226 2214 1318 2268 τὸν
1338 2214 1640 2285 Ὄλυμπον,

58 2674 59 2743 ξ
110 2673 231 2740 λίνοις
275 2675 620 2740 ἀνείλκυσαν,
667 2675 764 2729 καὶ
790 2675 889 2741 δὶς,
930 2676 981 2729 εἰ
1005 2675 1206 2747 βούλει,
1235 2675 1329 2730 καὶ
1360 2676 1501 2747 τρὶς,
1543 2673 1640 2727 καὶ

58 2822 61 2893 l

58 3028 59 3077 ἒ
113 3049 242 3101 vim,
269 3036 339 3091 ἔτι
360 3038 541 3103 αὐτοῖς
562 3036 840 3108 ἐνεπλάκη
869 3040 980 3101 τοῖς
1000 3037 1187 3102 λίνοις.
1218 3038 1359 3091 Ἀλλ’
1385 3038 1445 3107 ἐξ
1468 3037 1638 3114 ἄκρου

58 3212 61 3255 Ὺ
116 3220 491 3293 σκεδάσματοςι)
514 3223 567 3277 τί
604 3224 722 3276 ποτ’
747 3218 840 3277 οὖν
866 3222 1133 3293 ἔπραττεν
1167 3223 1232 3276 ἐν
1247 3221 1326 3294 τῷ
1375 3223 1634 3292 πελάγει;

57 2855 61 2941 ξ
112 2855 154 2920 ἐξ
171 2858 350 2912 ἐκείνου
378 2861 458 2924 είς
486 2860 551 2912 τὸ
583 2857 821 2912 Λιϐυκὸν
849 2856 1240 2923 ἐξοκείλαντες,
1281 2857 1388 2911 οὐδ’
1435 2860 1517 2921 είς
1541 2856 1642 2928 τὴν

120 328 195 384 ιοι
1231 334 1554 391 ΡΒΑΞΡΑΒ.
1590 336 1632 391 Ε

1742 335 1849 396 NG.
1888 337 2015 392 LIB.
2060 338 2120 391 Υ.
3211 336 3318 391 s03

118 449 220 517 ἡμῖν
245 445 305 498 τὰ
328 445 450 517 περὶ
467 444 561 500 τοῦ
587 446 819 502 θανάτου
853 449 1061 516 ἔδειξας
1090 454 1184 507 καὶ
1212 453 1314 524 τῆς
1345 454 1492 525 ζωῆς
1510 496 1526 521 ,
1561 457 1637 509 ὅτι

1749 458 1944 514 mortis
1996 458 2391 522 decreverunt,
2445 457 2589 525 quod
2634 456 2810 512 lenius
2862 456 3213 512 Cbaritonem
3266 468 3320 511 et

119 532 355 588 κάλλιστόν
394 534 448 587 τί
493 536 639 590 ἐστιν
681 538 716 608 ἠ
762 539 1071 610 ζωή.ιἘπὶ
1105 540 1315 608 τούτοις
1344 543 1517 600 ἅπασι
1549 547 1637 601 καὶ

1752 545 2117 616 Melanippam
2146 546 2417 604 habuerit.
2461 547 2530 601 At
2573 554 2630 602 tu
2663 547 2789 602 vita
2819 547 3120 617 mortisque
3151 548 3321 602 ratio.

116 625 206 679 τόδε
228 625 566 695 προσκείσθω.

1745 655 1866 703 nes,
1899 640 1989 693 vix
2020 640 2168 704 licet,
2203 639 2460 708 praeclare
2490 648 2668 693 tamen
2697 638 3035 708 expressisti,
3063 638 3192 694 dum
3216 639 3320 692 hoc

1739 725 1888 782 facte
1934 729 2097 783 vitam
2142 729 2405 784 eximium
2458 728 2717 799 quiddam
2747 743 2869 785 esse
2887 728 3304 801 comprobasti.»

1731 820 1945 888 Quibus
1970 824 2224 878 omnibus
2250 824 2356 879 hoc
2382 833 2719 893 postremum
2747 821 3128 893 adiungamus.

2279 917 2509 973 CAPUT
2546 916 2788 973 XXXVI.

1775 1030 1913 1084 Illos
1937 1030 2099 1084 etiam
2117 1028 2366 1098 jussisse,
2397 1037 2455 1082 ut
2481 1029 2707 1082 materia
2737 1028 2979 1081 inanima
3006 1025 3288 1082 coleretur.

124 1150 141 1183 ι
172 1132 326 1187 Ἀλλὰ
349 1132 441 1186 καὶ
489 1133 820 1202 Μηθύμνης
847 1133 959 1204 (42)
988 1134 1228 1203 ναέταις
1256 1137 1414 1212 πολρ
1456 1137 1637 1193 λώϊον

1750 1161 1770 1195 ι
1807 1143 1906 1198 Res
1932 1143 2027 1196 tibi
2062 1141 2380 1212 Methymna:
2407 1141 2613 1212 felicius
2645 1139 2819 1194 incola
2847 1140 3010 1208 cedet,

118 1272 385 1340 θαλληνὸν
409 1271 621 1342 τιμῶσι
642 1275 953 1329 Διονύσοιο
982 1273 1271 1344 κὰρηνον.
1322 1206 1533 1279 [ἔσται
1551 1250 1566 1273 ’

556 908 953 965 ΚΕΦΑΛΔΙυΝ
1005 913 1146 978 ΔΕΓ.

122 1018 213 1073 Ὅτι
247 1018 333 1074 καί
366 1017 479 1088 τὴν
501 1018 750 1090 ἄψυχον
778 1019 938 1090 ὕλην
968 1020 1171 1077 σέϐειν
1208 1024 1634 1092 προσέταττον.

1748 1282 1807 1339 Si
1831 1283 2031 1337 Bacchi
2055 1291 2213 1354 caput
2237 1298 2302 1337 ea:
2336 1284 2486 1337 tereti
2516 1281 2822 1337 venerabere
2850 1279 3016 1351 ligno.

118 1389 270 1444 θόονσι
292 1388 395 1459 γὰρ
425 1389 481 1442 at
511 1388 702 1453 πόλεις
731 1390 824 1442 καὶ
856 1388 1076 1453 τελετὰς
1114 1389 1359 1459 ᾱγουσιν,
1393 1392 1455 1446 οὐ
1482 1393 1637 1464 μόνον

1742 1396 1952 1451 Passim
2001 1398 2201 1467 quippe
2245 1395 2493 1451 civitates
2521 1436 2535 1459 ,
2582 1410 2692 1448 non
2742 1394 2926 1464 lignea
2969 1391 3171 1456 modo,
3225 1389 3319 1444 sed

118 1482 346 1552 σαλληνοίς
365 1480 639 1535 Διονύσοιο
670 1482 947 1554 καρήνοις,
981 1481 1118 1537 ἀλλὰ
1146 1484 1240 1537 καὶ
1274 1483 1516 1549 λιθίνοις,
1546 1486 1637 1539 καὶ

1742 1490 1907 1543 etiam
1938 1488 2171 1558 lapidea,
2202 1502 2365 1553 aerea,
2390 1501 2557 1540 aurea
2590 1485 2785 1540 Bacchi
2810 1484 3011 1553 capita,
3039 1479 3321 1538 sacriﬁciis

116 1576 342 1647 χαλκέοις,
391 1579 483 1631 καὶ
534 1576 810 1649 χρυσέοις.
852 1576 962 1647 (45)
995 1576 1071 1630 Οὐ
1120 1577 1281 1648 μόνον
1328 1578 1637 1650 φαλληνοῖς,

1743 1594 1808 1634 ac
1842 1579 1999 1634 statis
2030 1577 2387 1648 religionibus
2418 1585 2789 1631 venerantur:
2825 1575 2936 1629 imo
2973 1588 3081 1627 non
3120 1571 3319 1627 Bacchi

115 1667 219 1721 ἀλλὰ
239 1668 521 1732 καὶιαύτοῖς
547 1669 665 1730 τοῖς
702 1666 1019 1731 Διονυσίοις,
1046 1668 1142 1720 καὶ
1169 1666 1351 1731 ἄλλοις
1381 1669 1637 1740 παμπόλ-

1746 1677 1956 1723 tantum
1989 1669 2167 1738 capita
2188 1708 2203 1733 ,
2234 1668 2329 1723 sed
2360 1667 2499 1723 alios
2528 1666 2691 1721 etiam
2721 1666 3011 1736 plerosque
3033 1665 3197 1730 deos,
3225 1663 3321 1732 qui

114 1761 198 1823 λοις
229 1759 518 1823 Ἡσιοδείοις
566 1758 733 1823 θεοῖς.
793 1759 926 1830 Τρ¹ις
952 1757 1063 1829 γὰρ
1107 1757 1184 1821 ὡς
1213 1758 1430 1831 ἀληθῶς
1463 1758 1637 1831 μύριοί

1747 1762 1966 1819 Hesiodi
2039 1764 2240 1819 fabulis
2305 1762 2668 1818 celebrantur.
2733 1758 3024 1815 Enimvero
3097 1757 3320 1829 triginta

116 1856 217 1909 εἰσιν
242 1854 321 1907 ἐπὶ
345 1853 490 1924 χθονὶ
520 1851 943 1924 πουλυϐοτείρῃ,
968 1851 1069 1903 οὐκ
1099 1849 1377 1915 ἀθάνατοι,
1410 1850 1549 1905 ἀλλὰ
1570 1851 1637 1905 λί-

1742 1856 1924 1927 plane,
1971 1870 2083 1911 non
2128 1855 2243 1925 jam
2274 1854 2701 1919 immortalium,
2748 1851 2841 1907 sed
2873 1851 3234 1922 lapideorum,
3267 1859 3322 1905 et

1741 1949 2044 2019 ligneorum
2067 1947 2293 2001 humani
2315 1946 2529 2017 generis
2554 1944 2901 2001 dominorum
2929 1942 3119 2007 millia,
3136 1942 3321 1997 nutrix

1741 2037 2100 2107 animantium
2133 2046 2276 2093 terra
2303 2037 2705 2107 complectitur,
2734 2038 2825 2105 qui
2857 2034 3122 2105 profecto,
3153 2034 3200 2089 si
3227 2048 3323 2088 co-

1742 2130 2054 2201 gnoscendo
2099 2129 2384 2185 hominum
2436 2129 2669 2190 sceleri,
2717 2127 2938 2198 jurique
2983 2133 3319 2197 praeessent,

1743 2237 2024 2292 nunquam
2050 2237 2116 2277 eo
2142 2237 2411 2293 nugarum
2435 2221 2652 2277 vanitas
2674 2220 3025 2285 excrevisset,
3048 2218 3128 2273 uti
3159 2215 3327 2289 23‘

1743 2315 1811 2371 ad
1835 2331 1933 2371 vos
1979 2330 2153 2386 usque
2192 2315 2397 2369 malum
2443 2313 2791 2385 perveniret,
2838 2310 3067 2382 Olympo
3103 2324 3321 2380 quo:;ue

1743 2417 2020 2479 superato,
2046 2408 2139 2462 ubi
2171 2407 2382 2474 divum,
2408 2407 2589 2461 aiunt:
2615 2403 2775 2461 Sedes
2796 2421 2983 2458 secura
3013 2419 3104 2473 per
3128 2417 3315 2458 (suum.

1742 2497 1875 2565 Quae
1908 2497 2175 2554 securitas
2207 2496 2254 2552 si
2285 2511 2411 2551 vere
2437 2497 2759 2566 jactaretur,
2787 2508 2962 2564 nugas
2994 2508 3188 2549 omnes
3225 2507 3326 2548 ex-

1741 2591 2019 2655 cluderet,
2073 2604 2174 2645 nec
2214 2587 2589 2660 Olympiorum
2635 2586 2926 2657 quisquam
2974 2599 3042 2639 eo
3084 2585 3324 2640 vesaniae

1741 2680 2083 2745 devenisset,
2122 2687 2181 2732 ut
2227 2677 2512 2748 oleagineo
2539 2675 2754 2731 caudici
2789 2674 3130 2729 divinitatem
3175 2675 3323 2729 inse-

1740 2781 1905 2827 reret.
1976 2770 2132 2825 lllum
2201 2768 2401 2824 etenim
2471 2781 2685 2837 sagenaa
2744 2766 2978 2837 plagulis
3047 2765 3320 2821 irretitum

1741 2862 2182 2933 Methymnenses
2206 2869 2577 2923 extraxerant,
2605 2858 2770 2928 idque
2794 2858 2964 2912 semel
2988 2859 3318 2927 iterumque,

1740 2954 1789 3010 si
1822 2953 2040 3022 placet,
2085 2951 2199 3006 imo
2230 2950 2395 3005 etiam
2449 2949 2608 3004 tertio
2632 2989 2648 3015 ,
2700 2947 2786 3001 vel
2819 2947 3018 3017 saepius
3065 2946 3322 3003 demissis

1740 3042 1994 3099 eumdem
2032 3040 2085 3095 in
2109 3041 2289 3096 locum
2320 3040 2529 3095 retibus
2569 3036 2853 3094 iecerant:
2901 3038 3029 3094 inde
3060 3052 3192 3092 vero
3228 3036 3321 3092 Li-

1741 3135 1941 3208 bycum
1984 3133 2039 3187 in
2088 3147 2241 3187 mare
2267 3131 2452 3196 delati,
2494 3145 2843 3201 nequaquam
2874 3145 2998 3185 eum
3032 3129 3087 3183 in
3116 3137 3321 3185 terram

1740 3234 2112 3284 excusserant.
2151 3224 2211 3280 ω
2241 3224 2388 3279 enim
2431 3224 2476 3279 si
2525 3222 2822 3288 fecissent,
2876 3236 2987 3277 non
3028 3222 3146 3293 jam
3172 3262 3188 3287 ,
3224 3238 3321 3292 per

1739 3317 2036 3386 Bacchum,
2066 3318 2287 3374 easdem
2320 3316 2388 3372 ad
2412 3315 2660 3387 plagulas
2695 3314 3035 3371 adhaesisset.
3071 3314 3144 3369 At
3167 3315 3318 3370 enim

1740 3410 1950 3465 caudex
1976 3410 2031 3463 in
2062 3408 2257 3479 capitis
2289 3408 2524 3478 speciem
2563 3423 2595 3461 a
2627 3422 2848 3463 summo
2885 3407 3069 3477 stipite
3095 3406 3317 3464 confor-

1740 3513 1922 3557 matus
1956 3501 2102 3573 (rem
2128 3543 2144 3569 ,
2181 3517 2214 3556 ο
2255 3502 2477 3572 Apollo,
2520 3500 2815 3556 admodum
2850 3499 3224 3571 prodigiosam
3253 3501 3266 3553 !
3297 3500 3316 3569 )

1742 3591 1875 3662 quid
1917 3607 2101 3646 rarum
2149 3591 2204 3646 in
2254 3592 2443 3646 mari?
2485 3598 2694 3661 quaerat
2746 3591 2981 3647 fortasse
3019 3590 3314 3661 quispiam.

116 1945 217 1999 θινοι
238 1946 318 1998 καὶ
342 1944 534 2011 ξύλινοι
562 1944 823 1997 δεσπόται
854 1940 1189 2013 ἀνθρώπων
1226 1941 1300 2007 οἳ,
1345 1943 1394 1995 εί
1426 1941 1640 2014 ἀνθρώ-

114 2142 180 2189 τος
198 2126 315 2199 ήρθη
348 2126 530 2198 λῆρος,
572 2124 717 2178 ὥστε
740 2124 833 2178 καί
855 2122 953 2194 ἤδη
980 2124 1076 2178 καὶ
1125 2124 1319 2195 μέχρις
1360 2122 1514 2194 ὑμῶν
1545 2139 1642 2177 κε-

113 2308 331 2379 δθι,φασὶ,
355 2309 502 2364 θεῶν
523 2309 669 2376 ἕδος
687 2308 962 2379 ἀσφαλὲς
995 2309 1128 2362 αὶεί.
1166 2307 1360 2362 Καίτοι
1389 2308 1436 2362 et
1466 2310 1643 2378 ἀσφα-

112 2395 260 2471 ἓςῆν,
282 2402 371 2454 οὐκ
391 2396 457 2473 ἦν
489 2399 757 2454 ἐπιϐατὸν
782 2399 951 2472 λήρῳ,
985 2399 1095 2452 οὐδ’
1119 2399 1185 2452 ἂν
1217 2393 1299 2464 εἷς
1329 2417 1415 2464 τις
1452 2400 1644 2471 Ὀλυμ-φ

113 2492 213 2545 πίων
236 2495 305 2557 είς
330 2492 482 2547 τοῦτο
506 2488 648 2565 ἦλθε
676 2492 997 2565 παρανοίας,
1037 2491 1167 2545 ὥστ’
1192 2491 1401 2546 ἐλάϊνον
1435 2492 1642 2565 κορμὸν

114 2582 264 2638 iubeat
281 2601 294 2615 '
326 2584 381 2638 ὃν
415 2586 465 2638 οἱ
493 2583 847 2656 Μηθυμναῖοι
874 2582 1121 2654 σαγήνης
1154 2581 1504 2653 ἐμπλακέντα
1528 2584 1642 2646 τοῖς

112 2766 340 2832 πλεονάκις
379 2770 435 2822 ἐν
470 2767 551 2839 τῷ
580 2765 735 2838 αύτῷ
764 2766 1152 2839 σαγηνεύοντες
1196 2765 1475 2838 ἄνθρωποι
1495 2805 1512 2831 ,
1546 2766 1642 2820 καὶ

112 2942 183 3011 γῆν
206 2943 296 3010 ἔξω
308 2945 628 3009 ἐκϐαλόντες
659 2945 820 2999 αὐτόν
840 2962 853 2976 °
889 2946 1014 2999 ἐπεὶ
1035 2946 1137 3000 οὐκ
1164 2945 1258 3005 ἂν.
1281 2945 1356 3016 μὰ
1398 2945 1492 2999 τὸν
1518 2945 1641 3000 Διό-

115 3126 401 3201 κεφαλοειδὴς
448 3131 479 3184 δ
511 3129 724 3202 κορμὺς
766 3105 1094 3200 (Ἄπολλον,
1123 3128 1274 3194 ξένου
1309 3105 1439 3201 (ω’
1467 3105 1636 3184 κατα-
1666 3105 1708 3162 (ἒ

116 3309 380 3387 ἀπορήσειεν
420 3316 486 3371 ἄν
523 3333 636 3379 τις.
682 3315 749 3369 Τί
790 3314 899 3386 γὰρ
947 3314 1074 3370 ἄλλο
1097 3315 1131 3386 ἢ
1157 3315 1423 3389 ἐκάθητο;
1456 3315 1521 3387 νὴ
1542 3316 1635 3371 τὸν

117 3400 198 3463 Δία,
225 3406 487 3476 ἀναμένων
536 3406 651 3471 ἕως
695 3404 971 3479 ἄνθρωποι
1017 3408 1331 3479 μαινόμενοι
1390 3407 1488 3480 (οὗ
1525 3408 1635 3479 γὰρ

120 3496 230 3567 φήσω
246 3501 318 3554 ὅτι
344 3502 434 3556 καὶ
461 3501 616 3567 θεοὶ)
654 3502 1063 3573 ἐγκυρήσαντες
1081 3499 1251 3570 αὐτῷ,
1277 3499 1338 3554 οὐ
1356 3499 1630 3564 Διοπετὲς,

119 3587 213 3642 ἀλλὰ
245 3592 697 3657 Ποσειδωνοπετὲς
737 3593 1072 3664 ἡγήσωνται,
1110 3592 1345 3647 κᾶπειτα
1395 3592 1473 3655 εἰς
1498 3589 1633 3644 ἄστυ

118 3676 428 3750 ἀπαγάγωσιν,
461 3684 656 3756 ὥσπερ
676 3683 798 3738 τινὰ
822 3682 1030 3756 ἀγαθὴν
1051 3682 1241 3754 τύχην,
1266 3682 1443 3754 κακὴν
1469 3678 1634 3736 οὖσαν

118 3767 169 3833 ὡς
191 3771 374 3844 ἀληθῶς
394 3817 409 3843 ,
437 3776 501 3828 οὐ
543 3775 743 3846 τύχην,
778 3774 912 3828 ἀλλὰ
938 3774 1222 3844 τυφεδόνα.
1257 3775 1327 3827 Ἢ
1350 3772 1450 3827 οὐκ
1475 3773 1633 3845 ήρκει

119 3857 365 3929 inuitaui;
386 3865 598 3921 οἴκοθεν
622 3863 955 3928 διολλύουσα,
984 3863 1097 3916 ἀλλ’
1132 3863 1301 3934 αὐτὴν
1329 3861 1576 3932 ἐπέρωσέ
1606 3874 1633 3904 ι

118 3964 160 4003 τε
183 3956 255 4008 καὶ
274 3959 650 4028 προσεπέτεινε
680 3956 1024 4028 θεοπληξίας,
1056 3955 1133 4019 ὼς
1164 3953 1230 4008 ἄν
1259 3971 1343 4019 τις
1369 3953 1544 4019 εἴποι,
1571 3956 1635 4007 ἐκ

116 4042 285 4115 ΔελσιῖΝ
307 4051 689 4122 μετάπεμπτος
709 4048 966 4121 ἐπιθήκη.
1002 4066 1021 4099 ι
1051 4046 1290 4100 Τοιαῦτα
1318 4045 1415 4098 καὶ
1436 4047 1471 4119 ¹ὁ
1492 4045 1637 4098 Οίνό-

121 4148 235 4202 μεως.
268 4138 413 4193 Ἀλλὰ
435 4141 545 4212 γὰρ
579 4139 720 4211 μετὰ
758 4138 826 4192 τὰ
861 4137 1147 4210 εἰρημένα,
1197 4135 1438 4208 μεταϐὰς
1479 4130 1635 4199 αὖθις

118 4226 186 4280 ἐπὶ
198 4232 277 4303 τὴν
303 4235 363 4288 ἐκ
391 4234 587 4304 λογίων
621 4234 938 4305 φιλοσοφίαν
966 4231 1059 4286 τοῦ
1087 4231 1184 4304 τὴν
1206 4230 1326 4285 καθ’
1344 4231 1499 4303 ἡμῶν
1526 4231 1638 4284 δια-

120 4316 239 4392 6(πλὴν
268 4328 623 4398 πεποιημένου
653 4367 668 4393 ,
705 4325 973 4394 ἀνάγνωθι
1007 4327 1070 4378 ἐκ
1112 4323 1222 4376 τῶν
1258 4324 1386 4394 περὶ
1441 4325 1636 4395 εἱμαρ-

122 4412 250 4483 μένης
268 4416 352 4471 τοῦ
371 4419 574 4473 Πυθίου
609 4416 879 4490 χρησμῶν
897 4435 910 4447 -
942 4418 991 4470 εί
1015 4417 1096 4489 μὴ
1114 4415 1211 4469 καὶ
1238 4414 1321 4468 σοὶ
1346 4413 1495 4477 θείας
1538 4413 1633 4466 ἀλ-

120 4500 281 4576 λάτριας
306 4508 374 4564 ὢν
399 4511 685 4582 δυνάμεως
719 4510 800 4563 ἔτι
838 4509 1057 4581 μᾶλλον,
1092 4508 1121 4560 ὁ
1162 4509 1291 4581 περὶ
1329 4505 1438 4560 τῶν
1474 4505 1634 4578 θρυλ-

1742 4507 1910 4578 plagae
1933 4508 2178 4563 accessio
2207 4506 2448 4578 Delphis,
2480 4516 2540 4562 ut
2570 4508 2643 4562 ita
2679 4508 2895 4578 loquar,
2928 4508 3194 4563 arcessita
3220 4523 3317 4561 cu-

122 4592 338 4667 λουμὲνων
371 4604 721 4676 χρηστηρίων
780 4603 1130 4655 ὑποπεσεὴαι
1164 4601 1341 4670 λόγος.

1742 4598 1989 4652 mularet.
2025 4616 2043 4650 ι
2076 4596 2350 4653 Hactenus
2376 4598 2710 4655 (Enomaus.
2749 4598 2907 4655 Nunc
2932 4615 3060 4656 vero
3092 4600 3161 4655 ad
3192 4614 3313 4654 eam

123 4702 267 4752 rursus
296 4701 632 4757 oraculorum
668 4699 1061 4769 philosophiam
1102 4697 1285 4752 animo
1324 4704 1378 4751 et
1421 4694 1749 4767 cogitatione
1793 4693 2093 4758 conversis,
2140 4709 2303 4764 quam
2354 4694 2656 4751 maledicus
2714 4695 2804 4750 ille
2858 4711 3042 4750 rerum
3102 4704 3314 4751 nostra-

125 4798 212 4842 rum
241 4806 413 4850 censor
451 4796 800 4866 conscripsit,
839 4795 1035 4871 legesis
1085 4811 1152 4850 ex
1200 4794 1266 4849 iis
1308 4793 1584 4864 responsis
1621 4793 1824 4863 aliqua,
1868 4807 1999 4862 quae
2026 4774 2106 4847 ide
2162 4790 2275 4845 fato
2327 4789 2580 4860 Pythium
2620 4788 2857 4844 edidisse
2896 4796 3311 4843 commemorat.

123 4878 298 4943 Acvide
318 4905 441 4947 num
468 4890 738 4963 ejusmodi
788 4906 1007 4961 quoque
1034 4890 1131 4945 tibi
1160 4889 1372 4945 accidat
1398 4896 1509 4944 tota
1554 4889 1671 4943 hzec
1704 4887 1772 4942 de
1799 4886 2018 4958 iactatis
2060 4885 2270 4956 pridem
2313 4884 2552 4955 oraculis
2605 4883 2924 4955 disputatio,
2959 4891 3021 4937 ut
3046 4896 3166 4937 eam
3191 4896 3310 4934 ma-

128 4975 189 5045 §i3
211 4982 350 5039 etiam
374 5002 537 5057 quam
573 4986 884 5058 superiores
927 4985 997 5042 ab
1030 4985 1180 5041 omni
1201 4986 1382 5041 divina
1412 4985 1611 5040 virtute
1649 4999 1873 5038 vacuam
1900 4982 2086 5038 haberi
2114 4991 2271 5052 putes
2292 4990 2561 5052 oportere.

1745 3682 1887 3751 Quid
1930 3699 2060 3740 vero
2105 3684 2290 3751 aliud,
2334 3683 2439 3740 nisi
2485 3693 2552 3738 ut
2588 3684 2787 3739 ibidem
2832 3682 3092 3753 jaceret?
3136 3680 3321 3738 Donec

1744 3775 2020 3830 enimvero
2042 3774 2233 3831 furiosi
2255 3775 2526 3842 homines,
2550 3775 2733 3847 (piget
2757 3775 2901 3831 enim
2933 3775 3064 3830 deos
3090 3772 3319 3842 dicere,)

1741 3863 1796 3919 in
1826 3879 1951 3919 eum
1983 3863 2310 3932 incidentes,
2344 3881 2452 3919 non
2492 3880 2522 3919 a
2551 3862 2684 3921 Jove
2720 3865 3020 3922 demissum
3056 3864 3273 3936 quidem
3300 3903 3316 3927 ,

1742 3955 1838 4012 sed
1888 3971 1920 4010 a
1980 3955 2230 4026 Neptuno
2287 3957 2549 4013 emissum
2599 3956 3318 4027 crederent,eumdemque

1742 4050 2090 4122 postmodum
2119 4050 2174 4104 in
2204 4049 2416 4113 urbem,
2449 4049 2725 4119 quoddam
2752 4049 2919 4105 veluti
2953 4049 3186 4105 fortuna:
3226 4049 3317 4103 lte-

1744 4141 1899 4196 tioris
1939 4156 2098 4196 omen
2126 4182 2142 4208 ,
2192 4141 2539 4206 inveherent,
2591 4140 2863 4197 funestam
2913 4156 2973 4196 re
3010 4141 3162 4211 ipsa,
3207 4157 3317 4196 non

1742 4229 2042 4299 fortunam,
2070 4232 2162 4288 sed
2192 4231 2365 4286 facem
2394 4233 2548 4287 urbis
2576 4232 2837 4287 futuram.
2867 4231 2978 4288 Nec
3003 4233 3153 4288 enim
3184 4234 3317 4289 satis

1740 4322 1996 4377 videlicet
2028 4323 2094 4377 ad
2138 4323 2364 4380 exitium
2415 4323 2483 4379 iis
2515 4333 2632 4379 erat
2663 4324 2919 4379 intestina
2959 4325 3162 4394 pestis,
3190 4322 3315 4379 ’nisi

1666 4460 1711 4515 Β
1741 4414 1897 4470 novis
1924 4429 2045 4469 eam
2075 4415 2428 4470 incrementis
2457 4431 2523 4470 ac
2553 4415 2759 4471 viribus
2790 4416 3023 4471 incussa:
3049 4416 3314 4471 divinitus

174 5144 197 5174 ι
218 5136 289 5193 la.
319 5141 409 5195 ἐπέ
416 5145 615 5215 ρρωσε.

177 5290 266 5369 (42)
308 5299 483 5358 Ἀλλὰ
535 5304 639 5359 καὶ
680 5302 1027 5373 Μηθύμνης.
1086 5298 1325 5354 Consule
1371 5298 1634 5353 observa-

1742 5296 1951 5373 Eirroris
1996 5314 2180 5366 causa,
2215 5298 2275 5352 τὸ
2305 5299 2365 5351 οὺ
2400 5297 2578 5367 μόνον,
2609 5294 2777 5350 semel
2810 5292 3119 5361 iterumque
3149 5304 3280 5359 repo

144 5360 155 5373 Ο

130 5369 416 5560 Post
456 5444 740 5560 thm’émg,
789 5457 897 5497 non
929 5440 1117 5496 dubito
1168 5438 1300 5508 quin
1347 5437 1632 5521 legendum

133 5513 183 5555 Sit
217 5523 241 5559 ο
311 5512 458 5560 μόνον
564 5511 634 5560 αὖ
665 5517 775 5560 τοῖς
800 5511 1092 5560 Διονυσίοις
1116 5550 1131 5560 .
1165 5509 1302 5560 ἀλλὰ
1332 5511 1426 5560 καὶ
1454 5508 1633 5560 ἄλλοις

1742 5378 1920 5509 ’Ὕλῗῇ
1970 5440 2298 5503 Ἀπολλον,
2329 5437 2527 5503 ξένου.
2578 5434 2773 5489 Facilis
2818 5440 2935 5487 erat
2972 5429 3291 5501 conjectura

1742 5524 1855 5560 cum
1888 5513 1940 5560 in
1965 5525 2167 5560 excuso
2197 5509 2465 5560 legeretur
2498 5502 2875 5560 ’Δπολλοξένου
2895 5545 2909 5560 .
2945 5517 3111 5560 sane.
3142 5517 3291 5560 auau

133 5502 183 5555 sit
217 5502 265 5560 οὗ
309 5502 530 5579 eam"?
564 5511 634 5568 αὖ
665 5502 775 5578 τοῖς
800 5511 1092 5574 Διονυσίοις
1116 5550 1131 5574 ,
1165 5502 1302 5562 ἄλλα
1332 5502 1426 5562 καῗ
1454 5508 1633 5571 ἄλλοις

1742 5502 1855 5564 cum
1888 5502 1940 5563 in
1965 5525 2167 5566 excuso
2197 5502 2465 5579 legeretur
2498 5502 2875 5569 ’Δπολλοξένου
2895 5545 2909 5570 ,
2945 5517 3111 5570 sane,
3142 5517 3309 5573 quau.

133 5579 349 5656 ἴαμπόλλ.
368 5583 682 5649 ,‘etc.Nam
722 5584 994 5656 posterius
1022 5580 1277 5656 hoe_loco
1308 5579 1595 5656 φαλληνοῖς
1615 5619 1629 5641 ,

1742 5581 1946 5637 vitiose.

134 5653 530 5714 '“l'eﬂacaueum
582 5660 699 5721 est,
725 5649 868 5712 'cum
903 5653 1059 5724 prius
1102 5651 1333 5706 alterum
1380 5649 1631 5707 sutliciat.
