3862 6220
482 237 581 291 591

1164 234 1434 290 EUSEBII
1473 233 1955 291 CJESARl-ENSIS
1993 233 2146 291 ore.
2185 233 2369 290 mus
2396 186 2548 290 it...
2583 227 3083 291 A'POLOGETICA.

3647 245 3756 300 392

468 351 613 420 Quid
651 354 816 424 igitur
867 354 999 408 illud
1042 362 1207 419 erat,
1262 353 1617 422 quamobrem
1672 353 2055 408 Archilochum

2166 353 2277 417 λοις
2313 345 2618 423 ἀνθρώποις
2652 354 2751 424 τῆς
2801 354 2912 407 ἄνω
2948 353 3088 406 όδού.
3118 354 3183 407 Τί
3220 357 3478 427 πράττειν
3509 359 3753 422 κελεύεις

466 448 612 502 caelo
642 447 864 518 dignum
890 440 1145 517 putares?
1164 442 1241 499 Ne
1269 446 1481 500 cmteris
1510 445 1848 510 hominibus,
1872 460 1906 499 0
1934 446 2063 500 deo-

470 553 594 592 rum
640 538 1078 601 humanissime,
1132 536 1236 590 hoc
1288 537 1341 590 in
1388 537 1589 591 cmlum
1648 536 1752 591 iter
1794 536 2060 590 invideas.

471 629 612 696 Quid
646 645 677 684 a
704 630 863 683 nobis
886 628 1108 682 tandem
1141 625 1352 697 exigis?
1400 628 1595 697 Opinor
1615 672 1629 695 ,
1662 636 1723 681 ut
1748 628 2061 683 Archilochi

469 722 718 789 vestigiis
762 722 1102 782 insistemus,
1152 719 1199 774 si
1237 720 1347 773 tuis
1389 719 1536 790 digni
1580 720 1864 789 penatibus
1892 710 2060 773 videri

469 813 779 880 cupiamus.
847 810 1077 866 Acerbis
1109 825 1303 879 nempe
1339 810 1602 865 conviciis
1628 811 1933 865 laceranda:
1967 826 2065 864 no—

467 904 555 960 bis
585 905 869 969 mulieres,
917 920 1039 973 quae
1064 883 1377 973 coniugium
1405 913 1652 956 nostrum
1682 903 2019 971 repudiarint
2045 920 2058 955 :

467 996 757 1051 mordendi
814 1011 1034 1065 quoque
1078 998 1231 1064 pueri
1281 995 1579 1060 meritorii,
1612 1010 1738 1049 cum
1770 995 1929 1064 longe
1960 994 2061 1048 im-

469 1085 674 1155 probos
703 1084 1278 1154 omnesimprobitate
1309 1082 1382 1138 ac
1400 1084 1618 1152 ﬂagitio.
1639 1084 1915 1153 superent.
1963 1083 2065 1139 Ve-

466 1192 594 1231 rum
632 1176 684 1231 id
719 1177 908 1246 utique
935 1193 1095 1231 versu
1126 1174 1443 1231 faciendum
1472 1177 1597 1243 erit,
1623 1176 1768 1244 quod
1797 1191 1860 1229 ea
1890 1177 1961 1230 sit
1983 1176 2062 1230 uti

467 1269 696 1324 deorum
719 1311 733 1335 ,
754 1267 1192 1327 'sicfdivinorum
1233 1269 1516 1323 hominum
1540 1309 1555 1331 ,
1598 1269 1778 1338 qualis
1809 1268 2062 1323 Archilo-

469 1361 608 1415 chus
636 1359 758 1424 fuit,
789 1360 1007 1429 propria
1033 1370 1085 1415 et
1108 1360 1402 1430 peculiaris
1429 1360 1626 1415 oratio.
1660 1359 1846 1429 Neque
1872 1359 1925 1413 id
1951 1359 2063 1412 for-

466 1459 618 1507 tasse
637 1454 857 1507 mirum.
877 1451 1013 1506 Nam
1032 1462 1086 1508 et
1101 1451 1435 1507 familiarum
1467 1454 1697 1517 scilicet,
1728 1454 2062 1523 privataeque

470 1542 600 1599 vitae
631 1546 872 1601 rationes
893 1585 907 1607 ,
933 1553 989 1600 et
1019 1545 1554 1615 rerumpuhliearum
1590 1546 1904 1611 concordia,
1933 1544 2065 1614 opti-
2090 1618 2098 1627 ⁸

469 1637 690 1704 misque
721 1636 933 1708 legibus
955 1636 1253 1691 constituta
1278 1628 1606 1706 populerum
1636 1634 1940 1708 integritas,
1967 1637 2063 1691 hu-

467 1723 562 1793 jus
588 1725 938 1793 potissimum
970 1726 1103 1779 artis
1140 1725 1461 1779 excellentia
1492 1726 1824 1781 continetur.
1875 1727 2061 1797 Itaque

463 1830 572 1871 nec
607 1816 760 1870 illum
788 1816 909 1871 sine
935 1831 1100 1871 causa
1120 1831 1227 1886 pro
1250 1814 1528 1870 Musarum
1568 1811 1765 1872 cliente
1795 1818 2053 1886 habuisti,

466 1915 519 1961 et
545 1905 692 1965 illius
725 1905 1132 1962 interfectorem
1163 1916 1368 1973 vestro,
1416 1908 1519 1961 hoc
1548 1919 1632 1962 est
1663 1908 1848 1962 divino
1871 1947 1887 1971 ,
1922 1923 2056 1962 con-

466 2012 660 2068 gressu
694 2004 750 2050 et
790 2012 923 2051 voce
954 2013 1184 2067 prorsus
1226 1998 1516 2067 indignum
1567 1998 1810 2066 putasti,
1849 1997 1939 2065 qui
1975 1997 2055 2050 vi-

463 2102 589 2142 rum
615 2103 790 2157 usque
815 2089 951 2144 adeo
981 2076 1226 2143 vocalem
1258 2087 1625 2143 interfecerat.
1675 2089 1818 2160 Ergo
1848 2106 1947 2145 nec
1972 2092 2056 2144 in-

462 2175 627 2248 iustae
650 2177 874 2233 fuerunt
905 2178 960 2233 in
991 2179 1251 2233 Archiam
1284 2162 1465 2242 minae,
1484 2193 1597 2233 nec
1622 2178 1932 2248 importuna
1957 2179 2057 2250 Py-

464 2270 615 2337 thia,
663 2256 786 2340 quae
824 2284 878 2326 et
905 2271 1297 2326 Archilochum
1328 2268 1538 2340 pridem
1562 2269 2051 2348 licetiexstinctum

461 2362 828 2417 ulcisceretur
847 2404 862 2427 ,
910 2376 965 2418 et
992 2363 1220 2433 'templo‘
1243 2363 1789 2432 excedereimpium'
1811 2378 1875 2417 ac
1906 2362 2055 2417 nefa-

464 2455 610 2509 rium
636 2456 910 2510 hominem
927 2456 1162 2526 iuberet.
1183 2455 1413 2525 Quippe,
1434 2453 1713 2510 Musarum
1728 2454 1872 2510 enim
1887 2455 2056 2509 clien-

465 2556 576 2602 tem
612 2548 910 2615 occiderat.
954 2548 1097 2619 Ergo
1126 2563 1302 2617 neque
1338 2547 1472 2601 mihi
1498 2547 1741 2602 absurde
1771 2540 1953 2602 facere
1975 2547 2054 2600 vi-

466 2653 564 2693 sus
595 2653 677 2707 es,
706 2641 835 2694 dum
862 2651 913 2695 te
944 2650 1118 2707 poeta:
1147 2639 1418 2694 vindicem
1454 2639 1781 2708 praestitisti.
1829 2636 1967 2692 Nam
1987 2645 2056 2712 et

464 2730 693 2787 alterius
721 2732 852 2786 mihi
886 2741 1059 2802 poetae
1080 2774 1095 2799 ,
1123 2742 1177 2787 et
1211 2746 1490 2787 sacrarum
1525 2730 1803 2801 Euripidis
1822 2744 2056 2787 corona-

466 2836 591 2875 rum
623 2821 677 2875 in
711 2830 948 2877 mentem
982 2822 1153 2876 venit.
1208 2819 1449 2876 Tametsi
1480 2821 1720 2876 dubitem
1756 2821 2051 2885 interdum,

465 2927 644 2983 eoque
671 2913 937 2978 libenter,
966 2898 1276 2985 rnon'jam
1337 2922 1660 2968 coronatum
1700 2927 1825 2967 eum
1862 2912 2050 2976 fuisse,

466 3004 564 3058 sed
592 3004 948 3072 quamobrem
979 3018 1149 3058 sacrae
1179 3003 1300 3073 ejus
1324 3017 1547 3059 coronae
1567 3003 1841 3069 dicantur,
1876 3019 2055 3073 neque

464 3102 684 3163 partum
719 3094 788 3147 ab
821 3108 887 3147 eo
934 3092 1102 3148 decus
1135 3109 1258 3148 esse
1281 3133 1296 3159 ,
1344 3094 1436 3148 sed
1486 3086 2053 3163 quorsumeximium

467 3186 637 3241 decus
671 3185 801 3239 illud
836 3185 1157 3253 appelletur,
1187 3184 1477 3239 audierim.
1508 3183 1728 3239 Homini
1756 3187 1900 3240 enim
1925 3184 2054 3240 vero

467 3278 628 3331 turba
670 3277 993 3346 plaudebat;
1050 3276 1184 3331 satis
1218 3278 1323 3332 hoc
1370 3277 1496 3332 novi
1550 3297 1562 3331 :
1617 3277 1862 3348 tyrannis
1911 3277 2053 3331 idem

467 3368 748 3438 placebat;
775 3369 1039 3425 neisthuc
1063 3369 1286 3443 quidem
1318 3369 1513 3440 ignoro
1547 3389 1561 3425 :
1594 3379 1762 3440 atque
1787 3370 2053 3440 ejusmodi

470 3467 642 3513 artem
669 3458 965 3521 factitabat,
1000 3474 1121 3529 quae
1164 3474 1272 3512 non
1303 3462 1534 3514 amatori
1567 3458 1670 3517 suo
1697 3470 1927 3526 tantum,
1962 3463 2056 3517 sed

2163 446 2346 515 ήμᾶς;
2380 441 2417 516 ἦ
2450 444 2654 516 δηλαδὴ
2696 444 2766 497 τὰ
2815 444 3148 515 Ἀρχιλόχου,
3193 442 3241 499 εί
3284 449 3569 522 μέλλοιμεν
3599 449 3745 514 ἄξιοι

2164 535 2448 606 φανεῖσθαι
2474 538 2573 607 τῆς
2599 532 2872 609 ὑμετέρας
2910 538 3114 601 ἑστίας.
3153 540 3477 612 Λοιδορῆσαι
3517 533 3614 611 μὲν
3656 554 3755 590 πι-

2161 626 2311 698 κρῶς
2329 627 2428 691 τὰς
2455 628 2554 681 οὐκ
2579 627 2866 690 ἐθελούσας
2893 630 3023 700 ἡμῖν
3061 628 3375 699 γαμεῖσθαι·
3408 629 3653 699 ἅψασθαι
3693 630 3755 682 δὲ

2162 718 2256 772 καὶ
2277 718 2385 770 τῶν
2405 717 2681 781 κιναίδων,
2716 718 2905 789 ἐπειδὴ
2944 719 3057 772 τῶν
3096 720 3273 773 ἄλλων
3311 720 3564 791 πονηρῶν
3615 721 3755 774 πολὺ

2162 822 2298 876 πονη
2310 806 2517 877 ρότεροί
2543 807 2670 859 εἰσι⁸
2686 807 2790 859 ’καὶ
2812 807 2931 876 οὐχὶ
2958 807 3082 878 δίχα
3106 809 3325 880 μέτρου,
3353 809 3492 878 αὐτη
3508 809 3617 880 γὰρ
3637 811 3761 862 διά-

2161 897 2348 963 λεκτος
2371 900 2464 952 καὶ
2485 900 2643 965 θεῶν,
2672 900 2860 973 ὥσπερ
2884 897 2977 954 οὖν
3004 902 3097 954 καὶ
3118 902 3278 955 θείων
3307 902 3538 973 ἀνδρῶν,
3560 901 3758 975 ῶσπερ

2152 990 2507 1062 .Ἀρχιλόχου.
2536 993 2645 1046 Καὶ
2674 991 2827 1045 οὐδὲν
2852 993 2980 1056 ἴσως
3008 992 3345 1063 θαυμαστόνο
3380 993 3469 1047 διά
3510 994 3622 1066 γὰρ
3650 996 3758 1067 τὴν

2160 1083 2219 1135 ὲν
2268 1080 2476 1145 τούτοις
2523 1083 2795 1153 ὑπεροχὴν
2840 1079 2900 1137 εὖ
2954 1085 3052 1154 μὲν
3097 1081 3243 1161 οἶκος
3294 1086 3546 1151 οἰκεῖται,
3588 1083 3647 1140 εὖ
3693 1086 3757 1139 δὲ

2164 1174 2379 1244 ἰδιώτης
2410 1174 2542 1244 βίος,
2574 1174 2758 1238 πόλεις
2781 1174 2837 1228 δὲ
2866 1176 3202 1247 όμοφρόνως,
3232 1178 3327 1231 καὶ
3353 1177 3477 1248 ἔθνη
3503 1177 3756 1248 εὐνόμως

2149 1266 2500 1333 συνεστᾶσιν.
2533 1265 2647 1317 Οὐκ
2682 1265 2991 1329 ἀπεικότως
3026 1266 3136 1337 ἄρα
3170 1284 3250 1320 σοι
3277 1268 3371 1321 καὶ
3397 1267 3631 1321 Μουσῶν
3659 1267 3756 1321 θε-

2166 1356 2351 1427 ράπων
2406 1356 2479 1428 (8)
2532 1355 2708 1422 ἔδοξεν
2763 1352 2922 1429 εῖναι,
2980 1360 3075 1412 καὶ
3128 1358 3156 1411 ὁ
3213 1360 3408 1430 φονεὺς
3446 1359 3612 1413 αὐτοῦ
3646 1360 3757 1414 οὐκ

2161 1445 2311 1510 ἄξιος
2348 1434 2501 1500 εἶναι
2534 1446 2634 1517 τῆς
2673 1447 2810 1518 πρὸς
2840 1448 2984 1519 ὑμᾶς
3020 1449 3148 1513 τοὺς
3181 1448 3336 1513 θεοὺς
3362 1450 3591 1514 εἰσόδου,
3627 1452 3758 1504 οὐδὲ

2169 1539 2268 1610 τῆς
2296 1540 2424 1609 παρ’
2455 1539 2608 1611 ὑμῶν
2635 1539 2839 1617 φωνῆς,
2879 1540 3046 1612 ἄνδρα
3074 1542 3236 1611 φονέα
3268 1541 3395 1596 ὄντα
3428 1556 3455 1584 ι
3489 1543 3755 1596 ἀποκτεί-

2164 1649 2280 1695 νας.
2326 1631 2533 1685 Οὐκουν
2562 1632 2799 1704 ἄδικοςὴ
2834 1633 2969 1705 πρὸς
3028 1634 3119 1711 τὸν
3156 1635 3372 1706 Ἀρχίαν
3415 1636 3488 1705 (9)
3526 1637 3755 1707 ἀπειλὴ,

2162 1720 2270 1773 οὐδ’
2313 1720 2539 1790 ἄκαιρος
2577 1723 2609 1792 ἡ
2658 1721 2831 1774 Πυθία
2873 1723 3191 1793 τιμωροῦσα
3223 1723 3300 1793 τῷ
3346 1724 3642 1796 Ἀρχιλόχῳ
3670 1726 3755 1797 τῷ

2163 1811 2331 1865 πάλαι
2367 1811 2566 1882 νεκρῷ,
2596 1813 2691 1867 καὶ
2729 1813 3034 1868 κελεύσασα
3080 1814 3192 1887 (Ιθ)
3236 1814 3434 1879 ἐξιέναι
3483 1817 3577 1870 τοῦ
3616 1816 3755 1871 ναοῦ

2171 1905 2264 1958 τὸν
2320 1908 2509 1978 ἐναγῖγ
2580 1908 2852 1962 Μουσάων
2901 1906 3012 1979 γὰρ
3071 1909 3361 1962 ἀπέκτεινε
3418 1909 3753 1981 θεράποντα.

2162 1995 2369 2050 Οὐκουν
2397 1998 2441 2068 (l
2464 1998 2510 2067 l)
2546 1997 2719 2068 ἔμοιγ’
2748 1997 2986 2073 ἐφάνης,
3026 1997 3320 2068 ἐπαμύνων
3373 1999 3453 2071 τῷ
3508 2004 3708 2072 ποιητῇ
3736 2043 3753 2066 ν

2161 2089 2416 2161 ἀπρεπὴς
2445 2085 2604 2145 εἶναι’
2642 2092 2970 2164 ἐμεμνήμην
2997 2089 3106 2164 γᾴρ
3125 2091 3219 2148 καὶ
3256 2091 3350 2147 τοῦ
3377 2092 3560 2160 ξπέρου
3584 2111 3757 2165 ποιη-

2159 2180 2276 2245 τοῦ,
2300 2182 2394 2235 καὶ
2426 2181 2532 2236 τῶν
2558 2183 2719 2255 ἱερῶν
2752 2183 2844 2236 τοῦ
2879 2169 3172 2256 Εὐριπίδου
3209 2184 3510 2260 στεφάνων·
3562 2187 3753 2241 καίτοι

2160 2272 2403 2343 ἀπορῶν,
2437 2273 2530 2325 καὶ
2547 2272 2776 2327 ἀκοῦσαι
2806 2274 3110 2344 ἐπιθυμῶν,
3143 2275 3240 2345 οὐχ
3259 2275 3338 2327 ὅτι
3360 2276 3752 2345 ἐστεφανοῦτο,

2160 2363 2296 2417 ἀλλά
2334 2364 2450 2428 πῶς
2496 2362 2564 2436 ἦν
2607 2364 2677 2418 τὰ
2706 2360 2877 2435 στέφη
2917 2364 3091 2418 ταῦτα
3128 2366 3269 2436 ἱερόν
3310 2366 3420 2419 οὐδ’
3467 2367 3549 2420 ὅτι
3580 2367 3753 2421 αὐτοῦ

2161 2456 2315 2519 κλέος
2338 2457 2565 2526 ὄρουσαν
2589 2458 2723 2528 (1?),
2753 2458 2889 2511 ἀλλά
2902 2452 3018 2523 πῶς
3038 2457 3224 2511 ἐσθλὸν
3249 2453 3319 2529 ἦν
3337 2459 3513 2513 τοῦτο.
3551 2461 3754 2533 Ἐκροι-

2160 2548 2406 2612 ταλίζετο
2449 2550 2547 2620 μὲν
2609 2550 2718 2621 γὰρ
2754 2552 2815 2605 ὲν
2844 2554 2957 2614 τοῖς
2979 2581 2985 2587 -
3008 2551 3207 2622 ὄχλοις,
3232 2547 3367 2604 οἶδα·
3415 2553 3509 2605 καὶ
3546 2553 3755 2624 τυράν-

2160 2657 2271 2704 νοις
2299 2642 2497 2713 ἡρεσκε
2533 2640 2666 2712 (1⁵5),
2701 2642 2795 2695 καὶ
2838 2642 2999 2697 τοῦτο
3039 2640 3174 2699 οἶδα·
3212 2646 3310 2697 καὶ
3347 2645 3506 2716 ἔργον
3546 2646 3757 2718 ἐπετή-

2158 2722 2329 2798 δευεν,
2359 2726 2518 2802 ἐφἰᾧ
2538 2737 2635 2804 οὐχ
2669 2736 2817 2800 ὅπως
2855 2737 3017 2800 αὐτὸς
3050 2737 3393 2808 ἐθαυμάζετο
3420 2738 3449 2789 ὁ
3481 2738 3752 2810 ἐραστὴς,

2160 2821 2273 2875 ἀλλ’
2306 2824 2404 2894 ἤδη
2433 2825 2526 2877 καὶ
2557 2824 2664 2877 τῶν
2690 2824 2991 2896 Ἀθηναίων
3028 2828 3060 2898 ἡ
3110 2827 3264 2891 πόλις
3306 2826 3441 2898 (14),
3483 2828 3565 2879 ὅτι
3604 2828 3752 2898 μόνη

2157 2915 2469 2985 τραγῳδοὺς
2497 2918 2744 2987 ἡνεγκεν.
2782 2919 2844 2971 Ei
2870 2916 2973 2989 μὲν
3017 2914 3108 2972 οὖν
3140 2920 3169 2971 ό
3201 2918 3393 2991 κρότος
3418 2918 3601 2982 ἱκανὰς
3622 2935 3756 2990 κρι-

2157 3008 2278 3078 τὴς,
2323 3010 2417 3062 καὶ
2458 3011 2491 3080 ἠ
2530 3011 2588 3062 ἐν
2638 3011 2933 3082 ἀκροπόλει
2966 3012 3234 3083 τράπεζα,
3274 3011 3423 3065 οὐδὲν
3456 3010 3538 3063 ἔτι
3573 3010 3751 3078 λέγω,

2082 3139 2127 3200 C
2161 3098 2373 3168 βλέπων
2406 3101 2463 3152 ἐν
2488 3101 2782 3173 ἀκροπόλει
2812 3102 3131 3156 δειπνοῦντα
3161 3103 3253 3156 τὸν
3286 3102 3601 3174 Εὐριπίδην,
3648 3104 3755 3156 καὶ

2158 3189 2249 3243 τὸν
2285 3190 2586 3262 Ἀθηναίων
2615 3194 2730 3264 ἅμα
2753 3194 2848 3246 καὶ
2879 3194 2969 3248 τὸν
2996 3196 3320 3249 Μακεδόνων
3349 3195 3413 3265 δῆ
3423 3213 3522 3266 μον
3546 3195 3751 3265 ἐπιψα-

2162 3281 2383 3350 φοῦντα·
2408 3285 2457 3335 εἱ
2483 3284 2539 3337 δὲ
2557 3286 2653 3349 καὶ(
2682 3285 2802 3357 δίχα
2822 3286 3024 3340 τούτων
3039 3286 3152 3340 ἔστι
3174 3304 3259 3351 τις
3273 3289 3363 3341 καὶ
3381 3288 3516 3341 θεῶν
3538 3289 3750 3358 ψῆφος,

2161 3375 2256 3427 καὶ
2293 3375 2611 3449 αὐτοπιστὴ,
2654 3366 2748 3431 καὶ
2792 3379 2890 3449 οὐχ
2916 3379 3117 3449 ’ἥττων
3161 3378 3404 3457 τῆςιτῶν
3441 3382 3748 3452 τυράννων,

2119 3464 2282 3554 ,οὐδὲ
2317 3466 2418 3537 τῆς
2458 3466 2567 3520 τῶν
2616 3466 2805 3538 ὄχλων·
2851 3469 3007 3540 φέρε,
3058 3471 3266 3542 φράσον
3321 3473 3454 3542 ἡμῖν
3495 3472 3590 3524 ἐπὶ
3635 3471 3751 3525 τίνι

468 3550 700 3606 Athenis
744 3552 906 3606 etiam
956 3553 1089 3623 ipsis
1138 3553 1556 3610 admirationem
1611 3553 1960 3626 conciliaret,
2038 3550 2225 3626 utpote
2278 3572 2414 3627 quae.
2471 3560 2750 3629 tragoedos
2792 3577 2899 3616 una
2931 3563 3178 3617 omnium
3225 3564 3459 3619 tulisset.
3516 3562 3574 3617 Si
3608 3578 3748 3632 ergo

468 3643 554 3696 vel
587 3642 690 3697 iste
739 3644 987 3712 plausus,
1018 3646 1106 3700 vel
1157 3646 1424 3702 instructa
1470 3649 1523 3701 in
1581 3662 1708 3702 arce
1764 3662 1987 3712 mensa,
2035 3649 2228 3705 .idonei
2275 3660 2405 3706 sunt
2452 3651 2554 3707 hoc
2604 3652 2660 3707 in
2706 3669 2904 3725 genere
2946 3656 3158 3720 arbitri,
3201 3656 3338 3711 nihil
3397 3657 3536 3711 addo
3569 3673 3582 3709 :
3615 3655 3748 3709 novi

470 3736 617 3788 enim
648 3744 702 3790 et
725 3735 779 3789 in
809 3742 935 3792 arce
965 3737 1279 3808 Euripidem
1316 3753 1585 3803 cmnasse,
1636 3746 1689 3792 et
1719 3737 2130 3793 Atheniensium
2174 3750 2337 3810 atque
2380 3739 2733 3797 Macedonum
2773 3744 2967 3813 plausu
3014 3744 3343 3799 celebratum
3371 3745 3622 3799 eumdem
3656 3744 3749 3798 fu-

472 3830 602 3886 isse.
629 3832 721 3886 Sin
753 3844 935 3889 autem
961 3835 1181 3905 aliq’uod
1224 3845 1483 3906 praeterea
1534 3835 1761 3889 deorum
1815 3835 2134 3905 suffragium
2170 3840 2481 3904 aceesserit,
2521 3841 2666 3909 quod
2717 3840 2914 3910 utique.
2955 3840 3155 3895 etﬁde
3187 3856 3282 3910 per
3306 3852 3444 3897 sese
3486 3841 3743 3912 dignum,

473 3942 574 3983 nec
623 3937 981 4001 tyrannorum
1050 3930 1239 3986 saltem
1274 3939 1370 3985 aut
1433 3929 1795 3984 multitudinis
1844 3930 2101 3999 opinione
2169 3931 2343 3987 levius
2386 3946 2507 3987 esse
2546 3931 2778 3988 debeat:
2817 3948 2916 4003 age
2947 3933 3043 4001 sis,
3086 3948 3275 4004 prome
3303 3935 3517 3988 tandem
3552 3936 3742 4001 nobis,

557 4150 586 4179 ⁸
626 4155 717 4207 φρ.
744 4105 1045 4209 φωνάεντα.

503 4317 617 4442 ἧς)
644 4314 920 4440 μουσῶν
947 4316 1239 4386 θεράπων,
1263 4325 1368 4373 etc.
1411 4317 1611 4374 Suidas
1638 4319 1826 4376 eadem
1863 4321 1916 4374 in
1939 4318 2047 4373 Ar-

540 4404 645 4442 ιοσ
680 4426 694 4440 .

471 4404 694 4444 οηιιοσο.

544 4479 624 4549 (9)
668 4477 783 4549 Τόν
811 4478 1076 4549 Ἀρχίαν.
1118 4476 1521 4533 lnterl’ectorem
1550 4480 1884 4545 Archilochi,
1921 4479 2052 4533 Sui-

473 4548 575 4605 das
620 4558 676 4603 et
718 4548 834 4612 alii,
878 4564 988 4602 non
1041 4550 1324 4612 Archiam,
1359 4559 1418 4605 ιιι
1440 4549 1774 4614 OEnomaus,
1801 4552 1891 4604 sed
1930 4549 2055 4604 Kal-

474 4620 695 4674 londam
744 4627 962 4687 vocant,
991 4629 1358 4687 cognomento
1394 4621 1688 4674 Coracem.
1727 4620 2053 4675 Plutarchus

473 4690 552 4745 De
585 4705 705 4761 aera
736 4686 987 4761 nmini;
1022 4686 1278 4761 vindicta,
1317 4704 1438 4761 pag.
1469 4690 1573 4743 560
1597 4690 1638 4761 Ε
1666 4690 1755 4743 :'U
1783 4690 1888 4761 γὰρ
1908 4691 2054 4761 ἀπο-

473 4758 935 4832 meivatg,_inqui_t,
963 4759 1019 4832 εν
1045 4761 1112 4831 τῇ
1148 4758 1416 4832 μάχητὸύ
1456 4759 1783 4832 ξΑρχίλοχον,
1803 4758 2052 4832 ἐκαλεῖτο

474 4776 714 4822 κτεινας,
741 4776 935 4827 inquit,
963 4776 1019 4811 εν
1045 4776 1112 4831 τῃ
1148 4776 1303 4881 μαχὲ
1327 4776 1416 4812 τον
1460 4776 1783 4832 ῑΛρχιΛοχον,
1803 4776 2050 4814 εκαλειτο

474 4827 954 4901 Καλλών-δηςη-ὼςζ
968 4828 1142 4901 ἔοικεν
1158 4825 1276 4901 δῆν-
1306 4831 1320 4849 ’
1336 4828 1492 4901 αὐτῷ
1510 4831 1693 4901 Κόραξ
1719 4830 2050 4901 ἐπωνύμιον.

488 4897 803 4971 ΪΕκὸληθ-εἱς
824 4897 881 4971 δὲ
908 4897 976 4971 τό
1000 4897 1219 4969 πρῶτον
1394 4897 1498 4971 τῆς
1541 4897 1764 4965 Πυθίας,
1806 4901 1882 4964 ὡς
1909 4897 2057 4971 ἱερὸν

475 4969 645 5041 ἄνδρα
667 4966 772 5043 τῶν
787 4968 1019 5022 Μουσῶν
1042 4966 1496 5043 ἆνῃρηκδυςκεῐτα
1519 4972 1865 5043 χρησάμενος
1880 4966 2054 5043 λιταῖς

474 5038 625 5109 τισι,
656 5040 750 5111 καὶ
798 5038 1312 5111 προτροπαζςςμετά
1348 5038 1727 5108 δικαιολογίας,
1761 5039 2052 5111 ἐκελεύσθη

476 5107 915 5182 πορευθεὶς-ἐπὶ*
935 5107 1045 5182 τὴν
1076 5107 1184 5182 τοῦ
1217 5109 1473 5182 Τέττιγος
1503 5107 1736 5182 οἷκὴσιν,
1772 5107 2053 5163 ἱλάσασθαι

474 5178 576 5252 τὴν
613 5178 706 5232 τοῦ
749 5179 1060 5250 Ἀρχιλόχου
1092 5178 1291 5249 ψυχήν.

549 5270 660 5341 (10)
702 5271 1076 5341 Κεᾼεύσασα.
1135 5269 1430 5340 Perperam
1479 5271 1532 5324 in
1573 5286 1778 5326 excuso
1824 5270 2050 5335 Graeco,

477 5341 757 5465 ζελεύσρις.
786 5339 992 5395 Versus
1020 5356 1130 5412 quo
1160 5339 1311 5396 illum
1337 5358 1403 5396 ex
1446 5344 1575 5396 lano
1607 5341 1799 5413 Pythia
1825 5342 2050 5411 expulit,

522 5428 570 5465 ic
603 5428 661 5465 es
724 5429 736 5463 :
892 5448 893 5451 η
1235 5455 1240 5459 .
1746 5460 1757 5465 -

522 5428 570 5465 Ic
603 5428 686 5465 εει
724 5429 736 5463 2

478 5503 777 5556 Μουσάων
810 5503 1144 5573 θεράποντα
1170 5503 1549 5569 κατέκτανες,
1574 5501 1725 5567 ἔξιθι
1745 5503 1918 5571 νηοῦ.

482 5641 501 5696 ι
551 5574 962 5698 (Ῑέ›ιοῦκουν.
1002 5574 1080 5630 lla
1110 5576 1299 5642 malui,
1334 5589 1498 5644 quam
1550 5574 1768 5640 οὐκοῦν,
1821 5585 1879 5629 ιιι
1928 5580 2053 5629 ante

502 5658 596 5698 eae
636 5658 666 5696 a
693 5659 775 5698 ur.
1665 5690 1671 5695 .

502 5658 775 5713 egeuatur.

2230 4314 2342 4387 (13)
2382 4313 2577 4387 Αὑτοῦ
2608 4312 2783 4387 autem;
2801 4309 3090 4387 ὄρουσαν.
3134 4312 3394 4368 Existimo
3439 4312 3739 4387 legendum

2154 4383 2318 4449 αὐτοῦ
2350 4387 2430 4447 εἰς
2462 4385 2616 4448 κλέος
2652 4384 2900 4455 δρουσαν.
2937 4383 3068 4451 Quae
3115 4393 3386 4455 postrema
3420 4399 3519 4437 vox
3559 4385 3611 4436 in
3648 4387 3740 4439 al-

2155 4466 2274 4512 tero
2297 4453 2796 4509 manuscr.-exstat.
2822 4453 2888 4513 Et
2913 4471 3037 4509 vero
3063 4453 3583 4523 re'petitOEuomaus
3609 4471 3744 4509 ora.

2155 4529 2265 4582 culi
2294 4527 2478 4589 verba,
2516 4541 2637 4594 pag.
2667 4527 2897 4592 pra:ced.
2932 4526 3021 4579 ubi
3053 4525 3348 4595 legebatur,
3374 4525 3466 4576 καὶ
3493 4525 3551 4587 ἐς
3572 4524 3741 4589 κλέος

2155 4597 2340 4650 ἐσθλὸν
2372 4594 2606 4668 ὀρούσει.

2227 4669 2338 4736 (15)
2387 4664 2711 4734 Τυράννοις
2737 4664 2981 4734 ἤρεσκε.
3022 4665 3348 4719 Archelaum
3402 4664 3481 4736 in_
3512 4664 3738 4736 primis,

2154 4732 2484 4791 Macedonia:
2523 4751 2699 4805 regem
2736 4732 3008 4804 intelligit,
3036 4737 3177 4805 apud
3229 4750 3390 4805 quem
3442 4732 3740 4803 Euripides

2154 4808 2329 4879 gratia
2361 4816 2415 4879 et
2441 4806 2761 4879 auctoritate
2784 4808 2972 4879 valuit,
2991 4808 3200 4879 _miruln
3231 4812 3516 4879 quantum.

2146 4872 2183 4927 .’
2225 4878 2335 4946 (14)
2363 4876 2690 4943 Ἀθηναίων
2710 4876 2965 4946 ᾐᾼπόλις.
2988 4874 3160 4929 Etiam
3190 4872 3328 4945 apud
3361 4875 3563 4946 hostes.
3596 4872 3745 4927 Plu-

2155 4944 2383 5002 tarchus
2418 4949 2561 5000 enim
2616 4946 2669 4999 in
2706 4944 2888 5007 Nicia,
2915 4947 3018 4999 sub
3060 4946 3180 5009 lin.,
3224 4944 3348 5014 pag.
3378 4945 3505 5009 542,
3535 4955 3742 4999 auctor

2154 5032 2258 5083 est,
2291 5017 2504 5072 Siculos
2528 5017 2786 5078 victores,
2817 5018 3154 5083 captivorum
3189 5016 3605 5068 Atheniensium
3639 5017 3744 5070 be-

2155 5103 2223 5141 ne
2253 5089 2438 5141 multis
2469 5087 2697 5141 salutem
2729 5086 2961 5150 dedisse,
2991 5087 3137 5153 quod
3170 5086 3238 5139 ab
3264 5085 3373 5137 illis
3398 5100 3589 5137 versus
3620 5084 3744 5138 Eu-

2155 5158 2345 5225 ripidis
2377 5157 2592 5224 aliquos
2617 5156 2966 5225 didicissent;
2998 5156 3276 5223 additque,
3310 5153 3417 5206 τῶν
3446 5153 3741 5209 σωθέντων

2153 5224 2336 5279 οἴκαδε
2379 5228 2603 5295 συχνοὺς
2647 5224 2992 5277 ἀσπάσασθαι
3029 5225 3119 5278 τὸν
3146 5224 3442 5295 Εὐριπίδην
3471 5225 3745 5295 φιλοφρό-

2152 5313 2277 5359 νως,
2306 5297 2400 5349 καὶ
2440 5293 2760 5363 διηγεῖσθαι,
2786 5296 2911 5356 τοὺς
2941 5296 3055 5363 μὲν,
3104 5296 3184 5347 ὅτι
3205 5293 3543 5356 δουλεύοντες
3570 5293 3743 5364 ἀφεί-

2155 5365 2356 5437 θησαν,
2404 5366 2769 5437 ὲνδιὸἀξαντες
2820 5365 2921 5437 όσα
2970 5365 3076 5437 τῶν
3114 5365 3342 5437 ’ἐκείνου
3410 5366 3745 5437 ποιημάτων

2153 5434 2478 5506 ἐμέμνηντο·
2529 5434 2774 5506 τους-δὲ,
2821 5434 2901 5486 ὅτι
2953 5434 3291 5506 πλανώμενοι
3326 5434 3460 5506 μετᾲ
3478 5436 3599 5506 μτὴν
3638 5440 3747 5503 μαι-

2153 5498 2277 5576 χῇν,
2300 5498 2506 5579 τροφῆς
2534 5504 2627 5558 καὶ
2655 5502 2844 5567 ὓδατος
2876 5498 3190 5575 μετέλαῧον,
3219 5498 3338 5558 τῶν
3363 5498 3763 5578 μελῶνᾷσανέ

2153 5591 2261 5639 τες.
