3862 6220
530 298 645 378 595·
1166 302 1436 360 EUSEBll
1465 300 1945 359 CESARIENSIS
1996 302 2146 359 OPP.
2202 299 2383 357 PARS
2421 298 2486 354 ll.
2527 328 2597 340 -ι
2628 298 3131 356 APOLOGETICA.
3671 302 3801 356 593

1080 422 1307 477 CAPUT
1345 421 1582 478 XXXIV.
2126 426 2173 483 Δ

2126 426 2173 483 Α
2708 419 2891 473 ΚΕΦΑ
2902 418 3106 471 ΛΔῘΟΝ
3137 417 3256 470 AA'.

539 544 766 599 Eosdem
792 548 1031 595 auctores
1065 538 1187 591 illos
1232 537 1417 606 fuisse,
1454 538 1535 607 uti
1568 536 1773 606 pugiles
1807 547 1855 591 et
1887 536 2064 591 athlett

2280 554 2326 590 rt
2362 537 2460 595 καὶ
2493 536 2721 602 πύκτας
2752 536 2849 589 καὶ
2871 535 3135 603 ἀθλητὰς
3168 534 3359 604 τιμαῖς
3388 534 3644 602 ισοθέοις
3682 553 3768 607 γε
3797 564 3805 570 -

886 609 1079 663 divinis
1113 607 1395 661 honoribus
1430 606 1746 660 colerentur.

2599 609 2835 675 ραίρειν
2870 607 3364 674 παρεκελεύοντο.

604 728 670 782 Et
706 726 966 798 quoniam
1000 740 1107 780 non
1138 731 1327 794 poetas
1373 723 1575 788 solum,
1612 722 1706 777 sed
1760 721 1906 792 ipsos
1936 722 2098 777 etiam

2288 723 2437 776 Ἐπεὶ
2461 721 2519 776 δὲ
2551 722 2613 776 οὐ
2646 722 2804 793 μόνον
2831 719 3084 791 ποιητὰς,
3112 719 3212 791 ἤδη
3240 719 3297 775 δὲ
3320 720 3415 773 καὶ
3437 720 3651 785 πύκτας
3684 721 3807 774 καὶ

533 821 742 891 pugiles
768 830 931 889 atque
959 817 1213 882 athletas,
1244 816 1469 869 deorum
1501 814 1556 868 in
1584 829 1814 868 numero
1841 815 1957 870 suis
1978 830 2058 870 ora

2282 811 2439 883 λητὰς
2467 813 2495 865 ὁ
2522 812 2824 883 θαυμάσιος
2851 811 2983 874 Θεὸς
3013 808 3103 863 διὰ
3130 811 3240 864 τῶν
3271 809 3487 863 οἰκείων
3510 811 3807 881 χρησμῶν

536 911 679 968 culis
724 910 870 966 Deus
905 909 1157 981 egregius
1202 908 1506 973 collocavit,
1555 907 1809 976 praeclare
1841 922 2061 977 quoque

2285 905 2515 968 :Oéwoev,
2558 904 2780 968 εἰκότως
2810 920 2899 974 μοι
2936 903 3085 956 δοκεί
3121 902 3215 957 καὶ
3255 901 3427 957 ταῦτα
3454 902 3810 975 ἀπελέγχειν

533 1020 655 1061 meo
704 1005 924 1075 quidem
979 1002 1225 1073 judicio,
1287 1001 1389 1055 hoc
1433 1000 1553 1069 ejus
1598 998 1802 1055 factum
1849 999 2058 1056 laudatu

1849 999 2101 1056 laudatus
2202 999 2230 1051 ὁ
2256 997 2622 1069 δεδηλωμένος
2657 996 2867 1060 τούτοις
2892 998 3007 1059 τοῖς
3036 996 3295 1066 ῥήμασιν’
3360 1053 3374 1069 κ

531 1100 764 1169 scriptor
791 1097 938 1152 hunc
966 1095 1021 1149 in
1048 1094 1269 1148 modum
1291 1091 1538 1164 coarguit
1572 1110 1586 1146 :

532 1191 635 1256 Qui
660 1189 832 1261 pelagi
867 1188 1020 1256 ﬁnes,
1046 1202 1416 1256 numerumque
1432 1185 1660 1254 jacentis
1690 1201 1888 1253 arena,

2303 1181 2474 1249 εἰδὼς
2520 1180 2633 1253 (29)
2667 1179 2915 1251 ψάμμου
2939 1181 2989 1234 τ’
3022 1179 3291 1250 ἀριθμὸν,
3325 1178 3423 1265 καὶ
3449 1178 3656 1265 ⁸ιιέινρα
3682 1180 3812 1233 θα-

531 1323 603 1379 Ει
634 1323 767 1378 muti
791 1335 969 1377 sensus
994 1317 1251 1389 cognosti,
1277 1316 1533 1387 audisque
1561 1315 1828 1383 silentem;

2203 1323 2317 1393 Kai
2335 1321 2536 1392 κωφοῦ
2561 1321 2807 1388 ξυνιεὶς,
2833 1319 2934 1375 καὶ
2955 1319 3042 1391 μὴ
3069 1248 3677 1384 umorcocgfégznﬁ
3708 1293 3728 1316 ’

530 1458 558 1491 ι(
582 1437 802 1493 Utinam
819 1449 951 1491 vero
974 1434 1077 1489 ista
1104 1433 1344 1489 nescires
1364 1431 1567 1499 omnia,
1592 1431 1696 1487 hoc
1718 1446 1888 1487 unum
1911 1432 2055 1488 scire:

2287 1437 2387 1491 εἴθε
2418 1437 2622 1506 ὤφελες
2650 1437 2720 1491 τὰ
2754 1437 2851 1508 μὲν
2875 1436 3098 1490 τοιαῦτα
3126 1436 3302 1490 πάντα
3324 1436 3557 1505 ἀγνοεῖν,
3599 1435 3812 1489 ἐκεῖνο

533 1526 672 1581 nihil
698 1524 999 1596 pugilatum
1033 1522 1174 1578 inter
1221 1528 1277 1577 et
1320 1520 1752 1576 calcitrationem
1798 1522 2058 1577 interesse

2287 1530 2502 1593 ειδέναι,
2528 1530 2611 1583 ὅτι
2640 1529 2674 1600 ἡ
2698 1529 2933 1602 πυκτικὴ
2960 1529 3059 1599 τῆς
3095 1527 3359 1598 λακτικῆς
3402 1527 3556 1582 οὐδὲν
3586 1528 3812 1596 διαφέ-

533 1620 614 1674 uti
636 1616 722 1674 vel
758 1616 944 1672 asinos
976 1615 1140 1671 etiam
1180 1612 1588 1668 immortalitate
1617 1612 1849 1667 donares
1872 1652 1887 1679 ,
1917 1612 2003 1667 vel
2032 1628 2058 1666 ι]

2283 1642 2309 1687 ι,
2333 1623 2403 1677 ἵν’
2426 1621 2459 1694 ἢ
2481 1623 2576 1676 καὶ
2603 1623 2727 1687 τοὺς
2749 1620 2903 1687 ὅνους
2933 1621 3335 1685 ἀπαθανάτους,
3367 1620 3401 1693 ἢ
3430 1620 3562 1692 μηδὲ
3603 1621 3808 1675 10.20-

532 1707 878 1765 Cleomedem
906 1705 1127 1777 quidem
1154 1706 1358 1776 ipsum,
1382 1703 1839 1774 Astypalazensem
1862 1703 2057 1776 pugilet

1987 1703 2099 1760 18m
2132 1772 2174 1787 ﬁ
2209 1715 2381 1787 μήδην
2406 1715 2617 1786 πύκτην
2663 1712 3080 1779 Ἀστυπαλαιέα,
3102 1712 3275 1782 λέγων
3305 1710 3478 1776 οὕτως
3498 1728 3512 1742 ·

533 1806 770 1859 donares
799 1800 905 1856 hoc
922 1772 1206 1855 distich’oV:
1486 1772 1529 1774 η
1863 1772 1881 1775 ⁷
1944 1772 1965 1776 ⁷
2132 1772 2177 1828 Β

539 1916 768 1973 Ultimus
791 1914 1005 1969 heroum
1039 1911 1741 1984 CleomedesAstypalensis,

2287 1926 2497 1977 στατος
2528 1911 2738 1984 ήρὼωτς
2758 1910 3107 1984 Κλεομήδης
3132 1910 3245 1984 (50)
3280 1909 3812 1984 ’ᾼστυπαλαιεὺςς

532 1988 660 2042 Jam
689 2001 901 2040 sacrum
934 2000 967 2038 a
1001 1982 1143 2037 vobis
1169 1982 1307 2052 ferat
1337 1980 1653 2037 immortalis
1685 1983 1953 2037 honorem.

2211 1982 2312 2035 Ὃν
2340 1984 2579 2048 θυσίαις
2601 1980 2789 2052 τιμᾶθ’
2817 1983 2895 2049 ὡς
2912 1980 3036 2036 οὐκ
3060 1980 3153 2036 ἐτι
3168 1980 3391 2051 θνητόν
3408 1982 3606 2036 ἐόντα.

533 2099 645 2155 Cur
679 2098 847 2166 enim,
879 2111 914 2151 ο
956 2095 1208 2166 indigena
1240 2093 1554 2150 Graecarum
1580 2093 1905 2165 religionum
1936 2093 2058 2149 inte:

2293 2113 2305 2150 t
2330 2096 2384 2149 τί
2413 2095 2543 2168 γὰρ,
2573 2089 2618 2149 ὦ
2645 2096 2841 2167 πάτριε
2863 2094 2973 2149 τῶν
3012 2095 3280 2168 Ἐλλήνων
3310 2094 3568 2167 ὲξηγητά,
3602 2093 3688 2160 ὥς
3740 2113 3818 2151 σε

533 2205 660 2261 pres
686 2231 703 2257 ,
730 2191 813 2246 sic
849 2188 997 2245 enim
1032 2196 1086 2242 te
1116 2185 1271 2241 Plato
1301 2193 1501 2252 vocat,
1539 2186 1816 2242 hominem
1847 2195 1905 2240 tu
1939 2186 2058 2243 istm

2290 2192 2362 2243 λεῖ
2395 2189 2652 2253 Πλάτων,
2692 2188 2932 2253 ὲθέωσας
2974 2187 3067 2243 τὸν
3113 2187 3282 2249 ἄνδρα
3320 2188 3547 2255 τοῦτονς
3579 2189 3659 2247 "H
3712 2190 3815 2243 ὅτι

535 2280 913 2338 consecrasti?
937 2279 1019 2333 An
1064 2277 1211 2349 quod
1240 2278 1297 2332 in
1336 2276 1619 2350 Olympico
1668 2278 1965 2335 certamine
2006 2278 2060 2334 ad

2294 2282 2544 2353 ιυμπιάσι
2604 2283 2784 2355 πληγῇ
2853 2284 2952 2354 μιᾷ
3011 2281 3257 2347 πατάξας
3325 2280 3415 2336 τὸν
3482 2281 3819 2351 ἀνταγωνι-

535 2373 837 2429 versarium
867 2387 978 2427 uno
1008 2371 1120 2426 ictu
1155 2386 1265 2426 non
1307 2371 1484 2427 solum
1515 2367 1783 2439 aﬂlixerit,
1813 2368 1909 2426 sed
1942 2371 2060 2426 etial

2293 2390 2337 2443 Ἂν
2359 2373 2493 2444 (51),
2514 2373 2716 2444 ἀνέῳξε
2742 2373 2840 2446 τὴν
2867 2374 3105 2445 πλευρὰν
3143 2372 3309 2430 αὐτοῦ
3332 2414 3347 2438 ,
3391 2374 3484 2427 καὶ
3527 2372 3818 2443 ἐμϐαλὼν

534 2462 802 2536 patefacto
827 2464 995 2520 latere
1022 2461 1334 2532 pulmonem
1353 2460 1474 2532 ejus
1500 2460 1748 2516 immissa
1776 2476 1943 2516 manu
1979 2460 2059 2515 ab:

2297 2481 2304 2509 ι
2333 2464 2493 2533 χεῖρα
2526 2462 2747 2517 ἐλάϐετο
2780 2463 2874 2516 τοῦ
2907 2463 3205 2535 πνεύμονος
3233 2482 3250 2531 ;
3295 2464 3586 2529 Ἄπολλον,
3640 2464 3822 2532 ἀξιο-

536 2535 804 2612 traxerit?
836 2553 1068 2626 Dignum
1117 2553 1395 2609 enimvero
1437 2552 1547 2609 Deo
1568 2552 1801 2620 facinus,
1824 2568 1858 2609 ο
1878 2554 2061 2626 Apollo

2296 2572 2331 2607 ιυ
2371 2554 2571 2626 ἔργουι
2608 2556 2679 2609 Ἢ
2716 2556 2778 2608 οὐ
2820 2557 2979 2627 μόνον
3000 2535 3035 2620 ,θ
3068 2556 3204 2612 ἀλλὰ
3230 2556 3326 2611 καὶ
3366 2556 3479 2620 ὅτι,
3510 2573 3821 2631 προτιμηο

533 2649 618 2703 An
646 2654 909 2719 praeterea
949 2646 1097 2717 quod
1127 2646 1422 2718 irrogatam
1452 2645 1556 2701 sibi
1581 2660 1647 2701 ea
1673 2644 1742 2701 de
1771 2661 1937 2703 causa
1968 2661 2058 2717 qu:

2291 2666 2322 2711 ης
2347 2647 2455 2719 (52)
2502 2650 2780 2720 τεσσάρων
2814 2649 3088 2704 ταλάντων
3128 2648 3330 2722 ζημίαν
3368 2650 3461 2703 ἐπὶ
3491 2648 3711 2705 τούτων
3758 2665 3816 2714 ι,

534 2751 661 2796 tuor
686 2738 1015 2795 talentorum
1041 2738 1300 2793 mulctam
1333 2751 1675 2809 concoquere
1705 2753 1813 2795 non
1841 2739 2059 2810 potuerit

2298 2740 2564 2813 [ὑπέστη,
2609 2741 2722 2796 ἀλλ’
2768 2743 2859 2795 ὑπ’
2892 2740 3184 2815 ἀχθηδόνος
3242 2741 3353 2813 (55)
3399 2741 3495 2796 καὶ
3545 2741 3823 2814 βαρυθυ-

534 2832 631 2891 led
656 2832 713 2887 vi
756 2830 1011 2887 maeroris
1060 2829 1469 2900 iracundiaeque
1511 2838 1819 2886 commotus
1843 2870 1860 2897 ,
1906 2838 2059 2887 stom:

2291 2850 2340 2895 ις
2358 2833 2606 2904 ἐνήρεισε
2627 2833 2718 2888 τὸν
2736 2832 2903 2904 θυμὸν
2922 2837 3034 2897 τοῖς
3058 2835 3115 2886 ὲν
3137 2833 3214 2905 τῷ
3232 2833 3577 2905 διδασκαλείῳ
3601 2852 3688 2887 πα
3698 2836 3816 2898 rei,

535 2921 697 2978 chum
724 2928 780 2976 et
819 2922 986 2976 bilem
1026 2919 1337 2976 universam
1389 2921 1444 2974 in
1490 2934 1779 2989 puerorum
1808 2959 1823 2984 ,
1860 2920 1957 2990 qui
1993 2929 2060 2976 tu:

2294 2943 2299 2970 ν
2328 2924 2481 2979 κίονα
2506 2925 2832 2996 ὑφελκύσας,
2862 2926 2922 2989 ὃς
2952 2928 3132 2997 ἀνεῖχε
3164 2926 3261 2995 τὴν
3292 2926 3489 2997 στέγην
3516 2923 3722 2998 ;'Ap',
3767 2923 3819 2981 ὦ

536 3013 593 3067 in
619 3012 748 3068 ludo
771 3010 1040 3067 litterario
1065 3009 1460 3077 versabantur,
1489 3018 1652 3079 caput
1689 3012 1948 3080 eruperit,
1986 3026 2061 3066 Sllt

2293 3015 2445 3080 ιποιὲ,
2465 3014 2553 3069 διὰ
2578 3016 2734 3070 ταῦθ’
2762 3017 2891 3087 ὑμῖν
2912 3019 2941 3071 ὁ
2965 3016 3285 3088 Κλεομήδης
3312 3018 3564 3088 τιμητέος
3592 3019 3771 3073 ἐστίν
3800 3038 3818 3084 ;

535 3119 699 3160 cussa
731 3103 1055 3172 revulsaque
1084 3100 1337 3156 columna
1366 3115 1488 3171 quae
1530 3108 1730 3156 tectum
1765 3100 2060 3157 sustinebat

2295 3109 2487 3161 ιάκεῖνο
2511 3107 2862 3180 προσθήσεις,
2896 3107 2958 3163 τὸ
2974 3109 3161 3180 ἕτερον
3194 3109 3391 3180 δεῖγμα
3430 3109 3528 3180 τῆς
3570 3108 3820 3165 ἐκείνου

539 3196 644 3263 Τυ,
674 3198 922 3267 inquam,
945 3210 979 3250 ο
1008 3194 1237 3250 deorum
1261 3192 1576 3258 architecte,
1604 3193 1944 3250 Cleomedem
1981 3209 2064 3265 prt

2295 3198 2431 3270 ipla;
2459 3198 2573 3270 ἅμα
2608 3199 2702 3253 καὶ
2726 3199 3002 3270 θεοφιλίας
3020 3242 3035 3267 ,
3063 3202 3144 3255 ὅτι
3175 3201 3238 3273 δὴ
3261 3239 3276 3265 ,
3302 3200 3477 3272 ἐμϐὰς
3512 3201 3593 3265 εις
3644 3203 3820 3273 ἱερὸν

538 3296 722 3359 pterea
745 3285 946 3342 divinis
967 3284 1270 3340 honoribus
1322 3284 1611 3340 colendum
1638 3285 1887 3355 putasti?
1912 3284 1994 3339 An
2021 3302 2063 3356 μ

2296 3290 2460 3346 ἱώτιον
2490 3291 2623 3362 (54),
2671 3292 2767 3346 καὶ
2812 3292 2873 3346 τὺ
2902 3292 3073 3364 πῶμα
3119 3294 3491 3365 ἑπαγόμενος,
3539 3290 3821 3364 ἄληπτος

539 3380 650 3436 tius
680 3379 911 3435 alterum
943 3378 1048 3434 hoc
1096 3376 1362 3447 adjunges
1400 3392 1522 3432 cum
1574 3376 1816 3448 ejusdem
1860 3376 2064 3432 roboris

2296 3382 2423 3437 Ξνετο
2463 3387 2574 3448 τοῖς
2629 3382 2915 3448 διώκουσι,
2943 3384 3307 3455 πειρωμένοις
3354 3382 3518 3436 αὐτὸν
3558 3381 3821 3447 ὲξελκῦ-

540 3483 657 3529 tum
679 3472 878 3529 divinae
905 3469 1298 3527 benevolentiae
1327 3477 1739 3523 monumentum
1769 3485 1784 3533 ;
1809 3469 1952 3539 quod
1985 3484 2065 3524 CUI

2296 3515 2301 3528 .
2330 3474 2439 3545 (55)
2465 3492 2479 3543 ;
2510 3471 2582 3528 Ὦ
2606 3475 2936 3548 Κλεόμηδες,
2970 3472 3079 3548 ἆρα
3102 3476 3251 3547 ἥρως
3277 3475 3377 3528 οὐκ
3402 3474 3517 3527 ἐστι
3556 3473 3780 3546 θνητός
3802 3495 3821 3541 ;

540 3580 754 3623 sacram
780 3565 837 3619 in
882 3576 1066 3619 arcam
1099 3574 1220 3617 sese
1262 3560 1584 3617 immisisset
1607 3600 1623 3626 ,
1656 3560 1890 3616 adducto
1918 3559 2065 3615 deinc’

2299 3584 2314 3621 ι
2344 3568 2412 3622 τὰ
2443 3569 2806 3641 μηχανήματα
2828 3569 2968 3641 ὑπὲρ
3011 3567 3307 3632 ἀθανασίας
3348 3566 3601 3638 ὲξεῦρεςῑ
3656 3569 3824 3641 ᾘσ-

541 3657 820 3730 operculo,
858 3651 1245 3726 comprehendi
1271 3653 1339 3708 ab
1368 3652 1803 3724 insequentibus,
1848 3651 1902 3706 in
1931 3668 1996 3708 eo
2017 3668 2066 3707 ει

2301 3677 2364 3713 ιτο
2389 3660 2518 3729 γοῦν
2547 3660 2748 3724 εὐθέως
2777 3662 2827 3714 οἱ
2857 3660 2969 3713 θεοὶ
3008 3660 3110 3730 τῆς
3140 3660 3529 3731 ἀγαθουργίας,
3573 3660 3676 3712 καὶ
3709 3662 3826 3714 ἀν-

437 3790 441 3794 ›
543 3751 808 3807 trahendo
852 3749 1054 3804 frustra
1092 3746 1507 3810 laborantibus,
1558 3745 1705 3801 nulla
1737 3746 1787 3800 vi
1832 3753 1957 3814 potu

2293 3752 2504 3822 είψαντό
2537 3769 2617 3817 σε,
2643 3750 2830 3822 ὥσπερ
2858 3753 2908 3805 οἱ
2940 3750 3034 3806 τοῦ
3050 3752 3288 3823 Ὀμήρου
3321 3749 3414 3803 τὸν
3430 3749 3779 3822 Γανυμήδην
3802 3769 3818 3781 ·

542 3842 737 3900 ldeone
767 3841 992 3896 heroem
1041 3850 1097 3895 tu
1131 3839 1284 3894 illum
1305 3876 1320 3903 ,
1356 3845 1519 3908 atque
1552 3853 1620 3892 ex
1661 3836 1970 3892 mortalium
2011 3852 2067 3891 m

2302 3843 2349 3897 ιὰ
2378 3843 2468 3898 τὸν
2500 3843 2597 3914 μὲν
2627 3843 2720 3895 ἐπὶ
2755 3842 2833 3914 τῷ
2866 3842 3070 3906 κάλλει,
3099 3842 3158 3895 σὲ
3189 3842 3247 3895 δὲ
3279 3840 3372 3894 ἐπὶ
3400 3843 3466 3913 τῇ
3498 3840 3670 3911 ἰσχύϊ,
3706 3846 3827 3897 καὶ

541 3949 696 3989 mero
737 3931 1088 3987 eximendum
1118 3945 1240 3986 esse
1281 3928 1406 3985 vis?
1437 3926 1482 3983 Ο
1513 3926 1829 3984 Cleomedes
1853 3967 1868 3993 ,
1914 3926 2066 3996 quibi

2300 3954 2309 3998 ς
2340 3937 2518 4006 ἰσχύος
2549 3938 2615 4008 τῇ
2646 3936 2839 4009 χρήσει
2862 3938 2926 4007 τῇ
2954 3934 3154 4006 ἀγαθῇ.
3187 3933 3314 4009 Εἴθε
3342 3929 3455 3998 οὖν,
3500 3926 3548 3986 ὧ
3602 3934 3825 4004 μάντι,

530 4026 644 4081 .ιὶδί
678 4026 888 4081 artibus
922 4022 1386 4079 immortalitatem
1431 4020 1685 4092 peperisti
1714 4021 1727 4074 ι
1769 4017 1999 4074 Sensere
2038 4018 2055 4072 ‹

2319 4021 2476 4093 ἔφην,
2505 4006 2672 4087 ἐάσας
2689 4006 2793 4093 τήν
2822 4006 3048 4093 ψάμμον
3081 4022 3177 4076 καὶ
3199 4006 3297 4092 τὴν
3330 4021 3530 4093 ἆλμην,
3556 4022 3682 4075 ἀντ’
3704 4027 3830 4078 αὐ-

530 4120 742 4189 quippe
757 4118 1020 4173 continuo
1036 4115 1249 4187 pulchri
1271 4113 1529 4169 facinoris
1545 4111 1918 4167 excellentiam
1929 4153 1944 4178 ,
1959 4118 2055 4179 teql

2303 4131 2320 4165 ν
2352 4113 2634 4184 ἐξέμαθες,
2663 4115 2861 4168 ὁπόσου
2887 4114 3034 4179 ἄξιόν
3053 4116 3200 4168 ἐστιν
3234 4117 3267 4186 ή
3292 4113 3548 4185 πυκτικὴ,
3573 4114 3672 4168 ἵνα
3711 4119 3828 4171 καὶ

530 4211 710 4275 illico,
745 4219 807 4266 ut
834 4210 976 4265 bona
1005 4207 1279 4279 quondam
1310 4205 1469 4276 231
1506 4203 1728 4258 Homeri
1758 4202 1983 4257 numina
2012 4202 2055 4257 G

2304 4223 2338 4269 ης
2355 4205 2564 4270 πύκτας
2589 4206 2743 4271 ὅνους
2774 4207 2928 4270 θεοὺς
2945 4206 3216 4279 ἐνόμιζες,
3244 4207 3340 4261 καὶ
3366 4207 3492 4271 τοὺς
3522 4206 3829 4280 όνάγρους

531 4303 852 4374 .nymedem,
884 4301 938 4356 iu
969 4302 1166 4357 coelum
1207 4312 1440 4368 rapuere
1467 4314 1481 4350 :
1512 4295 1619 4351 nisi
1647 4295 1793 4365 quod
1823 4293 1913 4349 ille
1942 4292 2056 4347 forn

2305 4312 2322 4349 ν
2352 4294 2488 4350 θεῶν
2508 4297 2634 4361 τοὺς
2661 4297 2945 4368 ἀρίστουςῑ
2975 4299 3069 4351 καὶ
3096 4292 3164 4368 ἦν
3190 4297 3256 4351 ἄν
3297 4313 3350 4349 τι
3378 4298 3573 4350 οἰκεῖον
3610 4296 3830 4366 λόγιον

542 4412 608 4452 ac
639 4396 850 4467 specie,
884 4403 940 4450 tu
970 4394 1168 4450 robore
1191 4433 1205 4458 ,
1247 4405 1461 4461 usuque
1484 4388 1698 4443 roboris
1736 4386 1955 4458 egregio
1993 4387 2067 4457 pl:

2337 4387 2658 4442 ἀποθανόντι
2686 4387 2898 4460 ὀνάγρῳ
2926 4388 3123 4460 μᾶλλον
3155 4389 3189 4461 ἢ
3223 4388 3316 4442 ἐπὶ
3340 4387 3417 4459 τῷ
3452 4386 3528 4458 σῷ
3560 4388 3782 4466 πύκτῃ
3809 4409 3830 4425 ο

542 4488 723 4546 cuisti.
751 4487 972 4544 Utinam
995 4502 1146 4558 ergo,
1169 4487 1310 4541 bone
1353 4494 1525 4546 vates,
1583 4481 1728 4552 quod
1781 4492 1905 4536 ante
1942 4481 2208 4545 dicebam,
2249 4497 2414 4537 arena
2444 4483 2689 4554 marique
2728 4485 3127 4554 praetermissis,
3174 4499 3283 4554 quo
3323 4484 3393 4540 sit
3424 4483 3727 4542 habendus
3766 4490 3831 4542 in

536 4595 775 4640 numero
817 4579 1092 4651 pugilatus
1136 4577 1341 4631 interea
1381 4573 1686 4628 didicisses.
1740 4569 2007 4626 Nimirum
2058 4582 2110 4625 et
2145 4570 2277 4626 deos
2307 4587 2522 4642 quoque
2560 4573 2772 4644 pugiles
2835 4574 3042 4639 asinos,
3102 4582 3156 4629 et
3183 4588 3417 4644 onagros
3455 4574 3549 4628 abs
3582 4583 3643 4629 te
3669 4575 3835 4633 deo-

546 4689 667 4731 rum
712 4669 1120 4728 strenuissimos
1152 4665 1495 4720 haberemus.
1550 4660 1801 4716 Exstaret
1838 4660 2000 4715 etiam
2045 4659 2100 4713 in
2138 4661 2407 4716 demortui
2456 4663 2644 4735 onagri
2691 4665 2874 4721 verius
2934 4680 3100 4736 quam
3139 4664 3196 4719 in
3234 4664 3434 4736 pugilis
3464 4663 3541 4718 tui
3570 4663 3833 4725 laudem

540 4766 823 4841 proprium
855 4764 961 4817 hoc
985 4770 1040 4816 et
1062 4758 1338 4837 singulare
1363 4753 1642 4811 oraculum
1670 4772 1681 4806 :

618 4945 646 4975 ι
674 4932 760 4987 τον.
794 4928 989 4997 τούτῳ.

616 5098 730 5172 (29)
768 5093 843 5153 Ὦ
867 5094 1055 5160 ειδώς.
1095 5091 1228 5147 Vide
1249 5089 1391 5162 quod
1418 5095 1736 5144 annotatum
1766 5094 1869 5153 est,
1898 5102 1952 5157 p.
1980 5086 2109 5157 212,

2312 5087 2400 5167 5i)
2446 5086 2558 5172 re?
2583 5083 3071 5172 “(intimauerit
3113 5081 3250 5138 Eum
3278 5080 3579 5137 Pausanias
3611 5082 3837 5140 Ἴκκον

552 5153 726 5226 ε.“6ξ’
1012 5153 1028 5160 ’
1175 5174 1178 5179 ’
1265 5153 1284 5162 ’
1899 5153 1917 5157 ’

1899 5153 1917 5157 ”
2095 5153 2103 5157 ’
2218 5153 2485 5227 nominat,
2513 5156 2682 5227 ἄνδρα
2724 5153 3082 5227 Ἐπιδαύριον.

642 5221 734 5311 50)
773 5235 1140 5307 Κλεομήδης.
1181 5231 1297 5287 Hoc
1313 5229 1592 5312 de.pugile
1614 5229 1815 5311 similia
1837 5229 2108 5285 Plutarch.

642 5309 855 5350 ηηηηιιη
926 5323 982 5350 n-
1017 5305 1118 5350 πλε
1171 5303 1490 5350 Pausanias-
1523 5316 1561 5350 ιι
1593 5297 1821 5350 Ηειιαο..
1847 5316 1902 5350 n.
1930 5298 2032 5350 186
2062 5308 2116 5350 et

1954 5229 2108 5284 arch.
2288 5226 2403 5350 (52)
2443 5221 2845 5350 Προτὲἕληθείς.
2888 5221 3033 5294 Lego
3067 5221 3479 5294 προστιμηθείς.

1964 5298 2032 5350 86
2062 5308 2116 5350 et
2310 5298 2398 5350 55)
2448 5296 2565 5350 ’ἵετ’
2644 5296 2953 5350 render-oc.
2988 5305 3093 5349 etc.
3125 5293 3387 5350 Pausan..
3422 5289 3479 5344 εὖ

548 5314 603 5365 in
621 5289 882 5381 ‘lioinulo,
1171 5289 1561 5381 Pausaniasfu
1593 5297 1821 5381 Helice,
1839 5316 1902 5381 Β,
1930 5298 2032 5381 18β
2062 5316 2073 5352 ι

2446 5289 2565 5381 ςῨσξ
2597 5289 3387 5381 εξχθηδόνος,ἐιο.Ῥεωεοιὶ.,
3422 5289 3647 5360 εὔφρων
3673 5293 3834 5363 ὲγέο

547 5381 681 5449 187;
711 5366 971 5449 Origenes
1007 5374 1075 5429 In
1102 5366 1308 5449 Celsum
1330 5366 1553 5449 _lih.__m,
1588 5385 1640 5438 p.
1839 5366 2072 5449 Ther-dot

1285 5389 1308 5425 rt
1330 5366 1553 5449 _lih.__m,
1588 5385 1640 5438 p.
1839 5366 2109 5449 Theudor.
2216 5366 2340 5449 νετο
2357 5366 2810 5449 τῆςλύπης.

788 5427 1510 5513 ’δέ’-ἀῖᾦεοιῆίαΙῙεειὶοηὶὸη
1538 5427 1661 5509 pag.
1696 5427 1833 5513 iiii;
1859 5440 2071 5513 _§yrillu

2311 5438 2399 5513 54)
2435 5427 3067 5513 ιξὶςΓὶερόννκιϐὠτ-ων.
3108 5432 3407 5489 Pausanias
3450 5431 3504 5485 in
3537 5427 3836 5491 Mineruae

548 5520 835 5576 Alexandr.
868 5517 933 5573 In
958 5507 1235 5570 lulianum
1260 5507 1593 5581 Apostatam,
1615 5507 1681 5579 'p.
1714 5511 1819 5564 622
1858 5507 2071 5564 Hérveti
2099 5526 2113 5573 ;
2216 5507 2417 5581 templo
2438 5507 2726 5581 factumjd
2751 5521 2872 5581 e_sse
2898 5515 3101 5581 narrat.

548 5569 807 5646 ξιῖνᾶἷῶξῖ
823 5569 1039 5645 codicis
1068 5569 1344 5639 manusci'.
1379 5590 1423 5636 t.
1446 5578 1510 5651 ll,
1544 5569 1735 5651 tibist,
1765 5582 1856 5649 qui
1895 5569 2109 5649 postreJ
2287 5569 2399 5651 (55)
2438 5577 2566 5633 Post
2608 5576 2914 5651 εξελκῦσαι,
2941 5574 3233 5651 manifesta
3257 5571 3503 5651 trajectio
3535 5579 3642 5651 est.
3696 5569 3839 5651 ιρις

547 5639 621 5713 ini
640 5639 1374 5724 cultu—mngsvrmartyribus
1407 5667 1438 5705 a
1462 5639 1796 5724 Christianis.
1818 5639 2072 5724 tributum

2312 5639 2775 5724 :reponendum:
2798 5639 2940 5717 Ἀρὰ
3004 5651 3154 5719 ἣρως
3183 5645 3283 5697 οὐκ
3315 5639 3429 5695 ἔστι
3466 5639 3708 5710 θνητός;
3743 5640 3837 5701 *Ω

548 5712 1011 5785 ίιιίιέδιεοωειιὶε
1049 5712 1213 5781 etiam
1246 5721 1611 5788 contentione,
1642 5718 1955 5776 defendunt.

1391 5721 1611 5788 :ntione,
1642 5718 1955 5776 defendunt.
2084 5712 2091 5714 i
2208 5712 2516 5790 Κλεόμηδες
2535 5735 2547 5748 ·
2580 5712 2665 5771 οἷα
2687 5718 2755 5772 τὰ
2787 5712 2916 5789 μηχ.
