3862 6220
135 358 208 414 δθτ
252 344 261 355 ‘
1255 354 1579 417 emam.
1621 362 1660 417 E

1812 364 1871 422 G.
1913 364 2040 423 LIB.
2084 364 2151 427 Υ.
3229 374 3337 433 398

132 473 670 561 Llf‘Eonzoc'dOardtgr
690 470 828 561 ὄξεος
855 474 1054 561 ᾅγφίος
1074 519 1107 561 ,Α
1124 482 1196 532 οὐ
1233 479 1614 561 Κλεομήδης,

1761 483 2029 561 {lusimus
2057 487 2141 541 hic
2165 502 2360 561 onager
2391 504 2657 560 superum,
2685 504 2787 545 non
2811 491 2927 561 jam
2959 490 3286 561 Cleomedes,

135 547 213 598 Ὃν
231 547 457 611 θυσίαις
479 544 667 615 τιμᾶθ’
704 549 785 614 ὡς
812 544 936 602 οὐκ
955 544 1043 602 ἐτι
1070 549 1295 615 θνητὸν
1317 544 1514 605 ddi-td.
1539 544 1608 549 ψ

1760 554 2010 610 Divinum
2038 574 2070 610 a
2095 560 2237 612 vobis
2266 544 2405 628 ierat
2431 544 2750 616 immortalis
2777 544 3046 618 1.35mi.

132 658 200 729 Μὴ
221 659 313 731 γὰρ
344 659 405 730 δὴ
448 650 751 733 θαυμάσῃς,
790 664 839 715 εἰ
871 665 963 716 καὶ
1000 663 1231 734 δναγρος
1283 666 1657 723 ὲπιδικάσεται

1802 666 1945 738 'eque
1970 654 2103 724 vero
2134 670 2334 726 mirum
2356 671 2454 727 tibi
2481 673 2732 730 videatur
2755 718 2771 743 ,
2807 677 2954 747 quod
2996 679 3327 740 immortali-

131 751 414 816 ἀθανασίας,
451 753 647 816 ἱκανῶς
665 754 733 808 τά
780 753 897 808 θεῖα
943 758 1533 827 παρασκευασάμενος·
1565 761 1656 812 καὶ

1810 768 1925 816 item
1972 763 2078 819 sibi
2110 778 2316 836 onager
2346 780 2449 821 suo
2497 768 2654 838 quasi
2688 768 2813 839 jure
2851 770 3192 842 vindicaret,
3225 784 3335 834 tam

133 843 328 907 ἀκούσας
350 844 420 915 μὴ
447 845 776 915 ἀνασχέσθαι
811 859 858 910 ει,
885 846 998 901 ἀλλ’
1024 848 1319 919 ἀπειλῆσαι
1355 849 1383 889 ἓν
1425 850 1520 903 καὶ
1563 851 1658 905 αὺ-

1807 854 1900 911 elle
1927 854 2091 912 rebus
2120 857 2424 927 opibusque
2456 858 2657 914 divinis
2686 859 3020 919 instructus:
3073 867 3332 937 quodque

131 937 200 988 civ
239 938 319 988 τὸν
363 937 648 1010 Κλεομήδη
685 939 929 1004 πατάξας
965 942 1047 1003 εἰς
1076 941 1137 993 τὸ
1171 939 1446 1016 βάραθρον
1490 943 1656 1015 ἐμϐα-

1816 947 1852 1001 )ἰ
1885 956 2068 1002 vestro
2092 949 2159 1003 de
2190 950 2420 1005 consilio
2451 950 2656 1020 aliquid
2689 951 3013 1022 inaudisset,
3050 955 3341 1028 impatiens

130 1027 234 1091 λεῐν,
265 1029 360 1085 καὶ
385 1030 483 1087 οὐκ
528 1033 848 1107 ἐπιτρέψειν
871 1032 1019 1107 αὐτῷ
1043 1038 1123 1099 είς
1149 1035 1239 1089 τὸν
1261 1035 1487 1107 οὐρανὸν
1530 1038 1655 1090 ἀνα-

1813 1038 1994 1108 juriaa,
2031 1039 2277 1097 futurum
2305 1042 2629 1111 minaretur,
2660 1046 2739 1099 uti
2769 1027 3140 1104 Cleomedemi
3160 1050 3338 1121 ipsum

131 1124 257 1191 θῆναι
276 1140 289 1153 ο
316 1120 447 1178 εἶναι
479 1123 588 1197 γάρ
618 1126 784 1179 αὐτοῦ
819 1126 1109 1199 ἀξιώτερος
1143 1128 1325 1183 αὐτῶν
1366 1129 1476 1183 τῶν
1499 1128 1656 1184 θείων

1874 1133 2189 1203 voraginem
2260 1135 2506 1192 calcibus
2553 1145 2843 1193 contusum
2904 1120 3193 1210 dejiceret,
3239 1158 3343 1199 nec
3382 1146 3387 1161 '

130 1214 297 1285 δώρων,
336 1216 424 1270 ἀτε
458 1219 597 1288 μήτε
626 1217 777 1289 αὑτῷ
800 1220 943 1289 μόνῳ
983 1219 1204 1292 ἕτοιμος
1246 1219 1322 1273 ὣν
1368 1220 1655 1291 μάχεσθαι,

1810 1225 1913 1279 lum
1951 1241 2195 1295 unquam
2249 1227 2302 1281 in
2347 1228 2546 1283 caelum
2601 1232 2971 1287 conscendere
3014 1242 3335 1304 pateretur:

131 1309 209 1362 xiv
228 1312 269 1362 εί
296 1311 524 1381 σιδηροῖς
555 1310 737 1382 χρῷτο
758 1314 869 1375 τοῖς
898 1314 1107 1382 ἱμᾶσιν,
1138 1312 1275 1367 ἀλλά
1310 1314 1405 1367 καὶ
1441 1313 1521 1384 τῷ
1551 1313 1656 1368 Θα-

1814 1316 1864 1371 hi
1895 1317 2040 1371 enim
2081 1317 2288 1388 justius
2317 1334 2483 1389 quam
2515 1320 2623 1391 ipsi
2653 1321 2837 1377 divina
2869 1323 2956 1378 illa
2988 1340 3217 1384 munera
3242 1330 3338 1384 de-

130 1403 208 1471 σίῳ
226 1402 383 1472 πᾶκτῃ
402 1401 512 1472 (56)
537 1403 654 1473 ἅμα
682 1404 1030 1476 ἀμφοτέροις,
1055 1406 1196 1477 ὑπὲρ
1215 1401 1275 1461 οὗ
1297 1407 1391 1461 τοῦ
1410 1409 1655 1480 ἀνδριάν-

1814 1407 1875 1461 :ri
1916 1408 2270 1463 contenderet
2298 1426 2312 1476 ;
2347 1409 2547 1481 quippe
2582 1412 2676 1480 qui
2707 1427 2814 1466 non
2858 1428 2983 1468 cum
3014 1429 3082 1470 eo
3114 1418 3291 1472 solum
3320 1457 3339 1483 ,

129 1510 199 1556 τος
212 1494 534 1565 ἐχαλέπηναν
565 1497 617 1548 οἱ
647 1494 781 1561 θεοὶ,
809 1497 903 1550 καὶ
927 1498 1025 1569 τὴν
1062 1498 1279 1553 Θασίων
1313 1499 1419 1571 γῆν
1458 1501 1654 1573 ἄφορον

1811 1500 1977 1554 ,πιοῑεί
2030 1498 2222 1556 ferreis
2264 1501 2520 1557 czestibus
2564 1512 2848 1572 uteretur,
2897 1520 3086 1562 verum
3119 1520 3174 1563 et
3212 1525 3336 1565 cum

128 1587 421 1656 εἰργάσαντο.
452 1587 795 1659 Πιστεύομεν
814 1586 870 1641 δὲ
899 1590 994 1643 καὶ
1025 1591 1156 1663 περὶ
1194 1590 1390 1645 τούτου
1420 1592 1521 1645 οὐκ
1567 1593 1653 1645 ἀν·

1816 1599 1933 1645 tero
1975 1592 2139 1646 simul
2167 1593 2351 1664 pugile
2402 1592 2605 1649 Thasio
2653 1611 2895 1667 pugnare
2942 1607 3165 1667 posset:
3204 1602 3336 1668 illo,

128 1676 319 1748 θρώπῳ,
353 1678 489 1732 ἀλλά
549 1679 657 1751 θεῷ
694 1680 774 1751 τῷ
807 1681 977 1755 αὐτῷ.
1020 1683 1112 1748 Ἐξ
1138 1678 1213 1738 ὧν
1243 1685 1356 1754 ἐγὼ
1398 1688 1491 1740 καὶ
1520 1687 1653 1741 πάνυ

1813 1698 2010 1752 quam,
2035 1682 2260 1751 Thasio,
2290 1686 2447 1756 cujus
2472 1686 2544 1741 ob
2572 1694 2808 1742 statuam
2836 1692 3095 1745 commoti
3118 1694 3338 1762 gravius

124 1770 399 1841 κατενόησα,
420 1771 505 1825 Em
524 1771 664 1826 θεῖόν
686 1789 739 1825 τι
758 1773 864 1845 ἄρα
884 1770 951 1844 ἦν
972 1776 1309 1849 ἐπιτήδευμα
1333 1780 1368 1850 ἡ
1398 1782 1649 1852 πυκτική·

1809 1778 1965 1846 Ipcri,
1996 1778 2077 1832 uti
2108 1779 2267 1833 ﬁdem
2299 1795 2407 1834 non
2439 1779 2608 1835 homo
2637 1782 2827 1837 nescio
2858 1783 2983 1853 quis
3010 1824 3026 1848 ,
3058 1786 3152 1841 sed
3194 1786 3334 1843 idem

123 1861 291 1924 τοῦςδὲ
315 1864 543 1928 πολλοὺς
570 1864 667 1917 καὶ
686 1865 963 1936 οἰομένους
991 1864 1131 1922 εἶναι
1162 1872 1360 1940 σοφοὺς
1392 1872 1648 1941 ἐλελήθει·

1817 1882 1875 1922 se
1918 1866 2064 1923 Deus
2103 1866 2253 1932 facit,
2289 1867 2617 1925 Thasiorum
2649 1870 2779 1926 olim
2811 1887 3003 1945 agrum
3053 1876 3338 1934 sterilitate

124 1950 194 2015 ἶν’,
217 1953 453 2025 ἀφέμενοι
487 1954 587 2007 τοῦ
611 1955 770 2010 καλοὶ
808 1957 1039 2027 κάγαθοὶ
1068 1955 1239 2025 εἷναι,
1275 1962 1478 2032 ῆσκουν
1518 1963 1649 2018 αὐτά

1812 1967 2107 2012 unnarunt.
2155 1957 2233 2013 Ex
2265 1959 2464 2029 quibus
2509 1975 2657 2015 nunc
2695 1961 2913 2019 demum
2947 1964 3222 2035 intelligo,
3251 1966 3337 2021 di-

123 2041 196 2095 τοῦ
221 2044 402 2098 Θασίου
425 2045 638 2099 πύκτου
658 2064 672 2077 ·
706 2040 751 2115 ᾧ
780 2048 1077 2104 ἀθανασίαν
1111 2052 1232 2123 μὲν,
1255 2053 1446 2125 ὥσπερ
1489 2056 1648 2109 Κλεο-

1816 2065 1945 2105 num
1977 2052 2137 2120 plane
2168 2051 2375 2122 aliquid
2400 2067 2523 2109 esse
2550 2054 2889 2125 pugilatum:
2911 2055 2964 2112 id
2984 2058 3129 2127 quod
3152 2058 3335 2116 videre

126 2134 270 2207 μὴεει.
301 2140 394 2191 οὐκ
439 2139 675 2206 ἔδωκαν,
733 2142 997 2210 ἐφίλησαν
1036 2143 1096 2198 δὲ
1146 2146 1400 2215 μεγάλως
1433 2148 1481 2199 oi
1521 2147 1649 2203 θεοί.

1810 2158 2036 2211 inquam
2056 2184 2070 2210 ,
2102 2143 2188 2198 vel
2218 2158 2441 2211 eorum,
2477 2146 2570 2215 qui
2596 2160 2657 2201 se
2704 2145 2978 2216 sapientes
3003 2147 3166 2219 vulgo
3197 2164 3335 2220 pra:-

123 2227 248 2281 Οὖτω
264 2230 348 2282 καὶ
376 2232 402 2282 ὁ
427 2231 662 2302 χάλκεος
680 2231 842 2286 αὐτοῦ
871 2234 1095 2306 ἀνδριὰς
1121 2235 1288 2301 ἔδειξε
1308 2255 1360 2291 τι
1391 2238 1531 2310 ὑπὲρ
1554 2238 1648 2303 τὰς

1814 2235 2032 2300 cabant,
2067 2234 2312 2304 plerique
2343 2244 2588 2305 potuere.
2619 2235 2810 2304 Secus,
2845 2239 3069 2297 omissis
3097 2241 3174 2297 illi
3206 2257 3337 2314 pro.

117 2319 203 2370 τῶν
226 2321 381 2375 ἀλλων
411 2324 719 2395 ἀνθρώπων
739 2327 971 2393 εἰκόνας,
996 2329 1435 2399 ἐπικατενεχθεὶς
1452 2329 1530 2400 τῷ
1554 2348 1642 2401 μα-

1811 2333 1899 2378 cto
1951 2325 2164 2381 honesti
2210 2326 2454 2395 rectique
2503 2327 2741 2395 studiis,
2790 2328 2859 2383 ad
2907 2328 3095 2387 Thasii
3136 2334 3336 2406 pugilis

120 2412 344 2483 στιγοῦντι
369 2417 573 2489 ἐχθρῷ,
602 2418 748 2472 κατά
772 2436 913 2483 τινα,
943 2420 1018 2483 ὡς
1049 2419 1213 2486 ἔοικε,
1244 2420 1525 2492 δαιμονίαν
1560 2421 1645 2492 μέ-

1811 2415 2500 2484 iitationemadhaesissent.
2528 2417 2664 2472 Nam
2684 2427 2743 2473 ut
2765 2434 2890 2475 eum
2920 2423 3127 2492 superi,
3144 2440 3336 2497 quem-

118 2516 296 2574 ριμταν.
339 2508 476 2561 Ἀλλ’
508 2511 561 2562 οἱ
592 2510 826 2581 ἄφρονες
849 2511 1059 2578 Θάσιοι,
1088 2513 1183 2565 καὶ
1229 2511 1391 2565 θείων
1438 2511 1643 2584 ἄπειροι

1807 2508 2048 2562 lmodum
2079 2507 2446 2576 Cleomedem,
2483 2509 2891 2568 immortalitate
2918 2528 3026 2568 non
3055 2515 3332 2583 donarint,

115 2599 410 2668 πραγμάτων
432 2639 449 2665 ,
492 2601 888 2672 ἠγανάκτησάν
922 2620 1001 2668 τε,
1030 2605 1127 2657 καὶ⁵
1153 2601 1285 2672 ἄγος
1312 2604 1640 2658 ἐπεκάλεσαν

1808 2602 2028 2671 -αιοίρυο
2051 2609 2231 2657 tamen
2262 2617 2450 2657 amore
2480 2604 2755 2674 prosecuti
2791 2614 2939 2660 sunt.
2986 2606 3167 2679 Usque
3197 2610 3333 2666 adeo

111 2687 171 2757 τῷ
194 2690 471 2764 ἀνδριάντι,
504 2694 605 2746 καὶ
627 2692 781 2763 δίκην
801 2694 1210 2765 εἰσεπράξαντο,
1228 2696 1323 2748 καὶ
1354 2696 1636 2750 καταδῦσαι

1806 2694 2033 2765 ngulare
2087 2692 2345 2764 quiddam
2377 2735 2393 2759 ,
2450 2709 2614 2761 supra
2675 2702 2994 2751 caeterorum
3047 2698 3329 2754 hominum

111 2779 371 2852 ἐτόλμησαν
398 2786 478 2847 είς
512 2784 615 2856 τὴν
644 2784 933 2842 θάλασσαν.
965 2788 1040 2839 Οὐ
1078 2785 1182 2858 μὴν
1213 2786 1466 2856 διέφυγόν
1504 2805 1567 2857 γε
1601 2793 1636 2841 οῖ

1804 2784 2044 2854 nagines,
2070 2797 2282 2838 aeneum
2322 2782 2443 2850 eius
2474 2782 2831 2837 simulacrum
2881 2784 3156 2847 ostendit,
3204 2800 3329 2840 cum

110 2868 281 2936 Θάσιοι,
313 2874 425 2928 ἀλλ’
448 2877 498 2928 οἱ
522 2874 640 2928 θεοὶ
660 2875 902 2940 ἐδίδαξαν
938 2876 1123 2948 ἡλίκον
1153 2877 1321 2932 κακὸν
1354 2878 1446 2932 ὑπ’
1474 2878 1635 2934 αὐτῶν

1804 2884 2000 2945 ncaput
2040 2874 2285 2939 inimici,
2335 2888 2366 2927 a
2401 2889 2512 2944 quo
2546 2882 2659 2928 tum
2710 2873 2924 2944 llagello
2971 2875 3329 2945 pulsabatur,

108 2963 372 3037 ἐτολμήθη,
404 2967 565 3038 λιμὸν
603 2966 1013 3039 ἐπιπέμψαντες
1051 2968 1143 3023 τὸν
1172 2968 1272 3040 τῆς
1311 2970 1459 3034 θείας
1496 2971 1633 3042 δίκης

1802 2971 1978 3035 :pente
2024 2964 2260 3027 cecidit,
2306 2978 2416 3020 non
2466 2964 2586 3019 sine
2612 2964 2797 3019 divino
2824 3003 2841 3028 ,
2886 2966 2965 3020 uti
3005 2966 3179 3021 visum
3223 2978 3327 3026 est.

106 3051 346 3110 διάκονον·
375 3059 434 3123 ὃς
466 3059 678 3125 ἐδίδαξε
711 3059 866 3129 μόλις
900 3061 1094 3124 αὐτοὺς
1117 3060 1186 3114 τά
1221 3062 1330 3115 τῶν
1357 3061 1495 3117 θεῶν
1526 3061 1631 3132 βου⁴

1803 3057 2007 3113 insilio.
2043 3056 2113 3109 At
2147 3056 2428 3111 enimvero
2454 3056 2714 3113 vecordes
2742 3055 2954 3124 Thasii,
2991 3066 3047 3113 et
3076 3058 3130 3113 in
3167 3058 3328 3112 rebus

107 3145 346 3217 λεύματα,
375 3153 488 3216 ὅτε,
518 3151 1035 3223 φιλανθρωπότατος
1067 3152 1204 3206 θεῶν
1238 3154 1301 3206 σὺ
1342 3153 1421 3224 τῷ
1466 3152 1632 3224 οίκείιι

1805 3149 1955 3203 [vinis
1982 3148 2275 3218 peregrini,
2308 3163 2495 3203 casum
2543 3148 2733 3219 iniquo
2785 3146 2929 3204 ferre
2959 3149 3145 3203 animo
3170 3189 3185 3214 ,
3213 3149 3330 3220 pia-

106 3239 271 3310 τρόπῳ,
300 3241 396 3311 τὴν
426 3241 688 3313 βοήθειαν
714 3242 895 3305 αὐτοῖς
934 3241 1203 3313 ἔπεμψας,
1230 3244 1403 3312 λέγων
1420 3260 1436 3275 ·

1803 3242 1861 3296 ili
1904 3235 2261 3296 simulacrum
2302 3254 2580 3294 arcessere
2607 3279 2623 3304 ,
2672 3254 2863 3309 pmnas
2906 3247 3150 3309 repetere
3174 3278 3188 3303 ,
3226 3255 3328 3310 po-

107 3340 271 3388 stremo
295 3334 348 3388 in
377 3351 533 3390 mare
562 3335 848 3406 projicere.
900 3334 1147 3401 Frustra,
1182 3337 1321 3391 nihil
1358 3338 1502 3392 enim
1572 3345 1837 3408 egerunt:
1873 3335 2004 3398 imo,
2028 3349 2193 3405 quam
2242 3348 2363 3390 sese
2416 3332 2568 3404 gravi
2634 3334 2839 3390 scelere
2867 3332 3329 3400 obstrinxissent,

108 3413 216 3477 fame
267 3426 620 3494 postmodum
654 3425 880 3497 justitia:
908 3426 1105 3482 divina:
1137 3428 1483 3494 administra,
1520 3444 1710 3483 eorum
1746 3428 1801 3481 in
1842 3427 2117 3497 regionem
2169 3424 2438 3491 immissa,
2468 3425 2652 3496 superi
2700 3426 2957 3482 docuere.
2998 3425 3325 3497 Quanquam

110 3517 171 3571 vix
207 3520 277 3575 illi
315 3523 478 3577 etiam
522 3531 643 3577 tum
687 3522 926 3577 divinam
998 3538 1293 3593 agnoscere
1336 3525 1669 3580 voluntatem
1740 3531 2056 3594 potuerunt.
2117 3522 2305 3592 Itaque
2360 3531 2419 3574 tu
2471 3522 2560 3577 ille
2607 3521 2834 3578 deorum
2890 3522 3325 3609 humanissimus

108 3626 230 3680 opem
249 3632 392 3671 more
420 3625 519 3671 tuo
544 3613 961 3670 consulentibus
984 3615 1180 3683 tulisti,
1214 3616 1318 3671 hoc
1339 3616 1643 3673 versiculo:

103 3731 176 3799 εἷς
192 3734 407 3806 πάτρην
428 3737 713 3809 φυγάδας
740 3737 1009 3810 κατάγων
1027 3738 1341 3808 Δήμητραν
1363 3738 1628 3809 ἀμήσεις.

1797 3734 1909 3806 32
1941 3730 2117 3787 Redde
2146 3731 2298 3786 modo
2349 3728 2614 3785 exsulibus
2662 3730 2928 3799 patriam,
2971 3730 3322 3873 ῗεζέῗρρέἲρία

111 3881 219 3937 Ἀλλ’
237 3889 590 3961 οί.ἀ6ἐλτεροι
623 3889 785 3944 πάλιν
829 3892 952 3956 τοὺς
978 3892 1280 3962 φεύγοντας
1322 3892 1636 3967 ἀνθρώπους

1797 3897 1847 3953 ic
1876 3911 2069 3967 nempe
2108 3909 2216 3949 non
2255 3893 2438 3949 minus
2475 3890 2690 3957 stolidi,
2726 3892 3061 3948 revocandos
3101 3895 3319 3951 exsules

104 3972 250 4043 ιῖηντο,
276 3980 353 4033 ὅτι
377 3981 461 4034 δεῖ
487 3982 693 4045 αὐτοὺς
714 3983 1066 4037 κατακαλεῖν*
1092 3986 1280 4049 κακῶς
1316 3986 1537 4050 ειδότες.
1576 3986 1629 4037 Ti

1792 4004 1857 4043 on
1912 3988 2050 4043 alios
2094 4000 2217 4041 esse
2249 3998 2415 4055 quam
2462 3983 2715 4039 homines
2762 3982 3048 4052 putabant.
3102 3984 3317 4041 lnsulse

111 4065 187 4137 γὰρ
215 4069 271 4141 δὴ
293 4073 384 4126 καὶ
409 4073 568 4144 μέλει
599 4076 713 4137 τοῖς
753 4074 1323 4148 ἀφιλανθρωποτάτοις
1367 4076 1509 4140 θεοῖς
1547 4078 1636 4130 ἀν-

1791 4089 1913 4130 ero:
1948 4073 2077 4145 quid
2110 4072 2253 4129 enim
2288 4072 2395 4127 diis
2445 4070 2865 4127 immanissimis’
2904 4080 3121 4127 tantum
3170 4089 3316 4130 curae

104 4154 294 4228 θρώπων
312 4166 631 4220 κατακαλου
638 4166 835 4237 μένων,
855 4167 1087 4241 ὅσονπερ
1108 4170 1438 4242 ἀνδριάντων
1457 4186 1471 4235 ;
1488 4169 1629 4240 Ἀμέ-

1797 4175 1854 4221 nt
1882 4167 2133 4222 homines
2162 4166 2231 4221 ab
2252 4165 2444 4221 exsilio
2470 4165 2784 4231 revocandi,
2826 4173 3089 4235 quantum
3122 4166 3315 4237 imagi-

103 4264 162 4302 ιει
186 4255 319 4309 οὐδὲν
345 4259 439 4311 ἐπὶ
459 4259 647 4329 τούτῳ
675 4259 926 4333 ὠφελήθη
962 4263 996 4332 ὴ
1027 4263 1120 4333 γῆ,
1154 4261 1295 4315 ὥστε
1327 4260 1628 4315 παύσασθαι

1789 4273 1843 4313 es
1895 4255 2285 4311 restituendae?
2315 4254 2458 4325 Ergo
2504 4255 2676 4309 nihilo
2705 4263 2895 4324 postea
2939 4256 3164 4311 meliore
3198 4258 3314 4313 solo

104 4345 313 4401 maior
350 4353 399 4404 εί
429 4351 508 4423 μὴ
536 4350 652 4406 τῶν
682 4351 858 4420 σοφῶν
896 4353 990 4406 καὶ
1018 4352 1396 4424 ἐπισταμένων
1430 4370 1514 4417 τις
1546 4352 1629 4405 τὸν

1785 4349 1846 4412 ti,
1880 4347 2018 4402 nihil
2051 4362 2281 4418 usquam
2316 4347 2369 4400 vi
2405 4345 2579 4400 morbi
2614 4346 2965 4401 remittente:
3006 4346 3181 4401 donec
3219 4364 3309 4402 so-

94 4437 209 4487 ‘lsiov
227 4438 344 4492 νοῦν
386 4441 599 4511 συνῆκε
627 4480 642 4506 ,
674 4441 889 4511 φυγάδα
913 4437 1052 4495 εἶναι
1078 4442 1169 4496 τὸν
1210 4460 1619 4497 καταπεποντω-

1781 4439 1927 4492 :rtior
1966 4438 2262 4508 quispiam,
2296 4437 2509 4493 acutius
2541 4438 2607 4492 de
2640 4452 2895 4506 superum
2925 4450 3103 4495 mente
3131 4441 3306 4510 conji-

104 4525 226 4582 ιένσν
245 4531 555 4604 ἀνδριάντα.
593 4534 707 4587 Καὶ
728 4529 796 4605 ἦν
820 4533 1011 4598 οὕτως.
1035 4536 1187 4605 ’Δμα
1211 4534 1320 4606 γὰρ
1342 4532 1629 4603 ἀνεστάθη,

1782 4532 1890 4585 iens
1922 4571 1938 4597 ,
1986 4529 2195 4584 exsulis
2254 4529 2476 4584 nomine
2519 4529 2823 4584 demersam
2870 4529 3020 4585 illam
3073 4539 3307 4586 statuam

105 4616 168 4667 cui
192 4620 335 4686 εὐθὺς
366 4625 401 4696 ἡ
436 4625 539 4694 μὲν
567 4626 643 4695 γῆ
670 4623 980 4690 ἀνέϐαλλεν,
1014 4625 1063 4678 οἱ
1089 4625 1148 4678 δέ
1177 4625 1411 4695 ἐκώμων
1447 4624 1630 4694 Δήμη-

1786 4621 1960 4693 ιιθιιίεἰ
1986 4621 2333 4676 declarasset.
2375 4620 2441 4675 Et
2479 4635 2627 4675 vere.
2657 4618 2795 4674 Nam
2824 4621 2988 4677 simul
3013 4630 3176 4692 atque
3207 4637 3311 4679 suo

104 4723 163 4776 ιρι
177 4709 358 4770 λοιπόν.
392 4717 523 4780 Πῶς
550 4712 649 4770 οὖν
679 4719 739 4770 οὐ
772 4718 1043 4790 τεκμήρια
1068 4716 1244 4772 ταῦτά
1269 4719 1405 4771 εἰσιν
1428 4715 1629 4787 ἐναργῆ

1785 4716 1969 4785 eposita
2001 4713 2121 4768 loco
2152 4711 2274 4777 fuit,
2305 4712 2610 4782 germinare
2641 4722 2785 4767 terra
2816 4715 3076 4769 continuo
3098 4756 3113 4779 ,
3163 4713 3310 4769 Tha-

104 4796 169 4863 τῆς
194 4799 513 4874 θεοπρεποῦς
544 4805 863 4878 ἀθλητικῆς,
893 4809 974 4861 ὅτι
999 4809 1116 4861 ἐστὶ
1141 4807 1492 4877 θεοτίμητοςς
1521 4805 1629 4859 Καὶ

1780 4810 1912 4879 iique
1938 4795 2191 4875 deinceps
2215 4820 2468 4872 agrorum
2501 4805 2748 4860 ubertate
2794 4806 3021 4876 gliscere
3050 4821 3115 4863 ac
3141 4807 3305 4861 luxn~

96 4886 178 4957 γὰρ
203 4892 286 4944 καὶ
314 4895 407 4947 ἐπὶ
436 4895 744 4949 πεντάθλου
776 4896 1048 4968 ἀνδριάντι
1090 4897 1403 4968 ὑϐρισμένῳ
1443 4896 1621 4966 ἐμήνι-

1789 4909 1880 4947 are
1905 4900 2209 4962 coeperunt.
2252 4890 2388 4958 Quis
2412 4892 2528 4948 haec
2568 4909 2734 4963 porro
2779 4910 2889 4949 non
2926 4911 3026 4965 pro
3064 4897 3306 4953 certissi-

94 4994 169 5032 σαν
194 4984 238 5035 οἱ
260 4985 385 5053 θεοὶ,
418 4988 518 5041 καὶ
546 4989 751 5059 Λοκροὶ
776 4988 1069 5061 ἐπείνησαν
1095 4988 1182 5043 διά
1212 4989 1399 5051 τοῦτο,
1438 4986 1619 5057 ὥσπερ

1777 4983 1840 5037 Iis
1865 4982 2199 5053 argumentis
2237 4983 2452 5047 habeat,
2482 4999 2644 5054 quam
2673 4983 2796 5054 jure
2818 5000 2883 5039 ac
2908 4986 3104 5042 merito
3132 4985 3302 5041 divini

85 5070 260 5139 θάσιοι,
285 5078 388 5142 ἕως
417 5080 629 5143 αὐτοὺς
655 5081 841 5135 ίάσατο
866 5080 1041 5149 λόγιον
1067 5081 1159 5135 σὺν
1189 5080 1311 5152 ἔχον
1347 5079 1518 5142 οὕτως
1539 5097 1551 5110 ·

1776 5090 1970 5129 onores
1992 5074 2187 5130 divina;
2216 5076 2542 5130 athletarum
2573 5076 2625 5130 vi
2664 5085 2718 5130 et
2760 5076 3041 5132 industria:
3065 5077 3301 5133 debean-

91 5168 347 5227 tur?Nam
399 5184 456 5229 et
505 5185 734 5245 propter
783 5177 1007 5231 alterius
1047 5176 1486 5248 quinquertionis
1536 5183 1772 5228 statuam
1830 5171 1966 5225 alias
2021 5170 2276 5225 violatam
2333 5186 2589 5226 exarsere
2625 5171 2722 5237 dii,
2750 5187 2852 5227 nec
2896 5171 3105 5226 minore
3138 5171 3299 5230 Locri

87 5272 332 5332 ?ropterea
364 5286 533 5339 quam
580 5268 766 5325 Thasii
798 5271 942 5326 fame
984 5272 1322 5338 laborarunt,
1360 5272 1530 5327 donec
1564 5281 1620 5324 tu
1657 5280 1875 5339 quoque
1905 5265 2008 5320 hoc
2034 5279 2298 5335 responso
2330 5266 2690 5321 calamitatem
2718 5266 2926 5322 levares
2961 5285 2976 5321 :

88 5379 176 5432 Ἐγ
193 5383 317 5454 τιμῇ
344 5386 455 5440 τὸν
472 5385 694 5456 ἄτιμον
716 5389 893 5456 ἔχων,
914 5388 1048 5442 τότε
1064 5387 1241 5458 γαῖαν
1272 5385 1544 5455 ἁρώσεις.

1726 5378 1903 5434 Redde
1933 5380 2089 5433 decus
2122 5378 2247 5432 (ceso
2271 5396 2291 5445 ;
2321 5396 2460 5451 seges
2488 5380 2666 5450 ampla
2696 5390 2938 5450 sequetur
2970 5389 3231 5435 aratrum.

94 5490 258 5588 Οσξ-ίάρ
291 5496 491 5570 Λοκροὶ
520 5496 753 5568 ᾔσθοντο
792 5498 1027 5563 διανοίας
1064 5498 1217 5563 θείας
1258 5500 1521 5570 πρότερον
1545 5540 1559 5566 .
1584 5498 1619 5569 ἢ

1772 5490 1839 5547 ee
1873 5492 2018 5547 enim
2050 5490 2295 5548 divinum
2325 5490 2392 5547 iis
2424 5490 2712 5546 consilium
2743 5490 2991 5547 subolere
3024 5503 3148 5547 ante
3196 5506 3297 5564 po-

146 5655 167 5680 ι
189 5647 262 5700 la.
293 5649 570 5715 ἀνέξεται.
653 5650 681 5690 ι’
706 5651 791 5704 ισ.
820 5651 1127 5724 ἀπειλήσει.

149 5775 240 5848 ('56)
276 5782 470 5848 Θασίῳ
500 5783 725 5852 πύκτῃ.
761 5781 1075 5855 Theagenes
1097 5785 1143 5842 is
1166 5784 1290 5840 fuit.
