3862 6220
129 340 204 396 ιιι
1246 346 1569 403 ΡΗᾸΞΡΑΒ.
1606 347 1865 407 EVANG.
1904 348 2031 404 LIB.
2075 350 2136 404 γ.
3226 347 3333 402 ιιοῖ

126 461 230 529 ἡμῖν
256 456 318 510 τὰ
341 456 577 529 περὶτοῦ
603 458 834 514 θανάτου
869 461 1077 528 ἔδειξας
1106 466 1200 519 κοιλ⁸
1227 465 1329 536 τῆς
1360 467 1508 537 ζωῆς
1526 508 1541 533 ,
1576 469 1649 521 ὅτι

1764 470 1959 525 mortis
2012 470 2406 533 decreverunt,
2460 468 2605 537 quod
2649 467 2826 524 lenius
2878 467 3228 523 Charitonem
3282 479 3336 522 et

126 545 370 600 κάλλιστόν
410 546 464 599 τί
506 548 657 602 ἐστιν
697 551 732 620 ἡ
777 551 1087 622 ζωή.›Ἐπὶ
1121 552 1330 620 τούτοις
1360 555 1532 612 ἅπασι
1564 559 1649 613 και

1768 557 2133 628 Melanippum
2163 558 2432 615 habuerit.
2477 558 2546 612 At
2588 565 2646 614 tu
2678 558 2804 614 vitae
2834 558 3135 629 mortisque
3167 560 3337 613 ratio.

123 638 214 691 τόδε
237 637 582 707 προσκείσθω.

1761 667 1881 715 nes,
1914 652 2004 705 vix
2036 651 2184 716 licet,
2219 650 2476 720 praeclare
2505 660 2684 705 tamen
2713 650 3051 719 expressisti,
3078 650 3208 705 dum
3232 650 3336 703 hoc

1756 737 1904 794 facto
1949 741 2113 795 vitam
2158 740 2421 796 eximium
2474 740 2732 810 quiddam
2762 755 2884 797 esse
2903 739 3320 813 comprobastiu

1746 832 1960 900 Quibus
1985 836 2241 890 omnibus
2267 835 2372 890 hoc
2399 844 2735 905 postremum
2763 832 3144 905 adiungamus.

574 921 970 977 ΚΕΦΑΛΔΙυΝ
1022 925 1162 990 ΑΕΓ.

2294 928 2524 985 CAPUT
2563 927 2804 984 XXXVI.

126 1030 222 1084 ὀτι
257 1032 346 1086 καὶ
382 1030 495 1100 τὴν
519 1031 766 1102 ἄψυχον
794 1032 955 1102 ὕλην
984 1032 1188 1090 σέϐειν
1224 1035 1649 1105 προσέταττον.

1792 1041 1929 1096 Illos
1953 1042 2114 1096 etiam
2133 1040 2383 1110 jussisse,
2412 1047 2470 1093 ut
2497 1040 2723 1093 materia
2752 1038 2994 1092 inanima
3022 1037 3304 1093 coleretur.

128 1162 145 1197 ι
178 1145 339 1200 Ἀλλὰ
362 1144 459 1199 καί
509 1146 836 1215 Μηθύμνης
864 1145 976 1217 (42)
1005 1146 1245 1215 ναέταις
1272 1148 1430 1273 πηνέὺ
1472 1149 1649 1205 λώϊον

1408 1235 1549 1273 erat
1567 1261 1581 1273 .

1766 1173 1785 1208 ι
1823 1154 1922 1210 Ile:
1947 1155 2042 1208 tibi
2078 1152 2396 1223 Methymna:
2423 1152 2629 1224 felicius
2661 1150 2835 1205 incola
2863 1151 3026 1219 cedet,

1408 1235 1549 1274 σται
1567 1261 1581 1285 ,

120 1284 400 1353 tuum-er
424 1283 638 1355 τιμῶσι
658 1287 968 1341 Διονύσοιο
997 1285 1286 1357 κάρηνον.
1339 1218 1549 1291 [ἔσται
1567 1261 1581 1285 ’

1763 1294 1822 1351 Si
1847 1295 2046 1349 Bacchi
2071 1303 2229 1365 caput
2253 1310 2318 1348 ex
2352 1295 2502 1348 tereti
2532 1292 2838 1348 venerabere
2867 1290 3032 1362 ligno.
3324 1360 3329 1363 _

120 1401 279 1457 Θύουσι
303 1401 410 1471 γὰρ
441 1402 500 1455 ai
532 1401 719 1465 πόλεις
748 1402 841 1455 καὶ
873 1401 1093 1465 τελετὰς
1130 1401 1375 1471 ἄγουσιν,
1409 1404 1470 1457 ού
1498 1405 1649 1476 μόνον

1756 1408 1968 1463 Passim
2017 1409 2217 1478 quippe
2260 1407 2508 1463 civitates
2537 1447 2551 1470 ,
2599 1421 2709 1459 non
2759 1405 2942 1475 lignea
2985 1401 3187 1467 modo,
3241 1400 3335 1454 sed

121 1494 359 1565 φαλληνοίς
378 1493 656 1547 Διονύσοιο
688 1494 964 1567 καρήνοις,
997 1494 1134 1549 ἀλλὰ
1161 1496 1255 1549 καὶ
1290 1495 1532 1561 λιθίνοις,
1563 1498 1649 1551 καὶ

1758 1502 1922 1555 etiam
1953 1500 2187 1570 lapidea,
2218 1513 2381 1564 terea,
2406 1512 2574 1552 aurea
2605 1496 2801 1551 Bacchi
2826 1495 3027 1564 capita,
3055 1490 3337 1550 sacriﬁciis

117 1588 355 1660 χαλκέοις,
405 1591 504 1643 καὶ
553 1589 827 1662 χρυσέοις.
868 1588 978 1659 (45)
1011 1588 1087 1642 Οὐ
1136 1589 1297 1660 μόνον
1344 1589 1649 1662 φαλληνοῖς,

1759 1605 1824 1645 ac
1858 1591 2015 1646 statis
2046 1589 2403 1660 religionibus
2434 1597 2804 1643 venerantur:
2841 1586 2952 1640 imo
2989 1599 3097 1638 non
3137 1582 3335 1638 Bacchi

117 1680 225 1733 ἀλλὰ
246 1681 542 1743 καὶ;αὖτοῖς
567 1682 682 1743 τοῖς
718 1679 1035 1743 Διονυσίοις,
1062 1680 1158 1733 καὶ
1185 1678 1367 1743 ἄλλοις
1397 1682 1649 1752 παμπόλ-

1762 1690 1972 1735 tantum
2006 1680 2183 1749 capita
2204 1720 2219 1744 ,
2250 1679 2346 1734 sed
2376 1678 2515 1735 alios
2544 1677 2707 1733 etiam
2737 1678 3027 1747 plerosque
3049 1675 3213 1741 deos,
3241 1674 3337 1743 qui

114 1772 202 1836 λοις
235 1772 540 1835 Ἡσιοδείοις
586 1771 751 1835 θεοῖς.
809 1771 853 1823 Τ
859 1771 942 1842 pic;
969 1769 1079 1841 γὰρ
1124 1769 1200 1834 ὡς
1229 1770 1446 1842 ἀληθῶς
1479 1771 1649 1843 μύριοι

1763 1774 1982 1831 Hesiodi
2056 1775 2256 1831 fabulis
2321 1773 2684 1829 celebrantur.
2749 1770 3041 1826 Enimvero
3113 1768 3336 1839 triginta

115 1869 222 1921 clm
248 1868 330 1920 ἐπὶ
357 1865 513 1936 χθονὶ
542 1863 960 1936 πουλυϐοτείρῃ,
984 1862 1086 1915 οὐκ
1114 1861 1393 1927 ἀθάνατοι,
1426 1862 1565 1917 ἀλλὰ
1587 1862 1649 1916 λί-

1758 1868 1940 1939 plane,
1987 1881 2099 1923 non
2145 1867 2260 1937 jam
2289 1865 2717 1931 immortalium,
2764 1862 2857 1918 sed
2890 1862 3250 1933 lapideorum,
3283 1870 3338 1916 et

115 1958 221 2011 θινοι
244 1959 328 2011 καὶ
353 1956 555 2022 ξύλινοι
582 1955 840 2009 δεσπόται
870 1952 1206 2025 ἀνθρώπων
1242 1953 1316 2018 οἳ,
1361 1955 1410 2007 εί
1443 1953 1649 2026 ἀνθρώ-

1758 1960 2060 2031 ligneorum
2083 1958 2309 2013 humani
2331 1957 2545 2028 generis
2571 1955 2917 2011 dominorum
2945 1953 3135 2018 millia,
3152 1953 3337 2008 nutrix

114 2067 206 2103 πων
225 2050 365 2120 ὕϐριν
390 2067 450 2102 τε
474 2047 573 2102 καὶ
602 2046 860 2117 εὐνομίην
890 2044 1169 2117 ἐφεώρων,
1207 2046 1310 2099 οὐκ
1355 2045 1423 2098 ἂν
1467 2043 1649 2098 τοσοῦ-

1758 2050 2116 2119 animantium
2148 2058 2292 2105 terra
2319 2048 2721 2118 complectitur,
2750 2049 2841 2116 qui
2873 2044 3138 2117 profecto,
3170 2045 3216 2100 si
3243 2059 3339 2099 eo-

112 2138 324 2211 τοςήρθη
360 2139 549 2210 λῆρος,
591 2136 734 2190 ὥστε
757 2136 850 2189 καὶ
871 2135 970 2206 ήδη
997 2135 1092 2189 καὶ
1141 2136 1335 2206 μέχρις
1376 2134 1531 2205 ὑμῶν
1561 2151 1649 2187 κε-

1758 2141 2070 2213 gnoscendo
2115 2140 2401 2195 hominum
2452 2140 2686 2202 sceleri.
2734 2138 2954 2210 iurique
3000 2144 3336 2207 praeessent,

110 2229 375 2301 χωρηκέναι
402 2229 466 2282 τὸ
491 2228 687 2292 κακὸν,
708 2226 991 2281 ἐπιδιαόὰν
1017 2229 1111 2282 καὶ
1139 2230 1219 2291 είς
1243 2226 1335 2280 τὸν
1355 2227 1649 2297 Ὄλυμπον¹

1759 2248 2040 2303 nunquam
2066 2248 2132 2289 eo
2157 2249 2427 2305 nugarum
2452 2233 2668 2288 vanitas
2690 2231 3041 2296 excrevisset,
3065 2229 3144 2285 uti
3176 2226 3343 2300 234

110 2322 190 2387 ίθι,
204 2323 342 2392 φασὶ,
366 2322 520 2377 θεῶν
543 2321 686 2389 ἕδος
704 2320 979 2390 ἀσφαλὲς
1012 2321 1144 2374 αἰεί.
1182 2319 1376 2373 Καίτοι
1406 2320 1453 2373 εί
1482 2323 1649 2390 ἀσφα-

1760 2327 1826 2383 ad
1851 2343 1949 2383 vos
1995 2341 2169 2398 usque
2209 2326 2413 2380 malum
2459 2324 2808 2396 perveniret,
2854 2321 3084 2393 Olympo
3119 2335 3338 2390 qucque

109 2407 265 2485 λὲςήν,
288 2414 382 2468 οὐκ
404 2408 475 2485 ἦν
507 2411 774 2466 ἐπιϐατὸν
799 2411 968 2484 λήρῳ,
1002 2411 1111 2464 οὐδ’
1135 2410 1202 2465 ἂν
1234 2405 1316 2475 εἷς
1346 2428 1432 2476 τις
1469 2412 1649 2483 Ὀλυμ-

1759 2429 2036 2491 superato,
2062 2420 2155 2473 ubi
2188 2418 2398 2485 divum,
2425 2418 2605 2472 aiunt:
2632 2415 2792 2472 Sedes
2812 2431 3000 2469 secura
3029 2430 3121 2484 per
3145 2428 3332 2469 avum.

108 2506 216 2558 τίων
239 2508 314 2570 είς
340 2505 500 2559 τοῦτο
525 2501 665 2576 ἦλθε
694 2503 1014 2577 παρανοίας,
1054 2503 1184 2557 ὣστ’
1208 2503 1418 2557 ἐλάϊνον
1451 2504 1649 2576 κορμὸν

1758 2509 1892 2577 Quae
1924 2509 2192 2565 securitas
2223 2507 2271 2563 si
2302 2522 2428 2563 vere
2454 2508 2776 2577 iactaretur,
2804 2520 2979 2575 nugas
3011 2518 3205 2559 omnes
3241 2518 3342 2559 ex-

108 2595 268 2651 θεῶσαι
287 2615 301 2628 ³
334 2596 393 2651 ὃν
430 2598 481 2650 οἱ
512 2594 865 2668 Μηθυμναῖοι
890 2594 1137 2666 σαγήνης
1170 2593 1521 2665 ἐμπλακέντα
1544 2595 1649 2657 τοῖς

1757 2603 2035 2667 cluderet,
2089 2615 2190 2656 nec
2231 2598 2606 2671 Olympiorum
2652 2598 2943 2669 quisquam
2991 2610 3058 2650 eo
3100 2596 3341 2651 vesania:

104 2686 234 2752 λίνοις
280 2688 637 2752 ἀνείλκυσαν,
685 2687 781 2742 καὶ
806 2687 906 2753 δὶς,
948 2688 998 2741 εί
1022 2687 1223 2759 βούλει,
1251 2686 1346 2742 καὶ
1377 2688 1518 2758 τρὶς,
1560 2686 1649 2739 καὶ

1757 2692 2099 2756 devenisset,
2138 2698 2198 2744 ut
2243 2688 2529 2759 oleaginea
2556 2686 2770 2742 caudici
2805 2685 3147 2740 divinitatem
3192 2686 3339 2740 inse-

106 2780 349 2845 πλεονάκις
389 2783 450 2834 ἐν
487 2779 571 2851 τῷ
600 2777 751 2851 αὑτῷ
780 2778 1169 2851 σαγηνεύοντες
1213 2778 1492 2850 ἄνθρωποι
1512 2817 1528 2842 ,
1563 2777 1649 2832 καὶ

1756 2793 1921 2838 reret.
1993 2782 2149 2837 Illum
2218 2779 2418 2835 etenim
2488 2792 2701 2849 sagenm
2762 2777 2995 2848 plagulis
3064 2776 3337 2832 irretitum

104 2869 150 2935 ἐξ
168 2872 359 2925 ἐκείνου
390 2874 474 2936 είς
504 2871 572 2924 τὸ
602 2869 838 2925 Λιϐυκὸν
865 2868 1256 2935 ἐξοκείλαντες,
1297 2869 1405 2923 οὐδ’
1451 2871 1534 2933 είς
1558 2868 1649 2940 τὴν

1758 2873 2199 2945 Methymnenses
2222 2881 2594 2934 extraxerant,
2622 2870 2787 2940 idque
2811 2869 2981 2923 semel
3005 2869 3334 2938 iterumque,

103 2956 181 3026 γῆν
206 2957 302 3025 ἐξω
314 2958 645 3021 ἐκϐαλόντες
676 2957 837 3012 αὐτόν
856 2974 870 2988 ⁸
906 2958 1031 3011 ἐπεὶ
1052 2958 1154 3012 οὐκ
1181 2957 1275 3017 ἂν.
1298 2957 1373 3028 μὰ
1415 2957 1508 3012 τὸν
1535 2957 1649 3012 Διό·

1757 2965 1805 3022 si
1839 2965 2057 3034 placet,
2102 2963 2215 3017 imo
2247 2961 2412 3017 etiam
2466 2960 2625 3015 tertio
2649 3000 2665 3027 ,
2716 2958 2803 3013 vel
2836 2958 3034 3028 saepius
3081 2957 3339 3014 demissis

104 3063 243 3115 νυσον,
272 3050 348 3104 ἐτι
370 3052 561 3115 αὐτοῖς
584 3049 856 3121 ἐνεπλάκη
886 3052 998 3113 τοῖς
1017 3048 1204 3114 λίνοις.
1234 3049 1375 3103 Ἀλλ’
1402 3050 1462 3119 ἐξ
1484 3050 1649 3126 ἄκρου

1756 3053 2011 3111 eumdem
2049 3052 2102 3107 in
2126 3052 2306 3108 locum
2337 3052 2546 3107 retibus
2586 3047 2870 3105 fecerant:
2918 3049 3045 3105 inde
3078 3063 3210 3104 vero
3245 3047 3337 3103 Li-

106 3141 412 3214 κεφαλοειδὴς
464 3144 496 3197 ὁ
530 3141 742 3214 κορμὸς
783 3116 1111 3211 (Ἄπολλον,
1140 3140 1290 3207 ξένου
1326 3116 1457 3213 (ιη
1484 3116 1649 3195 κατα-

1758 3147 1957 3220 byeum
2001 3144 2056 3199 in
2106 3159 2258 3200 mare
2284 3143 2469 3208 delati,
2510 3156 2860 3212 nequaquam
2890 3156 3016 3196 eum
3048 3141 3104 3195 in
3134 3148 3337 3196 terram

108 3234 442 3307 σκευάσματος
457 3237 509 3306 l)
532 3235 589 3289 τί
622 3237 739 3288 ποτ’
764 3230 857 3289 οὖν
882 3234 1149 3306 ἔπραττεν
1184 3235 1249 3288 ἐν
1264 3233 1343 3306 τῷ
1392 3235 1649 3305 πελάγει;

1756 3246 2129 3296 excusserant.
2167 3236 2227 3292 1d
2258 3235 2405 3291 enim
2448 3235 2493 3291 si
2541 3233 2839 3299 fecissent,
2893 3247 3003 3288 non
3045 3233 3163 3304 jam
3189 3273 3205 3298 ,
3240 3249 3338 3304 per

106 3325 391 3400 ἀπρήσειεν
433 3328 503 3384 ἄν
542 3346 653 3392 τις.
700 3327 766 3381 Τί
806 3327 916 3399 γὰρ
963 3327 1091 3383 ἄλλο
1114 3327 1148 3398 ἢ
1174 3327 1440 3401 ἐκάθητο;
1473 3327 1649 3399 νὴτὺν

1756 3329 2053 3398 Bacchum,
2083 3329 2305 3386 easdem
2337 3327 2405 3383 ad
2430 3326 2677 3399 plagulas
2712 3325 3052 3383 adhaesisset.
3088 3325 3161 3380 At
3185 3326 3334 3381 enim

106 3414 195 3479 Δία.
224 3419 504 3491 ἀναμένων
557 3419 668 3483 ἕως
712 3418 987 3492 ἄνθρωποι
1033 3420 1348 3491 μαινόμενοι
1406 3419 1505 3493 (οὐ
1542 3419 1649 3491 γὰρ

1757 3424 1966 3477 caudex
1993 3421 2049 3475 in
2079 3420 2274 3491 capitis
2306 3419 2542 3490 speciem
2581 3435 2611 3473 a
2644 3433 2865 3474 summo
2902 3418 3086 3489 stipite
3112 3418 3334 3475 confor-

109 3512 229 3582 φήσω
246 3516 324 3568 ὅτι
351 3516 448 3568 καὶ
478 3514 633 3579 θεοὶ)
670 3515 1079 3586 ἐγκυρήσαντες
1097 3510 1268 3583 αὐτῷ,
1294 3512 1355 3565 ού
1373 3510 1648 3575 Διοπετές,

1757 3525 1939 3569 matus
1974 3512 2119 3584 (rem
2145 3555 2162 3581 ,
2198 3529 2232 3568 ο
2272 3513 2495 3583 Apollo,
2537 3512 2831 3568 admodum
2868 3510 3240 3583 prodigiosam
3271 3512 3282 3563 !
3315 3511 3333 3581 )

108 3603 209 3658 ἀλλὰ
245 3605 714 3669 Ποσειδωνοπετές
754 3606 1089 3676 ἡγήσωνται,
1127 3604 1362 3658 κᾶπειτα
1412 3605 1490 3667 είς
1516 3601 1649 3655 ἄστυ

1758 3603 1891 3674 quid
1934 3618 2119 3658 rarum
2166 3603 2222 3657 in
2272 3603 2461 3657 mari?
2502 3609 2711 3673 quaerat
2763 3602 2998 3658 fortasse
3036 3601 3331 3673 quispiam.

107 3693 441 3764 ἀπαγάγωσιν,
476 3697 674 3769 ὥσπερ
693 3695 816 3749 τινὰ
840 3694 1048 3768 ἀγαθὴν
1068 3693 1259 3766 τύχην,
1283 3695 1460 3766 κακὴν
1486 3689 1649 3748 οὖσαν

1761 3694 1904 3763 Quid
1948 3711 2078 3752 vero
2122 3695 2307 3762 aliud,
2351 3695 2457 3750 nisi
2502 3704 2569 3749 ut
2606 3695 2804 3750 ibidem
2849 3693 3110 3765 jaceret?
3154 3691 3337 3748 Donec

105 3783 161 3849 ὡς
185 3787 381 3859 ἀληθῶς
402 3831 419 3856 ,
450 3789 517 3841 οὐ
562 3787 760 3858 τύχην,
795 3786 929 3840 ἀλλὰ
955 3786 1240 3856 τυφεδόνα.
1274 3787 1343 3838 Ἦ
1367 3785 1467 3839 οὐκ
1491 3786 1649 3857 ἢρκει

1761 3786 2038 3841 enimvero
2059 3784 2249 3842 furiosi
2273 3786 2544 3853 homines,
2567 3786 2750 3857 (piget
2774 3786 2918 3841 enim
2951 3786 3081 3841 deos
3107 3783 3335 3853 dicere.)

106 3874 371 3945 ἄρααύτοίς
395 3878 618 3933 οἴκοθεν
642 3876 972 3940 διολλύουσα,
1001 3874 1115 3928 ἀλλ’
1149 3875 1318 3946 αὐτὴν
1347 3873 1594 3945 ἐπέρωσέ
1623 3886 1649 3915 ι

1759 3874 1814 3931 in
1843 3891 1969 3931 eum
2000 3875 2326 3943 incidentes,
2361 3891 2469 3930 non
2508 3891 2539 3931 a
2567 3874 2701 3932 Jove
2737 3876 3038 3933 demissum
3074 3874 3290 3947 quidem
3317 3913 3333 3937 ,

104 3981 151 4019 τε
175 3972 254 4023 καὶ
274 3971 668 4042 προσεπέτεινε
697 3968 1041 4039 θεοπληξίας,
1074 3966 1150 4031 ὡς
1181 3965 1247 4020 ἄν
1276 3983 1360 4031 τις
1386 3965 1561 4031 είποι,
1588 3968 1649 4019 ἐκ

1759 3967 1856 4024 sed
1905 3983 1938 4022 a
1998 3967 2247 4037 Neptuno
2305 3968 2567 4023 emissum
2616 3967 3335 4037 crederent,eumdemque

101 4058 286 4131 Δελφῶν
309 4065 706 4134 μετάπεμπτος
726 4060 984 4133 ἐπιθήκη.
1020 4078 1038 4111 ι
1069 4058 1307 4112 Τοιαῦτα
1336 4057 1432 4110 καὶ
1459 4059 1487 4110 ὁ
1509 4056 1649 4110 Οἰνό-

1759 4061 2108 4132 postmodum
2136 4061 2191 4115 in
2221 4061 2433 4125 urbem,
2466 4059 2742 4130 quoddam
2769 4059 2936 4116 veluti
2970 4060 3203 4115 fortuna:
3243 4059 3334 4113 lae-

106 4166 231 4218 μιος.
266 4151 423 4206 ’Δλλὰ
447 4153 565 4225 γὰρ
599 4151 738 4223 μετὰ
776 4151 843 4204 τὰ
879 4149 1165 4222 εἰρημένα,
1215 4147 1455 4219 μεταϐὰς
1495 4142 1649 4211 αὖθις

1761 4152 1916 4208 tioris
1956 4167 2117 4207 omen
2144 4194 2160 4219 ,
2210 4152 2556 4217 inveherent,
2609 4149 2880 4207 funestam
2930 4167 2990 4207 re
3028 4151 3179 4222 ipsa,
3224 4168 3334 4206 non

103 4241 177 4297 ἐπὶ
189 4247 276 4319 τήν
304 4248 368 4302 ἐκ
398 4246 608 4317 λογίων
640 4245 956 4317 φιλοσοφίαν
985 4243 1078 4297 τοῦ
1106 4243 1202 4316 τὴν
1224 4242 1343 4297 καθ’
1361 4243 1516 4314 ἡμῶν
1544 4243 1649 4296 δια-

1759 4241 2060 4311 fortunam,
2088 4243 2179 4299 sed
2211 4242 2383 4298 facem
2411 4243 2565 4299 urbis
2592 4243 2854 4297 futuram.
2885 4241 2995 4298 Nec
3021 4244 3170 4298 enim
3201 4243 3334 4299 satis

105 4333 234 4408 ϐολήν
266 4340 642 4411 πεποιημένου
673 4380 687 4404 ,
723 4336 992 4406 ἀνάγνωθι
1025 4339 1089 4389 ἐκ
1130 4335 1240 4388 τῶν
1275 4336 1405 4406 περὶ
1457 4337 1649 4406 εἱμαρ-

1758 4334 2014 4389 videlicet
2046 4334 2111 4389 ad
2157 4334 2382 4391 exitium
2433 4334 2501 4390 iis
2532 4344 2650 4390 erat
2680 4334 2936 4389 intestina
2976 4335 3179 4404 pestis,
3207 4333 3332 4389 'nisi

106 4429 246 4501 μένης
264 4431 356 4486 τοῦ
378 4432 595 4486 Πυθίου
629 4428 896 4502 χρησμῶν
915 4447 928 4459 ·
961 4430 1009 4482 εἰ
1033 4428 1113 4501 μὴν
1133 4427 1228 4481 καὶ
1255 4427 1338 4480 σοὶ
1363 4426 1513 4489 θείας
1556 4425 1649 4478 ἀλ-

1759 4426 1915 4481 novis
1942 4441 2063 4481 eam
2093 4427 2446 4481 incrementis
2474 4443 2540 4481 ac
2571 4426 2776 4482 viribus
2807 4426 3040 4481 incussa:
3066 4426 3331 4481 divinitus

104 4518 278 4594 λότριος
306 4524 380 4577 ὢν
406 4526 703 4595 δυνάμεως
736 4522 818 4575 ἐτι
856 4520 1076 4593 μᾶλλον,
1111 4520 1140 4572 ὁ
1180 4521 1309 4593 περὶ
1346 4517 1456 4571 τῶν
1492 4517 1649 4591 θρυλ-

1756 4519 1928 4589 plagae
1951 4518 2196 4574 accessio
2224 4517 2465 4589 Delphis,
2498 4527 2557 4573 ut
2587 4519 2661 4573 ita
2696 4519 2911 4588 loquar,
2946 4517 3211 4572 arcessita
3236 4532 3334 4571 cu-

105 4610 341 4684 λουμένων
375 4616 738 4690 χρηστηρίων
798 4615 1148 4667 ὑποπεσεῖται
1182 4613 1358 4682 λόγος.

1756 4610 2006 4663 mularet.
2043 4627 2061 4660 ι
2094 4606 2368 4664 Hactenus
2393 4609 2727 4665 (Enomaus.
2767 4608 2923 4665 Nune
2949 4625 3078 4665 vero
3109 4609 3177 4665 ad
3210 4623 3330 4664 eam

107 4720 264 4770 mrsus
294 4715 650 4770 oraculorum
686 4710 1080 4781 philosophiam
1121 4709 1302 4764 animo
1342 4716 1395 4763 et
1438 4706 1767 4779 cogitatione
1811 4703 2111 4768 conversis,
2158 4719 2320 4775 quam
2373 4704 2674 4761 maledicus
2732 4706 2821 4761 ille
2874 4721 3060 4760 rerum
3119 4714 3332 4759 nostra-

109 4819 203 4860 rum
235 4824 420 4867 censor
462 4808 818 4879 conscripsit,
856 4807 1054 4879 legesis
1103 4823 1170 4863 ex
1217 4806 1284 4861 iis
1326 4804 1602 4876 responsis
1638 4804 1842 4874 aliqua,
1886 4818 2016 4872 quae
2056 4802 2124 4857 de
2180 4800 2293 4855 fato
2344 4799 2599 4871 Pythium
2637 4798 2874 4854 edidisse
2913 4806 3328 4853 commemorat.

107 4898 169 4955 Ac
189 4901 296 4960 vide
318 4920 451 4962 num
480 4903 757 4976 ejusmodi
806 4918 1026 4973 quoque
1052 4903 1148 4958 tibi
1178 4902 1389 4957 accidat
1415 4908 1527 4956 tota
1572 4901 1688 4955 haec
1722 4898 1790 4954 de
1816 4897 2036 4969 jactatis
2079 4896 2288 4967 pridem
2330 4895 2570 4951 oraculis
2622 4893 2942 4965 disputatio,
2977 4902 3039 4947 ut
3064 4907 3184 4948 eam
3209 4907 3329 4945 ma-

111 4994 178 5064 gis
202 4999 353 5055 etiam
379 5016 555 5072 quam
594 4998 902 5070 superiores
946 4997 1015 5053 ab
1048 4997 1198 5054 omni
1218 4998 1401 5053 divina
1430 4997 1629 5052 virtute
1667 5010 1891 5049 vacuam
1918 4993 2103 5048 haberi
2131 5002 2288 5063 putes
2309 5001 2579 5063 oportere.

161 5164 186 5193 ι
209 5155 287 5210 lo.
318 5158 633 5230 ἐπὲρῤωσε.

126 5380 138 5392 ε
164 5309 262 5387 (42)
307 5316 495 5373 Ἀλλὰ
552 5317 654 5371 καὶ
698 5314 1045 5385 Μηθύμνης.
1104 5310 1343 5366 Consule
1389 5311 1649 5365 observa-

1756 5307 1969 5390 Erroris
2014 5325 2198 5377 causa,
2234 5309 2293 5362 τὸ
2324 5310 2384 5361 οὐ
2418 5307 2597 5377 μόνον,
2621 5305 2795 5361 semel
2828 5304 3138 5372 iterumque
3169 5316 3299 5370 repo

111 5389 423 5529 Post
467 5456 759 5529 χρυσέοις,
808 5469 916 5529 non
947 5452 1135 5529 dubito
1186 5450 1318 5529 quin
1365 5449 1649 5529 legendum

1756 5389 1938 5529 mil/:25
1989 5450 2316 5529 "Agauen
2347 5448 2561 5529 ξένου.Δ
2596 5445 2796 5529 Facilis
2837 5452 2953 5499 erat
2991 5441 3302 5529 conjectura

136 5453 259 5578 ,μη
291 5456 423 5514 Post
467 5456 759 5579 XgUGéOtg,
808 5469 916 5509 non
947 5453 1135 5507 dubito
1186 5453 1318 5520 quin
1365 5453 1649 5533 legendum

113 5532 168 5576 ιιι
307 5528 468 5590 μόνον
584 5524 651 5580 αὖ
683 5529 793 5590 τοῖς
818 5523 1111 5586 Διονυσίοις
1134 5561 1149 5587 ,
1183 5521 1321 5575 ἀλλὰ
1352 5523 1445 5574 καὶ
1473 5520 1649 5582 ἄλλοις

1824 5453 1936 5519 (44)
1989 5453 2316 5514 Ἄπολλον,
2347 5453 2546 5514 ξένου.
2596 5453 2793 5500 Facilis
2837 5453 2953 5499 erat
2991 5453 3302 5512 conjectura

1756 5535 1873 5575 eum
1906 5524 1960 5574 in
1983 5536 2185 5577 excuso
2216 5521 2483 5590 legeretur
2517 5516 2894 5582 ’Δπολλοξένου
2914 5558 2927 5582 ,
2964 5527 3095 5570 sane
3114 5553 3130 5581 ,
3161 5528 3327 5584 quau.

115 5590 350 5664 παμπόλλ.
371 5640 387 5664 ,
414 5607 530 5653 etc.
548 5595 701 5663 ﬁam
742 5594 1012 5667 posterius
1041 5592 1296 5667 hoc_loco
1326 5590 1612 5667 φαλληνοῖς
1633 5631 1647 5652 ,

1756 5592 1964 5648 vitiose.

116 5661 551 5735 “penacaneum'
603 5674 718 5732 est,
744 5661 887 5723 "cum
922 5664 1077 5736 prius
1121 5662 1352 5718 alterum
1399 5661 1649 5718 suﬂiciat.
