3862 6220
484 245 583 299 591

1166 242 1437 298 EUSEBII
1475 240 1957 298 CESARIENSIS
1995 240 2148 297 OPP.
2187 240 2372 297 PARS
2398 240 2550 297 ll.——
2585 233 3085 297 A'POLOGE‘TlCA.

3649 251 3753 307 392

470 360 614 428 Quid
652 362 818 432 igitur
869 362 1001 415 illud
1044 369 1209 426 erat,
1264 360 1619 429 quamobrem
1674 360 2058 415 Archilochum

2167 359 2280 424 λοις
2315 354 2621 430 ἀνθρώποις
2655 360 2753 431 τῆς
2803 361 2914 414 ἅνω
2950 360 3090 412 ὀδοῦ.
3120 360 3184 413 Τί
3222 364 3479 433 πράττειν
3511 365 3751 428 κελεύεις

468 456 614 510 caelo
644 455 866 525 dignum
892 448 1147 525 putares?
1166 451 1243 507 Ne
1271 453 1483 507 caeteris
1512 452 1850 517 hominibus,
1875 467 1908 506 0
1935 453 2065 507 deo-

472 560 596 600 rum
642 546 1079 609 humanissime,
1134 543 1238 597 hoc
1289 544 1343 597 in
1390 544 1590 598 coelum
1650 543 1753 597 iter
1791 540 2061 597 invideas.

473 636 614 703 Quid
648 653 679 692 a
706 638 865 691 nobis
888 636 1110 690 tandem
1142 635 1354 705 exigis?
1402 636 1597 704 Opinor
1617 678 1630 702 ,
1663 643 1725 688 ut
1750 635 2063 690 Archilochi

471 729 721 797 vestigiis
764 730 1105 790 insistamus,
1155 726 1200 781 si
1239 727 1348 781 tuis
1391 726 1538 797 digni
1581 727 1866 796 penatibus
1896 725 2062 780 videri

471 821 782 888 cupiamus.
849 817 1080 873 Acerbis
1111 833 1304 887 nempe
1341 818 1604 873 conviciis
1631 818 1934 872 laceranda:
1969 832 2067 871 no-

469 912 557 968 bis
587 913 871 975 mulieres,
919 927 1041 980 qua:
1066 891 1379 980 coniugium
1407 920 1654 963 nostrum
1684 910 2021 978 repudiarint
2047 927 2060 962 :

470 1004 758 1059 mordendi
817 1018 1036 1072 quoque
1079 1006 1233 1072 pueri
1283 1002 1581 1068 meritorii,
1615 1018 1740 1056 cum
1771 1002 1930 1071 longe
1962 1001 2063 1055 im-

471 1092 675 1163 probos
705 1107 898 1146 omnes
922 1093 1279 1161 improbitate
1311 1107 1375 1145 ae
1402 1092 1620 1159 ﬂagitio
1640 1093 1917 1161 superent.
1966 1090 2068 1146 Ve-

469 1200 596 1239 rum
634 1184 686 1239 id
722 1185 910 1254 utique
938 1200 1097 1238 versu
1128 1181 1445 1238 faciendum
1474 1185 1599 1250 erit,
1624 1184 1770 1252 quod
1799 1199 1862 1237 ea
1892 1183 1963 1238 sit
1986 1183 2066 1237 uti

469 1276 698 1332 deorum
722 1319 735 1342 ,
756 1276 1194 1335 siedivinorum
1235 1277 1518 1331 hominum
1542 1317 1557 1339 ,
1600 1276 1780 1346 qualis
1811 1276 2064 1331 Archilo—

471 1368 610 1422 chus
638 1367 760 1432 fuit,
791 1368 1008 1437 propria
1035 1377 1087 1422 et
1110 1367 1404 1437 peculiaris
1431 1367 1628 1421 oratio.
1662 1367 1849 1436 Neque
1874 1366 1927 1420 id
1953 1366 2066 1420 for-

466 1466 620 1514 tasse
639 1461 858 1515 mirum.
878 1459 1014 1514 Nam
1034 1470 1087 1515 et
1103 1459 1437 1514 familiarum
1470 1461 1698 1525 scilicet,
1731 1461 2065 1530 privataeque

473 1550 602 1607 vitae
634 1554 873 1608 rationes
892 1581 908 1614 -,
935 1561 990 1607 et
1020 1551 1557 1622 rerumpublicarum
1592 1553 1906 1618 concordia,
1936 1552 2068 1622 opti-
2093 1625 2101 1635 _

470 1644 691 1711 misque
722 1645 934 1715 legibus
957 1643 1255 1699 constituta
1281 1634 1608 1713 populorum
1638 1642 1943 1715 integritas,
1969 1645 2066 1699 hu-

469 1729 564 1800 jus
591 1732 941 1800 potissimum
973 1733 1105 1787 artis
1142 1732 1463 1787 excellentia
1495 1733 1827 1788 continetur.
1850 1756 1853 1759 ·
1878 1735 2063 1804 Itaque

469 1837 574 1878 nec
609 1823 762 1877 illum
790 1824 910 1879 sine
936 1839 1102 1879 causa
1122 1839 1229 1894 pro
1252 1822 1531 1878 Musarum
1570 1820 1768 1879 cliente
1798 1826 2054 1893 habuisti,

468 1922 522 1968 et
546 1913 694 1971 illius
718 1914 1134 1970 interfectorem
1164 1924 1370 1981 vestro,
1418 1915 1523 1969 hoc
1551 1926 1635 1970 est
1665 1915 1851 1969 divino
1874 1953 1889 1980 ,
1925 1931 2059 1969 con-

469 2019 662 2075 gressu
696 2010 761 2058 et‘
792 2020 926 2059 voce
956 2021 1186 2075 prorsus
1233 2005 1518 2075 indignum
1570 2005 1813 2073 putasti,
1851 2005 1942 2072 qui
1978 2004 2057 2057 vi-

466 2110 591 2149 rum
617 2110 792 2165 usque
817 2096 953 2152 adeo
983 2097 1228 2151 vocalem
1259 2095 1627 2175 interfecerat.
1678 2096 1821 2167 Ergo
1850 2113 1949 2152 nec
1975 2098 2059 2151 in-

464 2183 630 2256 iusta:
654 2185 876 2241 fuerunt
907 2186 961 2241 in
994 2187 1253 2241 Archiam
1287 2186 1596 2250 minae,nec
1625 2186 1935 2255 importuna
1960 2186 2059 2257 Py-

468 2278 617 2344 thia,
666 2263 789 2348 quae
826 2291 881 2334 et
907 2279 1298 2334 Archilochum
1328 2277 1541 2347 pridem
1565 2277 1691 2333 licet
1712 2279 2054 2356 exstinctum

464 2370 831 2425 ulcisceretur
850 2411 865 2434 ,
912 2383 967 2425 et
993 2371 1222 2441 'templd
1245 2370 1791 2440 excedereimpium'
1813 2385 1877 2424 ac
1908 2369 2057 2425 nefa-

466 2463 613 2517 rium
638 2464 912 2517 hominem
929 2463 1165 2533 iuberet.
1186 2462 1416 2532 Quippe,
1436 2460 1716 2517 Musarum
1731 2461 1875 2517 enim
1889 2462 2059 2516 clien-

467 2562 579 2610 tem
614 2554 912 2623 occiderat.
956 2555 1099 2626 Ergo
1127 2571 1304 2624 neque
1340 2554 1475 2609 mihi
1502 2554 1743 2609 absurde
1773 2548 1955 2609 facere
1977 2554 2057 2608 vi-

469 2660 567 2701 sus
597 2661 680 2714 cs,
708 2649 838 2701 dum
865 2658 915 2702 te
947 2658 1120 2715 poeta:
1149 2646 1421 2702 vindicem
1457 2646 1784 2715 praestitisti.
1832 2644 1970 2700 Nam
2004 2652 2059 2720 et

466 2738 696 2795 alterius
723 2739 855 2793 mihi
888 2748 1062 2810 poetae
1082 2781 1098 2807 ,
1125 2749 1180 2794 et
1213 2754 1493 2794 sacrarum
1528 2737 1806 2809 Euripidis
1832 2752 2059 2795 corona-

468 2844 593 2883 rum
625 2828 679 2883 in
713 2838 950 2885 mentem
985 2830 1155 2884 venit.
1211 2827 1451 2884 Tametsi
1483 2828 1724 2884 dubitem
1759 2829 2054 2893 interdum,

468 2935 646 2991 eoque
673 2921 940 2985 libenter,
970 2904 1127 2975 rntin'
1161 2921 1279 2992 jam
1313 2930 1663 2976 coronatum
1703 2935 1828 2975 eum
1864 2919 2053 2984 fuisse,

468 3011 566 3066 sed
595 3012 951 3080 quamobrem
982 3026 1151 3066 sacrae
1181 3011 1302 3081 ejus
1327 3026 1549 3067 coronae
1570 3011 1844 3077 dicantur,
1879 3026 2058 3081 neque

467 3110 686 3170 partum
722 3102 790 3155 ab
823 3117 890 3156 eo
937 3100 1105 3156 decus
1137 3117 1261 3156 esse
1283 3141 1298 3166 ,
1346 3102 1439 3156 sed
1488 3094 2055 3170 quorsumeximium

469 3194 640 3249 decus
673 3193 803 3247 illud
838 3192 1160 3260 appelletur,
1190 3193 1479 3247 audierim.
1510 3191 1731 3247 Homini
1759 3194 1904 3248 enim
1927 3200 2057 3247 vero

470 3285 631 3339 turba
672 3285 996 3354 plaudebat;
1053 3285 1187 3339 satis
1221 3286 1326 3339 hoc
1374 3286 1499 3339 novi
1553 3304 1565 3339 :
1620 3284 1865 3356 tyrannis
1914 3284 2056 3339 idem

471 3376 751 3446 placebat;
777 3378 1042 3433 neisthuc
1066 3377 1289 3448 quidem
1321 3377 1516 3448 ignoro
1550 3396 1564 3432 :
1597 3386 1765 3447 atque
1789 3378 2057 3447 ejusmodi

474 3475 645 3520 artem
672 3465 968 3529 factitabat,
1003 3482 1124 3537 quae
1167 3482 1275 3520 non
1306 3469 1537 3522 amatori
1571 3483 1671 3524 suo
1700 3477 1931 3534 tantum,
1965 3470 2058 3524 sed

2166 453 2349 522 ήμᾶς;
2383 447 2419 522 ἦ
2452 451 2657 522 δηλαδὴ
2698 451 2768 504 τὰ
2817 451 3150 521 Ἀρχιλόχου,
3195 448 3243 506 εἰ
3287 456 3570 528 μέλλοιμεν
3599 456 3744 522 ἄξιοι

2166 542 2450 613 φανεῖσθαι
2477 545 2576 614 τῆς
2602 544 2874 615 ὑμετέρας
2912 545 3116 608 ἑστίας.
3155 546 3479 619 Λοιδορῆσαι
3518 540 3613 618 μὲν
3658 560 3753 596 πι-

2164 633 2313 706 κρῶς
2332 634 2430 698 τὰς
2457 635 2557 688 οὐκ
2581 634 2868 698 ἐθελούσας
2894 637 3025 707 ἡμῖν
3064 635 3377 707 γαμεῖσθαισ
3410 636 3655 706 ἅψασθαι
3697 637 3752 689 δὲ

2164 725 2258 779 καὶ
2279 725 2387 777 τῶν
2407 724 2683 787 κιναίδων,
2719 725 2907 796 ἐπειδὴ
2947 726 3058 780 τῶν
3098 727 3274 781 ἄλλων
3314 726 3565 798 πονηρῶν
3614 728 3753 781 πολὺ

2164 829 2300 884 πονη
2312 812 2519 884 ρότεροί
2546 814 2672 866 εἰσι·
2690 814 2792 867 »καὶ
2815 814 2934 883 οὐχὶ
2961 814 3083 885 δίχα
3109 816 3327 887 μέτρου,
3355 815 3495 885 αὕτη
3510 815 3617 887 γὰρ
3638 817 3758 869 διά-

2163 904 2350 970 λεκτος
2373 907 2466 960 καὶ
2488 906 2646 971 Θεῶν,
2675 906 2863 979 ὥσπερ
2886 904 2979 961 οὖν
3006 909 3099 961 καὶ
3120 909 3281 962 θείων
3310 909 3539 980 ἀνδρῶν,
3562 908 3755 982 ῶσπερ

2154 998 2509 1069 .Ἀρχιλόχου.
2538 1000 2648 1053 Καὶ
2677 998 2829 1052 οὐδὲν
2854 999 2982 1063 ἴσως
3010 999 3347 1070 θαυμαστόν·
3383 1000 3471 1055 διὰ
3512 1000 3621 1073 γὰρ
3652 1003 3755 1073 τὴν

2163 1089 2221 1142 ἐν
2270 1088 2479 1152 τούτοις
2526 1089 2797 1160 ὑπεροχὴν
2842 1085 2903 1144 εὖ
2957 1091 3054 1162 μὲν
3098 1087 3245 1155 οἶκος
3296 1093 3547 1157 οἰκεῖται,
3589 1090 3649 1147 εὖ
3696 1092 3755 1146 δὲ

2159 1180 2382 1252 ἰδιώτης
2412 1181 2545 1251 βίος,
2577 1181 2761 1245 πόλεις
2783 1181 2840 1235 δὲ
2869 1162 3204 1255 όμοφρόνως,
3235 1185 3329 1237 καὶ
3355 1183 3479 1254 ἔθνη
3505 1184 3755 1255 εύνόμως

2152 1273 2502 1341 συνεστᾶσιν.
2536 1272 2649 1325 Οὐκ
2683 1272 2993 1336 ἀπεικότως
3029 1273 3139 1344 ἄρα
3173 1291 3252 1327 σοι
3280 1275 3373 1328 καὶ
3399 1273 3630 1327 Μουσῶν
3661 1274 3755 1327 θε-

2160 1363 2354 1435 ράπων
2408 1364 2482 1435 (8)
2535 1362 2711 1429 ἔδοξεν
2766 1360 2925 1429 εἶναι,
2982 1367 3077 1418 καὶ
3130 1366 3159 1418 ὁ
3215 1366 3410 1437 φονεὺς
3448 1366 3612 1420 αὐτοῦ
3646 1367 3756 1421 οὑκ

2164 1452 2314 1517 ἄξιος
2351 1442 2504 1508 εἶναι
2537 1454 2637 1524 τῆς
2676 1454 2812 1526 πρὸς
2842 1456 2987 1525 ὑμᾶς
3022 1456 3150 1520 τοὺς
3183 1455 3338 1520 θεοὺς
3364 1457 3592 1520 εἰσόδου,
3625 1458 3757 1511 οὐδὲ

2171 1547 2270 1617 τῆς
2299 1547 2427 1617 παρ’
2457 1547 2611 1618 ὑμῶν
2638 1547 2842 1625 φωνῆς,
2881 1548 3049 1619 ἄνδρα
3076 1549 3239 1617 φονέα
3270 1548 3398 1602 ὅντα
3430 1562 3457 1591 ι
3491 1550 3755 1602 ἀποκτεί-

2166 1656 2283 1703 νας.
2328 1638 2537 1693 Οὕκουν
2565 1639 2801 1710 ἅδικοςή
2836 1640 2971 1712 πρὸς
3029 1641 3121 1694 τὸν
3158 1642 3375 1713 Ἀρχίαν
3417 1642 3490 1711 (9)
3528 1643 3754 1713 ἀπειλὴ,

2164 1728 2272 1781 οὐδ’
2316 1727 2542 1797 ἄκαιρος
2579 1731 2612 1799 ἡ
2661 1728 2834 1781 Πυθία
2875 1714 3192 1800 τιμωροῦσα
3225 1730 3303 1800 τῷ
3348 1732 3643 1803 Ἀρχιλόχῳ
3673 1733 3755 1803 τῷ

2166 1818 2334 1872 πάλαι
2370 1819 2568 1890 νεκρῷ,
2600 1820 2694 1873 καὶ
2732 1820 3037 1874 κελεύσασα
3082 1821 3194 1894 (l0)
3238 1821 3436 1886 ἐξιέναι
3484 1823 3577 1877 τοῦ
3615 1822 3755 1878 ναοῦ

2173 1912 2266 1965 τὸν
2323 1915 2512 1986 ἐναγῆ·
2583 1915 2855 1968 Μουσάων
2904 1914 3014 1986 γὰρ
3072 1916 3363 1969 ἀπέκτεινε
3420 1916 3753 1988 θεράποντα.

2164 2002 2373 2058 Οὔκουν
2399 2004 2443 2075 (l
2466 2006 2512 2074 l)
2548 2003 2722 2075 ἔμοιγ’
2750 2004 2989 2082 ἐφάνης,
3028 2004 3322 2075 ἐπαμύνων
3375 2006 3455 2077 τῷ
3509 2011 3712 2080 ποιητῇ
3737 2050 3753 2073 ,

2164 2096 2419 2169 ἀπρεπὴς
2447 2092 2607 2152 εἶναι·
2645 2100 2973 2171 ἐμεμνήμην
2999 2096 3108 2171 γᾴρ
3127 2098 3222 2155 καὶ
3258 2098 3352 2154 τοῦ
3378 2100 3562 2168 ἐτέρου
3587 2117 3756 2173 ποιη-

2162 2188 2279 2252 τοῦ,
2302 2189 2397 2242 καὶ
2428 2188 2534 2242 τῶν
2560 2190 2722 2262 ἱερῶν
2754 2190 2847 2243 τοῦ
2881 2192 3175 2263 Εὐριπίδου
3212 2192 3512 2267 στεφάνων
3565 2194 3753 2247 καίτοι

2163 2278 2406 2351 ἀπορῶν,
2439 2281 2533 2332 καὶ
2549 2280 2780 2334 ἀκοῦσαι
2810 2281 3113 2352 ἐπιθυμῶν,
3145 2282 3242 2351 οὐχ
3262 2282 3342 2334 ὅτι
3362 2283 3751 2352 ἐστεφανοῦτο,

2162 2370 2298 2424 ἀλλὰ
2337 2371 2453 2435 πῶς
2500 2369 2567 2444 ἦν
2610 2372 2679 2425 τὰ
2702 2366 2880 2450 στέφη
2919 2372 3094 2425 ταῦτα
3131 2374 3271 2443 ἱερά·
3312 2374 3423 2425 οὐδ’
3468 2374 3551 2426 ὅτι
3584 2374 3751 2427 αὑτοῦ

2164 2463 2317 2527 κλέος
2341 2464 2568 2533 ὄρουσαν
2593 2465 2726 2535 (1‘2),
2756 2465 2892 2518 ἀλλὰ
2905 2460 3021 2530 πῶς
3041 2465 3227 2517 ἐσθλὸν
3251 2460 3321 2535 ἦν
3340 2466 3515 2519 τοῦτο.
3552 2468 3752 2539 Ἐκροα-

2163 2555 2409 2621 ταλίζετο
2452 2558 2550 2628 μὲν
2612 2557 2721 2629 γὰρ
2758 2559 2818 2612 ἐν
2847 2561 2959 2622 τοῖς
2982 2588 2988 2594 -
3011 2558 3209 2629 ὄχλοις,
3234 2554 3371 2611 οἶδα·
3418 2560 3512 2612 καὶ
3548 2560 3754 2631 τυράν-

2163 2665 2274 2712 νοις
2302 2649 2501 2721 ἦρεσκε
2536 2648 2668 2720 (15),
2703 2650 2798 2703 καὶ
2840 2649 3002 2704 τοῦτο
3042 2648 3177 2705 οῖδα’
3219 2654 3313 2705 καὶ¹
3349 2652 3508 2723 ἔργον
3548 2654 3757 2725 ἐπετή-

2161 2728 2332 2805 δευεν,
2362 2734 2521 2810 ἐφἰᾧ
2541 2744 2638 2812 οὐχ
2672 2743 2820 2807 ὅπως
2858 2744 3020 2807 αὐτὸς
3052 2745 3395 2816 ἐθαυμάζετο
3423 2745 3452 2796 ὁ
3483 2746 3752 2818 ἐραστὴς,

2162 2829 2276 2883 ἀλλ’
2309 2831 2407 2902 ἤδη
2437 2833 2529 2885 καὶ
2560 2832 2667 2885 τῶν
2693 2832 2993 2903 Ἀθηναίων
3030 2836 3063 2905 ἡ
3112 2835 3266 2898 πόλις
3309 2833 3444 2906 (14),
3486 2835 3569 2887 ὅτι
3607 2836 3753 2906 μόνη

2160 2922 2473 2993 τραγῳδοὺς
2500 2926 2747 2995 ἤνεγκεν.
2784 2927 2847 2978 Εἰ
2878 2923 2976 2996 μὲν
3020 2922 3112 2979 οὖν
3143 2926 3172 2978 ὁ
3204 2926 3395 2998 κρότος
3421 2926 3605 2989 ἱκανὸς
3626 2943 3758 2998 κρι-

2160 3015 2281 3086 τὴς,
2326 3017 2421 3070 καὶ
2461 3019 2494 3088 ἡ
2534 3019 2591 3070 ἐν
2641 3018 2936 3089 ἀκροπόλει
2969 3019 3237 3090 τράπεζα,
3277 3019 3425 3073 οὐδὲν
3459 3018 3540 3071 ἔτι
3578 3017 3754 3086 λέγω,

2164 3105 2376 3176 βλέπων
2409 3109 2466 3159 ἐν
2492 3108 2786 3180 ἀκροπόλει
2814 3109 3134 3165 δειπνοῦντα
3164 3111 3256 3163 τὸν
3289 3111 3360 3162 EO
3372 3109 3604 3181 ριπίδην,
3653 3110 3757 3163 καὶ

2161 3197 2252 3251 τὸν
2288 3198 2589 3269 Ἀθηναίων
2618 3201 2733 3271 ἅμα
2756 3202 2851 3254 καὶ
2882 3202 2973 3255 τὸν
2999 3203 3322 3257 Μακεδόνων
3352 3202 3525 3273 δῆμον
3548 3203 3753 3272 ἐπιψό-

2165 3289 2387 3358 φοῦντα·
2411 3292 2459 3343 εἰ
2486 3292 2542 3344 δὲ
2560 3294 2657 3357 καὶ¹
2685 3292 2805 3364 δίχα
2825 3293 3027 3347 τούτων
3042 3294 3155 3347 ἔστι
3176 3311 3261 3358 τις
3276 3296 3366 3348 καὶ
3383 3295 3519 3348 θεῶν
3540 3295 3754 3365 ψῆφος,

2164 3383 2259 3435 καὶ
2296 3383 2613 3455 αὐτοπιστὴ,
2657 3374 2750 3438 καὶ
2795 3386 2893 3456 οὐχ
2918 3387 3120 3457 ’ἥττων
3163 3384 3279 3463 τῆς.
3299 3386 3407 3439 τῶν
3443 3388 3753 3459 τυράννων,

2121 3472 2286 3561 ὀὐδὲ
2320 3473 2421 3544 τῆς
2461 3473 2570 3528 τῶν
2620 3474 2809 3545 ὄχλων·
2854 3476 3010 3547 φέρε,
3061 3478 3268 3549 φράσον
3324 3479 3456 3548 ἡμῖν
3498 3478 3594 3531 ἐπὶ
3637 3478 3755 3532 τίνι

472 3558 703 3614 Athenis
746 3559 909 3614 etiam
959 3560 1092 3630 ipsis
1140 3560 1559 3617 admirationem
1614 3546 1963 3633 conciliaret,
2039 3546 2228 3634 utp‘ote
2281 3579 2417 3635 quat.
2474 3567 2753 3636 tragoedos
2795 3584 2902 3623 una
2933 3546 3180 3624 omnium
3228 3546 3461 3625 tulisset.
3518 3568 3577 3623 Si
3610 3585 3753 3639 ergo

472 3650 558 3703 vel
591 3649 693 3705 iste
742 3651 990 3733 plausus,
1022 3653 1108 3707 vel
1160 3654 1426 3710 instructa
1473 3656 1527 3709 in
1584 3669 1711 3709 arce
1767 3670 1990 3719 mensa,
2038 3656 2230 3712 .idonei
2278 3667 2408 3713 sunt
2454 3659 2558 3714 hoc
2607 3660 2663 3714 in
2709 3676 2907 3731 genere
2949 3663 3161 3727 arbitri,
3204 3663 3340 3717 nihil
3400 3663 3538 3718 addo
3572 3681 3585 3715 :
3617 3662 3753 3716 novi

474 3744 620 3796 enim
651 3752 705 3797 et
729 3742 783 3796 in
811 3759 939 3800 arce
966 3744 1281 3816 Euripidem
1318 3760 1588 3809 coenasse,
1639 3753 1692 3799 et
1721 3744 2134 3801 Atheniensi-um
2177 3757 2340 3817 atque
2384 3746 2736 3805 Macedonum
2776 3751 2970 3820 plausu
3016 3750 3345 3806 celebratum
3374 3751 3627 3805 eumdem
3663 3751 3753 3805 fu-

475 3838 605 3893 isse.
633 3840 725 3893 Sin
756 3851 938 3896 autem
964 3843 1184 3912 aliq‘uod
1228 3852 1486 3913 praeterea
1537 3842 1764 3896 deorum
1818 3842 2137 3912 suﬂ‘ragium
2174 3848 2484 3913 aceesserit,
2524 3848 2669 3915 quod
2720 3848 2917 3918 utique
2958 3847 3158 3903 etﬁde
3190 3863 3284 3917 per
3310 3858 3447 3903 “sese
3488 3848 3749 3919 dignum,

476 3950 578 3991 nec
626 3945 982 4008 tyrannorum
1053 3938 1242 3993 saltem
1277 3946 1374 3991 aut
1436 3936 1798 3991 multitudinis
1848 3936 2105 4006 opinicne
2173 3938 2346 3994 levius
2389 3953 2511 3994 esse
2549 3938 2781 3995 debeat:
2820 3956 2919 4010 age
2950 3940 3046 4008 sis,
3089 3955 3277 4012 prome
3306 3941 3519 3995 tandem
3555 3944 3748 4007 nobis,

561 4157 589 4186 ⁸
629 4162 720 4214 φρ.
747 4111 1047 4215 φωνάεντα.

474 4321 923 4451 εὴέὲσέθυσῶν
951 4323 1242 4392 θεράπων,
1266 4332 1371 4380 etc.
1415 4322 1615 4381 Suidas
1642 4325 1830 4382 eadem
1867 4327 1920 4381 in
1943 4324 2051 4380 Ar-

548 4486 627 4556 (9)
671 4482 788 4556 ΤὸνΑ
814 4485 1078 4555 Ἀρχίαν.
1121 4483 1525 4540 lnterl'ectorcm
1554 4486 1888 4551 Archilochi,
1924 4486 2056 4556 Sui-

477 4554 579 4611 das
623 4564 679 4609 et
721 4554 837 4619 alii,
881 4570 991 4609 non
1044 4556 1327 4618 Archiam,
1361 4566 1422 4611 ιιι
1444 4555 1778 4621 ()Enomaus,
1805 4558 1896 4611 sed
1935 4555 2059 4610 Kal-

477 4626 699 4681 londam
748 4633 965 4694 vocant,
995 4636 1362 4694 cegnomento
1419 4627 1692 4680 Coracem.
1731 4625 2057 4681 Plutarchus

477 4697 555 4751 De
588 4712 709 4768 sera
739 4693 990 4768 Numinis
1025 4693 1281 4768 uindicta,
1320 4711 1442 4768 pag.
1473 4696 1577 4751 560
1601 4696 1642 4768 β
1670 4697 1759 4750 :'U
1787 4697 1892 4768 γὰρ
1913 4697 2058 4768 *ἁπο-

477 4765 727 4838 κτείνας,
744 4765 939 4838 inquit,
966 4766 1022 4838 ἐν
1049 4768 1116 4838 τῇ
1151 4765 1296 4838 μάχῃ
1330 4765 1420 4819 τὸν
1461 4766 1787 4838 ζᾼρχίλοχον,
1808 4765 2056 4838 ἐκαλεῖτο

478 4782 718 4829 κτείνας,
744 4782 939 4834 inquit,
966 4782 1022 4818 εν
1049 4783 1116 4838 τῃ
1151 4782 1308 4887 μαχτὲ
1330 4782 1420 4819 τον
1464 4782 1517 4819 :A
1556 4782 1688 4835 XLAO‘
1709 4785 1787 4827 ον,
1808 4782 2054 4820 εκαλειτο

478 4835 845 4907 Καλλώνδης,
861 4834 958 4907 ὡςΔ
972 4834 1145 4907 ἔοικεν
1162 4831 1279 4907 ’ἦνᾲ
1309 4838 1323 4857 ’
1339 4835 1496 4907 ,αὐτῷ
1513 4783 1707 4907 ἓόραέ
1723 4836 2054 4906 ἐπωνύμιον.

491 4903 807 4978 ΪΕκόληθ-εἱς
829 4903 884 4978 δὲ
912 4904 979 4978 τρ
1004 4903 1223 4975 πρῶτον
1398 4903 1503 4978 ﬁt
1546 4903 1768 4971 "bow"
1810 4908 1891 4978 ὡς
1913 4903 2062 4978 ἱερὸν

479 4976 648 5049 ἄνδρα
670 4972 777 5049 τῶν
790 4974 1023 5028 Μουσῶν
1046 4972 1500 5049 ἆνῃρηκευςκεῑτα
1522 4978 1870 5049 χρησάμενος
1884 4972 2058 5049 λιταῖς

477 5045 629 5117 τισιλ
659 5047 753 5118 καὶ
801 5045 1315 5118 προτροπαξςζμετᾲ
1352 5045 1739 5118 δικαιολογίας,
1765 5045 2056 5118 ἐκελεύσθη

479 5115 1039 5189 πορευθεὶςᾲὲπιτὴν
1080 5115 1187 5189 τοῦ
1221 5116 1476 5189 Τέττιγος
1507 5117 1740 5188 οἴκησιν,
1777 5115 2058 5170 ἱλάσασθαι

478 5185 580 5259 τὴν
617 5185 709 5239 τοῦ
752 5185 1064 5257 Ἀρχιλόχου
1096 5185 1295 5257 ψυχήν.

553 5278 664 5345 (ιθ)
705 5278 1080 5347 Κελεύσασα.
1140 5276 1434 5347 Perperam
1483 5278 1536 5331 in
1577 5293 1783 5332 excuso
1828 5277 2054 5342 Graeco,

480 5347 760 5471 ᾔελεύσρις.
792 5346 996 5402 Versus
1025 5363 1134 5418 quo
1164 5346 1315 5403 illum
1340 5364 1407 5403 ex
1450 5351 1579 5403 lano
1611 5348 1804 5419 Pythia
1829 5349 2055 5418 expulit,

526 5434 574 5471 tc
607 5435 664 5471 es
728 5437 740 5471 :
1239 5462 1243 5466 .
1752 5468 1761 5471 _

526 5427 574 5472 lc
607 5427 689 5473 est
728 5437 740 5471 :

482 5510 781 5563 Μουσάων
814 5510 1149 5580 θεράποντα
1173 5509 1553 5576 κατέκτανες,
1578 5509 1729 5574 ἔξιθι
1750 5510 1922 5578 νηοῦ.

556 5580 666 5651 (il)
713 5581 966 5637 Οὔκουν.
1006 5581 1085 5637 ita
1114 5584 1303 5649 malui,
1338 5596 1503 5651 quam
1554 5580 1773 5647 οὐκοῦν,
1825 5591 1883 5636 ut
1933 5588 2058 5635 ante

485 5647 780 5719 legebatur.

2233 4321 2345 4393 (12)
2384 4321 2580 4393 Αὐτοῦ
2611 4319 2787 4393 κλέος
2804 4316 3093 4393 ὄρουσαν.
3137 4319 3397 4374 Existimo
3443 4318 3745 4393 legendum

2157 4390 2323 4457 αὐτοῦ
2354 4394 2435 4454 εἰς
2465 4392 2620 4455 κλέος
2655 4391 2902 4462 ὄρουσαν.
2940 4390 3071 4456 Qua:
3117 4400 3388 4462 postrema
3423 4406 3523 4443 vox
3563 4391 3617 4444 in
3655 4394 3746 4445 al-

2159 4473 2277 4519 tero
2300 4459 2799 4516 manuscr.-exstat.
2824 4460 2892 4519 Et
2915 4477 3040 4515 vero
3066 4459 3590 4530 re'petittEnomaus
3616 4479 3751 4516 ora-

2159 4535 2268 4589 culi
2298 4534 2482 4595 verba,
2520 4548 2640 4600 pag.
2672 4533 2900 4600 praeced.
2935 4532 3024 4585 ubi
3056 4531 3352 4601 legebatur,
3377 4531 3469 4583 καὶ
3496 4531 3554 4594 ἐς
3578 4531 3748 4595 κλέος

2158 4603 2345 4657 ἐσθλὸν
2376 4601 2610 4674 ὀρούσει.

2231 4675 2342 4743 (ﬁl
2390 4670 2714 4740 Τυράννως
2740 4671 2984 4741 ἤρεσκε.
3026 4671 3351 4726 Archelaum
3405 4670 3483 4743 in_
3514 4671 3746 4743 primis,

2158 4738 2488 4798 Macedonia:
2527 4758 2702 4812 regem
2739 4738 3011 4810 intelligit,
3039 4744 3180 4812 apud
3232 4756 3393 4812 quem
3444 4738 3748 4811 Euripides

2158 4816 2334 4885 gratia
2365 4823 2419 4867 et
2436 4814 2764 4885 auctoritate
2787 4814 2976 4878 valuit,
2994 4815 3204 4885 lnirum
3234 4819 3520 4885 quantum.

2150 4879 2187 4935 ,⁷
2230 4885 2340 4953 (Η)
2367 4883 2694 4953 Ἀθηναίων
2714 4883 2761 4953 11
2774 4885 2969 4948 πόλις.
2991 4881 3163 4936 Etiam
3193 4879 3332 4951 apud
3364 4881 3568 4953 hostes.
3603 4879 3752 4935 Plu-

2160 4951 2387 5009 tarchus
2422 4956 2565 5007 enim
2620 4952 2673 5006 in
2709 4951 2890 5013 Nicia,
2918 4955 3021 5007 sub
3063 4954 3183 5016 lin.,
3227 4966 3351 5020 pag.
3381 4951 3508 5014 542,
3539 4962 3750 5006 auctor

2159 5038 2262 5089 est,
2296 5024 2508 5078 Siculos
2532 5023 2789 5084 victores,
2820 5024 3158 5090 captivorum
3192 5023 3611 5075 Atheniensium
3648 5023 3754 5077 be—

2160 5110 2227 5148 ne
2257 5095 2442 5147 multis
2473 5093 2701 5147 salutem
2732 5091 2965 5157 dedisse,
2995 5094 3140 5160 quod
3173 5092 3241 5145 ab
3268 5092 3376 5145 illis
3401 5106 3595 5160 versus
3628 5091 3754 5145 Eu-

2161 5165 2349 5232 ripidis
2382 5164 2596 5230 aliquos
2620 5162 2969 5232 didicissent;
3002 5159 3279 5231 additque,
3313 5160 3421 5232 τῶν
3449 5159 3751 5232 σωθέντων

2158 5230 2340 5286 οἴκαδε
2383 5234 2606 5303 συχνοὺς
2650 5230 2996 5303 διο-πάσασθαι
3032 5232 3122 5285 τὸν
3150 5231 3445 5303 Εὐριπίδην
3473 5231 3755 5303 φιλοφρόσο

2157 5321 2281 5367 νως,
2310 5304 2404 5356 καὶ
2443 5300 2764 5370 διηγεῖσθαι,
2790 5303 2915 5363 τοὺς
2944 5303 3059 5371 μὲν,
3108 5303 3187 5354 ὅτι
3208 5300 3545 5362 δουλεύοντες
3573 5300 3753 5371 ἀφεί-

2160 5372 2360 5444 θησαν,
2408 5372 2772 5444 ὲνδιᾶάξαντες
2824 5372 2924 5444 eo:
2973 5372 3079 5444 τῶν
3117 5371 3346 5444 ’ἐκείνου
3414 5374 3756 5444 ποιημάτων

2159 5440 2481 5514 ἐμέμνηντο·
2533 5442 2777 5514 τοῦς-δὲ,
2825 5441 2905 5493 ὄτι
2957 5440 3293 5514 πλανώμενοι
3328 5441 3463 5514 μετᾲ
3481 5443 3606 5514 μτὴν
3648 5448 3773 5514 μά·-

2158 5509 2281 5583 χὴν,
2304 5513 2509 5586 τροφῆς
2537 5511 2630 5566 καί
2659 5510 2847 5574 ὓδατος
2879 5509 3193 5582 μετέλαὸον,
3222 5509 3340 5565 τῶν
3366 5509 3547 5582 μελῶν
3577 5509 3759 5585 tia—avo

2158 5598 2266 5647 τες.
