3862 6220
532 302 646 381 δεις
1169 308 1256 362 EU
1267 306 1436 362 SEBll
1467 304 1946 362 CIESARLENSIS
1998 307 2057 362 Ol

2254 303 2384 358 ΑΗΒ
2423 302 2486 357 Il.
2529 332 2597 343 --
2630 301 3132 359 APOLOGETICA.
3671 307 3779 361 596

1082 425 1308 480 CAPUT
1346 425 1583 481 XXXIV.
2128 431 2173 486 Α

2128 431 2173 486 Α
2710 423 3107 477 ΚΕΦΑΛΔΙΟΝ
3140 423 3257 474 AA’.

541 548 767 602 Eosdem
793 553 1032 598 auctores
1066 541 1188 594 illos
1233 541 1418 609 fuisse,
1456 542 1535 592 uti
1569 539 1774 608 pugiles
1808 551 1855 594 et
1888 540 2066 595 athleu

2259 546 2326 594 ’τι
2364 540 2460 596 καὶ
2494 540 2722 605 πύκτας
2754 541 2848 592 καὶ
2872 540 3136 606 ἀθλητὰς
3170 539 3361 608 τιμαῖς
3390 539 3644 606 ἰσοθέοις
3684 558 3750 610 γε
3779 569 3784 575 ·

887 613 1080 666 divinis
1114 611 1396 664 honoribus
1431 611 1746 663 colerentur.

2600 613 2836 679 palpetr
2872 611 3365 678 παρεκελεύοντο.

606 731 672 785 Et
708 730 966 801 quoniam
1002 743 1108 782 non
1139 735 1328 796 poetas
1374 727 1575 791 solum,
1613 727 1706 780 sed
1762 725 1907 795 ipsos
1938 726 2098 780 etiam

2289 727 2438 779 Ἐπεὶ
2463 726 2520 779 δέ
2552 727 2612 780 ού
2647 726 2805 796 μόνον
2833 724 3084 795 ποιητὰς,
3113 724 3213 795 ’ήδη
3241 724 3298 779 δὲ
3322 725 3416 778 καὶ
3439 725 3651 789 πύκτας
3685 726 3786 778 καὶ

535 824 743 893 pugiles
769 833 931 892 atque
961 820 1214 884 athletas,
1245 820 1469 873 deorum
1503 818 1556 871 in
1587 833 1814 871 numero
1842 819 1958 872 suis
1979 833 2060 873 ora

2261 815 2439 886 ὶλητὰς
2468 817 2495 868 ὁ
2523 816 2824 887 θαυμάσιος
2853 815 2984 879 Θεὸς
3015 814 3104 868 διά
3132 816 3241 868 τῶν
3273 815 3488 867 οἰκείων
3512 815 3786 886 χρησμῶν

539 915 680 970 culis
725 913 871 968 Deus
905 913 1158 983 egregius
1203 912 1507 976 collocavit,
1557 911 1809 979 praeclare
1842 927 2061 980 quoque

2266 909 2516 972 εθέωσεν,
2559 909 2781 972 εἰκότως
2811 925 2900 979 μοι
2937 907 3085 960 δοκεί
3122 908 3216 961 καὶ
3256 906 3427 962 ταῦτα
3456 907 3789 978 ἀπελέγχειν

535 1023 656 1063 meo
705 1008 924 1077 quidem
980 1005 1226 1075 judicio,
1289 1005 1389 1058 hoc
1433 1003 1553 1073 ejus
1601 1003 1803 1058 factum
1851 1003 2060 1059 laudatu

1851 1003 2102 1059 laudatus
2202 1003 2231 1054 ὁ
2257 1001 2623 1072 δεδηλωμένος
2659 1001 2867 1065 τούτοις
2894 1003 3008 1063 τοῖς
3038 1001 3296 1071 ῥήμασιν·
3362 1058 3374 1073 ι

532 1103 764 1172 scriptor
793 1100 938 1154 hunc
967 1099 1021 1151 in
1049 1097 1268 1151 modum
1293 1095 1538 1166 coarguit
1573 1114 1586 1148 :

533 1194 636 1259 Qui
661 1192 832 1263 pelagi
868 1192 1020 1258 ﬁnes,
1047 1205 1417 1258 numerumque
1433 1189 1660 1257 jacentis
1691 1205 1888 1255 arente,

2266 1190 2278 1239 l
2305 1186 2475 1252 εἰδὼς
2521 1185 2634 1256 (29)
2669 1184 2916 1255 ψάμμου
2941 1187 2989 1238 τ’
3023 1184 3292 1255 ἀριθμὸν,
3328 1183 3423 1270 nari
3450 1183 3656 1270 ’μέτρα
3682 1185 3791 1237 θα-

533 1326 603 1381 Ει
636 1325 767 1381 muti
791 1339 969 1379 sensus
995 1321 1251 1392 cognosti,
1279 1320 1533 1390 audisque
1562 1319 1829 1386 silentem;

2204 1327 2310 1381 Kal
2336 1325 2536 1395 κωφοῦ
2563 1325 2808 1392 ξυνιεὶς,
2835 1324 2935 1378 καὶ
2958 1323 3042 1394 μὴ
3071 1253 3676 1389 λαλέοντοέἇῐκιὲῗῦῖιῖῗ
3702 1298 3716 1320 ’

531 1461 559 1493 ιι
583 1441 802 1495 Utinam
821 1453 950 1493 vero
975 1437 1077 1492 ista
1105 1437 1344 1492 nescires
1365 1435 1567 1501 omnia,
1593 1435 1695 1489 hoc
1719 1451 1888 1490 unum
1912 1437 2056 1491 scire:

2266 1442 2387 1495 Εἴθε
2420 1441 2624 1509 ὤφελες
2651 1441 2721 1494 τὰ
2756 1442 2852 1512 μὲν
2876 1441 3098 1494 τοιαῦτα
3127 1441 3303 1494 πάντα
3326 1441 3558 1509 ἀγνοεῖν,
3601 1441 3791 1493 ἐκεῖνο

535 1529 672 1583 nihil
700 1526 999 1598 pugilatum
1034 1525 1175 1580 inter
1222 1532 1278 1579 et
1321 1525 1752 1579 calcitrationem
1799 1527 2060 1580 interesse

2286 1534 2503 1596 εἰδέναι,
2529 1535 2611 1587 ὅτι
2641 1534 2674 1604 ἡ
2700 1534 2934 1605 πυκτικὴ
2961 1533 3058 1602 τῆς
3096 1531 3360 1602 λακτικῆς
3403 1531 3556 1586 οὐδὲν
3588 1531 3791 1600 διαφέ-

534 1622 614 1676 uti
637 1619 722 1676 vel
759 1619 944 1674 asinos
977 1619 1140 1674 etiam
1181 1616 1588 1671 immortalitate
1618 1617 1849 1671 donares
1873 1657 1888 1682 ,
1917 1616 2003 1670 vel
2035 1633 2059 1670 n

2263 1645 2310 1691 ιι,
2334 1627 2404 1681 ἵν’
2427 1626 2460 1698 ἢ
2483 1628 2576 1680 καὶ
2604 1628 2728 1691 τοὺς
2751 1625 2904 1690 ὅνους
2933 1625 3336 1689 ἀπαθανάτους,
3368 1625 3400 1696 ἢ
3431 1625 3564 1696 μηδὲ
3604 1625 3788 1680 Κλεοο

533 1710 877 1767 Cleomedem
907 1707 1127 1780 quidem
1156 1709 1358 1778 ipsum,
1383 1707 1839 1778 Astypalzeensem
1864 1708 2058 1780 pugilet

1988 1708 2098 1764 lem
2134 1776 2174 1791 ﬁ
2210 1720 2382 1791 μήὸην
2407 1719 2618 1790 πύκτην
2663 1717 3080 1784 Ἀστυπαλαιέα,
3102 1716 3276 1786 λέγων
3305 1715 3478 1780 οὕτως
3499 1734 3513 1746 ·

534 1808 770 1860 donares
800 1803 905 1858 hoc
923 1776 1206 1857 disticho:
1487 1776 1496 1778 ⁷
1521 1776 1528 1777 ί
1864 1776 1881 1779 ”
1945 1776 1965 1780 ⁷
2134 1776 2176 1831 Β

539 1919 768 1974 Ultimus
792 1917 1005 1971 heroum
1039 1915 1741 1988 CleomedesAstypalensis,

2266 1916 2498 1981 ’στατος
2529 1915 2738 1988 ἡρώωις
2759 1914 3106 1988 Κλεομήδης
3133 1915 3245 1988 (50)
3281 1915 3791 1988 Ἀστυπαλαιεὺς.

533 1990 660 2044 Jam
689 2003 902 2043 sacrum
935 2004 967 2040 a
1002 1985 1144 2039 vobis
1170 1986 1307 2055 [erat
1338 1984 1653 2040 immortalis
1685 1987 1954 2040 honorem.

2211 1987 2312 2038 Ὃν
2341 1988 2579 2052 θυσίαις
2601 1984 2789 2055 τιμᾶθ’
2817 1987 2895 2052 ὡς
2927 1989 3036 2040 οὐκ
3061 1984 3153 2041 ἔτι
3169 1986 3391 2056 θνητὸν
3409 1987 3606 2040 ἐόντα.

533 2102 644 2157 Cur
679 2101 848 2169 enim,
881 2114 914 2154 ο
958 2098 1208 2168 indigena
1241 2097 1554 2153 Graecarum
1582 2097 1905 2169 religionum
1939 2097 2058 2152 intei

2272 2100 2304 2154 ἀ
2330 2101 2383 2153 τί
2413 2099 2543 2172 γὰρ,
2573 2093 2618 2153 ὧ
2646 2101 2842 2171 πάτριε
2865 2098 2973 2154 τῶν
3013 2099 3280 2172 Ἑλλήνων
3312 2100 3570 2172 ἐξηγητδδ
3603 2099 3686 2164 ὥς
3730 2118 3795 2154 σε

534 2208 660 2263 pres
686 2234 703 2260 ,
731 2193 813 2249 sic
851 2191 998 2248 enim
1034 2199 1086 2244 te
1117 2189 1271 2244 Plato
1303 2198 1463 2244 vocat
1487 2230 1502 2254 ,
1540 2190 1816 2245 hominem
1848 2199 1905 2244 tu
1940 2191 2059 2246 istul

2269 2195 2362 2247 ιλεῖ
2395 2194 2652 2257 Πλάτων,
2694 2193 2932 2257 ἐθέωσας
2975 2193 3066 2247 τὸν
3114 2192 3282 2252 ἄνδρα
3321 2193 3548 2259 τοῦτον;
3582 2194 3658 2250 Ἣ
3707 2195 3794 2246 ὅτι

536 2283 913 2340 consecrasti?
938 2283 1019 2336 An
1065 2281 1210 2352 quod
1241 2281 1297 2335 in
1337 2279 1619 2353 Olympico
1669 2283 1965 2338 certamine
2007 2282 2061 2337 ad

2272 2285 2544 2357 ιλυμπιάσι
2604 2288 2784 2359 πληγῇ
2855 2289 2952 2358 μιᾷ
3011 2286 3257 2350 πατάξας
3325 2284 3415 2339 τὸν
3483 2285 3797 2354 ἀνταγωνι-

535 2377 836 2431 versarium
868 2390 979 2430 uno
1010 2375 1120 2428 ictu
1156 2389 1266 2428 non
1307 2375 1484 2429 solum
1516 2371 1783 2441 aﬂlixerit,
1815 2373 1909 2429 sed
1943 2375 2060 2429 etiai

2276 2377 2337 2446 ὴν
2360 2378 2493 2447 (51),
2515 2377 2716 2448 ἀνέῳξε
2743 2378 2840 2449 τὴν
2868 2378 3104 2448 πλευρὰν
3143 2377 3308 2433 αὐτοῦ
3332 2418 3347 2442 ,
3392 2377 3484 2430 καὶ
3529 2377 3797 2447 ἐμϐαλὼν

535 2466 802 2538 patefacto
829 2467 995 2522 latere
1022 2465 1334 2534 pulmonem
1354 2464 1474 2534 ejus
1501 2464 1748 2519 immissa
1777 2479 1943 2518 manu
1979 2464 2060 2518 ab:

2278 2485 2304 2518 ν
2334 2469 2493 2536 χεῖρα
2526 2467 2747 2520 ἐλάϐετο
2781 2467 2874 2519 τοῦ
2907 2467 3206 2538 πνεύμονος
3234 2486 3250 2534 ;
3295 2468 3588 2532 Ἄπολλον,
3639 2468 3800 2534 ἀξιο-

537 2558 805 2615 traxerit?
837 2557 1067 2628 Dignum
1119 2557 1395 2612 enimvero
1437 2555 1547 2612 Deo
1569 2556 1800 2622 facinus,
1825 2573 1857 2612 ο
1879 2557 2062 2628 Apollo

2275 2576 2330 2610 ou
2372 2558 2570 2629 ἕργουῑ
2609 2561 2679 2612 Ἢ
2718 2559 2778 2611 οὐ
2821 2561 2978 2630 μόνον
3001 2599 3014 2623 ,
3068 2560 3203 2615 ἀλλὰ
3231 2561 3326 2614 καὶ
3366 2560 3480 2624 ὅτι,
3513 2577 3800 2632 προτιμη-

534 2653 618 2706 An
647 2657 908 2721 praeterea
949 2649 1097 2719 quod
1127 2649 1423 2721 irrogatam
1453 2648 1555 2704 sibi
1582 2663 1646 2703 ea
1674 2648 1741 2704 de
1772 2665 1936 2706 causa
1969 2665 2059 2720 qu:

2271 2651 2454 2722 1.;(52)
2502 2653 2779 2723 τεσσάρων
2815 2653 3088 2707 ταλάντων
3129 2653 3329 2725 ζημίαν
3369 2655 3461 2707 ἐπὶ
3493 2653 3705 2708 τούτων
3745 2668 3795 2714 ι.

535 2753 661 2798 tuor
686 2742 1013 2797 talentorum
1041 2740 1300 2795 mulctam
1333 2755 1675 2811 concoquere
1705 2757 1813 2797 non
1841 2742 2060 2812 potueri;

2275 2763 2308 2814 χ
2337 2744 2564 2816 ὑπέστη,
2609 2745 2722 2800 ἀλλ’
2769 2747 2858 2798 ὑπ’
2891 2745 3184 2817 ἀχθηδόνος
3241 2746 3352 2816 (55)
3400 2745 3495 2800 καὶ
3546 2745 3800 2817 βαρυθυ-

535 2835 630 2892 ιοιί
657 2834 712 2888 vi
757 2834 1010 2890 maeroris
1061 2833 1468 2902 iracundiaeque
1511 2842 1819 2889 commotus
1844 2875 1859 2900 ,
1907 2842 2060 2890 stom:

2269 2837 2339 2898 ξας
2359 2837 2605 2907 ἐνήρεισε
2628 2837 2717 2891 τὸν
2735 2836 2902 2908 θυμὸν
2922 2841 3032 2900 τοῖς
3057 2839 3114 2890 ἐν
3138 2837 3214 2908 τῷ
3232 2837 3578 2908 διδασκαλείῳ
3601 2840 3794 2899 παισὶ,

535 2925 697 2980 chum
724 2932 779 2979 et
820 2924 986 2979 bilem
1027 2923 1337 2978 universam
1389 2924 1443 2976 in
1490 2938 1779 2991 puerorum
1810 2964 1823 2987 ,
1861 2924 1955 2994 qui
1993 2933 2060 2979 tui

2273 2946 2299 2980 ν
2328 2929 2480 2982 κίονα
2507 2929 2831 2998 ὑφελκύσας,
2861 2929 2920 2992 ὃς
2951 2931 3131 3000 ἀνεῖχε
3164 2929 3260 2999 τὴν
3293 2931 3489 3000 στέγην
3517 2927 3715 3001 ;τΑρ’,
3753 2925 3798 2983 ὦ

537 3016 592 3070 in
618 3015 748 3070 ludo
771 3013 1040 3069 litterario
1065 3013 1460 3079 versabantur,
1489 3022 1651 3083 caput
1689 3017 1948 3083 eruperit,
1986 3030 2062 3069 εω

2275 3019 2444 3083 οποιὲ,
2465 3019 2552 3072 διὰ
2578 3019 2732 3072 ταῦθ’
2761 3021 2890 3090 ὑμῖν
2912 3023 2940 3074 ὁ
2965 3020 3284 3092 Κλεομήδης
3313 3021 3564 3092 τιμητέος
3593 3023 3757 3074 ἐστίν
3783 3040 3797 3086 ;

536 3122 698 3163 eussa
731 3106 1054 3175 revulsaque
1083 3104 1337 3158 columna
1366 3118 1488 3173 qua:
1530 3112 1730 3160 tectum
1766 3104 2061 3160 sustinebat

2275 3112 2486 3164 κάκεῖνο
2512 3111 2861 3184 προσθήσεις,
2896 3111 2956 3166 τὸ
2975 3113 3160 3184 ἓτερον
3193 3113 3389 3183 δεῖγμα
3430 3113 3528 3182 τῆς
3573 3113 3800 3166 ἐκείνου

538 3199 644 3265 Τυ,
674 3201 921 3270 inquam,
945 3214 978 3253 ο
1009 3197 1237 3253 deorum
1262 3196 1576 3261 architecte,
1605 3197 1943 3253 Cleomedem
1981 3213 2063 3268 prt

2279 3202 2430 3273 δρίας
2459 3202 2572 3273 ἅμα
2608 3203 2700 3256 καὶ
2725 3203 3001 3273 θεοφιλὶας
3020 3246 3034 3270 ,
3062 3206 3142 3259 ὅτι
3174 3205 3276 3277 δὴ,
3302 3205 3476 3275 ἐμϐὰς
3513 3205 3593 3270 εἰς
3644 3206 3800 3276 ἱερὸν

537 3300 722 3362 pterea
744 3288 946 3344 divinis
968 3288 1270 3342 honoribus
1323 3288 1611 3343 colendum
1639 3289 1887 3358 putasti?
1911 3288 1993 3342 An
2021 3306 2062 3359 p1

2277 3293 2458 3348 δώτιον
2489 3294 2622 3365 (54),
2671 3295 2766 3350 καὶ
2811 3296 2872 3349 τὸ
2902 3297 3071 3368 πῶμα
3118 3299 3492 3368 ἐπαγόμενος,
3540 3295 3802 3367 ἄληπτος

539 3385 649 3439 tius
680 3383 910 3438 alterum
943 3381 1047 3436 hoc
1097 3380 1361 3450 adiunges
1400 3395 1522 3435 cum
1575 3379 1815 3450 ejusdem
1859 3380 2064 3435 roboris

2277 3386 2422 3440 ένετο
2463 3391 2574 3451 τοῖς
2629 3387 2914 3452 διώκουσι,
2943 3388 3306 3458 πειρωμένοις
3353 3387 3518 3440 αὑτὸν
3560 3387 3801 3451 ἐξελκῦ-

540 3487 656 3532 tum
679 3476 877 3532 divinae
905 3473 1297 3529 benevolentia:
1327 3481 1738 3526 monumentum
1769 3488 1783 3536 ;
1810 3472 1951 3542 quod
1985 3487 2065 3527 CUI

2276 3497 2300 3531 ιι
2329 3478 2438 3548 (55)
2464 3496 2478 3546 ;
2510 3475 2581 3532 Ὦ
2605 3479 2936 3551 Κλεόμηδες,
2969 3477 3077 3552 ἆρα
3103 3480 3249 3550 ἥρως
3276 3479 3375 3531 οὐκ
3401 3478 3517 3531 ἐστι
3557 3477 3801 3550 θνητός;

540 3583 753 3625 sacram
780 3568 836 3622 in
882 3579 1065 3622 arcam
1100 3578 1219 3620 sese
1263 3563 1583 3618 immisisset
1607 3603 1623 3628 ,
1656 3563 1890 3618 adducto
1918 3563 2065 3618 deint‘

2280 3567 2313 3625 α
2343 3571 2411 3625 τά
2442 3573 2804 3644 μηχανήματα
2828 3573 2967 3646 ὑπὲρ
3011 3571 3305 3636 ἀθανασίας
3347 3571 3599 3643 ἐξεῦρεςί
3660 3575 3805 3644 "ﬁl:-

539 3661 820 3733 operculo,
858 3654 1244 3728 comprehendi
1271 3657 1339 3711 ab
1368 3655 1802 3726 insequentibus,
1848 3655 1901 3709 in
1930 3671 1995 3710 eo
2016 3671 2064 3710 Cl

2282 3681 2363 3716 ντο
2388 3663 2517 3732 γοῦν
2547 3664 2746 3727 εὐθέως
2777 3667 2826 3717 οἱ
2857 3665 2968 3717 θεοὶ
3007 3665 3108 3735 τῆς
3140 3665 3529 3734 ἀγαθουργίας,
3575 3665 3680 3717 καὶ
3711 3666 3807 3717 ἀν-

542 3755 808 3810 trahendo
852 3753 1052 3807 frustra
1093 3751 1468 3805 laborantibus
1493 3789 1506 3813 ,
1558 3749 1704 3804 nulla
1736 3750 1786 3803 vi
1831 3749 2067 3817 potuerit

2274 3756 2502 3824 ›είψαντό
2537 3773 2616 3820 σε,
2643 3755 2829 3826 ὥσπερ
2858 3757 2906 3808 οἱ
2940 3754 3287 3826 τοῧῸμήρου
3320 3754 3412 3806 τὸν
3430 3755 3766 3824 Γανυμήδην
3788 3773 3799 3783 ·

542 3845 736 3902 ldeone
768 3845 990 3898 heroem
1041 3854 1096 3898 tu
1132 3843 1283 3898 illum
1305 3880 1320 3906 ,
1356 3849 1518 3911 atque
1551 3857 1620 3895 ex
1661 3840 1968 3896 mortalium
2011 3855 2067 3893 n1

2282 3846 2348 3899 λὰ
2378 3847 2467 3900 τὸν
2499 3847 2595 3917 μὲν
2627 3847 2718 3899 ἐπὶ⁹
2755 3846 2832 3917 τῷ
2866 3847 3068 3909 κάλλει,
3098 3846 3156 3898 σὲ
3189 3846 3245 3898 δὲ
3278 3845 3370 3899 ἐπὶ
3399 3848 3465 3916 τῇ
3499 3846 3673 3915 ἰσχύϊ,
3707 3849 3807 3900 καὶ

541 3952 696 3992 mero
737 3935 1087 3990 eximendum
1118 3949 1238 3988 esse
1281 3933 1405 3988 vis?
1436 3931 1481 3986 Ο
1513 3930 1828 3986 Cleomedes
1852 3971 1867 3995 ,
1913 3929 2066 3999 quibi

2281 3957 2307 4002 ς
2339 3939 2516 4009 ἰσχύος
2549 3943 2614 4010 τῇ
2646 3940 2838 4012 χρήσει
2861 3942 2925 4011 τῇ
2954 3938 3152 4009 ἀγαθῇ.
3187 3937 3311 3990 Εἴθε
3341 3934 3453 4002 οὖν,
3501 3931 3548 3990 ὦ
3605 3939 3805 4008 μάντι,

531 4029 643 4084 tibi
677 4029 886 4084 artibus
923 4027 1384 4082 immortalitatem
1431 4023 1726 4094 peperisti!
1769 4021 1996 4076 Sensere
2037 4022 2056 4075 ι

2318 4025 2475 4096 ἔφην,
2505 4026 2671 4090 ἐάσας
2695 4027 2792 4096 τὴν
2821 4026 3046 4097 ψάμμον
3081 4027 3175 4080 καὶ
3199 4015 3296 4096 τὴν
3329 4026 3529 4096 ἅλμην,
3559 4027 3685 4080 ἀντ’
3705 4030 3811 4080 αὖ·

543 4123 740 4191 quippe
757 4121 1019 4175 continuo
1036 4118 1247 4189 pulchri
1271 4116 1528 4171 facinoris
1545 4115 1942 4180 excellentiam,
1958 4122 2068 4181 teqt

2285 4136 2318 4168 .v
2351 4117 2632 4187 ἐξέμαθες,
2663 4119 2860 4171 ὁπόσου
2886 4119 3032 4182 ἄξιόν
3053 4121 3198 4171 ἐστιν
3233 4121 3265 4190 ἡ
3291 4118 3549 4189 πυκτικὴ,
3578 4119 3676 4173 ἵνα
3711 4122 3810 4173 καὶ

541 4213 709 4278 illico,
746 4222 806 4268 ut
834 4214 974 4267 bona
1004 4211 1278 4282 quondam
1309 4207 1468 4278 231
1507 4205 1726 4260 Homeri
1758 4205 1982 4259 numina
2011 4206 2066 4259 G:

2286 4217 2336 4272 δς
2354 4209 2562 4274 πύκτας
2589 4209 2742 4274 ὅνους
2773 4211 2926 4273 θεοὺς
2945 4210 3214 4282 ἐνόμιζες,
3244 4211 3339 4264 καὶ
3365 4211 3490 4274 τοὺς
3522 4212 3811 4284 όνὰγρους

531 4306 850 4376 .nymedem,
883 4305 937 4358 in
969 4305 1165 4360 coelum
1208 4315 1439 4370 rapuere
1467 4317 1480 4352 :
1513 4298 1618 4353 nisi
1646 4298 1791 4367 quod
1823 4297 1910 4351 ille
1941 4295 2056 4349 forn

2286 4317 2320 4351 »ν
2350 4298 2486 4353 θεῶν
2507 4301 2633 4364 τοὺς
2660 4301 2944 4371 ἀρίστουςῐ
2974 4303 3068 4355 καὶ
3096 4297 3162 4372 ἦν
3189 4301 3254 4354 ἄν
3296 4317 3348 4353 τι
3377 4302 3578 4354 οἰκεῖον
3613 4301 3811 4371 λόγιον

542 4415 607 4454 ac
638 4399 848 4469 specie,
883 4407 939 4453 tu
970 4397 1167 4452 robore
1190 4435 1204 4459 ,
1247 4409 1460 4463 usuque
1484 4391 1697 4445 roboris
1735 4389 1953 4460 egregio
1994 4390 2067 4458 pl:

2289 4392 2302 4409 ’
2336 4390 2656 4445 ἀποθανόντι
2685 4392 2897 4464 όνάγρῳ
2925 4393 3122 4464 μᾶλλον
3154 4393 3187 4464 ἢ
3222 4392 3314 4446 ἐπὶ
3339 4391 3415 4463 τῷ
3451 4391 3526 4462 σῷ
3564 4395 3772 4470 πύκτῃ
3796 4413 3812 4426 ·

541 4491 722 4547 cuisti.
751 4490 970 4546 Utinam
994 4505 1144 4560 ergo,
1168 4490 1309 4543 bone
1353 4497 1524 4549 vates,
1583 4484 1726 4554 quod
1780 4495 1904 4538 ante
1942 4484 2206 4546 dicebam,
2247 4501 2412 4540 arena
2443 4487 2688 4557 marique
2727 4489 3125 4557 praetermissis,
3173 4503 3281 4558 quo
3321 4488 3391 4543 sit
3424 4488 3725 4546 habendus
3760 4494 3814 4545 in

536 4599 774 4642 numero
817 4582 1090 4653 pugilatus
1136 4580 1340 4633 interea
1381 4576 1684 4631 didicisses.
1739 4572 2006 4628 Nimirum
2057 4585 2108 4628 et
2144 4573 2275 4628 deos
2306 4591 2520 4645 quoque
2559 4577 2772 4648 pugiles
2835 4579 3040 4643 asinos,
3101 4587 3154 4633 et
3181 4593 3415 4648 onagros
3453 4579 3550 4632 abs
3588 4589 3648 4635 te
3678 4581 3816 4636 dco-

545 4692 665 4732 rum
711 4671 1118 4730 strenuissimos
1150 4668 1494 4722 haberemus.
1549 4663 1799 4718 Exstaret
1837 4663 1998 4718 etiam
2045 4662 2097 4715 in
2136 4664 2404 4719 demortui
2455 4667 2643 4738 onagri
2691 4669 2872 4725 verius
2933 4685 3098 4740 quam
3138 4669 3194 4722 in
3233 4669 3432 4741 pugilis
3463 4668 3540 4722 tui
3576 4670 3816 4728 laudem

540 4769 821 4843 proprium
855 4767 960 4819 hoc
984 4773 1038 4817 et
1061 4761 1336 4838 singulare
1363 4757 1640 4813 oraculum
1669 4774 1680 4809 :

617 4947 644 4977 ι
673 4934 758 4988 la.
793 4931 987 4999 τούτῳ.

615 5100 727 5174 (ἓθ)
767 5096 842 5156 Ὠ
866 5098 1052 5163 εἰδώς.
1094 5095 1226 5150 Vide
1248 5093 1389 5165 quod
1417 5098 1734 5146 annotatum
1765 5097 1867 5155 est,
1897 5104 1950 5160 p.
1979 5089 2107 5160 212,

2295 5091 2399 5170 (ὃς)
2445 5090 2556 5174 re?
2583 5088 3068 5174 ‘drtqmtqnir.
3112 5087 3248 5142 Eum
3277 5085 3584 5143 Pausanias
3618 5090 3820 5144 Ἴκκον

551 5159 723 5228 ο.’6.’
1012 5159 1025 5163 ’
1266 5159 1282 5165 ’
1902 5159 1907 5160 ν

1902 5159 1907 5160 ί
2218 5159 2484 5231 nominat,
2513 5160 2680 5231 ἄνδρα
2723 5159 3080 5231 Ἐπιδαύριον.

617 5243 731 5312 (50)
772 5238 1138 5312 Κλεομήδης.
1173 5235 1294 5312 βοο
1312 5233 1812 5312 de__pugile_similia
1836 5232 2106 5312 Plutarch.

1952 5232 2106 5312 auch.
2442 5226 2844 5312 gpqrt'pnnﬂelq.
2886 5226 3032 5312 Lego
3065 5226 3477 5312 nptpmtpneeic;

547 5294 874 5390 mirantia.
920 5294 1139 5390 ise;
1172 5294 1559 5390 ιευεειειεδεῖιι
1587 5301 1818 5390 reet-92.,
1838 5320 1900 5390 ll:
1929 5302 2072 5390 489;

2292 5294 2396 5390 (55)
2445 5294 2564 5390 ξῨας
2596 5294 3090 5390 ἀχθηδόνοςξοιο.
3111 5294 3385 5359 Pansam,
3422 5294 3658 5364 εὔφρων
3688 5301 3817 5368 ἐγέ-

545 5383 680 5450 187;
709 5369 969 5452 Origenes
1006 5377 1072 5431 In
1101 5369 1306 5452 Celsum
1329 5374 1550 5452 _lil):_iit,
1586 5388 1638 5440 p.
1838 5369 2070 5452 Tlieodol

1284 5393 1306 5426 η
1329 5374 1550 5452 _lil):_iit,
1586 5388 1638 5440 p.
1838 5369 2107 5452 Theudor.
2215 5369 2338 5452 νετο
2356 5369 2809 5452 τῆςλύπης.

545 5432 640 5508 iii);
664 5432 770 5507 'vi'ii
787 5432 1138 5505 ’ὃῖίὲὲωεοη
1165 5443 1508 5514 affectionin
1537 5432 1658 5511 ’pig.
1694 5432 1830 5514 “5f;
1858 5443 2070 5514 _§yrillu

2295 5443 2397 5513 [54)
2434 5432 3064 5514 ιξὶς”ἱερὸν”κιϐώτιον.
3107 5436 3406 5492 Pausanias
3450 5435 3502 5488 in
3537 5432 3820 5492 Minerva:

547 5523 833 5577 Alexandr.
868 5519 931 5574 In
957 5511 1232 5572 lulianum
1260 5515 1589 5583 Apostatam,
1629 5529 1678 5581 p.
1712 5513 1816 5566 62'2
1857 5511 2070 5566 Herveti
2097 5529 2112 5576 ;
2215 5511 2416 5579 templo
2438 5512 2723 5583 factuinhid
2749 5527 2870 5583 esse
2897 5519 3098 5583 narrat.

546 5575 804 5647 att—Graeci
836 5591 1038 5646 codicis
1067 5575 1341 5641 manuscr.
1376 5593 1420 5638 t.
1445 5581 1515 5654 ll_,
1543 5575 1733 5654 libiit,
1764 5585 1854 5652 qui
1892 5591 2101 5651 postre-
2287 5575 2398 5654 (35)
2437 5581 2565 5636 Post
2607 5580 2911 5654 ἐξελκῦσαι,
2940 5578 3231 5654 manifesta
3257 5575 3501 5654 traiectio
3533 5585 3655 5654 est.
3709 5576 3822 5654 1:3:

546 5643 618 5714 ini
643 5643 861 5716 cultum
876 5643 1007 5714 “SS.
1045 5655 1371 5726 martyribus
1405 5670 1435 5707 a
1461 5643 1794 5726 Christianis.
1817 5643 2071 5726 tributum

2297 5643 2772 5726 ereponenqum:
2797 5653 2936 5719 Ἄρα
3002 5655 3151 5722 ἣρως
3180 5649 3281 5700 οὐκ
3314 5647 3427 5698 ἔστι
3466 5645 3719 5713 lli/1116;;
3748 5643 3822 5702 Ὦ

547 5715 678 5786 inita
707 5730 1010 5786 Cleomedis
1048 5715 1211 5783 etiam
1245 5724 1608 5790 contentione,
1641 5721 1954 5779 defendunt.

1390 5724 1608 5790 :ntione,
1641 5721 1954 5779 defendunt.
2084 5715 2089 5716 ⁷
2207 5715 2545 5793 Κλεόμηδες’
2579 5715 2663 5773 οἷα
2687 5721 2753 5774 τὰ
2785 5715 2915 5791 μηχ.
