3862 6220
98 359 194 415 591
252 346 267 355 “

1282 350 1604 415 ΡιιιεΡΑιι.
1647 357 1897 417 EVANG.
1938 358 2066 416 LIB.
2110 357 2177 420 Ἴ.

3255 360 3363 420 $98

95 474 695 556 tli'Eogocdﬁm-dtgr
716 470 854 556 ὄγος
880 473 1079 556 ᾄγφιος
1099 517 1131 556 ,Δ
1150 480 1222 530 οὑ
1260 476 1639 556 Κλεομήδης,

1789 478 2056 556 {lusimus
2083 480 2168 533 hic
2192 495 2386 556 onager
2417 496 2683 556 superum,
2710 494 2824 556 non
2837 480 2953 551 jam
2985 478 3313 548 Cleomedon,

98 550 202 600 Ὃν
226 549 480 613 θυσίαις
504 547 693 617 τιμᾶθ’
730 550 810 615 ὡς
838 551 949 603 οὐκ
980 549 1069 602 ἔτι
1096 547 1321 613 θνητὸν
1344 548 1541 602 ἐόντα.

95 660 185 733 Μὴ
214 661 328 735 γάρ
362 662 428 733 δὴ
472 652 779 735 θαυμάσῃς,
815 664 864 715 εἰ
898 664 989 717 καὶ
1026 663 1258 733 δναγρος
1311 664 1686 718 ἐπιδικάσεται

97 754 439 818 ἀθανασίας,
475 755 761 818 ἱκανῶςτά
807 754 924 809 θεῖα
971 755 1560 826 παρασκευασάμενος·
1592 757 1688 808 καὶ

98 846 345 909 ἀκούσας
371 846 446 917 μὴ
474 846 804 916 ἀνασχέσθαι
839 859 886 910 ει,
912 846 1026 901 ἀλλ’
1052 847 1347 917 ἀπειλῆσαι
1383 846 1412 887 ἓν
1452 848 1547 901 καὶ
1591 847 1688 901 αὺ-

98 940 190 991 τὸν
240 939 335 992 τὸν
388 939 677 1011 Κλεομήδη
712 939 957 1004 πατάξας
993 940 1074 1002 είς
1105 939 1165 992 τὸ
1200 938 1474 1013 βάραθρον
1519 940 1691 1011 ἐμϐα-

97 1030 235 1095 λεῖν,
273 1032 384 1088 καὶ
412 1033 515 1089 οὐκ
556 1025 877 1108 ἐπιτρέψειν
899 1031 1047 1106 αὑτῷ
1072 1037 1152 1098 εἰς
1178 1033 1269 1087 τὸν
1290 1032 1516 1105 οὐρανὸν
1560 1034 1688 1086 ἀνα-

101 1127 266 1195 ϐῆναι
290 1143 304 1155 ο
335 1123 477 1180 εἶναι
510 1125 618 1199 γάρ
648 1126 814 1181 αὐτοῦ
848 1126 1138 1198 ἀξιώτερος
1173 1125 1355 1181 αὐτῶν
1395 1126 1505 1181 τῶν
1528 1125 1689 1180 θείων

99 1217 316 1290 δώρων,
360 1219 455 1272 ἆτε
490 1220 628 1290 μήτε
656 1217 807 1289 αὐτῷ
831 1220 973 1289 μόνῳ
1013 1219 1234 1290 ἕτοιμος
1276 1217 1352 1270 ὢν
1398 1216 1687 1288 μάχεσθαι,

101 1314 205 1366 κᾶν
229 1315 283 1366 εἰ
314 1313 555 1384 σιδηροῖς
586 1311 767 1384 χρῷτο
788 1315 900 1375 τοῖς
929 1312 1137 1382 ἱμᾶσιν,
1169 1310 1306 1365 ἀλλά
1340 1311 1436 1364 καὶ
1472 1309 1551 1380 τῷ
1581 1310 1691 1363 Θα-

104 1407 205 1475 σίῳ
228 1405 417 1474 πύκτῃ
436 1403 543 1474 (56)
569 1405 685 1474 ἅμα
712 1404 1060 1476 ἀμφοτέροις,
1086 1405 1227 1475 ὑπὲρ
1247 1398 1306 1459 οὗ
1327 1404 1423 1458 τοῦ
1440 1405 1692 1477 ἀνδριάν-

102 1515 195 1561 τος
212 1497 566 1568 ἐχαλέπηναν
597 1498 648 1549 οἱ
678 1496 812 1561 θεοὶ,
840 1497 935 1550 καὶ
958 1498 1056 1568 τὴν
1093 1495 1310 1552 Θασίων
1345 1496 1451 1567 γῆν
1489 1498 1690 1569 ἄφορον

103 1591 456 1661 εἰργάσαντο.
488 1587 901 1661 Πιστεύομενδὲ
931 1590 1025 1642 καὶ
1057 1590 1187 1662 περὶ
1226 1588 1422 1642 τούτου
1452 1588 1553 1641 οὐκ
1599 1590 1693 1641 ἀν-

104 1680 347 1753 θρώπῳ,
385 1680 526 1734 ἀλλά
582 1681 690 1751 θεῷ
726 1681 805 1751 τῷ
838 1682 1009 1754 αὐτῷ.
1052 1682 1144 1747 Ἐξ
1171 1676 1246 1736 ὧν
1275 1682 1388 1752 ἐγὼ
1430 1684 1523 1736 καὶ
1552 1683 1692 1736 πάνυ

102 1774 437 1844 κατενόησα,
458 1774 540 1826 ὅτι
556 1772 697 1827 θεῖόν
718 1790 771 1827 τι
791 1774 897 1845 ἀρα
916 1769 984 1844 ἦν
1004 1774 1342 1847 ἐπιτήδευμα
1366 1777 1400 1847 ἡ
1431 1778 1689 1848 πυκτική·

1786 549 2037 605 Divinum
2064 567 2097 604 a
2122 552 2263 605 vobis
2293 549 2431 621 [erat
2458 549 2777 606 inmortali:
2804 549 3074 607 honorem.

1786 661 1973 733 Neque
1996 648 2130 718 vero
2161 663 2360 718 mirum
2383 663 2481 719 tibi
2508 664 2759 720 videatur
2782 708 2798 733 ,
2834 666 2981 737 quod
3024 668 3355 727 immortali-

1786 763 1953 811 tatem
2000 757 2106 812 sibi
2137 771 2343 829 onager
2373 772 2476 813 suo
2523 758 2682 828 quasi
2716 758 2840 829 jure
2878 760 3181 817 vindicaret
3205 804 3220 830 ,
3253 771 3364 820 tam

1788 849 1927 905 belle
1955 849 2119 905 rebus
2147 850 2452 920 opibusque
2484 849 2685 905 divinis
2714 850 3049 908 instructus:
3101 854 3361 924 quodque

1790 941 1880 996 ubi
1913 950 2095 996 vestro
2121 943 2188 996 de
2219 942 2448 997 consilio
2480 940 2685 1011 aliquid
2718 941 3041 1011 inaudisset,
3078 943 3371 1016 impatiens

1789 1034 2023 1103 injuria,
2060 1034 2306 1090 futurum
2334 1034 2658 1103 minaretur,
2689 1036 2769 1090 uti
2798 1035 3144 1092 Cleomedem
3189 1038 3367 1108 ipsum

1791 1126 1845 1181 in
1902 1127 2218 1197 voraginem
2289 1128 2536 1183 calcibus
2582 1136 2873 1185 contusum
2934 1128 3211 1199 dejiceret,
3269 1134 3417 1186 nec’

1790 1217 1943 1274 illum
1981 1234 2225 1289 unquam
2279 1220 2332 1273 in
2378 1220 2576 1275 caelum
2630 1221 3001 1277 conscendere
3045 1229 3366 1292 pateretur:

1790 1311 1895 1366 sibi
1926 1311 2071 1365 enim
2112 1311 2318 1381 justius
2348 1326 2513 1381 quam
2545 1311 2653 1383 ipsi
2683 1312 2867 1367 divina
2899 1312 2986 1367 illa
3018 1330 3247 1372 munera
3273 1317 3370 1372 de-

1792 1401 1907 1456 beri
1947 1402 2301 1456 contenderet
2329 1419 2343 1468 ;
2378 1401 2579 1472 quippe
2613 1402 2707 1471 qui
2738 1416 2845 1456 non
2889 1417 3013 1458 cum
3045 1418 3113 1459 eo
3145 1406 3322 1461 solum
3351 1444 3370 1470 ,

1791 1494 2008 1549 tametsi
2061 1492 2253 1549 ferreis
2295 1493 2551 1548 caestibus
2594 1502 2880 1562 uteretur,
2928 1509 3118 1550 verum
3151 1508 3205 1552 et
3244 1512 3369 1553 cum

1792 1585 1964 1639 altero
2006 1585 2171 1640 simul
2198 1585 2382 1657 pugile
2433 1584 2637 1640 Thasio
2685 1601 2927 1656 pugnare
2974 1596 3197 1656 posset:
3236 1589 3369 1655 illo,

1794 1676 2043 1747 inquam,
2067 1675 2292 1743 Thasio,
2322 1677 2480 1748 cujus
2504 1677 2576 1732 ob
2604 1685 2841 1732 statuam
2868 1680 3128 1734 commoti
3151 1681 3372 1751 gravius

1794 1772 1998 1840 superi,
2028 1772 2109 1826 uti
2142 1772 2300 1826 ﬁdem
2332 1787 2440 1826 non
2472 1771 2641 1826 homo
2670 1772 2860 1827 nescio
2892 1772 3017 1842 quis
3043 1813 3059 1836 ,
3091 1775 3185 1829 sed
3227 1774 3369 1830 idem

102 1867 235 1928 τοὺς
256 1865 318 1918 δὲ
345 1866 577 1930 πολλοὺς
604 1866 702 1919 καὶ⁹
720 1864 997 1936 οἰομένους
1025 1862 1164 1921 εἶναι
1196 1870 1394 1938 σοφοὺς
1425 1868 1683 1937 ἐλελήθει·

1791 1862 1909 1930 ipse
1951 1860 2097 1916 Deus
2136 1860 2286 1925 facit,
2323 1859 2651 1916 Thasiorum
2683 1861 2813 1917 olim
2845 1876 3036 1935 agrum
3086 1864 3372 1921 sterilitate

104 1956 197 2019 ἶν’,
228 1956 494 2028 ἀφέμενοι
527 1956 622 2009 τοῦ
644 1956 803 2010 καλοὶ
842 1957 1072 2026 κάγαθοὶ¹
1102 1953 1273 2023 εἶναι,
1308 1959 1513 2029 ῆσκουν
1552 1959 1692 2013 αὑτά

104 2046 202 2102 τοῦ
234 2048 443 2101 Θασίου
466 2047 673 2101 πύκτου
692 2065 707 2078 ³
740 2041 786 2115 ᾧ
813 2048 1112 2103 ἀθανασίαν
1145 2051 1266 2121 μὲν,
1289 2051 1480 2123 ὥσπερ
1524 2052 1691 2106 Κλεο-

111 2140 297 2212 μῆεει,
333 2142 435 2193 οὐκ
481 2140 709 2207 ἔδωκαν,
768 2142 1033 2210 ἐφίλησαν
1072 2142 1131 2196 δὲ
1181 2144 1434 2214 μεγάλως
1468 2145 1516 2196 οί
1556 2144 1684 2199 θεοί.

108 2233 270 2286 Οὕτω
290 2234 386 2285 καὶ
417 2234 445 2284 ὁ
468 2232 697 2304 χάλκεος
715 2232 877 2286 αὑτοῦ
907 2233 1130 2305 ἀνδριὰς
1156 2232 1323 2299 ἔδειξέ
1344 2252 1395 2287 τι
1426 2235 1567 2307 ὑπὲρ
1590 2234 1690 2299 τὰς

104 2324 216 2376 τῶν
244 2324 423 2379 ἄλλων
454 2324 755 2396 ἀνθρώπων
775 2327 1007 2392 είκόνας,
1032 2327 1471 2397 ἐπικατενεχθεὶς
1488 2326 1566 2397 τῷ
1591 2344 1691 2397 μα-

109 2416 384 2488 στιγοῦν-ιι
411 2418 611 2490 ἐχθρῷ,
639 2419 785 2473 κατά
809 2436 949 2482 τινα,
979 2419 1054 2482 ὡς
1086 2418 1251 2483 ἔοικε,
1281 2417 1561 2489 δαιμονίαν
1597 2417 1692 2489 μέ-

108 2523 333 2581 ριμναν.
378 2510 519 2563 Ἀλλ’
550 2512 600 2563 οἱ
630 2512 863 2582 ἄφρονες
885 2510 1096 2577 Θάσιοι,
1125 2511 1220 2564 καὶ
1266 2509 1427 2563 θείων
1474 2508 1690 2580 ἀπειροι

107 2602 455 2673 πραγμάτων
476 2641 492 2666 ,
536 2602 924 2673 ἦγανάκτησάν
958 2619 1039 2667 τε,
1067 2604 1165 2655 καὶ
1191 2600 1323 2671 ἄγος
1349 2599 1690 2655 ἐπεκάλεσαν

102 2693 181 2764 τῷ
210 2695 515 2766 ἀνδριάντι,
547 2696 643 2747 καὶ
664 2693 820 2764 δίκην
840 2692 1248 2765 εἰσεπράξαντο,
1266 2693 1362 2746 καὶ⁵
1392 2693 1691 2747 καταδῦσαι

103 2785 418 2856 ἐτόλμησαν
445 2788 524 2848 είς
555 2785 653 2857 τὴν
681 2785 972 2842 θάλασσαν.
1004 2787 1078 2838 Οὐ
1117 2783 1221 2856 μὴν
1251 2783 1505 2853 διέφυγόν
1542 2801 1605 2853 γε
1639 2785 1690 2838 οι

101 2876 321 2939 Θάσιοι,
356 2876 473 2930 ἀλλ’
495 2878 545 2929 οἱ
568 2875 679 2929 θεοὶ
699 2875 940 2940 ἐδίδαξαν
977 2876 1162 2947 ἡλίκον
1192 2875 1359 2929 κακὸν
1392 2876 1485 2928 ὑπ’
1512 2874 1691 2930 αὐτῶν

101 2968 383 3041 ἐτολμήθη
406 3010 420 3033 ,
454 2968 609 3039 λιμὸν
644 2967 1051 3039 ἐπιπέμψαντες
1090 2967 1183 3021 τὸν
1212 2965 1311 3038 τῆς
1350 2968 1497 3031 θείας
1536 2967 1693 3038 δίκης

98 3061 393 3116 διάκονον-
426 3061 486 3123 ὂς
517 3060 719 3126 ἐδίδαξε
752 3059 905 3130 μόλις
939 3061 1134 3123 αὐτοὺς
1156 3058 1226 3112 τά
1261 3059 1370 3113 τῶν
1397 3059 1535 3113 θεῶν
1566 3057 1692 3128 βου-

100 3153 357 3224 λεύματα
377 3193 394 3218 ,
426 3155 537 3217 ὅτε,
566 3151 1075 3223 φιλανθρωπότατος
1107 3150 1244 3204 θεῶν
1278 3151 1341 3204 σὺ
1382 3151 1461 3222 τῷ
1506 3148 1690 3220 οἰκείῳ

100 3245 313 3317 τρόπῳ,
346 3243 448 3313 τὴν
479 3242 729 3313 βοήθειαν
756 3242 935 3305 αὐτοῖς
974 3240 1244 3312 ἔπεμψας,
1270 3242 1443 3309 λέγων
1461 3257 1476 3271 ⁸

1790 1952 2141 2006 damnarunt.
2188 1950 2267 2005 Ex
2299 1952 2498 2021 quibus
2543 1966 2691 2006 nunc
2728 1952 2947 2009 demum
2981 1953 3256 2024 intelligo,
3286 1953 3371 2010 di-

1792 2046 1979 2100 vinum
2011 2046 2171 2115 plane
2203 2044 2409 2115 aliquid
2435 2059 2557 2100 esse
2585 2044 2924 2115 pugilatum:
2946 2044 2999 2101 id
3019 2046 3164 2116 quod
3186 2047 3371 2103 videre

1791 2152 2071 2206 nunquam
2090 2179 2106 2203 ,
2136 2137 2222 2191 vel
2252 2151 2442 2191 eorum
2461 2178 2476 2203 ,
2512 2137 2604 2206 qui
2632 2151 2691 2191 se
2739 2135 3012 2206 sapientes
3038 2136 3201 2207 vulgo
3232 2152 3371 2207 pra:-

1790 2228 2067 2294 dicabant,
2102 2227 2347 2298 plerique
2379 2236 2623 2297 potuere.
2654 2226 2845 2294 Secus,
2881 2228 3104 2285 omissis
3132 2229 3209 2285 illi
3241 2245 3373 2302 pro-

1793 2318 1935 2373 lecto
1987 2318 2200 2374 honesti
2246 2318 2490 2387 rectique
2538 2318 2777 2385 studiis,
2826 2318 2895 2373 ad
2944 2317 3131 2375 Thasii
3172 2322 3373 2393 pugilis

1792 2409 2537 2477 imitationemadhzesissent.
2565 2407 2700 2463 Nam
2719 2417 2779 2464 ut
2802 2424 2926 2464 eum
2956 2412 3164 2481 superi,
3181 2428 3373 2485 quem-

1792 2502 2086 2557 admodum
2116 2501 2483 2567 Cleomedem,
2518 2501 2929 2558 immortalitate
2955 2517 3063 2557 non
3092 2504 3369 2570 donarint,

1793 2597 2065 2669 praecipuo
2088 2604 2268 2651 tamen
2299 2609 2488 2649 amore
2518 2595 2793 2665 prosecuti
2828 2604 2977 2650 sunt.
3024 2595 3205 2668 Usque
3234 2598 3371 2654 adeo

1793 2688 2072 2760 singulare
2124 2685 2383 2757 quiddam
2414 2727 2430 2751 ,
2487 2700 2652 2752 supra
2712 2692 3033 2740 cmterorum
3085 2686 3367 2742 hominum

1793 2778 2081 2849 imagines,
2109 2790 2320 2831 aeneum
2361 2774 2481 2842 ejus
2512 2773 2869 2829 simulacrum
2919 2773 3194 2835 ostendit,
3243 2788 3369 2827 cum

1794 2872 1848 2926 in
1875 2878 2039 2940 caput
2078 2867 2324 2932 inimici,
2373 2880 2404 2920 a
2441 2881 2550 2936 quo
2585 2874 2698 2919 tum
2748 2863 2963 2934 ﬂagello
3010 2864 3369 2933 pulsabatur,

1792 2966 2017 3030 repente
2063 2957 2299 3020 cecidit,
2345 2970 2455 3012 non
2505 2955 2625 3010 sine
2651 2954 2836 3010 divino
2863 2993 2880 3018 ,
2925 2954 3004 3010 uti
3044 2955 3219 3009 visum
3262 2966 3367 3014 est.

1794 3052 2047 3109 consilio.
2083 3050 2152 3103 At
2186 3049 2468 3103 enimvero
2494 3046 2754 3103 vecordes
2782 3045 2994 3113 Thasii,
3030 3056 3087 3102 et
3115 3046 3170 3101 in
3206 3045 3369 3100 rebus

1794 3144 1995 3199 divinis
2022 3141 2315 3211 peregrini,
2348 3155 2535 3196 casum
2582 3139 2773 3210 iniquo
2826 3137 2969 3193 ferre
2999 3137 3184 3193 animo
3210 3176 3224 3202 ,
3253 3137 3370 3207 pia-

1719 3233 1762 3291 C
1792 3237 1901 3292 culi
1945 3229 2301 3290 simulacrum
2342 3245 2621 3286 arcessere
2647 3270 2662 3294 ,
2713 3244 2903 3300 poenas
2947 3236 3190 3298 repetere
3214 3266 3229 3291 ,
3266 3242 3370 3297 po-

102 3349 312 3394 stremo
341 3337 400 3391 in
429 3352 581 3390 mare
608 3336 890 3407 projicere.
942 3333 1188 3399 Frustra,
1223 3335 1362 3389 nihil
1399 3334 1543 3388 enim
1613 3340 1878 3404 egerunt:
1913 3329 2045 3392 imo,
2069 3343 2233 3399 quam
2282 3341 2403 3381 sese
2458 3324 2609 3396 gravi
2675 3324 2880 3380 scelere
2907 3322 3369 3387 obstrinxissent,

104 3422 246 3483 fame
308 3427 663 3498 postmodum
697 3426 923 3497 justitize
949 3426 1146 3481 divina:
1178 3426 1524 3492 administra,
1561 3439 1751 3479 eorum
1788 3422 1842 3475 in
1882 3421 2159 3491 regionem
2209 3417 2480 3483 immissa,
2510 3416 2694 3487 superi
2741 3416 2998 3472 docuere.
3040 3414 3366 3485 Quanquam

106 3526 189 3579 vix
236 3525 321 3580 illi
365 3525 532 3579 etiam
571 3532 687 3577 tum
731 3521 969 3578 divinam
1040 3537 1335 3592 agnoscere
1378 3522 1711 3576 voluntatem
1782 3525 2098 3589 potuerunt.
2159 3516 2348 3585 Itaque
2402 3523 2461 3566 tu
2512 3513 2602 3568 ilie
2649 3513 2876 3568 deorum
2933 3512 3366 3597 humanissimus

104 3634 265 3690 opem
288 3633 449 3673 more
477 3624 570 3671 tuo
593 3614 1003 3671 consulentibus
1026 3614 1223 3681 tulisti,
1257 3614 1361 3669 hoc
1380 3613 1686 3670 versiculo:

99 3742 199 3807 Εις
217 3739 465 3808 πάτρην
486 3737 757 3809 φυγάδας
784 3737 1052 3809 κατάγων
1071 3737 1384 3807 Δήμητραν
1406 3735 1679 3807 ἀμήσεις.

109 3891 252 3945 Ἀλλ’
273 3891 638 3961 οί.ἀ6ἐλτεροι
669 3889 830 3945 πάλιν
873 3892 996 3955 τοὺς
1023 3891 1324 3961 φεύγοντας
1366 3888 1686 3964 ἀνθρώπους

100 3983 291 4056 ᾤοντο,
323 3984 409 4036 ὅτι
436 3981 518 4035 δεῖ
543 3982 738 4045 αὐτοὺς
759 3983 1111 4037 κατακαλεῖν·
1136 3983 1324 4047 κακῶς
1360 3983 1582 4047 εἰδότες.
1620 3980 1685 4033 Τί

111 4075 215 4146 γὰρ
249 4074 318 4146 δὴ
343 4075 442 4128 καὶ
469 4074 619 4145 μέλει
647 4077 758 4138 τοῖς
798 4073 1369 4147 ἀφιλανθρωποτάτοις
1412 4073 1554 4137 θεοῖς
1592 4074 1686 4126 άν-

103 4166 347 4240 θρώπων
366 4166 677 4220 κατακαλου
685 4166 882 4238 μένων,
900 4167 1132 4240 ὅσονπερ
1153 4167 1483 4239 ἀνδριάντων
1502 4183 1516 4231 ;
1534 4166 1593 4218 Ἀ
1600 4165 1687 4236 μὲ-

104 4276 182 4313 ts:
212 4259 374 4314 οὐδὲν
402 4260 499 4313 ἐπὶ
518 4258 694 4330 τούτῳ
722 4259 971 4332 ὠφελήθη
1008 4262 1042 4332 ἡ
1072 4261 1166 4331 γῆ,
1200 4259 1341 4313 ὥστε
1372 4256 1683 4312 παύσασθαι

107 4352 367 4407 coco-56w
406 4354 459 4405 εί
489 4351 566 4422 μὴ
590 4352 700 4406 τῶν
728 4350 905 4420 σοφῶν
942 4352 1036 4405 καὶ
1065 4350 1443 4421 ἐπισταμένων
1477 4367 1561 4413 τις
1593 4348 1685 4401 τὸν

96 4446 244 4496 θεῖον
266 4440 401 4496 νοῦν
445 4442 649 4511 συνῆκε
676 4482 691 4507 ,
721 4441 936 4511 φυγάδα
960 4436 1099 4495 εἶναι
1125 4441 1217 4495 τὸν
1258 4456 1684 4494 καταπεσιιοντω⁴

1792 3728 1951 3801 232
1984 3724 2159 3781 Redde
2189 3724 2341 3779 modo
2392 3720 2657 3776 exsulibus
2706 3721 2971 3790 patriam,
3015 3718 3366 3862 ng-39:13pm

1791 3890 1892 3947 Hic
1920 3904 2113 3961 nempe
2151 3902 2259 3942 non
2298 3885 2481 3940 minus
2519 3881 2735 3948 stolidi,
2770 3881 3105 3937 revocandos
3146 3883 3364 3938 exsules

1793 3999 1901 4038 non
1956 3982 2094 4037 alios
2139 3993 2262 4034 esse
2293 3990 2459 4048 quam
2506 3974 2759 4029 homines
2806 3972 3092 4042 putabant.
3147 3973 3362 4028 lnsulse

1790 4084 1958 4125 vero:
1993 4067 2122 4138 quid
2154 4065 2298 4122 enim
2333 4064 2439 4119 diis
2490 4062 2911 4118 immanissimis‘
2949 4070 3166 4116 tantum
3215 4077 3362 4118 curae

1790 4164 1900 4217 sint
1927 4161 2178 4217 homines
2207 4159 2276 4213 ab
2297 4156 2490 4213 exsilio
2515 4155 2829 4221 revocandi,
2871 4162 3135 4225 quantum
3168 4154 3361 4225 imagi-

1790 4268 1889 4308 nes
1940 4248 2331 4306 restituendae?
2360 4246 2503 4317 Ergo
2550 4246 2721 4300 nihilo
2752 4253 2941 4315 postea
2986 4245 3211 4299 meliore
3244 4246 3361 4301 solo

1791 4344 1892 4406 uti,
1926 4341 2065 4396 nihil
2098 4354 2328 4411 usquam
2362 4338 2415 4392 vi
2451 4337 2625 4392 morbi
2660 4337 3012 4392 remittente:
3053 4335 3228 4390 donec
3266 4351 3357 4390 sos

1786 4433 1974 4488 lertior
2013 4431 2308 4501 quispiam,
2342 4429 2556 4484 acutius
2587 4430 2654 4483 de
2687 4443 2941 4497 superum
2972 4438 3151 4484 mente
3178 4429 3355 4498 conji-

110 4536 265 4589 λένον
286 4533 608 4605 ἀνδριάντα.
642 4535 754 4588 Καὶ
776 4529 844 4605 ἦν
869 4533 1059 4597 οὕτως.
1083 4535 1234 4603 Ἅμα
1259 4531 1368 4604 γὰρ
1390 4528 1679 4599 ἀνεστάθη,

1789 4527 1938 4579 ciens
1969 4565 1985 4591 ,
2033 4522 2242 4578 exsulis
2301 4520 2524 4576 nomine
2566 4520 2871 4575 demersam
2918 4519 3067 4574 illam
3121 4528 3356 4575 statuam

112 4627 195 4678 ui.
223 4625 393 4689 εὐθὺς
424 4626 460 4697 ἠ
496 4625 595 4694 μὲν
620 4626 691 4696 γῆ
718 4624 1027 4688 ἀνέθαλλεν,
1061 4624 1111 4677 οἱ
1137 4623 1197 4677 δὲ
1225 4622 1459 4693 ἐκώμων
1496 4620 1682 4691 Δήμη-

110 4736 187 4788 τρι
204 4717 417 4773 λοιπόν.
452 4717 580 4781 Πῶς
604 4712 698 4770 οὖν
728 4719 787 4771 οὐ
820 4718 1091 4789 τεκμήρια
1117 4714 1292 4770 ταῦτά
1318 4717 1453 4768 εἰσιν
1477 4710 1680 4783 ἐναργῆ

110 4809 195 4877 τῆς
225 4805 570 4877 θεοπρεποῦς
599 4806 913 4877 ἀθλητικῆς,
942 4809 1023 4860 ὅτι
1048 4807 1165 4860 ἐστὶ
1190 4804 1541 4874 θεοτίμητος;
1570 4801 1681 4855 Καὶ

100 4898 205 4969 γὰρ
237 4898 335 4950 καὶ
370 4897 468 4950 ἐπὶ
498 4895 793 4950 πεντάθλου
827 4896 1097 4967 ἀνδριάντι
1139 4894 1452 4966 ὑΰρισμένῳ
1493 4892 1683 4962 ἐμήνι-

96 5009 193 5045 σαν
224 4992 278 5044 οἱ
305 4989 444 5055 θεοὶ,
481 4989 576 5043 καὶ
603 4989 801 5060 Λοκροὶ
826 4988 1118 5060 ἐπείνησαν
1145 4987 1232 5041 διὰ
1262 4986 1450 5047 τοῦτο,
1488 4982 1678 5053 ὥσπερ

86 5084 303 5146 Θάσιοι,
335 5083 448 5144 hoc
478 5082 678 5144 αὐτοὺς
704 5081 892 5135 ἰάσατο
916 5080 1091 5148 λόγιον
1117 5080 1209 5133 σὸν
1239 5078 1361 5149 ἕχον
1397 5076 1569 5139 οὕτως
1590 5092 1603 5106 ·

1787 4616 2008 4687 intelligi
2034 4615 2381 4670 declarasset.
2422 4612 2489 4667 Et
2526 4626 2683 4673 vere.
2705 4608 2842 4664 Nam
2872 4610 3224 4680 simulatque
3255 4625 3360 4666 suo

1785 4710 2017 4780 reposita
2049 4708 2169 4762 loco
2200 4704 2322 4769 fuit,
2353 4704 2658 4775 germinare
2689 4713 2833 4757 terra
2864 4704 3124 4758 continuo
3146 4744 3161 4768 ,
3212 4701 3359 4757 Tha-

1786 4805 1961 4873 siique
1987 4788 2240 4868 deinceps
2264 4811 2517 4864 agrorum
2549 4796 2796 4851 ubertate
2842 4796 3069 4866 gliscere
3099 4809 3163 4850 ac
3189 4794 3354 4849 luxu-

1785 4891 1929 4943 riare
1954 4893 2259 4956 coeperunt.
2302 4883 2436 4950 Quis
2460 4884 2577 4939 haec
2616 4899 2782 4954 porro
2828 4899 2938 4938 non
2974 4898 3073 4954 pro
3113 4884 3356 4940 certissi-

1784 4978 1889 5032 mis
1915 4975 2249 5047 argumentis
2286 4975 2502 5039 habeat,
2531 4990 2693 5045 quam
2722 4974 2845 5045 jure
2868 4990 2933 5029 ac
2958 4974 3153 5030 merito
3182 4972 3352 5028 divini

1785 5071 2020 5125 honores
2042 5067 2237 5122 divina
2266 5068 2591 5122 athletarum
2623 5067 2675 5121 vi
2714 5075 2768 5121 et
2811 5064 3090 5121 industriae
3116 5064 3353 5120 debean-

92 5179 227 5233 tur?
260 5177 404 5232 Nam
459 5185 516 5231 et
563 5186 786 5245 propter
835 5176 1058 5231 alterius
1097 5173 1537 5246 quinquertionis
1587 5179 1823 5224 statuam
1881 5165 2016 5219 alias
2072 5163 2326 5218 violatam
2383 5178 2640 5217 exarsere
2676 5162 2773 5227 dii,
2800 5176 2902 5216 nec
2947 5160 3156 5215 minore
3189 5158 3349 5216 Locri

86 5284 388 5344 propterea
421 5287 589 5342 quam
632 5270 819 5326 Thasii
850 5270 993 5325 fame
1035 5271 1373 5336 laborarunt,
1411 5270 1581 5324 donec
1616 5277 1671 5319 tu
1708 5275 1927 5335 quoque
1955 5259 2060 5314 hoc
2085 5272 2350 5328 responso
2381 5257 2741 5313 calamitatem
2768 5257 2977 5311 levares
3012 5273 3027 5310 :

87 5400 99 5417 '
120 5395 200 5447 Er
221 5389 373 5461 τιμῇ
400 5388 515 5443 τὸν
530 5387 745 5458 ἄτιμον
768 5389 946 5456 ἔχων,
966 5388 1099 5441 τότε
1117 5385 1293 5456 γαῖαν
1324 5382 1596 5453 ἁρώσεις.

96 5504 165 5604 0w“:
186 5503 303 5574 γὰρ
342 5500 547 5571 Λοκροὶ
574 5499 806 5571 ᾔσθοντο
846 5498 1080 5562 διανοίας
1116 5497 1269 5560 θείας
1310 5498 1574 5567 πρότερον
1597 5536 1612 5561 ,
1637 5493 1672 5564 ἢ

165 5668 191 5694 ι
219 5658 307 5708 τσ.
344 5652 620 5718 ἀνέξεται.
701 5653 731 5693 b
757 5651 844 5705 ἷσ.
873 5650 1180 5723 ἀπειλήσει.

170 5785 281 5858 (36)
324 5785 524 5852 Θασίῳ
552 5786 777 5853 πύκτῃ.
814 5782 1128 5855 Tbeagenes
1150 5783 1196 5840 is
1220 5781 1344 5838 fuit.

1777 5373 1955 5429 Redde
1985 5374 2141 5427 decus
2173 5371 2299 5426 (ceso
2323 5388 2343 5437 ;
2372 5388 2512 5443 seges
2539 5371 2718 5441 ampla
2748 5378 2990 5439 sequetur
3021 5376 3283 5422 aratrum.

1778 5483 1891 5542 Nec
1925 5486 2070 5541 enim
2102 5484 2347 5542 divinum
2377 5482 2445 5539 iis
2476 5482 2765 5538 consilium
2795 5479 3043 5537 subolere
3076 5490 3201 5535 ante
3248 5493 3350 5552 po-
