3862 6220
109 319 210 376 ιοι
1288 329 1611 386 PMPAR.
1647 331 1689 386 Ε

1797 331 1906 391 NG.
1944 332 2072 387 LIB.
2116 333 2177 387 Υ.
3268 331 3375 387 403

106 440 245 509 ήμίν
278 438 349 492 τὰ
374 440 505 511 περὶ
521 439 618 494 τοῦ
645 441 876 497 θανάτου
911 444 1118 511 ἔδειξας
1147 448 1242 503 καὶ
1269 448 1371 520 τῆς
1401 449 1548 520 ζωῆς
1567 492 1582 516 ,
1617 452 1691 504 ὅτι

1806 453 2000 509 mortis
2053 454 2448 517 decreverunt,
2501 452 2646 521 quod
2690 451 2867 508 lenius
2919 451 3269 508 Charitonem
3322 464 3377 507 et

106 526 407 581 κάλλιστόν
447 528 502 581 τί
547 530 697 584 ἐστιν
739 533 775 603 ἡ
820 534 1129 605 ζωή.ιἘπὶ
1162 535 1372 603 τούτοις
1401 539 1573 595 ἅπασι
1605 542 1691 596 καὶ

1809 540 2174 612 Melanippum
2204 541 2473 598 habuerit.
2518 542 2587 596 At
2629 549 2687 598 tu
2719 542 2845 598 vitae
2875 542 3176 613 mortisque
3208 544 3378 598 ratio-

103 617 224 672 τόδε
252 620 622 689 προσκείσθω.

1802 650 1923 698 nes,
1956 635 2045 689 vix
2076 635 2226 699 licet,
2259 634 2517 703 praeclare
2546 644 2724 688 tamen
2753 634 3092 703 expressisti,
3120 634 3250 689 dum
3273 634 3377 689 hoc

1795 721 1945 777 facte
1990 724 2154 778 vitam
2198 724 2462 779 eximium
2514 724 2773 794 quiddam
2803 739 2925 780 esse
2944 723 3361 797 comprobastia

1787 816 2001 884 Quibus
2026 820 2280 874 omnibus
2308 819 2413 874 hoc
2439 828 2776 889 postremum
2804 816 3185 889 adjungamus.

614 903 1012 959 ΚΕΦΑΛΑῙΟΝ
1064 908 1203 973 ΔΕΓ.

110 1012 235 1066 ὀτι
279 1014 382 1067 καὶ
422 1012 537 1082 τὴν
560 1013 807 1084 ἄψυχον
836 1014 996 1084 ὕλην
1025 1015 1229 1072 σέϐειν
1265 1018 1691 1088 προσέταττον.

114 1144 137 1178 ι
180 1126 374 1181 Ἀλλὰ
401 1127 500 1181 καὶ
548 1128 876 1197 Μηθύμνης
905 1128 1017 1200 (42)
1046 1129 1286 1198 ναέταις
1313 1131 1471 1186 πολὺ
1512 1132 1696 1189 λώϊον

104 1267 442 1335 θαι-ληνὸν·
468 1265 679 1336 τιμῶσι
699 1270 1010 1323 Διονύσοιο
1038 1268 1327 1339 κάρηνον.
1379 1200 1589 1274 [ἔσται
1607 1244 1622 1268 ’

105 1383 308 1439 Θύουσι
336 1383 453 1454 γὰρ
484 1384 542 1436 al
572 1382 759 1447 πόλεις
788 1385 882 1437 καὶ
914 1383 1134 1448 τελετὰς
1170 1384 1416 1454 ἄγουσιν,
1449 1387 1511 1441 οὐ
1538 1388 1698 1460 μόνον

105 1476 399 1548 φαλληνοίς
422 1475 697 1529 Διονύσοιο
728 1477 1005 1549 καρήνοις,
1038 1476 1175 1532 ἀλλὰ
1202 1479 1296 1532 καὶ
1331 1478 1573 1545 λιθίνοις,
1603 1481 1698 1535 καὶ

102 1570 395 1643 χαλκέοις,
450 1573 545 1625 καὶ
595 1571 868 1643 χρυσέοις.
909 1571 1020 1641 (45)
1052 1571 1128 1624 Οὐ
1177 1572 1338 1643 μόνον
1384 1573 1695 1645 φαλληνοῖς,

101 1662 243 1716 ἀλλὰ
269 1663 583 1725 καὶξαΰτοῖς
609 1664 722 1725 τοῖς
758 1661 1076 1725 Διονυσίοις,
1102 1663 1198 1715 καὶ
1226 1661 1407 1726 ἄλλοις
1437 1664 1696 1735 παμπόλ-

2335 912 2565 969 CAPUT
2603 911 2845 969 XXXVI.

1833 1025 1969 1080 Illos
1993 1025 2155 1079 etiam
2173 1024 2423 1093 jussisse,
2453 1031 2510 1077 ut
2538 1024 2763 1077 materia
2794 1023 3035 1077 inanima
3063 1021 3345 1078 coleretur.

1806 1156 1826 1192 ι
1864 1138 1962 1193 lies
1987 1139 2083 1191 tibi
2118 1136 2436 1207 Methymna:
2463 1136 2670 1208 felicius
2702 1134 2876 1189 incola
2903 1135 3067 1203 cedet,

1803 1278 1862 1334 Si
1887 1278 2087 1332 Bacchi
2112 1286 2269 1349 caput
2293 1293 2358 1332 ea:
2392 1279 2543 1332 tereti
2572 1276 2879 1332 venerabere
2907 1274 3072 1346 ligno.

1797 1391 2008 1446 Passim
2057 1393 2257 1462 quippe
2301 1391 2548 1446 civitates
2577 1431 2591 1454 ,
2638 1405 2749 1444 non
2798 1390 2981 1459 lignea
3025 1386 3227 1452 modo,
3282 1385 3375 1439 sed

1798 1485 1963 1538 etiam
1994 1483 2227 1554 lapidea,
2258 1497 2421 1548 aerea,
2446 1497 2613 1536 aurea
2646 1480 2841 1535 Bacchi
2866 1479 3067 1549 capita,
3095 1475 3378 1535 sacrificiis

1799 1589 1864 1629 ac
1898 1574 2055 1630 statis
2086 1573 2442 1644 religionibus
2474 1581 2845 1626 venerantur:
2881 1571 2992 1625 imo
3029 1584 3138 1623 non
3177 1567 3376 1623 Bacchi

1802 1672 2012 1719 tantum
2045 1664 2224 1733 capita
2244 1704 2259 1728 ,
2290 1663 2385 1718 sed
2416 1662 2554 1718 alios
2584 1662 2748 1717 etiam
2777 1663 3067 1732 plerosque
3089 1660 3253 1726 deos,
3282 1659 3378 1728 qui

99 1757 215 1819 λοις
256 1754 581 1817 Ἡσιοδείοις
627 1752 791 1817 θεοῖς.
850 1753 894 1805 Τ
900 1753 983 1824 ρὶς
1010 1751 1120 1824 γὰρ
1164 1752 1240 1816 ὡς
1269 1753 1487 1825 ἀληθῶς
1519 1754 1691 1826 μύριοι

1803 1757 2021 1815 Hesiodi
2095 1758 2296 1814 fabulis
2360 1757 2724 1813 celebrantur.
2789 1754 3081 1810 Enimvero
3153 1752 3376 1825 triginta

102 1853 240 1904 εἰσιν
273 1850 371 1902 ἐπὶ
400 1847 554 1918 χθονὶ
583 1845 1001 1919 πουλυϐοτείρῃ,
1026 1845 1126 1897 οὐκ
1155 1843 1434 1910 ἀθάνατοι,
1466 1845 1605 1900 ἀλλὰ
1627 1846 1699 1899 λί-

101 1940 241 1996 θινοι
271 1941 369 1994 καὶ
397 1938 598 2005 ξύλινοι
623 1938 881 1991 δεσπόται
911 1934 1246 2008 ἀνθρώπων
1283 1936 1356 2002 οἳ,
1401 1938 1451 1989 εί
1483 1935 1696 2009 ἀνθρὼ-

102 2050 222 2087 πων
246 2032 410 2102 ὕϐριν
437 2048 497 2084 τε
522 2029 615 2084 καὶ
642 2029 901 2100 εὐνομίην
931 2027 1209 2099 ἐφεώρων,
1247 2029 1350 2082 οὐκ
1395 2028 1463 2082 ἂν
1507 2027 1700 2081 τοσοῦ-

100 2139 193 2186 τος
216 2122 365 2194 ἡρθη
404 2121 593 2191 λῆρος,
632 2118 774 2172 ὥστε
798 2119 891 2172 καὶ
912 2117 1010 2189 ήδη
1038 2118 1132 2172 καὶ
1182 2119 1374 2189 μέχρις
1416 2117 1570 2189 ὑμῶν
1602 2134 1698 2171 κε-

99 2211 422 2284 χωρηκέναι
450 2212 513 2264 τὸ
537 2211 727 2274 κακον,
747 2208 1032 2263 ἐπιδιαὸὰν
1058 2212 1151 2264 καὶ
1179 2212 1259 2273 είς
1282 2209 1374 2263 τὸν
1394 2209 1696 2280 Ὄλυμπον,

100 2305 386 2375 δθι,φασὶ,
412 2303 565 2359 θεῶν
586 2303 726 2371 ἕδος
744 2303 1019 2373 ἀσφαλὲς
1052 2303 1184 2357 αἰεί.
1222 2302 1416 2356 Καίτοι
1445 2303 1492 2356 εί
1522 2305 1699 2373 ἀσφα-

99 2397 190 2460 λὲς
202 2391 300 2468 ἦν,
328 2396 430 2449 οὐκ
452 2390 522 2466 ἧν
553 2394 814 2448 ἐπιϐατὸν
840 2393 1008 2467 λήρῳ,
1042 2393 1152 2447 οὐδ’
1176 2393 1242 2447 ἂν
1273 2387 1355 2459 είς
1385 2411 1471 2459 τις
1508 2394 1699 2466 Ὀλυμν

100 2491 239 2542 πίων
268 2490 356 2553 είς
384 2486 546 2542 τοῦτο
570 2482 705 2558 ἦλθε
734 2486 1054 2560 παρανοίας,
1094 2485 1224 2539 ὥστ’
1248 2486 1458 2540 ἐλάϊνον
1490 2488 1698 2559 κορμὸν

101 2580 305 2635 θεῶσαι
327 2596 342 2610 ·
378 2578 442 2633 δν
478 2580 529 2632 οἱ
557 2577 905 2650 Μηθυμναῖοι
930 2577 1177 2649 σαγήνης
1210 2576 1560 2648 ἐμπλακέντα
1583 2578 1698 2640 τοῖς

96 2672 263 2737 λίνοις
320 2669 677 2734 ἀνείλκυσαν,
724 2669 820 2724 καὶ
846 2670 946 2736 δὶς,
988 2671 1037 2724 εί
1061 2670 1263 2741 βούλει,
1290 2669 1385 2724 καὶ
1417 2670 1557 2741 τρὶς,
1599 2669 1696 2722 καὶ

98 2764 396 2827 πλεονάκις
439 2764 498 2816 ἐν
534 2762 614 2833 τῷ
641 2759 791 2832 αὺτῷ
820 2761 1209 2832 σαγηνεύοντες
1251 2760 1531 2833 ἄνθρωποι
1551 2800 1568 2825 ,
1602 2760 1698 2815 καὶ

96 2856 156 2920 ἐξ
180 2855 406 2908 ἐκείνου
440 2856 522 2918 είς
551 2853 615 2906 τὸ
642 2852 879 2906 Λιϐυκὸν
905 2851 1296 2917 ἐξοκείλαντες,
1336 2852 1443 2906 οὐδ’
1491 2854 1573 2915 είς
1597 2851 1698 2922 τήν

94 2941 197 3012 γῆν
228 2941 346 3008 ἐξω
359 2940 684 3004 ἐκϐαλόντες
714 2939 877 2994 αὐτόν
896 2956 910 2970 ·
945 2940 1070 2993 ἐπεὶ
1091 2941 1193 2994 οὐκ
1220 2940 1314 3000 ἂν.
1337 2940 1413 3011 μὰ
1454 2939 1548 2994 τὸν
1574 2940 1697 2995 Διό-

96 3050 275 3099 νυσον,
310 3031 394 3085 ἔτι
418 3033 604 3097 αὐτοῖς
625 3031 897 3103 ἐνεπλάκη
926 3035 1037 3095 τοῖς
1055 3031 1243 3097 λίνοις.
1274 3033 1415 3086 Ἀλλ’
1441 3034 1501 3101 ἐξ
1524 3032 1694 3109 ἄκρου

98 3124 463 3196 κεφαλοιειδὴς
513 3125 543 3177 ὁ
574 3124 781 3196 κορμὺς
822 3122 1111 3194 (Ἄπολλον
1135 3163 1150 3188 ,
1180 3123 1330 3189 ξένου
1365 3124 1479 3196 (44)
1523 3141 1692 3178 κατα-

98 3217 556 3290 σκευάσματοςί)
577 3217 631 3270 τί
661 3218 778 3270 ποτ’
804 3212 896 3272 οὖν
922 3216 1189 3288 ἔπραττεν
1223 3218 1287 3271 ἐν
1303 3216 1381 3288 τῷ
1431 3218 1690 3287 πελάγει;

98 3312 440 3385 ἀπορήσειεν
483 3310 551 3365 ἄν
586 3328 693 3374 τις.
739 3310 805 3363 Τί
845 3309 955 3381 γὰρ
1002 3309 1131 3365 ἄλλο
1153 3309 1187 3381 ἢ
1213 3310 1479 3384 ἐκάθητο;
1512 3310 1577 3382 νὴ
1598 3311 1691 3366 τὸν

99 3401 213 3464 Δία.
248 3401 551 3472 ἀναμένων
600 3401 706 3465 ἕως
751 3399 1027 3474 ἄνθρωποι
1073 3402 1387 3473 μαινόμενοι
1445 3402 1544 3475 (οὐ
1581 3403 1690 3475 γὰρ

102 3499 255 3569 φήσω
277 3499 367 3552 ’ὁτι
397 3496 497 3550 καὶ
525 3495 672 3561 θεοὶ)
710 3497 1118 3568 ἐγκυρήσαντες
1136 3493 1306 3565 αὐτῷ,
1333 3494 1394 3548 οὐ
1412 3494 1686 3559 Διοπετές,

100 3590 231 3643 ἀλλὰ
275 3587 752 3651 Ποσειδωνοπετές
794 3588 1128 3658 ἡγήσωνται,
1166 3586 1401 3641 κᾶπειτα
1451 3588 1529 3650 εἰς
1555 3584 1689 3638 ἄστυ

100 3680 490 3748 ἀπαγάγωσιν,
524 3678 714 3750 ὥσπερ
733 3678 855 3731 τινὰ
879 3677 1087 3750 ἀγαθὴν
1107 3675 1297 3748 τύχην,
1323 3678 1499 3748 κακὴν
1526 3672 1690 3731 οὖσαν

99 3771 168 3837 ὡς
202 3770 430 3842 ἀληθῶς
454 3811 470 3837 ,
499 3770 564 3823 οὐ
605 3769 799 3840 τύχην,
834 3769 969 3822 ἀλλὰ
994 3768 1279 3838 τυφεδόνα.
1313 3769 1383 3821 Ἦ
1406 3768 1505 3821 οὐκ
1530 3769 1689 3840 ήρκει

99 3862 207 3934 ἄρα
226 3863 419 3924 αὐτοῖς
445 3859 657 3914 οἴκοθεν
680 3858 1011 3922 διολλύουσα,
1040 3857 1154 3910 ἀλλ’
1188 3857 1357 3929 αὐτὴν
1386 3856 1632 3928 ἐπέρωσέ
1661 3869 1688 3898 ι

99 3970 159 4009 τε
189 3955 286 4009 καὶ
312 3953 707 4025 προσεπέτεινε
737 3950 1080 4021 θεοπληξίας,
1113 3949 1189 4014 ὡς
1220 3948 1286 4003 ἄν
1315 3966 1399 4013 τις
1425 3948 1600 4013 εἴποι,
1626 3950 1691 4002 ἐκ

96 4046 327 4116 Δελφῶν
353 4046 745 4116 μετάπεμπτος
765 4042 1023 4115 ἐπιθήκη.
1058 4061 1077 4093 ι
1108 4040 1346 4094 Τοιαῦτα
1375 4040 1470 4093 καλ⁵
1498 4042 1526 4093 ὁ
1547 4039 1692 4093 Οἰνό-

103 4154 261 4208 μαος.
303 4133 473 4189 ’Δλλὰ
496 4135 606 4206 γὰρ
639 4133 776 4205 μετὰ
815 4132 882 4186 τὰ
918 4131 1203 4204 εἰρημένα,
1253 4129 1494 4203 μεταϐὰς
1534 4125 1690 4193 αὖθις

100 4232 195 4285 ἐπὶ
209 4232 315 4303 τὴν
349 4232 416 4284 ἐκ
449 4228 648 4299 λογίων
679 4227 994 4298 φιλοσοφίαν
1023 4225 1116 4281 τοῦ
1143 4226 1240 4298 τὴν
1262 4225 1555 4297 καθ’ήμῶν
1582 4226 1692 4279 δια-

104 4323 265 4394 ϐολὴν
302 4321 681 4393 πεποιημένου
711 4362 725 4386 ,
761 4319 1029 4389 ἀνάγνωθι
1063 4321 1127 4372 ἐκ
1168 4318 1277 4371 τῶν
1313 4318 1443 4389 περὶ
1496 4319 1692 4389 εἱμαρ-

1797 1851 1981 1922 plane,
2027 1865 2139 1906 non
2184 1850 2299 1920 jam
2329 1848 2757 1915 immortalium,
2804 1846 2897 1903 sed
2930 1846 3290 1917 lapideorum,
3323 1855 3379 1900 et

1797 1943 2100 2014 ligneorum
2122 1941 2348 1996 humani
2370 1941 2584 2011 generis
2610 1939 2957 1996 dominorum
2985 1938 3175 2003 millia,
3192 1937 3377 1993 nutrix

1797 2032 2156 2101 animantium
2189 2041 2332 2088 terra
2359 2032 2760 2102 complectitur,
2790 2034 2881 2101 qui
2912 2029 3177 2101 profecto,
3210 2030 3256 2085 si
3283 2044 3379 2083 co-

1798 2124 2110 2196 gnoscendo
2156 2125 2441 2179 hominum
2491 2124 2683 2180 sceleri
2710 2168 2725 2186 ,
2773 2123 2994 2194 jurique
3039 2130 3375 2192 praeessent,

1799 2232 2080 2287 nunquam
2106 2232 2172 2273 eo
2198 2233 2466 2288 nugarum
2490 2217 2708 2272 vanitas
2730 2216 3081 2281 excrevisset,
3104 2214 3183 2269 uti
3215 2211 3383 2285 235

1799 2311 1866 2366 ad
1891 2326 1989 2366 vos
2035 2325 2209 2381 usque
2249 2310 2453 2364 malum
2499 2309 2847 2380 perveniret,
2894 2306 3123 2377 Olympo
3158 2320 3377 2375 queque

1798 2412 2076 2474 superato,
2101 2404 2194 2457 ubi
2227 2402 2438 2469 divum,
2464 2402 2644 2456 aiunt:
2671 2399 2831 2455 Sedes
2852 2416 3039 2454 secura
3068 2414 3160 2469 per
3184 2413 3372 2453 avum.

1798 2492 1931 2561 Quae
1963 2493 2232 2549 securitas
2263 2491 2310 2548 si
2342 2507 2467 2547 vere
2492 2492 2815 2561 iactaretur,
2843 2504 3018 2559 nugas
3050 2503 3244 2545 omnes
3280 2503 3381 2543 ex-

1796 2586 2075 2650 cluderet,
2128 2599 2230 2639 nec
2270 2583 2645 2656 Olympiorum
2691 2581 2981 2653 quisquam
3030 2595 3098 2635 eo
3141 2581 3380 2636 vesania:

1796 2675 2138 2740 devenisset,
2178 2682 2237 2728 ut
2282 2672 2568 2743 oleagineo
2595 2671 2809 2726 caudici
2844 2669 3186 2724 divinitatem
3231 2670 3379 2724 inse-

1796 2776 1960 2822 reret.
2032 2765 2188 2821 lllum
2257 2763 2456 2820 etenim
2527 2776 2740 2833 sagenae
2800 2761 3034 2832 plagulis
3103 2761 3376 2816 irretitum

1797 2857 2239 2928 Methymnenses
2262 2864 2633 2918 extraxerant,
2662 2854 2826 2924 idque
2850 2854 3020 2908 semel
3044 2854 3374 2923 iterumque,

1796 2949 1844 3005 si
1877 2948 2096 3017 placet,
2141 2946 2255 3001 imo
2286 2945 2451 3001 etiam
2505 2944 2663 2999 tertio
2688 2984 2704 3011 ,
2756 2943 2842 2997 vel
2875 2943 3074 3013 saepius
3120 2941 3378 2999 demissis

1795 3036 2050 3094 eumdem
2088 3035 2142 3091 in
2166 3036 2345 3092 locum
2376 3035 2585 3090 retibus
2626 3031 2909 3090 fecerant:
2956 3033 3085 3090 inde
3117 3048 3248 3088 vero
3284 3032 3376 3088 Li-

1797 3130 1996 3203 bycum
2040 3128 2095 3183 in
2144 3142 2297 3183 mare
2322 3127 2508 3191 delati,
2549 3140 2898 3197 nequaquam
2929 3141 3055 3180 eum
3087 3126 3143 3179 in
3172 3133 3376 3180 terram

1795 3230 2168 3279 excusserant.
2206 3219 2266 3276 Id
2296 3219 2444 3275 enim
2486 3220 2532 3274 si
2579 3218 2877 3283 fecissent,
2932 3232 3043 3273 non
3084 3217 3201 3289 jam
3228 3258 3243 3283 ,
3279 3233 3377 3289 per

1795 3312 2091 3381 Bacchum,
2122 3313 2343 3370 easdem
2376 3311 2443 3367 ad
2468 3310 2716 3383 plagulas
2751 3310 3090 3367 adhaasisset.
3127 3310 3199 3365 At
3223 3311 3374 3366 enim

1795 3406 2005 3460 caudex
2032 3405 2087 3458 in
2118 3404 2312 3475 capitis
2344 3403 2580 3474 speciem
2619 3418 2649 3457 a
2682 3418 2904 3458 summo
2940 3403 3125 3473 stipite
3150 3403 3373 3460 confor-

1796 3509 1978 3552 matus
2012 3496 2158 3568 (rem
2184 3538 2200 3565 ,
2236 3512 2270 3552 ο
2311 3497 2532 3567 Apollo,
2576 3495 2869 3552 admodum
2906 3494 3279 3567 prodigiosam
3309 3496 3321 3549 !
3353 3496 3372 3565 )

1797 3586 1930 3657 quid
1972 3602 2157 3641 rarum
2205 3586 2260 3641 in
2311 3588 2499 3641 mari?
2541 3593 2749 3657 quaerat
2801 3586 3036 3642 fortasse
3074 3586 3370 3657 quispiam.

1800 3677 1943 3746 Quid
1986 3695 2117 3735 vero
2161 3679 2345 3746 aliud,
2389 3679 2495 3735 nisi
2541 3688 2608 3734 ut
2644 3680 2843 3735 ibidem
2888 3678 3148 3749 iaceret?
3192 3676 3376 3733 Donec

1800 3770 2076 3825 enimvero
2097 3768 2287 3825 furiosi
2311 3770 2582 3837 homines,
2606 3770 2789 3842 (piget
2812 3771 2956 3826 enim
2988 3770 3120 3826 deos
3146 3768 3374 3838 dicere.)

1798 3857 1852 3914 in
1882 3874 2007 3915 eum
2039 3859 2365 3928 incidentes,
2399 3875 2508 3915 non
2547 3876 2578 3915 a
2606 3858 2739 3916 Jove
2776 3860 3076 3917 demissum
3112 3860 3329 3932 quidem
3356 3899 3371 3922 ,

1798 3950 1894 4007 sed
1944 3967 1976 4005 a
2037 3950 2286 4021 Neptuno
2343 3952 2605 4008 emissum
2655 3952 3374 4022 crederent,eumdemque

1797 4045 2146 4116 postmodum
2174 4045 2229 4099 in
2259 4044 2471 4109 urbem,
2504 4044 2780 4114 quoddam
2807 4044 2974 4101 veluti
3008 4044 3241 4100 fortunae
3281 4044 3372 4099 la:-

1799 4136 1955 4190 tioris
1995 4151 2154 4191 omen
2182 4177 2198 4203 ,
2248 4135 2594 4202 inveherent,
2647 4135 2918 4192 funestam
2969 4152 3029 4191 re
3066 4136 3217 4207 ipsa,
3262 4153 3372 4191 non

1797 4224 2098 4293 fortunam,
2126 4227 2218 4282 sed
2249 4226 2421 4281 facem
2449 4228 2603 4283 urbis
2631 4227 2893 4283 futuram.
2923 4226 3033 4284 Nec
3059 4230 3207 4283 enim
3239 4229 3373 4284 satis

1796 4317 2052 4372 videlicet
2084 4317 2149 4372 ad
2194 4318 2420 4375 exitium
2471 4319 2538 4375 iis
2570 4328 2688 4375 erat
2718 4319 2974 4374 intestina
3014 4320 3217 4390 pestis,
3245 4318 3370 4375 ’nisi

108 4416 279 4487 μένης
302 4413 403 4468 τοῦ
426 4413 635 4467 Πυθίου
668 4411 935 4484 χρησμῶν
953 4430 966 4441 ·
998 4413 1047 4465 εί
1071 4411 1146 4483 μὴ
1171 4410 1266 4463 καὶ
1293 4409 1376 4463 σοὶ
1401 4408 1551 4471 θείας
1594 4407 1689 4461 ἀλ-

1797 4410 1953 4464 novis
1980 4424 2101 4463 eam
2131 4410 2484 4465 incrementis
2512 4426 2578 4466 ac
2609 4411 2814 4467 viribus
2845 4411 3078 4467 incussae
3104 4412 3369 4467 divinitus

106 4508 318 4581 λότριος
351 4506 429 4560 ὣν
457 4506 742 4576 δυνάμεως
775 4505 857 4557 ἐτι
895 4503 1113 4575 μᾶλλον,
1148 4503 1177 4555 ὁ
1218 4504 1346 4575 περὶ
1384 4500 1493 4554 τῶν
1530 4500 1689 4573 θρυλ-

108 4600 387 4672 λουμένων
425 4598 776 4671 χρηστηρίων
837 4597 1185 4650 ὑποπεσεῦται
1219 4596 1397 4665 λόγος.

1792 4502 1965 4572 plagae
1989 4502 2234 4557 accessio
2262 4501 2503 4573 Delphis,
2535 4512 2595 4558 ut
2625 4503 2698 4558 ita
2734 4504 2950 4573 loquar,
2983 4503 3249 4558 arcessita
3275 4518 3372 4557 cu-

1793 4593 2044 4647 mularet.
2081 4610 2098 4644 )
2131 4590 2406 4648 Hactenus
2431 4593 2765 4649 mnomaus.
2805 4593 2961 4650 Nunc
2988 4611 3116 4650 vero
3147 4596 3216 4650 ad
3247 4609 3368 4649 eam

108 4711 299 4755 rursus
336 4696 688 4751 oraculorum
724 4693 1117 4763 philosophiam
1157 4692 1340 4746 animo
1380 4698 1433 4745 et
1475 4688 1805 4761 cogitatione
1849 4687 2149 4752 conversis,
2196 4703 2359 4758 quam
2410 4688 2712 4746 maledicus
2770 4690 2859 4745 ille
2912 4706 3098 4745 rerum
3157 4699 3370 4745 nostra—

111 4808 226 4848 rum
265 4806 472 4848 censor
510 4790 857 4861 conscripsit,
896 4789 1092 4861 legesis
1140 4805 1206 4845 ex
1255 4789 1321 4844 iis
1364 4788 1639 4859 responsis
1676 4786 1879 4858 aliqua,
1924 4801 2054 4856 quae
2094 4786 2161 4841 de
2218 4784 2330 4840 fato
2383 4783 2636 4855 Pythium
2674 4783 2911 4839 edidisse
2951 4791 3365 4838 commemorat.

108 4888 185 4944 Ac
208 4888 337 4944 vide
362 4901 500 4942 num
527 4885 795 4957 ejusmodi
846 4900 1063 4955 quoque
1090 4884 1186 4940 tibi
1215 4884 1427 4940 accidat
1452 4891 1564 4939 tota
1610 4884 1726 4937 haec
1759 4881 1827 4937 de
1854 4881 2074 4953 jactatis
2116 4879 2326 4950 pridem
2368 4879 2607 4935 oraculis
2659 4878 2980 4950 disputatio,
3015 4887 3076 4931 ut
3102 4892 3221 4932 eam
3246 4892 3366 4930 ma-

111 4984 194 5056 gis
224 4984 399 5040 etiam
425 4997 596 5053 quam
630 4979 941 5052 superiores
983 4980 1053 5036 ab
1085 4979 1234 5036 omni
1256 4981 1438 5035 divina
1467 4980 1666 5035 virtute
1703 4993 1929 5033 vacuam
1955 4976 2141 5032 haberi
2169 4985 2326 5046 putes
2347 4985 2616 5047 oportere.

173 5153 203 5183 ι
231 5141 323 5196 la.
362 5139 668 5211 ἐπέρρωσε.

1791 5290 2005 5348 Erroris
2051 5309 2235 5361 causa,
2270 5293 2329 5346 τὸ
2360 5294 2420 5345 οὺ
2455 5292 2634 5362 μόνον,
2665 5289 2832 5345 semel
2865 5288 3174 5357 iterumque
3205 5299 3335 5354 repu

1787 5373 1974 5503 sum).
2025 5434 2353 5498 Ἄπολλον,
2384 5431 2593 5503 ξένου.
2633 5429 2833 5503 Facilis
2874 5436 2990 5483 erat
3027 5424 3340 5496 conjectura

1785 5518 1909 5558 cum
1943 5499 1996 5558 in
2019 5519 2221 5561 excuso
2252 5504 2520 5574 legeretur
2554 5499 2964 5566 ’Δπολλοξένου,
3000 5512 3166 5566 sane,
3197 5512 3364 5569 quau.

1788 5576 2000 5631 vitiose.

128 5372 142 5386 ν
174 5299 293 5374 (62)
348 5299 538 5356 Ἀλλὰ
590 5299 690 5354 καὶ
734 5296 1082 5366 Μηθύμνης.
1141 5293 1379 5349 Consule
1426 5293 1688 5348 observa-

109 5382 304 5566 ωᾶἓῖ
327 5440 467 5497 Post
508 5440 796 5563 χὲυσέοις,
847 5451 953 5491 non
985 5434 1172 5490 dubito
1224 5433 1355 5503 quin
1401 5433 1687 5515 legendum

109 5512 177 5566 sit
346 5512 509 5566 ιιύνον
614 5507 682 5565 αὖ
717 5511 832 5566 τοῖς
856 5506 1148 5566 Διονυσίοις
1170 5544 1186 5566 ,
1220 5503 1357 5557 ἀλλὰ
1388 5506 1481 5556 καὶ
1509 5503 1687 5565 ἄλλοις

109 5503 196 5569 οἱ(
224 5503 288 5566 οὗ
345 5503 582 5572 nam"?
614 5507 682 5565 αὖ
717 5503 832 5572 τοῖς
856 5506 1148 5568 Διονυσίοις
1170 5544 1186 5569 ,
1220 5503 1357 5557 ἀλλὰ
1388 5506 1481 5556 καὶ
1509 5503 1687 5565 ἄλλοις

110 5573 389 5655 παμπόλλ.
410 5623 427 5648 ,
455 5591 564 5636 etc.
593 5581 733 5635 Nam
778 5577 1049 5655 posterius
1078 5575 1332 5655 hoc_loco
1363 5573 1684 5655 cultivate,

112 5644 578 5726 supervacaneum
629 5658 750 5717 est,
778 5644 924 5706 'curn
958 5647 1113 5719 prius
1158 5645 1388 5700 alterum
1435 5644 1685 5701 sufﬁciat.
