3862 6220
540 302 657 382 sas

550 548 777 603 Eosdem
803 552 1042 599 auctores
1075 541 1197 595 illos
1242 541 1428 609 fuisse,
1465 541 1545 592 uti
1578 539 1784 609 pugiles
1817 550 1865 594 et
1897 539 2109 594 athletae

896 613 1089 667 divinis
1123 611 1406 665 honoribus
1440 609 1757 664 colerentur.

614 731 682 786 Et
716 730 977 802 quoniam
1012 743 1118 783 non
1148 734 1338 797 poetas
1383 725 1586 791 solum,
1623 725 1720 780 sed
1771 724 1917 794 ipsos
1947 724 2109 780 etiam

543 824 754 894 pugiles
778 833 942 893 atque
970 821 1224 885 athletas,
1254 820 1481 873 deorum
1512 818 1567 871 in
1596 832 1825 871 numero
1852 817 1968 873 suis
1989 833 2112 872 ora-

547 915 690 971 culis
734 913 881 970 Deus
915 912 1168 984 egregius
1213 912 1518 975 collocavit,
1565 910 1821 979 praeclare
1852 925 2110 980 quoque,

544 1023 666 1065 meo
715 1008 935 1079 quidem
990 1006 1237 1077 judicio,
1298 1005 1400 1058 hoc
1443 1003 1564 1072 ejus
1610 1001 1813 1058 factum
1860 1002 2113 1058 laudatus

541 1103 776 1173 scriptor
803 1100 950 1156 hunc
978 1099 1033 1153 in
1059 1097 1280 1152 modum
1303 1095 1549 1167 coarguit
1583 1113 1597 1149 :
1636 1114 1641 1119 ·

543 1194 647 1261 Qui
671 1193 843 1265 pelagi
878 1192 1031 1259 ﬁnes,
1058 1204 1428 1258 numerumque
1443 1188 1672 1257 jacentis
1702 1203 1900 1255 arente,

542 1327 614 1382 Et
645 1326 779 1382 muti
802 1339 981 1380 sensus
1006 1320 1262 1392 cognosti,
1288 1319 1544 1389 audisque
1572 1318 1840 1386 silentem;

541 1462 569 1495 ιι
594 1440 814 1497 Utinam
831 1453 962 1494 vero
986 1437 1089 1492 ista
1115 1436 1355 1493 nescires
1375 1433 1579 1501 omnia,
1604 1433 1707 1489 hoc
1730 1449 1900 1489 unum
1923 1435 2112 1501 scires,

544 1530 683 1585 nihil
710 1527 1010 1600 pugilatum
1044 1525 1186 1581 inter
1233 1531 1288 1579 et
1332 1524 1764 1579 calcitrationem
1810 1525 2112 1592 interesse,

545 1623 626 1678 uti
648 1620 733 1677 vel
770 1618 956 1676 asinos
987 1618 1152 1674 etiam
1192 1615 1600 1671 immortalitate
1629 1615 1861 1670 donares
1885 1655 1900 1682 ,
1928 1615 2015 1670 vel
2046 1629 2115 1670 ne

1177 306 1445 363 EUSEBII
1475 303 1956 362 CESARIENSIS
2007 304 2157 362 OPP.

1090 425 1317 480 CAPUT
1355 424 1593 481 XXXIV.
2138 429 2183 485 Δ

2213 301 2394 358 PARS
2431 300 2495 356 Il.
2537 330 2607 342 --
2638 299 3143 357 APOLOGETICA.

2719 419 3117 475 ΚΕΦΑΛΔΙΟΝ
3149 419 3268 472 ΛΔ¹.

2217 541 2336 593 Ὅτι
2372 538 2470 597 καὶ
2503 538 2732 604 πύκτας
2762 538 2859 591 καὶ
2881 537 3146 604 ἀθλητὰς
3179 535 3371 605 τιμαῖς
3400 535 3653 603 ἰσοθέοις
3693 554 3792 607 τε·

2610 611 2846 677 ραιρειν
2881 608 3376 677 παρεκελεύοντο.
3800 650 3803 655 η

3680 303 3787 358 596

2298 725 2448 778 Ἐπεὶ
2472 724 2530 778 δὲ
2562 724 2623 778 οὐ
2656 724 2815 795 μόνον
2842 721 3095 793 ποιητὰς,
3123 720 3224 793 ’ήδη
3252 720 3308 777 δὲ
3332 722 3426 775 καὶ
3448 721 3660 786 πύκτας
3695 722 3792 775 καὶ

2212 813 2450 886 ἀθλητὰς
2477 815 2506 867 ὁ
2533 814 2835 885 Θαυμάσιος
2862 813 2995 876 Θεὸς
3025 811 3115 865 διὰ
3142 812 3251 865 τῶν
3283 811 3499 864 οἰκείων
3522 812 3793 883 χρησμῶν

2214 907 2526 978 ἐξεθέωσεν,
2568 906 2791 970 εἰκότως
2822 922 2911 977 μοι
2948 905 3096 958 δοκεῖ
3132 904 3227 959 καὶ
3266 902 3438 958 ταῦτα
3465 904 3794 975 ἀπελέγχειν

2212 1002 2241 1054 ὁ
2267 999 2634 1071 δεδηλωμένος
2668 998 2878 1063 τούτοις
2903 1000 3019 1061 τοῖς
3048 997 3307 1068 ῥήμασιν’
3372 1053 3386 1070 κ

2213 1180 2288 1242 *Ω
2314 1183 2486 1251 εἰδὼς
2531 1182 2645 1255 (29)
2678 1181 2927 1253 ψάμμου
2951 1184 2999 1236 τ’
3033 1180 3303 1252 ἀριθμὸν,
3460 1179 3665 1266 μέτρα
3691 1181 3796 1233 θα-

2214 1325 2322 1380 Καὶ
2346 1323 2548 1394 κωφοῦ
2573 1323 2818 1390 ξυνιεὶς,
2845 1320 2946 1376 καὶ
2967 1320 3053 1392 μὴ
3081 1249 3686 1386 λαλέοντοέἀὶιῧῗᾶἷιᾍῗ
3711 1294 3727 1316 ’

2222 1460 2241 1493 ι
2272 1440 2399 1494 Εἴθε
2430 1439 2634 1508 ὤφελες
2661 1438 2731 1493 τά
2766 1439 2863 1509 μὲν
2886 1437 3109 1491 τοιαῦτα
3138 1437 3314 1491 πάντα
3336 1437 3569 1506 ἀγνοεῖν,
3611 1435 3796 1489 ἐκεῖνο

2214 1532 2271 1587 δέ
2296 1532 2514 1594 εἰδέναι,
2540 1533 2622 1585 ὅτι
2651 1531 2685 1602 ἡ
2710 1531 2944 1603 πυκτικὴ
2971 1530 3070 1600 τῆς
3107 1528 3371 1600 λακτικῆς
3414 1527 3568 1582 οὐδὲν
3599 1527 3796 1596 διαφέ-

2221 1642 2321 1697 ρει,
2345 1626 2415 1680 ἵν’
2438 1624 2471 1696 ἢ
2492 1625 2587 1678 καὶ
2614 1625 2738 1689 τοὺς
2761 1622 2915 1688 ὅνους
2944 1622 3347 1687 ἀπαθανάτους,
3379 1621 3412 1694 ἦ
3441 1621 3575 1693 μηδὲ
3614 1621 3794 1676 Κλεο⁶

543 1710 890 1768 Cleomedem
918 1707 1140 1780 quidem
1166 1709 1369 1779 ipsum,
1393 1706 1852 1777 Astypalaeensem
1875 1706 2111 1779 pugilem

2228 1718 2393 1790 μήδην
2417 1717 2629 1788 πύκτην
2674 1714 3092 1781 Ἀστυπαλαιέα,
3114 1713 3287 1783 λέγων
3316 1711 3489 1777 οὕτως
3510 1729 3525 1743 ⁶

545 1809 782 1862 donares
811 1804 917 1859 hoc
935 1774 1218 1858 distich‘o‘:
1497 1774 1510 1777 ⁷
1530 1774 1543 1777 ἡ
1875 1774 1894 1777 ’
1956 1774 1978 1779 ⁷
2145 1774 2189 1830 Β

551 1919 780 1976 Ultimus
803 1917 1017 1972 heroum
1051 1914 1345 1969 Cleomedes
1372 1914 1753 1985 Astypalensis,

544 1991 672 2045 Jam
700 2003 914 2044 sacrum
947 2003 979 2041 a
1013 1985 1155 2040 vobis
1182 1985 1319 2054 {erat
1349 1984 1665 2039 immertalis
1697 1985 1966 2039 honorem.

544 2102 656 2158 Cur
691 2100 860 2170 enim,
892 2114 926 2155 ο
969 2098 1221 2169 indigena
1252 2096 1566 2153 Graecarum
1593 2096 1918 2168 religionum
1949 2096 2119 2151 inter-

546 2208 672 2265 pres
698 2234 716 2261 ,
742 2193 825 2250 sic
862 2191 1011 2248 enim
1045 2198 1098 2245 te
1129 2188 1284 2244 Plato
1314 2196 1514 2255 vocat,
1552 2188 1829 2244 hominem
1860 2197 1918 2243 tu
1952 2188 2117 2244 istum

547 2282 1031 2341 consecrasti?An
1077 2280 1223 2352 quod
1253 2280 1310 2335 in
1348 2278 1632 2352 Olympico
1681 2281 1978 2337 certamine
2019 2280 2115 2336 ad-

548 2376 849 2432 versarium
879 2389 992 2431 uno
1022 2374 1133 2429 ictu
1167 2388 1279 2428 non
1319 2373 1497 2429 solum
1528 2370 1796 2440 aﬂlixerit,
1826 2370 1922 2428 sed
1955 2373 2119 2428 etiam

548 2466 815 2540 patefacto
840 2467 1008 2523 latere
1034 2464 1348 2535 pulmonem
1366 2463 1486 2534 ejus
1514 2463 1761 2519 immissa
1790 2478 1956 2518 manu
1991 2462 2119 2519 abs—

549 2559 817 2616 traxerit?
848 2556 1081 2629 Dignum
1131 2556 1408 2612 enimvero
1450 2555 1561 2612 Deo
1581 2555 1813 2622 facinus,
1837 2571 1871 2612 ο
1891 2556 2116 2628 Apollo!

546 2654 631 2707 An
659 2658 921 2723 praeterea
961 2648 1110 2720 quod
1140 2649 1436 2722 irrogatam
1465 2647 1569 2704 sibi
1595 2662 1660 2703 ea
1686 2647 1755 2704 de
1784 2663 1949 2705 causa
1982 2663 2148 2719 qua»

546 2754 674 2800 tuor
698 2742 1027 2798 talentorum
1053 2740 1314 2796 mulctam
1346 2754 1689 2811 concoquere
1717 2755 1827 2797 non
1854 2740 2119 2812 potuerit,

547 2835 642 2895 sed
669 2835 725 2890 vi
769 2834 1023 2891 maeroris
1074 2832 1483 2902 iracundiaeque
1524 2840 1832 2888 commotus
1857 2873 1873 2899 ,
1920 2841 2123 2889 stoma-

548 2926 710 2982 chum
737 2932 792 2980 et
831 2925 999 2980 bilem
1039 2923 1351 2979 universam
1402 2923 1457 2977 in
1503 2936 1793 2992 puerorum
1822 2962 1837 2986 ,
1874 2922 1970 2993 qui
2006 2931 2121 2978 tum

549 3015 760 3071 inludo
783 3014 1054 3070 litterario
1078 3013 1442 3069 versabantur
1460 3052 1475 3079 ,
1503 3020 1666 3082 caput
1702 3015 1962 3082 eruperit,
1999 3026 2123 3068 suc-

2224 1913 2509 1979 Ὓστατος
2540 1913 2749 1985 decim:
2769 1911 3119 1985 Κλεομήδης
3144 1911 3256 1985 (50)
3291 1910 3797 1985 ’ᾼστνπαλαιεὺςσ

2223 1984 2324 2036 Ὃν
2352 1985 2591 2049 θυσίαις
2612 1981 2800 2053 τιμᾶθ’
2828 1985 2906 2050 ὡς
2923 1981 3048 2037 οὐκ
3072 1981 3164 2038 ἔτι
3180 1983 3403 2052 θνητὸν
3420 1983 3619 2037 ἐόντα.

2216 2097 2317 2152 Διά
2342 2097 2396 2151 τί
2425 2096 2555 2170 γὰρ,
2584 2091 2630 2151 ὧ
2657 2097 2853 2169 πάτριε
2875 2095 2985 2151 τῶν
3025 2096 3291 2169 Ἐλλήνων
3322 2095 3582 2168 thyma,
3614 2094 3697 2161 ὥς
3737 2112 3801 2150 σε

2218 2192 2375 2245 καλεῖ
2407 2191 2629 2244 Πλάτων
2649 2230 2664 2255 ,
2705 2190 2944 2255 ἐθέωσας
2986 2189 3078 2244 τὸν
3126 2189 3294 2249 ἄνδρα
3331 2189 3560 2255 τοῦτον;
3593 2190 3671 2247 ’Ἡ
3715 2190 3800 2243 ὅτι

2231 2283 2557 2355 Ὀλυμπιάσι
2616 2284 2796 2357 πληγῇ
2865 2286 2964 2357 μιᾷ
3023 2282 3269 2348 πατάξας
3336 2281 3427 2336 τὸν
3494 2282 3803 2352 ἀνταγωνι-

2221 2374 2350 2445 στὴν
2372 2374 2506 2446 (51),
2527 2374 2729 2446 ἀνέῳξε
2754 2375 2852 2448 τὴν
2879 2375 3117 2447 πλευρὰν
3156 2374 3320 2432 αὑτοῦ
3344 2415 3359 2440 ,
3403 2374 3496 2428 καὶ
3540 2373 3804 2444 ἐμϐαλὼν

2219 2464 2317 2534 τὴν
2346 2466 2506 2535 χεῖρα
2538 2463 2760 2518 ἐλάϐετο
2792 2465 2886 2518 τοῦ
2919 2465 3218 2537 πνεύμονος
3246 2483 3262 2533 ;
3308 2465 3600 2530 Ἀπολλον,
3652 2464 3807 2532 ἀξιο-

2222 2555 2344 2610 θέου
2384 2556 2583 2628 ἓργουί
2621 2558 2692 2610 Ἣ
2730 2557 2791 2610 οὐ
2833 2558 2990 2628 μόνον
3012 2597 3026 2622 ,
3080 2558 3216 2613 ἀλλὰ
3242 2558 3338 2612 καὶ
3378 2557 3492 2621 ὃτι,
3524 2574 3807 2631 προτιμη-

2222 2648 2335 2713 θεὶς
2360 2649 2468 2722 (52)
2514 2651 2793 2721 τεσσάρων
2827 2650 3100 2705 ταλάντων
3140 2650 3342 2723 ζημίαν
3381 2652 3475 2705 ἐπὶ
3505 2649 3715 2705 τούτων
3753 2664 3803 2712 ι,

2221 2742 2321 2813 οὐχ
2349 2742 2578 2815 ὑπέστη,
2622 2743 2735 2799 ἀλλ’
2781 2744 2872 2796 ὑπ’
2904 2742 3197 2815 ἀχθηδόνος
3254 2742 3366 2814 (55)
3412 2742 3508 2797 καὶ
3559 2741 3808 2815 βαρυθυα-

2225 2834 2353 2905 μίας
2372 2834 2619 2906 ἐνήρεισε
2641 2834 2731 2890 τὸν
2749 2834 2915 2906 θυμὸν
2934 2837 3046 2898 τοῖς
3070 2837 3128 2888 ἐν
3150 2834 3227 2907 τῷ
3245 2834 3592 2906 διδασκαλείῳ
3614 2836 3803 2896 παισί,

2222 2926 2313 2980 τὸν
2341 2927 2494 2981 κίονα
2519 2927 2845 2998 ὑφελκύσας,
2874 2927 2934 2991 ὃς
2964 2929 3144 2999 ἀνεῖχε
3176 2927 3274 2997 τὴν
3306 2928 3502 2999 στέγην
3529 2924 3725 3000 ;'Ap‘,
3760 2921 3805 2980 ὧ

2225 3016 2459 3083 θεοποιέ,
2479 3017 2567 3071 διά
2591 3017 2747 3072 ταῦθ’
2774 3019 2903 3089 ὑμῖν
2925 3020 2954 3073 ὁ
2978 3018 3299 3090 Κλεομήδης
3325 3018 3579 3090 τιμητέος
3607 3019 3765 3071 ἐστίν
3789 3036 3804 3083 ;

549 3122 712 3164 cussa
744 3107 1068 3176 revulsaque
1096 3104 1350 3159 columna
1379 3117 1501 3173 quae
1543 3110 1744 3159 tectum
1779 3102 2121 3159 sustinebat?

2228 3109 2500 3181 ῆκάκεῖνο
2525 3109 2875 3182 προσθήσεις,
2909 3109 2970 3164 τὸ
2987 3110 3173 3182 ἕτερον
3206 3110 3404 3182 δεῖγμα
3442 3110 3542 3181 τῆς
3585 3108 3807 3165 ἐκείνου

552 3200 658 3266 Τιι,
687 3201 935 3270 inquam,
958 3214 992 3254 ο
1022 3197 1250 3253 deorum
1275 3195 1591 3260 architecte,
1618 3195 1957 3252 Cleomedem
1995 3210 2123 3267 pro-

550 3300 735 3362 pterea
758 3289 960 3345 divinis
979 3287 1283 3343 honoribus
1336 3286 1625 3343 colendum
1652 3288 1901 3357 putasti?
1926 3287 2007 3341 An
2035 3304 2128 3358 po-

552 3384 664 3440 tius
694 3382 925 3438 alterum
956 3381 1061 3437 hoc
1110 3380 1375 3451 adiunges
1413 3394 1536 3435 cum
1588 3378 1831 3450 ejusdem
1874 3379 2123 3446 roboris,

555 3487 671 3532 tum
694 3475 892 3532 divinae
919 3472 1311 3529 benevolentia:
1340 3480 1753 3526 monumentum
1784 3487 1799 3536 ;
1824 3471 1966 3541 quod
1999 3486 2123 3526 cum

554 3583 769 3626 sacram
794 3568 851 3622 in
896 3579 1079 3621 arcam
1113 3577 1234 3620 sese
1275 3563 1599 3619 immisisset
1621 3602 1638 3629 ,
1671 3562 1904 3617 adducto
1932 3561 2127 3616 deinde

554 3660 835 3733 operculo,
872 3654 1260 3728 comprehendi
1284 3656 1353 3711 ab
1382 3654 1817 3726 insequentibus,
1862 3653 1916 3708 in
1945 3669 2011 3709 eo
2031 3670 2129 3709 ex-

454 3794 455 3797 η
558 3754 823 3810 trahendo
867 3752 1068 3807 frustra
1106 3749 1522 3812 laborantibus,
1572 3748 1721 3803 nulla
1750 3749 1801 3802 vi
1845 3746 2128 3815 potuerit?

556 3845 752 3903 ldeone
782 3845 1007 3899 heroem
1055 3852 1112 3898 tu
1145 3841 1298 3897 illum
1320 3879 1335 3905 ,
1370 3848 1534 3910 atque
1566 3855 1634 3894 ex
1675 3838 1985 3894 mortalium
2026 3853 2129 3892 nu-

556 3952 712 3993 mero
753 3934 1103 3990 eximendum
1133 3948 1254 3988 esse
1295 3930 1421 3987 vis?
1451 3928 1496 3985 O
1527 3928 1844 3986 Cleomedes
1867 3969 1883 3994 ,
1928 3927 2129 3997 quibus

545 4029 659 4084 «tibi
693 4028 903 4084 artibus
939 4024 1400 4082 immortalitatem
1446 4021 1742 4094 peperisti!
1784 4019 2013 4075 Sensere
2052 4018 2128 4073 dii

557 4123 756 4193 quippe
772 4121 1035 4176 continuo
1050 4117 1263 4189 pulchri
1286 4115 1544 4171 facinoris
1560 4113 1933 4169 excellentiam
1944 4155 1958 4180 ,
1974 4120 2131 4181 teque

546 4214 726 4279 illico,
760 4222 822 4269 ut
850 4213 991 4268 bona
1019 4209 1294 4281 quondam
1325 4207 1484 4278 231
1522 4204 1742 4261 Homeri
1772 4204 1999 4259 numina
2026 4204 2130 4259 Ga-

546 4306 867 4377 nymedem,
898 4304 953 4359 in
984 4304 1181 4359 caelum
1223 4315 1455 4371 rapuere
1482 4316 1496 4353 :
1528 4297 1633 4354 nisi
1662 4297 1809 4367 quod
1838 4296 1927 4351 ille
1956 4294 2130 4350 forma

557 4415 623 4455 ac
654 4399 864 4470 specie,
899 4406 955 4453 tu
985 4396 1183 4453 robore
1206 4435 1221 4461 ,
1262 4408 1477 4464 usuque
1499 4391 1713 4446 roboris
1751 4389 1969 4461 egregio
2008 4389 2129 4458 pla-

2225 3200 2445 3272 ἀνδρίας
2473 3200 2587 3272 ἅμα
2621 3201 2715 3255 καί⁵
2739 3201 3015 3272 θεοφιλίας
3033 3243 3048 3267 ,
3075 3203 3157 3257 ὅτι
3187 3202 3251 3275 δὴ
3274 3241 3289 3265 ,
3314 3201 3491 3273 ἐμϐὰς
3526 3202 3609 3267 εἰς
3657 3202 3806 3273 ἱερὸν

2224 3292 2473 3348 κιϐώτιον
2503 3292 2636 3364 (54),
2684 3293 2781 3347 καί¹
2825 3293 2886 3347 τὸ
2915 3294 3086 3365 πῶμα
3132 3294 3506 3366 ἐπαγόμενος,
3554 3291 3808 3365 ἄληπτος

2224 3384 2437 3454 ἐγένετο
2477 3388 2588 3449 τοῖς
2643 3384 2928 3450 διώκουσι,
2956 3385 3321 3456 πειρωμένοις
3367 3383 3533 3437 αὑτὸν
3573 3383 3808 3448 ἐξελκῦ-

2228 3493 2316 3530 σαι
2344 3475 2452 3547 (55)
2478 3493 2492 3543 ;
2524 3472 2595 3529 ’Ὦ
2619 3476 2950 3549 Κλεόμηδες,
2983 3473 3092 3549 ἆρα
3116 3477 3265 3548 ἥρως
3290 3476 3390 3529 οὐκ
3415 3475 3532 3529 ἔστι
3571 3474 3807 3547 Ovum-6;;

2226 3563 2328 3623 Οἷα
2358 3569 2426 3623 τὰ
2456 3570 2819 3642 μηχανήματα
2841 3570 2982 3643 ὑπὲρ
3025 3568 3321 3633 ἀθανασίας
3362 3566 3617 3639 ἐξεῦρεςῑ
3670 3570 3810 3640 ’ῌσ-

2227 3661 2378 3715 θοντο
2402 3661 2531 3730 γοῦν
2561 3661 2761 3725 εὐθέως
2791 3663 2841 3715 οἱ
2870 3661 2983 3715 θεοὶ
3022 3661 3124 3732 τῆς
3154 3660 3545 3732 ἀγαθουργίας,
3589 3661 3689 3714 καὶ
3716 3661 3811 3712 ἀν-

2226 3753 2517 3825 ηρείψαντό
2550 3770 2630 3818 σε,
2657 3752 2844 3824 ὥσπερ
2872 3754 2922 3806 οἰ
2954 3751 3048 3807 τοῦ
3064 3752 3199 3823 Ὀμή
3208 3768 3302 3823 ρου
3334 3750 3427 3803 τὸν
3444 3750 3772 3821 Γανυμήδην
3791 3766 3805 3777 ο

2228 3843 2364 3898 ἀλλά
2393 3844 2483 3899 τὸν
2514 3844 2611 3914 μὲν
2641 3845 2733 3897 ἐπὶ
2769 3843 2847 3914 τῷ
2881 3843 3084 3906 κάλλει,
3113 3842 3172 3895 σὲ
3204 3842 3261 3896 δὲ
3293 3841 3385 3896 ἐπὶ
3414 3843 3480 3913 τῇ
3513 3840 3682 3911 ἰσχύϊ,
3712 3843 3813 3895 καὶ

2227 3938 2323 4008 τῆς
2354 3937 2532 4008 ἰσχύος
2564 3939 2629 4009 τῇ
2660 3939 2853 4010 χρήσει
2876 3939 2940 4007 τῇ
2968 3934 3168 4006 ἀγαθῇ.
3201 3934 3327 4015 Εἴθε
3356 3930 3469 3999 οὖν,
3515 3927 3561 3986 ὦ
3616 3934 3810 4004 μάντι,

2226 4022 2301 4087 ὡς
2333 4022 2490 4094 ἔφην,
2519 4023 2687 4088 ἐάσας
2710 4024 2808 4094 τὴν
2836 4023 3062 4095 ψάμμον
3096 4023 3191 4077 καὶ
3213 4023 3311 4093 τὴν
3344 4022 3545 4094 ἀλμην,
3571 4023 3693 4075 ἀντ’
3710 4024 3815 4076 αὖε

2228 4115 2335 4169 τῶν
2366 4114 2649 4185 ἐξέμαθες,
2678 4116 2875 4169 ὁπόσου
2901 4115 3048 4180 ἄξιόν
3067 4117 3214 4169 ἐστιν
3248 4118 3281 4187 ή
3306 4114 3563 4186 πυκτικὴ,
3590 4115 3682 4169 ἵνα
3716 4115 3814 4169 καὶ

2228 4207 2353 4271 τοὺς
2370 4207 2578 4272 πύκτας
2604 4207 2758 4272 ὅνους
2789 4209 2942 4272 θεοὺς
2960 4207 3230 4280 ἐνόμιζες,
3259 4208 3355 4262 καὶ
3380 4208 3506 4271 τοὺς
3537 4207 3815 4281 όνάγρους

2229 4296 2336 4350 τῶν
2366 4295 2503 4352 θεῶν
2522 4298 2649 4362 τοὺς
2675 4298 2961 4369 ἀρίστουςῐ
2990 4300 3084 4352 καὶ
3110 4294 3178 4370 ἦν
3204 4298 3270 4353 ἄν
3312 4315 3365 4350 τι
3392 4299 3590 4351 οἰκεῖον
3623 4296 3815 4365 λόγιον

2232 4389 2318 4441 ἐπ’
2352 4388 2673 4443 ἀποθανόντι
2701 4389 2913 4462 ὀνάγρῳ
2940 4390 3138 4462 μᾶλλον
3170 4390 3203 4462 ἢ
3238 4389 3331 4443 ἐπὶ
3355 4388 3431 4460 τῷ
3466 4387 3543 4460 σῷ
3576 4389 3774 4464 πύκτῃ
3797 4406 3814 4422 ’

557 4491 739 4550 cuisti.
768 4490 986 4547 Utinam
1009 4504 1162 4561 ergo,
1184 4490 1326 4545 bone
1369 4497 1540 4549 vates,
1598 4484 1743 4555 quod
1797 4494 1920 4538 ante
1957 4483 2223 4547 dicebam,
2263 4499 2428 4539 arena
2459 4485 2704 4556 marique
2743 4486 3141 4556 praetermissis,
3189 4500 3298 4555 quo
3338 4484 3408 4541 sit
3438 4485 3728 4541 habendus
3760 4488 3815 4539 in

552 4598 790 4643 numero
833 4582 1107 4654 pugilatus
1153 4580 1357 4634 interea
1397 4576 1702 4631 didicisses.
1755 4572 2022 4629 Nimirum
2072 4585 2125 4628 et
2160 4573 2291 4628 deos
2321 4589 2537 4644 quoque
2574 4574 2788 4646 pugiles
2850 4576 3056 4641 asinos,
3117 4582 3171 4630 et
3197 4588 3432 4645 onagros
3469 4574 3565 4629 abs
3599 4584 3654 4630 te
3680 4576 3817 4631 deo-

554 4692 682 4734 rum
727 4671 1135 4731 strenuissimos
1167 4669 1510 4724 haberemus.
1566 4663 1816 4719 Exstaret
1853 4662 2016 4718 etiam
2060 4661 2114 4715 in
2152 4663 2421 4719 demortui
2470 4665 2659 4737 onagri
2707 4666 2889 4722 verius
2949 4681 3115 4736 quam
3154 4665 3211 4720 in
3248 4665 3449 4738 pugilis
3478 4664 3557 4719 tui
3588 4665 3817 4722 laudem

556 4769 839 4844 proprium
870 4767 977 4820 hoc
1001 4773 1056 4818 et
1078 4761 1353 4843 singulare
1378 4755 1657 4813 oraculum
1685 4774 1697 4809 :

633 4949 661 4979 ι
689 4936 776 4989 Ζσ.
810 4930 1005 5001 τούτῳ.

632 5101 745 5176 (29)
783 5096 859 5157 Ὠ
883 5098 1070 5163 εἰδώς.
1110 5094 1244 5150 Vide
1264 5093 1407 5165 quod
1433 5098 1752 5147 annotatum
1783 5096 1885 5154 est,
1914 5103 1968 5159 p.
1997 5088 2121 5158 212,

2306 5088 2416 5169 (5))
2461 5086 2573 5176 re;
2599 5084 3087 5176 grtqmtqtﬁr.
3128 5082 3266 5138 Eum
3293 5081 3596 5138 Pausanias
3623 5082 3821 5137 Ἴκκον

566 5155 742 5230 πρᾶγ
814 5155 839 5157 θ’
1027 5155 1044 5163 ’
1190 5155 1299 5181 η·
1915 5155 1933 5159 -
2111 5155 2119 5158 ⁷

2234 5155 2500 5230 nominat,
2528 5157 2696 5229 ἄνδρα
2738 5155 3100 5230 Ἐπιδαύριον.

633 5221 749 5315 (ξιὸ)
789 5237 1155 5315 Κλεομὴῥης.
1188 5234 1313 5315 ιιοο
1329 5231 1831 5315 (ιερυείιεπξίφιιίε
1853 5230 2121 5315 Ριιιιτιιλειιιἶ

2307 5226 2418 5315 es)
2458 5221 2875 5315 aestimas:
2896 5221 3051 5315 #9589.
3066 5221 3495 5315 sumendi.

563 5290 1157 5384 ιηῇὃῖηιῐῖδζ
1188 5290 1577 5384 Ριιιιεειιίἓεῖιι
1608 5299 1838 5384 Heliae,
1856 5317 1919 5384 Β,
1947 5299 2048 5384 18θ
2078 5308 2121 5354 el

2304 5290 2413 5384 (55)
2463 5290 2581 5384 Ill-'11:"
2613 5290 3108 5384 ἀχθηδόνοςξειο.
3129 5290 3402 5356 Pansam,
3437 5290 3660 5369 εὔφρων
3687 5292 3817 5361 ἐγέο

561 5384 697 5453 187;
726 5370 987 5453 Origenes
1023 5377 1091 5432 In
1117 5370 1325 5453 Celsum
1346 5374 1469 5453 lib.“
1488 5388 1569 5439 ιιι,
1603 5387 1656 5440 p.
1691 5372 1826 5453 1.3;“;
1856 5370 2125 5453 Theudor.

561 5455 656 5509 lib.
682 5440 784 5509 'vm
817 5440 892 5507 De
925 5450 1156 5505 (ἔπεσον.
1182 5442 1526 5515 aﬁ'ectionib.,
1554 5457 1678 5510 pag.
1713 5442 1850 5515 115‘;
1876 5440 2128 5515 ilyrillus

563 5523 851 5579 Alexandr.
885 5520 949 5576 In
974 5509 1251 5574 lulianum
1276 5509 1611 5583 Apostat‘arn,
1634 5509 1698 5580 7p.
1731 5511 1835 5565 (ἱἓί
1874 5509 2129 5574 Herveti;

562 5604 617 5647 at
647 5593 820 5649 Graeci
853 5591 1056 5648 codicis
1084 5579 1360 5642 manuscr.
1394 5592 1439 5638 t.
1462 5579 1527 5643 ll,
1562 5579 1659 5635 lib.
1690 5596 1753 5646 ιι,
1782 5583 1873 5650 qui
1911 5588 2119 5650 postre-

562 5664 637 5716 mi
666 5665 870 5718 cultum
925 5659 1026 5715 SS.
1062 5655 1390 5726 martyribus
1423 5668 1454 5707 a
1479 5651 1803 5726 Christianis
1835 5652 2114 5726 tributum,

562 5733 696 5788 inita
724 5730 1028 5788 Cleomedis
1066 5720 1230 5784 etiam
1263 5723 1628 5790 contentione,
1659 5720 1971 5778 defendunt.

2231 5367 2351 5422 νετο
2382 5367 2489 5423 ὑπὸ
2509 5370 2608 5439 τῆς
2632 5367 2826 5439 λύπης.

2304 5439 2415 5511 (54)
2451 5428 3083 5511 ῌὶςἿερΨᾶιὸώτιον.
3123 5432 3423 5490 Pausanias
3466 5432 3521 5486 in
3553 5428 3821 5486 Hinervze

2232 5506 2433 5577 templo
2460 5506 2667 5577 factum,
2686 5508 2741 5561 id
2766 5523 2887 5562 esse
2913 5516 3117 5560 narrat.

2302 5568 2415 5651 (55)
2454 5576 2583 5632 Post
2624 5576 2929 5651 ἐξελκῦσαι,
2957 5575 3250 5651 manifesta
3275 5572 3519 5651 traiectio
3551 5578 3657 5651 est.
3705 5568 3820 5651 ιιρεὶἶ

2225 5636 2331 5718 que
2380 5636 2790 5720 reponendum»:
2813 5636 2955 5718 ’Ἄρα
3019 5652 3170 5720 ἣρως
3199 5646 3299 5698 οὐκ
3332 5636 3445 5696 ἐστι
3483 5639 3715 5711 θνητός;
3743 5636 3821 5694 Ὦ

2223 5711 2563 5791 Κλεόμηδεςο
2596 5711 2681 5771 οἷα
2704 5718 2771 5772 τά
2803 5711 2934 5790 μηχ.
