3862 6220
114 365 208 420 591
260 352 273 361 ‘

1288 355 1610 421 ΡΒΑΕΡᾹΒ.
1653 364 1903 423 EVANG.
1944 364 2072 423 LIB.
2116 363 2183 426 ν.

3260 368 3369 428 ’598

112 481 701 558 ξῌξοχοςρθανὰτῳιζ
722 473 859 558 ὄνος
887 478 1087 558 ᾂγιοςος
1106 522 1134 558 ν,
1157 486 1229 536 οὐ
1266 482 1646 558 Κλξφμήδηςν

1794 485 2062 558 {faximus
2089 487 2173 541 hic
2197 502 2392 558 onager
2423 500 2689 558 superum,
2716 502 2820 542 non
2843 488 2959 558 jam
2992 487 3319 556 Cleomedes,

116 554 216 605 Ὃν
238 554 487 619 θυσίαις
511 551 699 622 τιμᾶθ’
736 555 817 620 ὡς
844 551 956 608 οὐκ
988 555 1077 607 ἐτι
1104 553 1328 620 θνητὸν
1350 551 1547 608 ddiem.

112 664 198 738 Μὴ
225 666 336 739 γάρ
370 667 435 738 δὴ
478 657 783 739 θαῦμάσῃς,
822 669 871 721 εἰ
904 670 996 723 καὶ
1034 668 1265 739 δναγρος
1317 670 1692 724 ἐπιδικάσεται

113 758 446 823 ἀθανασίας,
483 760 680 823 ἱκανῶς
697 760 765 814 τὰ
813 759 931 814 θεῖα
978 761 1567 832 παρασκευασάμενος
1598 763 1695 815 καὶ

114 850 353 914 ἀκούσας
379 851 453 922 μὴ
481 852 809 921 ἀνασχέσθαι
845 864 893 915 ι,
920 851 1032 907 ἀλλ’
1058 852 1353 923 ἀπειλῆσαι
1390 852 1417 892 5
1459 853 1553 907 καὶ
1597 853 1694 907 αὐ-

113 944 202 996 τὸν
249 944 344 997 τὸν
394 944 683 1016 Κλεομήδη
718 944 964 1009 πατάξας
1000 946 1081 1008 είς
1112 945 1172 998 τὸ
1206 943 1480 1020 βάραθρον
1525 945 1697 1017 ἐμϐα-

113 1034 245 1099 λεῖν,
280 1037 391 1093 καὶ
418 1038 521 1094 οὐκ
563 1030 883 1113 ἐπιτρέψειν
906 1036 1054 1111 αὐτῷ
1078 1042 1158 1104 είς
1184 1039 1275 1093 τὸν
1297 1037 1539 1110 οὐρανὸν
1565 1040 1695 1093 ἀνα-

117 1131 273 1199 ϐῆναι
296 1147 312 1160 ο
342 1127 483 1185 εἶναι
516 1130 623 1204 γὰρ
654 1132 818 1186 αὑτοῦ
852 1131 1145 1203 ἀξιώτερος
1179 1130 1361 1187 αὐτῶν
1401 1132 1511 1186 τῶν
1535 1130 1695 1186 θείων

115 1222 322 1295 δώρων,
366 1224 461 1277 ἀτε
496 1225 633 1295 μήτε
662 1223 811 1295 αὐτῷ
834 1225 979 1294 μόνῳ
1019 1224 1240 1296 ἕτοιμος
1282 1222 1358 1276 ὣν
1404 1222 1693 1294 μάχεσθαι,

117 1317 216 1371 κᾶν
238 1320 290 1370 εί
322 1317 561 1389 σιδηροῖς
593 1316 771 1388 χρῷτο
792 1320 905 1380 τοῖς
935 1318 1144 1387 ἱμᾶσιν,
1175 1316 1312 1371 ἀλλά
1346 1318 1441 1370 καὶ
1478 1315 1556 1386 τῷ
1587 1316 1696 1369 Θα-

118 1411 216 1479 σίῳ
238 1410 422 1479 πύκτῃ
441 1408 549 1479 (56)
575 1409 691 1480 ἅμα
718 1409 1066 1481 ἀμφοτέροις,
1092 1410 1232 1481 ὑπὲρ
1252 1404 1312 1464 οὗ
1334 1410 1428 1464 τοῦ
1447 1411 1698 1483 ἀνδριάν-

117 1518 203 1566 τος
219 1501 572 1573 ἐχαλέπηναν
603 1503 654 1554 οἱ
684 1501 815 1566 θεοὶ,
844 1502 939 1555 καὶ
964 1503 1062 1573 τὴν
1100 1501 1316 1557 Θασίων
1351 1502 1456 1573 γῆν
1495 1503 1695 1575 ἄφορον

118 1596 461 1666 εἰργάσαντο.
493 1593 831 1665 Πιστεύομεν
850 1593 906 1647 δὲ
936 1594 1032 1648 καὶ
1063 1595 1193 1667 περὶ⁹
1232 1594 1428 1648 τούτου
1458 1595 1558 1647 οὐκ
1605 1596 1699 1647 ἀν·

119 1685 352 1757 θρὼπῳ,
391 1685 530 1739 ἀλλά
588 1685 695 1757 θεῷ
731 1685 809 1757 τῷ
842 1686 1015 1760 αὐτῷ.
1058 1687 1151 1751 Ἐξ
1177 1682 1251 1741 ὧν
1282 1688 1394 1758 ἐγὼ
1436 1690 1529 1742 καὶ
1558 1689 1697 1743 πάνυ

117 1778 441 1849 κατενόησα,
462 1778 545 1831 ὅτι
562 1777 702 1832 θεῖόν
723 1779 902 1850 τιάρα
921 1775 990 1849 ἦν
1010 1780 1348 1852 ἐπιτήδευμα
1372 1782 1406 1853 ή
1436 1783 1695 1854 πυκτική·

1793 556 2042 611 Divinum
2070 574 2103 611 a
2128 559 2270 611 vobis
2298 556 2437 627 [erat
2463 556 2783 613 immortalis
2809 556 3080 614 honorem.

1792 667 1979 739 Neque
2003 654 2136 725 vero
2167 669 2366 725 mirum
2389 671 2487 726 tibi
2514 672 2803 741 videatur,
2840 673 2987 744 quod
3030 675 3360 735 immortali-

1793 769 1959 818 tatem
2006 763 2112 819 sibi
2143 778 2349 835 onager
2379 779 2482 820 suo
2529 766 2688 835 quasi
2721 765 2846 836 jure
2883 767 3226 837 vindicaret,
3259 778 3369 828 tam

1793 855 1934 912 belle
1961 855 2125 912 rebus
2153 857 2458 927 opibusque
2490 857 2690 911 divinis
2720 857 3054 915 instructus:
3107 861 3367 932 quodque

1796 948 1886 1003 ubi
1919 956 2102 1003 vestro
2127 950 2193 1003 de
2225 949 2454 1004 consilio
2485 947 2690 1018 aliquid
2722 948 3047 1018 inaudisset,
3084 951 3376 1023 impatiens

1795 1039 2029 1108 injuriae,
2066 1040 2311 1097 futurum
2340 1041 2663 1109 minaretur,
2695 1043 2775 1096 uti
2804 1042 3149 1099 Cleomedem
3194 1045 3373 1116 ipsum

1797 1133 1851 1187 in
1909 1133 2224 1204 voraginem
2295 1135 2541 1190 calcibus
2588 1144 2878 1191 contusum
2939 1136 3217 1207 dejiceret,
3273 1140 3422 1193 nec‘

1795 1223 1949 1280 illum
1986 1241 2230 1296 unquam
2284 1226 2338 1279 in
2383 1226 2581 1282 coelum
2636 1228 3007 1283 conscendere
3050 1237 3371 1299 pateretur:

1796 1317 1901 1372 sibi
1931 1318 2076 1372 enim
2118 1317 2324 1388 justius
2353 1333 2519 1388 quam
2551 1318 2658 1389 ipsi
2689 1318 2873 1374 divina
2904 1319 2991 1374 illa
3023 1336 3253 1379 munera
3278 1325 3375 1379 de-

1797 1407 1912 1462 beri
1953 1408 2306 1462 contenderet
2334 1425 2349 1475 ;
2383 1408 2584 1479 quippe
2618 1409 2713 1478 qui
2743 1424 2851 1463 non
2895 1424 3018 1464 cum
3051 1425 3118 1465 eo
3150 1412 3327 1467 solum
3356 1451 3375 1477 ,

1798 1501 2013 1555 tametsi
2066 1499 2259 1555 ferreis
2301 1499 2557 1555 caestibus
2600 1509 2845 1555 uteretur
2868 1528 2905 1568 ,η
2934 1516 3123 1557 verum
3155 1515 3210 1558 et
3248 1519 3374 1560 cum

1798 1591 1970 1645 altero
2012 1592 2177 1646 simul
2204 1592 2387 1663 pugile
2438 1590 2642 1646 Thasio
2690 1608 2932 1663 pugnare
2979 1604 3202 1663 posset:
3241 1597 3373 1663 illo,

1800 1682 2048 1753 inquam,
2072 1682 2298 1750 Thasio,
2328 1684 2485 1755 cujus
2510 1684 2581 1738 ob
2610 1691 2845 1739 statuam
2873 1687 3132 1741 commoti
3156 1689 3377 1757 gravius

1799 1779 2003 1847 superi,
2034 1778 2115 1832 uti
2146 1778 2305 1833 ﬁdem
2337 1794 2445 1833 non
2477 1778 2645 1833 homo
2675 1779 2865 1834 nescio
2896 1779 3021 1849 quis
3048 1820 3063 1843 ,
3095 1781 3189 1836 sed
3232 1781 3373 1837 idem

115 1871 241 1933 τοὺς
262 1869 322 1922 ὢ
351 1870 582 1934 πολλοὺς
610 1870 706 1924 καὶ
724 1870 1003 1941 οἰομένους
1030 1868 1170 1926 εἶναι
1201 1876 1399 1944 σοφοὺς
1431 1874 1688 1943 ἐλελήθει·

1797 1868 1914 1936 ipse
1956 1866 2102 1923 Deus
2141 1866 2291 1932 facit,
2328 1866 2655 1922 Thasiorum
2688 1868 2818 1923 olim
2849 1883 3040 1941 agrum
3091 1871 3376 1928 sterilitate

116 1961 204 2025 ἶν’,
234 1961 499 2033 ἀφέμενοι
532 1960 627 2014 τοῦ
651 1961 807 2015 καλοὶ⁹
846 1962 1078 2031 κάγαθοὶ⁸
1107 1959 1279 2029 εἶναι,
1315 1965 1518 2035 ἤσκουν
1558 1965 1698 2019 αὑτά

116 2050 208 2105 τοῦ
241 2053 449 2106 Θασίου
471 2052 678 2106 πύκτου
697 2070 711 2084 ·
744 2046 789 2121 ᾧ
818 2054 1117 2109 ἀθανασίαν
1151 2056 1272 2127 μὲν,
1295 2056 1486 2128 ὥσπερ
1528 2058 1697 2111 Κλεο-

122 2144 301 2217 μήεει.
339 2146 440 2198 οὐκ
486 2145 715 2212 ἔδωκαν,
772 2147 1037 2215 ἐφίλησαν
1077 2147 1136 2202 δὲ
1186 2149 1440 2219 μεγάλως
1474 2150 1521 2202 οἱ
1561 2149 1690 2205 θεοί.

118 2237 275 2291 Οῦτω
296 2238 392 2290 καὶ
421 2238 449 2289 ὁ
475 2237 702 2309 χάλκεος
720 2238 882 2292 αὑτοῦ
912 2238 1135 2311 ἀνδριάς
1162 2238 1329 2305 ἕδειξέ
1349 2257 1401 2293 τι
1432 2240 1572 2313 ὑπὲρ
1595 2239 1695 2304 τὰς

113 2329 220 2381 τῶν
249 2329 427 2384 ἄλλων
458 2329 758 2401 ἀνθρώπων
778 2332 1012 2397 εἰκόνας,
1037 2332 1476 2403 ἐπικατενεχθεὶς
1493 2332 1572 2403 τῷ
1596 2350 1697 2402 μα-

117 2420 389 2494 στιγοῦντι
417 2423 617 2495 ἐχθρῷ,
646 2424 788 2478 κατά
812 2441 953 2488 τινα,
984 2424 1059 2487 ὡς
1091 2424 1255 2489 ἔοικε,
1286 2422 1566 2494 δαιμονίαν
1602 2423 1697 2494 μέ-

117 2528 336 2586 ριμναν.
383 2515 526 2568 Ἀλλ’
556 2516 607 2568 οἱ
636 2516 867 2587 ἄφρονες
890 2515 1100 2582 Θάσιοι,
1131 2517 1225 2569 καὶ
1271 2514 1433 2568 θείων
1479 2514 1717 2586 ἄπειροι

115 2607 459 2678 πραγμάτων
482 2646 499 2671 ,
542 2607 930 2678 ὴγανάκτησάν
964 2624 1044 2672 τε,
1072 2609 1169 2661 καὶ
1195 2605 1327 2676 ἄγος
1354 2606 1695 2660 ἐπεκάλεσαν

111 2698 187 2769 τῷ
218 2699 521 2772 ἀνδριάντι,
553 2700 648 2752 καὶ
669 2698 822 2769 δίκην
843 2697 1366 2770 είσεπράξαντο,καὶ
1397 2698 1696 2752 καταδῦσαι

111 2790 422 2860 ἐτόλμησαν
449 2792 529 2853 είς
561 2789 658 2861 τὴν
686 2790 976 2847 θάλασσαν.
1008 2792 1083 2843 Οὐ
1122 2789 1225 2861 μὴν
1256 2789 1509 2859 διέφυγόν
1546 2807 1610 2858 γε
1643 2791 1695 2843 οί

110 2880 327 2944 Θάσιοι,
361 2881 477 2935 ἀλλ’
500 2883 549 2934 οἱ
572 2880 683 2934 θεοὶ
703 2880 945 2945 ἐδίδαξαν
981 2880 1167 2952 ἡλίκον
1196 2880 1364 2935 κακὸν
1398 2881 1490 2934 ὑπ’
1517 2880 1696 2936 αὐτῶν

110 2973 386 3046 ἐτολμήθη
408 3014 424 3037 ,
457 2973 614 3043 λιμὸν
648 2972 1057 3044 ἐπιπέμψαντες
1096 2972 1187 3026 τὸν
1217 2970 1315 3043 τῆς
1355 2973 1502 3037 θείας
1541 2972 1698 3043 δίκης

106 3065 397 3120 διάκονονο
429 3065 489 3129 ὃς
520 3065 722 3131 ἐδίδαξε
755 3064 909 3135 μόλις
943 3065 1138 3128 αὐτοὺς
1160 3064 1231 3117 τὰ
1265 3065 1374 3117 τῶν
1401 3063 1539 3118 θεῶν
1571 3063 1696 3134 βου-

109 3157 361 3227 λεύματα
381 3197 398 3223 ,
428 3158 541 3223 ὅτε,
570 3156 1079 3228 φιλανθρωπότατος
1112 3155 1248 3209 θεῶν
1283 3156 1346 3209 σὺ
1386 3155 1465 3227 τῷ
1511 3153 1695 3225 οἰκείῳ

109 3250 318 3320 τρόπῳ,
352 3248 451 3318 τὴν
482 3247 731 3318 βοήθειαν
759 3247 940 3310 αὐτοῖς
978 3244 1249 3317 ἔπεμψας,
1275 3247 1481 3315 λέγων’

1796 1958 2146 2013 damnarunt.
2194 1956 2273 2012 Ex
2304 1958 2503 2027 quibus
2547 1972 2696 2013 nunc
2733 1958 2952 2016 demum
2986 1959 3260 2031 intelligo,
3290 1960 3376 2016 di-

1797 2051 1984 2106 vinum
2016 2052 2176 2121 plane
2208 2050 2415 2121 aliquid
2439 2064 2562 2107 esse
2589 2050 2928 2122 pugilatum:
2950 2051 3003 2108 id
3023 2053 3168 2122 quod
3191 2054 3375 2110 videre

1796 2158 2111 2212 nunquam,
2141 2142 2227 2197 vel
2257 2157 2446 2197 eorum
2465 2184 2481 2209 ,
2516 2143 2610 2213 qui
2636 2157 2696 2197 se
2743 2142 3016 2212 sapientes
3042 2142 3205 2213 vulgo
3235 2159 3375 2214 pra:-

1796 2234 2072 2300 dicabant,
2107 2234 2352 2303 plerique
2382 2243 2628 2304 potuere.
2659 2232 2850 2301 Secus,
2885 2235 3108 2291 omissis
3137 2236 3214 2292 illi
3246 2251 3377 2308 pro-

1798 2324 1940 2379 recto
1992 2324 2205 2380 honesti
2251 2324 2495 2394 rectique
2544 2324 2782 2391 studiis,
2830 2324 2899 2379 ad
2948 2324 3136 2382 Thasii
3177 2329 3376 2400 pugilis

1797 2415 2541 2484 imitationemadhaesisseut.
2569 2414 2704 2470 Nam
2723 2423 2783 2470 ut
2806 2431 2931 2471 eum
2961 2418 3378 2492 superi,quem-

1797 2508 2090 2562 admodum
2120 2506 2487 2575 Cleomedem,
2524 2507 2933 2563 immortalitate
2959 2524 3067 2564 non
3097 2510 3373 2577 donarint,

1798 2603 2070 2675 praecipuo
2093 2608 2272 2656 tamen
2304 2616 2492 2655 amore
2522 2600 2796 2671 prosecuti
2832 2610 2980 2656 sunt.
3028 2601 3210 2674 Usque
3238 2605 3375 2660 adeo

1798 2694 2076 2766 singulare
2129 2691 2387 2762 quiddam
2419 2733 2435 2757 ,
2492 2706 2656 2759 supra
2716 2698 3036 2746 cancrorum
3089 2692 3371 2748 hominum

1798 2784 2086 2855 imagines,
2113 2796 2324 2837 aeneum
2365 2780 2485 2848 ejus
2517 2779 2873 2835 simulacrum
2923 2779 3198 2842 ostendit,
3246 2794 3372 2834 cum

1798 2878 1852 2931 in
1880 2883 2044 2946 caput
2082 2873 2285 2928 inimici
2314 2912 2328 2937 ,
2377 2887 2409 2925 a
2444 2887 2554 2942 quo
2588 2880 2702 2924 tum
2752 2869 2967 2940 flagello
3013 2870 3333 2940 pulsabatur
3355 2909 3372 2936 ,

1798 2971 2022 3035 repente
2068 2963 2303 3027 cecidit,
2349 2977 2460 3018 non
2509 2962 2628 3016 sine
2655 2960 2840 3016 divino
2867 2999 2884 3024 ,
2928 2962 3008 3016 uti
3047 2961 3222 3017 visum
3266 2972 3370 3020 est.

1799 3057 2051 3114 consilio.
2087 3055 2157 3109 At
2191 3055 2472 3109 enimvero
2498 3053 2757 3109 vecordes
2786 3052 2997 3120 Thasii,
3034 3062 3090 3108 et
3119 3052 3173 3107 in
3210 3052 3372 3107 rebus

1799 3149 1999 3205 divinis
2026 3147 2319 3218 peregrini,
2352 3161 2539 3201 casum
2587 3145 2777 3216 iniquo
2829 3143 2973 3199 ferre
3003 3144 3188 3199 animo
3214 3183 3228 3209 ,
3256 3143 3374 3214 pia-

1722 3237 1765 3296 C
1796 3243 1905 3297 culi
1949 3234 2305 3295 simulacrum
2346 3251 2625 3292 arcessere
2651 3275 2667 3301 ,
2717 3250 2907 3306 poenas
2950 3242 3194 3304 repetere
3217 3273 3232 3297 ,
3269 3249 3373 3304 po-

111 3352 319 3397 stremo
346 3341 404 3396 in
433 3356 583 3395 mare
612 3341 893 3411 projicere.
946 3338 1193 3404 Frustra,
1227 3340 1367 3394 nihil
1403 3339 1548 3394 enim
1617 3346 1882 3409 egerunt:
1917 3335 2049 3399 imo,
2073 3348 2238 3405 quam
2287 3346 2408 3387 sese
2462 3330 2612 3401 gravi
2679 3330 2883 3387 scelere
2912 3328 3372 3393 obstrinxissent,

114 3426 256 3487 fame
316 3431 665 3502 postmodum
700 3430 927 3502 justitiar.
953 3430 1150 3485 divina:
1182 3431 1528 3496 administra,
1565 3445 1755 3485 eorum
1792 3428 1846 3481 in
1887 3426 2163 3496 regionem
2214 3423 2485 3489 immissa,
2514 3422 2698 3493 superi
2745 3422 3002 3478 docuere.
3044 3420 3369 3491 Quanquam

117 3530 199 3583 vix
245 3529 329 3584 illi
370 3529 535 3584 etiam
575 3537 689 3582 tum
733 3527 972 3583 divinam
1044 3542 1339 3596 agnoscere
1382 3527 1715 3582 voluntatem
1786 3530 2101 3594 potuerunt.
2164 3521 2352 3591 Itaque
2406 3529 2465 3572 tu
2517 3520 2606 3574 ille
2652 3519 2880 3575 deorum
2936 3518 3370 3605 humanissimus

118 3638 273 3694 opem
295 3636 451 3677 more
479 3629 573 3676 tuo
596 3618 1007 3675 consulentibus
1030 3618 1226 3686 tulisti,
1260 3619 1365 3674 hoc
1384 3618 1690 3675 versiculo:

113 3744 207 3811 Εὶς
227 3742 467 3812 πάτρην
488 3742 760 3814 φυγάδας
786 3742 1057 3814 κατάγων
1075 3742 1388 3811 Δήμητραν
1410 3740 1683 3811 ἀμήσεις.

124 3894 259 3948 Ἀλλ’
281 3894 641 3966 οί.ἀ6έλτεροι
671 3894 832 3949 πάλιν
876 3896 1000 3960 τοὺς
1028 3896 1328 3966 φεύγοντας
1370 3894 1690 3969 ἀνθρώπους

116 3985 297 4058 ᾤοντο,
330 3988 413 4040 ὅτι
440 3985 521 4039 δεῖ
546 3987 741 4051 αὐτοὺς
762 3987 1115 4042 κατακαλεῖν*
1140 3988 1329 4052 κακῶς
1364 3988 1586 4052 εἰδότες.
1623 3986 1688 4039 Τί

126 4078 222 4149 τὰρ
256 4079 324 4150 δὴ
348 4078 446 4132 καὶ
472 4078 622 4149 μέλει
650 4082 760 4142 τοῖς
801 4078 1372 4152 ἀφιλανθρωπσιάτοις
1417 4079 1558 4142 θεοῖς
1597 4079 1689 4132 ἀν-

117 4169 350 4242 θρώπιον
370 4171 680 4225 κατακαλου
688 4171 884 4243 μένων,
904 4171 1136 4245 ὅσονπερ
1157 4172 1487 4245 ἀνδριάντων
1506 4188 1521 4237 ;
1538 4169 1690 4241 Ἀμέ-

118 4276 191 4316 λει
219 4263 378 4318 οὐδὲν
406 4263 503 4317 ἐπὶ⁸
521 4263 696 4335 τούτῳ
725 4264 974 4337 ὠφελήθη
1012 4266 1046 4336 ἡ
1076 4266 1170 4336 γῆ,
1203 4263 1345 4317 ὥστε
1376 4261 1686 4317 παύσασθαι

120 4357 371 4410 δοσοῦσα’
412 4358 463 4410 εἰ
492 4355 568 4427 μὴ
593 4356 703 4411 τῶν
731 4355 908 4425 σοφῶν
945 4357 1040 4409 καὶ
1068 4355 1446 4426 ἐπισταμένων
1480 4372 1564 4418 τις
1596 4353 1688 4406 τὸν

108 4450 248 4500 σεῖον
270 4444 406 4499 νοῦν
450 4446 651 4516 συνῆκε
678 4486 693 4511 ,
725 4446 939 4515 φυγάδα
963 4441 1103 4499 εἶναι
1128 4445 1220 4500 τὸν
1261 4461 1687 4499 καταπεποντω-

1796 3734 1955 3806 232
1988 3730 2164 3787 Redde
2193 3730 2345 3784 modo
2395 3726 2661 3782 exsulibus
2709 3726 2974 3795 patriam,
3018 3724 3169 3868 (fere:
3192 3727 3369 3795 ampla

3057 3813 3135 3849 me
3159 3809 3294 3853 stur.

3057 3809 3294 3853 metetur.

1795 3895 1895 3953 Hic
1924 3910 2117 3967 nempe
2155 3908 2263 3948 non
2303 3891 2485 3946 minus
2523 3887 2738 3954 stolidi,
2773 3886 3108 3942 revocandos
3148 3889 3367 3943 exsules

1796 4004 1905 4044 non
1960 3987 2097 4043 alios
2142 3998 2265 4040 esse
2296 3995 2462 4052 quam
2509 3979 2762 4034 homines
2809 3977 3096 4047 putabant.
3149 3978 3365 4034 lnsulse

1793 4089 1962 4130 vero:
1997 4072 2126 4144 quid
2158 4070 2301 4128 enim
2336 4069 2442 4125 diis
2492 4067 2913 4123 immanissimis‘
2952 4075 3169 4121 tantum
3217 4082 3364 4124 curae

1794 4169 1903 4223 sint
1930 4166 2182 4222 homines
2210 4165 2278 4218 ab
2300 4162 2493 4218 exsilio
2519 4160 2832 4226 revocandi,
2874 4167 3137 4230 quantum
3170 4160 3364 4230 imagi--

1794 4273 1892 4313 nes
1944 4253 2334 4311 restituendae?
2363 4251 2506 4323 Ergo
2553 4251 2724 4305 nihilo
2754 4257 2943 4320 postea
2988 4250 3213 4304 meliore
3246 4251 3363 4307 solo

1794 4349 1895 4412 uti,
1930 4346 2068 4401 nihil
2101 4359 2331 4416 usquam
2365 4344 2418 4397 vi
2453 4341 2629 4397 morbi
2663 4341 3013 4396 remittente:
3054 4340 3230 4395 donec
3269 4357 3358 4395 so-

1789 4439 1978 4492 lertior
2016 4437 2311 4507 quispiam,
2345 4434 2559 4489 acutius
2591 4434 2657 4488 de
2690 4447 2943 4501 superum
2974 4443 3153 4489 mente
3180 4434 3356 4504 conji-

122 4538 269 4593 ιὲνον
294 4538 610 4609 ἀνδριάντα.
645 4539 756 4593 Καὶ
778 4534 846 4610 ἦν
870 4537 1063 4602 οὓτως.
1086 4539 1237 4608 Ἀμα
1262 4536 1371 4609 γὰρ
1393 4532 1682 4604 ἀνεστάθη,

1794 4532 1941 4585 ciens
1973 4570 1988 4596 ,
2036 4527 2246 4583 exsulis
2305 4526 2527 4581 nomine
2569 4525 2873 4580 demersam
2919 4523 3069 4578 illam
3122 4532 3358 4579 statuam

124 4629 201 4681 (αὶ
229 4629 397 4692 εὐθὺς
430 4630 464 4701 ή
500 4629 597 4699 μὲν
623 4631 694 4700 γῆ
721 4629 1031 4694 ἀνέϐαλλεν,
1065 4628 1115 4681 οἱ
1140 4628 1199 4681 δὲ
1229 4626 1462 4697 ἐκώμων
1499 4625 1686 4696 Δήμη-

123 4738 195 4790 ιρι
210 4721 423 4777 λριπόν.
457 4722 582 4785 Πῶς
607 4716 700 4775 οῦν
730 4724 789 4775 οὐ
822 4722 1095 4793 τεκμήρια
1121 4719 1296 4774 ταῦτά
1320 4721 1456 4773 εἰσιν
1480 4715 1683 4788 ἐναργῆ

123 4810 203 4879 τῆς
233 4809 573 4881 θεοπρεποῦς
601 4811 915 4882 ἀθλητικῆς,
945 4813 1026 4865 ὅτι
1050 4811 1169 4864 ἐστί
1193 4809 1545 4878 θεοτίμητος;
1573 4806 1685 4860 Καὶ

115 4899 215 4971 γὰρ
246 4901 345 4953 καὶ
376 4901 472 4953 ἐπὶ
501 4899 796 4954 πεντάθλου
828 4900 1101 4972 ἀνδριάντι
1143 4898 1455 4971 ὑϐρισμένῳ
1496 4896 1685 4967 ἐμήνι-

111 5010 205 5047 σαν
235 4994 288 5046 οί
316 4992 450 5058 θεοὶ,
484 4992 578 5047 καὶ
605 4994 804 5064 Λοκροὶ
828 4992 1121 5065 ἐπείνησαν
1148 4991 1234 5045 διά
1265 4991 1453 5051 τοῦτο,
1491 4988 1681 5057 ὥσπερ

102 5086 314 5149 Θάσιοι,
345 5085 455 5147 ἕως
483 5085 681 5148 αὐτοὺς
706 5085 894 5139 ἰάσατο
919 5084 1095 5153 λόγιον
1120 5084 1212 5138 σὺν
1242 5082 1364 5154 ἕχον
1401 5081 1572 5143 οὕτως
1593 5097 1606 5111 ’

1790 4621 2012 4692 intelligi
2037 4620 2384 4675 declarasset.
2424 4617 2492 4672 Et
2529 4632 2685 4679 vere.
2707 4614 2845 4669 Nam
2874 4615 3038 4670 simul
3063 4623 3226 4685 atque
3257 4631 3362 4672 suo

1789 4715 2021 4784 reposita
2052 4712 2172 4766 loco
2203 4710 2325 4774 fuit,
2356 4709 2661 4780 germinare
2692 4717 2835 4763 terra
2867 4708 3125 4763 continuo
3148 4749 3163 4772 ,
3214 4706 3362 4762 Tha-

1790 4809 1964 4878 siique
1989 4793 2243 4873 deinceps
2267 4817 2520 4869 agrorum
2551 4801 2799 4856 ubertate
2845 4801 3071 4871 gliscere
3101 4814 3165 4855 ac
3191 4799 3356 4854 luxu-

1788 4895 1932 4948 riare
1957 4898 2262 4961 coeperunt.
2304 4888 2440 4954 Quis
2463 4889 2580 4944 haec
2619 4904 2785 4959 porro
2830 4904 2940 4944 non
2976 4903 3076 4958 pro
3114 4889 3358 4946 certissi-

1787 4983 1892 5036 mis
1918 4980 2252 5052 argumentis
2289 4980 2505 5044 habeat,
2534 4995 2695 5050 quam
2725 4979 2848 5049 jure
2870 4995 2935 5034 ac
2960 4979 3155 5035 merito
3184 4978 3354 5034 divini

1788 5075 2023 5129 honores
2046 5072 2240 5128 divinae
2269 5073 2594 5127 athletarum
2624 5071 2678 5125 vi
2716 5081 2770 5126 et
2812 5069 3093 5126 industriae
3117 5070 3354 5127 debean-

109 5180 239 5234 tur?
272 5179 411 5234 Nam
464 5188 521 5235 et
567 5190 788 5249 propter
836 5181 1061 5235 alterius
1101 5178 1540 5250 quinquertionis
1590 5183 1827 5228 statuam
1884 5169 2020 5224 alias
2075 5168 2328 5223 violatam
2386 5182 2642 5222 exarsere
2678 5166 2775 5232 dii,
2803 5181 2904 5221 nec
2948 5165 3158 5220 minore
3190 5164 3352 5223 Locri

104 5286 395 5345 propterea
429 5290 592 5345 quam
636 5273 820 5330 Thasii
851 5274 996 5330 fame
1038 5275 1376 5340 laborarunt,
1414 5274 1585 5329 donec
1619 5281 1674 5324 tu
1712 5279 1929 5338 quoque
1958 5264 2063 5319 hoc
2088 5276 2352 5333 responso
2383 5261 2743 5317 calamitatem
2770 5261 2979 5316 levares
3014 5279 3029 5315 :

106 5399 117 5413 ‘
137 5395 217 5447 Εν
237 5391 379 5462 τιμῇ
407 5391 521 5445 τὸν
536 5390 747 5461 ἄτιμον
771 5393 948 5461 ἔχων,
968 5392 1103 5445 τότε
1120 5389 1296 5460 γαῖαν
1328 5386 1599 5458 ἀρώσεις.

1780 5377 1958 5433 Redde
1988 5378 2144 5431 decus
2176 5375 2302 5430 lteso
2325 5392 2346 5441 ;
2374 5392 2514 5447 seges
2542 5375 2720 5446 ampla
2749 5383 2991 5445 sequetur
3023 5382 3285 5428 aratrum.

113 5504 181 5557 Οὐ
204 5503 315 5574 γὰρ
350 5502 553 5575 Λοκροὶ
580 5502 808 5573 ᾔσθοντο
846 5501 1083 5565 διανοίας
1119 5500 1272 5564 θείας
1314 5502 1577 5571 πρότερον
1601 5540 1615 5565 ,
1640 5498 1675 5568 ἢ

1794 5487 1895 5546 Nec
1928 5490 2073 5545 enim
2105 5488 2350 5546 divinum
2380 5487 2447 5543 iis
2478 5486 2767 5543 consilium
2797 5484 3045 5543 subolere
3078 5496 3202 5540 ante
3250 5498 3352 5557 po-

181 5668 207 5694 ·
235 5657 317 5708 Ia.
352 5654 627 5720 ἀνέξεται.
705 5655 845 5708 1ἰσ.
875 5654 1184 5727 ἀπειλήσει.

183 5785 292 5859 (56)
332 5787 533 5854 Θασίῳ
561 5787 780 5856 πύκτῃ.
815 5786 1132 5858 Theagenes
1154 5786 1199 5843 is
1223 5785 1347 5841 fuit.
