3862 6220
96 348 188 404 ιοι
1262 347 1586 405 ΡΒᾹΞΡΑΒ.
1622 348 1687 403 E‘

1793 346 1881 406 lG.
1919 346 2046 402 LIB.
2091 346 2151 400 Υ.
3242 335 3349 391 403

94 469 219 538 ἡμῖν
250 464 323 519 τὰ
349 464 593 537 περὶτοῦ
620 464 851 520 θανάτου
886 466 1094 533 ἔδειξας
1123 469 1217 522 καὶ
1245 468 1347 539 τῆς
1377 468 1524 539 ζωῆς
1543 509 1559 534 ,
1593 470 1676 521 ὃτι

1793 468 1976 523 mortis
2029 468 2423 528 decreverunt,
2477 462 2622 531 quod
2666 460 2843 516 lenius
2895 458 3245 515 Charitonem
3299 468 3352 511 ct

95 554 382 609 κάλλιστόν
424 555 479 607 τί
524 556 673 609 ἐστιν
715 556 749 626 ἡ
795 557 1105 627 ζωή.»Ἐπὶ
1139 555 1349 622 τούτοις
1378 557 1550 613 ἅπασι
1582 559 1677 613 καὶ

1793 556 2150 625 Melanippum
2180 554 2450 611 habuerit.
2494 552 2563 606 At
2605 559 2662 607 tu
2695 550 2820 606 vitae
2851 549 3153 619 mortisque
3185 548 3354 602 ratio—

94 646 203 700 τόδε
230 645 601 717 προσκείσθω.

1793 666 1900 713 nes,
1932 650 2023 703 vix
2053 649 2202 712 licet,
2236 646 2494 715 praeclare
2523 653 2701 698 tamen
2731 640 3069 712 expressisti,
3097 640 3226 695 dum
3249 639 3354 693 hoc

1774 736 1922 792 facta
1967 739 2132 792 vitam
2176 736 2439 792 eximium
2492 733 2750 805 quiddam
2781 746 2902 788 esse
2921 728 3338 802 comprobasti.»

594 927 991 982 ΚΕΦΔΛΔΙΟΝ
1042 929 1182 994 ACI'.

101 1040 215 1094 Ὅτι
258 1040 361 1095 καί
400 1038 517 1108 τὴν
540 1038 786 1108 ἄψυχον
814 1038 976 1106 ὕλην
1006 1036 1208 1093 σέϐειν
1246 1036 1671 1107 προσέταττον.

103 1172 126 1235 ι
166 1153 353 1209 Ἀλλὰ
381 1153 480 1206 καὶ
529 1152 857 1221 Μηθύμνης
885 1149 997 1222 (42)
1028 1149 1267 1218 ναέταις
1295 1150 1452 1235 πολιῇ)
1494 1149 1678 1205 λώϊον

98 1293 422 1363 Φιάλην-ὸν
449 1290 662 1362 τιμῶσι
680 1293 992 1345 Διονύσοιο
1020 1288 1309 1359 κάρηνον.
1361 1219 1571 1292 [ἔσται
1590 1262 1604 1285 ’

1766 831 1979 899 Quibus
2005 832 2259 887 omnibus
2285 831 2391 885 hoc
2416 838 2754 899 postremum
2782 823 3164 895 adiungamus.

2314 922 2543 980 CAPUT
2582 920 2824 977 XXXVI.

1812 1040 1949 1095 Illos
1974 1039 2135 1093 etiam
2154 1036 2403 1106 jussisse,
2432 1042 2489 1088 ut
2517 1033 2743 1087 materia
2773 1030 3015 1085 inanima
3042 1027 3323 1084 coleretur.

1788 1171 1807 1206 ι
1845 1153 1943 1208 Res
1969 1152 2064 1205 tibi
2100 1148 2416 1219 Methymna:
2444 1146 2650 1218 felicius
2682 1142 2857 1198 incola
2884 1142 3047 1209 cedet,

1786 1293 1845 1350 Si
1870 1292 2069 1347 Bacchi
2094 1298 2251 1362 caput
2276 1304 2340 1344 eo:
2374 1288 2524 1343 tereti
2554 1284 2860 1342 venerabere
2889 1281 3054 1353 ligno.

98 1411 288 1467 Θύουσι
316 1410 435 1480 γὰρ
466 1409 524 1462 αί
554 1407 740 1471 πόλεις
769 1408 863 1461 καὶ
896 1404 1116 1469 τελετὰς
1153 1404 1399 1474 ἄγουσιν,
1433 1405 1495 1459 οὐ
1523 1405 1681 1477 μόνον

1793 1406 1991 1461 Passim
2040 1405 2240 1475 quippe
2284 1402 2531 1457 civitates
2560 1440 2574 1464 ,
2620 1414 2731 1453 non
2782 1397 2964 1467 lignea
3008 1392 3209 1457 modo,
3264 1389 3359 1443 sed

99 1504 382 1575 palmet;
404 1500 679 1554 Διονύσοιο
710 1500 988 1572 καρήνοις,
1022 1498 1159 1553 ἀλλὰ
1186 1498 1280 1551 καὶ
1314 1497 1557 1562 λιθίνοις,
1587 1497 1682 1551 καὶ

1793 1500 1946 1554 etiam
1976 1496 2210 1567 lapidea,
2242 1508 2404 1559 aerea,
2429 1506 2597 1546 aurea
2628 1488 2824 1544 Bacchi
2850 1486 3050 1556 capita,
3078 1480 3360 1540 sacrificiis

98 1598 378 1670 χαλκέοις,
434 1599 528 1651 καὶ
578 1594 850 1668 χρυσέοις.
893 1593 1003 1665 (45)
1037 1591 1112 1646 Οὐ
1161 1592 1323 1664 μόνον
1369 1591 1680 1663 φαλληνοῖς,

98 1690 228 1745 ἀλλὰ
253 1689 567 1750 καὶξαῦτοῖς
593 1688 706 1749 τοῖς
742 1683 1060 1747 Διονυσίοις,
1087 1683 1183 1736 καὶ
1212 1680 1393 1744 ἄλλοις
1423 1681 1681 1752 παμπόλ-

1784 1604 1849 1644 ac
1882 1588 2040 1644 statis
2070 1584 2427 1656 religionibus
2458 1589 2829 1637 venerantur:
2864 1578 2976 1632 imo
3013 1590 3121 1629 non
3160 1572 3359 1627 Bacchi

1787 1687 1997 1734 tantum
2031 1677 2209 1747 capita
2229 1715 2244 1740 ,
2276 1674 2370 1730 sed
2401 1673 2539 1728 alios
2569 1670 2732 1726 etiam
2762 1670 3051 1740 plerosque
3073 1665 3237 1730 deos,
3266 1662 3362 1732 qui

96 1783 201 1846 λοις
241 1780 565 1842 Ἠσιοδείοις
611 1777 774 1841 θεοῖς.
833 1776 969 1847 Τρὶς
995 1773 1105 1844 γὰρ
1150 1772 1226 1836 ὡς
1255 1771 1473 1844 ἀληθῶς
1505 1770 1687 1842 μύριοί

1793 1772 2007 1829 Hesiodi
2080 1770 2282 1827 fabulis
2346 1767 2710 1824 celebrantur.
2774 1762 3066 1817 Enimvero
3138 1756 3361 1828 triginta

98 1881 227 1933 εἰσιν
259 1877 356 1929 ἐπὶ
386 1873 539 1945 χθονὶ
569 1869 987 1940 πουλυϐοτείρῃ,
1012 1866 1113 1919 οὐκ
1141 1864 1420 1929 ἀθάνατοι,
1452 1862 1593 1918 ἀλλὰ
1614 1862 1686 1915 λί-

98 1969 226 2024 θινοι
255 1968 354 2022 καὶ
382 1964 585 2031 ξύλινοι
610 1961 865 2016 δεσπόται
897 1955 1233 2029 ἀνθρώπων·
1270 1955 1344 2021 οἳ,
1389 1956 1438 2008 εί
1470 1952 1684 2026 ἀνθρώ-

98 2077 209 2115 πων
232 2058 397 2129 ὓϐριν
424 2074 485 2110 τε
509 2055 603 2109 καὶ¹
630 2052 887 2123 εὐνομίην
917 2048 1197 2121 ἐφεώρων,
1235 2048 1338 2101 οὐκ
1383 2046 1451 2100 ἂν
1495 2042 1687 2099 τοσοῦ-

97 2167 180 2214 τος
203 2148 353 2222 ἧρθη
393 2147 582 2218 λῆρος,
620 2142 762 2196 ὥστε
784 2142 877 2195 καὶ
899 2139 998 2211 ήδη
1026 2139 1121 2193 καὶ
1171 2138 1363 2209 μέχρις
1405 2134 1559 2207 ὑμῶν
1590 2151 1687 2188 κε..

96 2238 410 2312 χωρηκέναι
438 2237 502 2289 τὸ
526 2235 715 2298 κακὸν,
735 2230 1021 2287 ὲπιδιαϐὰν
1047 2232 1141 2285 καὶ
1168 2232 1248 2293 είς
1272 2228 1364 2282 τὸν
1384 2227 1686 2297 Ὄλυμπον,

97 2332 375 2403 ὃθι,φασὶ,
403 2329 555 2385 θεῶν
578 2328 714 2395 ἕδος
733 2325 1009 2396 ἀσφαλὲς
1042 2324 1174 2377 αἰεί.
1212 2321 1406 2375 Καίτοι
1436 2321 1483 2374 εί
1512 2323 1690 2390 ἀσφα-

62 2426 67 2431 ’
96 2424 177 2489 λὲς
190 2419 288 2496 ἦν,
317 2423 420 2476 οὐκ
441 2415 512 2493 ἦν
543 2417 802 2473 ἐπιϐατὸν
828 2416 999 2489 λήρῳ,
1033 2414 1142 2468 οὐδ’
1166 2413 1232 2467 ἂν
1264 2407 1346 2477 εἷς
1376 2430 1462 2477 τις
1499 2411 1691 2482 Ὀλυμν

96 2518 230 2571 πίων
260 2518 345 2580 εἰς
375 2512 538 2567 τοῦτο
562 2507 697 2583 ἦλθε
724 2508 1045 2582 παρανοίας,
1086 2505 1214 2560 ὥστ’
1239 2504 1449 2559 ὲλῶνον
1482 2504 1690 2577 κορμὸν

97 2608 295 2663 θεῶσαι
317 2623 332 2637 ⁸
370 2604 433 2659 ὃν
469 2604 521 2657 οἱ
548 2601 896 2674 Μηθυμναῖοι
921 2598 1169 2669 σαγήνης
1202 2595 1552 2667 ἐμπλακέντα
1575 2595 1690 2657 τοῖς

92 2700 255 2764 λίνοις
311 2696 669 2759 ἀνείλκυσαν,
716 2693 811 2747 καὶ
837 2693 938 2758 δὶς,
980 2693 1030 2745 εί
1055 2690 1255 2762 βούλει,
1283 2688 1379 2743 καλ¹
1410 2688 1550 2759 τρὶς,
1592 2685 1689 2739 καὶ

95 2792 389 2854 πλεονάκις
431 2790 491 2843 ὲν
529 2787 607 2857 τῷ
634 2783 783 2856 αὺτῷ
811 2782 1201 2854 σαγηνεύοντες
1245 2779 1342 2836 ἄνθ
1351 2795 1524 2852 ρωποι
1545 2817 1561 2843 ,
1596 2776 1691 2832 καὶ

96 2883 152 2948 ἑξ
177 2882 400 2936 ἐκείνου
432 2880 516 2944 είς
545 2878 609 2930 τὺ
637 2875 871 2930 Λιϐυκὸν
898 2872 1290 2939 ἐξοκείλαντες,
1330 2870 1438 2924 οὐδ’
1485 2872 1567 2933 είς
1591 2868 1692 2939 τὴν

94 2969 195 3041 γῆν
227 2968 338 3035 ἔξω
352 2964 680 3028 ἐκϐαλόντες
710 2962 870 3017 αὐτόν
890 2979 904 2993 ο
940 2961 1066 3014 ἐπεὶ
1087 2962 1188 3015 οὐκ
1215 2959 1309 3019 ἂν.
1332 2958 1408 3030 μὰ
1450 2957 1542 3012 τὸν
1569 2957 1691 3012 Διό-

96 3077 272 3125 νυσον,
306 3058 389 3113 ἔτι
414 3059 601 3121 αὐτοῖς
622 3054 891 3125 ὲνεπλάκη
921 3055 1032 3117 τοῖς
1051 3052 1238 3116 λίνοις.
1269 3051 1411 3105 Ἀλλ’
1437 3050 1497 3119 ἐξ
1519 3050 1690 3126 ἄκρου

101 3115 457 3223 κεφαλοειδὴς
508 3150 538 3203 ὁ
571 3115 775 3220 κορμὺς
817 3115 1107 3217 (Ἄπολλον
1131 3183 1146 3209 ,
1176 3115 1326 3209 ξένου
1361 3115 1493 3214 (44)⁷
1518 3115 1688 3195 κατα-
1719 3115 1761 3172 c

102 3242 552 3317 σκευάσματοςί)
574 3241 628 3295 τί
659 3242 775 3294 ποτ’
799 3234 891 3294 οὖν
918 3238 1185 3310 ἔπραττεν
1220 3235 1379 3307 ἐντῷ
1428 3235 1687 3304 πελάγει;

102 3339 437 3412 ἀπορήσειεν
481 3335 547 3391 ἄν
585 3352 691 3398 τις.
736 3333 801 3386 Τί
841 3331 953 3403 γὰρ
1000 3330 1128 3386 ἄλλο
1151 3329 1185 3401 ἢ
1211 3329 1477 3402 exitium;
1510 3327 1575 3399 νὴ
1595 3327 1689 3382 τὸν

104 3429 218 3492 Δία,
251 3426 549 3499 ἀναμένων
599 3424 705 3489 ἓως
749 3423 1025 3497 ἄνθρωποι
1071 3422 1386 3494 μαινόμενοι
1444 3420 1542 3493 (οὐ
1579 3420 1689 3491 γὰρ

109 3526 258 3597 (θήσω
278 3526 366 3579 ὅτι
397 3521 496 3576 καὶ
525 3520 671 3584 θεοὶ)
709 3519 1118 3591 ἐγκυρήσαντες
1136 3513 1305 3585 αὐτῷ,
1332 3512 1393 3567 οὐ
1411 3511 1685 3575 Διοπετὲς,

109 3617 235 3670 ἀλλὰ
276 3611 751 3675 Ποσειδωνοπετὲς
792 3610 1128 3681 ἡγήσωνται,
1165 3606 1401 3661 κᾶπειτα
1451 3605 1529 3667 είς
1555 3601 1689 3656 ἄστυ

109 3707 490 3776 ἀπαγάγωσιν,
525 3703 714 3775 ὥσπερ
733 3700 854 3755 τινὰ
878 3698 1087 3771 ἀγαθὴν
1108 3696 1298 3768 τύχην,
1323 3695 1500 3766 κακὴν
1526 3688 1690 3748 οὖσαν

109 3797 177 3864 ὡς
206 3796 433 3870 ἀληθῶς
455 3837 471 3863 ,
502 3795 565 3848 οὐ
607 3793 799 3864 τύχην,
833 3790 969 3845 ἀλλὰ
995 3788 1280 3859 τυφεδόνα.
1314 3788 1384 3839 Ἢ
1408 3785 1507 3840 οὐκ
1531 3786 1690 3857 ἢρκει

112 3890 212 3961 ἄρα
229 3890 423 3950 αὐτοῖς
448 3884 659 3939 οἴκοθεν
683 3881 1013 3944 διολλύουσα,
1043 3878 1156 3932 ἀλλ’
1190 3876 1359 3947 αὐτὴν
1387 3873 1634 3945 ἐπέρωσέ
1663 3886 1690 3914 ι

111 3997 168 4036 τε
195 3983 291 4036 καὶ
317 3978 710 4051 προσεπέτεινε
738 3972 1083 4044 θεοπληξίας,
1115 3970 1191 4034 ὡς
1223 3967 1289 4023 ἄν
1317 3984 1401 4032 τις
1427 3966 1603 4030 εῐποι,
1629 3967 1693 4018 ὲκ

109 4073 330 4145 Δελφῶν
357 4072 748 4143 μετάπεμπτος
768 4066 1026 4137 ἐπιθήκη.
1062 4082 1080 4114 ι
1111 4060 1349 4114 Τοιαῦτα
1378 4058 1474 4111 καλ⁸
1494 4059 1529 4133 ,ὁ
1551 4057 1696 4110 Οἰνόη

117 4141 265 4236 μαος.
308 4141 478 4215 Ἀλλὰ
501 4159 611 4230 γὰρ
643 4157 780 4229 μετὰ
817 4156 885 4209 τὰ
921 4152 1207 4226 εἰρημένα,
1258 4147 1498 4222 μεταϐὰς
1538 4141 1694 4210 αὖθις

115 4259 202 4313 ἐπὶ
216 4260 321 4331 τὴν
353 4259 423 4310 ἐκ
453 4254 652 4324 λογίων
684 4250 999 4322 φιλοσοφίαν
1027 4245 1121 4301 τοῦ
1148 4246 1245 4319 τὴν
1266 4243 1387 4299 καθ’
1404 4242 1560 4315 ἡμῶν
1587 4242 1697 4295 δια-

118 4350 272 4423 ϐολὴν
308 4347 687 4417 πεποιημένου
716 4385 731 4410 ,
765 4340 1035 4411 ἀνάγνωθι
1069 4342 1133 4393 ὲκ
1174 4337 1283 4391 τῶν
1318 4336 1449 4407 περὶ
1501 4337 1697 4406 εἱμαρ-

1784 1866 1967 1937 plane,
2013 1879 2125 1919 non
2171 1863 2285 1933 jam
2316 1859 2742 1923 immortalium,
2790 1854 2884 1910 sed
2916 1852 3275 1924 lapideorum,
3308 1858 3364 1904 et

1784 1958 2087 2029 ligneorum
2109 1954 2335 2009 humani
2358 1951 2571 2023 generis
2597 1947 2943 2005 dominorum
2971 1943 3161 2008 millia,
3178 1941 3363 1997 nutrix

1785 2046 2144 2115 animantium
2177 2053 2320 2100 terra
2346 2042 2748 2113 complectitur,
2777 2040 2869 2108 qui
2900 2035 3165 2107 profecto,
3196 2034 3244 2089 si
3269 2048 3365 2087 co-

1787 2139 2098 2211 gnoscendo
2143 2136 2429 2192 hominum
2480 2133 2672 2191 sceleri
2699 2176 2714 2194 ,
2761 2130 2982 2201 iurique
3027 2132 3363 2198 praeessent,

1788 2246 2069 2302 nunquam
2095 2244 2161 2286 eo
2187 2243 2455 2300 nugarum
2480 2226 2696 2281 vanitas
2719 2222 3069 2287 excrevisset,
3093 2219 3172 2274 uti
3204 2215 3371 2288 235

1789 2325 1856 2381 ad
1881 2340 1978 2381 vos
2024 2338 2199 2394 usque
2238 2322 2443 2376 malum
2488 2317 2837 2390 perveniret,
2884 2313 3113 2384 Olympo
3148 2323 3366 2379 qu0que

1790 2425 2066 2489 superato,
2092 2416 2186 2470 ubi
2218 2415 2429 2480 divum,
2455 2412 2635 2466 aiunt:
2661 2406 2822 2464 Sedes
2842 2422 3029 2461 secura
3059 2419 3150 2474 per
3174 2416 3362 2458 (avum.

1789 2507 1922 2576 Quae
1955 2505 2223 2563 securitas
2254 2503 2302 2559 si
2333 2517 2459 2557 vere
2484 2502 2806 2572 iactaretur,
2834 2510 3009 2566 nugas
3041 2508 3234 2549 omnes
3270 2507 3372 2548 ex-

1789 2601 2067 2663 cluderet,
2120 2611 2221 2651 nec
2262 2594 2637 2667 Olympiorum
2683 2589 2973 2661 quisquam
3021 2600 3089 2640 eo
3131 2584 3370 2640 vesaniae

1790 2689 2131 2752 devenisset,
2170 2694 2229 2740 ut
2275 2682 2560 2753 oleagineo
2587 2678 2802 2735 caudici
2836 2676 3177 2731 divinitatem
3223 2675 3370 2728 inse-

1789 2790 1954 2837 reret.
2025 2778 2181 2834 lllum
2250 2774 2450 2831 etenim
2520 2785 2733 2842 sagenae
2793 2767 3027 2838 plagulis
3096 2765 3368 2821 irretitum

1792 2872 2232 2943 Methymnenses
2256 2874 2627 2927 extraxerant,
2654 2862 2820 2932 idque
2844 2859 3013 2915 semel
3037 2860 3367 2927 iterumque,

1791 2963 1840 3020 si
1873 2962 2090 3032 placet,
2136 2959 2249 3014 imo
2280 2956 2446 3013 etiam
2499 2953 2658 3009 tertio
2682 2993 2699 3019 ,
2750 2950 2836 3004 vel
2869 2948 3067 3019 saepius
3114 2945 3372 3002 demissis

1791 3051 2046 3108 eumdem
2083 3048 2137 3103 in
2160 3049 2340 3104 locum
2371 3045 2580 3101 retibus
2620 3040 2904 3098 fecerant:
2952 3039 3079 3095 inde
3110 3052 3242 3093 vero
3278 3035 3370 3091 Li-

1793 3145 1992 3219 bycum
2037 3142 2092 3196 in
2141 3154 2293 3195 mare
2319 3137 2504 3201 delati,
2545 3147 2894 3205 nequaquam
2924 3146 3050 3186 eum
3082 3131 3138 3184 in
3168 3137 3371 3185 terram

1792 3243 2165 3294 excusserant.
2203 3231 2263 3287 Id
2293 3230 2441 3286 enim
2483 3229 2528 3284 si
2576 3226 2874 3291 fecissent,
2927 3238 3039 3278 non
3080 3222 3198 3294 jam
3224 3262 3239 3287 ,
3275 3237 3373 3292 per

1792 3327 2089 3395 Bacchum,
2119 3325 2340 3382 easdem
2373 3321 2441 3377 ad
2466 3319 2712 3392 plagulas
2748 3316 3087 3373 adhaesisset.
3124 3315 3196 3369 At
3221 3314 3371 3370 enim

1794 3420 2004 3475 caudex
2030 3418 2085 3471 in
2116 3416 2311 3487 capitis
2343 3413 2578 3484 speciem
2617 3427 2648 3465 a
2680 3425 2901 3466 summo
2938 3408 3123 3479 stipite
3148 3406 3370 3463 confor-

1794 3523 1977 3568 matus
2011 3509 2157 3581 (rem
2183 3550 2199 3577 ,
2235 3524 2269 3563 ο
2309 3507 2531 3578 Apollo,
2574 3504 2869 3560 admodum
2904 3499 3277 3573 prodigiosam
3307 3500 3320 3552 ι
3352 3499 3370 3568 )

1797 3601 1930 3672 quid
1971 3614 2156 3655 rarum
2204 3598 2259 3653 in
2309 3597 2498 3652 mari?
2540 3601 2748 3666 quaerat
2801 3594 3035 3649 fortasse
3073 3590 3369 3662 quispiam.

1800 3692 1943 3761 Quid
1986 3708 2116 3749 vero
2160 3690 2345 3757 aliud,
2389 3688 2495 3745 nisi
2540 3697 2608 3743 ut
2644 3687 2843 3742 ibidem
2888 3683 3148 3755 iaceret?
3192 3680 3375 3737 Donec

1801 3784 2077 3840 enimvero
2098 3781 2289 3837 furiosi
2311 3781 2582 3846 homines,
2606 3778 2789 3849 (piget
2812 3777 2957 3832 enim
2989 3776 3120 3831 deos
3146 3770 3374 3841 dicere,)

1799 3873 1854 3929 in
1883 3888 2008 3928 eum
2040 3871 2365 3938 incidentes,
2400 3885 2509 3924 non
2548 3883 2578 3923 a
2606 3866 2740 3923 Jove
2777 3866 3077 3923 demissum
3113 3863 3329 3935 quidem
3357 3901 3372 3925 ,

1800 3964 1896 4022 sed
1945 3980 1978 4019 a
2038 3963 2287 4034 Neptuno
2344 3962 2606 4016 emissum
2656 3955 3375 4026 crederent,eumdemque

1800 4058 2148 4131 postmodum
2177 4056 2231 4110 in
2261 4055 2474 4117 urbem,
2506 4051 2782 4123 quoddam
2809 4051 2977 4107 veluti
3010 4049 3244 4105 fortunae
3284 4048 3374 4101 la:-

1802 4150 1958 4205 tioris
1998 4164 2156 4204 omen
2185 4188 2201 4214 ,
2250 4145 2597 4209 inveherent,
2649 4142 2921 4198 funestam
2971 4157 3031 4196 re
3068 4141 3220 4211 ipsa,
3265 4155 3375 4194 non

1801 4239 2102 4306 fortunam,
2130 4238 2222 4295 sed
2252 4236 2425 4292 facem
2453 4236 2606 4291 urbis
2634 4235 2896 4289 futuram.
2925 4231 3037 4289 Nec
3063 4233 3211 4288 enim
3242 4231 3376 4287 satis

1801 4330 2057 4385 videlicet
2088 4329 2155 4384 ad
2199 4329 2424 4386 exitium
2476 4327 2543 4383 iis
2574 4335 2691 4382 erat
2722 4325 2978 4380 intestina
3018 4324 3221 4394 pestis,
3249 4321 3374 4377 'nisi

123 4415 287 4515 μένης
310 4439 411 4494 τοῦ
435 4415 640 4492 Πυθίου
674 4433 940 4508 χρησμῶν
958 4451 972 4463 ·
1004 4433 1054 4485 εί
1077 4431 1152 4503 μὴ
1177 4429 1272 4483 καὶ
1299 4428 1382 4481 col.
1407 4425 1557 4488 θείας
1600 4423 1687 4477 ἀλ-

1802 4423 1959 4478 novis
1985 4436 2106 4477 eam
2136 4420 2489 4476 incrementis
2517 4435 2583 4474 ac
2613 4418 2819 4473 viribus
2850 4417 3082 4471 incussae
3109 4415 3373 4470 divinitus

121 4535 327 4609 λύτριος
359 4532 439 4586 ὣν
464 4532 747 4601 δυνάμεως
781 4528 862 4581 ἔτι
900 4524 1120 4598 μᾶλλον,
1155 4523 1184 4574 ὁ
1224 4522 1353 4594 περὶ
1391 4518 1500 4572 τῶν
1536 4516 1696 4590 θρυλ-

123 4627 397 4699 λουμένων
435 4622 783 4696 χρηστηρίων
842 4619 1194 4672 ὑποπεσεῖται
1226 4614 1404 4683 λόγος.

1799 4516 1972 4587 plagae
1995 4514 2239 4569 accessio
2268 4512 2509 4583 Delphis,
2541 4520 2600 4566 ut
2630 4511 2704 4565 ita
2740 4510 2955 4579 loquar,
2989 4506 3254 4562 arcessita
3280 4521 3377 4559 cu-

1800 4607 2051 4661 mularet.
2088 4623 2105 4656 )
2138 4602 2413 4658 Hactenus
2438 4602 2772 4658 OEnomaus.
2811 4598 2968 4655 Nunc
2993 4614 3122 4655 vero
3153 4598 3221 4653 ad
3253 4610 3374 4652 eam

125 4738 311 4782 rursus
347 4720 696 4776 oraculorum
732 4713 1125 4787 philosophiam
1166 4710 1348 4766 animo
1387 4716 1441 4764 et
1484 4705 1813 4778 cogitatione
1857 4699 2156 4764 conversis,
2203 4714 2366 4770 quam
2417 4697 2719 4753 maledicus
2777 4697 2866 4750 ille
2919 4710 3104 4750 rerum
3163 4701 3376 4748 nostra—

128 4834 238 4875 rum
276 4832 480 4875 censor
520 4813 865 4884 conscripsit,
904 4810 1101 4882 legesis
1149 4825 1216 4864 ex
1264 4808 1331 4863 iis
1372 4804 1648 4876 responsis
1685 4802 1889 4872 aliqua,
1932 4814 2063 4869 quae
2102 4798 2170 4852 de
2226 4795 2339 4850 fato
2390 4792 2644 4864 Pythium
2683 4788 2919 4845 edidisse
2958 4793 3374 4843 commemorat.

128 4913 200 4971 Ac
221 4914 350 4970 vide
375 4926 510 4967 num
538 4908 804 4982 ejusmodi
853 4920 1073 4977 quoque
1100 4904 1196 4960 tibi
1226 4903 1436 4959 accidat
1462 4907 1573 4956 tota
1619 4901 1735 4953 haec
1769 4896 1837 4952 de
1863 4894 2083 4966 jactatis
2124 4891 2334 4962 pridem
2377 4887 2616 4944 oraculis
2669 4883 2988 4956 disputatio,
3023 4891 3085 4937 ut
3110 4895 3229 4936 eam
3254 4894 3374 4933 mu-

133 5011 210 5083 gis
239 5010 413 5066 etiam
440 5021 605 5078 quam
641 5002 950 5075 superiores
984 4972 1064 5057 ab
1096 4998 1246 5055 omni
1267 4999 1448 5054 divina
1478 4997 1677 5051 virtute
1714 5007 1939 5048 vacuam
1965 4988 2151 5044 haberi
2178 4996 2335 5058 putes
2357 4993 2625 5056 oportere.
2970 4972 2973 4977 ’

192 5179 220 5209 ι
249 5167 340 5222 lo.
375 5164 681 5237 ἐπέρρωσε.

1804 5305 2018 5361 Erroris
2064 5320 2247 5372 causa,
2283 5303 2342 5356 τὸ
2373 5303 2433 5355 οὺ
2467 5300 2646 5371 μόνον,
2677 5295 2844 5353 semel
2877 5295 3186 5361 iterumque
3216 5303 3347 5358 repo

1801 5387 1987 5516 8ηέἨῇ
2039 5447 2367 5516 Ἄπολλον,
2397 5440 2608 5516 ξένου..
2645 5436 2845 5516 Facilis
2886 5441 3003 5489 erat
3040 5429 3359 5501 conjectura

1800 5505 1924 5600 cum
1957 5505 2010 5571 i'n
2034 5531 2235 5572 excuso
2266 5505 2534 5585 legeretur
2567 5505 2944 5573 ’Δπολλοξένου
2964 5547 2977 5571 ,
3013 5516 3145 5559 sane
3164 5542 3180 5570 ,
3211 5515 3377 5572 quau.

1804 5599 2015 5646 νιιιυεθ.

136 5398 168 5451 ι,
197 5324 313 5400 (η)
362 5323 553 5381 Ἀλλὰ
604 5322 704 5377 καὶ
748 5318 1095 5389 Μηθύμνης.
1154 5311 1392 5368 Consule
1439 5311 1701 5365 observa-

155 5412 325 5451 tones.

155 5412 325 5455 tones.

346 5465 482 5522 Post
525 5462 810 5586 χὲυσέοις,
860 5473 966 5513 non
998 5454 1186 5511 dubito
1238 5451 1369 5521 quin
1415 5449 1701 5519 legendum

169 5548 206 5591 tt
364 5536 526 5591 μόνον
632 5530 699 5587 αὖ
733 5534 844 5591 τοῖς
869 5525 1162 5588 Διονυσίοις
1185 5564 1200 5589 ,
1235 5522 1372 5576 ἀλλὰ
1403 5522 1497 5574 καὶ
1524 5519 1701 5581 ἄλλοις

139 5519 311 5592 9.1636
347 5519 599 5595 μόνον”ἕ
632 5530 699 5587 αὖ
733 5519 844 5595 τοῖς
869 5525 1162 5588 Διονυσίοις
1185 5564 1200 5589 ,
1230 5519 1372 5595 ,ἀλλὰ
1403 5522 1498 5595 καλἶ
1524 5519 1702 5595 ἄλλοις

140 5536 221 5592 sit
251 5536 526 5662 01351;.de
554 5536 599 5586 δ’
632 5536 699 5587 αὖ
733 5536 844 5595 τοῖς
869 5536 1162 5588 Διονυσίοις
1185 5564 1200 5589 ,
1235 5536 1372 5576 αλλα
1403 5536 1497 5574 και
1524 5536 1699 5581 amat;

140 5623 256 5678 παμ
393 5648 407 5661 .
430 5647 446 5671 ,
472 5614 583 5661 etc.
600 5603 751 5669 ,Nam
792 5598 1065 5678 posterius
1093 5594 1348 5678 hoc‘loco
1378 5591 1699 5678 φαλληνοίςι,

144 5660 605 5750 supervacaneum
651 5681 768 5739 est,
795 5660 939 5728 'cum
972 5668 1130 5740 prius
1174 5664 1404 5720 alterum
1451 5660 1702 5718 sulliciat.
