3862 6220
90 329 187 386 393

1242 339 1564 400 PREPAB.
1616 342 1863 404 EVANG.
1904 346 2032 405 LIB.
2078 347 2145 405 ν.

3214 346 3323 408 394

84 441 184 538 fw
224 440 730 538 xflﬁvmﬂvéyxass
781 449 938 520 ὑμεῖς
982 454 1031 506 οἱ
1074 453 1186 509 θεοὶ
1229 456 1328 528 τὴν
1361 458 1500 530 ὑπὲρ
1558 477 1620 513 το

1757 462 1923 534 229
1946 464 2140 535 ecquid
2170 463 2300 520 illud
2326 463 2490 519 fuerit
2514 470 2624 519 tam
2646 464 2987 535 praeclarum,
3011 467 3156 538 quod
3176 466 3319 523 hanc

82 529 360 602 Εὐριπίδου
382 533 562 604 ψῆφον
585 554 600 568 ·
634 538 718 592 ἵνα
755 543 1078 615 σπεύσωμεν
1120 546 1216 600 καὶ
1251 529 1533 620 διώξωμεν
1558 551 1650 606 τὸν

79 623 297 716 ούρανδν
330 628 472 682 κατά
498 629 669 695 πόδας
697 633 806 688 τῶν
833 635 1114 710 ὑμετέρων
1134 639 1390 695 ἐπαίνων.
1438 642 1512 696 Οὐ
1540 644 1650 716 γὰρ

79 715 139 786 δὴ
166 716 265 772 οὔκ
289 721 398 774 εισι
422 722 516 775 καὶ
535 721 634 777 νῦν
650 724 857 796 ἕτοιμοι
878 730 1257 802 κωμῳδεῖσθαι
1281 730 1375 788 καὶ
1403 715 1646 802 Σαϐαῖοι,

80 810 166 863 καὶ
205 811 520 883 Δυκάμϐαι.
552 816 698 887 Πρὸς
726 818 783 872 δέ
802 836 866 891 γε
894 821 956 876 τὸ
1007 823 1397 894 τραγῳδεῖσθαι
1439 827 1541 881 οὐκ
1582 826 1648 883 ἂν

76 899 189 955 οὐδὲ
232 900 328 956 νῦν
369 904 590 978 ὲνσταίη
623 907 748 963 οὔτε
784 913 815 966 6
855 911 1119 986 Θυέστης,
1147 914 1271 970 οὔτε
1303 919 1333 971 6
1375 918 1646 984 Οἰδίπους,

75 990 192 1046 οὔτε
251 995 281 1048 6
325 996 519 1060 Φινεὺς
564 1000 774 1067 ἐκεῖνος
795 1019 809 1033 ⁸
842 1004 948 1059 οὐδ’
984 1004 1050 1062 ἃν
1074 1046 1090 1070 ,
1122 1004 1296 1079 οἶμαι,
1322 1008 1649 1083 φθονήσαιεν

73 1083 241 1137 οὐδενὶ
252 1084 612 1158 ἐπιθυμοῦντι
625 1092 803 1160 φιλίας
818 1094 918 1165 τῆς
942 1094 1102 1150 θείων
1122 1096 1171 1168 (i
1183 1097 1352 1167 3-25).
1371 1099 1529 1153 Ἀλλά
1554 1102 1649 1156 καὶ

74 1175 297 1231 αύωὶάν
314 1196 406 1249 μοι
420 1180 650 1237 δοκῶσιν
662 1181 797 1255 (95‘)
811 1186 1028 1254 ἐκεῖνοι,
1045 1190 1094 1242 εἰ
1110 1189 1357 1261 ᾔσθοντο,
1374 1192 1455 1246 ὅτι
1475 1191 1650 1247 ἔσοιτό

72 1283 149 1331 τις
171 1268 489 1341 Εὐριπίδης,
519 1274 659 1346 ἀνὴρ
679 1275 772 1330 ἐπὶ
800 1276 879 1349 τῷ
904 1277 1258 1335 διασκευάσαι
1280 1282 1478 1347 αὐτοὺς
1497 1284 1649 1354 γενό-

76 1377 225 1430 μενος
246 1362 521 1435 θεοφιλὴς,
545 1367 813 1440 ἀμελῆσαι
835 1370 901 1423 ἂν
925 1370 1033 1425 τῶν
1059 1374 1244 1427 κακῶν
1281 1374 1525 1441 ἐκείνων,
1553 1376 1646 1430 καὶ

70 1455 164 1507 οὐκ
209 1455 304 1508 ἐπὶ
345 1456 414 1510 τά
458 1458 744 1530 κρείττονα
788 1467 1025 1535 φρονεῖν,
1066 1466 1183 1520 ἀλλ’
1221 1468 1315 1521 ἐπὶ
1347 1467 1408 1522 τὸ
1455 1485 1648 1541 μετρο-

71 1549 237 1599 ποιείν
264 1550 593 1617 τραπέσθαι.
625 1554 735 1607 Καὶ
781 1556 889 1610 τῶν
920 1556 1229 1631 ἔμπροσθεν
1264 1559 1568 1632 ἀνθρώπων
1597 1563 1645 1614 εί

65 1640 131 1690 τά
151 1639 389 1710 ὀνόματα
419 1642 588 1712 ὄγκου
619 1644 801 1718 πλήρη
840 1649 1056 1717 ἤκουον,
1078 1650 1314 1722 χρῆσθαι
1335 1649 1544 1716 τούτοις
1566 1652 1645 1715 εἰς

2 1766 3 1769 η
66 1731 157 1802 τὴν
192 1733 330 1802 πρὸς
368 1734 462 1789 τὸν
498 1737 729 1808 οὐρανὸν
770 1735 1099 1813 ὁδοιπορίαν,
1154 1742 1221 1796 ἵν’
1247 1742 1491 1807 ἐλθόντες
1518 1741 1649 1797 καθ-

1754 568 1785 607 a
1816 554 2105 609 numinum
2149 569 2410 611 consessu
2457 554 2732 624 Euripidis
2786 559 3316 616 commendationem

1752 650 1806 697 et
1833 643 2274 712 praedicationem
2306 646 2675 716 expresserit:
2713 647 2795 701 uti
2826 661 2927 702 nos
2953 662 3171 718 quoque
3203 664 3320 704 ma-

1754 735 1877 804 gnis
1903 735 1961 791 in
1992 736 2191 793 omium
2225 738 2478 808 passibus
2509 754 2606 810 per
2646 738 2909 809 impressa
2939 741 3137 797 vestris
3162 742 3322 812 quasi

1754 826 2007 884 laudibus
2037 829 2299 899 vestigia,
2352 829 2768 887 contendamus.
2821 829 2932 887 Nec
2977 831 3123 887 enim
3181 833 3322 890 ullos

1752 920 1984 990 amplius
2032 921 2136 976 hoc
2184 929 2429 992 tempore
2461 924 2547 977 vel
2593 922 2813 979 Sabaeos
2838 966 2852 988 ,
2903 923 2987 977 vel
3020 923 3323 995 Lycambas

1752 1011 2040 1075 habemus,
2067 1012 2351 1068 comoediae
2376 1014 2582 1069 salibus
2606 1014 2955 1086 dicteriisque
2980 1014 3317 1086 pungendos.

1748 1101 1860 1159 Nec
1889 1103 2036 1159 ullus
2063 1104 2178 1175 jam
2223 1105 2383 1161 nobis
2416 1106 2483 1160 ad
2514 1105 2794 1177 tragmdiae
2834 1107 3154 1177 gravitatem
3177 1146 3192 1171 ,
3225 1114 3320 1162 aut

1751 1193 2024 1268 Thyestes
2050 1198 2311 1264 occurrit,
2347 1207 2441 1253 aut
2481 1197 2725 1269 (Edipus
2748 1238 2763 1263 ,
2799 1209 2894 1255 aut
2926 1199 3016 1254 ille
3045 1200 3319 1272 quondam

1748 1285 2007 1343 Phineus.
2055 1288 2197 1356 Quin
2232 1290 2395 1345 etiam
2429 1306 2498 1346 ne
2526 1291 2603 1345 illi
2632 1291 2848 1362 quidem
2869 1331 2884 1357 ,
2918 1291 3133 1362 opinor,
3167 1307 3318 1346 mor-

1751 1379 1939 1434 talium
1962 1379 2058 1434 ulli
2082 1380 2321 1436 divinam
2345 1383 2617 1453 expetenti
2639 1382 2935 1438 amicitiam
2960 1382 3314 1439 invidissem:

1748 1470 1860 1525 imo
1886 1470 1933 1526 si
1957 1473 2247 1539 quemdam
2275 1473 2402 1528 olim
2437 1472 2752 1544 Euripidem
2776 1473 3020 1529 futurum
3049 1474 3319 1543 suspicari

1750 1560 2021 1622 licuisset.
2053 1563 2146 1633 qui
2175 1563 2392 1634 egregia
2422 1563 2730 1619 divinorum
2759 1564 3062 1619 facinorum
3094 1574 3329 1619 enarra-‘

1750 1653 1897 1708 tione
1918 1653 2144 1709 deorum
2170 1654 2601 1710 benevolentiam
2624 1664 2677 1711 et
2702 1670 2945 1711 amorem
2967 1654 3317 1725 impetraret;

1746 1752 1800 1798 et
1829 1759 1958 1800 suas
1981 1744 2082 1815 ipsi
2106 1746 2441 1802 calamitates
2472 1762 2537 1802 ac
2564 1748 2772 1803 scelera
2802 1747 3185 1818 neglexissent,
3214 1760 3317 1802 nec

66 1820 263 1885 ἑζοιντο
295 1824 354 1875 ἐν
382 1823 461 1895 τῷ
495 1826 752 1899 Ὀλύμπῳ
782 1829 920 1900 μετά
943 1831 1052 1885 τῶν
1082 1831 1301 1885 πυκτῶν
1336 1832 1470 1903 (26),
1501 1834 1558 1885 ἐν
1579 1837 1624 1904 τῇ

1749 1836 1817 1890 ad
1848 1835 2217 1904 saniorasese
2259 1839 2487 1894 consilia
2512 1878 2528 1905 ,
2557 1840 2651 1895 sed
2684 1841 2751 1894 ad
2782 1839 3097 1895 scribendos
3124 1854 3316 1895 versus

66 1912 153 1966 τοΰ
184 1915 307 1979 Διὸς
340 1916 502 1989 αὐλῇ.
533 1918 719 1975 Ταῦτα
746 1920 855 1994 γὰρ
874 1921 1021 1990 λέγει
1054 1923 1084 1977 ό
1117 1925 1175 1977 ὲν
1214 1924 1437 1994 Δελφοῖς
1482 1942 1643 1998 ποιη-

1744 1928 2122 1984 contulissent.
2154 1928 2230 1984 Ita
2261 1930 2307 1985 si
2341 1945 2464 2000 qua:
2506 1930 2646 1987 forte
2690 1931 2973 1985 hominum
3018 1930 3317 2001 superioris

65 2008 175 2075 της.
200 2006 340 2079 Φέρε
366 2010 464 2062 καὶ
491 2008 593 2081 τὴν
640 2010 878 2083 Ὀμήρου
909 2012 1005 2066 τοῦ
1048 2013 1231 2067 ὀλϐίου
1280 2014 1475 2086 ἴδωμεν
1505 2014 1624 2088 ὲρώ

1743 2021 1845 2075 aevi
1887 2021 2108 2075 nomina
2162 2023 2429 2092 superbiai
2462 2021 2744 2093 {astusque
2775 2023 2935 2093 plena
2979 2022 3315 2087 audiissent,
3411 2027 3420 2037 '

63 2113 235 2164 τησιν,
257 2098 326 2168 ἦν
346 2101 441 2154 τὸν
468 2101 604 2157 Θεὸν
632 2104 814 2175 ἐρωτᾷ
837 2121 852 2135 ⁸
875 2101 1019 2177 ἦπου
1051 2106 1161 2179 γάρ
1194 2124 1281 2170 τις
1314 2107 1542 2179 οὐρανία
1570 2104 1624 2180 ἧι

1743 2112 1812 2168 iis
1838 2128 2057 2184 quoque
2097 2114 2434 2169 celebrandis
2465 2116 2608 2169 viam
2643 2115 2746 2171 sibi
2773 2116 2827 2169 in
2872 2115 3071 2172 omium
3101 2114 3316 2169 munire

63 2188 151 2240 καὶ
190 2190 349 2261 ἱκανὴ
379 2192 472 2247 τὸν
498 2192 635 2249 Θεὸν
679 2196 1105 2253 ἐκκαλέσασθαι.
1143 2198 1217 2253 Οὐ
1246 2196 1356 2269 γὰρ
1397 2197 1467 2253 ἂν
1497 2196 1624 2253 οὖτα

1740 2202 2044 2257 voluissent
2076 2219 2092 2266 ;
2126 2213 2182 2256 ut
2209 2218 2276 2257 eo
2315 2203 2534 2258 demum
2568 2204 2835 2272 perducti,
2875 2219 3001 2260 cum
3040 2203 3315 2274 pugilibus

62 2280 257 2351 ῥαδίως
288 2284 318 2335 6
339 2283 474 2348 Θεὸς
502 2285 681 2342 ὄλϐιον
704 2288 803 2360 μὲν
827 2289 1196 2363 ἐπεφώνησεν,
1223 2291 1318 2344 ἐπὶ
1349 2289 1407 2345 δὲ
1439 2290 1518 2363 τῷ
1544 2291 1624 2345 ὀλ-

1741 2294 1797 2347 in
1824 2292 2054 2365 Olympo
2080 2331 2095 2359 ,
2126 2306 2291 2363 atque
2337 2296 2391 2348 in
2434 2296 2550 2364 ipsa
2581 2295 2732 2351 Jovis
2777 2294 2901 2350 aula
2946 2295 3313 2351 considerent.

2 2364 5 2379 ’
61 2368 157 2442 ϐίῳ
177 2373 341 2445 ⁸όῆςιίν
361 2376 652 2449 ἀπένειμε·

1739 2383 1876 2439 Nam
1900 2364 1975 2439 id
2017 2386 2181 2442 etiam
2222 2385 2517 2456 Delphicus
2547 2398 2695 2443 vates
2739 2387 3035 2458 aliquando
3084 2385 3305 2443 cecinit.

61 2464 168 2522 Jam
198 2485 313 2540 qua
334 2470 403 2527 de
441 2486 502 2527 re
526 2488 748 2545 quoque
792 2473 1060 2534 Homerus
1110 2477 1201 2533 ille
1256 2478 1507 2536 beatulus
1557 2479 1728 2534 Deum
1764 2479 2053 2545 consulat,
2102 2480 2409 2535 audiamus.
2472 2480 2701 2537 Coeieste
2748 2480 2994 2551 profecto
3052 2479 3312 2551 quiddam

61 2560 234 2629 fuerit,
299 2574 464 2635 atque
513 2567 580 2622 ad
617 2569 951 2625 evocandum
987 2570 1441 2642 alliciendumque
1503 2585 1704 2626 numen
1745 2571 1998 2627 idoneum
2027 2590 2042 2626 :
2072 2586 2255 2638 secus,
2278 2587 2557 2642 nunquam
2584 2572 2667 2627 vel
2693 2585 2817 2627 cum
2849 2571 2992 2631 Deus
3023 2581 3132 2627 tam
3155 2571 3313 2629 facile

59 2657 270 2712 beatum
312 2658 667 2728 praedicasset
689 2700 706 2725 ,
751 2661 836 2716 vel
866 2663 915 2717 ei
961 2671 1220 2732 tanquam
1254 2663 1414 2720 beato
1437 2703 1454 2729 ,
1486 2663 1633 2735 quod
1668 2663 1937 2734 sequitur,
1965 2678 2292 2734 responsum
2329 2663 2611 2729 edidisset,

2 2792 3 2815 δ
53 2774 314 2848 Πατρίδα
332 2774 529 2848 δίζηαι
553 2776 665 2848 (27)
682 2794 696 2807 ·
710 2777 918 2846 μητρὶς
936 2777 1004 2832 δέ
1026 2796 1138 2844 τοι,
1157 2781 1229 2834 οὺ
1244 2781 1457 2848 πατρίς
1478 2780 1630 2835 ἐστι.

2 2854 3 2931 ξ
54 2846 283 2927 Μίνως
316 2845 372 2898 δ’
403 2845 674 2927 ἀπρητιῆς,
702 2845 841 2902 οὔτε
867 2849 1112 2929 σχεδὸν,
1133 2845 1388 2905 οὔτ’ὰπῦ
1420 2845 1632 2920 τηλοῦ,

2 2956 11 2989 μ
65 2920 165 2989 ’E_r
188 2936 265 2989 τῃ
299 2932 404 2989 σοι
430 2919 593 2989 pcipi
616 2919 750 2973 ἐστὶ
776 2922 1133 2989 τελευτησαι
1157 2921 1416 2989 βιότοιο,

70 2934 165 2971 ’ω-
188 2936 265 3000 τῃ
299 2934 404 2971 σοι
430 2934 585 2986 μοιρν
616 2934 750 2973 εστι
776 2934 1133 2999 τελςυτησαι
1157 2934 1416 2989 βιότοιο,

57 2984 188 3042 Εὖτ’
217 3004 296 3040 αν
327 2988 447 3043 ἀπὸ
483 2987 768 3058 γλώσσης
792 3007 947 3058 γνῳς
965 2990 1194 3045 παίδων
1221 2991 1519 3057 ἀξύνετον

55 3058 348 3111 Πολλοῖσι
376 3058 581 3126 λόγοις
607 3058 941 3127 εἰρημένον.

55 3172 231 3225 Δεινὸν
280 3171 396 3243 γὰρ
417 3212 436 3237 ,
470 3165 515 3225 ὦ
556 3171 829 3242 σοφώτατε
880 3173 1121 3245 ἀνδρῶν,
1161 3174 1359 3246 μᾶλλον
1387 3175 1445 3229 δὲ
1469 3175 1626 3241 θεῶν,

55 3262 100 3317 εί
128 3266 268 3336 μήτε
296 3264 422 3317 ὅποι
456 3262 560 3334 τῆς
588 3264 693 3335 γῆς
723 3264 938 3340 ἐξέθορε
975 3267 1074 3338 τῆς
1106 3266 1311 3340 μητρὸς
1336 3266 1506 3339 εἰδείη
1544 3267 1633 3321 ὅλ-

54 3355 180 3423 6mg,
234 3357 383 3428 μήτε
416 3357 553 3410 ὅπου
595 3357 918 3428 καταμύσας
949 3360 1211 3415 κείσεται.
1255 3358 1397 3429 Ἐγὼ
1440 3359 1496 3414 δὲ
1538 3360 1631 3414 καὶ

54 3448 200 3521 ᾤμην
222 3446 350 3502 ἴσον
370 3444 534 3514 εἶναι,
566 3450 808 3521 Ὅμηρόν
828 3468 885 3504 τε
913 3451 1042 3506 ὄντα
1075 3453 1203 3525 περὶ
1230 3452 1435 3507 τούτων
1464 3469 1633 3525 προσ.

58 3540 179 3594 ιέναι
204 3540 287 3611 τῷ
313 3539 457 3612 Θεῷ,
488 3541 583 3594 καὶ
623 3541 718 3595 ἕνα
748 3540 854 3595 τῶν
896 3542 1184 3615 κανθάρων
1208 3582 1223 3607 ,
1255 3544 1349 3597 καὶ
1378 3541 1468 3596 τὸν
1499 3542 1630 3597 Θεὸν

59 3633 124 3705 μὴ
154 3633 364 3705 μᾶλλον
413 3633 483 3688 ἂν
523 3634 747 3706 Ὁμήρῳ
772 3634 1160 3705 ἀφηγήσασθαι
1209 3636 1335 3707 περὶ
1375 3634 1630 3690 τοιούτων

1 3708 8 3730 ⁵
54 3726 413 3798 ἀγνοημάτων
442 3725 476 3797 ἦ
497 3726 772 3799 κανθάρῳ.
793 3722 917 3782 Οἴον
942 3728 989 3781 εἰ
1008 3728 1100 3781 καὶ
1125 3727 1391 3800 κάνθαρός
1420 3728 1530 3800 (28)
1547 3745 1630 3793 τις

54 3819 326 3889 γεννηθεὶς
353 3818 456 3872 ούκ
496 3818 723 3883 ἐνεόίω,
752 3818 858 3872 οὐδ’
897 3821 1228 3892 ὲνεγήρασεν
1259 3822 1318 3873 ὲν
1342 3820 1526 3893 ἐκείνῃ
1559 3822 1625 3892 τῇ

53 3909 266 3980 κοπρίᾳ,
300 3907 421 3961 ἄλλ’
457 3906 638 3979 ἐχθρῷ
667 3908 851 3980 ἀνέμῳ
876 3909 1186 3980 περιέτυχε,
1219 3910 1314 3963 καὶ⁹
1343 3909 1626 3982 κανθαρίῳ

53 3998 253 4071 δαίμονι
283 4000 530 4071 σκληρῷ,
572 4001 653 4066 ὃς,
685 4002 844 4055 αὐτὸν
888 4002 1161 4074 μετέωρον
1208 4002 1343 4075 ἄρας
1373 4002 1482 4075 βία,
1519 4003 1628 4056 ἀπ-

59 4092 277 4160 ήνεγκεν
300 4093 397 4144 ἐπί
428 4108 552 4145 τινα
584 4091 749 4165 ἄλλην
773 4093 898 4164 γῆν,
938 4093 1034 4146 καί
1054 4093 1219 4165 ἄλλην
1238 4093 1499 4165 κοπρίαν·
1526 4093 1623 4148 κά-

52 4202 206 4239 πειτα
244 4184 422 4240 ἐλθὼν
464 4187 544 4251 εἰς
584 4185 856 4256 Δελφοὺς,
886 4185 1144 4258 ἀνηρώτα
1191 4187 1313 4257 ἥτις
1344 4187 1452 4256 ἄρα
1497 4187 1628 4240 ποτὲ

1 4304 5 4335 τ
50 4276 190 4346 αὐτῷ
221 4271 292 4347 ἦν
333 4278 369 4347 ἡ
402 4272 632 4348 πατρῴα
665 4275 885 4347 κοπρία,
926 4275 1020 4327 καὶ
1041 4273 1163 4346 ἥτις
1193 4272 1355 4327 αὐτὸν
1379 4274 1451 4344 γῆ
1482 4270 1630 4337 δέξε-

1739 2781 1816 2855 l_)_e
1834 2784 2011 2852 patria
2039 2783 2233 2853 quieris
2263 2800 2282 2837 .'
2314 2784 2409 2855 tibi
2447 2786 2664 2853 matria,
2701 2801 2803 2838 non
2828 2789 3006 2855 patria
3042 2785 3157 2841 ulla
3183 2795 3263 2843 est
3286 2803 3308 2842 :

1741 2851 1865 2923 Non
1890 2851 2071 2923 prope,
2103 2870 2205 2907 non
2227 2854 2411 2908 itidem
2439 2856 2621 2923 procul
2650 2851 2683 2909 α
2711 2851 2945 2910 Minoide
2976 2867 3119 2911 terra
3145 2873 3167 2911 τ

1741 2922 1909 2995 {nque
1934 2923 2047 2978 solo
2080 2924 2252 2991 fatum
2281 2933 2358 2979 est
2390 2935 2437 2980 le
2459 2926 2616 2994 ﬁnem
2644 2927 2909 2995 imponere
2938 2928 3077 2988 vitae.

1664 2995 1706 3054 C
1738 2992 2283 3066 Postquamrtenigma
2310 2992 2498 3048 novum
2522 2992 2803 3066 puerorum
2833 2996 3094 3053 audiveris
3125 3013 3235 3063 ore,

1740 3062 1991 3118 Pluribus
2024 3062 2307 3133 impléxum
2345 3062 2532 3120 verbis.

1728 3174 2014 3249 Indignum
2040 3179 2185 3234 enim
2217 3177 2523 3246 videbatur,
2557 3179 2785 3247 scilicet,
2817 3194 2853 3237 o
2894 3180 3161 3247 virorum,
3195 3181 3306 3240 imo

1729 3269 1962 3324 deorum
1992 3269 2415 3339 sapientissime,
2443 3270 2661 3325 beatum
2696 3271 2861 3327 istum
2882 3311 2899 3340 ,
2929 3280 3024 3328 aut
3065 3273 3157 3327 ubi
3191 3282 3304 3328 ter-

1730 3374 1921 3414 rarum
1967 3360 2226 3416 maternis
2257 3376 2289 3416 e
2337 3361 2640 3418 visceribus
2687 3362 3021 3428 exsiliisset,
3073 3371 3166 3420 aut
3212 3364 3311 3437 ubi.

1728 3450 1948 3506 demum
1973 3451 2176 3509 clausis
2201 3461 2374 3507 morte
2402 3453 2578 3517 oculis
2606 3452 2829 3522 iaceret,
2854 3452 3125 3524 ignorare.
3171 3454 3304 3511 Mihi

1733 3556 1884 3606 vero,
1919 3550 1980 3597 ut
2018 3540 2291 3598 Homerus
2322 3558 2387 3599 ea
2430 3543 2498 3600 de
2543 3559 2604 3599 re
2645 3544 2923 3599 oraculum
2971 3546 3300 3612 consulens,

1729 3633 2003 3688 scarahmo
2035 3633 2332 3703 persimilis
2356 3673 2371 3698 ,
2407 3634 2482 3688 ita
2531 3632 2676 3689 Deus
2709 3633 2946 3690 Homero
2985 3651 3096 3691 non
3145 3636 3302 3692 aliter

1730 3725 1925 3779 harum
1959 3725 2016 3780 in
2053 3741 2236 3780 rerum
2279 3724 2642 3796 ignoratione,
2673 3741 2836 3796 quam
2871 3728 3146 3783 scaraban
3181 3729 3303 3784 cui-

1728 3814 1853 3869 dam
1898 3816 2229 3884 respondere
2261 3816 2412 3870 visus
2456 3824 2558 3870 est.
2613 3814 2844 3871 Perinde
2890 3817 3188 3880 nimirum,
3240 3825 3301 3871 ut
3410 3806 3417 3814 ’

1728 3906 2036 3962 scarabteus
2079 3906 2125 3962 si
2162 3922 2505 3980 nequaquam
2542 3907 2732 3962 eodem
2764 3907 2818 3960 in
2848 3916 3117 3975 stercore,
3152 3908 3298 3963 unde

1729 4007 1894 4054 natus
1936 4000 2174 4070 primum
2210 3998 2391 4062 fuerit,
2425 4007 2517 4052 aut
2544 3998 2771 4063 viveret,
2817 4008 2910 4053 aut
2935 4015 3294 4058 consenesce-

1728 4071 1834 4157 ret,
1872 4091 1965 4147 sed
1995 4089 2175 4147 infesti
2203 4090 2370 4156 venti,
2418 4097 2513 4144 aut
2556 4089 2821 4146 daemonis
2851 4090 3082 4162 alicujus
3110 4107 3296 4149 scara-

1727 4182 1966 4236 baeorum
1994 4181 2180 4252 generi
2213 4180 2447 4236 exitialis
2475 4181 2700 4250 impetu,
2734 4181 2894 4236 aliam
2936 4182 2990 4236 in
3015 4184 3292 4254 regionem

1729 4283 1889 4344 atque
1922 4273 2069 4328 aliud
2117 4272 2170 4326 in
2214 4281 2427 4327 stercus
2471 4272 2721 4328 sublimis
2770 4281 3087 4342 raperetur;
3140 4274 3296 4346 isque

50 4384 134 4419 ται
160 4366 532 4422 ἀποθανόντα.
565 4386 583 4419 ι
616 4366 801 4421 Ταῦτα
825 4366 920 4439 μὲν
952 4363 1045 4420 οὖν
1076 4366 1205 4439 περὶ
1235 4365 1343 4419 τῶν
1370 4365 1624 4437 ποιητῶν.

1736 4374 1919 4436 postea
1950 4364 2204 4434 Delphico
2234 4379 2300 4418 ex
2328 4364 2552 4417 oraculo
2597 4372 2894 4433 quaereret,
2922 4363 3083 4434 230
3117 4365 3290 4435 quod‘

54 4476 172 4515 nam
224 4469 523 4532 paternum
573 4459 677 4516 sibi
728 4468 936 4515 stercus
983 4458 1193 4527 fuisset,
1227 4469 1390 4528 atque
1418 4460 1506 4514 ubi
1563 4458 1794 4530 denique
1838 4467 2084 4513 mortuus
2129 4456 2554 4527 conquiesceret.
2585 4476 2604 4510 ι
2629 4459 2705 4513 Ac
2727 4458 2792 4513 de
2812 4458 2986 4529 poetis
3008 4458 3287 4514 hactenus.

116 4615 340 4687 (15-25)
385 4614 498 4687 Τῆς
526 4617 717 4687 θείων.
755 4616 935 4687 Malim
966 4617 1082 4687 τῆς,
1110 4616 1193 4670 vel
1224 4615 1332 4670 τῶν
1356 4614 1513 4670 θεῶν.

115 4685 255 4758 (25‘)
271 4686 565 4758 Aozéqzr.
585 4686 740 4758 Forte
753 4685 1019 4742 δοκοῦσιν.
1036 4686 1194 4758 Epit.

117 4755 552 4827 (‘26)'ﬂvxtc6r.
602 4757 764 4822 Quid,
811 4773 858 4811 s1
906 4756 1179 4827 ποιητῷν;
1227 4756 1316 4816 hic
1362 4756 1507 4810 enim
1556 4756 1622 4810 de

52 4824 224 4893 poetis
243 4825 584 4897 (Enomaus,
626 4828 790 4894 paulo
813 4835 933 4895 post
964 4824 1031 4880 de
1063 4824 1367 4897 Pugilibus,
1402 4842 1621 4881 eorum-

2 4906 5 4917 ’
50 4911 151 4963 que
181 4897 430 4965 principe
457 4896 763 4951 Cieomede.

143 4968 241 5030 27)
281 4964 548 5035 Πατρίδα
613 4965 822 5034 δίζηαι.
895 4964 1195 5020 Pausanias
1251 4966 1303 5018 in
1356 4964 1621 5030 Phocicis,

53 5049 102 5103 p.
118 5035 245 5096 340.
264 5052 469 5091 aereum
486 5037 707 5092 Homeri
738 5036 1087 5090 simulacrum
1107 5035 1373 5090 columna:
1402 5036 1625 5104 imposi-

55 5116 163 5159 tum
208 5106 387 5162 fuisse
427 5108 522 5167 ait.
555 5107 713 5175 eique
744 5115 988 5160 nostrum
1024 5106 1125 5160 hoc
1150 5106 1470 5175 inscriptum
1500 5122 1624 5159 ora-

56 5179 255 5247 culum,
287 5178 343 5230 in
360 5192 470 5247 quo
489 5174 669 5230 tamen
690 5176 1305 5247 estaliquaqdiversitas.
1327 5174 1405 5247 ita
1429 5177 1622 5230 habet:

59 5245 266 5307 Ὄλὸιε,
285 5245 389 5299 καὶ
406 5245 913 5315 δυόδιιιμονωφυζι
926 5245 1036 5315 γὰρ
1060 5246 1152 5298 ἐπ’
1167 5246 1590 5314 ἀμφοτέροισι),

57 5316 315 5386 Πατριὸα
343 5316 531 5386 δίζηαι
552 5334 567 5347 ·
588 5317 803 5386 μητρὶς
830 5315 896 5370 δέ
913 5333 1022 5380 τοι,
1041 5318 1112 5369 οὐ
1138 5317 1352 5383 πατρίς
1372 5316 1563 5369 ἐστιν.

62 5385 268 5456 Ἔστιν
288 5387 406 5452 Ἴος
436 5385 632 5455 νῆσος
650 5386 875 5456 μητρὸς
889 5387 1126 5454 πατρὶς,
1155 5386 1194 5454 ἦ
1221 5401 1297 5440 σε
1324 5387 1583 5456 θανόντα

2 5508 5 5517 .
58 5453 285 5527 effetas
302 5472 319 5486 ’
360 5453 523 5511 ἀλλὰ
540 5453 693 5511 rem
716 5453 943 5510 παίδων
972 5453 1213 5527 αἴνιγμα
1238 5455 1521 5527 φύλαξαι.

61 5516 361 5597 Εκίῳιίὴυε
391 5536 667 5597 utcunque
694 5527 1027 5597 penultimus
1050 5516 1371 5583 Eusebiante
1393 5516 1613 5582 lection.

322 5858 600 5920 ΡΑτιιοι.
632 5859 749 5923 Gs.
774 5862 949 5925 XXI.

1731 4630 1920 4687 versus
1949 4616 2231 4687 emendari
2248 4625 2443 4687 potest,
2485 4617 2766 4687 siﬁiegatur
2796 4636 2810 4672 :

1729 4687 1869 4739 E61"
1892 4685 1969 4740 ἂν
1987 4685 2104 4740 ἀπὸ
2123 4684 2412 4755 γλὼὶγσης
2438 4684 2592 4756 γνῷς
2611 4684 2729 4740 ἰῶν
2746 4687 2974 4742 παίδων
2988 4686 3250 4756 αἴνιγμα.

1729 4757 1883 4830 Quod
1935 4753 2200 4830 sequitur,
2234 4753 2472 4830 πολλοῖσι
2503 4757 2694 4830 λόγοις
2729 4759 3068 4830 εἰρημένον,
3092 4753 3183 4811 vix
3220 4753 3287 4830 ad

1728 4826 1859 4880 illud
1894 4827 2132 4896 :enigma
2164 4828 2452 4896 pertineat.
2502 4826 2773 4882 Fortassis
2794 4826 3071 4883 '(Enomai
3125 4826 3286 4896 verba

1729 4896 1951 4969 fuerint,
1986 4896 2089 4969 hoc
2114 4894 2234 4969 fere
2258 4902 2419 4969 modo
2449 4898 2793 4969 castiganda:
2815 4898 3035 4961 Πολλοῖς
3067 4897 3176 4969 ἀρα
3196 4894 3290 4969 λό-

1728 4983 1845 5035 γοις
1883 4965 2188 5036 εἰρημένον.
2218 4966 2273 5020 ld
2307 4978 2410 5031 est,
2443 4965 2826 5023 Satis'verbose
2857 4979 2914 5020 tu
2940 4965 3294 5037 quidermb‘a-

1729 5053 1800 5092 ne
1850 5035 2163 5106 puerorunL
2193 5037 2419 5091 istorum
2461 5038 2712 5106 aenigma,
2742 5035 3032 5106 puerisque
3059 5035 3292 5106 notissi-

1731 5104 1903 5168 mum,
1935 5107 2078 5174 quod
2120 5104 2424 5162 Herodotus
2454 5107 2505 5160 in
2534 5104 2758 5162 Homeri
2792 5109 2918 5173 vita,
2947 5104 3164 5175 ’ἀφελῶς
3192 5104 3290 5157 ad-

1731 5177 1950 5230 modum
1986 5177 2319 5245 candideque
2353 5186 2557 5241 narrat,
2580 5192 2877 5245 paucorum
2921 5176 3143 5229 omnino
3168 5189 3290 5228 ver-

1721 5247 1915 5300 borum
1947 5245 2067 5300 luit.
2091 5246 2285 5300 Mirum
2316 5263 2464 5311 vero,
2491 5248 2544 5299 ni
2575 5249 2816 5301 secundo
2838 5247 3102 5313 tertioque
3126 5258 3289 5297 versu

1722 5316 1960 5370 indicare
1992 5317 2133 5383 velit,
2166 5316 2480 5381 Homerum,
2503 5315 2683 5371 Terra:
2704 5317 2895 5383 lilium,
2914 5317 3119 5377 incerto
3132 5323 3289 5384 patre

1721 5395 1907 5440 natum
1940 5402 2081 5441 esse.

1790 5455 1902 5527 (εδ)
1944 5452 2081 5512 olor
2123 5459 2191 5529 et,
2225 5457 2350 5529 καὶ*
2375 5458 2688 5529 κάνθαρος.
2729 5457 2831 5513 Vix
2879 5457 3057 5514 adhuc
3099 5451 3287 5510 (Eno-

1720 5542 1903 5581 maum
1934 5538 2044 5583 tam
2076 5528 2285 5584 naviter
2312 5527 2576 5601 Cynicum
2617 5529 2925 5585 habuimus.

2968 5861 3043 5923 13
