3862 6220
527 321 632 380 595

1077 425 1304 480 CAPUT
1341 424 1579 481 XXXIV.

535 546 762 601 Eosdem
788 551 1028 598 auctores
1061 541 1183 594 illos
1228 541 1413 609 fuisse,
1451 541 1531 592 uti
1564 539 1770 609 pugiles
1803 550 1851 594 et
1883 540 2095 595 athleta

883 612 1075 667 divinis
1109 611 1392 664 honoribus
1426 610 1742 664 colerentur.

601 730 667 785 Et
703 729 962 801 quoniam
998 743 1104 782 non
1135 734 1324 797 poetas
1369 725 1571 791 solum,
1609 726 1703 780 sed
1756 725 1903 795 ipsos
1933 725 2094 781 etiam

529 822 739 893 pugiles
765 832 928 892 atque
956 820 1210 884 athletas,
1241 819 1466 873 deorum
1498 817 1552 871 in
1582 832 1810 872 numero
1837 818 1954 873 suis
1974 833 2097 873 ora—

533 913 677 970 culis
721 912 867 968 Deus
901 912 1154 982 egregius
1199 911 1503 976 collocavit,
1551 910 1806 979 pmclare
1837 925 2095 980 quoque,

530 1022 652 1063 meo
701 1007 920 1077 quidem
976 1005 1222 1075 judicio,
1283 1004 1386 1058 hoc
1428 1003 1549 1072 ejus
1595 1001 1799 1058 factum
1845 1002 2098 1059 laudatus

527 1102 761 1171 scriptor
788 1100 935 1154 hunc
963 1098 1018 1151 in
1045 1097 1265 1151 modum
1288 1095 1534 1166 coarguit
1568 1113 1582 1149 :

528 1193 632 1259 Qui
657 1192 828 1263 pelagi
863 1191 1016 1258 ﬁnes,
1042 1204 1413 1258 numerumque
1428 1188 1657 1257 jacentis
1686 1203 1885 1256 arena,

528 1325 599 1381 Et
631 1324 763 1381 muti
787 1338 965 1379 sensus
990 1320 1247 1391 cognosti,
1273 1319 1528 1390 nudisque
1557 1318 1825 1386 silentem;

526 1460 555 1493 ιι
578 1439 798 1495 Utinam
816 1451 947 1493 vero
971 1437 1073 1491 ista
1100 1435 1340 1491 nescires
1359 1433 1563 1501 omnia,
1588 1433 1692 1489 hoc
1714 1450 1884 1489 unum
1907 1436 2096 1501 scires,

530 1529 668 1583 nihil
694 1525 995 1599 pugilatum
1029 1524 1170 1580 inter
1217 1531 1273 1579 et
1316 1523 1748 1579 calcitrationem
1794 1526 2096 1593 interesse,

528 1622 610 1676 uti
632 1618 718 1676 vel
755 1618 940 1675 asinos
972 1618 1135 1674 etiam
1176 1615 1584 1671 immortalitate
1613 1616 1845 1671 donares
1868 1656 1884 1682 ,
1913 1616 1999 1670 vel
2029 1630 2099 1671 ne

1163 305 1432 363 EUSEBII
1462 303 1942 362 CESARIENSIS
1993 304 2143 363 OPP.
2200 302 2379 360 PARS
2417 301 2482 358 ll.
2524 331 2593 343 --
2625 301 3127 359 APOLOGETICA.

3664 307 3769 362 596

2705 423 2887 477 ΚΕΦΑ
2898 422 3102 475 ΛΔΙΟΝ
3134 422 3253 475 AA'.

2203 542 2322 594 ’Ότι
2358 539 2456 597 καὶ
2488 539 2718 605 πύκτας
2748 540 2844 593 καὶ
2867 539 3132 606 ἀθλητὰς
3164 538 3356 607 τιμαῖς
3384 538 3638 606 ἰσοθέοις
3675 557 3741 611 γε
3767 568 3776 575 ο

2596 612 2831 679 ραίρειν
2866 611 3361 679 παρεκελεύοντο.

2284 727 2434 779 Ἐπεὶ
2457 725 2515 779 δὲ
2547 726 2608 779 οὐ
2642 726 2800 797 μόνον
2827 723 3080 795 ποιητὰς,
3107 723 3208 795 ἤδη
3236 723 3293 779 δὲ
3316 725 3410 777 καὶ
3433 724 3644 789 πύκτας
3675 726 3776 779 καὶ

2198 814 2435 887 ἀθλητὰς
2462 817 2491 868 ὁ
2518 816 2820 887 θαυμάσιος
2847 814 2980 879 Θεὸς
3009 813 3100 868 διά
3126 815 3236 868 τῶν
3267 814 3482 868 οἰκείων
3505 815 3777 886 χρησμῶν

2199 908 2511 977 εξεθέωσεν,
2554 907 2777 971 εἰκότως
2806 924 2896 978 μοι
2932 907 3081 960 δοκεῖ
3117 907 3211 961 καὶ
3250 905 3421 961 ταῦτα
3449 907 3777 979 ἀπελέγχειν

2197 1002 2226 1055 ό
2252 1001 2619 1073 δεδηλωμένος
2653 1000 2863 1065 τούτοις
2889 1002 3004 1063 τοῖς
3032 999 3291 1071 ῥήμασιν’
3356 1056 3370 1073 δ

2198 1181 2273 1243 Ὦ
2299 1184 2471 1252 εἰδὼς
2516 1184 2630 1257 (29)
2663 1183 2911 1255 ψάμμου
2935 1185 2985 1238 τ’
3018 1182 3287 1254 ἀριθμὸν,
3320 1182 3417 1269 καὶ
3444 1182 3647 1269 ⁸μέτρα
3671 1184 3780 1236 θα-

2198 1326 2313 1397 Καὶν
2330 1325 2532 1396 κωφοῦ
2557 1324 2803 1392 ξυνιεὶς,
2829 1323 2930 1379 καὶ
2951 1322 3037 1394 μὴ
3065 1252 3667 1389 ,λαλέοντος[άλιῗέἶιιῗΞ
3691 1297 3707 1320 ’

2206 1461 2224 1494 ι
2258 1441 2383 1495 Εἴθε
2414 1440 2619 1509 ὤφελες
2645 1440 2716 1495 τὰ
2750 1441 2847 1511 μὲν
2870 1439 3093 1493 τοιαῦτα
3121 1439 3298 1493 πάντα
3320 1440 3553 1509 ἀγνοεῖν,
3594 1439 3778 1493 ἐκεῖνο

2198 1533 2255 1587 δὲ
2280 1533 2498 1596 εἰδέναι,
2524 1534 2606 1587 ὅτι
2636 1533 2670 1604 ἡ
2694 1533 2929 1605 πυκτικὴ
2955 1532 3054 1603 τῆς
3090 1530 3355 1602 λακτικῆς
3397 1530 3551 1586 οὐδὲν
3581 1530 3778 1600 διαφέ-

2204 1643 2305 1698 ρει,
2329 1626 2399 1681 ἵν’
2422 1625 2455 1697 ἢ
2477 1626 2571 1680 καὶ
2599 1627 2722 1690 τοὺς
2745 1624 2899 1691 ὅνους
2928 1624 3330 1689 ἀπαθανάτους,
3361 1624 3395 1697 ἢ
3424 1623 3557 1695 μηδὲ
3598 1624 3776 1679 10.60-

528 1709 873 1767 Cleomedem
902 1707 1123 1780 quidem
1150 1708 1353 1778 ipsum,
1378 1706 1835 1777 Astypalazensem
1859 1707 2095 1780 pugilem

2212 1718 2378 1791 μήδην
2402 1717 2612 1789 πύκτην
2658 1716 3074 1783 Ἀστυπαλαιέα,
3097 1715 3270 1786 λέγων
3299 1714 3472 1779 οὕτως
3492 1732 3507 1745 ·

530 1808 766 1861 donares
796 1803 901 1859 hoc
923 1801 1160 1857 distich’o
1189 1820 1202 1856 :

535 1919 764 1974 Ultimus
787 1916 1001 1972 heroum
1034 1914 1329 1969 Cleomedes
1356 1914 1737 1985 Astypalensis,

528 1989 655 2044 Jam
684 2003 898 2043 sacrum
930 2003 962 2041 a
997 1984 1139 2040 vobis
1165 1985 1303 2055 ferat
1333 1984 1648 2039 immortalis
1680 1986 1950 2040 honorem.

528 2101 640 2157 Cur
674 2099 843 2168 enim,
875 2113 910 2154 ο
952 2097 1204 2168 indigena
1236 2096 1549 2153 Graecarum
1576 2095 1901 2168 religionum
1932 2096 2102 2152 inter-

529 2207 656 2263 pres
682 2233 699 2260 ,
726 2193 808 2248 sic
845 2191 993 2247 enim
1028 2198 1081 2244 te
1112 2188 1267 2243 Plato
1296 2196 1496 2254 vocat,
1534 2188 1811 2244 hominem
1842 2198 1901 2243 tu
1935 2189 2099 2245 istum

530 2282 909 2340 consecrasti?
932 2281 1014 2335 An
1059 2279 1206 2351 quod
1236 2280 1292 2335 in
1331 2278 1615 2353 Olympico
1664 2281 1961 2337 certamine
2002 2280 2098 2336 ad-

530 2375 832 2431 versarium
863 2388 975 2429 uno
1004 2373 1116 2428 ictu
1150 2387 1260 2428 non
1302 2373 1480 2429 solum
1510 2370 1778 2441 aﬂlixerit,
1809 2371 1905 2428 sed
1937 2373 2102 2429 etiam

530 2465 798 2538 patefacto
823 2465 991 2521 latere
1016 2464 1329 2534 pulmonem
1348 2463 1469 2534 ejus
1496 2462 1743 2519 immissa
1772 2478 1939 2518 manu
1974 2463 2101 2519 abs-

532 2557 800 2614 traxerit?
832 2555 1063 2628 Dignum
1113 2555 1390 2611 enimvero
1432 2555 1543 2612 Deo
1564 2554 1796 2622 facinus,
1819 2571 1853 2612 ο
1873 2557 2098 2628 Apollo!

529 2652 614 2705 An
642 2656 904 2721 praeterea
944 2647 1093 2719 quod
1123 2647 1418 2721 irrogatam
1447 2646 1551 2703 sibi
1577 2662 1642 2703 ea
1668 2646 1737 2703 de
1767 2663 1931 2705 causa
1964 2664 2103 2720 qua-

530 2752 657 2799 tuor
681 2741 1010 2797 talentorum
1036 2740 1296 2795 mulctam
1329 2753 1671 2810 concoquere
1700 2755 1809 2797 non
1836 2741 2101 2812 potuerit,

529 2834 627 2893 led
652 2833 708 2888 vi
752 2833 1006 2889 mteroris
1056 2832 1465 2902 iracundiaeque
1506 2840 1815 2889 commotus
1839 2873 1855 2899 ,
1902 2841 2105 2890 stoma-

530 2924 693 2980 chum
719 2931 775 2978 et
815 2924 981 2979 bilem
1022 2921 1333 2978 universam
1384 2923 1439 2976 in
1485 2936 1775 2991 puerorum
1804 2962 1819 2987 ,
1855 2923 1951 2993 qui
1987 2931 2103 2979 tum

531 3015 588 3069 in
613 3014 743 3070 ludo
766 3012 1035 3069 litterario
1059 3011 1424 3067 versabantur
1441 3052 1456 3079 ,
1484 3020 1647 3082 caput
1684 3015 1943 3082 eruperit,
1981 3026 2104 3069 suc-

2207 1914 2493 1987 Ὕστατος
2523 1914 2733 1987 ἡρώωζ⁵
2754 1913 3101 1987 Κλεομήδης
3126 1913 3239 1987 (50)
3274 1912 3778 1987 Ἀστυπαλαιεὺς,

2206 1985 2307 2038 Ὃν
2335 1986 2574 2051 θυσίαις
2596 1983 2783 2054 τιμᾶθ’
2812 1986 2889 2051 ὡς
2908 1983 3030 2039 οὐκ
3054 1983 3147 2040 ἔτι
3162 1983 3384 2055 θνητὸν
3402 1986 3602 2039 ἐόντα.

2200 2098 2300 2153 Διά
2325 2099 2379 2152 τί
2408 2098 2538 2171 γὰρ,
2568 2093 2613 2152 ὦ
2641 2099 2836 2170 πάτριε
2858 2097 2968 2152 τῶν
3007 2098 3274 2171 Ἑλλήνων
3305 2098 3564 2171 ὲξηγητά,
3597 2097 3674 2163 ὥς
3712 2115 3785 2153 σε

2201 2193 2358 2247 καλεῖ
2390 2192 2647 2256 Πλάτων,
2687 2191 2928 2256 ὲθέωσας
2969 2191 3061 2246 τὸν
3108 2190 3277 2251 ἄνδρα
3314 2192 3542 2258 τοῦτον;
3576 2192 3649 2249 Ἦ
3692 2192 3782 2246 ὅτι.

2214 2284 2539 2356 Ὀλυμπιάσι
2599 2285 2779 2359 πληγῇ
2849 2287 2947 2357 μιᾷ
3006 2285 3252 2350 πατάξας
3319 2283 3409 2339 τὸν
3476 2284 3785 2354 ἀνταγωνιε-

2204 2375 2332 2446 στὴν
2354 2376 2489 2446 (51),
2510 2375 2710 2447 ἀνέῳξε
2737 2377 2835 2449 τὴν
2862 2377 3099 2448 πλευρὰν
3138 2376 3303 2433 αὑτοῦ
3326 2417 3341 2441 ,
3385 2377 3478 2430 καὶ
3522 2375 3785 2447 ἐμϐαλὼν

2201 2465 2300 2535 τὴν
2328 2468 2488 2536 χεῖρα
2520 2465 2742 2520 ἐλάϐετο
2774 2466 2869 2519 τοῦ
2902 2467 3200 2538 πνεύμονος
3228 2485 3244 2535 ;
3289 2467 3582 2531 Ἄπολλον,
3629 2466 3788 2534 ἀξιο-

2204 2556 2326 2610 θέου
2366 2557 2565 2629 ἔργουί
2603 2559 2675 2612 Ἦ
2712 2559 2773 2611 οὐ
2815 2559 2973 2629 μόνον
2994 2599 3009 2623 ,
3063 2559 3198 2615 ἀλλά
3225 2559 3320 2614 καὶ
3360 2560 3473 2623 ὅτι,
3506 2575 3788 2633 προτιμη-

2204 2649 2316 2714 θεὶς
2342 2650 2450 2722 (52)
2496 2652 2774 2722 τεσσάρων
2809 2651 3083 2707 ταλάντων
3122 2652 3324 2725 ζημίαν
3363 2654 3455 2707 ἐπὶ
3486 2652 3689 2708 τούτων
3726 2666 3783 2715 ι,
3836 2650 3845 2667 “’

2203 2743 2303 2814 οὐχ
2332 2743 2559 2815 ὑπέστη,
2604 2744 2717 2799 ἀλλ’
2763 2746 2853 2797 ὑπ’
2886 2744 3178 2817 ἀχθηδόνος
3236 2745 3347 2815 (55)
3393 2744 3489 2799 καὶ
3539 2744 3789 2817 βαρυθυ-

2207 2834 2334 2905 μίας
2354 2835 2600 2907 ἐνήρεισε
2622 2836 2713 2891 τὸν
2730 2835 2897 2907 θυμὸν
2917 2839 3027 2900 τοῖς
3052 2838 3110 2889 ἐν
3132 2836 3209 2909 τῷ
3226 2836 3572 2908 διδασκαλείῳ
3594 2837 3783 2899 παισὶ,

2204 2927 2294 2980 τὸν
2322 2927 2476 2982 κίονα
2500 2928 2826 2998 ὑφελκύσας,
2856 2928 2916 2992 ὃς
2946 2930 3125 3000 ἀνεῖχε
3158 2929 3255 2999 τὴν
3286 2930 3483 3001 στέγην
3510 2926 3698 3001 ;⁷Αρ“,
3735 2924 3785 2982 ὦ

2206 3016 2439 3083 θεοποιὲ,
2460 3018 2548 3071 διὰ
2573 3018 2728 3073 ταῦθ’
2756 3020 2885 3090 ὑμῖν
2906 3022 2935 3075 ό
2959 3019 3280 3092 Κλεομήδης
3306 3020 3558 3091 τιμητέος
3586 3021 3740 3073 ἐστίν
3767 3038 3785 3085 ;

531 3121 694 3163 cussa
726 3105 1050 3175 revulsaque
1078 3103 1332 3158 columna
1361 3117 1483 3173 quas
1525 3111 1725 3159 tectum
1760 3102 2102 3159 sustinebat?

2212 3109 2481 3182 ἢκάκεῖνο
2506 3110 2856 3184 προσθήσεις,
2890 3111 2951 3165 τὸ
2968 3112 3154 3184 ἕτερον
3187 3112 3385 3183 δεῖγμα
3424 3112 3521 3183 τῆς
3565 3111 3787 3166 ἐκείνου

533 3198 640 3265 Tu,
669 3200 916 3269 inquam,
940 3213 973 3253 ο
1003 3196 1231 3252 deorum
1256 3194 1572 3260 architecte,
1599 3195 1939 3252 Cleomedem
1976 3212 2104 3267 pro-

532 3299 717 3360 pterea
739 3287 942 3344 divinis
962 3286 1265 3342 honoribus
1317 3286 1606 3341 colendum
1633 3288 1882 3357 putasti?
1906 3286 1988 3341 An
2016 3304 2108 3358 po-

534 3382 645 3438 tius
675 3380 906 3437 alterum
938 3379 1042 3435 hoc
1090 3378 1357 3449 adjunges
1394 3393 1518 3434 cum
1569 3378 1811 3449 ejusdem
1855 3378 2103 3447 roboris,

534 3485 651 3531 tum
674 3473 873 3530 divinae
900 3471 1292 3528 benevolentiae
1321 3479 1734 3525 monumentum
1764 3486 1779 3535 ;
1804 3471 1947 3541 quod
1980 3486 2103 3526 cum

535 3581 749 3625 sacram
775 3567 831 3621 in
876 3578 1061 3620 arcam
1094 3576 1215 3619 sese
1257 3561 1579 3618 immisisset
1602 3601 1619 3628 ,
1651 3562 1885 3617 adducto
1913 3561 2107 3617 deinde

535 3659 815 3732 operculo,
853 3652 1240 3727 comprehendi
1265 3655 1334 3709 ab
1362 3653 1798 3725 insequentibus,
1843 3653 1898 3707 in
1925 3669 1991 3709 eo
2011 3670 2108 3709 ex-

536 3752 803 3809 trahendo
847 3751 1048 3806 frustra
1087 3748 1464 3803 laborantibus
1488 3787 1502 3811 ,
1552 3747 1701 3802 nulla
1732 3748 1781 3802 vi
1826 3747 2109 3815 potuerit?

536 3844 732 3902 ldeone
763 3843 987 3897 heroem
1035 3851 1092 3897 tu
1126 3840 1279 3896 illum
1300 3878 1315 3904 ,
1351 3847 1514 3909 atque
1546 3854 1615 3893 ex
1656 3838 1965 3894 mortalium
2006 3854 2108 3893 nu-

536 3951 691 3991 mero
732 3933 1083 3989 eximendum
1113 3947 1234 3988 esse
1275 3930 1401 3986 vis?
1432 3928 1476 3984 0
1508 3928 1824 3985 Cleomedes
1848 3969 1863 3995 ,
1908 3927 2108 3997 quibus

525 4027 638 4083 .tibi
672 4027 882 4083 artibus
918 4024 1380 4081 immortalitatem
1425 4021 1722 4094 peperisti!
1764 4018 1993 4076 Sensere
2032 4019 2107 4074 dii

537 4121 736 4191 quippe
752 4120 1015 4174 continuo
1031 4117 1242 4188 pulchri
1266 4114 1524 4170 facinoris
1540 4113 1938 4180 excellentiam,
1953 4120 2110 4180 teque

524 4212 705 4277 illico,
740 4221 801 4267 ut
828 4212 970 4267 bona
999 4209 1273 4280 quondam
1304 4207 1464 4277 231
1502 4204 1722 4260 Homeri
1753 4204 1978 4259 numina
2006 4204 2110 4259 Ga-

526 4304 847 4376 nymedem,
878 4303 933 4357 in
963 4303 1160 4358 caelum
1201 4314 1435 4369 rapuere
1462 4316 1475 4352 :
1507 4296 1613 4353 nisi
1642 4297 1788 4367 quod
1818 4295 1907 4350 ille
1936 4293 2109 4349 forma

535 4414 602 4453 ac
633 4397 844 4468 specie,
878 4404 935 4451 tu
964 4395 1162 4451 robore
1185 4434 1199 4459 ,
1242 4407 1456 4463 usuque
1478 4390 1693 4445 roboris
1730 4388 1949 4460 egregio
1988 4388 2108 4458 pla-

2205 3201 2425 3273 ἀνδρίας
2453 3201 2568 3273 ἀμα
2602 3202 2696 3255 καὶ
2720 3203 2996 3273 θεοφιλίας
3014 3245 3029 3270 ,
3057 3205 3137 3259 ὅτι
3168 3204 3231 3277 δὴ
3255 3242 3270 3268 ,
3295 3203 3471 3275 ὲμϐἀς
3506 3204 3586 3269 εἰς
3632 3204 3787 3275 ἱερὸν

2204 3292 2454 3348 κιϐώτιον
2484 3293 2617 3365 (54),
2665 3295 2761 3349 καὶ
2806 3295 2867 3349 τὸ
2896 3295 3067 3367 πῶμα
3112 3297 3486 3368 ἐπαγόμενος,
3534 3293 3788 3367 ἄληπτος

2204 3385 2417 3454 ἐγένετο
2457 3389 2569 3450 τοῖς
2624 3386 2909 3451 διώκουσι,
2937 3387 3301 3459 πειρωμένοις
3347 3385 3512 3439 αὐτὸν
3552 3385 3786 3450 ἐξελκῦ-

2208 3493 2296 3530 σαι
2324 3476 2433 3548 (55)
2458 3494 2473 3544 ;
2504 3474 2576 3531 ’Ὢ
2599 3478 2930 3550 Κλεόμηδες,
2964 3475 3072 3551 ἆρα
3097 3479 3244 3550 ἥρως
3270 3478 3370 3531 οὐκ
3395 3477 3511 3531 ἐστι
3550 3476 3786 3549 θνητὸςς

2206 3564 2308 3625 Οἴα
2339 3569 2407 3625 τὰ
2437 3572 2799 3643 μηχανήματα
2822 3572 2962 3645 ὑπὲρ
3006 3570 3301 3635 ἀθανασίας
3342 3569 3594 3642 ὲξεῦρεςῑ
3645 3571 3790 3642 ’ᾘσ-

2207 3661 2358 3716 θοντο
2383 3662 2512 3731 γοῦν
2542 3663 2742 3727 εὐθέως
2771 3665 2821 3716 οἱ
2851 3663 2963 3716 θεοὶ
3002 3663 3103 3734 τῆς
3134 3663 3523 3734 ἀγαθουργίας,
3568 3662 3665 3715 καὶ
3690 3663 3790 3715 ἀν·-

2206 3754 2498 3826 ηρείψαντό
2531 3771 2611 3820 σε,
2637 3753 2824 3825 ὥσπερ
2852 3755 2901 3807 οἱ
2934 3753 3282 3825 τοῦὈμήρου
3314 3752 3407 3806 τὸν
3423 3752 3747 3823 Γανυμήδην
3768 3769 3783 3781 ο

2208 3844 2343 3898 ἀλλά
2372 3844 2463 3899 τὸν
2494 3845 2591 3915 μὲν
2621 3846 2713 3897 ἐπὶ
2749 3845 2827 3916 τῷ
2860 3845 3063 3909 κάλλει,
3092 3845 3151 3898 σὲ
3183 3844 3240 3897 δὲ
3272 3843 3365 3897 ἐπὶ
3392 3846 3460 3916 τῇ
3492 3843 3658 3913 ἰσχύϊ,
3687 3846 3791 3897 καὶ

2207 3939 2302 4008 τῆς
2333 3938 2513 4009 ἰσχύος
2544 3941 2609 4010 τῇ
2641 3939 2833 4011 χρήσει
2856 3941 2921 4009 τῇ
2948 3937 3147 4007 ἀγαθῇ.
3180 3935 3306 4017 Εἴθε
3335 3932 3448 4001 οὖν,
3494 3930 3542 3989 ὦ
3594 3936 3788 4006 μάντι,

2206 4023 2280 4087 ὡς
2313 4023 2471 4095 ἔφην,
2500 4025 2666 4089 ἐάσας
2690 4025 2788 4095 τὴν
2816 4024 3041 4096 ψάμμον
3075 4024 3170 4079 κα)⁸
3192 4025 3289 4095 τὴν
3323 4023 3523 4095 ἅλμην,
3551 4024 3793 4078 ἀντάὐ·

2208 4115 2314 4168 τῶν
2346 4115 2628 4186 ἐξέμαθες,
2657 4117 2855 4170 ὁπόσου
2880 4116 3027 4181 ἄξιόν
3046 4118 3192 4171 ἐστιν
3226 4119 3259 4189 ή
3284 4116 3542 4188 πυκτικὴ,
3569 4116 3658 4171 ἵνα
3689 4118 3792 4171 καὶ

2207 4207 2332 4271 τοὺς
2349 4207 2558 4272 πύκτας
2584 4208 2736 4273 ὅνους
2768 4210 2921 4272 θεοὺς
2939 4208 3208 4280 ἐνόμιζες,
3237 4209 3333 4263 καὶ
3359 4210 3485 4273 τοὺς
3516 4209 3793 4282 ὀνάγρους

2209 4296 2316 4350 τῶν
2346 4296 2482 4351 θεῶν
2502 4300 2628 4363 τοὺς
2654 4299 2939 4370 ἀρίστουςῑ
2968 4300 3062 4353 καὶ
3089 4295 3157 4371 ἦν
3183 4299 3249 4353 ἀν
3290 4316 3342 4352 τι
3370 4300 3569 4352 οἰκεῖον
3600 4298 3793 4367 λόγιον

2211 4389 2298 4440 ἐπ’
2331 4389 2651 4444 ἀποθανόντι
2680 4390 2891 4462 ὀνάγρῳ
2919 4391 3116 4463 μᾶλλον
3148 4391 3182 4463 ἢ
3216 4391 3308 4444 ἐπὶ
3333 4390 3410 4461 τῷ
3445 4390 3521 4461 σῷ
3555 4391 3749 4464 πύκτῃ
3773 4408 3793 4423 ο

536 4490 717 4547 cuisti.
746 4488 966 4545 Utinam
988 4503 1140 4559 ergo,
1164 4488 1304 4543 bone
1349 4496 1519 4549 vates,
1577 4483 1722 4554 quod
1775 4493 1899 4537 ante
1937 4482 2202 4546 dicebam,
2243 4499 2408 4539 arena
2438 4485 2683 4556 marique
2722 4487 3120 4556 praetermissis,
3167 4501 3276 4556 quo
3316 4485 3385 4541 sit
3417 4485 3701 4541 habendus
3735 4488 3793 4540 in

531 4596 769 4641 numero
812 4580 1086 4651 pugilatus
1131 4577 1335 4632 interea
1375 4574 1680 4630 didicisses.
1734 4570 2001 4627 Nimirum
2052 4583 2104 4626 et
2139 4572 2271 4627 deos
2301 4589 2515 4644 quoque
2553 4575 2766 4647 pugiles
2828 4576 3034 4642 asinos,
3095 4584 3149 4631 et
3176 4589 3410 4646 onagros
3447 4576 3543 4631 abs
3577 4585 3632 4632 te
3656 4577 3795 4632 deo-

531 4690 660 4730 rum
706 4669 1114 4728 strenuissimos
1145 4666 1489 4721 haberemus.
1545 4661 1795 4717 Exstaret
1831 4661 1995 4716 etiam
2039 4660 2093 4714 in
2131 4662 2400 4718 demortui
2449 4665 2638 4737 onagri
2685 4667 2867 4723 verius
2927 4682 3093 4737 quam
3132 4667 3189 4721 in
3226 4666 3426 4738 pugilis
3456 4665 3535 4721 tui
3567 4667 3794 4723 laudem

532 4767 817 4841 proprium
850 4765 956 4817 hoc
979 4770 1034 4816 et
1056 4759 1332 4839 singulare
1357 4754 1636 4811 oraculum
1664 4772 1676 4807 :

612 4945 640 4975 ι
668 4931 754 4986 τσ.
788 4929 984 4997 τούτῳ.

610 5098 724 5179 (39)
762 5093 838 5154 Ὠ
862 5095 1049 5161 εἰδώς.
1089 5092 1221 5179 Vide
1242 5090 1385 5162 quod
1412 5096 1730 5144 annotatum
1760 5095 1863 5153 est,
1892 5102 1946 5158 p.
1974 5086 2102 5158 212,

2284 5088 2394 5169 (3i)
2439 5087 2552 5179 Τὸζ
2577 5085 3063 5179 έὶντεξξωζιιζτήν.
3106 5083 3243 5139 Eum
3271 5082 3573 5139 Pausanias
3602 5084 3797 5138 Ἴκκον

545 5170 727 5313 θ’(ἓὸ)
768 5235 1134 5313 Κλεομήιξης.
1166 5231 1289 5313 ξιοο
1306 5230 1809 5313 de_pugile'sitlnilia
1832 5229 2102 5313 Plutarch,

542 5314 597 5365 in
620 5298 870 5375 ‘Romulo,
914 5298 1134 5378 p.54:
1166 5298 1555 5378 Pausaniasfu
1586 5298 1815 5378 Helice,
1833 5316 1896 5378 Β,
1925 5299 2026 5378 18θ
2056 5308 2110 5354 et

540 5381 675 5449 187;
704 5369 965 5449 Origenes
1000 5373 1067 5428 In
1095 5372 1302 5449 Celsum
1324 5371 1447 5449 _lib.__
1466 5386 1546 5437 ιιι,
1580 5385 1634 5439 p.
1669 5371 1803 5449 ly“;
1833 5369 2102 5449 Theudor.

540 5451 634 5505 lib.
660 5440 761 5505 'vm
795 5440 871 5503 De
903 5446 1133 5501 (ἔννεπον.
1160 5441 1504 5512 aﬂ'ectionib.,
1531 5455 1655 5510 pag.
1690 5441 1799 5512 115
1812 5458 1827 5506 ;
1853 5440 2106 5512 _llyrillus

542 5520 829 5575 Alexandr.
862 5516 928 5572 In
951 5509 1228 5569 lulianum
1254 5513 1585 5581 Apostatam,
1624 5526 1674 5579 p.
1707 5510 1812 5564 62%
1852 5509 2107 5575 Herveti;

541 5600 595 5643 at
625 5589 798 5645 Graeci
830 5587 1033 5644 codicis
1062 5578 1337 5638 manuscr.
1371 5590 1416 5636 t.
1439 5578 1505 5650 ιι,
1538 5578 1637 5634 ιιι).
1666 5596 1729 5645 ιι,
1759 5582 1850 5650 qui
1888 5589 2097 5650 postre-

540 5660 614 5712 tni
644 5660 847 5714 cultum
902 5654 1002 5711 SS.
1039 5652 1367 5724 martyribus
1400 5667 1431 5705 a
1456 5649 1780 5724 Christianis
1812 5651 2091 5724 tributum,

541 5730 673 5785 inita
702 5726 1006 5785 Cleomedis
1044 5720 1207 5780 etiam
1240 5721 1604 5789 contentione,
1636 5720 1949 5777 defendunt.

2212 5156 2479 5229 nominat,
2506 5157 2675 5229 ἄνδρα
2717 5156 3076 5229 Ἐπιδαύριον.

2286 5226 2397 5298 (52)
2437 5223 2837 5298 Προτίμηθείς.
2880 5223 3025 5296 Lego
3059 5223 3472 5298 neonthOslg:

2441 5292 2558 5351 ’Ῠπ’
2590 5292 3085 5383 ἁχθηδόνοςξειο.
3105 5292 3380 5358 Pansam,
3415 5292 3638 5371 εὔφρων
3663 5294 3792 5362 ἐγέ-

2282 5386 2329 5421 ιο
2397 5369 2466 5422 πὸ
2487 5369 2586 5422 τῆς
2610 5367 2803 5422 λυπης.

2209 5367 2329 5422 νετο
2361 5367 2466 5422 ὑπὸ
2487 5369 2586 5439 τῆς
2610 5367 2803 5439 λύπης.

2282 5439 2392 5511 (54)
2428 5430 3060 5511 ῌιςνὶερονγκιϐώτιον.
3100 5434 3400 5491 Pausanias
3443 5434 3497 5487 in
3530 5430 3795 5487 Minerva-

2211 5507 2410 5577 templo
2437 5507 2636 5562 factum
2664 5508 2719 5561 id
2743 5523 2865 5562 esse
2890 5517 3094 5561 narrat.

2280 5570 2392 5651 (55)
2431 5577 2560 5633 Post
2602 5577 2906 5651 εξελκῦσαι,
2934 5575 3226 5651 manifesta
3250 5573 3496 5651 trajectio
3527 5580 3633 5651 est.
3681 5570 3796 5651 lti-

2203 5638 2309 5719 que
2357 5638 2766 5721 reponendum;
2791 5638 2932 5718 Ἄρα
2997 5652 3147 5721 ἣρως
3175 5647 3276 5699 οὐκ
3308 5638 3421 5697 ἐστι
3459 5641 3689 5712 θνητός;
3718 5638 3795 5696 Ὠ

2201 5711 2510 5791 Κλεόμηδες
2528 5735 2540 5748 ·
2573 5711 2658 5771 οἷα
2681 5718 2748 5772 τὰ
2779 5711 2911 5789 μηχ.
