3862 6220
108 365 198 421 δθτ
250 352 261 363 ‘

1273 355 1596 421 PREPAR.
1639 362 1889 422 EVANG.
1930 364 2058 422 LIB.
2102 362 2168 425 ν.

3246 366 3355 425 393

106 481 689 557 fﬁfozocAdOardtgrr
708 474 845 557 ὄνος
872 478 1073 557 ἄγριος
1092 522 1117 557 ,7
1143 485 1215 536 οὐ
1252 481 1632 557 Κλεομήδης,

1782 483 2048 557 ῌαιιὶηιιη
2075 486 2159 539 hic
2184 500 2378 555 onager
2408 500 2675 557 superum,
2702 500 2805 540 non
2829 486 2945 556 jam
2977 484 3304 553 Cleomedes,

110 556 206 606 Ὃν
228 554 473 619 θυσίαις
496 552 685 623 τιμᾶθ’
723 555 802 620 ὠς
830 557 941 608 οὐκ
974 555 1063 607 ἐτι
1089 552 1314 619 θνητὸν
1336 553 1533 607 ἐόντα.

105 666 187 738 Μὴ
215 667 322 739 γάρ
356 667 420 739 δὴ
465 657 770 739 θαυμάσῃς,
807 669 856 721 εἰ
889 670 983 722 καὶ
1020 668 1251 739 δναγρος
1303 669 1677 723 ἐπιδικάσεται

106 759 431 824 ἀθανασίας,
468 760 666 823 ἱκανῶς
684 761 752 815 τά
799 760 916 814 θεῖα
964 761 1553 832 παρασκευασάμενος
1585 762 1680 814 καὶ

106 851 340 915 ἀκούσας
365 852 439 923 μὴ
466 852 795 922 ἀνασχέσθαι
831 864 878 915 ει,
905 851 1019 907 ἀλλ’
1045 852 1340 923 ἀπειλῆσαι
1375 851 1404 892 ἓν
1445 853 1539 906 καὶ¹
1583 852 1681 906 αὐ-

104 944 190 997 τὶν
237 945 331 997 τὸν
378 944 670 1016 Κλεομὴδη
705 944 950 1010 πατάξας
986 946 1068 1008 είς
1098 946 1158 998 τὸ
1192 943 1466 1019 βάραθρον
1511 945 1683 1017 ἐμϐα-

104 1036 233 1100 λεῖν,
268 1037 377 1094 καὶ
403 1039 507 1094 οὐκ
550 1040 869 1113 ἐπιτρέψειν
892 1036 1041 1111 αὑτῷ
1064 1042 1144 1104 είς
1171 1038 1261 1093 τὸν
1283 1037 1508 1110 οὐρανὸν
1551 1040 1681 1092 ἀνα-

106 1132 260 1201 ϐῆναι
284 1148 298 1162 °
330 1128 469 1186 εἶναι
501 1130 611 1204 γάρ
642 1132 805 1186 αὐτοῦ
839 1132 1131 1204 ἀξιώτερος
1165 1131 1347 1187 αὐτῶν
1387 1131 1498 1185 τῶν
1521 1130 1681 1185 θείων

104 1223 310 1294 δώρων,
354 1225 449 1278 ἀτε
482 1226 621 1295 μήτε
649 1223 798 1295 αὐτῷ
822 1226 965 1295 μόνῳ
1006 1224 1226 1296 ἐτοιμος
1269 1222 1344 1276 ὣν
1390 1222 1679 1294 μάχεσθαι,

106 1318 204 1372 κᾶν
226 1320 276 1371 εί
308 1318 547 1389 σιδηροῖς
579 1316 758 1389 χρῷτο
779 1320 891 1381 τοῖς
921 1318 1130 1388 ίμᾶσιν,
1161 1316 1298 1370 ἀλλά
1333 1317 1427 1370 καὶ
1464 1315 1543 1386 τῷ
1574 1315 1683 1369 Θα-

107 1412 203 1481 σίῳ
225 1411 408 1481 πύκτῃ
428 1408 535 1480 (56)
561 1409 678 1480 ἅμα
705 1409 1053 1481 ἀμφοτέροις,
1079 1410 1219 1480 ὑπὲρ
1239 1404 1299 1464 οὗ
1320 1409 1415 1463 τοῦ
1433 1411 1684 1482 ἀνδριάν-

106 1520 193 1567 τος
209 1502 558 1574 ἐχαλέπηναν
590 1503 641 1555 οἱ
672 1501 803 1567 θεοὶ,
831 1501 927 1555 καὶ
950 1502 1049 1573 τὴν
1086 1502 1302 1557 Θασίων
1337 1502 1443 1573 γῆν
1482 1502 1683 1574 ἄφορον

107 1596 449 1667 εἰργάσαντο.
480 1594 818 1666 Πιστεύομεν
837 1593 892 1647 δὲ
922 1595 1018 1648 καὶ
1050 1595 1179 1667 περὶ
1219 1594 1415 1647 τούτου
1445 1594 1545 1647 οὐκ
1592 1595 1685 1647 ἀν-

109 1686 341 1759 θρώπῳ,
379 1686 517 1740 ἀλλά
575 1686 682 1757 θεῷ
718 1686 797 1757 τῷ
829 1687 1001 1759 αὐτῷ.
1046 1687 1137 1752 Ἐξ
1163 1682 1238 1742 ὧν
1268 1687 1381 1757 ἐγὼ
1422 1689 1516 1742 καὶ
1544 1689 1684 1743 πάνυ

106 1779 428 1849 κατενόησα,
450 1778 531 1831 ὅτι
549 1778 690 1832 θεῖόν
711 1779 889 1851 τιάρα
908 1775 977 1849 ἧν
997 1780 1335 1852 ἐπιτήδευμα
1359 1782 1393 1852 η
1423 1783 1681 1853 πυκτική·

1778 555 2029 610 Divinum
2056 572 2089 609 a
2113 558 2255 610 vobis
2285 559 2422 626 [erat
2449 555 2768 612 immortalis
2795 555 3066 612 honorem.

1778 666 1965 738 Neque
1989 654 2122 723 vero
2153 669 2352 723 mirum
2376 668 2473 724 tibi
2501 670 2751 726 videatur
2774 713 2789 739 ,
2826 671 2973 742 quod
3015 673 3346 732 immortali-

1778 768 1946 816 tatem
1992 762 2098 818 sibi
2130 777 2335 834 onager
2365 777 2469 819 suo
2516 764 2674 834 quasi
2707 764 2832 835 jure
2869 765 3172 822 vindicaret
3196 810 3211 835 ,
3245 776 3355 826 tam

1780 854 1920 911 belle
1947 854 2111 911 rebus
2140 855 2445 926 opibusque
2476 855 2677 910 divinis
2705 855 3040 913 instructus:
3093 859 3353 930 quodque

1782 947 1872 1002 ubi
1906 955 2088 1001 vestro
2113 948 2179 1002 de
2211 948 2440 1003 consilio
2472 946 2676 1017 aliquid
2710 946 3033 1015 inaudisset,
3070 949 3362 1021 impatiens

1782 1039 2016 1108 injuriae,
2053 1039 2298 1095 futurum
2326 1040 2649 1107 minaretur,
2681 1041 2761 1095 uti
2789 1040 3135 1097 Cleomedem
3179 1042 3359 1113 ipsum

1783 1131 1837 1186 in
1895 1132 2211 1203 voraginem
2281 1133 2527 1189 calcibus
2574 1141 2865 1189 contusum
2925 1133 3203 1205 dejiceret,
3259 1138 3409 1191 nec’

1781 1222 1936 1279 illum
1973 1240 2217 1295 unquam
2270 1225 2325 1278 in
2369 1225 2568 1281 cmlum
2622 1226 2993 1281 conscendere
3036 1234 3357 1297 pateretur:

1783 1316 1887 1372 sibi
1918 1316 2063 1371 enim
2104 1316 2311 1387 justius
2340 1331 2505 1387 quam
2537 1317 2645 1388 ipsi
2675 1317 2859 1372 divina
2890 1318 2977 1372 illa
3009 1334 3239 1377 munera
3264 1322 3361 1376 de-

1784 1406 1899 1462 beri
1940 1407 2293 1461 contenderet
2321 1424 2335 1474 ;
2370 1406 2570 1477 quippe
2605 1408 2699 1476 qui
2729 1422 2837 1461 non
2881 1422 3005 1463 cum
3037 1422 3104 1464 eo
3136 1410 3314 1465 solum
3343 1449 3362 1475 ,

1784 1500 2000 1554 tametsi
2053 1498 2245 1554 ferreis
2288 1498 2543 1554 caestibus
2586 1507 2872 1567 uteretur,
2920 1514 3109 1555 verum
3142 1512 3197 1556 et
3236 1517 3361 1558 cum

1784 1590 1957 1645 altero
1999 1590 2163 1645 simul
2190 1590 2375 1662 pugile
2425 1589 2629 1645 Thasio
2677 1606 2919 1662 pugnare
2965 1601 3189 1661 posset:
3228 1594 3360 1660 illo,

1786 1682 2035 1753 inquam,
2060 1680 2284 1749 Thasio,
2314 1684 2471 1754 cujus
2497 1682 2568 1736 ob
2597 1690 2832 1737 statuam
2860 1685 3119 1739 commoti
3142 1687 3363 1756 gravius

1786 1777 1990 1846 superi,
2021 1777 2102 1831 uti
2134 1777 2292 1831 ﬁdem
2323 1792 2432 1832 non
2464 1776 2632 1831 homo
2662 1777 2852 1832 nescio
2883 1777 3008 1846 quis
3034 1818 3050 1842 ,
3082 1779 3176 1834 sed
3219 1778 3359 1835 idem

106 1871 231 1934 τοὺς
252 1871 310 1924 δὲ
340 1871 568 1935 πολλοὺς
597 1870 693 1924 καὶ
712 1870 989 1942 οἰομένους
1017 1868 1157 1926 εἶναι
1188 1875 1387 1943 σοφοὺς
1418 1874 1676 1943 ἐλελήθει·

1783 1867 1900 1936 ipse
1944 1865 2089 1921 Deus
2128 1864 2278 1931 facit,
2315 1864 2643 1921 Thasiorum
2675 1866 2805 1922 olim
2837 1882 3027 1939 agrum
3078 1868 3363 1926 sterilitate

109 1961 195 2024 ἶν’,
224 1961 486 2033 ἀφέμενοι
518 1960 613 2014 τοῦ
638 1961 793 2015 καλοὶ
833 1962 1066 2032 κάγαθοὶ
1094 1958 1266 2029 εἶναι,
1302 1965 1505 2035 ἤσκουν
1544 1965 1685 2019 αἱ)τά

109 2052 199 2106 τοῦ
231 2054 435 2107 Θασίου
459 2053 666 2106 πύκτου
685 2070 700 2084 ⁸
732 2046 777 2121 ᾧ
805 2054 1104 2109 ἀθανασίαν
1139 2056 1259 2127 μὲν,
1282 2056 1473 2128 ὥσπερ
1516 2057 1683 2111 Κλεο-

114 2144 290 2217 μῆεει.
327 2147 427 2199 οὐκ
473 2146 703 2211 ἔδωκαν,
761 2147 1025 2215 ἐφίλησαν
1064 2147 1123 2202 δέ
1173 2149 1427 2219 μεγάλως
1461 2150 1509 2201 οἱ
1549 2148 1677 2205 θεοί.

110 2238 264 2291 Οὕτω
284 2239 379 2291 καὶ
408 2239 437 2289 ὁ
462 2238 691 2309 χάλκεος
708 2238 869 2291 αὑτοῦ
899 2238 1122 2310 ἀνδριὰς
1149 2238 1316 2304 ἐδειξέ
1336 2257 1388 2293 τι
1419 2240 1559 2312 ὑπὲρ
1583 2239 1683 2304 τάς

106 2330 211 2381 τῶν
240 2329 414 2385 ἄλλων
446 2329 747 2401 ἀνθρώπων
767 2332 1001 2396 εἰκόνας,
1025 2331 1463 2402 ἐπικατενεχθεὶς
1482 2331 1559 2402 τῷ
1583 2349 1684 2402 μα-

110 2421 377 2494 στιγοῦντι
403 2423 603 2496 ἐχθρῷ,
633 2424 777 2478 κατά
800 2441 942 2488 τινα,
972 2424 1047 2487 ὡς
1080 2423 1243 2489 ἔοικε,
1273 2422 1554 2494 δαιμονίαν
1590 2422 1684 2493 μέ-

110 2528 325 2587 ριμναν.
372 2516 512 2568 Ἀλλ’
544 2517 595 2568 οἱ
624 2516 855 2588 ἄφρονες
878 2515 1089 2582 Θάσιοι,
1118 2516 1213 2569 καὶ
1259 2514 1420 2568 θείων
1467 2513 1683 2585 ἄπειροι

109 2607 448 2678 πραγμάτων
469 2646 486 2672 ,
529 2607 918 2678 ἡγανάκτησάν
952 2624 1033 2671 τε,
1060 2608 1158 2661 καὶ
1184 2605 1315 2675 ἀγος
1342 2605 1682 2660 ἐπεκάλεσαν

104 2698 178 2768 τῷ
207 2700 509 2772 ἀνδριάντι,
541 2700 636 2752 καὶ
657 2698 811 2768 δίκην
831 2697 1240 2770 εἰσεπράξαντο,
1258 2698 1354 2751 καὶ
1385 2698 1684 2751 καταδῦσαι

104 2790 410 2861 ἐτόλμησαν
437 2793 516 2853 είς
548 2790 647 2861 τὴν
676 2790 964 2847 θάλασσαν.
997 2792 1072 2843 Οὐ
1110 2789 1214 2861 μὴν
1244 2788 1497 2858 διέφυγόν
1535 2806 1598 2858 γε
1632 2790 1683 2843 ei

103 2881 314 2945 Θάσιοι,
350 2882 465 2935 ἀλλ’
488 2883 536 2934 οἱ
560 2880 673 2934 θεοὶ
693 2880 934 2945 ἐδίδαξαν
970 2880 1156 2952 ἡλίκον
1185 2880 1352 2935 κακὸν
1386 2881 1477 2934 ὐπ’
1505 2879 1684 2936 αὐτῶν

102 2974 376 3047 ἐτολμήθη
398 3015 412 3037 ,
446 2973 601 3044 λιμὸν
637 2972 1045 3044 ἐπιπέμψαντες
1084 2972 1176 3026 τὸν
1205 2970 1303 3043 τῆς
1343 2973 1491 3036 θείας
1528 2972 1686 3043 δίκης

100 3065 386 3120 διάκονονο
417 3066 478 3129 ὃς
508 3065 712 3131 ἐδίδαξε
745 3064 898 3136 μόλις
932 3065 1127 3128 αὐτοὺς
1149 3064 1219 3117 τά
1253 3064 1363 3117 τῶν
1390 3063 1528 3118 θεῶν
1559 3063 1684 3134 βου-

102 3158 352 3229 λεὺματα
371 3198 387 3223 ,
418 3159 529 3223 ὅτε,
558 3156 1069 3229 φιλανθρωπότατος
1101 3155 1237 3210 θεῶν
1271 3156 1334 3209 σὺ
1375 3155 1454 3227 τῷ
1499 3153 1684 3225 οἰκείῳ

101 3250 308 3321 τρόπῳ,
341 3248 441 3319 τὴν
471 3247 722 3319 βοήθειαν
748 3247 929 3310 αὐτοῖς
968 3245 1237 3317 ἔπεμψας,
1264 3247 1436 3315 λέγων
1454 3262 1469 3276 ·

1783 1957 2133 2011 damnarunt.
2181 1955 2259 2011 Ex
2291 1956 2491 2026 quibus
2535 1971 2683 2011 nunc
2720 1956 2939 2014 demum
2972 1957 3248 2028 intelligo,
3276 1958 3363 2014 di-

1784 2051 1972 2105 vinum
2004 2051 2164 2119 plane
2195 2049 2402 2119 aliquid
2427 2064 2550 2105 esse
2576 2049 2879 2120 pugilatum
2900 2065 2916 2104 :
2937 2049 2990 2106 id
3010 2051 3155 2120 quod
3178 2051 3363 2108 videre

1783 2157 2064 2211 nunquam
2083 2183 2098 2208 ,
2129 2141 2214 2195 vel
2244 2156 2434 2196 eorum
2453 2183 2469 2207 ,
2504 2142 2597 2211 qui
2624 2155 2683 2196 se
2731 2139 3004 2211 sapientes
3030 2141 3193 2211 vulgo
3223 2157 3363 2212 pra:-

1782 2233 2060 2299 dicabant,
2094 2232 2339 2302 plerique
2370 2242 2616 2302 potuere.
2646 2230 2838 2299 Secus,
2873 2233 3096 2290 omissis
3124 2234 3201 2290 illi
3233 2250 3365 2306 pro-

1786 2323 1927 2378 lecto
1980 2323 2192 2379 honesti
2239 2323 2483 2392 rectique
2531 2322 2770 2389 studiis,
2818 2323 2887 2378 ad
2936 2322 3123 2380 Thasii
3164 2327 3365 2398 pugillo

1784 2414 2529 2483 imitationemadhaesissent.
2557 2413 2692 2468 Nam
2711 2421 2771 2468 ut
2794 2429 2918 2469 eum
2949 2417 3155 2486 superi,
3172 2432 3365 2490 quem-

1785 2507 2078 2562 admodum
2108 2505 2475 2572 Cleomedem,
2511 2506 2921 2562 immortalitate
2946 2522 3055 2562 non
3084 2508 3361 2575 donarint,

1786 2602 2057 2674 praecipuo
2081 2608 2260 2655 tamen
2291 2614 2480 2654 amore
2510 2599 2784 2670 prosecuti
2820 2608 2969 2655 sunt.
3016 2599 3197 2672 Usque
3226 2602 3363 2659 adeo

1786 2693 2064 2765 singulare
2117 2690 2375 2761 quiddam
2407 2731 2423 2755 ,
2480 2704 2644 2757 supra
2705 2697 3024 2745 ceterorum
3077 2691 3359 2747 hominum

1786 2783 2074 2853 imagines,
2102 2795 2312 2836 aeneum
2352 2778 2474 2847 ejus
2505 2777 2861 2834 simulacrum
2911 2777 3186 2840 ostendit,
3234 2792 3360 2832 cum

1786 2877 1840 2931 in
1868 2882 2031 2944 caput
2070 2872 2273 2927 inimici
2302 2911 2316 2936 ,
2365 2885 2397 2924 a
2432 2886 2543 2941 quo
2577 2878 2691 2923 tum
2740 2868 2955 2939 ﬂagello
3002 2869 3321 2938 pulsabatur
3344 2908 3360 2934 ,

1786 2971 2010 3035 repente
2056 2962 2291 3026 cecidit,
2337 2975 2447 3017 non
2498 2959 2617 3015 sine
2643 2959 2828 3014 divino
2856 2998 2872 3023 ,
2917 2960 2997 3014 uti
3036 2959 3210 3014 visum
3255 2970 3358 3018 est.

1787 3056 2039 3113 consilio.
2075 3054 2145 3107 At
2179 3054 2460 3108 enimvero
2486 3051 2746 3108 vecordes
2774 3050 2986 3118 Thasii,
3022 3060 3078 3106 et
3107 3050 3161 3105 in
3198 3049 3360 3105 rebus

1787 3148 1988 3204 divinis
2014 3146 2307 3217 peregrini,
2341 3159 2528 3200 casum
2575 3143 2766 3215 iniquo
2818 3141 2961 3198 ferre
2991 3142 3176 3197 animo
3202 3181 3217 3207 ,
3245 3141 3362 3211 pia-

1711 3236 1754 3295 C
1785 3241 1894 3296 culi
1938 3234 2293 3295 simulacrum
2334 3250 2613 3291 arcessere
2640 3274 2655 3299 ,
2705 3249 2896 3304 poenas
2939 3240 3182 3302 repetere
3206 3270 3221 3295 ,
3258 3246 3361 3302 po-

103 3353 308 3398 stremo
336 3342 393 3396 in
422 3357 573 3396 mare
600 3341 881 3412 projicere.
935 3339 1181 3404 Frustra,
1216 3340 1355 3394 nihil
1392 3340 1536 3393 enim
1605 3345 1870 3409 egerunt:
1906 3334 2038 3397 imo,
2062 3347 2226 3403 quam
2276 3345 2396 3386 sese
2450 3329 2601 3400 gravi
2667 3329 2872 3385 scelere
2900 3326 3361 3391 obstrinxissent,

104 3427 243 3488 fame
304 3432 655 3503 postmodum
690 3431 915 3503 iustitiae
942 3430 1139 3486 divinae
1171 3431 1517 3496 administra,
1554 3444 1744 3485 eorum
1781 3427 1835 3480 in
1875 3426 2151 3496 regionem
2202 3421 2473 3488 immissa,
2502 3420 2687 3491 superi
2734 3421 2991 3476 docuere.
3032 3418 3358 3489 Quanquam

107 3531 188 3583 vix
235 3530 316 3585 illi
359 3530 524 3585 etiam
564 3537 678 3583 tum
722 3527 961 3583 divinam
1033 3542 1327 3597 agnoscere
1370 3527 1703 3581 voluntatem
1774 3530 2091 3594 potuerunt.
2152 3520 2341 3589 Itaque
2395 3527 2453 3571 tu
2506 3518 2595 3573 ille
2642 3517 2868 3573 deorum
2924 3516 3359 3601 humanissimus

105 3639 262 3694 opem
285 3638 441 3678 more
469 3630 563 3676 tuo
586 3618 997 3675 consulentibus
1018 3618 1215 3686 tulisti,
1250 3619 1354 3674 hoc
1374 3618 1678 3675 versiculo:

101 3746 196 3812 Εις
215 3743 457 3813 πάτρην
477 3742 750 3814 φυγάδας
776 3742 1046 3814 κατάγων
1064 3742 1377 3811 Δήμητραν
1399 3740 1671 3811 ἀμήσεις.

111 3896 248 3949 Ἀλλ’
270 3895 630 3966 οί.ἀ6ἐλτεροι
661 3895 822 3949 πάλιν
865 3897 990 3959 τοὺς
1017 3896 1317 3965 φεύγοντας
1359 3893 1679 3969 ἀνθρώπους

102 3986 285 4059 ᾤοντο,
317 3988 402 4041 ὃτι
428 3986 511 4040 δεῖ
536 3987 731 4050 αὐτοὺς
751 3987 1105 4042 κατακαλεῖν*
1130 3988 1318 4052 κακῶς
1353 3988 1575 4051 εἰδότες.
1612 3986 1678 4038 Τί

111 4080 210 4150 τάρ
244 4079 311 4151 δὴ
338 4080 435 4133 καὶ
461 4079 611 4150 μέλει
640 4081 750 4142 τοῖς
790 4078 1362 4151 ἀφιλανθρωποτάτοις
1405 4078 1547 4141 θεοῖς
1585 4078 1679 4131 ἀν-

103 4170 340 4244 θρώπιον
359 4171 669 4225 κατακαλου
677 4171 874 4242 μένων,
893 4172 1127 4244 ὅσονπερ
1148 4172 1476 4244 ἀνδριάντων
1495 4188 1509 4236 ;
1527 4168 1680 4241 Ἀμέ-

104 4276 178 4317 λει
208 4264 367 4319 οὐδὲν
395 4265 492 4318 ἐπὶ
511 4264 686 4336 τούτῳ
715 4264 964 4337 ὠφελήθη
1002 4266 1037 4336 ἡ
1066 4265 1160 4335 γῆ,
1194 4262 1334 4317 ὥστε
1365 4261 1676 4316 παύσασθαι

106 4357 360 4412 eoae-36a“
400 4359 453 4410 εἰ
482 4356 558 4427 μὴ
583 4356 692 4411 τῶν
721 4355 897 4425 σοφῶν
935 4356 1030 4409 καὶ
1058 4354 1435 4426 ἐπισταμένων
1469 4371 1553 4418 τις
1585 4353 1678 4405 τὸν

94 4450 237 4501 θεῖον
260 4444 395 4501 νοῦν
439 4446 642 4516 συνῆκε
668 4486 683 4511 ,
715 4445 929 4515 φυγάδα
953 4440 1093 4499 εῖναι
1119 4445 1211 4499 τὸν
1251 4460 1676 4499 καταπεποντω-

1784 3733 1945 3805 232
1977 3728 2152 3786 Redde
2182 3729 2334 3783 modo
2384 3724 2650 3781 exsulibus
2698 3724 2963 3794 patriam,
3007 3723 3157 3867 (fere:
3180 3726 3358 3792 ampla

3046 3810 3123 3848 me
3147 3806 3283 3851 βίον.

3046 3806 3283 3851 metetur.

1784 3894 1885 3951 Hic
1912 3909 2106 3965 nempe
2144 3906 2252 3947 non
2291 3889 2474 3945 minus
2512 3885 2727 3952 stolidi,
2762 3885 3097 3941 revocandos
3137 3887 3356 3942 exsules

1785 4004 1894 4043 non
1949 3986 2086 4042 alios
2132 3998 2254 4039 esse
2286 3994 2451 4052 quam
2499 3978 2751 4033 homines
2798 3975 3084 4046 putabant.
3138 3976 3354 4033 Insulse

1782 4088 1951 4129 vero:
1986 4071 2115 4143 quid
2147 4069 2291 4127 enim
2326 4068 2431 4123 diis
2482 4065 2902 4121 immanissimis‘
2941 4074 3158 4119 tantum
3206 4080 3353 4122 curae

1783 4167 1893 4222 sint
1920 4165 2171 4221 homines
2200 4163 2269 4218 ab
2290 4160 2482 4217 exsilio
2507 4159 2821 4225 revocandi,
2863 4166 3126 4228 quantum
3159 4158 3352 4228 imagi--

1783 4272 1882 4312 nes
1933 4252 2323 4310 restituendae?
2353 4250 2496 4321 Ergo
2542 4249 2714 4304 nihilo
2744 4256 2933 4318 postea
2978 4248 3202 4302 meliore
3235 4249 3352 4303 solo

1784 4348 1885 4411 uti,
1920 4345 2058 4400 nihil
2091 4359 2321 4415 usquam
2355 4343 2408 4396 vi
2443 4340 2618 4396 morbi
2652 4339 2961 4394 remittente
2989 4355 3003 4392 :
3045 4338 3219 4393 donec
3257 4355 3348 4393 vo-

1780 4438 1968 4492 lertior
2007 4435 2301 4506 quispiam,
2335 4433 2548 4488 acutius
2580 4433 2646 4487 de
2679 4445 2933 4500 superum
2964 4442 3142 4487 mente
3169 4432 3346 4502 conji-

107 4540 258 4594 ,ιένον
281 4538 600 4610 ἀνδριάντα.
635 4539 746 4593 Καὶ
768 4534 836 4610 ἦν
860 4537 1052 4601 οὓτως.
1077 4538 1228 4608 ’Δμα
1252 4535 1361 4608 γὰρ
1383 4532 1672 4603 ἀνεστάθη,

1782 4530 1931 4583 ciens
1963 4569 1979 4595 ,
2026 4526 2235 4582 exsulis
2295 4525 2515 4580 nomine
2559 4524 2863 4579 demersam
2909 4522 3059 4577 illam
3112 4531 3347 4578 statuam

108 4630 189 4682 (αἱ
217 4630 387 4693 εὐθὺς
418 4630 456 4701 ἡ
489 4629 587 4699 μὲν
613 4631 684 4701 γῆ
711 4628 1020 4693 ἀνέϐαλλεν,
1055 4628 1105 4681 οἱ
1131 4627 1190 4681 δὲ
1219 4626 1452 4696 ἐκώμων
1488 4625 1675 4695 Δήμη-

106 4739 181 4791 τρι
199 4722 412 4776 λοιπόν.
448 4721 572 4785 Πῶς
598 4717 690 4775 οὖν
721 4724 780 4775 οὐ
813 4722 1084 4793 τεκμήρια
1111 4718 1286 4774 ταῦτά
1311 4720 1446 4772 εἰσιν
1470 4714 1674 4787 ἐναργῆ

106 4811 190 4879 τῆς
221 4809 564 4881 θεοπρεποῦς
592 4811 905 4881 ἀθλητικῆς,
935 4813 1016 4865 ὅτι
1041 4811 1159 4864 ἐστὶ
1184 4808 1534 4878 θεοτίμητος;
1564 4805 1675 4858 Καὶ

99 4902 202 4971 γάρ
233 4901 332 4954 κα)⁸
365 4902 462 4954 ἐπὶ
491 4900 786 4954 πεντάθλου
819 4900 1091 4972 ἀνδριάντι
1133 4898 1446 4970 ὑδρισμένῳ
1486 4896 1676 4966 ἐμήνι-

95 5010 193 5048 σαν
223 4996 276 5047 οἱ
303 4994 440 5058 θεοὶ,
474 4993 569 5047 καὶ
596 4993 795 5064 Λοκροὶ
819 4992 1112 5064 ἐπείνησαν
1138 4991 1225 5045 διά
1255 4990 1443 5051 τοῦτο,
1482 4987 1671 5057 ὥσπερ

87 5086 303 5150 Θάσιοι,
334 5086 445 5148 ἕως
472 5086 672 5149 αὐτοὺς
698 5086 885 5139 ἰάσατο
910 5083 1085 5152 λόγιον
1110 5084 1202 5138 σὺν
1232 5082 1355 5154 ἔχον
1391 5079 1562 5142 οὕτως
1583 5096 1596 5109 ·

1780 4620 2002 4691 intelligi
2027 4619 2374 4673 declarasset.
2415 4615 2482 4671 Et
2519 4630 2675 4675 vere.
2697 4612 2835 4668 Nam
2864 4613 3027 4669 simul
3053 4622 3216 4684 atque
3247 4629 3351 4670 suo

1778 4713 2011 4784 reposita
2043 4711 2163 4765 loco
2194 4708 2316 4772 fuit,
2347 4708 2651 4779 germinare
2682 4716 2825 4761 terra
2857 4707 3116 4761 continuo
3138 4748 3153 4771 ,
3203 4704 3351 4761 Tha-

1780 4809 1954 4877 siique
1980 4792 2233 4872 deinceps
2258 4815 2509 4868 agrorum
2542 4799 2790 4854 ubertate
2835 4799 3061 4869 gliscere
3091 4813 3155 4854 ac
3181 4798 3346 4853 luxu-

1778 4894 1922 4947 riare
1947 4896 2252 4960 coeperunt.
2295 4887 2430 4953 Quis
2453 4887 2570 4942 haec
2609 4902 2776 4957 porro
2821 4902 2930 4941 non
2966 4901 3067 4957 pro
3105 4888 3349 4944 certissi-

1777 4982 1882 5036 mis
1908 4979 2243 5050 argumentis
2280 4978 2495 5041 habeat,
2524 4992 2686 5047 quam
2715 4976 2838 5047 jure
2860 4992 2925 5032 ac
2950 4977 3146 5033 merito
3174 4976 3344 5032 divini

1778 5074 2013 5128 honores
2036 5071 2231 5127 divina,
2260 5071 2584 5125 athletarum
2615 5070 2668 5123 vi
2706 5078 2761 5123 et
2803 5068 3083 5124 industriae
3108 5068 3345 5124 debean-

96 5181 228 5234 tur?
259 5180 400 5235 Nam
455 5190 510 5235 et
556 5190 778 5250 propter
828 5180 1051 5235 alterius
1091 5177 1530 5250 quinquertionis
1581 5182 1816 5227 statuam
1874 5168 2010 5222 alias
2066 5166 2320 5221 violatam
2377 5180 2633 5220 exarsere
2668 5164 2766 5230 dii,
2793 5179 2894 5219 nec
2939 5163 3149 5218 minore
3181 5161 3341 5221 Locri

92 5287 384 5346 propterea
418 5291 582 5345 quam
627 5274 812 5330 Thasii
843 5275 987 5329 fame
1029 5275 1367 5339 laborarunt,
1404 5274 1575 5328 donec
1610 5281 1665 5323 tu
1701 5279 1920 5338 quoque
1949 5262 2053 5318 hoc
2079 5274 2343 5332 responso
2374 5260 2734 5316 calamitatem
2761 5259 2969 5313 levares
3004 5277 3019 5313 :

94 5400 107 5415 ‘
126 5395 205 5446 Er
226 5392 369 5463 τιμῇ
397 5391 509 5445 τὸν
526 5390 739 5461 ἄτιμον
761 5394 939 5461 ἔχων,
959 5392 1093 5445 τότε
1109 5389 1286 5460 γαῖαν
1318 5386 1590 5457 ἁρώσεις.

104 5503 172 5602 Oi:
194 5504 305 5575 ’ίάρ
340 5503 543 5575 Λοκροὶ
570 5502 800 5573 ᾔσθοντο
838 5501 1074 5566 διανοίας
1109 5501 1262 5564 θείας
1304 5502 1567 5571 πρότερον
1591 5540 1606 5565 ,
1630 5498 1665 5568 ἢ

171 5667 196 5694 ι
224 5658 307 5709 Ic.
342 5655 619 5720 ἀνέξεται.
697 5656 727 5695 Β
752 5656 836 5708 la.
866 5654 1174 5727 ἀπειλήσει.

174 5786 281 5859 (‘56)
322 5788 522 5854 Θασίῳ
551 5787 771 5856 πύκτῃ.
807 5786 1122 5859 Theagenes
1144 5786 1190 5844 is
1214 5785 1338 5841 fuit.

1771 5377 1949 5433 Redde
1978 5377 2135 5431 decus
2167 5375 2293 5429 Iaso
2316 5391 2337 5440 ,°
2365 5391 2505 5446 seges
2532 5373 2711 5443 ampla
2740 5381 2982 5442 sequetur
3014 5381 3276 5426 aratrum.

1773 5487 1885 5545 Nec
1919 5490 2064 5545 enim
2096 5487 2341 5544 divinum
2370 5486 2438 5541 iis
2469 5484 2758 5541 consilium
2788 5482 3036 5540 subolere
3070 5494 3194 5538 ante
3240 5497 3343 5555 po-
