3862 6220
112 324 208 381 ιοι

1278 334 1601 390 ΡΙὶᾸΞΡΑΒ.
1637 335 1896 396 EVANG.
1935 337 2061 393 LIB.
2105 338 2166 392 ν.

3256 337 3363 393 402

110 444 240 514 ἡμῖν
272 442 343 496 τὰ
366 443 496 515 περὶ
513 443 608 499 τοῦ
636 445 867 501 θανάτου
901 449 1109 516 ἔδειξας
1137 453 1232 507 καὶ
1260 453 1361 524 τῆς
1391 455 1539 525 ζωῆς
1557 496 1573 521 ,
1607 457 1680 509 ὅτι

1796 458 1989 513 mortis
2043 458 2436 522 decreverunt,
2490 457 2635 526 quod
2679 456 2856 513 leuius
2908 457 3258 513 Cbaritonem
3311 470 3365 513 et

111 531 396 585 κάλλιστόν
439 533 494 585 τί
539 535 688 589 ἐστιν
729 538 764 607 ἡ
811 538 1118 609 ζωή.»Ἑπὶ
1153 540 1362 607 τούτοις
1391 544 1563 599 ἅπασι
1595 547 1690 601 καὶ

109 623 221 676 τόδε
249 624 614 694 προσκείσθω.

606 907 1002 964 ΚΕΦΑΛΔΙΟΝ
1053 912 1193 977 Aq'.

115 1015 231 1071 ὀτι
273 1016 374 1072 καὶ
411 1016 527 1086 τὴν
552 1017 798 1089 ἄψυχον
826 1019 986 1089 ὕλην
1015 1019 1218 1076 σέϐειν
1255 1022 1680 1092 προσέταττον.

119 1148 140 1181 ι
180 1130 366 1185 Ἀλλά
392 1131 490 1185 καὶ
540 1132 867 1201 Μηθύμνης
895 1132 1007 1204 (42)
1036 1133 1276 1203 ναέταις
1303 1136 1461 1191 πολὺ
1502 1136 1686 1193 λώϊον

111 1270 431 1339 Φαλληνὸν
457 1269 669 1340 τιμῶσι
689 1274 999 1328 Διονύσοιο
1029 1272 1317 1343 κάρηνον.
1369 1205 1579 1279 [ἔσται
1598 1249 1612 1273 ’

111 1386 299 1442 Θύουσι
327 1386 443 1458 γὰρ
474 1387 532 1440 αί
562 1386 749 1451 πόλεις
778 1388 872 1442 καὶ
904 1387 1124 1452 τελετὰς
1160 1388 1405 1458 ἄγουσιν,
1439 1392 1501 1445 οὐ
1528 1392 1688 1464 μόνον

112 1480 389 1550 φαλληνοίς
410 1478 687 1533 Διονύσοιο
718 1481 994 1553 καρήνοις,
1028 1481 1165 1535 ἀλλὰ
1192 1483 1286 1536 καὶ
1320 1482 1562 1549 λιθίνοις,
1592 1486 1687 1539 καὶ

109 1574 385 1646 χαλκέοις,
440 1576 535 1629 καὶ
585 1575 858 1647 χρυσέοις.
899 1575 1009 1645 (43)
1042 1575 1117 1629 Οὐ
1166 1576 1328 1647 μόνον
1374 1577 1685 1649 φαλληνοῖς,

108 1666 236 1720 ἀλλὰ
260 1667 573 1730 καὶ;αὒτοῖς
598 1668 711 1728 τοῖς
749 1665 1065 1730 Διονυσίοις,
1092 1666 1188 1719 καὶ
1216 1665 1397 1729 ἄλλοις
1426 1669 1685 1739 παμπόλ-

1799 546 2163 616 Melanippum
2193 547 2463 604 habuerit.
2507 548 2576 601 At
2618 555 2676 603 tu
2708 548 2833 603 vitae
2863 548 3165 618 mortisque
3196 550 3366 604 ratio—

1792 655 1911 703 nes,
1945 639 2035 693 vix
2066 640 2215 705 licet,
2248 640 2505 708 praeclare
2535 649 2713 694 tamen
2742 640 3081 709 expressisti,
3108 640 3238 695 dum
3261 640 3366 694 hoc

1785 725 1934 782 facto
1979 729 2143 783 vitam
2188 730 2450 785 eximium
2503 729 2761 799 quiddam
2792 744 2914 786 esse
2932 729 3349 802 comprobasti.»

1777 820 1990 888 Quibus
2015 825 2270 879 omnibus
2296 824 2401 879 hoc
2428 834 2763 893 postremum
2793 822 3173 894 adjungamus.

2324 917 2554 974 CAPUT
2592 916 2833 974 XXXVI.

1822 1029 1959 1084 Illos
1983 1030 2144 1083 etiam
2163 1029 2412 1098 jussisse,
2442 1037 2499 1082 ut
2527 1030 2752 1083 materia
2782 1028 3023 1082 inanima
3052 1026 3333 1083 coleretur.

1796 1161 1815 1196 ι
1853 1143 1951 1198 Res
1977 1143 2072 1196 tibi
2107 1140 2425 1212 Methymna:
2452 1141 2658 1212 felicius
2690 1140 2864 1194 incola
2892 1141 3055 1209 cedet,

1793 1282 1852 1338 Si
1876 1283 2076 1337 Bacchi
2101 1291 2258 1353 caput
2282 1298 2347 1337 ea:
2381 1284 2531 1337 tereti
2561 1282 2867 1338 venerabere
2895 1280 3061 1351 ligno.

1787 1395 1997 1451 Passim
2046 1398 2246 1467 quippe
2290 1395 2537 1451 civitates
2566 1436 2579 1459 ,
2627 1410 2737 1448 non
2788 1394 2969 1464 lignea
3013 1391 3216 1457 modo,
3270 1390 3363 1444 sed

1787 1489 1952 1543 etiam
1982 1488 2216 1558 lapidea,
2247 1502 2410 1553 aarea,
2434 1501 2602 1540 aurea
2634 1485 2829 1540 Bacchi
2855 1484 3055 1554 capita,
3083 1480 3366 1539 sacriﬁciis

1789 1593 1853 1633 ac
1887 1578 2044 1634 statis
2075 1577 2431 1649 religionibus
2462 1585 2833 1631 venerantur:
2869 1576 2980 1629 imo
3018 1589 3126 1628 non
3165 1572 3364 1628 Bacchi

1791 1677 2001 1723 tantum
2034 1668 2213 1738 capita
2232 1708 2247 1733 ,
2279 1668 2375 1722 sed
2405 1667 2543 1722 alios
2573 1666 2736 1721 etiam
2765 1667 3055 1736 plerosque
3078 1665 3241 1731 deos,
3270 1663 3365 1733 qui

107 1759 211 1822 λοις
248 1757 571 1821 Ἦσιοδείοις
616 1756 781 1821 θεοῖς.
840 1757 972 1828 Τρὶς
999 1755 1109 1827 γὰρ
1154 1756 1230 1820 ὡς
1259 1757 1476 1829 ἀληθῶς
1508 1758 1680 1830 μύριοι

1792 1761 2011 1819 Hesiodi
2084 1763 2285 1819 fabulis
2349 1762 2713 1818 celebrantur.
2777 1759 3069 1815 Enimvero
3141 1757 3364 1829 triginta

108 1855 233 1908 εἰσιν
262 1854 358 1906 ἐπὶ
387 1851 543 1923 χθονὶ
573 1850 991 1922 πουλυϐοτείρῃ,
1015 1849 1116 1902 οὐκ
1145 1848 1423 1914 ἀθάνατοι,
1456 1849 1595 1903 ἀλλὰ
1616 1850 1689 1903 λί-

108 1944 231 1999 θινοι
259 1945 354 1998 καὶ
382 1942 587 2009 ξύλινοι
613 1942 869 1995 δεσπόται
900 1938 1235 2012 ἀνθρώπων·
1272 1940 1345 2005 οἳ,
1391 1942 1439 1994 εί
1471 1939 1686 2013 ἀνθρὼ-

107 2053 215 2091 πων
236 2036 395 2106 ὓϐριν
424 2052 486 2088 τε
510 2034 605 2088 καὶ
632 2033 889 2104 εὐνομίην
919 2031 1198 2104 ἐφεώρων,
1236 2033 1339 2085 οὐκ
1384 2032 1452 2086 ἂν
1496 2030 1689 2086 τοσοῦ-

106 2125 349 2198 τοςήρθη
390 2125 582 2196 λῆρος,
621 2122 764 2177 ὥστε
787 2123 879 2176 καὶ
900 2122 999 2193 ἤδη
1027 2122 1122 2176 καὶ
1171 2123 1364 2194 μέχρις
1405 2122 1560 2193 ὑμῶν
1591 2139 1687 2175 κε·-

106 2215 406 2287 χωρηκέναι
440 2214 502 2268 τὺ
525 2215 717 2279 κακὸν,
737 2213 1021 2267 emensas;
1046 2216 1141 2268 καὶ
1168 2217 1249 2277 είς
1272 2213 1364 2267 τὸν
1383 2213 1685 2284 Ὄλυμπον,

106 2309 369 2378 demptam,
397 2307 555 2363 θεῶν
576 2307 714 2374 ἕδος
733 2306 1008 2377 ἀσφαλὲς
1042 2308 1173 2361 αἰεί.
1211 2306 1405 2361 Καίτοι
1434 2307 1482 2360 εί
1512 2310 1688 2377 ἀσφα-

105 2394 283 2472 ἢςῆν,
309 2400 414 2454 οὐκ
442 2394 511 2470 ἦν
542 2397 803 2452 ἐπιϐατὸν
828 2398 997 2470 λήρῳ,
1032 2397 1141 2451 οὐδ’
1164 2397 1231 2451 ἂν
1263 2392 1345 2463 εἷς
1374 2416 1460 2463 τις
1498 2399 1689 2470 Ὀλυμα

105 2493 227 2545 πίων
254 2494 337 2557 είς
366 2490 535 2546 τοῦτο
559 2486 695 2562 ἧλθε
722 2490 1043 2563 παρανοίας,
1083 2489 1213 2544 ὥστ’
1236 2490 1446 2545 ὲλάῖνον
1480 2492 1687 2563 κορμὸν

107 2584 286 2638 θεῶσαι
307 2601 323 2614 ·
359 2582 428 2637 ὃν
468 2583 518 2635 οἱ
547 2582 893 2654 Μηθυμναῖοι
919 2582 1166 2653 σαγήνης
1199 2580 1549 2652 ἐμπλακέντα
1572 2583 1686 2645 τοῖς

102 2674 249 2739 λίνοις
299 2674 665 2738 ἀνείλκυσαν,
714 2673 809 2728 καὶ
834 2674 935 2740 δὶς,
976 2676 1026 2728 εί
1050 2674 1252 2745 βούλει,
1280 2674 1374 2729 καὶ
1405 2675 1545 2745 τρὶς,
1588 2673 1686 2727 καὶ

104 2767 375 2832 πλεονάκις
422 2769 487 2820 ἐν
523 2766 602 2837 τῷ
629 2763 780 2836 αὐτῷ
809 2765 1197 2837 σαγηνεύοντες
1241 2765 1338 2820 ᾶνθ
1347 2781 1519 2837 ρωποι
1540 2804 1556 2830 ,
1591 2764 1686 2819 καὶ

103 2858 156 2923 ἑξ
176 2859 385 2913 ἐκείνου
423 2859 510 2922 είς
538 2857 602 2910 τὸ
629 2855 867 2910 Λιϐυκὸν
894 2855 1285 2921 ἐξοκείλαντες,
1325 2856 1432 2910 οὐδ’
1480 2858 1562 2920 είς
1586 2855 1686 2927 τὴν

103 2944 191 3014 γῆν
219 2945 325 3011 ἔξω
338 2944 673 3007 ἐκϐαλόντες
704 2944 865 2998 αὐτόν
884 2961 898 2974 ·
935 2945 1059 2997 ἐπεὶ
1081 2945 1182 2999 οὐκ
1209 2943 1303 3003 ἂν.
1326 2944 1402 3015 μὰ
1443 2944 1537 2999 τὸν
1563 2944 1685 3000 Διό-

104 3050 262 3102 νυσον,
294 3036 375 3091 ἔτι
400 3038 593 3100 αὐτοῖς
613 3035 884 3107 ὲνεπλάκη
914 3038 1025 3099 τοῖς
1044 3035 1232 3101 λίνοις.
1263 3036 1404 3090 Ἀλλ’
1430 3037 1489 3105 ἐξ
1512 3037 1683 3113 ἄκρου

1786 1855 1970 1926 plane,
2016 1870 2127 1911 non
2173 1855 2288 1925 jam
2318 1854 2745 1920 immortalium,
2792 1852 2886 1908 sed
2918 1851 3278 1922 lapideorum,
3311 1860 3366 1905 et

1786 1948 2089 2018 ligneorum
2111 1946 2336 2001 humani
2359 1946 2573 2016 generis
2599 1944 2945 2001 dominorum
2973 1942 3163 2008 millia,
3180 1942 3365 1997 nutrix

1786 2037 2145 2107 animantium
2178 2046 2321 2093 terra
2347 2037 2749 2108 complectitur,
2778 2038 2870 2105 qui
2900 2034 3166 2106 profecto,
3198 2034 3245 2090 si
3271 2048 3367 2088 co-

1787 2129 2098 2201 gnoscendo
2143 2129 2429 2184 hominum
2480 2129 2713 2191 sceleri,
2761 2127 2982 2198 iurique
3028 2134 3363 2197 praeessent,

1788 2236 2068 2292 nunquam
2094 2237 2161 2277 eo
2186 2237 2455 2293 nugarum
2479 2221 2697 2277 vanitas
2718 2220 3069 2286 excrevisset,
3092 2219 3171 2274 uti
3204 2216 3371 2290 234

1788 2315 1856 2371 ad
1879 2330 1977 2371 vos
2023 2330 2198 2385 usque
2237 2315 2442 2369 malum
2487 2313 2836 2385 perveniret,
2883 2310 3112 2383 Olympo
3147 2325 3365 2380 quodue

1787 2416 2065 2478 superato,
2090 2408 2183 2462 ubi
2216 2407 2426 2475 divum,
2453 2407 2632 2461 aiunt:
2659 2404 2820 2461 Sedes
2840 2421 3027 2459 secura
3056 2419 3148 2473 per
3173 2418 3360 2458 (avum.

1787 2497 1920 2565 Quae
1952 2497 2220 2554 securitas
2251 2496 2298 2552 si
2330 2511 2456 2551 vere
2481 2496 2803 2566 iactaretur,
2832 2508 3006 2564 nugas
3038 2508 3232 2549 omnes
3268 2508 3369 2549 ex-

1785 2591 2063 2654 cluderet,
2117 2603 2218 2644 nec
2258 2587 2633 2660 Olympiorum
2680 2586 2970 2658 quisquam
3019 2600 3086 2640 eo
3128 2586 3368 2641 vesania:

1785 2680 2126 2744 devenisset,
2166 2687 2225 2732 ut
2270 2677 2556 2747 oleagineo
2583 2676 2797 2731 caudici
2833 2674 3174 2729 divinitatem
3219 2676 3366 2729 inse-

1784 2780 1949 2826 reret.
2020 2769 2177 2825 lllum
2245 2768 2445 2825 etenim
2515 2781 2729 2838 sagenae
2789 2766 3022 2837 plagulis
3091 2766 3364 2821 irretitum

1785 2861 2226 2933 Methymnenses
2250 2868 2621 2922 extraxerant,
2650 2859 2814 2929 idque
2838 2858 3007 2913 semel
3032 2860 3361 2928 iterumque,

1785 2953 1833 3010 si
1866 2953 2084 3021 placet,
2129 2951 2243 3005 imo
2274 2950 2439 3005 etiam
2493 2949 2652 3004 tertio
2676 2990 2692 3015 ,
2744 2948 2831 3002 vel
2863 2947 3062 3018 saepius
3108 2946 3366 3004 demissis

1784 3041 2039 3098 eumdem
2076 3040 2129 3095 in
2154 3041 2333 3096 locum
2364 3040 2572 3095 retibus
2613 3036 2897 3095 fecerant:
2945 3038 3073 3094 inde
3104 3053 3236 3093 vero
3271 3037 3364 3093 Li-

108 3128 445 3200 κεφαλοειδὴς
498 3129 531 3181 ὸ
562 3127 770 3199 κορμδς
811 3104 1100 3198 (Ἄπολλον
1123 3166 1139 3192 ,
1168 3127 1319 3193 ξένου
1354 3128 1467 3200 (ιι)
1511 3104 1680 3182 κατα-

1787 3135 1985 3208 bycum
2029 3132 2083 3187 in
2132 3147 2285 3187 mare
2311 3131 2496 3196 delati,
2537 3145 2887 3201 nequaquam
2917 3145 3043 3185 eum
3075 3131 3131 3184 in
3160 3138 3364 3185 terram

110 3222 474 3294 σκευάσματος
492 3221 543 3291 !)
566 3220 619 3274 τί
650 3223 767 3274 ποτ’
792 3216 884 3275 οὖν
910 3220 1177 3292 ἔπραττεν
1211 3223 1275 3275 ὲν
1292 3220 1370 3293 τῷ
1420 3222 1678 3292 πελάγει;

107 3312 421 3387 ἀπορήσειεν
466 3314 538 3369 ἄν
574 3331 681 3378 τις.
728 3313 793 3367 Τί
834 3313 943 3385 γὰρ
991 3313 1175 3385 ἄλλοῆ
1202 3314 1467 3387 ὲκάθητο;
1500 3314 1565 3386 νὴ
1586 3315 1678 3369 τὸν

110 3402 210 3467 Δία,
242 3405 539 3477 ἀναμένων
589 3404 697 3469 ἕως
740 3403 1015 3477 ἄνθρωποι
1061 3406 1375 3477 μαινόμενοι
1434 3407 1532 3479 (ού
1569 3406 1679 3478 γὰρ

113 3499 248 3570 φήσω
266 3502 349 3555 ὅτι
379 3500 481 3554 καὶ
512 3499 661 3564 θεοὶ)
699 3501 1107 3571 ἐγκυρήσαντες
1125 3497 1295 3569 αὐτῷ,
1322 3498 1382 3552 οὐ
1400 3498 1674 3563 Διοπετὲς,

112 3591 226 3644 ἀλλὰ
264 3591 742 3655 Ποσειδωνοπετὲς
782 3591 1116 3662 ἡγήσωνται,
1155 3591 1389 3645 κᾶπειτα
1439 3591 1517 3654 είς
1543 3589 1677 3643 ἄστυ

112 3680 475 3750 ἀπαγάγωσιν,
512 3681 703 3754 ὥσπερ
722 3681 843 3735 τινὰ
868 3681 1075 3754 ἀγαθὴν
1095 3679 1285 3752 τύχην,
1311 3681 1487 3753 κακὴν
1514 3676 1678 3735 οὖσαν

111 3770 172 3837 ὡς
200 3773 412 3845 ἀληθῶς
435 3816 453 3842 ,
484 3772 552 3826 οὐ
593 3772 788 3843 τύχην,
822 3772 957 3826 ἀλλὰ
982 3772 1267 3841 τυφεδόνα.
1301 3773 1370 3825 Ἢ
1394 3772 1493 3825 οὐκ
1519 3772 1677 3844 ἢρκει

112 3861 205 3933 ἄρα
221 3865 402 3928 αὐτοῖς
426 3862 645 3918 οἴκοθεν
670 3862 999 3926 διολλύουσα,
1029 3861 1143 3914 ἀλλ’
1176 3860 1345 3932 αὐτὴν
1374 3860 1620 3931 ὲπὲρωσέ
1650 3873 1676 3902 ι

112 3969 163 4008 τε
189 3958 275 4010 καὶ
298 3956 696 4029 προσεπέτεινε
725 3954 1068 4025 θεοπληξίας,
1101 3953 1177 4017 ὡς
1209 3952 1274 4006 ἄν
1303 3969 1386 4017 τις
1413 3952 1588 4017 εἴποι,
1614 3954 1679 4006 ὲκ

109 4046 311 4118 Δελφῶν
336 4050 734 4120 μετάπεμπτος
754 4046 1011 4118 ἐπιθήκη.
1047 4064 1066 4097 ι
1096 4044 1334 4098 Τοιαῦτα
1363 4043 1459 4097 καὶ
1485 4046 1514 4097 ὁ
1535 4044 1680 4097 Οἰνό-

115 4153 251 4206 μαος.
291 4137 457 4192 una
481 4137 595 4209 γὰρ
627 4136 765 4209 μετὰ
803 4135 871 4189 τὰ
906 4135 1191 4207 εἰρημένα,
1241 4133 1481 4205 μεταϐὰς
1523 4128 1679 4197 αὖθις

112 4230 195 4285 ἐπὶ
207 4233 301 4305 τὴν
331 4235 399 4287 ἐκ
430 4232 635 4302 λογίων
667 4231 982 4302 φιλοσοφίαν
1011 4228 1104 4284 τοῦ
1132 4229 1229 4303 τὴν
1250 4229 1543 4302 καθ’ήμῶν
1570 4229 1681 4283 δια-

114 4321 256 4396 ϐολὴν
290 4324 669 4395 πεποιημένου
699 4365 714 4389 ,
749 4322 1018 4391 ἀνάγνωθι
1051 4325 1116 4375 ὲκ
1157 4321 1266 4374 τῶν
1301 4322 1431 4393 περὶ
1484 4323 1680 4393 εἱμαρ-

118 4416 269 4488 μένης
291 4417 386 4471 τοῦ
409 4416 621 4471 Πυθίου
656 4414 922 4487 χρησμῶν
941 4433 954 4445 ’
986 4416 1035 4468 εί
1059 4415 1134 4486 μὴ
1158 4414 1254 4467 καὶ
1281 4413 1363 4466 σοὶ
1389 4412 1539 4475 θείας
1582 4412 1676 4465 ἁλ-

115 4505 304 4580 λότριος
335 4508 411 4563 ὢν
439 4510 729 4579 δυνάμεως
764 4508 845 4560 ἔτι
882 4506 1102 4579 μᾶλλον,
1136 4507 1165 4558 ὁ
1205 4507 1335 4578 περὶ
1372 4504 1481 4558 τῶν
1518 4504 1677 4577 θρυλ-

117 4597 371 4672 λουμένων
407 4601 765 4675 χρηστηρίων
824 4601 1173 4653 ὑποπεσείται
1208 4599 1384 4668 λόγος.

1784 3234 2156 3283 excusserant.
2194 3224 2254 3280 ld
2285 3224 2432 3279 enim
2474 3224 2519 3279 si
2568 3222 2865 3289 fecissent,
2920 3237 3030 3277 non
3072 3222 3189 3294 jam
3216 3262 3231 3288 ,
3267 3239 3365 3294 per

1783 3316 2080 3386 Bacchum,
2110 3317 2331 3374 easdem
2364 3316 2431 3371 ad
2456 3315 2704 3387 plagulas
2739 3314 3078 3372 adhaesisset.
3115 3315 3186 3370 At
3211 3316 3361 3371 enim

1784 3410 1993 3464 caudex
2020 3409 2075 3462 in
2105 3408 2301 3479 capitis
2333 3408 2568 3478 speciem
2607 3423 2638 3462 a
2670 3423 2891 3463 summo
2928 3408 3112 3478 stipite
3138 3408 3360 3464 confor-

1784 3512 1966 3557 matus
2000 3501 2146 3573 (rem
2171 3542 2188 3569 ,
2224 3516 2258 3556 o
2298 3502 2521 3572 Apollo,
2563 3500 2857 3557 admodum
2894 3499 3267 3572 prodigiosam
3297 3502 3309 3554 !
3340 3501 3359 3569 )

1785 3590 1918 3661 quid
1961 3606 2145 3645 rarum
2193 3591 2248 3645 in
2298 3592 2487 3646 mari?
2529 3598 2737 3661 quaerat
2788 3591 3024 3647 fortasse
3063 3591 3358 3662 quispiam.

1788 3682 1932 3750 Quid
1975 3698 2104 3740 vero
2148 3684 2333 3750 aliud,
2378 3683 2482 3739 nisi
2529 3693 2595 3738 ut
2632 3684 2830 3739 ibidem
2875 3682 3135 3753 iaceret?
3180 3681 3363 3738 Donec

1788 3773 2064 3829 enimvero
2085 3772 2275 3830 furiosi
2299 3775 2569 3841 homines,
2593 3775 2776 3846 (piget
2799 3775 2944 3830 enim
2976 3775 3107 3830 deos
3133 3772 3361 3842 dicere.)

1785 3862 1840 3918 in
1870 3878 1995 3919 eum
2027 3862 2352 3931 incidentes,
2386 3879 2495 3919 non
2534 3879 2565 3918 a
2593 3862 2727 3920 Jove
2763 3865 3063 3921 demissum
3099 3864 3316 3936 quidem
3343 3903 3358 3926 ,

1786 3954 1882 4011 sed
1932 3970 1962 4009 a
2024 3954 2273 4025 Neptuno
2330 3956 2592 4011 emissum
2642 3955 2967 4024 crederent,
2996 3956 3361 4026 eumdemque

1785 4049 2134 4120 postmodum
2162 4048 2217 4102 in
2248 4048 2459 4112 urbem,
2492 4047 2767 4117 quoddam
2794 4049 2961 4105 veluti
2995 4048 3228 4104 fortuna:
3269 4048 3359 4102 fae-

1787 4140 1942 4195 tioris
1982 4155 2141 4195 omen
2170 4180 2186 4206 ,
2235 4139 2581 4205 inveherent,
2634 4138 2905 4195 funestam
2956 4156 3016 4196 re
3052 4141 3205 4211 ipsa,
3249 4156 3359 4196 non

1784 4228 2086 4297 fortunam,
2113 4230 2205 4286 sed
2236 4229 2408 4285 facem
2437 4231 2590 4287 urbis
2618 4231 2880 4287 futuram.
2910 4230 3020 4287 Nec
3046 4233 3195 4287 enim
3226 4233 3359 4289 satis

1783 4321 2040 4376 videlicet
2071 4321 2137 4376 ad
2182 4322 2407 4379 exitium
2459 4322 2526 4377 iis
2558 4332 2675 4378 erat
2705 4323 2960 4377 intestina
3001 4324 3204 4392 pestis,
3232 4322 3357 4379 ’nisi

1784 4413 1941 4468 novis
1968 4428 2089 4467 eam
2118 4414 2471 4469 incrementis
2500 4430 2565 4469 ac
2596 4415 2801 4470 viribus
2833 4414 3065 4470 incussae
3091 4416 3355 4470 divinitus

1780 4506 1953 4576 plaga:
1976 4506 2221 4561 accessio
2250 4505 2490 4577 Delphis,
2522 4515 2583 4561 ut
2612 4507 2686 4561 ita
2722 4506 2937 4577 loquar,
2970 4506 3235 4561 arcessita
3261 4522 3359 4560 cu-

1780 4597 2032 4650 mularet.
2068 4614 2086 4647 »
2120 4594 2393 4652 Hactenus
2419 4596 2752 4653 OEnomaus.
2791 4596 2949 4654 Nunc
2974 4613 3103 4654 vero
3134 4598 3202 4653 ad
3234 4612 3355 4653 eam

118 4708 289 4755 rursus
323 4699 676 4755 oraculorum
712 4696 1105 4766 philosophiam
1146 4695 1328 4750 animo
1367 4702 1421 4749 et
1463 4692 1792 4765 cogitatione
1837 4690 2136 4755 conversis,
2184 4707 2346 4762 quam
2398 4692 2699 4749 maledicus
2757 4693 2846 4748 ille
2900 4709 3084 4749 rerum
3143 4703 3356 4749 nostra-

121 4804 225 4846 ram
259 4809 455 4851 censor
497 4793 845 4865 conscripsit,
883 4793 1079 4864 legesis
1128 4809 1194 4849 ex
1243 4792 1309 4848 iis
1352 4791 1627 4862 responsis
1664 4790 1867 4861 aliqua,
1911 4805 2041 4859 quae
2068 4772 2149 4844 de
2205 4788 2319 4843 fato
2370 4787 2623 4859 Pythium
2663 4786 2898 4842 edidisse
2938 4794 3352 4841 commemorat.

119 4883 189 4942 Ae
209 4887 324 4945 vide
348 4904 485 4945 num
514 4888 783 4961 ejusmodi
833 4903 1051 4959 quoque
1078 4888 1174 4943 tibi
1203 4888 1415 4943 accidat
1440 4894 1552 4942 tota
1598 4887 1713 4941 haec
1747 4884 1814 4941 de
1841 4884 2061 4956 jactatis
2104 4883 2313 4954 pridem
2356 4883 2595 4939 oraculis
2647 4882 2967 4953 disputatio,
3002 4890 3063 4936 ut
3089 4895 3208 4936 eam
3232 4895 3353 4933 ma-

125 4981 198 5052 gis
224 4984 384 5040 etiam
411 5000 581 5057 quam
618 4983 928 5056 superiores
971 4983 1040 5039 ab
1073 4982 1223 5039 omni
1244 4984 1425 5039 divina
1455 4983 1654 5039 virtute
1691 4997 1917 5036 vacuam
1942 4980 2129 5035 haberi
2157 4989 2313 5050 putes
2334 4989 2604 5050 oportere.

180 5150 207 5180 ι
232 5140 315 5195 ισ.
348 5143 655 5214 ἐπέρρωσε.

126 5295 288 5426 ὼῗέ
336 5301 528 5358 Ἀλλὰ
577 5302 678 5357 καὶ
721 5299 1070 5370 Μηθύμνης.
1130 5296 1367 5352 Consule
1415 5296 1676 5351 observa-

152 5438 286 5563 ,(43
320 5441 455 5499 Post
500 5443 785 5563 χὲυσέοις,
833 5454 941 5494 non
972 5437 1160 5493 dubito
1212 5436 1343 5506 quin
1389 5436 1675 5505 legendum

152 5518 188 5562 ιι
337 5513 501 5563 μόνον
558 5515 572 5534 ’
604 5510 670 5563 αὖ
706 5514 818 5563 τοῖς
843 5508 1135 5563 Διονυσίοις
1159 5547 1174 5563 .
1208 5507 1344 5560 ἀλλὰ
1377 5508 1469 5560 καὶ
1498 5506 1675 5563 ἄλλοις

129 5506 203 5562 sit
230 5506 286 5563 οὗ
336 5506 572 5576 μὸνονᾚ
604 5510 670 5567 αὖ
706 5506 818 5576 τοῖς
843 5508 1135 5571 Διονυσίοις
1159 5547 1174 5572 ,
1208 5507 1344 5560 ἀλλὰ
1377 5508 1469 5560 καὶ
1498 5506 1675 5569 ἄλλοις

130 5577 380 5649 suum.
402 5624 418 5649 ,
446 5583 723 5649 etc..Nam
768 5581 1037 5652 posterius
1066 5577 1320 5652 hOC‘IOCO
1350 5577 1638 5652 φαλληνοῖς
1658 5617 1672 5638 ,

131 5647 577 5720 Supervacaneum
621 5660 741 5718 est,
769 5647 911 5709 ’cum
944 5650 1102 5722 prius
1146 5648 1376 5704 alterum
1424 5647 1673 5704 suiliciat.

1778 5294 1993 5351 Erroris
2039 5312 2223 5364 causa,
2258 5296 2317 5349 τὸ
2348 5297 2408 5348 οὺ
2442 5295 2621 5365 μόνον,
2652 5292 2819 5348 semel
2853 5292 3161 5361 iterumque
3192 5303 3333 5359 repor

1690 5370 1697 5385 ‘
1775 5367 1963 5422 situm.

1848 5436 1961 5507 (44)
2013 5438 2340 5501 Ἀπολλων,
2371 5435 2581 5507 ξένου.-
2620 5433 2820 5507 Facilis
2861 5440 2977 5486 erat
3014 5429 3332 5500 conjectura.

1773 5522 1897 5588 cum
1931 5502 1984 5561 in
2008 5522 2208 5564 excuso
2240 5508 2507 5578 legeretur
2541 5502 2951 5570 ’Δπολλοξένου,
2987 5516 3153 5569 sane,
3184 5516 3350 5572 quau.

1776 5587 1988 5634 vitiose.
