3862 6220
487 245 585 300 591

1170 243 1439 299 EUSEBll
1478 242 1960 300 CJESARIENSIS
1998 242 2151 300 OPP.
2190 243 2375 300 PARS
2402 243 2553 299 ll.-
2588 236 3088 301 A'POLOGETiCA.

3650 255 3759 311 392

473 359 617 428 Quid
656 362 822 432 igitur
872 362 1005 416 illud
1047 371 1212 428 erat,
1267 362 1622 431 quamobrem
1677 362 2057 417 Archilochum

2170 362 2283 426 λοις
2319 361 2624 433 ἀνθρώποις
2658 363 2757 434 τῆς
2806 364 2917 417 ἄνω
2953 363 3092 416 ὀδοῦ.
3123 364 3187 416 Τί
3224 368 3481 437 πράττειν
3512 369 3756 432 κελεύεις

471 457 617 510 uelo
647 456 869 527 dignum
895 452 1150 525 putares?
1169 452 1247 508 Ne
1274 455 1486 509 caeteris
1514 454 1853 519 hominibus,
1877 469 1911 508 o
1938 455 2068 509 deo-

475 561 598 601 rum
645 546 1083 610 humanissime,
1137 544 1241 599 hoc
1293 546 1346 598 in
1393 546 1593 600 caelum
1652 546 1756 599 iter
1799 545 2064 600 invideas.

476 637 617 703 Quid
650 653 682 692 a
710 638 868 692 nobis
890 636 1113 690 tandem
1146 636 1357 706 exigis?
1404 638 1633 706 opinor,
1667 645 1728 691 ut
1753 637 2066 692 Archilochi

474 730 724 797 vestigiis
766 729 1107 790 insistamus,
1157 727 1204 782 si
1242 729 1352 782 tuis
1394 728 1540 798 digni
1584 729 1869 797 penatibus
1898 727 2065 782 videri

473 821 785 888 cupiamus.
852 818 1082 874 Acerbis
1114 834 1307 888 nempe
1344 820 1606 874 conviciis
1634 820 1937 874 laceranda:
1971 835 2070 873 no-

472 912 560 968 bis
590 913 875 976 mulieres,
922 928 1044 981 qua:
1069 892 1382 981 coniugium
1409 921 1656 964 nostrum
1687 912 2024 980 repudiarint
2050 929 2063 964 :

472 1004 762 1060 mordendi
819 1019 1038 1072 quoque
1081 1007 1235 1073 pueri
1285 1002 1584 1069 meritorii,
1617 1019 1744 1058 eum
1774 1004 1933 1072 longe
1965 1003 2065 1057 im-

473 1093 678 1163 probos
708 1093 1282 1161 Omnesimprobitate
1314 1109 1378 1147 ac
1404 1092 1607 1161 ﬂagitio
1643 1092 1920 1162 superent.
1968 1092 2070 1148 Ve-

473 1200 598 1239 rum
636 1185 688 1239 id
724 1185 913 1254 utique
940 1201 1099 1239 versu
1130 1182 1448 1239 faciendum
1477 1186 1602 1251 erit,
1627 1185 1773 1253 quod
1801 1200 1865 1239 ea
1895 1186 1966 1239 sit
1989 1184 2068 1239 uti

472 1277 701 1332 deorum
723 1319 737 1343 ,
760 1278 865 1333 sic,
886 1278 1197 1332 divinorum
1237 1277 1520 1331 hominum
1544 1319 1560 1340 ,
1603 1277 1782 1346 qualis
1813 1277 2067 1332 Archilo-

473 1368 613 1423 chus
641 1367 762 1432 fuit,
793 1369 1011 1438 propria
1037 1377 1090 1422 et
1112 1368 1406 1437 peculiaris
1433 1369 1630 1422 oratio.
1665 1368 1851 1438 Neque
1876 1368 1929 1423 id
1955 1368 2068 1422 l‘or—

468 1467 622 1515 tasse
640 1462 861 1516 mirum.
881 1459 1017 1514 Nam
1036 1470 1090 1516 et
1106 1460 1439 1515 familiarum
1472 1462 1701 1527 scilicet,
1733 1463 2066 1532 privataeque

475 1551 604 1607 vitae
636 1554 876 1609 rationes
896 1593 911 1615 ,
937 1561 992 1608 et
1023 1552 1559 1623 rerumpuliliearum
1594 1554 1909 1620 concordia,
1938 1554 2070 1623 opti-
2094 1628 2103 1636 _

472 1644 693 1712 misque
724 1643 936 1716 legibus
958 1644 1258 1699 constituta
1284 1636 1610 1715 populerum
1640 1643 1945 1717 integritas,
1972 1646 2068 1700 bu-

471 1729 567 1800 jus
593 1733 943 1801 potissimum
973 1734 1107 1788 artis
1144 1734 1466 1788 excellentia
1497 1735 1828 1790 continetur.
1852 1756 1856 1762 “
1879 1736 2065 1805 Itaque

467 1838 576 1878 nec
611 1824 764 1877 illum
792 1825 912 1878 sine
938 1840 1105 1880 causa
1125 1840 1231 1895 pro
1254 1823 1532 1879 Musarum
1572 1820 1770 1881 cliente
1800 1827 2056 1894 habuisti,

470 1923 523 1968 et
549 1913 696 1972 illius
729 1914 1136 1970 interfectorem
1167 1926 1372 1982 vestro,
1420 1917 1524 1970 hoc
1552 1927 1637 1971 est
1667 1916 1852 1970 divino
1875 1955 1890 1980 ,
1927 1932 2060 1970 con-

471 2020 664 2075 gressu
698 2011 765 2058 et'
794 2020 927 2060 voce
957 2021 1188 2075 prorsus
1234 2006 1520 2075 indignum
1571 2006 1814 2075 putasti,
1853 2006 1943 2073 qui
1978 2005 2059 2058 vi-

467 2110 593 2149 rum
619 2111 793 2165 usque
818 2097 955 2152 adeo
985 2098 1229 2152 vocalem
1260 2096 1628 2152 interfecerat.
1678 2097 1822 2168 Ergo
1852 2115 1950 2153 nec
1976 2100 2060 2152 in-

465 2183 631 2256 iustae
654 2185 877 2241 fuerunt
908 2187 963 2240 in
995 2187 1255 2242 Archiam
1288 2187 1469 2251 minae,
1488 2201 1597 2241 nec
1626 2187 1935 2256 importuna
1960 2187 2060 2258 Py-

469 2278 619 2345 thia,
667 2264 790 2348 quae
827 2291 882 2334 et
908 2280 1300 2334 Archilochum
1330 2277 1542 2348 pridem
1566 2278 1692 2334 licet
1712 2281 2054 2358 vpexstinctum

465 2370 832 2425 ulcisceretur
851 2413 866 2434 ,
914 2383 968 2426 et
994 2372 1224 2442 ’templu'
1247 2371 1793 2441 excedereimpium'
1814 2386 1878 2425 ac
1908 2371 2058 2426 nefa-

468 2463 614 2516 rium
639 2464 913 2517 hominem
930 2464 1166 2534 iuberet.
1187 2463 1417 2533 Quippe,
1437 2461 1717 2518 Musarum
1731 2463 1876 2518 enim
1891 2464 2059 2518 clien»

469 2562 581 2609 tem
617 2555 913 2623 occiderat.
958 2556 1100 2626 Ergo
1129 2571 1306 2625 neque
1342 2555 1476 2609 mihi
1502 2555 1744 2610 absurde
1774 2550 1956 2611 facere
1978 2556 2058 2609 vi-

470 2660 568 2701 sus
598 2661 681 2715 es,
709 2648 839 2701 dum
867 2658 917 2702 te
948 2658 1122 2715 poetze
1150 2647 1422 2702 vindicem
1457 2647 1785 2716 praestitisti.
1833 2645 1970 2701 Nam
1990 2654 2059 2721 _e_t

468 2738 697 2796 alterius
724 2739 857 2793 mihi
889 2748 1063 2810 poetae
1083 2782 1099 2806 ,
1127 2750 1181 2795 et
1214 2755 1494 2794 sacrarum
1529 2737 1806 2809 Euripidis
1833 2754 2059 2795 corona-

470 2844 594 2883 rum
627 2829 680 2883 in
714 2839 951 2885 mentem
986 2830 1157 2885 venit.
1212 2827 1452 2884 Tametsi
1484 2829 1724 2884 dubitem
1760 2829 2054 2894 interdum,

469 2935 648 2991 eoque
675 2920 942 2986 libenter,
971 2906 1129 2975 lno'n'
1162 2921 1279 2991 jam
1341 2930 1663 2976 coronatum
1703 2936 1829 2976 eum
1865 2920 2053 2985 fuisse,

470 3011 567 3066 sed
596 3012 951 3080 quamobrem
982 3026 1152 3066 sacrae
1183 3011 1303 3081 ejus
1327 3026 1550 3081 coronae
1570 3011 1844 3077 dicantur,
1879 3027 2058 3081 neque

467 3109 687 3171 partum
722 3102 791 3155 ab
824 3117 891 3156 eo
938 3100 1106 3157 decus
1138 3117 1261 3156 esse
1284 3142 1299 3166 ,
1347 3102 1439 3156 sed
1489 3094 2056 3170 quorsumeximium

470 3193 640 3249 decus
673 3193 804 3247 illud
839 3192 1160 3261 appelletur,
1190 3193 1480 3248 audierim.
1510 3191 1731 3247 Homini
1759 3195 1904 3249 enim
1928 3193 2057 3249 vero

471 3285 632 3339 turba
673 3285 997 3354 plaudebat;
1054 3285 1187 3339 satis
1222 3287 1326 3339 hoc
1373 3286 1499 3339 novi
1553 3304 1566 3340 :
1621 3286 1865 3356 tyrannis
1915 3285 2057 3340 idem

471 3377 752 3446 placebat;
777 3377 1042 3432 neisthuc
1067 3377 1288 3448 quidem
1321 3377 1515 3453 ignoro
1550 3397 1564 3432 :
1598 3387 1765 3447 atque
1790 3378 2056 3448 ejusmodi

2168 455 2352 524 ήμᾶς;
2386 449 2422 525 ἧ
2455 453 2660 525 δηλαδὴ
2701 453 2771 507 τὰ
2819 454 3153 524 Ἀρχιλόχου,
3197 451 3245 510 εί
3288 459 3571 532 μέλλοιμεν
3601 460 3748 525 ἄξιοι

2169 545 2453 615 φανεῖσθαι
2479 547 2578 617 τῆς
2605 547 2877 618 ὑμετέρας
2915 548 3119 611 ἑστίας.
3157 549 3480 622 Λοιδορῆσαι
3520 543 3615 621 μὲν
3659 564 3755 600 πι-

2167 636 2316 708 κρῶς
2335 637 2433 701 τὰς
2460 638 2560 691 οὐκ
2584 637 2871 701 ἐθελούσας
2897 641 3027 709 ἡμῖν
3066 638 3378 710 γαμεῖσθαι*
3411 639 3655 709 ἅψασθαι
3694 641 3753 693 δὲ

2167 728 2261 781 καὶ
2282 727 2390 780 τῶν
2410 726 2685 791 κιναίδων,
2721 728 2909 799 ἐπειδὴ
2949 729 3060 782 τῶν
3101 731 3276 783 ἄλλων
3316 729 3566 801 πονηρῶν
3617 731 3753 784 πολὺ

2167 832 2302 886 πονη
2315 815 2522 886 ρὸτεροί
2548 817 2674 868 εἰσι·
2692 816 2794 869 τκαὶ
2817 816 2936 886 οὐχὶ
2962 817 3085 888 δίχα
3110 818 3328 889 μέτρου,
3356 819 3496 891 αὕτη
3511 818 3620 890 γὰρ
3639 820 3756 873 διά-

2166 907 2353 972 λεκτος
2376 910 2468 962 καὶ
2490 909 2648 974 θεῶν,
2676 909 2865 982 ὥσπερ
2888 907 2981 964 οὖν
3007 911 3101 963 καὶ¹
3122 912 3282 965 θείων
3311 913 3540 983 ἀνδρῶν,
3563 911 3753 985 ῶσπερ

2157 1000 2511 1071 .Ἀρχιλὸχου.
2541 1002 2650 1055 Καὶ
2678 1001 2831 1055 οὐδὲν
2856 1002 2984 1066 ἴσως
3012 1002 3348 1073 θαυμαστόν·
3384 1003 3471 1057 διὰ
3513 1004 3624 1076 γὰρ
3652 1007 3753 1077 τὴν

2165 1092 2223 1143 ἐν
2273 1089 2481 1154 τούτοις
2528 1092 2798 1163 ὑπεροχὴν
2844 1088 2904 1147 εὖ
2959 1094 3055 1165 μὲν
3100 1090 3246 1171 οἶκος
3297 1096 3548 1161 οἰκεῖται,
3591 1093 3649 1150 εὖ
3692 1096 3751 1149 δὲ

2169 1182 2384 1253 ἰδιώτης
2414 1183 2547 1252 βίος,
2579 1184 2763 1248 πόλεις
2785 1184 2841 1238 δέ
2870 1186 3206 1257 ὁμοφρόνως,
3235 1187 3330 1240 καὶ
3356 1186 3479 1257 Ξθνη
3506 1187 3750 1258 εύνόμως

2154 1276 2504 1342 συνεστᾶσιν.
2538 1274 2651 1327 Οὐκ
2688 1274 2995 1338 ἀπεικότως
3031 1276 3139 1347 ἄρα
3173 1293 3253 1330 σοι
3281 1277 3375 1331 καὶ
3400 1276 3631 1330 Μουσῶν
3659 1278 3751 1331 θε-

2164 1365 2356 1437 ράπων
2410 1365 2483 1437 (8)
2537 1364 2712 1431 ἔδοξεν
2767 1362 2926 1432 εἶναι,
2983 1370 3078 1421 καὶ
3131 1368 3160 1421 6
3216 1370 3410 1439 φονεὺς
3450 1368 3614 1423 αὑτοῦ
3645 1370 3751 1425 οὐκ

2166 1454 2316 1519 ἄξιος
2352 1444 2505 1510 εἶναι’
2538 1456 2638 1526 τῆς
2677 1456 2814 1528 πρὸς
2844 1457 2987 1528 ὑμᾶς
3024 1459 3151 1522 τοὺς
3184 1458 3339 1522 θεοὺς
3365 1461 3593 1524 εἰσόδου,
3627 1461 3752 1514 οὐδὲ

2173 1548 2272 1619 τῆς
2300 1549 2428 1619 παρ’
2458 1549 2612 1620 ὑμῶν
2639 1548 2843 1627 φωνῆς,
2883 1550 3049 1621 ἄνδρα
3077 1551 3240 1620 φονέα
3271 1551 3398 1605 ὅντα
3430 1566 3457 1594 ι
3491 1553 3749 1606 ἀποκτεί-

2168 1658 2284 1704 νας.
2329 1640 2538 1694 Οὕκουν
2566 1641 2802 1713 ἅδικοςὴ
2837 1642 2972 1714 πρὸς
3030 1643 3122 1721 τὸν
3159 1645 3375 1716 Ἀρχίαν
3418 1645 3490 1714 (9)
3528 1646 3748 1716 ἀπειλὴ,

2166 1729 2274 1782 οὐδ’
2317 1729 2543 1799 ἄκαιρος
2580 1732 2613 1801 ὴ
2662 1730 2835 1783 Πυθία
2876 1732 3193 1802 τιμωροῦσα
3226 1733 3303 1803 τῷ
3349 1734 3642 1805 Ἀρχιλόχῳ
3669 1735 3749 1805 τῷ

2167 1820 2335 1874 πάλαι
2371 1820 2570 1891 νεκρῷ,
2601 1822 2695 1876 καὶ
2734 1822 3037 1876 κελεύσασα
3083 1823 3195 1897 (l0)
3239 1824 3436 1888 ἐξιέναι
3485 1826 3578 1880 τοῦ
3617 1825 3749 1880 ναοῦ

2174 1913 2268 1966 τὸν
2324 1916 2512 1987 ἐναγῆ·
2584 1917 2856 1970 Μουσάων
2904 1916 3014 1988 γάρ
3073 1918 3363 1972 ἀπέκτεινε
3419 1918 3747 1991 θεράποντα.

2165 2003 2373 2059 Οὔκουν
2400 2006 2444 2076 (l
2468 2007 2513 2077 l)
2549 2006 2722 2077 ἔμοιγ’
2751 2006 2989 2079 ἐφάνης,
3029 2006 3322 2078 ἐπαμύνων
3375 2009 3454 2080 τῷ
3509 2014 3704 2083 ποιητῇ
3731 2052 3747 2076 ,

2165 2097 2419 2170 ἀπρεπὴς
2448 2094 2608 2154 εἶναι·
2646 2101 2973 2174 ἐμεμνήμην
3000 2098 3108 2174 γᾴρ
3127 2101 3222 2158 καὶ
3258 2101 3352 2157 τοῦ
3378 2102 3561 2170 ἐτέρου
3586 2120 3749 2175 ποιη-

2163 2189 2280 2254 τοῦ,
2303 2191 2398 2244 καὶ
2429 2190 2535 2245 τῶν
2561 2191 2723 2264 ἱερῶν
2755 2192 2847 2246 τοῦ
2882 2193 3174 2265 Εὐριπίδου
3212 2194 3511 2269 στεφάνων·
3564 2197 3746 2250 καίτοι

2164 2280 2407 2352 ἀπορῶν,
2440 2283 2534 2334 καὶ
2550 2282 2780 2337 ἀκοῦσαι
2810 2284 3112 2354 ἐπιθυμῶν,
3145 2285 3242 2354 οὐχ
3261 2285 3341 2337 ὅτι
3362 2286 3743 2354 ἐστεφανοῦτο,

2163 2372 2299 2425 ἀλλὰ
2338 2373 2454 2437 πῶς
2500 2371 2568 2445 ἦν
2611 2374 2680 2427 τὰ
2709 2368 2880 2445 στέφη
2919 2373 3095 2427 ταῦτα
3131 2375 3271 2445 ἱερά’
3312 2376 3421 2428 οὐδ’
3468 2376 3550 2429 ὅτι
3582 2376 3745 2429 αὐτοῦ

2164 2465 2318 2528 κλέος
2342 2465 2569 2535 ὄρουσαν
2592 2466 2726 2537 (12),
2756 2467 2892 2520 ἀλλά
2905 2462 3021 2532 πῶς
3040 2467 3226 2520 ἐσθλὸν
3251 2462 3321 2538 ἦν
3339 2469 3513 2522 τοῦτο.
3552 2471 3745 2542 Ἐκροι

2163 2557 2409 2622 ταλίζετο
2452 2560 2550 2629 μὲν
2612 2558 2721 2630 γάρ
2758 2561 2818 2613 ἐν
2847 2563 2959 2623 τοῖς
2982 2590 2988 2595 -
3011 2560 3208 2631 ὄχλοις,
3234 2556 3369 2613 οἶδα·
3416 2563 3511 2614 καὶ
3547 2562 3746 2633 τυράν-

2163 2666 2274 2714 νοις
2302 2651 2501 2722 ἤρεσκε
2536 2649 2669 2722 (15),
2704 2652 2799 2705 καὶ
2841 2651 3001 2706 τοῦτο
3041 2649 3177 2708 οἶδα·
3214 2656 3312 2707 καὶ
3348 2654 3507 2725 ἔργον
3547 2657 3749 2727 ἐπετή-

2161 2731 2332 2807 δευεν,
2362 2744 2446 2811 ἐφ’
2476 2735 2521 2812 ᾧ
2541 2746 2638 2814 οὐχ
2672 2745 2820 2809 ὅπως
2858 2746 3020 2809 αὐτὸς
3052 2747 3394 2818 ἐθαυμάζετο
3421 2747 3450 2798 6
3482 2747 3743 2820 ἐραστὴς,

2163 2830 2276 2884 ἀλλ’
2309 2833 2407 2904 ἤδη
2437 2834 2529 2887 καὶ
2559 2833 2667 2886 τῶν
2692 2834 2993 2906 Ἀθηναίων
3030 2837 3062 2907 ὴ
3112 2837 3266 2900 πόλις
3308 2834 3442 2908 (14),
3484 2837 3566 2889 ὅτι
3604 2837 3744 2908 μόνη

2161 2924 2472 2995 τραγῳδοὺς
2500 2927 2747 2997 ἠνεγκεν.
2784 2929 2847 2981 Εἰ
2878 2926 2975 2998 μὲν
3020 2924 3111 2981 οὖν
3142 2929 3171 2980 6
3204 2929 3394 3000 κρότος
3420 2928 3602 2991 ἱκανὸς
3622 2945 3748 3001 κρι-

2160 3017 2282 3087 τὴς,
2326 3019 2421 3071 καὶ
2461 3021 2494 3089 ἡ
2534 3020 2591 3071 ἐν
2641 3020 2935 3091 ἀκροπόλει
2969 3021 3236 3092 τράπεζα,
3275 3022 3424 3074 οὐδὲν
3457 3020 3539 3074 ἐτι
3575 3020 3744 3088 λέγω,

2164 3106 2376 3177 βλέπων
2409 3110 2466 3160 ἐν
2492 3110 2785 3181 ἀκροπόλει
2814 3111 3133 3166 δειπνοῦντα
3163 3112 3254 3166 τὸν
3287 3111 3601 3184 Εὐριπίδην,
3647 3113 3747 3166 καὶ

2161 3198 2252 3252 τὸν
2289 3199 2588 3270 Ἀθηναίων
2618 3203 2733 3273 ἅμα
2756 3204 2851 3256 καὶ
2881 3204 2971 3257 τὸν
2998 3205 3322 3259 Μακεδόνων
3351 3205 3523 3276 δῆμον
3547 3205 3743 3275 ἐπίψο-

2166 3290 2386 3360 φοῢντα·
2411 3294 2459 3344 εἰ
2486 3293 2653 3347 δὲκαὶ
2685 3294 2804 3365 δίχα
2824 3295 3026 3348 τούτων
3040 3296 3154 3349 ἔστι
3175 3313 3260 3361 τις
3275 3298 3365 3351 καὶ
3382 3297 3516 3351 θεῶν
3538 3298 3742 3368 ψῆφος,

2164 3384 2259 3435 καὶ
2296 3384 2613 3457 αὐτοπιστὴ,
2657 3374 2750 3440 καὶ
2794 3380 2892 3458 οὐχ
2918 3388 3119 3459 ’ἥττων
3162 3386 3406 3466 τῆςδτῶν
3441 3392 3742 3461 τυράννων,

473 3474 645 3521 artem
672 3465 968 3529 factitabat,
1004 3482 1124 3536 quae
1167 3482 1274 3519 non
1306 3470 1537 3522 amatori
1570 3466 1673 3524 suo
1700 3478 1930 3535 tantum,
1965 3470 2057 3525 sed

2165 3472 2285 3526 οὑδέ
2319 3474 2420 3545 τῆς
2461 3474 2570 3529 τῶν
2619 3475 2808 3546 ὄχλων·
2853 3477 3009 3549 φέρε,
3060 3480 3268 3551 φράσον
3323 3482 3455 3551 ἡμῖν
3496 3481 3591 3534 ἐπὶ
3633 3480 3743 3534 τίνι

471 3559 703 3614 Athenis
747 3559 909 3613 etiam
960 3560 1093 3630 ipsis
1141 3560 1560 3617 admirationem
1613 3561 1963 3633 conciliaret,
2040 3559 2228 3634 utpote
2281 3580 2417 3636 quae.
2473 3568 2753 3637 tragtedos
2795 3585 2901 3624 una
2933 3572 3179 3627 omnium
3227 3572 3459 3628 tulisset.
3517 3571 3574 3626 Si
3608 3587 3741 3642 ergo

472 3650 557 3703 vel
591 3650 693 3705 iste
743 3650 990 3733 plausus,
1022 3653 1109 3707 vel
1160 3654 1426 3709 instructa
1472 3656 1527 3709 in
1584 3670 1711 3710 arce
1768 3669 1991 3719 mensa,
2040 3657 2230 3712 idonei
2278 3668 2407 3714 sunt
2453 3659 2557 3715 hoc
2607 3661 2662 3715 in
2708 3678 2905 3733 genere
2948 3664 3159 3729 arbitri,
3202 3666 3339 3719 nihil
3398 3666 3536 3720 addo
3570 3684 3583 3719 :
3616 3664 3740 3719 novi

474 3744 620 3796 enim
651 3752 705 3798 et
728 3742 782 3796 in
811 3759 938 3800 arce
965 3744 1281 3816 Euripidem
1318 3761 1588 3810 coanasse,
1639 3754 1692 3800 et
1721 3745 2134 3801 Atheniensium
2177 3758 2340 3818 atque
2383 3747 2735 3805 Macedonum
2775 3752 2969 3821 plausu
3016 3753 3344 3808 celebratum
3372 3754 3622 3808 eumdem
3654 3754 3742 3807 fu-

475 3837 606 3893 isse.
632 3839 724 3893 Sin
757 3851 938 3896 autem
964 3843 1184 3912 aliq‘uod
1227 3852 1487 3914 praeterea
1537 3843 1764 3896 deorum
1817 3842 2136 3913 sull‘ragium
2174 3849 2483 3913 accesserit,
2524 3840 2669 3917 quod
2704 3849 2916 3919 utique
2957 3849 3157 3904 etﬁde
3189 3866 3284 3919 per
3310 3862 3445 3905 sese
3487 3850 3735 3921 dignum,

476 3949 578 3990 nec
626 3944 983 4008 tyrannorum
1052 3938 1242 3994 saltem
1277 3947 1373 3992 aut
1436 3937 1798 3992 multitudinis
1848 3937 2104 4007 opinisne
2173 3938 2345 3995 levius
2389 3954 2510 3995 esse
2549 3939 2781 3996 debeat:
2819 3957 2918 4012 age
2949 3942 3044 4009 sis,
3088 3957 3276 4013 prome
3305 3944 3518 3997 tandem
3553 3945 3735 4009 nobis,

560 4157 589 4187 ⁸
629 4162 720 4214 rp.
746 4144 1047 4215 φωνάεντα.

474 4321 922 4451 ώὲἓσέιουσῶν
950 4323 1240 4393 θεράπων,
1265 4332 1370 4381 etc.
1413 4324 1614 4382 Suidas
1641 4326 1829 4383 eadem
1866 4328 1919 4382 in
1942 4326 2050 4381 Ar-

547 4486 627 4556 (9)
671 4483 786 4556 Τόνί
814 4485 1078 4556 Ἀρχίαν.
1120 4484 1523 4541 lnterl‘ectorem
1552 4487 1887 4552 Archilochi,
1923 4487 2055 4541 Sui-

476 4555 578 4612 das
622 4565 678 4610 et
721 4555 837 4619 alii,
881 4571 990 4610 non
1043 4557 1326 4619 Archiam,
1360 4567 1420 4612 ut
1443 4556 1777 4622 OEnomaus,
1804 4559 1894 4612 sed
1933 4556 2057 4611 Kal-

476 4626 698 4681 londam
747 4635 964 4695 vocant,
993 4636 1360 4695 c0gnomento
1396 4628 1690 4681 .(Ioracem.
1728 4627 2056 4682 Plutarchus

476 4697 555 4751 De
587 4712 709 4769 sera
738 4694 990 4769 amittis
1024 4694 1280 4769 vindicta,
1318 4712 1440 4769 pag.
1471 4698 1576 4751 560
1669 4698 1758 4750 :'U
1786 4698 1891 4769 γὰρ
1911 4699 2057 4769 λάπο-

476 4766 938 4838 κτείνας,ἱιι(ιιιίι,
965 4766 1021 4838 ἐν
1047 4768 1114 4837 τῇ
1149 4766 1295 4838 μάχῃ
1328 4766 1419 4820 τὸν
1458 4766 1786 4838 ξᾼρχίλοχον,
1806 4766 2054 4838 ἐκαλεῖτο

477 4783 717 4829 κτεινας,
743 4783 938 4835 inquit,
965 4783 1021 4818 εν
1047 4783 1114 4837 τῃ
1149 4783 1305 4887 μαχτὲ
1328 4783 1419 4820 τον
1461 4783 1687 4838 ῑΑρχιΛο-
1708 4786 1786 4828 ον,
1806 4783 2052 4821 εκαΛειτο

477 4834 845 4908 Καλλών-δηςλ
859 4835 956 4908 -ὡς,
970 4835 1143 4908 ἔοικεν
1160 4852 1172 4865 ο
1186 4832 1278 4908 ἦν
1308 4838 1321 4857 ’
1338 4836 1501 4908 αὐτῷ
1513 4787 1706 4907 Κόραξ(
1722 4837 1900 4891 ἐπωνύ
1910 4855 2052 4908 μιον.

491 4905 804 4978 ῘΕκὸληΘῌεὶς
828 4905 883 4978 δὲ
910 4905 977 4978 τδ
1002 4905 1219 4976 πρῶτον
1396 4905 1501 4978 τῆς
1544 4905 1767 4972 Πυθίας,
1809 4908 1885 4970 ὡς
1913 4905 2060 4978 ἱερὸν

478 4976 647 5048 ἄνδρα
670 4972 775 5049 τῶν
789 4974 1020 5028 Μουσῶν
1044 4972 1498 5049 ἆνῃρηκῲς,ᾼεῐτα
1521 4979 1868 5049 χρησάμενος
1882 4972 2057 5049 λιταῖς

477 5045 625 5117 τισι,
658 5046 752 5118 καὶ
800 5045 1314 5118 προτρρτταζςζμετά
1350 5045 1730 5115 δικαιολογίας,
1764 5046 2054 5118 ἐκελεύσθη

478 5114 916 5188 πρευθεὶςρέπὶ-
937 5114 1047 5188 τὴν
1078 5114 1186 5188 τοῦ
1219 5116 1474 5186 Τέττιγος
1505 5114 1738 5188 οἴκησιν,
1775 5114 2056 5170 ἱλάσασθαι

477 5184 579 5258 τὴν
616 5184 709 5239 τοῦ
751 5184 1062 5257 Ἀρχιλόχου
1094 5185 1293 5257 ψυχήν.
1394 5184 1401 5186 ⁷
1617 5184 1627 5188 ⁷
1726 5184 1731 5185 ⁷
1968 5250 1971 5255 ἱ

552 5277 662 5345 (16)
704 5277 1078 5347 Κεᾼεύσασα.
1138 5276 1432 5347 Perperam
1481 5278 1534 5332 in
1575 5293 1781 5333 excuso
1826 5277 2052 5343 Graeco,

479 5348 758 5471 ἒελεύσρις.
790 5346 994 5402 Versus
1022 5363 1132 5418 quo
1162 5346 1313 5403 illum
1338 5365 1405 5404 ex
1448 5352 1576 5404 lano
1608 5349 1801 5421 l’ythia
1827 5349 2053 5418 expulit,

524 5434 572 5471 te
605 5434 663 5471 es
725 5435 739 5471 :
1748 5470 1757 5471 ,

524 5427 572 5472 ic
605 5427 688 5472 est
725 5435 739 5471 ε

480 5510 779 5563 Μουσάων
812 5510 1147 5579 θεράποντα
1172 5509 1551 5577 κατέκτανες,
1575 5511 1726 5575 ἔξιθι
1746 5511 1920 5580 νηοῦ.

554 5580 664 5645 (Η)
710 5580 963 5637 Οὔκουν.
1004 5581 1082 5636 Ita
1112 5584 1301 5648 malui,
1337 5597 1500 5651 quam
1553 5582 1770 5649 οὐκοῦν,
1822 5594 1880 5638 ut
1930 5589 2055 5637 ante

484 5648 777 5720 legebatur.
1667 5699 1671 5704 .

2232 4322 2344 4395 (12)
2384 4321 2579 4395 Αὐτοῦ
2610 4320 2786 4395 κᾴἐος
2803 4318 3091 4395 ὄρουσαν.
3136 4320 3395 4376 Existimo
3440 4321 3732 4395 legendum

2156 4391 2321 4449 αὑτοῦ
2353 4395 2433 4455 εἰς
2464 4393 2619 4456 κλέος
2654 4392 2901 4463 ὄρουσαν.
2939 4391 3069 4458 Quae
3116 4402 3386 4463 postrema
3421 4391 3520 4446 vox
3560 4394 3612 4446 in
3645 4396 3734 4447 al-

2157 4474 2276 4519 tero
2300 4461 2798 4517 manuscr.exstat.
2823 4462 2890 4520 Et
2914 4479 3039 4517 vero
3065 4461 3584 4532 repetitainomaus
3609 4480 3736 4517 ora-

2158 4536 2267 4590 culi
2296 4535 2480 4595 verba,
2518 4546 2638 4602 pag.
2670 4534 2899 4601 pt'mced.
2933 4534 3023 4587 ubi
3055 4533 3350 4603 legebatur,
3375 4533 3466 4585 καὶ
3494 4533 3552 4596 ἐς
3574 4533 3735 4596 κλέος

2157 4604 2343 4658 ἐσθλὸν
2375 4603 2608 4676 ὀρούσει.

2230 4676 2340 4745 (15)
2388 4672 2713 4741 Τυράννως
2738 4672 2982 4745 ἤρεσκε.
3024 4673 3349 4728 Archelaum
3402 4672 3481 4745 in_
3512 4672 3734 4745 primis,

2156 4741 2487 4799 Macedoniae
2525 4760 2700 4813 regem
2737 4741 3009 4812 intelligit,
3037 4745 3178 4813 apud
3230 4758 3391 4814 quem
3443 4741 3735 4813 Euripides

2157 4816 2331 4886 gratia
2363 4824 2417 4886 et
2444 4814 2762 4886 auctoritate
2787 4815 2974 4879 valuit,
2992 4816 3201 4886 _miru|n
3233 4821 3517 4886 quantum.

2149 4880 2185 4934 .’
2228 4886 2338 4953 (ll)
2366 4884 2692 4951 Ἀθηναίων
2712 4884 2966 4953 ἡπόλις.
2989 4883 3161 4937 Etiam
3191 4880 3329 4953 apud
3362 4884 3564 4937 hostes.
3596 4880 3738 4936 Plu-

2159 4952 2383 5010 tarchus
2420 4956 2563 5008 enim
2618 4954 2670 5006 in
2707 4952 2889 5014 Nicia,
2916 4955 3019 5007 sub
3061 4955 3181 5017 lin.,
3226 4952 3348 5022 pag.
3379 4953 3505 5016 542,
3535 4962 3737 5007 auctor

2157 5039 2261 5091 εει,
2294 5025 2506 5079 Siculos
2530 5024 2787 5086 victores,
2818 5026 3156 5091 captivorum
3191 5024 3605 5077 Atheniensium
3636 5024 3738 5077 be-

2157 5110 2226 5148 ne
2256 5097 2440 5148 multis
2471 5094 2699 5148 salutem
2730 5092 2962 5158 dedisse,
2993 5096 3139 5162 quod
3171 5094 3239 5147 ab
3266 5093 3373 5146 illis
3398 5108 3589 5146 versus
3619 5092 3738 5146 Eu-

2157 5166 2347 5233 ripidis
2380 5165 2594 5232 aliquos
2618 5163 2967 5233 didicissent;
3000 5161 3277 5231 additque,
3311 5162 3418 5215 τῶν
3446 5161 3736 5216 σωθέντων

2156 5232 2338 5288 οἴκαδε
2381 5235 2605 5302 συχνοὺς
2648 5232 2993 5285 ἀσπάσασθαι
3030 5234 3120 5286 τὸν
3148 5233 3442 5303 Εὐριπίδην
3470 5233 3739 5303 φιλοφρό-

2155 5322 2279 5367 νως,
2308 5305 2402 5358 καὶ¹
2441 5303 2762 5372 διηγεῖσθαι,
2788 5304 2912 5365 τοὺς
2942 5304 3057 5372 μὲν,
3105 5304 3185 5355 ὅτι
3207 5302 3543 5364 δουλεύοντες
3569 5302 3737 5372 ἀφεί-

2157 5373 2358 5445 θησαν,
2406 5374 2770 5445 ἐνδιδάξαντες
2822 5373 2922 5445 δσα
2971 5374 3077 5445 τῶν
3115 5373 3344 5445 ’ἐκείνου
3410 5375 3740 5445 ποιημάτων

2156 5441 2479 5515 ἐμέμνηντο’
2530 5443 2774 5515 τούς-δέ,
2822 5443 2903 5494 ὅτι
2954 5441 3291 5515 πλανῶμενοι
3326 5442 3460 5515 μετά
3478 5441 3597 5515 μτην
3637 5448 3758 5515 μιέιο⁴

2156 5511 2279 5584 χὴν,
2303 5514 2507 5588 τροφῆς
2535 5513 2628 5567 καὶ
2657 5512 2845 5575 ὓδατος
2877 5511 3190 5583 μετέλαϐον,
3219 5511 3337 5567 τῶν
3364 5511 3741 5587 μελῶνᾲσαν-

2156 5600 2264 5648 τες.
