3862 6220
529 324 634 384 395

1079 427 1306 483 CAPUT
1343 427 1581 483 XXXIV.

538 550 765 605 Eosdem
790 554 1030 601 auctores
1064 544 1185 597 illos
1231 543 1415 612 fuisse,
1452 544 1534 595 uti
1567 541 1772 611 pugiles
1805 552 1853 596 et
1885 541 2097 596 athleta

885 615 1077 669 divinis
1112 613 1394 667 honoribus
1428 612 1745 666 colerentur.

603 734 670 788 Et
705 732 965 804 quoniam
1000 745 1106 785 non
1137 736 1326 799 poetas
1372 728 1574 794 solum,
1611 728 1705 782 sed
1759 726 1905 797 ipsos
1935 727 2097 783 etiam

532 826 742 896 pugiles
767 835 930 895 atque
958 823 1212 886 athletas,
1243 822 1467 875 deorum
1500 820 1554 873 in
1584 834 1812 874 numero
1840 820 1956 875 suis
1977 834 2100 874 ora-

535 917 679 973 culis
724 915 870 971 Deus
904 915 1156 986 egregius
1202 913 1505 978 collocavit,
1554 912 1808 981 praeclare
1840 927 2097 982 quoque,

533 1025 654 1067 meo
703 1010 923 1081 quidem
979 1008 1225 1078 judicio,
1286 1007 1389 1060 hoc
1431 1005 1552 1075 ejus
1597 1003 1801 1060 factum
1848 1003 2101 1061 laudatus

530 1105 764 1175 scriptor
791 1102 938 1157 hunc
966 1100 1021 1154 in
1047 1099 1268 1153 modum
1291 1096 1537 1169 coarguit
1571 1115 1585 1151 :

532 1197 635 1262 Qui
660 1195 832 1267 pelagi
867 1193 1019 1261 ﬁnes,
1046 1206 1416 1260 numerumque
1431 1189 1660 1259 jacentis
1689 1205 1887 1257 arente,

530 1329 601 1384 Et
634 1328 767 1384 muti
790 1342 969 1383 sensus
994 1322 1250 1394 cognosti,
1277 1321 1532 1392 nudisque
1560 1319 1827 1388 silentem;

530 1464 558 1497 ιι
582 1443 802 1499 Utinam
820 1454 950 1496 vero
974 1440 1076 1494 ista
1103 1438 1343 1494 nescires
1363 1435 1566 1503 omnia,
1590 1435 1694 1491 hoc
1717 1450 1887 1491 unum
1911 1436 2099 1502 scires,

533 1532 672 1587 nihil
698 1529 999 1601 pugilatum
1032 1527 1174 1582 inter
1221 1533 1277 1582 et
1320 1525 1751 1581 calcitrationem
1797 1527 2099 1594 interesse,

532 1624 614 1679 uti
636 1621 722 1679 vel
759 1621 944 1677 asinos
976 1620 1140 1676 etiam
1180 1617 1588 1673 immortalitate
1617 1617 1848 1672 donares
1871 1657 1887 1684 ,
1916 1616 2002 1671 vel
2032 1631 2102 1672 ne

1165 307 1434 365 EUSEBll
1464 305 1944 364 CESARLENSIS
1995 306 2145 364 OPP.
2201 303 2381 361 PARS
2419 302 2483 358 ll.
2525 331 2595 344 --
2626 301 3129 360 APOLOGETICA.

3665 306 3771 361 596

2706 423 2889 477 ΚΕΦΑ
2900 421 3104 475 ΛΔΙΟΝ
3135 421 3255 474 ΛΔ’.

2205 543 2324 595 Ὅτι
2360 540 2458 599 καὶ
2491 540 2719 605 πύκτας
2750 539 2847 593 καὶ
2869 539 3134 606 ἀθλητὰς
3166 537 3358 606 τιμαῖς
3386 538 3640 605 ισοθέοις
3676 557 3743 610 γε
3769 567 3778 574 -

2598 613 2833 679 ραίρειγ
2868 610 3363 678 παρεκελεύοντο.

2286 727 2436 780 Ἐπεὶ
2460 725 2518 780 δὲ
2549 726 2611 780 οὐ
2644 726 2802 797 μόνον
2829 723 3082 795 ποιητὰς,
3110 723 3211 795 ήδη
3238 723 3295 779 δὲ
3319 724 3413 777 καὶ
3435 723 3646 788 πύκτας
3677 725 3778 778 καὶ⁸

2200 815 2437 888 ἀθλητὰς
2465 817 2493 869 ὁ
2520 815 2823 886 θαυμάσιος
2850 814 2982 879 Θεὸς
3012 812 3102 867 διὰ
3129 814 3238 867 τῶν
3270 813 3485 867 οἰκείων
3509 814 3778 885 χρησμῶν

2202 909 2513 979 ξξεθέωσεν,
2555 908 2779 972 εἰκότως
2809 924 2898 979 μοι
2934 907 3082 960 δοκεί
3119 906 3213 961 καὶ
3252 904 3425 960 ταῦτα
3452 905 3780 977 ἀπελέγχειν

2200 1003 2229 1055 δ
2255 1001 2621 1073 δεδηλωμένος
2656 1000 2866 1065 τούτοις
2891 1002 3006 1063 τοῖς
3035 999 3294 1070 ῥήμασιν’
3358 1056 3373 1073 κ

2200 1182 2276 1243 Ὠ
2302 1185 2473 1253 εἰδὼς
2518 1184 2632 1257 (29)
2665 1183 2914 1255 ψάμμου
2938 1185 2987 1238 τ’
3020 1182 3290 1254 ἀριθμὸν,
3324 1180 3421 1269 καὶ
3447 1180 3650 1269 ’μέτρα
3674 1183 3781 1235 θα-

2202 1327 2315 1395 Καὶ¹
2333 1325 2535 1395 κωφοῦ
2561 1325 2806 1392 ξυνιεὶς,
2832 1322 2933 1379 καὶ
2955 1322 3040 1394 μὴ
3068 1251 3669 1388 ,λιῑιλέοινίὀςυ[άλθιιῖ)ῗ5ἵ›ῗο·ξ
3694 1296 3710 1317 ’

2210 1461 2227 1495 ι
2260 1441 2387 1496 Εἴθε
2418 1440 2622 1510 ὤφελες
2648 1440 2719 1495 τὰ
2753 1441 2850 1512 μὲν
2874 1439 3097 1493 τοιαῦτα
3124 1440 3301 1493 πάντα
3323 1440 3556 1508 ἀγνοεῖν,
3597 1438 3782 1491 ἐκεῖνο

2201 1534 2259 1588 δὲ
2283 1533 2501 1597 εἰδέναι,
2527 1534 2610 1587 ὅτι
2639 1533 2673 1604 ἡ
2696 1533 2932 1605 πυκτικὴ
2959 1532 3057 1602 τῆς
3094 1530 3358 1602 λακτικῆς
3400 1529 3554 1585 οὐδὲν
3585 1529 3783 1598 διαφέ-

2208 1644 2309 1698 ρει,
2332 1627 2402 1681 ἶν’
2425 1625 2458 1698 ἢ
2480 1627 2575 1680 καὶ
2602 1626 2726 1690 τοὺς
2748 1624 2903 1690 ὄνους
2932 1624 3333 1688 ἀπαθανάτους,
3365 1623 3399 1696 ἢ
3428 1623 3561 1694 μηδὲ
3601 1622 3780 1678 Κλεο-

532 1712 878 1770 Cleomedem
906 1709 1127 1782 quidem
1155 1711 1357 1781 ipsum,
1381 1708 1838 1779 Astypalaeensem
1862 1708 2098 1780 pugilem

2220 1719 2381 1791 αήδην
2405 1718 2617 1789 πύκτην
2662 1715 3079 1783 Ἀστυπαλαιέα,
3100 1714 3274 1785 λέγων
3303 1713 3477 1779 οὕτως
3496 1731 3511 1745 ·

534 1811 771 1864 donares
800 1805 905 1861 hoc
927 1803 1164 1860 distich‘o
1193 1822 1206 1858 :

539 1922 769 1978 Ultimus
791 1919 1005 1974 heroum
1038 1916 1333 1972 Cleomedes
1359 1915 1740 1986 Astypalensis,

532 1993 660 2048 Jam
689 2006 902 2046 sacrum
934 2005 967 2043 a
1001 1987 1142 2042 vobis
1169 1987 1307 2057 ferat
1337 1986 1652 2041 intmortalis
1684 1987 1953 2041 honorem.

532 2105 645 2160 Cur
679 2101 847 2171 enim,
879 2115 914 2156 o
956 2099 1208 2170 indigena
1240 2098 1553 2155 Graecarum
1580 2097 1905 2169 religionum
1936 2098 2106 2153 inter-

533 2210 660 2266 pres
686 2235 704 2262 ,
730 2195 813 2251 sic
849 2193 998 2249 enim
1032 2200 1085 2247 te
1116 2190 1271 2245 Plato
1301 2198 1501 2256 vocat,
1540 2190 1816 2246 hominem
1847 2199 1905 2245 tu
1939 2190 2105 2246 istum

535 2284 1019 2343 consecrasti‘lAn
1064 2282 1210 2353 quod
1240 2282 1297 2337 in
1336 2280 1619 2355 Olympico
1669 2282 1965 2338 certamine
2006 2282 2101 2337 ad-

535 2378 837 2434 versarium
867 2391 979 2432 uno
1009 2375 1121 2431 ictu
1155 2390 1265 2430 non
1306 2375 1485 2431 solum
1515 2372 1782 2442 aﬁlixerit,
1813 2373 1910 2430 sed
1942 2374 2106 2430 etiam

535 2468 802 2541 patefacto
827 2468 995 2525 latere
1022 2466 1335 2537 pulmonem
1353 2464 1474 2536 ejus
1502 2465 1748 2520 immissa
1776 2479 1942 2519 manu
1978 2464 2106 2520 abs-

537 2560 805 2617 traxerit?
836 2558 1068 2630 Dignum
1118 2558 1395 2613 enimvero
1437 2556 1548 2613 Deo
1568 2556 1801 2624 facinus,
1824 2572 1858 2613 ο
1878 2557 2103 2629 Apollo!

534 2655 619 2708 An
647 2659 909 2724 praeterea
949 2650 1098 2722 quod
1128 2650 1423 2723 irrogatam
1453 2648 1556 2706 sibi
1582 2664 1646 2705 ea
1673 2648 1741 2705 de
1771 2664 1937 2706 causa
1968 2664 2108 2721 qua-

535 2755 662 2801 tuor
686 2743 1015 2800 talentorum
1041 2742 1301 2798 mulctam
1334 2755 1676 2813 concoquere
1704 2756 1814 2799 non
1841 2742 2107 2814 potuerit,

535 2837 631 2895 sed
657 2837 713 2891 vi
757 2835 1011 2892 maeroris
1062 2835 1469 2904 iracundiasque
1511 2841 1820 2890 commotus
1844 2875 1860 2901 ,
1907 2842 2111 2891 stoma-

536 2926 699 2983 chum
724 2933 781 2982 et
820 2926 987 2981 bilem
1027 2924 1338 2981 universam
1389 2925 1444 2979 in
1490 2938 1780 2993 puerorum
1809 2963 1824 2989 ,
1861 2924 1957 2995 qui
1993 2933 2109 2980 tum

536 3018 593 3072 in
618 3017 749 3073 ludo
772 3015 1042 3072 litterario
1065 3015 1461 3080 versabantur,
1489 3022 1652 3084 caput
1689 3017 1949 3084 eruperit,
1986 3029 2110 3070 suc-

2211 1915 2497 1981 ’Υστατος
2528 1914 2737 1986 ήρώωτς
2757 1913 3105 1986 Κλεομήδης
3130 1912 3243 1986 (30)
3278 1911 3783 1986 Ἀστνπα-ιαιεῦςσ

2210 1986 2311 2038 Ὃν
2340 1986 2578 2051 θυσίαις
2600 1983 2787 2055 τιμᾶθ’
2816 1986 2894 2051 ὡς
2911 1983 3034 2039 οὐκ
3058 1983 3150 2039 ἔτι
3167 1983 3389 2054 θνητὸν
3406 1985 3606 2039 ἐόντα.

2204 2099 2304 2154 Διὰ
2329 2099 2383 2153 τι
2412 2098 2542 2172 γὰρ,
2572 2093 2617 2153 ὦ
2644 2099 2840 2170 πάτριε
2863 2097 2972 2151 τῶν
3011 2098 3278 2170 Ἑλλήνων
3308 2097 3568 2170 seti-med,
3601 2096 3679 2162 ὥς
3717 2114 3789 2152 σε

2206 2194 2362 2247 καλεῖ
2393 2193 2617 2246 Πλάτων
2636 2232 2651 2256 ,
2691 2191 2931 2256 ἐθέωσας
2973 2191 3066 2245 τὸν
3112 2190 3281 2250 ἀνδρα
3318 2191 3547 2257 τοῦτονς
3580 2192 3652 2249 Ἣ
3696 2191 3787 2245 ὅτι

2218 2285 2544 2356 Ὀλυμπιάσι
2603 2286 2783 2359 πληγῇ
2852 2287 2951 2357 μιᾷ
3010 2284 3256 2350 πατάξας
3324 2283 3414 2338 τδν
3481 2284 3791 2353 ἀνταγωνι-

2209 2376 2337 2446 στὴν
2359 2376 2493 2447 (51),
2514 2376 2715 2448 ἀνέῳξε
2741 2377 2839 2449 τὴν
2866 2376 3104 2448 πλευρὰν
3142 2375 3308 2433 αὐτοῦ
3331 2416 3346 2441 ,
3390 2376 3483 2430 καὶ
3527 2374 3791 2446 ἐμϐαλὼν

2206 2466 2304 2536 τὴν
2334 2468 2493 2536 χεῖρα
2525 2465 2746 2520 ἐλάϐετο
2780 2466 2873 2519 τοῦ
2906 2466 3205 2538 πνεύμονος
3233 2484 3250 2534 ;
3294 2467 3587 2531 Ἄπολλον,
3634 2465 3794 2533 ἀξιο-

2209 2557 2331 2611 θέου
2372 2558 2570 2630 ἔργουὲ
2608 2560 2678 2612 Ἦ
2717 2559 2777 2611 οὐ
2820 2560 2978 2630 μόνον
2999 2599 3014 2623 ,
3068 2559 3204 2615 ἀλλά
3230 2559 3325 2613 κα)⁵
3365 2560 3478 2623 ὅτι,
3510 2574 3795 2631 προτιμηο

2209 2650 2321 2714 θεὶς
2347 2650 2455 2723 (52)
2502 2653 2779 2723 τεσσάρων
2814 2652 3088 2707 ταλάντων
3127 2652 3329 2725 ζημίαν
3368 2653 3460 2706 ἐπὶ
3490 2651 3695 2707 τούτων
3731 2665 3791 2714 ι.
3846 2650 3853 2667 ³

2208 2743 2308 2815 οὺχ
2337 2744 2564 2816 ὑπέστη,
2609 2744 2722 2800 ἀλλ’
2768 2746 2858 2798 ὑπ’
2891 2744 3183 2817 ἀχθηδόνος
3241 2744 3352 2815 (55)
3399 2743 3494 2798 καὶ
3544 2743 3798 2815 βαρυθυ-

2212 2835 2339 2907 μίας
2359 2836 2606 2907 ἐνήρεισε
2628 2836 2718 2891 τὸν
2736 2835 2902 2908 θυμὸν
2922 2839 3032 2900 τοῖς
3057 2838 3115 2890 ἐν
3137 2836 3214 2908 τῷ
3232 2834 3578 2907 διδασκαλείῳ
3599 2836 3792 2898 παισὶ,

2209 2929 2299 2981 τὸν
2328 2928 2481 2982 κίονα
2506 2928 2832 2999 ὑφελκύσας,
2861 2929 2921 2992 ὃς
2951 2930 3132 3000 ἀνεῖχε
3164 2929 3260 2999 τὴν
3292 2929 3488 2999 στέγην
3515 2945 3531 2994 ;
3554 2925 3705 2999 Ἆρ’,
3742 2923 3795 2982 ὧ

2212 3018 2445 3084 θεοποιέ,
2466 3018 2554 3072 διὰ
2578 3019 2734 3073 ταῦθ’
2761 3021 2890 3090 ὑμῖν
2912 3021 2941 3074 ὁ
2965 3015 3285 3091 Κλεομήδης
3312 3019 3565 3091 τιμητέος
3592 3020 3749 3072 ἐστίν
3776 3038 3794 3084 ;

536 3124 700 3166 cussa
732 3108 1056 3177 revulsaque
1084 3105 1338 3161 columna
1366 3118 1488 3175 qua:
1530 3113 1731 3160 tectum
1766 3104 2109 3161 sustinebat?

2220 3111 2487 3183 ήκὰκεῖνο
2512 3110 2862 3184 προσθήσεις,
2896 3096 2957 3165 τὺ
2974 3112 3160 3183 ἕτερον
3193 3111 3390 3182 δεῖγμα
3430 3111 3527 3182 τῆς
3571 3110 3797 3164 ἐκείνου

539 3201 645 3268 Τιι,
674 3203 923 3272 inquam,
946 3215 980 3255 ο
1009 3198 1238 3255 deorum
1262 3196 1577 3261 architecte,
1604 3196 1944 3253 Cleomedem
1981 3213 2110 3269 pro-

538 3302 722 3364 pterea
745 3290 948 3347 divinis
967 3288 1271 3344 honoribus
1324 3288 1612 3343 colendum
1639 3289 1888 3359 putasti?
1912 3289 1994 3342 An
2022 3305 2114 3360 po-

540 3386 651 3441 tius
681 3384 913 3440 alterum
943 3382 1049 3438 hoc
1097 3380 1363 3451 adjunges
1400 3395 1524 3436 cum
1576 3379 1817 3451 ejusdem
1860 3380 2110 3448 roboris,

541 3488 659 3534 tum
681 3476 879 3533 divinae
907 3473 1298 3530 benevolentia:
1328 3481 1740 3527 monumentum
1770 3488 1785 3537 ;
1810 3472 1953 3542 quod
1986 3487 2109 3527 cum

542 3584 756 3627 sacram
781 3569 838 3623 in
883 3580 1068 3622 arcam
1101 3579 1221 3621 sese
1263 3564 1585 3620 immisisset
1609 3603 1625 3630 ,
1657 3563 1891 3618 adducto
1919 3562 2113 3618 deinde

542 3661 823 3734 operculo,
859 3654 1247 3730 comprehendi
1272 3657 1340 3712 ab
1368 3655 1804 3727 insequentibus,
1848 3654 1903 3709 in
1932 3670 1998 3710 eo
2018 3671 2115 3710 ex-

545 3755 810 3811 trahendo
854 3753 1055 3808 frustra
1093 3750 1508 3813 laborantibus,
1559 3749 1707 3804 nulla
1738 3749 1788 3802 vi
1833 3748 2115 3817 potuerit?

544 3846 739 3904 ldeone
769 3845 994 3900 heroem
1043 3853 1099 3899 tu
1133 3842 1286 3898 illum
1307 3879 1322 3906 ,
1357 3848 1521 3911 atque
1554 3856 1621 3895 ex
1662 3839 1972 3895 mortalium
2012 3854 2115 3894 nu-

544 3953 700 3994 mero
740 3935 1090 3992 eximendum
1120 3949 1241 3990 esse
1283 3932 1407 3989 vis?
1439 3929 1483 3986 Ο
1514 3929 1831 3987 Cleomedes
1855 3970 1870 3995 ,
1915 3929 2115 3999 quibus

533 4030 646 4086 «tibi
680 4030 890 4085 artibus
926 4027 1386 4083 immortalitatem
1432 4023 1729 4095 peperisti!
1770 4020 2000 4077 Sensere
2039 4021 2115 4075 dii

534 4124 744 4194 quippe
759 4122 1023 4177 continuo
1038 4118 1251 4190 pulchri
1273 4116 1531 4172 facinoris
1547 4115 1920 4171 excellentiam
1931 4156 1945 4181 ,
1960 4122 2117 4182 teque

543 4215 712 4280 illico,
747 4223 809 4270 ut
836 4215 977 4269 bona
1007 4211 1281 4282 quondam
1312 4208 1471 4279 231
1510 4206 1730 4262 Homeri
1760 4205 1985 4260 numina
2014 4206 2117 4261 Ga-

532 4307 854 4379 nymedem,
885 4306 941 4360 in
971 4305 1168 4361 coelum
1209 4316 1443 4371 rapuere
1469 4318 1483 4354 :
1510 4296 1621 4355 nisi
1649 4299 1795 4368 quod
1824 4297 1914 4352 ille
1943 4294 2117 4351 forma

544 4417 611 4457 ac
641 4400 852 4471 specie,
886 4408 943 4455 tu
972 4398 1169 4454 robore
1193 4436 1207 4461 ,
1249 4409 1464 4464 usuque
1486 4392 1700 4447 roboris
1738 4389 1957 4461 egregio
1994 4390 2116 4459 pla-

2211 3202 2431 3274 ἀνδρίας
2459 3201 2574 3273 ἅμα
2608 3202 2702 3255 καὶ
2726 3202 3001 3273 θεοφιλίας
3020 3244 3034 3269 ,
3062 3204 3143 3257 ὅτι
3174 3202 3237 3276 δὴ
3261 3241 3276 3266 ,
3301 3202 3476 3274 ἐμϐὰς
3512 3203 3591 3268 εἰς
3637 3203 3797 3274 ἱερὸν

2211 3293 2460 3349 κιϐώτιον
2490 3294 2623 3365 (54),
2671 3294 2767 3349 καὶ
2812 3294 2873 3348 τὸ
2902 3295 3072 3367 πῶμα
3119 3296 3491 3367 ἐπαγόμενος,
3539 3292 3798 3365 ἄληπτος

2210 3385 2424 3454 ἐγένετο
2463 3389 2575 3451 τοῖς
2630 3386 2915 3451 διώκουσι,
2943 3386 3307 3458 πειρωμένοις
3353 3384 3519 3439 αὑτὸν
3559 3383 3798 3449 ἐξελ.κῦ-

2214 3494 2302 3531 σαι
2330 3476 2439 3549 (55)
2465 3495 2480 3546 ;
2510 3474 2582 3531 Ὦ
2606 3478 2936 3550 Κλεόμηδες,
2969 3475 3078 3551 ἆρα
3102 3478 3251 3549 ἥρως
3277 3477 3377 3530 οὐκ
3401 3476 3518 3529 ἔστι
3557 3474 3797 3547 θνητὸςς

2212 3565 2315 3625 Οἷα
2344 3570 2413 3625 τὰ
2443 3572 2806 3644 μηχανήματα
2829 3572 2968 3645 ὑπὲρ
3012 3570 3306 3634 ἀθανασίας
3348 3568 3600 3641 ἐξεῦρεςὶ
3650 3570 3800 3641 ᾜσ-

2214 3662 2365 3716 θοντο
2390 3663 2518 3732 γοῦν
2548 3663 2748 3727 εὐθέως
2778 3665 2827 3717 οἱ
2858 3663 2969 3716 θεοὶ
3008 3663 3109 3734 τῆς
3140 3662 3529 3733 ἀγαθουργίας,
3575 3661 3671 3714 καὶ
3698 3661 3801 3713 ἀν-

2213 3755 2504 3827 ηρείψαντό
2537 3772 2617 3820 σε,
2643 3754 2831 3825 ὥσπερ
2859 3756 2908 3808 οἱ
2940 3753 3034 3809 τοῦ
3050 3754 3288 3825 Ὀμήρου
3320 3752 3413 3805 τὸν
3430 3750 3757 3821 Γανυμήδην
3778 3768 3794 3780 ο

2214 3844 2350 3900 άλλά
2380 3846 2470 3901 τὸν
2501 3846 2598 3916 μὲν
2628 3846 2720 3898 ἐπὶ
2756 3845 2834 3916 τῷ
2866 3845 3070 3908 κάλλει,
3098 3844 3157 3896 σέ
3189 3844 3246 3897 δὲ
3278 3842 3371 3897 ἐπὶ
3399 3845 3466 3914 τῇ
3499 3841 3664 3912 ἰσχύϊ,
3695 3845 3803 3896 καὶ

2214 3940 2309 4009 τῆς
2341 3939 2519 4009 ἰσχύος
2551 3941 2616 4010 τῇ
2647 3939 2927 4011 χρήσειτῇ
2955 3936 3154 4008 ἀγαθῇ.
3187 3935 3313 4017 Εἴθε
3342 3930 3455 4001 οὖν,
3501 3928 3548 3988 ὦ
3600 3934 3800 4004 μάντι,

2212 4024 2287 4089 ὡς
2320 4024 2477 4095 ἔφην,
2506 4025 2673 4089 ἐάσας
2696 4025 2794 4095 τὴν
2822 4024 3048 4096 ψάμμον
3082 4024 3177 4078 καὶ
3199 4024 3296 4095 τὴν
3330 4023 3531 4095 ἅλμην,
3557 4023 3676 4076 ἀντ’
3693 4025 3806 4077 αὐ-

2215 4117 2321 4169 τῶν
2353 4115 2635 4187 ἐξέμαθες,
2664 4117 2861 4170 ὁπόσου
2888 4116 3034 4181 ἄξιόν
3053 4118 3200 4170 ἐστιν
3233 4119 3266 4188 ή
3291 4116 3549 4187 πυκτικὴ,
3575 4115 3666 4169 ἵνα
3698 4118 3804 4170 καὶ

2214 4208 2339 4272 τοὺς
2356 4208 2565 4272 πύκτας
2590 4208 2744 4273 ὅνους
2774 4209 2928 4272 θεοὺς
2945 4208 3216 4280 ἐνόμιζες,
3244 4209 3341 4263 κα)⁵
3366 4209 3493 4273 τοὺς
3522 4208 3806 4281 ὀνάγρους

2216 4296 2323 4351 τῶν
2353 4297 2489 4352 θεῶν
2508 4300 2635 4363 τοὺς
2661 4299 2946 4370 ἀρίστουςῐ
2975 4301 3069 4353 καὶ
3097 4295 3165 4371 ἦν
3191 4299 3256 4354 ἄν
3297 4316 3350 4352 τι
3378 4300 3575 4352 οἰκεῖον
3606 4298 3805 4366 λόγιον

2219 4390 2304 4441 ἐπ’
2338 4389 2659 4444 ἀποθανόντι
2687 4390 2899 4462 ὁνάγρῳ
2927 4391 3124 4463 μᾶλλον
3156 4391 3190 4463 ἢ
3224 4390 3316 4445 ἐπὶ
3340 4389 3417 4462 τῷ
3453 4389 3528 4461 σῷ
3561 4390 3761 4465 πύκτῃ
3786 4408 3806 4424 ο

544 4493 726 4550 cuisti.
754 4491 974 4548 Utinam
997 4505 1148 4562 ergo,
1171 4490 1313 4545 bone
1355 4497 1527 4549 vates,
1585 4484 1730 4555 quod
1783 4494 1908 4539 ante
1944 4484 2209 4548 dicebam,
2250 4500 2415 4540 arena
2444 4485 2690 4556 marique
2729 4487 3128 4557 praetermissis,
3175 4501 3284 4556 quo
3323 4485 3393 4541 sit
3424 4485 3712 4541 habendus
3746 4488 3806 4541 in

539 4600 777 4644 numero
820 4582 1093 4655 pugilatus
1138 4580 1344 4635 interea
1383 4576 1688 4632 didicisses.
1742 4572 2009 4629 Nimirum
2059 4585 2112 4628 ct
2147 4573 2278 4629 deos
2309 4590 2523 4645 quoque
2561 4575 2774 4647 pugiles
2837 4576 3042 4642 asinos,
3102 4584 3157 4631 et
3184 4590 3417 4646 onagros
3454 4576 3549 4630 abs
3582 4583 3638 4630 te
3664 4576 3809 4632 deo-

540 4693 669 4735 rum
714 4672 1121 4732 strenuissimos
1153 4669 1497 4724 haberemus.
1553 4663 1803 4720 Exstaret
1840 4663 2002 4719 etiam
2047 4662 2101 4715 in
2140 4663 2407 4719 demortui
2456 4665 2645 4737 onagri
2693 4667 2875 4723 verius
2935 4682 3101 4738 quam
3140 4666 3196 4720 in
3234 4665 3434 4738 pugilis
3463 4664 3542 4720 tui
3571 4665 3808 4723 laudern

540 4771 826 4846 proprium
858 4768 964 4821 hoc
987 4774 1042 4819 et
1064 4762 1340 4843 singulare
1365 4756 1645 4813 oraculum
1673 4775 1684 4810 :

621 4950 648 4980 ι
676 4936 762 4990 ἵσ.
796 4932 991 5002 τούτῳ.

619 5102 732 5228 (:9)
771 5096 847 5157 Ὠ
870 5098 1058 5164 εἰδώς.
1097 5095 1230 5181 Vide
1251 5093 1394 5165 quod
1420 5097 1739 5147 annotatum
1769 5095 1872 5154 est,
1900 5102 1954 5158 p.
1982 5087 2111 5158 212,
2146 5092 2191 5147 D

554 5192 607 5230 c.
638 5192 694 5229 υ.

621 5244 736 5368 (30)
777 5238 1143 5310 Κλεομήδης.
1184 5234 1299 5290 Hoc
1315 5232 1595 5315 de._pugile
1617 5231 1817 5314 similia
1840 5230 2110 5286 Plutarch.

684 5313 879 5368 amulo.
929 5326 985 5368 ι).
1019 5309 1122 5368 54;
1174 5305 1494 5368 Pausamas,
1525 5318 1564 5356 ιι
1595 5299 1824 5368 Heliae,
1849 5318 1905 5368 p.
1933 5300 2035 5355 186
2065 5310 2110 5355 et

551 5318 606 5369 in
627 5299 879 5377 ‘Roinulo,
923 5299 1143 5381 p.54}:
1174 5299 1564 5381 Pausaniasfn
1595 5299 1824 5381 Helige,
1842 5318 1905 5381 Β,
1933 5300 2035 5381 18θ
2065 5310 2119 5355 et

549 5385 684 5453 187;
714 5370 974 5453 Origenes
1010 5377 1077 5432 In
1104 5370 1455 5453 Celsumjlib.“
1475 5388 1555 5439 ιιι,
1590 5387 1642 5440 p.
1678 5373 1811 5453 155:4”;
1842 5370 2112 5453 Theodpr.

548 5455 643 5509 lib.
670 5442 772 5508 'vm
804 5442 880 5506 De
912 5449 1142 5505 (ἔπεσον.
1169 5443 1512 5515 a/fectionib.,
1540 5457 1663 5511 pag.
1699 5443 1836 5515 1155
1861 5442 2116 5515 _§yrillus

551 5523 838 5578 Alexandr.
871 5519 937 5575 In
960 5510 1238 5573 lulianum
1263 5510 1598 5584 Apostutam,
1620 5510 1683 5581 7p.
1717 5513 1821 5566 622
1860 5510 2075 5567 Herveti
2102 5528 2116 5576 ;

550 5604 605 5647 at
635 5592 807 5648 Graeci
840 5590 1043 5647 codicis
1071 5581 1347 5642 manuscr.
1381 5592 1425 5639 t.
1448 5581 1514 5652 ll,
1547 5582 1642 5636 lib.
1676 5598 1739 5647 ιι,
1768 5585 1859 5652 qui
1897 5591 2106 5651 postre-

550 5664 624 5716 mi
654 5664 857 5718 cultum
912 5658 1013 5715 SS.
1049 5655 1376 5727 martyribus
1410 5669 1440 5708 a
1465 5651 1798 5727 Christianis
1821 5653 2101 5727 tributum,

551 5732 684 5789 inita
712 5730 1016 5788 Cleomedis
1053 5722 1217 5784 etiam
1250 5724 1614 5792 contentione,
1645 5722 1959 5780 defendunt.

2212 5640 2317 5721 que
2366 5640 2941 5721 reponendumz'Apu
3006 5652 3155 5721 ἣρως
3184 5646 3285 5699 οὐκ
3318 5640 3430 5697 ἐστι
3468 5640 3703 5711 θνητός;

2211 5713 2519 5793 Κλεόμηδες
2538 5736 2550 5749 ·
2583 5713 2667 5772 οἷα
2690 5719 2758 5773 τά
2789 5713 2921 5790 μηχ.

2292 5088 2402 5160 (51)
2448 5087 2560 5160 Τὸν
2587 5084 3072 5160 Αάντιιγωφςιοζτήν.
3115 5083 3252 5139 Eum
3279 5081 3580 5138 Pausanias
3608 5083 3812 5138 Ἴκκον

2221 5156 2488 5229 nominat,
2515 5157 2684 5229 ἄνδρα
2725 5156 3085 5229 Ἐπιδαύριον.

2316 5229 2405 5299 52)
2445 5223 2847 5298 Προτίμηθεις.
2888 5223 3034 5296 Lego
3068 5223 3481 5297 προστιμηθείς.

2291 5228 2400 5371 (55)
2450 5298 2568 5371 Ὑί
2599 5298 2954 5371 ἀχθηδόνος,
2990 5307 3094 5351 etc.
3126 5294 3388 5357 Pansam,
3423 5291 3646 5369 εὔφρων
3673 5293 3809 5362 ἐγέ-

2291 5308 2400 5423 (553
2450 5308 2568 5351 ἰ’π’
2599 5308 2954 5383 ἀχθηδόνος,
2990 5308 3094 5351 etc.
3126 5308 3388 5357 Pansam,
3423 5308 3646 5369 ευφρων
3673 5308 3749 5362 εγ

2218 5369 2813 5445 νετρ-πὲ1εῆς,λυῖτηςο
2857 5436 2910 5445 Α,
3109 5435 3148 5445 -
3332 5434 3344 5445 .
3452 5433 3465 5444 .

2291 5440 2402 5513 (54)
2437 5428 3068 5513 ῌὶςἽερρᾗιϐώτιον.
3109 5434 3409 5491 Pausanias
3451 5433 3504 5487 in
3537 5428 3812 5487 Minervae

2218 5508 2420 5578 templo
2446 5508 2645 5564 factum
2674 5510 2728 5562 id
2753 5524 2874 5578 esse
2900 5518 3102 5561 narrat.

2289 5569 2401 5653 (55)
2440 5578 2569 5634 Post
2611 5577 2916 5653 ἐξελκῦσαι,
2943 5576 3235 5653 manifesta
3259 5573 3503 5653 trajectip
3534 5579 3642 5653 est.
3691 5569 3815 5653 11φεὶἷ

3733 5638 3762 5662 τ
