3862 6220
139 352 211 407 δθτ
252 338 261 349 ’
1252 348 1575 410 palaeae.
1618 353 1868 413 svmvs.
1910 355 2037 414 LIB.
2081 354 2148 417 v.

3225 362 3333 422 393

138 467 667 550 tg£ogoc_d0ardtgr
688 461 825 550 ὄγος
851 466 1052 550 ᾂγρίος
1071 511 1102 550 ,Α
1121 474 1193 525 οὐ
1230 471 1610 550 Χλεομήδης,

1758 475 2026 550 {terimus
2053 478 2138 532 Iu‘c
2162 493 2357 549 onager
2387 494 2654 550 superum,
2681 494 2784 534 non
2808 480 2924 550 jam
2956 480 3283 549 Cleomedes,

141 541 217 592 ‘Or
233 540 451 605 θυσίαις
475 538 664 609 τιμᾶθ’
701 542 782 607 ὡς
809 538 933 596 οὐκί
952 543 1041 596 ἐτι
1067 542 1292 608 θνητὸν
1314 538 1511 597 Mm.

136 652 203 723 Μὴ
225 653 312 725 γὰρ
341 653 400 725 δὴ
442 644 749 726 θαυμάσῃς,
786 657 835 708 εἰ
868 658 961 710 καὶ
998 657 1229 727 δναγρος
1281 659 1656 714 ἐπιδικάσεται

136 746 410 810 ἀθανασίας,
446 747 645 810 ἱκανῶς
662 747 731 801 τὰ
778 747 894 802 θεῖα
941 750 1530 820 παρασκευασάμενος·
1562 752 1658 804 καὶ

137 836 327 901 ἀκούσας
348 838 417 909 μὴ
445 839 774 909 ἀνασχέσθαι
809 852 856 903 ι,
883 839 996 895 ἀλλ’
1021 841 1317 912 ἀπειλῆσαι
1352 841 1381 882 5
1422 843 1517 896 καὶ
1560 843 1658 896 αὺ-

135 931 205 982 τὶν
242 930 319 983 τὸν
361 930 648 1003 Κλεομὴδη
683 932 928 997 πατάξας
963 934 1044 996 είς
1074 934 1135 987 τὸ
1170 932 1444 1008 βάραθρον
1488 936 1660 1007 ἐμϐα-

135 1021 239 1085 λεῐν,
268 1024 359 1079 καὶ
382 1024 483 1081 οὐκ
527 1027 846 1101 ἐπιτρέψειν
869 1026 1017 1100 αὐτῷ
1041 1031 1122 1092 είς
1148 1028 1238 1081 τὸν
1259 1027 1485 1100 οὐρανὸν
1528 1030 1657 1082 ἀνα-

137 1116 292 1185 ϐῆναι·
318 1114 445 1172 εἶναι
478 1117 588 1191 γὰρ
618 1120 782 1173 αὑτοῦ
816 1120 1108 1192 ἀξιώτερος
1142 1120 1323 1176 αὐτῶν
1363 1121 1474 1176 τῶν
1497 1120 1657 1175 θείων

135 1207 300 1279 δώρων,
337 1211 424 1264 ᾶτε
458 1212 597 1282 μήτε
626 1210 776 1282 αὐτῷ
798 1214 941 1283 μόνῳ
981 1212 1203 1284 ἕτοιμος
1244 1211 1320 1265 ὢν
1366 1212 1655 1283 μάχεσθαι,

136 1303 215 1356 κᾶν
234 1306 274 1356 εί
300 1305 524 1375 σιδηροῖς
555 1304 735 1376 χρῷτο
756 1308 867 1368 τοῖς
896 1307 1105 1376 ἱμᾶσιν,
1137 1305 1274 1360 ἀλλά
1308 1306 1404 1359 καὶ
1439 1305 1518 1376 τῷ
1549 1306 1658 1359 Θα-

136 1396 214 1465 σίῳ
232 1396 384 1467 πύκτῃ
402 1395 511 1466 (36)
536 1396 654 1467 ἅμα
681 1397 1028 1469 ἀμφοτέροις,
1054 1399 1194 1470 ὑπὲρ
1214 1393 1273 1454 οὗ
1295 1399 1390 1453 τοῦ
1408 1401 1659 1473 ἀνδριάν-

136 1503 206 1550 τος
219 1488 533 1559 ἐχαλέπηναν
565 1490 617 1542 οἱ
647 1488 779 1555 θεοὶ,
806 1489 901 1543 καὶ
925 1492 1023 1561 τὴν
1061 1490 1277 1546 Θασίων
1312 1492 1418 1563 γῆν
1457 1493 1657 1565 ἄφορον

135 1582 422 1650 εἰργάσαντο.
454 1580 868 1653 Πιστεύομενδὲ
898 1583 993 1636 καὶ
1024 1584 1154 1656 περὶ
1194 1583 1389 1637 τούτου
1419 1584 1519 1637 οὐκ
1565 1586 1660 1637 ἀν-

136 1669 324 1742 θρώπῳ,
357 1672 491 1726 ἀλλὰ
549 1673 658 1744 θεῷ
693 1673 772 1744 τῷ
805 1674 976 1747 αὐτῷ.
1019 1676 1111 1741 Ἐξ
1138 1670 1213 1731 ὧν
1242 1677 1354 1747 ἐγὼ
1396 1679 1490 1732 καὶ
1518 1679 1658 1733 πάνυ

132 1764 402 1834 κατενόησα,
421 1765 506 1818 ὅτι
525 1764 665 1819 θεῖόν
686 1783 737 1819 τι
757 1766 863 1838 ἄρα
883 1763 951 1837 ἦν
970 1769 1309 1841 ἐπιτήδευμα
1332 1772 1367 1843 ἡ
1397 1774 1654 1844 πυκτική’

1756 546 2007 601 Divinum
2034 565 2067 602 α
2092 550 2234 603 vobis
2263 546 2400 619 ferat
2427 546 2747 606 immortalis
2774 546 3044 607 honorem.

1756 657 1942 730 Neque
1966 646 2100 715 vero
2131 661 2330 716 mirum
2353 662 2451 717 tibi
2478 664 2767 733 videatur,
2804 666 2951 737 quod
2993 668 3325 729 immortali—

1756 759 1923 807 tatem
1969 754 2075 810 sibi
2107 769 2312 827 onager
2343 771 2446 812 suo
2493 758 2651 828 quasi
2685 758 2810 829 jure
2848 760 3189 831 vindicaret,
3223 772 3333 822 tam

1757 845 1897 902 belle
1924 846 2088 903 rebus
2117 848 2422 918 opibusque
2453 849 2654 904 divinis
2683 850 3017 908 instructus:
3070 855 3330 926 quodque

1758 938 1849 993 ubi
1882 947 2065 993 vestro
2090 940 2156 994 de
2188 940 2417 995 consilio
2448 940 2654 1011 aliquid
2686 941 3010 1011 inaudisset,
3047 944 3339 1017 impatiens

1759 1030 1992 1099 injuriae,
2030 1031 2274 1088 futurum
2303 1033 2626 1102 minaretur,
2658 1036 2737 1089 uti
2766 1034 3112 1093 Cleomedem
3157 1038 3336 1109 ipsum

1759 1123 1813 1177 in
1871 1124 2187 1195 voraginem
2257 1126 2504 1182 calcibus
2550 1136 2841 1183 contusum
2902 1129 3179 1200 dejiceret,
3236 1136 3385 1188 nec'

1758 1214 1911 1270 illum
1949 1231 2192 1286 unquam
2246 1218 2300 1271 in
2345 1218 2544 1274 coelum
2598 1221 2969 1277 conscendere
3012 1230 3333 1293 pateretur:

1758 1307 1862 1362 sibi
1893 1309 2038 1363 enim
2080 1308 2286 1379 justius
2315 1324 2481 1380 quam
2513 1311 2620 1382 ipsi
2651 1311 2835 1367 divina
2866 1312 2953 1368 illa
2985 1330 3214 1373 munera
3240 1318 3337 1373 de-

1759 1398 1874 1453 beri
1914 1399 2268 1454 contenderet
2296 1417 2311 1467 ;
2344 1399 2546 1471 quippe
2580 1402 2674 1470 qui
2704 1416 2813 1456 non
2856 1417 2981 1458 cum
3012 1418 3080 1459 eo
3112 1407 3289 1461 solum
3318 1445 3337 1471 .

1759 1491 1975 1546 tametsi
2028 1490 2221 1547 ferreis
2262 1492 2518 1547 caestibus
2562 1501 2847 1561 uteretur,
2895 1509 3084 1551 verum
3117 1508 3172 1552 et
3210 1513 3336 1554 cum

1759 1581 1931 1636 altero
1974 1583 2138 1637 simul
2165 1584 2349 1655 pugile
2400 1582 2603 1639 Thasio
2652 1600 2894 1656 pugnare
2941 1596 3164 1657 posset:
3202 1590 3335 1657 illo,

1761 1673 2009 1744 inquam,
2033 1672 2259 1741 Thasio,
2288 1676 2446 1747 cujus
2471 1676 2542 1731 ob
2571 1684 2806 1731 statuam
2834 1681 3093 1735 commoti
3117 1682 3338 1752 gravius

1760 1769 1964 1837 superi,
1995 1769 2075 1823 uti
2108 1769 2266 1824 ﬁdem
2298 1785 2406 1825 non
2438 1770 2606 1825 homo
2636 1771 2825 1827 nescio
2858 1773 2982 1842 quis
3008 1813 3024 1837 ,
3056 1775 3150 1830 sed
3193 1775 3334 1832 idem

131 1855 233 1918 τοὺς
250 1855 298 1908 δὲ
321 1858 543 1922 πολλοὺς
571 1858 668 1911 καὶ
686 1858 963 1929 οἰομένους
991 1857 1131 1915 εἶναι
1161 1865 1359 1933 σοφοὺς
1391 1864 1645 1933 ἐλελήθει⁴

1757 1858 1874 1927 ipse
1917 1857 2063 1913 Deus
2101 1857 2252 1923 facit,
2288 1858 2616 1915 Thasiorum
2648 1861 2779 1916 olim
2810 1877 3001 1934 agrum
3052 1865 3337 1922 sterilitate

131 1943 201 2007 ἵν’,
225 1947 457 2018 ἀφέμενοι
491 1948 588 2001 τοῦ
611 1948 768 2003 καλοὶ
807 1951 1039 2020 κάγαθοὶ
1067 1947 1239 2018 εἶναι,
1274 1955 1478 2024 ῆσκουν
1518 1955 1658 2009 αὐτά

130 2034 204 2089 τοῦ
230 2038 406 2091 Θασίου
428 2039 639 2093 πύκτου
658 2058 673 2071 ο
706 2034 750 2109 ᾧ
778 2042 1076 2097 ἀθανασίαν
1111 2045 1232 2115 μὲν,
1255 2046 1446 2118 ὥσπερ
1489 2048 1656 2101 Κλεο-

133 2127 278 2200 mea.
308 2132 398 2185 οὐκ
442 2132 677 2199 ἔδωκαν,
733 2135 998 2203 ἐφίλησαν
1037 2136 1095 2191 δὲ
1146 2139 1399 2208 μεγάλως
1433 2139 1481 2191 οί
1521 2138 1649 2195 θεοί.

129 2220 255 2275 οὔτω
272 2224 353 2276 καὶ
380 2225 406 2276 ὁ
430 2224 664 2295 χάλκεος
681 2225 842 2279 αὐτοῦ
871 2227 1095 2299 ἀνδριὰς
1121 2228 1288 2294 έδειξέ
1308 2247 1361 2283 τι
1390 2230 1531 2302 ὑπὲρ
1554 2230 1655 2294 τὰς

125 2312 210 2363 τῶν
234 2313 385 2368 ἄλλων
415 2316 719 2388 ἀνθρώπων
739 2320 972 2385 είκόνας,
996 2321 1435 2392 ἐπικατενεχθεὶς
1453 2321 1531 2392 τῷ
1554 2340 1656 2392 μα·-

126 2405 349 2477 στιγοῦντι
374 2409 576 2482 ἐχθρῷ,
605 2411 749 2465 κατά
772 2429 913 2475 τινα,
943 2412 1018 2476 ὡς
1051 2412 1214 2478 ἔοικε,
1245 2412 1525 2484 δαιμονίαν
1561 2413 1656 2484 μέ-

125 2510 303 2567 ριμναν.
345 2502 481 2555 Ἀλλ’
516 2504 567 2555 οἱ
595 2503 825 2575 ἄφρονες
849 2504 1060 2571 Θάσιοι,
1089 2505 1184 2558 καὶ
1230 2503 1391 2557 θείων
1437 2503 1654 2575 ἄπειροι

123 2592 414 2661 πραγμάτων
436 2633 452 2658 ,
499 2594 889 2665 ἡγανάκτησάν
923 2612 1003 2659 τε,
1032 2597 1128 2649 καὶ
1154 2594 1286 2664 ἄγος
1313 2595 1654 2650 ἐπεκάλεσαν

118 2679 179 2750 τῷ
202 2683 474 2756 ἀνδριάντι,
511 2687 607 2739 καὶ
628 2685 782 2755 δίκην
802 2685 1211 2758 εἰσεπράξαντο,
1229 2687 1325 2740 καὶ
1355 2688 1654 2742 καταδῦσαι

117 2771 377 2844 ἐτόλμησαν
403 2779 482 2840 είς
520 2776 617 2848 τὴν
645 2777 934 2835 θάλασσαν.
966 2779 1041 2831 Οὐ
1080 2777 1184 2850 μὴν
1213 2778 1467 2847 διέφυγον
1505 2796 1568 2848 γε
1602 2781 1654 2833 οι

116 2860 289 2928 Θάσιοι,
319 2866 430 2920 ἀλλ’
452 2870 505 2921 οἱ
530 2868 643 2921 θεοὶ
662 2868 903 2933 ἐδίδαξαν
940 2869 1126 2940 ἡλίκον
1155 2870 1322 2923 κακδν
1355 2870 1448 2922 ὑπ’
1475 2870 1654 2925 αὐτῶν

114 2955 343 3030 ἐτολμήθη
364 3000 378 3023 ,
410 2960 571 3031 λιμὸν
607 2959 1015 3031 ἐπιπέμψαντες
1054 2961 1146 3015 τὸν
1175 2959 1274 3032 τῆς
1313 2963 1461 3025 θείας
1498 2962 1655 3033 δίκης

111 3044 351 3103 διάκονον·
381 3052 441 3115 ὃς
471 3052 681 3118 ἐδίδαξε
714 3051 867 3122 μόλις
901 3054 1096 3117 αὐτοὺς
1118 3052 1188 3107 τὰ
1223 3054 1332 3107 τῶν
1359 3053 1497 3108 θεῶν
1529 3053 1653 3123 βου-

112 3136 352 3209 λεύματα,
381 3145 492 3209 ὅτε,
527 3143 1037 3216 φιλανθρωπότατος
1069 3144 1206 3198 θεῶν
1240 3146 1304 3198 σὺ
1344 3145 1423 3216 τῷ
1468 3143 1652 3215 οἰκείῳ

110 3230 279 3302 τρόπῳ,
307 3233 401 3304 τὴν
432 3234 691 3305 βοήθειαν
717 3234 897 3298 αὐτοῖς
936 3234 1206 3305 ἔπεμψας,
1232 3235 1438 3304 λέγων·

1756 1948 2107 2003 damnarunt.
2154 1948 2233 2003 Ex
2264 1950 2464 2019 quibus
2508 1965 2656 2005 nunc
2693 1951 2912 2009 demum
2946 1953 3221 2025 intelligo,
3250 1954 3337 2011 di-

1757 2042 1945 2096 vinum
1977 2043 2136 2111 plane
2168 2042 2374 2113 aliquid
2400 2057 2523 2099 esse
2549 2044 2888 2114 pugilatum:
2910 2044 2963 2101 id
2983 2046 3129 2116 quod
3151 2047 3336 2104 videre

1756 2148 2036 2202 nunquam
2056 2175 2071 2200 ,
2102 2134 2187 2188 vel
2217 2149 2406 2189 eorum
2426 2176 2441 2201 ,
2477 2136 2569 2205 qui
2597 2149 2656 2190 se
2703 2134 2977 2205 sapientes
3003 2136 3166 2207 vulgo
3196 2153 3335 2208 pra:-

1755 2225 2032 2291 dicabant,
2067 2225 2312 2294 plerique
2342 2235 2588 2295 potuere.
2618 2225 2810 2293 Secus,
2845 2228 3068 2285 omissis
3096 2230 3174 2285 illi
3205 2245 3337 2302 pro-

1758 2314 1900 2369 lecto
1950 2316 2165 2371 honesti
2211 2316 2454 2385 rectique
2503 2316 2742 2384 studiis,
2790 2317 2859 2373 ad
2908 2317 3095 2375 Thasii
3136 2323 3337 2394 pugilis

1756 2405 2500 2474 imitationemladhmsissent.
2529 2406 2663 2462 Nam
2683 2416 2743 2463 ut
2765 2424 2890 2464 eum
2921 2412 3127 2481 superi,
3144 2428 3337 2485 quem-

1756 2498 2049 2553 admodum
2079 2498 2446 2566 Cleomedem,
2482 2499 2892 2556 immortalitate
2918 2517 3026 2557 non
3056 2504 3333 2571 donarint,

1757 2593 2029 2665 praecipuo
2052 2600 2232 2647 tamen
2262 2607 2451 2647 amore
2481 2594 2755 2664 prosecuti
2791 2604 2940 2650 sunt.
2987 2595 3169 2668 Usque
3197 2599 3335 2655 adeo

1756 2685 2034 2757 singulare
2087 2682 2346 2754 quiddam
2378 2725 2393 2749 ,
2450 2698 2615 2751 supra
2675 2691 2995 2740 ceterorum
3048 2687 3330 2743 hominum

1756 2775 2044 2845 imagines,
2072 2788 2283 2828 aeneum
2323 2771 2444 2840 ejus
2475 2771 2831 2827 simulacrum
2882 2773 3157 2836 ostendit,
3205 2789 3331 2828 cum

1756 2868 1810 2921 in
1838 2874 2002 2936 caput
2041 2864 2243 2919 inimici
2272 2904 2286 2928 ,
2336 2878 2367 2917 a
2403 2879 2513 2934 quo
2546 2872 2660 2917 tum
2711 2862 2925 2933 ﬂagello
2972 2864 3292 2934 pulsabatur
3314 2904 3331 2931 ,

1756 2963 1979 3025 repente
2025 2954 2261 3018 cecidit,
2307 2968 2417 3010 non
2467 2954 2587 3009 sine
2613 2953 2798 3008 divino
2826 2993 2842 3017 ,
2887 2955 2967 3009 uti
3006 2955 3180 3011 visum
3224 2967 3329 3015 est.

1757 3047 2009 3105 consilio.
2044 3046 2114 3100 At
2148 3047 2429 3101 enimvero
2456 3046 2715 3102 vecordes
2744 3044 2955 3114 Thasii,
2992 3055 3048 3102 et
3077 3046 3131 3102 in
3168 3046 3330 3101 rebus

1756 3140 1957 3195 divinis
1983 3139 2276 3209 peregrini,
2309 3154 2496 3193 casum
2544 3138 2735 3209 iniquo
2787 3136 2930 3194 ferre
2961 3138 3145 3193 animo
3171 3177 3186 3203 ,
3214 3138 3331 3208 pia-

1680 3228 1723 3286 C
1754 3233 1863 3288 culi
1906 3225 2262 3286 simulacrum
2303 3244 2582 3284 arcessere
2608 3268 2624 3293 ,
2673 3244 2865 3299 ρωπος
2908 3236 3151 3298 repetere
3175 3267 3190 3292 ,
3227 3243 3331 3299 po-

112 3331 280 3381 stremo
303 3327 357 3381 in
384 3344 537 3382 mare
567 3328 850 3399 projicere.
903 3326 1149 3393 Frustra,
1184 3329 1323 3383 nihil
1360 3329 1504 3383 enim
1574 3336 1839 3399 egerunt:
1874 3326 2007 3389 imo,
2030 3339 2194 3396 quam
2244 3338 2364 3379 sese
2418 3323 2569 3394 gravi
2635 3323 2840 3379 scelere
2868 3322 3289 3380 obstrinxissent
3310 3361 3330 3388 ,

113 3404 225 3470 fame
275 3419 624 3487 postmodum
658 3418 883 3488 justitize
910 3418 1107 3474 divina:
1140 3420 1485 3485 administra,
1522 3435 1712 3475 eorum
1749 3418 1803 3471 in
1844 3417 2119 3487 regionem
2171 3414 2441 3481 immissa,
2470 3415 2654 3485 superi
2702 3415 2959 3471 docuere.
3000 3414 3326 3486 Quanquam

116 3509 180 3562 vix
218 3513 287 3568 illi
324 3516 485 3570 etiam
528 3524 647 3569 tum
691 3514 929 3570 divinam
1001 3530 1295 3585 agnoscere
1339 3516 1671 3571 voluntatem
1742 3522 2058 3585 potuerunt.
2119 3513 2308 3582 Itaque
2362 3521 2421 3565 tu
2473 3512 2563 3567 ille
2609 3511 2836 3567 deorum
2892 3512 3326 3597 humanissimus

113 3617 240 3672 opem
259 3623 401 3664 more
428 3618 525 3663 tuo
550 3605 964 3663 consulentibus
986 3607 1182 3674 tulisti,
1217 3608 1322 3663 hoc
1340 3608 1646 3664 versiculo:

109 3722 185 3791 Ε’ὶς
201 3726 415 3798 πάτρην
436 3729 718 3802 φυγάδας
744 3730 1012 3801 κατάγων
1031 3730 1344 3799 Δήμητραν
1366 3729 1639 3801 ἀμήσεις.

118 3873 228 3928 ’ἀλλ’
246 3879 596 3953 οί.ἀ6έλτεροι
627 3881 789 3936 πάλιν
833 3884 956 3947 τοὺς
983 3884 1284 3954 φεύγοντας
1326 3884 1646 3958 ἀνθρώπους

109 3964 259 4035 ᾤοντο,
287 3972 363 4025 ὅτι
387 3972 469 4026 δεῖ
494 3974 698 4036 αὐτοὺς
718 3975 1070 4029 κατακαλεῖν·
1096 3977 1284 4041 κακῶς
1319 3977 1541 4041 εἰδότες.
1579 3976 1644 4028 Τί

117 4056 196 4128 τὰρ
224 4060 282 4133 δὴ
303 4065 393 4118 καὶ
418 4066 575 4137 μέλει
606 4068 717 4130 τοῖς
757 4066 1327 4140 ἀφιλανθρωποτάτοις
1371 4067 1513 4131 θεοῖς
1551 4069 1645 4121 ἀν-

110 4146 305 4220 θρώπων
322 4159 636 4212 κατακαλου
643 4158 840 4229 μένων,
859 4159 1091 4233 ὅσονπερ
1112 4161 1442 4234 ἀνδριάντων
1461 4177 1475 4226 ;
1492 4161 1550 4213 Ἀ
1558 4159 1645 4231 μέ-

108 4252 170 4294 λει
194 4247 330 4301 οὐδὲν
356 4252 449 4303 ἐπὶ
467 4251 652 4322 τούτῳ
680 4251 930 4325 ὠφελήθη
966 4255 1001 4324 ή
1031 4254 1124 4324 γῆ,
1158 4252 1299 4307 ὥστε
1330 4251 1641 4307 παύσασθαι

110 4337 323 4392 δοσοῦσαι
360 4344 409 4396 ει
437 4343 517 4415 μὴ
543 4343 659 4398 τῶν
687 4343 863 4413 σοφῶν
900 4345 994 4398 καὶ
1022 4344 1400 4416 ἐπισταμένων
1435 4362 1518 4409 τις
1550 4343 1643 4396 τὸν

98 4428 217 4478 θεῖον
236 4429 355 4484 νοῦν
396 4433 607 4503 συνῆκε
633 4472 648 4498 ,
680 4433 894 4503 φυγάδα
918 4429 1057 4487 εἶναι
1083 4434 1175 4488 τὸν
1215 4451 1641 4488 καταπεποντω-

1752 3722 1912 3797 232
1944 3720 2119 3777 Redde
2149 3721 2301 3776 modo
2351 3718 2617 3774 exsulibus
2665 3720 2930 3788 patriam,
2974 3718 3325 3862 ([l'zz‘:;‘tlt::pla

1750 3885 1851 3943 Hic
1879 3901 2073 3957 nempe
2111 3899 2218 3939 non
2258 3882 2441 3938 minus
2478 3879 2694 3947 stolidi,
2729 3880 3064 3936 revocandos
3104 3884 3323 3939 exsules

1752 3994 1860 4034 non
1915 3978 2053 4033 alios
2098 3990 2220 4031 esse
2251 3987 2418 4044 quam
2465 3972 2717 4027 homines
2764 3971 3051 4040 putabant.
3104 3972 3321 4029 lnsulse

1748 4079 1917 4121 vero:
1952 4063 2081 4135 quid
2113 4062 2256 4119 enim
2291 4061 2397 4116 diis
2448 4060 2868 4116 immanissimis’
2908 4068 3124 4115 tantum
3172 4077 3320 4118 curae

1748 4158 1858 4213 sint
1886 4157 2136 4213 homines
2165 4156 2234 4210 ab
2255 4153 2448 4210 exsilio
2473 4154 2787 4220 revocandi,
2829 4161 3093 4223 quantum
3125 4154 3319 4225 imagi»

1748 4263 1847 4303 nes
1898 4244 2289 4301 restituendae?
2318 4243 2462 4315 Ergo
2508 4244 2679 4298 nihilo
2709 4252 2899 4313 postea
2943 4244 3167 4298 meliore
3201 4246 3318 4300 solo

1749 4339 1850 4402 uti,
1885 4337 2023 4392 nihil
2056 4351 2285 4408 usquam
2320 4336 2373 4389 vi
2408 4334 2583 4389 morbi
2618 4335 2926 4390 remittente
2955 4352 2969 4388 :
3010 4334 3184 4389 donec
3222 4351 3313 4389 so-

1744 4429 1932 4483 lertior
1971 4427 2265 4497 quispiam,
2300 4426 2513 4481 acutius
2544 4427 2611 4481 de
2644 4441 2899 4495 superum
2930 4438 3107 4484 mente
3134 4428 3310 4498 conji-

110 4516 234 4573 ιένον
255 4522 562 4594 ἀνδριάντα.
601 4526 712 4579 Καὶ
734 4521 801 4597 ἦν
825 4525 1016 4589 οὕτως.
1041 4527 1191 4597 Ἅμα
1216 4525 1325 4598 γὰρ
1346 4522 1636 4594 ἀνεστάθη,

1752 4522 1895 4575 ciens
1926 4561 1943 4587 ,
1990 4518 2200 4574 exsulis
2258 4518 2481 4573 nomine
2523 4518 2827 4574 demersam
2874 4518 3024 4573 illam
3078 4527 3312 4574 statuam

111 4608 177 4659 ιαὶ
200 4612 346 4677 εὐθὺς
376 4616 410 4687 η
445 4616 547 4686 μέν
575 4618 649 4686 γῆ
676 4616 985 4681 ἀνέϐαλλεν,
1019 4616 1069 4669 οἱ
1094 4616 1153 4669 δέ
1182 4615 1415 4686 ἐκώμων
1452 4614 1639 4684 Δήμη-

109 4714 171 4767 τρι
185 4701 368 4761 λοιπόν.
402 4708 531 4772 Πῶς
559 4704 655 4762 οὖν
686 4711 744 4762 οὐ
776 4711 1048 4781 τεκμήρια
1074 4707 1249 4763 ταῦτά
1274 4710 1409 4762 εἰσιν
1433 4705 1636 4777 ἐναργῆ

109 4787 177 4855 τῆς
202 4790 522 4865 θεοπρεποῦς
552 4798 869 4869 ἀθλητικῆς,
898 4801 980 4853 ὅτι
1004 4800 1122 4852 ἐστὶ
1146 4798 1498 4868 θεοτίμητος;
1526 4796 1637 4849 Καὶ

102 4876 186 4949 γὰρ
211 4884 295 4936 καὶ
324 4886 416 4939 ἐπὶ
446 4887 749 4942 πεντάθλου
782 4888 1054 4960 ἀνδριάντι
1096 4888 1408 4959 ὑϐρισμένῳ
1449 4886 1638 4956 ἐμήνι-

99 4986 177 5023 σαν
201 4975 247 5027 ot
270 4976 394 5045 θεοὶ,
428 4979 527 5033 καὶ
554 4981 757 5051 Λοκροὶ
782 4980 1075 5052 ἐπείνησαν
1101 4980 1188 5034 διὰ
1218 4980 1405 5042 τοῦτο,
1444 4977 1634 5047 ὥσπερ

90 5061 268 5131 Θάσιοι,
294 5070 399 5133 ἕως
426 5073 635 5135 αὐτοὺς
661 5072 847 5127 ἰάσατο
872 5072 1048 5141 λόγιον
1073 5073 1164 5127 σδν
1195 5071 1317 5143 ἐχον
1353 5070 1524 5133 οὕτως
1545 5087 1558 5100 ·

1743 4611 1965 4683 intelligi
1991 4611 2338 4666 declarasset.
2379 4609 2446 4664 Et
2483 4624 2638 4671 vere.
2662 4607 2799 4663 Nam
2829 4610 2993 4665 simul
3018 4619 3181 4680 atque
3211 4625 3316 4666 suo

1742 4705 1974 4775 reposita
2006 4704 2126 4758 loco
2157 4701 2279 4766 fuit,
2310 4702 2615 4772 germinare
2646 4710 2789 4756 terra
2821 4703 3080 4757 continuo
3102 4744 3117 4767 ,
3168 4701 3315 4757 Tha-

1743 4800 1918 4869 siique
1943 4784 2196 4864 deinceps
2221 4809 2474 4861 agrorum
2505 4794 2753 4849 ubertate
2798 4795 3025 4864 gliscere
3055 4809 3119 4850 ac
3146 4795 3310 4849 luxu~

1742 4886 1885 4938 riare
1910 4889 2215 4952 coeperunt.
2258 4879 2393 4946 Quis
2417 4881 2534 4936 haec
2573 4898 2738 4952 porro
2783 4898 2893 4937 non
2930 4897 3030 4953 pro
3068 4885 3312 4941 certissi-

1740 4973 1845 5027 mis
1871 4972 2205 5043 argumentis
2242 4971 2458 5035 habeat,
2487 4987 2649 5042 quam
2678 4972 2801 5042 jure
2823 4988 2887 5027 ac
2913 4973 3108 5029 merito
3137 4972 3307 5028 divini

1740 5066 1976 5120 honores
1998 5064 2193 5120 divinte
2222 5065 2547 5119 athletarum
2578 5064 2631 5118 vi
2670 5073 2723 5119 et
2766 5063 3046 5119 industriae
3070 5064 3307 5120 debean-

96 5160 356 5219 tur?Nam
409 5176 465 5221 et
514 5176 740 5236 propter
789 5168 1014 5222 alterius
1054 5167 1492 5239 quinquertionis
1542 5173 1778 5218 statuam
1836 5161 1972 5215 alias
2028 5159 2281 5214 violatam
2339 5174 2595 5214 exarsere
2630 5159 2728 5223 dii,
2756 5173 2857 5213 nec
2900 5159 3111 5213 minore
3143 5157 3304 5215 Locri

91 5264 341 5325 propterea
374 5277 541 5331 quam
588 5260 772 5317 Thasii
803 5262 948 5317 fame
992 5263 1328 5328 laborarunt,
1366 5264 1536 5318 donec
1571 5271 1626 5314 tu
1664 5270 1881 5329 quoque
1910 5254 2015 5310 hoc
2041 5269 2304 5324 responso
2336 5253 2696 5309 calamitatem
2724 5253 2931 5308 levares
2966 5271 2981 5307 :

91 5370 183 5425 ‘Er
200 5376 326 5445 τιμῇ
353 5377 463 5432 τὸν
480 5377 699 5448 ἀτιμον
722 5381 899 5448 ἔχων,
919 5379 1055 5432 τότε
1072 5377 1248 5449 γαῖαν
1279 5375 1551 5446 ἀρώσεις-

98 5482 153 5581 Ot':
172 5484 267 5556 γὰρ
300 5487 500 5561 Λοκροὶ
529 5489 759 5560 ᾔσθοντο
797 5490 1035 5554 διανοίας
1071 5489 1224 5553 θείας
1265 5490 1528 5561 πρότερον
1552 5530 1567 5555 ,
1592 5488 1626 5558 ἢ

152 5646 173 5673 ι
196 5639 270 5691 ίσ.
302 5640 578 5705 ἀνέξεται.
659 5642 687 5683 δ
713 5643 796 5695 lo.
826 5642 1134 5715 ἀπειλήσει.

154 5767 248 5840 (36)
284 5774 479 5839 Θασίῳ
509 5774 733 5843 πύκτῃ.
768 5773 1082 5847 Theagenes
1104 5776 1150 5833 is
1174 5775 1298 5831 fuit.

1732 5368 1910 5424 Redde
1939 5369 2096 5422 decus
2128 5367 2254 5421 Iaso
2277 5385 2297 5433 ;
2326 5384 2466 5440 seges
2494 5368 2672 5438 ampla
2702 5376 2944 5437 sequetur
2975 5375 3237 5421 aratrum.

1733 5478 1846 5537 Nec
1880 5481 2025 5536 enim
2057 5479 2302 5537 divinum
2332 5479 2399 5535 iis
2430 5478 2719 5535 consilium
2749 5477 2997 5535 subolere
3030 5489 3154 5533 ante
3201 5492 3304 5550 po-
