3862 6220
523 326 628 386 33$

1074 430 1301 486 CAPUT
1337 430 1575 487 XXXIV.

532 553 759 607 Eosdem
785 557 1025 604 auctores
1058 547 1180 600 illos
1226 546 1411 615 fuisse,
1448 547 1528 598 uti
1561 545 1767 615 pugiles
1800 557 1847 600 et
1880 546 2092 601 athleta

879 619 1072 673 divinis
1106 616 1389 670 honoribus
1423 616 1739 670 colerentur.

597 736 664 791 Et
699 735 959 806 quoniam
994 748 1101 788 non
1131 740 1321 802 poetas
1366 731 1568 797 solum,
1605 732 1701 786 sed
1754 730 1900 801 ipsos
1929 731 2091 787 etiam

525 829 735 899 pugiles
761 838 924 898 atque
953 826 1207 890 athletas,
1237 825 1463 879 deorum
1494 823 1549 876 in
1579 838 1807 878 numero
1834 824 1950 879 suis
1971 839 2094 878 ora-

530 920 673 976 culis
717 918 863 974 Deus
898 917 1151 989 egregius
1196 917 1499 981 collocavit,
1548 916 1803 985 praclare
1834 931 2091 987 quoque,

526 1028 649 1069 meo
697 1013 917 1083 quidem
972 1011 1219 1081 judicio,
1280 1010 1383 1063 hoc
1425 1009 1546 1079 ejus
1592 1007 1796 1064 factum
1842 1008 2094 1065 laudatus

524 1109 757 1177 scriptor
784 1105 931 1160 hunc
959 1104 1014 1157 in
1041 1102 1262 1157 modum
1285 1101 1531 1172 coarguit
1565 1119 1579 1154 :

524 1199 629 1265 Qui
653 1198 825 1269 pelagi
860 1196 1012 1264 ﬁnes,
1039 1210 1410 1263 numerumque
1425 1193 1654 1263 jacentis
1683 1209 1881 1262 arente,

524 1331 595 1387 Et
628 1331 760 1387 muti
783 1344 962 1385 sensus
986 1325 1243 1397 cognosti,
1270 1325 1525 1395 audisque
1554 1324 1821 1392 silentem;

523 1466 551 1499 ·‹
575 1445 795 1501 Utinam
812 1457 943 1499 vero
967 1442 1069 1497 ista
1095 1442 1337 1497 nescires
1356 1439 1560 1507 omnia,
1584 1439 1688 1495 hoc
1710 1456 1881 1495 unum
1904 1442 2093 1507 scires,

526 1534 665 1589 nihil
691 1532 992 1605 pugilatum
1025 1530 1167 1586 inter
1214 1537 1270 1585 et
1313 1529 1745 1585 calcitrationem
1791 1532 2092 1599 interesse,

525 1627 607 1682 uti
629 1624 714 1682 vel
751 1624 936 1680 asinos
968 1623 1132 1679 etiam
1173 1621 1581 1677 immortalitate
1610 1622 1841 1677 donares
1864 1662 1880 1689 ,
1909 1621 1995 1676 vel
2025 1636 2096 1677 ne

1160 311 1428 368 EUSEBll
1458 309 1938 368 CESARl-ENSIS
1990 311 2140 368 OPP.
2196 308 2376 366 PARS
2414 308 2478 364 Il.
2520 338 2590 350 -—-
2621 308 3124 365 APOLOGETICA.

3663 312 3782 368 396

2701 429 2883 483 ΚΕΦΑ
2894 428 3099 481 ΛΔΙΟΝ
3130 428 3249 481 AA'.

2200 548 2319 600 Ὅτι
2355 545 2452 605 καί
2485 545 2714 612 πύκτας
2745 546 2840 599 καί
2863 546 3128 613 ἀθλητὰς
3161 544 3351 613 τιμαῖς
3380 545 3636 613 ἰσοθέοις
3674 565 3749 617 γε
3776 574 3785 582 ·

2592 618 2827 685 ραίρειν
2862 617 3357 685 παρεκελεύοντο.

2280 732 2430 785 Ἐπεὶ
2454 731 2511 786 δὲ
2543 732 2605 786 οὐ
2638 732 2796 803 μόνον
2823 730 3076 801 ποιητὰς,
3104 730 3204 801 ήδη
3232 729 3289 785 δὲ
3313 731 3407 784 καὶ
3428 730 3643 796 πύκτας
3675 732 3784 785 καὶ

2194 820 2431 893 ἀθλητὰς
2459 823 2487 875 ὁ
2514 822 2817 893 θαυμάσιος
2844 820 2976 885 Θεὸς
3005 819 3096 874 διά
3122 821 3232 874 τῶν
3264 820 3479 874 οἰκείων
3502 821 3784 892 χρησμῶν

2196 914 2507 983 ξξεθέωσεν,
2549 914 2773 978 εἰκότως
2803 930 2892 985 μοι
2929 913 3077 967 δοκεί
3113 913 3207 968 καὶ
3247 912 3418 968 ταῦτα
3445 913 3785 985 ἀπελέγχειν

2194 1008 2223 1060 ὁ
2249 1006 2615 1078 δεδηλωμένος
2650 1007 2859 1071 τούτοις
2884 1008 3000 1069 τοῖς
3028 1006 3287 1076 ῥήμασιν’
3352 1063 3367 1079 ι

2195 1186 2270 1249 Ὦ
2295 1191 2467 1259 εἰδὼς
2512 1190 2626 1262 (29)
2660 1189 2907 1261 ψάμμου
2931 1192 2980 1244 τ’
3014 1189 3283 1260 ἀριθμὸν,
3317 1188 3414 1275 καὶ
3440 1188 3646 1275 μέτρα
3671 1190 3785 1243 0a-

2195 1332 2307 1401 Kal
2327 1331 2528 1401 κωφοῦ
2554 1331 2799 1398 ξυνιεὶς,
2825 1329 2926 1384 καὶ
2947 1328 3033 1401 μὴ
3060 1258 3666 1395 λαλιιὲοντος[άὶιΐζίνῗιᾘΞ
3690 1303 3706 1325 ’

2203 1467 2221 1500 ι
2254 1447 2379 1501 Εἴθε
2411 1446 2616 1515 ὤφελες
2642 1446 2712 1501 τὰ
2746 1447 2843 1518 μὲν
2866 1446 3089 1499 τοιαῦτα
3117 1446 3293 1500 πάντα
3316 1446 3548 1515 ἀγνοεῖν,
3590 1445 3783 1499 ἐκεῖνο

2194 1539 2251 1593 δὲ
2277 1539 2494 1601 εἰδέναι,
2520 1540 2603 1593 ὅτι
2632 1539 2666 1610 ἡ
2690 1539 2924 1611 πυκτικὴ
2951 1539 3050 1609 τῆς
3086 1537 3351 1609 λακτικῆς
3393 1536 3547 1592 οὐδὲν
3577 1536 3783 1606 διαφέ-

2201 1649 2301 1703 ρει,
2325 1633 2395 1686 iv‘
2418 1631 2451 1703 ἢ
2473 1633 2568 1686 καὶ¹
2595 1633 2719 1696 τοὺς
2741 1631 2894 1697 ὅνους
2924 1630 3325 1695 ἀπαθανάτους,
3357 1630 3391 1703 ἦ
3420 1630 3554 1702 μηδὲ
3593 1631 3780 1686 Κλεο-

524 1715 870 1772 Cleomedem
899 1712 1119 1785 quidem
1147 1714 1350 1784 ipsum,
1374 1712 1831 1783 Astypalaeeusem
1855 1712 2091 1785 pugilem

2210 1725 2374 1796 μήδην
2398 1724 2609 1795 πύκτην
2654 1722 3071 1789 Ἀστυπαλαιέα,
3093 1721 3266 1792 λέγων
3296 1720 3468 1786 οὕτως
3488 1739 3503 1752 ι

526 1814 762 1867 donares
792 1808 897 1865 hoc
919 1807 1157 1863 distich’o
1185 1825 1199 1861 :

531 1924 761 1981 Ultimus
783 1922 997 1977 heroum
1031 1919 1326 1975 Cleomedes
1352 1920 1733 1991 Astypalensis,

524 1995 652 2049 Jant
681 2008 894 2049 sacrum
927 2008 959 2046 a
993 1991 1135 2045 vobis
1161 1991 1300 2061 [erat
1329 1990 1645 2045 immertalis
1676 1991 1946 2046 honorem.

525 2106 638 2162 Cur
671 2105 840 2174 enim,
872 2118 907 2160 ο
949 2103 1201 2174 indigena
1232 2102 1546 2159 Graecarum
1573 2102 1898 2174 religionum
1929 2102 2098 2158 inter-

526 2213 653 2269 pres
678 2238 696 2265 ,
722 2198 805 2254 sic
842 2196 990 2253 enim
1025 2204 1078 2251 te
1108 2194 1264 2249 Plato
1293 2201 1455 2250 vocat
1478 2234 1493 2260 ,
1532 2194 1809 2250 hominem
1840 2203 1898 2249 tu
1932 2194 2097 2251 istum

527 2288 905 2346 consecrasti?
929 2288 1011 2341 An
1055 2285 1202 2357 quod
1232 2286 1289 2341 in
1328 2284 1611 2358 Olympico
1661 2286 1958 2343 certamine
1998 2286 2095 2343 ad-

527 2381 829 2437 versarium
859 2394 971 2436 uno
1001 2379 1113 2434 ictu
1147 2393 1258 2434 non
1299 2380 1477 2435 solum
1507 2376 1775 2447 aﬂlixerit,
1805 2377 1902 2434 sed
1934 2379 2099 2435 etiam

527 2471 795 2544 patefacto
820 2471 987 2528 latere
1013 2469 1327 2540 pulmonem
1345 2469 1466 2540 ejus
1493 2469 1740 2525 immissa
1768 2484 1936 2525 manu
1971 2469 2099 2525 abs-

529 2563 797 2620 traxerit?
828 2561 1060 2634 Dignum
1110 2561 1387 2617 enimvero
1428 2561 1540 2618 Deo
1560 2561 1792 2629 facinus,
1816 2577 1849 2618 ο
1870 2563 2095 2634 Apollo!

525 2657 610 2711 An
638 2662 901 2727 praeterea
941 2653 1090 2725 quod
1119 2654 1415 2727 irrogatam
1444 2653 1548 2710 sibi
1573 2668 1639 2709 ea
1664 2652 1733 2710 de
1763 2669 1929 2711 causa
1960 2670 2100 2726 qua-

526 2758 654 2804 tuor
677 2747 1006 2802 talentorum
1033 2745 1293 2801 mulctam
1326 2760 1667 2817 concoquere
1696 2761 1805 2804 non
1833 2747 2098 2818 potuerit,

526 2840 623 2897 sed
648 2839 705 2894 vi
748 2839 1003 2895 mmroris
1053 2838 1461 2908 iracundiaeque
1503 2846 1811 2895 commotus
1835 2879 1851 2905 ,
1898 2847 2102 2896 stoma-

527 2929 690 2986 chum
716 2936 772 2984 et
811 2929 978 2985 bilem
1018 2927 1329 2984 universam
1381 2929 1435 2982 in
1481 2942 1771 2997 puerorum
1800 2968 1815 2993 ,
1852 2929 1948 2999 qui
1984 2938 2100 2984 tum

528 3021 585 3075 in
609 3019 740 3075 ludo
762 3018 1033 3074 litterario
1057 3018 1453 3085 versabantur,
1481 3026 1643 3088 caput
1680 3021 1940 3088 eruperit,
1977 3033 2101 3075 suc-

2204 1920 2489 1993 Ὕστατος
2520 1920 2729 1993 statim:
2749 1919 3097 1993 Κλεομήδης
3123 1920 3236 1993 (30)
3270 1919 3779 1993 Ἀστυπαλαιεὺςς

2203 1992 2304 2044 Ὃν
2332 1993 2570 2057 θυσίαις
2592 1989 2780 2061 τιμᾶθ’
2808 1992 2885 2058 ὡς
2903 1989 3026 2045 οὐκ
3051 1989 3144 2046 ἔτι
3158 1989 3381 2061 θνητὸν
3398 1992 3597 2046 ἐόντα.

2196 2104 2297 2159 Διά
2321 2105 2375 2158 τί
2404 2104 2534 2177 γὰρ,
2564 2099 2609 2158 ὦ
2636 2105 2832 2177 πάτριε
2854 2103 2963 2158 τῶν
3003 2104 3271 2177 Ἑλλήνων
3301 2104 3560 2177 ἑξηγητά,
3592 2103 3671 2169 ὦς
3709 2122 3783 2159 σε

2198 2199 2354 2253 καλεῖ
2386 2198 2643 2262 Πλάτων,
2683 2198 2923 2262 ὲθέωσας
2965 2197 3057 2252 τὸν
3104 2197 3273 2257 ἀνδρα
3310 2198 3538 2265 τοῦτονς
3572 2199 3644 2256 Ἦ
3688 2199 3782 2252 ὅτι

2211 2290 2536 2362 Ὀλυμπιάσι
2595 2292 2774 2365 πληγῇ
2844 2293 2943 2363 μιᾷ
3002 2291 3248 2357 πατάξας
3315 2289 3406 2345 τὸν
3473 2290 3785 2360 ἀνταγωνι-

2201 2382 2329 2452 στὴν
2351 2382 2485 2452 (51),
2506 2382 2706 2453 ἀνέῳξε
2732 2383 2830 2454 τὴν
2858 2383 3095 2455 πλευρὰν
3134 2382 3299 2440 αὑτοῦ
3322 2423 3337 2447 ,
3381 2383 3475 2436 καὶ
3518 2382 3785 2452 ἐμϐαλὼν

2198 2472 2296 2540 τὴν
2325 2473 2484 2542 χεῖρα
2516 2471 2738 2526 ἐλάϐετο
2770 2473 2865 2525 τοῦ
2897 2473 3196 2545 πνεύμονος
3224 2491 3241 2541 ;
3285 2473 3579 2537 Ἄπολλον,
3626 2472 3787 2540 ἀξιο-

2201 2562 2322 2616 θέου
2363 2562 2561 2635 ἔργουι
2599 2566 2670 2618 Ἣ
2707 2565 2768 2618 οὐ
2811 2566 2969 2636 μόνον
2991 2605 3006 2630 ,
3059 2566 3194 2621 ἀλλά
3221 2566 3316 2620 καὶ
3356 2565 3470 2630 ὅτι,
3502 2582 3786 2639 προτιμη-

2201 2655 2313 2720 θεὶς
2339 2656 2446 2729 (52)
2492 2658 2770 2729 τεσσάρων
2804 2658 3079 2713 ταλάντων
3118 2658 3320 2731 ζημίαν
3359 2660 3451 2713 ἐπὶ
3483 2658 3687 2713 τούτων
3725 2673 3781 2720 ι.
3838 2666 3843 2673 “

2200 2748 2299 2820 οὐχ
2328 2749 2555 2822 ὑπέστη,
2600 2750 2713 2806 ἀλλ’
2759 2752 2849 2804 ὑπ’
2882 2750 3174 2823 ἀχθηδόνος
3231 2750 3343 2822 (33)
3390 2750 3486 2805 καὶ
3536 2750 3787 2823 βαρυθυα

2203 2840 2331 2911 μίας
2350 2841 2597 2913 ἐνήρεισε
2619 2842 2709 2897 τὸν
2727 2841 2893 2913 θυμὸν
2912 2846 3024 2906 τοῖς
3048 2844 3105 2896 ἐν
3128 2843 3205 2914 τῷ
3222 2842 3569 2914 διδασκαλείῳ
3591 2844 3781 2905 παισὶ,

2200 2933 2291 2987 τὸν
2319 2934 2472 2988 κίονα
2497 2934 2823 3004 ύφελκύσας,
2852 2935 2912 2999 ὃς
2941 2936 3122 3006 ἀνεῖχε
3154 2934 3250 3005 τὴν
3282 2936 3479 3007 στέγην
3506 2932 3696 3007 ;Ἃρ“,
3733 2930 3784 2989 ὦ

2203 3023 2436 3089 θεοποιὲ,
2457 3024 2544 3077 διά
2569 3024 2725 3079 ταῦθ’
2752 3026 2881 3096 ὑμῖν
2903 3028 2931 3080 ό
2955 3025 3275 3097 Κλεομήδης
3302 3027 3555 3097 τιμητέος
3584 3027 3738 3079 ἐστίν
3765 3045 3782 3091 ;

527 3126 691 3169 cussa
723 3111 1047 3181 revulsaque
1075 3109 1329 3164 columna
1358 3122 1479 3178 qua;
1521 3116 1722 3165 tectum
1757 3108 2099 3165 sustinebat?

2210 3115 2478 3188 ᾒκάκεῖνο
2503 3116 2852 3190 προσθήσεις,
2887 3116 2947 3171 τὸ
2964 3118 3150 3190 ἕτερον
3183 3118 3381 3189 δεῖγμα
3420 3118 3518 3189 τῆς
3562 3118 3784 3173 ἐκείνου

530 3204 636 3270 Τυ,
666 3205 913 3275 inquam,
937 3218 971 3258 ο
1000 3202 1228 3258 deorum
1253 3200 1568 3266 architecte,
1595 3201 1935 3258 Cleomedem
1972 3218 2101 3274 pro-

529 3304 714 3366 pterea
737 3292 939 3349 divinis
958 3292 1262 3348 honoribus
1314 3291 1603 3347 colendum
1630 3294 1879 3363 putasti?
1903 3293 1984 3347 An
2012 3310 2105 3365 po-

532 3388 642 3444 tius
672 3386 904 3443 alterum
935 3386 1040 3441 hoc
1088 3384 1353 3455 adjunges
1391 3399 1514 3440 cum
1566 3383 1808 3455 ejusdem
1851 3385 2100 3453 roboris,

532 3491 649 3537 tum
672 3479 870 3536 divinae
897 3476 1289 3533 benevolentiae
1318 3485 1730 3531 monumentum
1761 3492 1775 3542 ;
1801 3477 1943 3547 quod
1976 3492 2100 3533 cum

532 3587 747 3630 sacram
772 3572 829 3627 in
874 3584 1058 3626 arcam
1091 3582 1211 3624 sese
1254 3568 1575 3624 immisisset
1599 3607 1615 3633 ,
1647 3568 1882 3623 adducto
1910 3567 2104 3623 deinde

532 3664 813 3737 operculo,
850 3658 1237 3733 comprehendi
1262 3661 1331 3716 ab
1359 3660 1794 3731 insequentibus,
1839 3659 1894 3714 in
1922 3676 1987 3715 eo
2008 3676 2104 3715 ex-

534 3758 801 3815 trahendo
844 3756 1046 3811 frustra
1084 3754 1499 3817 laborantibus,
1549 3753 1697 3808 nulla
1728 3754 1778 3807 vi
1823 3753 2105 3821 potuerit?

533 3849 729 3907 ldeone
760 3848 984 3903 heroem
1032 3857 1089 3902 tu
1123 3846 1275 3902 illum
1297 3883 1312 3910 ,
1347 3852 1511 3915 atque
1543 3861 1612 3899 ex
1652 3844 1962 3900 mortalium
2002 3859 2105 3899 nu-

534 3956 689 3997 mero
730 3938 1080 3994 eximendum
1110 3952 1231 3993 esse
1272 3935 1397 3992 vis?
1429 3934 1473 3990 Ο
1505 3933 1821 3991 Cleomedes
1844 3975 1859 4000 ,
1905 3933 2105 4003 quibus

522 4033 636 4089 «tibi
669 4032 880 4088 artibus
915 4029 1377 4086 immortalitatem
1422 4027 1719 4099 peperisti!
1760 4024 1989 4081 Sensere
2029 4024 2103 4079 dii

535 4127 733 4196 quippe
749 4125 1012 4179 continuo
1028 4122 1240 4194 pulchri
1262 4120 1520 4176 facinoris
1536 4118 1909 4175 excellentiam
1920 4160 1935 4185 ,
1950 4126 2107 4186 teque

534 4218 702 4282 illico,
737 4226 799 4273 ut
826 4217 967 4272 bona
996 4214 1271 4286 quondam
1301 4212 1461 4284 231
1498 4210 1718 4265 Homeri
1749 4210 1975 4264 numina
2003 4210 2107 4265 Ga-

524 4310 844 4381 nymedem,
875 4309 930 4363 in
961 4309 1158 4364 caelum
1199 4319 1432 4376 rapuere
1458 4322 1473 4358 :
1500 4300 1610 4358 nisi
1638 4303 1785 4373 quod
1814 4301 1903 4356 ille
1932 4300 2105 4355 forma

534 4420 600 4459 ac
630 4402 841 4474 specie,
875 4410 931 4458 tu
961 4401 1159 4457 robore
1182 4440 1197 4465 ,
1238 4413 1453 4468 usuque
1475 4396 1689 4450 roboris
1727 4394 1945 4466 egregio
1984 4394 2105 4464 pla-

2202 3207 2422 3279 ἀνδρίας
2450 3207 2564 3279 ἅμα
2599 3208 2692 3262 καὶ
2716 3209 2992 3279 θεοφιλίας
3010 3251 3024 3276 ,
3052 3211 3133 3265 ὅτι
3164 3209 3227 3282 δὴ
3251 3248 3266 3273 ,
3291 3209 3468 3281 ὲμϐἀς
3503 3210 3584 3275 εἰς
3629 3210 3785 3281 ἱερὸν

2202 3298 2451 3355 κιϐώτιον
2481 3299 2614 3371 (54),
2662 3301 2757 3355 καὶ
2802 3301 2863 3355 τὸ
2893 3301 3062 3373 πῶμα
3108 3303 3482 3374 ἐπαγόμενος,
3530 3300 3786 3373 ἄληπτος

2201 3390 2414 3460 ἐγένετο
2454 3396 2565 3456 τοῖς
2620 3392 2905 3457 διώκουσι,
2933 3392 3296 3464 πειρωμένοις
3343 3391 3509 3445 αὑτὸν
3549 3391 3785 3456 ὲξελκῦ-

2204 3500 2293 3537 σαι
2321 3483 2429 3554 (55)
2455 3500 2470 3551 ;
2501 3479 2572 3537 Ὦ
2596 3484 2926 3556 Κλεόμηδες,
2960 3481 3068 3557 ἆρα
3092 3485 3240 3556 ἥρως
3266 3484 3366 3537 οὐκ
3391 3483 3508 3537 ἔστι
3547 3482 3783 3555 θνητόςς

2203 3570 2305 3630 Οἴα
2335 3576 2403 3630 τὰ
2433 3578 2796 3649 μηχανήματα
2818 3578 2958 3651 ὑπὲρ
3002 3576 3296 3641 ἀθανασίας
3337 3576 3589 3648 ἐξεῦρεςί
3640 3578 3786 3648 ’ᾘσ-

2204 3667 2355 3722 θοντο
2379 3668 2508 3737 γοῦν
2538 3668 2738 3733 εὐθέως
2768 3671 2817 3722 οἱ
2847 3669 2959 3722 θεοὶ
2998 3669 3099 3739 τῆς
3130 3669 3519 3740 ἁγαθουργίας,
3564 3668 3659 3721 καὶ
3684 3668 3787 3720 ἀν-

2203 3760 2494 3832 ηρείψαντό
2527 3777 2607 3825 σε,
2633 3759 2821 3831 ὥσπερ
2848 3761 2898 3813 οἰ
2930 3758 3278 3831 τοῦὉμήρου
3310 3758 3403 3811 τὸν
3420 3757 3743 3828 Γανυμήδην
3764 3775 3778 3787 -

2204 3850 2340 3904 ἀλλά
2369 3850 2459 3905 τὸν
2490 3851 2587 3921 μὲν
2617 3851 2710 3903 ἐπὶ
2745 3850 2823 3922 τῷ
2856 3850 3060 3915 κάλλει,
3088 3851 3147 3903 σὲ
3179 3850 3235 3904 δὲ
3268 3849 3361 3904 ἐπὶ
3389 3852 3455 3922 τῇ
3488 3848 3652 3919 ἰσχύϊ,
3681 3851 3787 3903 καὶ

2203 3944 2299 4014 τῆς
2330 3944 2508 4014 ἰσχύος
2540 3946 2606 4016 τῇ
2636 3944 2829 4017 χρήσει
2852 3947 2917 4015 τῇ
2944 3942 3144 4013 ἀγαθῇ.
3176 3942 3302 4023 Εἴθε
3331 3937 3444 4008 οὖν,
3490 3935 3537 3994 ὧ
3589 3941 3783 4011 μάντι,

2202 4028 2277 4093 ὡς
2310 4028 2466 4100 ἔφην,
2496 4030 2663 4095 ὲάσας
2686 4031 2784 4101 τὴν
2812 4030 3037 4102 ψάμμον
3072 4031 3166 4084 καὶ
3188 4031 3286 4101 τὴν
3319 4029 3520 4101 ἅλμην,
3546 4030 3661 4082 ἀντ’
3678 4031 3789 4083 αὺ-

2204 4121 2310 4174 τῶν
2342 4120 2624 4192 ἐξέμαθες,
2654 4123 2851 4176 ὁπόσου
2877 4123 3023 4187 ἄξιόν
3042 4124 3189 4176 ἐστιν
3223 4125 3255 4194 ή
3281 4122 3537 4194 πυκτικὴ,
3564 4122 3652 4176 ἵνα
3683 4124 3786 4176 καὶ

2204 4213 2329 4276 τοὺς
2346 4213 2555 4278 πύκτας
2580 4214 2733 4279 ὅνους
2764 4215 2917 4278 θεοὺς
2934 4214 3204 4286 ἐνόμιζες,
3234 4215 3329 4269 καὶ
3355 4215 3481 4279 τοὺς
3511 4214 3786 4287 όνάγρους

2206 4302 2312 4356 τῶν
2342 4301 2478 4357 θεῶν
2498 4305 2624 4369 τοὺς
2651 4305 2935 4376 ἀρίστουςί
2965 4306 3059 4359 καὶ
3086 4301 3153 4376 ἦν
3179 4305 3244 4359 ἀν
3286 4321 3339 4358 τι
3366 4306 3564 4359 οἰκεῖον
3596 4304 3786 4372 λόγιον

2208 4395 2294 4446 ἐπ’
2328 4394 2648 4449 ἀποθανόντι
2676 4395 2888 4468 ὀνάγρῳ
2916 4396 3113 4468 μᾶλλον
3145 4397 3178 4469 ἢ
3212 4395 3304 4450 ἐπὶ
3328 4396 3405 4467 τῷ
3441 4395 3517 4467 σῷ
3550 4395 3741 4470 πύκτῃ
3767 4414 3786 4430 ⁶

532 4496 715 4553 cuisti.
742 4494 963 4551 Utinam
985 4509 1138 4565 ergo,
1161 4494 1301 4549 bone
1345 4502 1516 4554 vales,
1574 4488 1718 4560 quod
1772 4499 1896 4544 ante
1933 4488 2198 4552 dicebam,
2239 4505 2404 4545 arena
2434 4491 2679 4561 marique
2718 4492 3116 4562 praetermissis,
3163 4507 3272 4562 quo
3312 4492 3382 4547 sit
3413 4492 3695 4547 habendus
3726 4494 3784 4546 in

528 4603 767 4647 numero
809 4586 1083 4658 pugilatus
1128 4584 1332 4638 interea
1372 4580 1677 4636 didicisses.
1730 4576 1997 4633 Nimirum
2048 4589 2101 4632 et
2136 4578 2267 4633 deos
2298 4595 2512 4649 quoque
2550 4581 2762 4652 pugiles
2826 4583 3031 4648 asinos,
3092 4590 3146 4637 et
3172 4595 3406 4652 onagros
3443 4582 3539 4637 abs
3571 4591 3625 4637 te
3649 4582 3787 4638 deo-

528 4696 658 4737 rum
703 4676 1111 4735 strenuissimos
1143 4672 1486 4728 haberemus.
1541 4668 1791 4724 Exstaret
1828 4667 1991 4723 etiam
2036 4666 2090 4720 in
2128 4668 2396 4724 demortui
2446 4671 2634 4743 onagri
2682 4672 2864 4729 verius
2924 4688 3089 4744 quam
3128 4672 3184 4727 in
3222 4672 3422 4745 pugilis
3452 4671 3530 4727 tui
3561 4673 3784 4729 laudem

532 4773 814 4848 proprium
846 4771 952 4824 hoc
976 4776 1031 4823 et
1053 4765 1329 4847 singulare
1354 4761 1632 4818 oraculum
1660 4779 1672 4813 :

610 4952 637 4982 ι
665 4938 751 4993 ἵσ.
785 4935 980 5005 τούτῳ.

608 5104 721 5179 (39)
759 5099 834 5160 *Ω
858 5102 1046 5167 εἰδώς.
1086 5098 1219 5154 Vide
1239 5097 1382 5169 quod
1409 5101 1727 5151 annotatum
1757 5101 1859 5159 est,
1888 5108 1942 5164 p.
1970 5093 2099 5164 212,

2282 5094 2391 5175 (3i)
2437 5094 2549 5179 re?
2574 5091 3060 5179 ῥντᾳχωτεισςτήν.
3102 5089 3239 5146 Ειιω
3266 5088 3568 5145 Pausanias
3596 5089 3786 5144 Ἴκκον

543 5194 596 5232 c.
619 5176 682 5231 '6.

610 5247 724 5318 (ῤο)
765 5241 1131 5318 Κλεομήδης.
1163 5238 1287 5318 _ljoc
1303 5236 1805 5318 de_pugile'similia
1828 5235 2099 5318 Plutarch,

539 5320 593 5372 in
616 5304 867 5381 ‘Roinulo,
1163 5304 1552 5384 Pausaniasfu
1582 5304 1812 5384 Helius,
1830 5323 1892 5384 Β,
1921 5305 2022 5384 18θ
2052 5314 2107 5360 et

537 5387 672 5455 187;
701 5376 962 5455 Origenes
998 5380 1065 5436 In
1092 5379 1299 5455 Celsum
1321 5378 1443 5455 _lib.__
1463 5392 1543 5443 ut,
1577 5391 1630 5445 p.
1830 5376 2100 5455 Theudor.

536 5458 631 5512 lib.
657 5446 759 5512 'vm
792 5446 868 5510 De
900 5453 1131 5508 (ἔντερον.
1157 5448 1500 5519 aﬁ'ectionib.,
1528 5461 1651 5516 pag.
1686 5447 1797 5519 17175
1808 5464 1824 5513 ;
1849 5446 2104 5519 _glyrillus

538 5526 826 5582 Alexandr.
860 5523 924 5579 In
948 5515 1226 5577 Juliunu'tn
1251 5520 1585 5588 Apostatarn,
1614 5515 1671 5586 p.
1704 5517 1809 5570 622
1848 5515 2062 5571 Herveti
2089 5533 2104 5581 ;

537 5607 592 5650 at
622 5595 795 5651 Graeci
827 5594 1031 5651 codicis
1059 5585 1334 5646 manuscr.
1368 5596 1413 5643 t.
1436 5585 1501 5648 ll,
1535 5585 1631 5640 lib.
1663 5602 1726 5651 ll,
1756 5588 1847 5656 qui
1886 5595 2093 5655 postre-

537 5667 610 5719 mi
641 5667 845 5721 cultum
900 5661 1000 5719 SS.
1036 5659 1364 5730 martyribus
1397 5673 1428 5712 a
1453 5656 1776 5730 Christianis
1809 5657 2088 5730 tributum,

537 5736 671 5791 inita
699 5734 1003 5791 Cleomedis
1041 5726 1204 5788 etiam
1237 5728 1601 5795 contentione,
1632 5726 1946 5784 defendunt.

2210 5162 2476 5235 nominat,
2504 5163 2672 5235 ἄνδρα
2714 5162 3073 5235 Ἐπιδαύριον.

2305 5235 2394 5305 52)
2434 5229 2834 5305 Προτίμηθείς.
2877 5229 3022 5302 Lego
3056 5229 3468 5305 προστιμηθείςζ

2437 5298 2556 5389 :Y'rf"
2587 5298 3081 5389 ἀχθηδόνοςξεῐο.
3102 5298 3375 5363 Pansam,
3411 5298 3631 5369 εὔφρων
3657 5300 3781 5367 ἐγέο

2206 5373 2326 5429 νετο
2357 5373 2464 5429 ὑπὸ
2485 5376 2583 5445 τῆς
2607 5373 2801 5445 λύπης.

2279 5445 2390 5518 (54)
2426 5435 3056 5518 ιζιςἿερόῇίκιὸὠι-ιον.
3097 5440 3396 5497 Pausanias
3439 5440 3493 5493 in
3525 5435 3784 5492 Minerva:

2208 5513 2408 5583 templo
2434 5513 2633 5568 factum
2662 5514 2715 5567 id
2740 5529 2862 5583 esse
2887 5523 3090 5567 narrat.

2278 5575 2390 5657 (55)
2428 5583 2557 5639 Post
2599 5582 2903 5667 εξελκῦσαι,
2931 5582 3222 5667 manifesta
3247 5580 3491 5667 traiecti?
3522 5586 3646 5667 est}:
3666 5575 3783 5667 ita:

2200 5646 2306 5726 que
2355 5646 2764 5726 reponendum:
2789 5646 2929 5723 Ἆρα
2993 5658 3143 5726 ἣρως
3171 5653 3272 5705 οὐκ
3305 5646 3418 5703 ἔστι
3455 5646 3683 5718 θνητός;
3709 5646 3783 5701 Ὦ

2198 5718 2537 5798 Κλεόμηδες·
2570 5718 2655 5777 οἷα
2678 5724 2746 5778 τά
2777 5718 2907 5794 μηχ.
