3862 6220
111 362 197 419 591
248 350 259 361 '

1267 354 1591 419 PREPAR.
1634 362 1883 421 EVANG.
1925 363 2053 421 LIB.
2096 362 2163 425 ν.

3240 368 3349 428 398

110 478 682 559 :EEOgocdﬁar-dtgr
703 472 840 559 ὄνος
866 477 1067 559 ᾅηοεος
1086 520 1117 559 ν,
1137 483 1209 534 οὐ
1247 480 1626 559 βλξφμτῖδηςν

1774 482 2042 559 {legimus
2069 486 2154 539 hic
2178 500 2372 556 onager
2403 500 2669 557 superum,
2696 500 2799 559 non
2823 486 2939 557 jam
2971 487 3299 555 Cleomedes,

113 552 204 603 ὀγ
225 551 467 616 θυσίαις
490 550 679 620 τιμᾶθ’
717 553 797 617 ὼς
824 554 936 606 οὐκ
969 553 1057 605 ἐτι
1083 550 1308 618 θνητὸν
1330 550 1526 606 ἐόντα.

111 664 189 734 Μὴ
215 664 318 736 γάρ
353 664 414 736 δὴ
457 654 764 737 θαυμάσῃς,
801 667 850 718 εἰ
883 668 976 720 καὶ
1013 666 1245 736 ὖναγρος
1297 668 1671 723 ἐπιδικάσεται

114 756 425 820 ἀθανασίας,
461 757 659 821 ἱκανῶς
678 758 746 812 τὰ
793 757 910 811 θεῖα
957 759 1546 830 παρασκευασάμενος·
1578 761 1675 813 καὶ

115 847 335 911 ἀκούσας
360 849 431 919 μὴ
460 849 789 919 ἀνασχέσθαι
825 862 872 913 α,
899 849 1012 904 ἀλλ’
1038 850 1333 921 ἀπειλῆσαι
1369 850 1397 891 ⁵
1439 851 1533 905 καὶ
1577 852 1674 905 αὐ-

116 941 194 993 τὲν
237 941 325 993 τὸν
375 941 663 1014 Κλεομήδη
699 942 944 1007 πατάξας
980 944 1061 1006 εἰς
1091 943 1151 996 τὸ
1186 941 1460 1017 βάραθρον
1504 944 1676 1016 ἐμϐα-

114 1031 234 1096 λεῖν,
266 1033 371 1090 καὶ
397 1034 499 1091 οὐκ
543 1037 862 1110 ἐπιτρέψειν
885 1034 1034 1109 αὐτῷ
1058 1040 1138 1102 εἰς
1164 1036 1254 1091 τὸν
1276 1036 1502 1109 οὐρανὸν
1544 1038 1674 1090 ἀνα-

118 1127 260 1196 ϐῆναι
281 1145 294 1158 ·
323 1124 462 1182 εἶναι
495 1127 604 1201 γὰρ
634 1130 798 1183 αὐτοῦ
832 1129 1124 1201 ἀξιώτερος
1158 1129 1340 1185 αὐτῶν
1380 1130 1491 1185 τῶν
1514 1129 1674 1184 θείων

117 1218 304 1291 δώρων,
346 1221 441 1274 ἅτε
475 1223 613 1292 μήτε
642 1220 791 1292 αὐτῷ
815 1223 959 1293 μόνῳ
999 1222 1220 1293 ἕτοιμος
1261 1220 1337 1274 ὢν
1383 1221 1672 1293 μάχεσθαι,

119 1315 208 1368 κᾶν
227 1317 273 1367 εἰ
302 1315 540 1386 σιδηροῖς
573 1313 751 1386 χρῷτο
772 1318 884 1378 τοῖς
914 1316 1123 1385 ἱμᾶσιν,
1154 1315 1291 1369 ἀλλά
1325 1315 1420 1368 καὶ
1457 1314 1536 1385 τῷ
1567 1314 1675 1368 Θα-

121 1407 208 1476 σίῳ
228 1406 399 1477 πόκτῃ
418 1405 528 1476 (56)
554 1406 671 1477 ἅμα
698 1407 1045 1479 ἀμφοτέροις,
1071 1408 1212 1479 ὺπέρ
1232 1402 1291 1463 οὗ
1312 1408 1407 1462 τοῦ
1426 1410 1677 1482 ἀνδριάν-

120 1515 198 1562 τος
211 1498 551 1569 ἐχαλέπηναν
583 1501 634 1552 οἱ
664 1498 795 1565 θεοὶ,
823 1499 919 1553 καὶ
943 1501 1041 1571 τὴν
1079 1501 1295 1556 Θασίων
1330 1501 1436 1572 γῆν
1474 1502 1675 1574 ἄφορον

120 1592 439 1662 εἰργάσαντο.
472 1591 810 1663 Πιστεύομεν
829 1590 885 1645 δὲ
915 1593 1011 1646 καὶ
1042 1594 1172 1665 περὶ
1211 1593 1407 1647 τούτου
1436 1593 1537 1646 οὐκ
1584 1595 1678 1647 ἀν-

120 1681 331 1753 θρώπῳ,
368 1683 509 1737 ἀλλά
568 1683 675 1755 θεῷ
710 1684 789 1755 τῷ
822 1684 994 1758 αὐτῷ.
1038 1686 1130 1751 Ἐξ
1156 1681 1231 1741 ὧν
1261 1687 1373 1756 ἐγὼ
1414 1689 1508 1741 καὶ
1536 1688 1676 1742 πάνυ

119 1776 418 1846 κατενόησα,
439 1775 525 1828 ὅτι
542 1775 683 1830 θεῖόν
702 1777 881 1849 τιάρα
902 1773 969 1847 ἦν
989 1779 1326 1851 ἐπιτήδευμα
1350 1782 1385 1851 ἡ
1415 1782 1673 1852 πυκτικίγ

1772 554 2022 610 Divinum
2050 572 2083 609 a
2108 558 2250 610 vobis
2278 554 2417 626 [erat
2443 554 2763 612 immortalis
2790 554 3060 614 honorem.

1772 666 1958 738 Neque
1982 653 2116 723 vero
2147 668 2346 724 mirum
2370 669 2467 725 tibi
2494 671 2745 727 videatur
2768 714 2783 740 ,
2820 673 2967 743 quod
3009 675 3341 734 immortali-

1772 767 1939 816 tatem
1986 762 2092 817 sibi
2123 777 2328 834 onager
2359 778 2462 819 suo
2509 765 2668 835 quasi
2701 765 2825 836 jure
2863 767 3205 836 vindicaret,
3239 778 3349 828 tam

1772 853 1913 910 belle
1941 854 2105 911 rebus
2133 856 2438 926 opibusque
2470 856 2670 911 divinis
2699 857 3033 914 instructus:
3086 861 3347 931 quodque

1775 946 1865 1001 ubi
1899 955 2081 1001 vestro
2106 948 2172 1002 de
2204 948 2434 1003 consilio
2465 946 2670 1018 aliquid
2703 947 3026 1017 inaudisset,
3063 951 3355 1023 impatiens

1774 1039 2009 1107 injuria),
2045 1039 2291 1095 futurum
2319 1040 2643 1108 minaretur,
2674 1042 2753 1096 uti
2783 1041 3129 1099 Cleomedem
3173 1045 3352 1115 ipsum

1776 1131 1830 1186 in
1888 1132 2203 1203 voraginem
2274 1134 2520 1190 calcibus
2567 1143 2857 1190 contusum
2918 1135 3196 1206 dejiceret,
3253 1141 3402 1193 nec’

1775 1222 1929 1279 illum
1965 1240 2209 1295 unquam
2263 1226 2317 1279 in
2362 1225 2561 1281 cmlum
2615 1228 2986 1283 conscendere
3029 1237 3350 1299 pateretur:

1775 1316 1880 1372 sibi
1911 1317 2056 1371 enim
2096 1316 2303 1387 justius
2333 1332 2498 1387 quam
2530 1318 2637 1388 ipsi
2668 1318 2852 1373 divina
2883 1318 2971 1374 illa
3002 1336 3231 1379 munera
3258 1324 3354 1379 de-

1776 1406 1891 1462 beri
1932 1407 2285 1462 contenderet
2313 1425 2327 1474 ;
2362 1407 2562 1478 quippe
2598 1409 2691 1477 qui
2722 1423 2830 1462 non
2873 1424 2998 1464 cum
3030 1424 3097 1466 eo
3129 1412 3307 1467 solum
3335 1452 3355 1477 ,

1777 1500 1992 1554 tametsi
2045 1498 2238 1555 ferreis
2280 1499 2535 1555 caestibus
2579 1508 2864 1568 uteretur,
2912 1516 3102 1557 verum
3135 1515 3189 1559 et
3228 1520 3353 1560 cum

1777 1590 1949 1645 altero
1991 1591 2155 1645 simul
2182 1591 2366 1663 pugile
2417 1590 2621 1646 Thasio
2668 1608 2911 1663 pugnare
2958 1603 3182 1663 posset:
3220 1596 3352 1663 illo,

1778 1681 2027 1752 inquam,
2052 1680 2277 1749 Thasio,
2306 1684 2463 1754 cujus
2488 1683 2560 1738 ob
2588 1691 2824 1739 statuam
2851 1687 3111 1741 commoti
3135 1688 3355 1757 gravius

1778 1777 1981 1845 superi,
2013 1777 2093 1831 uti
2124 1777 2284 1832 ﬁdem
2316 1793 2423 1832 non
2455 1777 2624 1833 homo
2654 1778 2843 1833 nescio
2875 1779 3000 1848 quis
3026 1820 3042 1843 ,
3074 1780 3168 1836 sed
3211 1782 3352 1838 idem

117 1867 229 1930 τοὺς
248 1866 302 1919 δέ
329 1868 562 1932 πολλοὺς
589 1868 686 1921 καὶ
703 1869 982 1940 οἰομένους
1009 1866 1149 1925 εἶναι
1181 1875 1378 1942 σοφοὺς
1410 1873 1665 1942 ἐλελήθειί

1774 1867 1893 1935 ipse
1934 1865 2081 1921 Deus
2120 1865 2270 1931 facit,
2306 1865 2634 1922 Thasiorum
2666 1868 2797 1923 olim
2827 1883 3019 1941 agrum
3070 1870 3355 1928 sterilitate

120 1957 197 2019 ἶν’,
223 1959 477 2030 ἀφέμενοι
511 1958 606 2012 τοῦ
630 1959 785 2014 καλοὶ
825 1961 1057 2030 κάγαθοὶ
1086 1957 1258 2027 εἶναι,
1293 1964 1496 2034 ἤσκουν
1535 1965 1675 2018 αὐτὰ

119 2047 200 2102 τοῦ
228 2050 422 2103 Θασίου
447 2050 659 2104 πύκτου
678 2068 691 2082 ·
724 2045 768 2119 ᾧ
796 2052 1096 2107 ἀθανασίαν
1131 2054 1251 2125 μὲν,
1274 2055 1464 2126 ὥσπερ
1506 2056 1675 2110 Κλεο-

124 2140 281 2213 μήεει,
315 2144 413 2196 οὐκ
462 2143 695 2209 ἔδωκαν,
751 2145 1016 2214 ἐφίλησαν
1056 2146 1116 2201 δέ
1164 2147 1418 2218 μεγάλως
1452 2148 1499 2200 οἱ
1539 2148 1667 2203 θεοί.

120 2232 258 2287 Οὕτω
276 2236 365 2287 καὶ
394 2236 423 2287 ὁ
450 2235 683 2306 χάλκεος
700 2236 861 2289 αὐτοῦ
890 2237 1114 2309 ἀνδριὰς
1141 2236 1307 2303 saetae
1327 2256 1379 2292 τι
1410 2239 1549 2311 ὑπὲρ
1574 2238 1673 2303 τάς

117 2325 210 2377 τῶν
234 2326 400 2380 ἄλλων
431 2327 738 2399 ἀνθρώπων
758 2330 991 2395 εἰκόνας,
1015 2331 1453 2401 ἐπικατενεχθεὶς
1472 2331 1549 2401 τῷ
1573 2349 1675 2401 μα-

121 2417 361 2489 στιγοῦντι
388 2421 596 2493 ἐχθρῷ,
624 2422 768 2476 κατά
790 2439 932 2486 τινα,
962 2422 1038 2486 ὡς
1070 2422 1233 2487 ἔοικε,
1264 2422 1543 2493 δαιμονίαν
1579 2421 1675 2492 μέ-

120 2522 310 2581 ριμναν.
357 2512 505 2565 Ἀλλ’
535 2515 586 2566 οἱ
616 2513 845 2585 ἄφρονες
868 2514 1079 2581 Θάσιοι,
1109 2514 1204 2567 καὶ
1249 2512 1411 2566 θείων
1457 2512 1673 2584 ἄπειροι

120 2604 431 2673 πραγμάτων
455 2643 474 2669 ,
521 2605 908 2675 ἠγανάκτησάν
942 2622 1022 2670 τε,
1050 2606 1148 2658 καὶ
1174 2603 1305 2673 ἄγος
1332 2604 1673 2659 ἐπεκάλεσαν

116 2693 180 2763 τῷ
205 2695 500 2768 ἀνδριάντι,
531 2698 627 2749 καὶ
648 2695 801 2766 δίκην
822 2696 1231 2768 εἰσεπράξαντο,
1249 2696 1344 2749 καὶ
1375 2696 1674 2751 καταδῦσαι

116 2786 393 2857 ἐτόλμησαν
419 2790 507 2850 εἰς
539 2787 637 2859 τὴν
666 2787 954 2844 θάλασσαν.
986 2789 1061 2841 Οὐ
1099 2787 1203 2860 μὴν
1234 2787 1487 2856 διέφυγόν
1524 2805 1588 2857 γε
1621 2789 1673 2842 οἰ

114 2874 300 2941 Θάσιοι,
332 2879 447 2933 ἀλλ’
475 2881 527 2931 οἰ
550 2878 663 2932 θεοὶ
683 2878 923 2943 ἐδίδαξαν
959 2879 1144 2950 ἡλίκον
1174 2878 1342 2932 κακδν
1376 2879 1468 2932 ὑπ’
1496 2879 1673 2934 αὐτῶν

115 2969 358 3043 ἐτολμήθη
380 3013 394 3035 ,
428 2971 591 3041 λιμὸν
627 2970 1034 3041 ἐπιπέμψαντες
1073 2970 1165 3024 τὸν
1194 2969 1293 3042 τῆς
1333 2972 1481 3035 θείας
1519 2970 1675 3042 δίκης

113 3059 368 3115 διάκονονο
399 3063 460 3126 ὃς
497 3062 702 3128 ἐδίδαξε
734 3062 887 3132 μόλις
921 3064 1116 3126 αὐτοὺς
1138 3062 1208 3116 τά
1243 3063 1352 3117 τῶν
1378 3062 1517 3116 θεῶν
1548 3061 1673 3132 βου-

116 3151 333 3223 λεύματα
353 3195 369 3220 ,
399 3156 515 3220 ὅτε,
546 3154 1057 3226 φιλανθρωπότατος
1089 3153 1226 3207 θεῶν
1260 3156 1323 3207 σὺ
1364 3154 1443 3226 τῷ
1488 3152 1673 3224 οἰκείῳ

116 3244 294 3315 τρόπῳ,
324 3245 423 3316 τὴν
454 3244 711 3316 βοήθειαν
737 3244 917 3308 αὐτοῖς
956 3243 1227 3315 ἔπεμψας,
1252 3246 1458 3313 λέγων’

1774 1957 2125 2011 damnarunt.
2172 1956 2250 2011 Ex
2282 1957 2481 2027 quibus
2526 1972 2675 2012 nunc
2712 1958 2930 2015 demum
2964 1959 3239 2031 intelligo,
3269 1960 3355 2016 di-

1775 2050 1963 2104 vinum
1996 2051 2155 2119 plane
2186 2050 2392 2120 aliquid
2417 2064 2541 2105 esse
2567 2050 2906 2122 pugilatum:
2928 2051 2981 2107 id
3001 2052 3147 2122 quod
3169 2053 3354 2110 videre

1774 2156 2055 2211 nunquam
2074 2183 2089 2208 ,
2120 2141 2205 2196 vel
2236 2156 2425 2196 eorum
2444 2183 2459 2208 ,
2494 2142 2587 2212 qui
2615 2156 2675 2197 se
2721 2141 2995 2212 sapientes
3020 2142 3184 2213 vulgo
3214 2159 3354 2214 pra:-

1773 2233 2051 2299 dicabant,
2085 2232 2330 2302 plerique
2361 2242 2606 2302 potuere.
2637 2231 2828 2300 Secus,
2863 2234 3087 2292 omissis
3115 2236 3192 2291 illi
3224 2252 3356 2308 pro-

1776 2322 1918 2379 fecto
1969 2323 2183 2379 honesti
2229 2323 2473 2393 rectique
2522 2323 2760 2391 studiis,
2808 2324 2877 2379 ad
2927 2323 3113 2381 Thasii
3155 2329 3355 2400 pugilis

1775 2413 2518 2483 imitationemadhmsisseut.
2548 2414 2682 2470 Nam
2702 2423 2761 2470 ut
2784 2430 2908 2471 eum
2939 2419 3146 2488 superi,
3163 2435 3356 2492 quem-

1775 2507 2067 2561 admodum
2098 2506 2465 2573 Cleomedem,
2502 2507 2911 2564 immortalitate
2937 2524 3045 2564 non
3075 2510 3351 2578 donarint,

1776 2602 2048 2674 praecipuo
2070 2608 2251 2656 tamen
2282 2615 2470 2656 amore
2500 2601 2774 2672 prosecuti
2810 2610 2958 2657 sunt.
3005 2601 3187 2675 Usque
3216 2605 3354 2661 adeo

1776 2693 2054 2765 singulare
2107 2691 2364 2763 quiddam
2397 2733 2412 2756 ,
2469 2706 2634 2759 supra
2694 2698 3014 2747 caeterorum
3067 2693 3349 2749 hominum

1776 2783 2064 2853 imagines,
2092 2796 2302 2836 aeneum
2342 2780 2463 2847 eius
2495 2779 2850 2834 simulacrum
2901 2780 3176 2843 ostendit,
3224 2795 3350 2835 cum

1776 2876 1830 2929 in
1858 2882 2022 2944 caput
2060 2872 2263 2927 inimici
2292 2912 2306 2937 ,
2355 2886 2386 2925 a
2421 2886 2532 2941 quo
2565 2879 2680 2924 tum
2730 2869 2944 2940 ﬂagello
2991 2871 3311 2940 pulsabatur
3333 2911 3350 2937 ,

1776 2970 2000 3034 repente
2046 2962 2281 3025 cecidit,
2326 2976 2437 3017 non
2486 2960 2605 3016 sine
2632 2960 2817 3015 divino
2845 3000 2861 3024 ,
2906 2961 2985 3016 uti
3025 2961 3199 3017 visum
3244 2973 3348 3021 est.

1776 3055 2029 3112 consilio.
2064 3054 2135 3108 At
2169 3054 2449 3108 enimvero
2475 3052 2735 3109 vecordes
2763 3051 2974 3119 Thasii,
3011 3062 3067 3107 et
3096 3053 3150 3107 in
3188 3052 3349 3107 rebus

1776 3149 1978 3204 divinis
2004 3146 2296 3217 peregrini,
2329 3160 2517 3201 casum
2563 3145 2755 3216 iniquo
2806 3142 2949 3199 ferre
2980 3144 3165 3199 animo
3191 3183 3205 3209 ,
3234 3144 3352 3214 pia-

1700 3236 1742 3294 C
1774 3241 1883 3296 culi
1927 3233 2282 3294 simulacrum
2323 3250 2602 3291 arcessere
2629 3275 2644 3299 ,
2694 3250 2885 3306 poenas
2927 3242 3171 3304 repetere
3195 3273 3210 3298 ,
3247 3249 3351 3305 po-

118 3346 294 3393 stremo
319 3339 374 3393 in
404 3354 561 3393 mare
589 3338 871 3409 projicere.
924 3336 1170 3402 Frustra,
1205 3338 1344 3392 nihil
1381 3338 1525 3392 enim
1594 3344 1860 3408 egerunt:
1895 3334 2027 3397 imo,
2051 3347 2214 3403 quam
2264 3346 2385 3386 sese
2438 3329 2589 3401 gravi
2656 3331 2860 3386 scelere
2888 3329 3350 3394 obstrinxissent,

121 3419 238 3483 fame
292 3430 644 3498 postmodum
679 3428 904 3501 justitiae
931 3428 1128 3484 divina:
1160 3429 1506 3495 administra,
1542 3443 1732 3483 eorum
1770 3426 1824 3479 in
1864 3425 2140 3495 regionem
2190 3422 2461 3489 immissa,
2490 3421 2675 3493 superi
2722 3422 2978 3478 docuere.
3020 3421 3346 3492 Quanquam

124 3523 191 3576 vix
230 3526 303 3580 illi
342 3528 509 3582 etiam
551 3535 667 3579 tum
711 3525 950 3580 divinam
1022 3540 1316 3595 agnoscere
1359 3525 1692 3580 voluntatem
1763 3529 2079 3593 potuerunt.
2141 3521 2328 3591 Itaque
2383 3528 2441 3572 tu
2493 3519 2583 3574 ille
2630 3518 2856 3574 deorum
2913 3519 3347 3605 humanissimus

123 3631 256 3687 opem
276 3635 421 3675 more
450 3627 549 3674 tuo
574 3616 985 3672 consulentibus
1007 3617 1203 3684 tulisti,
1238 3618 1342 3672 hoc
1363 3616 1666 3673 versiculo:

120 3738 199 3806 Εἰς
216 3739 438 3809 πάτρην
459 3739 738 3811 φυγάδας
764 3740 1034 3811 κατάγων
1052 3739 1365 3809 Δήμητραν
1387 3738 1659 3809 ἀμήσεις.

129 3888 244 3943 Ἀλλ’
264 3892 619 3963 οἰ.ἀ6έλτεροι
649 3892 810 3947 πάλιν
854 3894 977 3957 τοὺς
1005 3893 1305 3964 φεύγοντας
1347 3892 1666 3968 ἀνθρώπους

122 3977 277 4050 ᾤοντο,
305 3984 384 4037 ὅτι
409 3984 493 4037 δεῖ
520 3984 719 4047 αὐτοὺς
739 3985 1092 4039 κατακαλεῖν·
1118 3987 1305 4050 κακῶς
1340 3987 1562 4050 εἰδότες.
1600 3984 1665 4038 Τί

130 4070 213 4142 γὰρ
242 4073 301 4146 δὴ
323 4077 416 4130 καὶ
442 4076 599 4147 μέλει
628 4078 739 4140 τοῖς
778 4076 1349 4150 ἀφιλανθρωποτάτοις
1393 4077 1534 4141 θεοῖς
1572 4078 1665 4130 ἀν-

124 4160 325 4235 θρώπων
343 4168 658 4223 κατακαλου
665 4169 863 4240 μένων,
881 4170 1113 4243 ὅσονπερ
1134 4171 1463 4243 ἀνδριάντων
1482 4187 1497 4237 ;
1514 4169 1666 4240 Ἀμέ-

125 4267 188 4309 te:
212 4259 351 4313 οὐδὲν
378 4262 473 4315 ἐπὶ
493 4262 673 4333 τούτῳ
702 4262 952 4335 ὠφελήθη
989 4266 1024 4334 ἡ
1054 4264 1147 4334 γῆ,
1180 4262 1321 4316 ὥστε
1352 4260 1663 4316 παύσασθαι

126 4351 344 4406 δοσοῦσα’
383 4356 433 4407 εἰ
463 4354 544 4425 μὴ
569 4354 680 4409 τῶν
709 4354 886 4423 σοφῶν
923 4355 1017 4408 καὶ
1045 4353 1422 4425 ἐπισταμένων
1457 4370 1540 4417 τις
1572 4352 1665 4405 τὸν

117 4442 237 4494 σεῖον
257 4442 377 4497 νοῦν
420 4444 629 4514 συνῆκε
655 4484 671 4509 ,
702 4444 916 4514 φυγάδα
940 4439 1079 4497 εἶναι
1106 4444 1197 4498 τὸν
1237 4460 1662 4497 καταπεποντω-

1773 3732 1933 3805 232
1964 3728 2141 3785 Redde
2170 3729 2321 3783 modo
2371 3726 2638 3781 exsulibus
2686 3726 2951 3796 patriam,
2994 3725 3345 3868 fgjfﬂaxpm

1771 3894 1872 3951 Hic
1900 3909 2094 3966 nempe
2133 3907 2239 3946 non
2278 3890 2461 3945 minus
2499 3887 2714 3954 stolidi,
2750 3887 3085 3943 revocandos
3125 3891 3343 3945 exsules

1773 4003 1882 4043 non
1936 3986 2075 4042 alios
2120 3998 2242 4039 esse
2273 3995 2439 4052 quam
2486 3980 2739 4034 homines
2786 3978 3072 4048 putabant.
3127 3980 3342 4035 Insulae.

1769 4088 1938 4129 vero:
1973 4071 2103 4144 quid
2134 4069 2278 4127 enim
2313 4070 2418 4124 diis
2469 4067 2889 4123 immanissimis‘
2929 4075 3146 4122 tantum
3195 4083 3340 4124 curae

1770 4167 1880 4222 sint
1908 4166 2158 4222 homines
2187 4164 2256 4218 ab
2276 4160 2469 4217 exsilio
2494 4160 2809 4226 revocandi,
2851 4168 3114 4230 quantum
3147 4160 3340 4231 imagi-

1770 4272 1869 4313 nes
1921 4252 2310 4310 restituendae?
2340 4250 2482 4322 Ergo
2529 4251 2701 4305 nihilo
2731 4258 2920 4320 postea
2965 4250 3189 4304 meliore
3223 4252 3340 4306 solo

1771 4348 1871 4411 uti,
1907 4346 2045 4400 nihil
2078 4359 2307 4416 usquam
2341 4343 2395 4397 vi
2429 4342 2604 4397 morbi
2639 4342 2990 4396 remittente:
3032 4340 3206 4396 donec
3244 4357 3335 4396 εο-

1766 4438 1953 4491 lertior
1993 4436 2287 4506 quispiam,
2322 4434 2535 4489 acutius
2566 4435 2633 4488 de
2666 4448 2920 4502 superum
2951 4443 3129 4489 mente
3156 4434 3333 4504 conji-

129 4530 256 4587 Lévov
277 4535 589 4607 ἀνδριάντα.
624 4537 735 4591 Καὶ
756 4532 824 4608 ἦν
848 4535 1039 4600 οὕτως.
1064 4537 1214 4606 Ἅμα
1238 4534 1347 4606 γὰρ
1369 4531 1658 4602 ἀνεστάθη,

1772 4530 1917 4583 ciens
1948 4569 1965 4595 ,
2012 4526 2222 4582 exsulis
2281 4525 2502 4581 nomine
2545 4525 2849 4580 demersam
2896 4523 3045 4579 illam
3099 4532 3334 4580 statuam

131 4621 198 4673 cal
222 4625 369 4690 εὐθὺς
401 4628 436 4699 ἡ
471 4628 574 4697 μὲν
600 4628 671 4697 γῆ
699 4627 1007 4691 ἀνέϐαλλεν,
1041 4626 1091 4680 οἱ
1117 4626 1176 4679 δὲ
1205 4625 1438 4696 ἐκώμων
1475 4624 1661 4694 Δήμη-

130 4727 193 4781 ιρι
206 4714 394 4772 λοιπόν.
428 4719 559 4782 Πῶς
585 4714 678 4772 οὖν
708 4721 767 4773 οὐ
800 4721 1071 4791 τεκμήρια
1097 4717 1272 4773 ταῦτά
1297 4720 1432 4771 εἰσιν
1455 4714 1658 4786 ἐναργῆ

131 4800 200 4868 τῆς
226 4803 549 4876 θεοπρεποῦς
579 4807 892 4879 ἀθλητικῆς,
921 4810 1002 4862 ὅτι
1027 4809 1145 4862 ἐστὶ
1169 4807 1520 4877 θεοτίμητος;
1548 4805 1659 4858 Καὶ

124 4890 210 4961 γὰρ
236 4896 322 4948 καὶ
351 4898 443 4950 ἐπὶ
473 4896 774 4952 πεντάθλου
807 4898 1076 4969 ἀνδριάντι
1119 4897 1432 4969 ὑϐρισμένῳ
1472 4895 1661 4965 ἐμήνι-

122 4999 201 5036 σαν
226 4988 272 5039 οἱ
296 4988 422 5055 θεοὶ,
457 4990 555 5044 καὶ
582 4991 782 5061 Λοκροὶ
806 4990 1098 5063 ἐπείνησαν
1124 4989 1211 5043 διά
1240 4988 1428 5050 τοῦτο,
1467 4986 1656 5057 ὥσπερ

115 5074 296 5143 Θάσιοι,
322 5081 426 5144 ἕως
455 5082 660 5145 αὐτοὺς
685 5082 872 5136 ἰάσατο
896 5082 1071 5151 λόγιον
1096 5083 1187 5137 σὸν
1217 5080 1339 5153 ἔχον
1377 5079 1547 5142 οὕτως
1567 5097 1580 5110 ’

1766 4620 1987 4690 intelligi
2013 4619 2360 4674 declarasset.
2400 4616 2468 4672 Et
2505 4631 2661 4679 vere.
2683 4613 2821 4669 Nam
2851 4615 3014 4671 simul
3039 4624 3202 4686 atque
3233 4631 3338 4672 suo

1765 4713 1997 4783 reposita
2028 4712 2149 4766 loco
2180 4709 2301 4773 fuit,
2332 4709 2636 4780 germinare
2668 4718 2811 4762 terra
2843 4709 3101 4763 continuo
3124 4749 3139 4773 ,
3190 4707 3337 4762 Tha-

1765 4809 1941 4877 siique
1966 4792 2218 4872 deinceps
2243 4816 2495 4869 agrorum
2527 4801 2775 4856 ubertate
2821 4801 3047 4871 gliscere
3076 4815 3141 4856 ac
3168 4800 3332 4855 luxu-

1765 4894 1909 4946 riare
1934 4897 2238 4960 coeperunt.
2280 4887 2415 4954 Quis
2439 4889 2555 4944 haec
2594 4904 2761 4959 porro
2806 4905 2916 4945 non
2952 4904 3052 4959 pro
3090 4890 3334 4946 certissi-

1763 4982 1867 5036 mis
1894 4979 2227 5051 argumentis
2265 4979 2480 5043 haheat,
2509 4994 2671 5050 quam
2700 4979 2824 5049 jure
2846 4995 2910 5034 ac
2936 4979 3131 5035 merito
3159 4978 3330 5034 divini

1763 5075 1999 5129 honores
2022 5072 2216 5127 divinas
2245 5072 2569 5126 athletarum
2601 5072 2653 5125 vi
2691 5081 2746 5127 et
2788 5069 3068 5126 industria
3093 5071 3330 5127 debean-

121 5171 230 5223 tur?
259 5172 385 5230 Nam
438 5186 494 5232 et
542 5187 764 5247 propter
814 5179 1038 5233 alterius
1077 5177 1515 5249 quinquertionis
1566 5182 1802 5227 statuam
1860 5169 1995 5223 alias
2051 5167 2304 5222 violatam
2362 5182 2617 5222 exarsere
2653 5167 2750 5232 dii,
2778 5182 2880 5222 nec
2924 5166 3134 5220 minore
3166 5165 3327 5224 Locri

117 5276 370 5336 Propterea
403 5287 569 5342 quam
614 5271 797 5327 Thasii
828 5272 972 5327 fame
1016 5273 1351 5339 laborarunt,
1389 5273 1559 5328 donec
1594 5280 1648 5323 tu
1686 5279 1905 5337 quoque
1934 5263 2039 5318 hoc
2064 5275 2328 5332 responso
2359 5261 2718 5317 calamitatem
2747 5261 2954 5316 levares
2989 5279 3005 5315 :

119 5382 212 5435 Ἐγ
229 5386 355 5457 τιμῇ
384 5388 493 5441 τὸν
510 5387 725 5458 ἄτιμον
747 5391 925 5459 ἔχων,
945 5390 1080 5443 τότε
1096 5388 1271 5458 γαῖαν
1302 5386 1574 5456 ἁρώσεις-

1755 5376 1934 5432 Redde
1963 5378 2119 5431 decus
2152 5375 2277 5429 laeso
2300 5391 2321 5440 ,°
2350 5392 2490 5446 seges
2517 5375 2695 5445 ampla
2725 5385 2966 5445 sequetur
2998 5382 3261 5429 aratrum.

126 5493 298 5591 Οιξγάρ
330 5498 529 5571 Λοκροὶ
558 5499 784 5570 ᾔσθοντο
823 5500 1060 5563 διανοίας
1095 5499 1247 5563 θείας
1288 5500 1551 5570 πρότερον
1575 5540 1590 5565 ,
1614 5497 1649 5568 ἢ

1772 5486 1869 5546 Nec
1903 5490 2049 5544 enim
2081 5487 2325 5545 divinum
2355 5486 2422 5542 iis
2453 5486 2742 5542 consilium
2773 5484 3020 5542 subolere
3053 5496 3178 5541 ante
3225 5500 3327 5558 po-

183 5657 204 5683 ·
228 5649 302 5701 le.
334 5650 605 5716 ἀνέξεται.
683 5652 713 5692 Β
738 5653 821 5705 ἵσ.
851 5652 1159 5724 ἀπειλήσει.

187 5776 279 5849 (³6)
317 5783 511 5849 Θασίῳ
540 5784 757 5853 πύκτῃ.
793 5783 1109 5855 Theogenes
1130 5785 1176 5841 is
1199 5783 1322 5840 fuit.
