3862 6220
115 326 201 382 40!
1263 334 1586 390 PRASPAR.
1622 335 1881 396 EVANG.
1920 337 2046 393 LIB.
2091 338 2151 392 Υ.
3241 336 3349 391 402

115 446 231 515 ἡμῖν
260 443 327 497 τὰ
353 445 481 516 περὶ
497 443 593 499 τοῦ
620 445 851 501 θανάτου
885 449 1093 516 ἔδειξας
1122 453 1217 507 καὶ
1244 453 1345 524 τῆς
1376 454 1524 525 ζωῆς
1542 496 1558 521 ,
1592 457 1665 509 ὅτι

1780 458 1975 514 mortis
2027 458 2421 522 decreverunt,
2475 457 2621 526 quod
2665 456 2842 513 lenius
2893 456 3243 512 Claaritonem
3297 468 3350 512 et

116 532 383 586 κάλλιστόν
427 534 479 586 τί
523 535 672 590 ἐστιν
713 538 748 608 ἡ
795 538 1103 609 ζιιιή.›Ἑπὶ
1137 540 1347 607 τούτοις
1376 543 1549 600 ἅπασι
1580 547 1665 601 και

1783 545 2148 616 Melanippum
2177 546 2447 603 habuerit.
2491 547 2561 601 At
2603 554 2660 602 tu
2693 547 2819 602 vitae
2849 548 3150 618 mortisque
3182 549 3352 603 ratio-

113 623 214 677 ςόδε
240 624 599 694 προσ-κείσθω.

590 908 986 964 ΚΕΦΔΛΔΙΟΝ
1038 913 1177 978 AC7.

121 1016 225 1071 Ὅτι
263 1018 358 1073 καί
395 1016 511 1087 τὴν
535 1018 782 1089 ἄψυχον
811 1019 970 1088 ὕλην
1000 1020 1203 1077 σέϐειν
1240 1022 1665 1092 προσέταττον.

125 1149 144 1182 ι
179 1130 351 1186 Ἀλλὰ
374 1131 474 1185 καὶ
523 1133 852 1201 Μηθύμνης
880 1132 991 1204 (42)
1020 1133 1260 1202 ναέταις
1288 1135 1446 1190 πολὺ
1487 1136 1671 1193 λώϊον

118 1271 415 1339 humor
441 1270 654 1340 τιμῶσι
674 1274 984 1328 Διονύσοιο
1012 1273 1302 1343 κάρηνον.
1354 1205 1564 1279 [ἔσται
1583 1249 1597 1273 ’

119 1386 288 1443 Θύουσι
314 1386 425 1458 γὰρ
458 1388 517 1441 αί
548 1387 734 1452 πόλεις
762 1389 857 1442 καὶ
888 1387 1108 1453 τελετὰς
1145 1389 1390 1459 ἄγουσιν,
1424 1392 1486 1445 οὐ
1514 1393 1673 1464 μόνον

119 1480 372 1550 φαλληνοῖς
393 1479 672 1533 Διονύσοιο
703 1481 979 1553 καρήνοις,
1012 1480 1150 1536 ἀλλὰ
1177 1484 1271 1536 καὶ
1306 1483 1548 1549 λιθίνοις,
1578 1485 1673 1539 καὶ

118 1574 367 1646 χαλκέοις,
421 1577 520 1629 καὶ
570 1575 842 1647 χρυσέοις.
883 1575 994 1646 (43)
1027 1576 1102 1629 Οὐ
1151 1576 1313 1648 μόνον
1359 1577 1670 1650 φαλληνοῖς,

118 1666 231 1719 ἀλλὰ
254 1667 559 1730 καὶ;αὒτοῖς
584 1668 697 1729 τοῖς
733 1665 1051 1731 Διονυσίοις,
1077 1668 1173 1720 καὶ
1201 1665 1382 1730 ἄλλοις
1412 1669 1670 1739 παμπόλ-

1777 655 1896 703 nes,
1930 639 2020 693 vix
2052 640 2200 704 licet,
2234 640 2491 708 praeclare
2520 648 2698 693 tamen
2728 639 3066 709 expressisti,
3094 639 3223 695 dum
3247 639 3351 693 hoc

1770 725 1920 782 facto
1965 730 2128 783 vitam
2172 729 2436 785 eximium
2489 729 2747 799 quiddam
2777 743 2899 785 esse
2918 728 3335 801 comprobasti.»

1762 820 1976 888 Quibus
2000 824 2255 879 omnibus
2281 824 2387 879 hoc
2414 833 2749 893 postremum
2779 820 3159 893 adjungamus.

2309 917 2539 974 CAPUT
2578 916 2819 973 XXXVI.

1807 1029 1943 1084 Illos
1968 1030 2129 1083 etiam
2148 1029 2397 1098 jussisse,
2427 1037 2484 1082 ut
2512 1029 2737 1082 materia
2768 1028 3009 1081 inanima
3037 1026 3318 1083 coleretur.

1781 1161 1800 1195 ι
1838 1142 1937 1197 lle:
1962 1144 2057 1196 tibi
2092 1140 2410 1212 Methymna:
2438 1141 2643 1212 felicius
2675 1139 2850 1195 incola
2877 1140 3041 1208 cedet,

1778 1282 1837 1339 Si
1862 1283 2061 1337 Bacchi
2086 1291 2243 1353 caput
2268 1298 2333 1337 ea:
2367 1284 2516 1337 tereti
2546 1281 2852 1337 venerabere
2881 1279 3046 1351 ligno.

1772 1395 1983 1451 Passim
2031 1397 2231 1467 quippe
2275 1395 2522 1451 civitates
2551 1435 2565 1459 ,
2613 1410 2722 1448 non
2774 1394 2956 1463 lignea
2999 1391 3201 1457 modo,
3255 1390 3349 1445 sed

1773 1490 1937 1543 etiam
1967 1488 2201 1558 lapidea,
2233 1502 2395 1552 aerea,
2420 1501 2588 1540 aurea
2620 1485 2815 1540 Bacchi
2840 1484 3041 1554 capita,
3070 1480 3351 1539 sacriﬁciis

1774 1594 1839 1633 ac
1873 1579 2029 1634 statis
2060 1578 2417 1648 religionibus
2448 1586 2819 1631 venerantur:
2854 1576 2966 1629 imo
3003 1589 3112 1627 non
3151 1572 3349 1627 Bacchi

1776 1677 1987 1723 tantum
2020 1668 2198 1738 capita
2218 1708 2233 1732 ,
2264 1667 2360 1722 sed
2390 1667 2529 1723 alios
2558 1666 2721 1721 etiam
2751 1667 3041 1737 plerosque
3063 1664 3227 1730 deos,
3255 1663 3351 1732 qui

117 1759 209 1823 λοις
244 1758 556 1821 Ἦσιοδείοις
602 1756 764 1821 θεοῖς.
824 1757 958 1829 Τρὶς
984 1756 1094 1828 γὰρ
1138 1757 1215 1820 ὠς
1244 1757 1461 1829 ἀληθῶς
1494 1758 1665 1830 μύριοί

1777 1762 1996 1819 Hesiodi
2070 1763 2270 1818 fabulis
2335 1762 2698 1818 celebrantur.
2763 1759 3054 1814 Enimvero
3127 1757 3350 1829 triginta

118 1855 230 1908 τίσιν
256 1854 343 1906 ἐπὶ
370 1851 529 1923 χθονὶ
558 1850 975 1923 πουλυϐοτείρῃ,
1000 1849 1101 1902 οὐκ
1130 1848 1408 1915 ἀθάνατοι,
1440 1850 1580 1904 ἀλλὰ
1601 1850 1674 1903 λί-

118 1944 229 1999 θινοι
254 1945 340 1998 καὶ
366 1942 572 2009 ξύλινοι
599 1942 854 1996 δεσπόται
885 1939 1221 2012 ἀνθρώπων·
1257 1940 1331 2005 οἳ,
1376 1942 1425 1994 εί
1457 1940 1670 2014 ἀνθρώ-

119 2052 215 2090 πων
234 2035 379 2106 ὓϐριν
405 2052 467 2089 τε
492 2034 591 2089 κοιλ¹
617 2033 875 2104 εὐνομίην
905 2031 1183 2103 ἐφεώρων,
1221 2033 1325 2086 οὐκ
1370 2032 1438 2086 ἂν
1481 2030 1674 2086 τοσοῦ-

118 2141 191 2189 τος
209 2125 336 2197 ilqu
374 2125 567 2196 λῆρος,
607 2123 749 2177 ὥστε
772 2122 984 2193 καίἧδη
1012 2122 1107 2176 καὶ
1156 2124 1350 2194 μέχρις
1391 2122 1545 2193 ὑμῶν
1577 2139 1673 2175 κε-

116 2215 390 2287 χωρηκέναι
418 2216 481 2269 τὸ
506 2215 701 2279 κακὸν,
722 2212 1006 2267 ὲπιδιαϐὰν
1032 2216 1126 2268 καὶ
1153 2217 1234 2277 είς
1257 2213 1348 2267 τὸν
1369 2213 1670 2284 Ὄλυμπον,

117 2308 355 2378 concinam,
381 2307 536 2363 θεῶν
560 2307 701 2375 ἕδος
718 2307 994 2377 ἀσφαλὲς
1027 2308 1159 2361 alet.
1197 2306 1391 2360 Καίτοι
1420 2308 1467 2360 εί
1497 2310 1673 2378 ἀσφα-

88 2393 278 2471 ’λὲςῆν,
301 2400 397 2453 οὐκ
419 2394 490 2472 ἦν
524 2398 787 2452 ἐπιϐατὸν
814 2398 983 2471 λήρῳ,
1017 2398 1126 2451 οὐδ’
1150 2397 1216 2451 ἂν
1248 2392 1330 2463 εἷς
1360 2416 1446 2463 τις
1483 2399 1673 2470 Ὀλυμα

117 2492 227 2544 πίων
251 2494 326 2556 είς
354 2491 515 2546 τοῦτο
542 2486 681 2563 ἦλθε
708 2491 1029 2563 παρανοίας,
1068 2489 1198 2544 ὥστ’
1222 2490 1431 2544 ἐλάϊνον
1466 2492 1672 2564 κορμὸν

119 2581 282 2636 θεῶσαι
301 2600 314 2614 ·
349 2583 409 2637 ὃν
445 2584 497 2636 οἱ
527 2581 878 2654 Μηθυμναῖοι
904 2581 1151 2653 σαγήνης
1185 2580 1535 2653 ἐμπλακέντα
1558 2582 1671 2645 τοῖς

114 2672 247 2739 λίνοις
294 2674 652 2738 ἀνείλκυσαν,
699 2673 794 2727 καὶ
821 2674 921 2739 δὶς,
962 2675 1011 2728 εί
1036 2674 1237 2745 βούλει,
1266 2673 1360 2728 καὶ
1391 2675 1531 2745 τρὶς,
1573 2673 1670 2726 καὶ

116 2765 365 2831 πλεονάκις
405 2769 466 2820 ὲν
503 2765 588 2837 τῷ
616 2763 766 2837 αὐτῴ
794 2765 1182 2837 σαγηνεύοντες
1226 2764 1505 2837 ἄνθρωποι
1525 2804 1542 2829 ,
1577 2764 1672 2819 καὶ

116 2854 164 2921 ἔξ
182 2858 374 2911 ἐκείνου
406 2859 489 2923 είς
519 2857 590 2910 τὸ
617 2856 852 2910 Διϐυκὸν
880 2855 1271 2921 ἐξοκείλαντες,
1311 2856 1418 2910 οὐδ’
1465 2859 1547 2919 είς
1571 2855 1672 2926 τὴν

115 2942 196 3012 γῆν
221 2943 318 3010 ἔξω
331 2944 661 3007 ἐκϐαλόντες
690 2944 851 2998 αὐτόν
870 2960 884 2974 ο
920 2944 1045 2997 ἐπεὶ
1066 2945 1168 2999 οὐκ
1195 2943 1289 3003 ἂν.
1312 2944 1388 3015 μὰ
1429 2944 1522 2998 τὸν
1548 2944 1670 2999 Διό-

116 3049 261 3101 νυσον,
289 3035 365 3090 ἔτι
387 3038 579 3100 αὐτοῖς
600 3034 871 3107 ὲνεπλάκη
900 3038 1011 3099 τοῖς
1030 3035 1217 3101 λίνοις.
1248 3036 1389 3090 Ἀλλ’
1415 3037 1475 3105 ἐξ
1498 3037 1668 3113 ἄκρου

119 3126 429 3199 κεφαλοειδὴς
480 3130 511 3182 ὁ
545 3128 756 3200 κορμὸς
796 3125 1085 3198 (Ἄπολλον
1109 3167 1125 3192 ,
1154 3126 1304 3193 ξένου
1339 3127 1453 3199 (44)
1497 3145 1665 3182 κατα-

121 3220 458 3293 σκευάσματος
474 3221 524 3292 ί)
549 3221 606 3275 τί
637 3222 753 3274 ποτ’
778 3216 870 3275 οὖν
896 3220 1163 3292 ἔπραττεν
1197 3222 1261 3274 ὲν
1278 3220 1356 3293 τῷ
1406 3222 1663 3291 πελάγει;

120 3310 407 3386 ἀπορήσειεν
450 3315 519 3369 ἄν
559 3331 669 3378 τις.
714 3313 779 3366 Τί
820 3313 929 3385 γὰρ
976 3313 1453 3387 ωλοῆὲκάθητω
1486 3314 1551 3386 νὴ
1572 3315 1665 3369 τὸν

122 3400 214 3465 Δία,
242 3405 519 3476 ἀναμένων
575 3404 683 3468 ἓως
726 3403 1001 3478 ἄνθρωποι
1047 3405 1361 3477 μαινόμενοι
1419 3406 1518 3478 (οὐ
1555 3407 1664 3478 γὰρ

125 3497 247 3568 φήσω
264 3500 342 3553 ὅτι
370 3501 464 3554 καὶ
493 3499 648 3565 θεοὶ)
686 3500 1093 3572 ἐγκυρήσαντες
1111 3497 1281 3569 αὐτῷ,
1307 3498 1368 3552 οὐ
1386 3497 1660 3563 Διοπετὲς,

125 3588 229 3642 ἀλλὰ
264 3590 728 3655 Ποσειδωνοπετὲς
767 3591 1102 3662 ἡγήσωνται,
1140 3591 1374 3645 κᾶπειτα
1424 3591 1503 3654 εἰς
1529 3588 1663 3642 ἄστυ

125 3677 458 3748 ἀπαγάγωσιν,
492 3682 689 3754 ὥσπερ
707 3681 829 3735 τινὰ
853 3681 1061 3754 ἀγαθὴν
1082 3679 1271 3752 τύχην,
1296 3682 1473 3752 κακὴν
1499 3675 1663 3735 οὖσαν

124 3768 180 3834 ὡς
205 3772 400 3843 ἀληθῶς
422 3816 438 3841 ,
467 3774 532 3827 οὐ
581 3772 773 3843 τύχην,
808 3772 942 3826 ἀλλὰ
968 3772 1253 3842 τυφεδόνα.
1287 3773 1357 3825 ’Ἡ
1380 3772 1479 3825 οὑκ
1504 3772 1663 3843 ἢρκει

126 3857 209 3930 ἄρα
225 3863 391 3927 αὐτοῖς
413 3863 633 3919 οἴκοθεν
657 3862 986 3927 διολλύουσα,
1015 3861 1129 3913 ἀλλ’
1162 3860 1331 3932 αὐτὴν
1359 3860 1606 3931 ὲπέρωσέ
1635 3873 1662 3902 ι

126 3965 172 4005 τε
196 3956 275 4008 καὶ
296 3957 682 4027 προσεπέτεινε
711 3954 1054 4025 θεοπληξίας,
1088 3952 1162 4017 ὼς
1195 3952 1259 4006 ἄν
1289 3970 1372 4017 τις
1398 3952 1574 4017 εἴποι,
1600 3954 1665 4005 ἐκ

124 4043 307 4121 Δελφῶν
332 4050 720 4119 μετάπεμπτος
740 4046 997 4119 ἐπιθήκη.
1033 4064 1052 4097 ι
1082 4044 1319 4098 Τοιαῦτα
1348 4044 1445 4097 καὶ
1466 4045 1500 4119 ’ὁ
1521 4043 1666 4097 Οἰνό-

129 4150 254 4203 μαος.
289 4136 442 4191 Ἀλλὰ
465 4138 579 4210 γὰρ
612 4137 751 4209 μετὰ
789 4136 856 4190 τὰ
890 4134 1178 4208 εἰρημένα,
1228 4133 1468 4206 μεταϐὰς
1508 4129 1664 4197 αὖθις

127 4226 202 4281 ἐπὶ
213 4232 299 4303 τὴν
327 4235 389 4287 ὲκ
418 4232 620 4302 λογίων
654 4231 968 4302 φιλοσοφίαν
997 4228 1090 4284 τοῦ
1118 4229 1214 4302 τὴν
1236 4229 1356 4283 καθ’
1373 4229 1529 4301 ἡμῶν
1556 4229 1666 4283 δια-

130 4317 259 4393 ϐολὴν
288 4325 656 4396 πεποιημένου
686 4365 700 4390 ,
736 4322 1004 4392 ἀνάγνωθι
1037 4325 1102 4375 ὲκ
1143 4321 1252 4374 τῶν
1287 4322 1417 4393 περὶ
1470 4323 1665 4393 εἱμαρ-

133 4412 271 4485 μένης
290 4416 378 4470 τοῦ
399 4417 607 4471 Πυθίου
642 4414 908 4487 χρησμῶν
926 4433 939 4445 ·
972 4417 1021 4468 εἰ
1045 4414 1120 4487 μὴ
1144 4413 1240 4467 καὶ
1268 4413 1350 4466 σοὶ
1375 4412 1525 4475 θείας
1568 4412 1663 4464 ἀλ-

131 4501 303 4577 λότριος
330 4508 401 4563 ὢν
426 4510 716 4580 δυνάμεως
750 4508 829 4561 ἔτι
867 4506 1088 4579 μᾶλλον,
1123 4507 1151 4558 ὁ
1192 4507 1321 4579 περὶ
1358 4504 1467 4558 τῶν
1504 4503 1664 4577 θρυλ-

133 4593 364 4668 λουμένων
398 4601 750 4674 χρηστηρίων
809 4601 1160 4653 ὑποπεσεῖται
1194 4598 1370 4668 λόγος.

1772 1855 1955 1926 plane,
2001 1870 2113 1910 non
2159 1855 2273 1925 jam
2303 1854 2730 1920 immortalium,
2778 1851 2871 1908 sed
2903 1851 3263 1922 lapideorum,
3297 1860 3352 1905 et

1772 1947 2074 2018 ligneorum
2096 1946 2322 2001 humani
2345 1946 2559 2016 generis
2584 1944 2931 2000 dominorum
2959 1942 3149 2007 millia,
3165 1942 3351 1997 nutrix

1772 2036 2130 2107 animantium
2163 2046 2307 2092 terra
2333 2037 2734 2107 complectitur,
2764 2038 2855 2105 qui
2887 2034 3151 2105 profecto,
3183 2034 3230 2089 si
3257 2049 3352 2088 co-

1772 2129 2084 2201 gnoscendo
2129 2128 2414 2184 hominum
2465 2129 2657 2184 sceleri
2684 2172 2699 2190 ,
2747 2127 2968 2198 jurique
3014 2134 3349 2196 praeessent,

1773 2236 2054 2291 nunquam
2080 2237 2146 2277 eo
2172 2237 2441 2292 nugarum
2465 2222 2682 2277 vanitas
2704 2220 3055 2286 excrevisset,
3078 2218 3157 2273 uti
3189 2216 3356 2289 234

1773 2315 1841 2370 ad
1865 2331 1963 2371 vos
2008 2330 2183 2385 usque
2222 2314 2427 2368 malum
2473 2313 2821 2384 perveniret,
2868 2310 3097 2382 Olympo
3133 2324 3351 2379 qucque

1772 2416 2050 2479 superato,
2076 2408 2169 2461 ubi
2202 2407 2411 2473 divum,
2438 2407 2618 2460 aiunt:
2645 2403 2805 2460 Sedes
2826 2420 3013 2458 secura
3042 2419 3133 2473 per
3158 2418 3346 2457 ravum.

1772 2496 1905 2565 Quae
1938 2497 2205 2553 securitas
2237 2496 2284 2551 si
2315 2511 2441 2551 vere
2466 2496 2789 2565 iactaretur,
2818 2508 2992 2563 nugas
3024 2508 3217 2549 omnes
3254 2507 3355 2548 ex-

1770 2590 2049 2654 cluderet,
2102 2603 2204 2644 nec
2245 2586 2619 2660 Olympiorum
2665 2586 2955 2657 quisquam
3003 2599 3071 2639 eo
3114 2586 3353 2640 vesaniae

1770 2680 2113 2744 devenisset,
2151 2687 2211 2732 ut
2257 2676 2541 2747 oleagineo
2568 2674 2783 2731 caudici
2818 2673 3159 2729 divinitatem
3204 2675 3352 2729 inse—

1770 2780 1935 2826 reret.
2006 2769 2162 2825 lllum
2231 2767 2431 2824 etenim
2500 2780 2714 2837 sagenae
2774 2766 3008 2836 plagulis
3077 2765 3349 2821 irretitum

1770 2861 2213 2933 Methymnenses
2236 2868 2606 2922 extraxerant,
2635 2858 2800 2928 idque
2825 2858 2994 2912 semel
3017 2858 3347 2927 iterumque,

1770 2952 1819 3009 si
1852 2952 2070 3021 placet,
2116 2951 2228 3005 imo
2260 2949 2425 3005 etiam
2478 2948 2637 3003 tertio
2662 2988 2678 3015 ,
2729 2947 2816 3001 vel
2849 2946 3047 3017 saepius
3093 2946 3351 3003 demissis

1769 3040 2024 3098 eumdem
2062 3039 2115 3095 in
2139 3040 2319 3095 locum
2350 3039 2558 3095 retibus
2598 3035 2883 3094 fecerant:
2930 3037 3058 3094 inde
3089 3052 3222 3092 vero
3257 3036 3350 3092 Li-

1696 3104 1738 3161 θ
1771 3134 1970 3207 bycum
2014 3132 2069 3186 in
2119 3147 2271 3187 mare
2296 3131 2482 3195 delati,
2523 3144 2872 3200 nequaquam
2902 3145 3028 3184 eum
3061 3129 3116 3183 in
3146 3137 3349 3185 terram

1770 3234 2141 3283 excusserant.
2181 3223 2239 3279 Id
2271 3223 2418 3278 enim
2460 3223 2505 3279 si
2553 3222 2851 3287 fecissent,
2905 3236 3016 3277 non
3057 3222 3175 3293 jam
3201 3262 3217 3287 ,
3252 3238 3350 3293 per

1768 3316 2066 3385 Bacchum,
2096 3317 2317 3373 easdem
2349 3315 2417 3371 ad
2442 3314 2689 3387 plagulas
2724 3314 3064 3371 adlmsisset.
3100 3313 3172 3369 At
3197 3315 3347 3371 enim

1769 3410 1979 3464 caudex
2006 3409 2061 3462 in
2092 3408 2287 3478 capitis
2318 3407 2554 3478 speciem
2593 3422 2624 3461 a
2656 3422 2877 3462 summo
2914 3407 3099 3477 stipite
3124 3407 3346 3463 confor-

1769 3512 1951 3556 matus
1986 3501 2132 3572 (rem
2157 3542 2174 3568 ,
2210 3516 2244 3556 o
2284 3500 2506 3571 Apollo,
2549 3500 2843 3555 admodum
2880 3498 3252 3571 prodigiosam
3282 3500 3295 3553 !
3326 3500 3345 3569 )

1771 3590 1904 3661 quid
1946 3606 2131 3645 rarum
2178 3590 2233 3645 in
2284 3592 2472 3646 mari?
2514 3598 2723 3661 quaerat
2775 3590 3010 3646 fortasse
3048 3590 3343 3661 quispiam.

1774 3681 1917 3749 Quid
1960 3698 2090 3739 vero
2134 3683 2318 3750 aliud,
2363 3682 2468 3739 nisi
2515 3692 2581 3737 ut
2618 3683 2816 3738 ibidem
2861 3681 3121 3753 iaceret?
3166 3679 3349 3737 Donec

1774 3773 2050 3829 enimvero
2070 3772 2261 3829 furiosi
2285 3774 2555 3840 homines,
2579 3774 2762 3845 (piget
2785 3775 2930 3830 enim
2962 3774 3093 3829 deos
3119 3771 3347 3842 dicere,)

1771 3862 1826 3918 in
1856 3878 1980 3918 eum
2012 3862 2336 3931 incidentes,
2372 3879 2481 3917 non
2520 3879 2551 3918 a
2579 3861 2713 3919 Jove
2749 3864 3049 3920 demissum
3085 3863 3302 3935 quidem
3329 3902 3344 3925 ,

1771 3954 1868 4011 sed
1917 3970 1949 4009 a
2009 3955 2259 4025 Neptuno
2316 3956 2578 4011 emissum
2627 3955 3347 4025 crederent,eumdemque

1770 4049 2119 4120 postmodum
2148 4048 2203 4101 in
2233 4048 2444 4112 urbem,
2477 4046 2753 4117 quoddam
2780 4048 2947 4104 veluti
2980 4047 3214 4104 fortunae
3255 4048 3344 4102 lae-

1772 4140 1928 4195 tioris
1968 4155 2126 4194 omen
2155 4181 2171 4205 ,
2220 4138 2568 4204 inveherent,
2620 4138 2891 4195 funestam
2941 4155 3001 4195 re
3038 4140 3190 4210 ipsa,
3234 4156 3345 4195 non

1770 4227 2071 4297 fortunam,
2099 4230 2191 4286 sed
2222 4229 2394 4285 facem
2422 4231 2576 4286 urbis
2604 4231 2866 4286 futuram.
2895 4229 3006 4287 Nec
3032 4233 3181 4286 enim
3212 4232 3345 4288 satis

1769 4321 2025 4376 videlicet
2057 4321 2123 4376 ad
2168 4321 2393 4379 exitium
2444 4321 2512 4377 iis
2543 4332 2661 4378 erat
2691 4322 2947 4377 intestina
2986 4323 3190 4393 pestis,
3217 4320 3343 4378 ’nisi

1770 4413 1926 4469 novis
1953 4428 2074 4468 eam
2104 4414 2457 4468 incrementis
2485 4430 2551 4469 ac
2582 4414 2787 4469 viribus
2818 4415 3050 4469 incussae
3076 4415 3341 4470 divinitus

1766 4506 1939 4576 plagae
1962 4506 2207 4561 accessio
2235 4504 2476 4576 Delphis,
2508 4516 2569 4561 ut
2598 4507 2671 4561 ita
2707 4507 2922 4576 loquar,
2957 4506 3221 4561 arcessita
3247 4521 3344 4560 cu-

1766 4597 2018 4650 mularet.
2054 4614 2072 4647 »
2104 4594 2379 4651 Hactenus
2404 4596 2738 4653 OEnomaus.
2777 4596 2934 4653 Nunc
2960 4612 3089 4653 vero
3120 4598 3187 4652 ad
3219 4611 3340 4652 earn

133 4703 289 4752 mrsus
320 4699 663 4754 oraculorum
698 4696 1092 4767 philosophiam
1133 4695 1314 4750 animo
1353 4702 1407 4749 et
1450 4692 1778 4765 cogitatione
1823 4690 2122 4756 conversis,
2169 4707 2332 4762 qnam
2383 4692 2685 4749 maledicus
2743 4693 2832 4748 ille
2886 4709 3070 4749 rerum
3129 4702 3342 4748 nostra-

137 4800 231 4843 tum
262 4806 441 4850 censor
480 4794 830 4864 conscripsit,
868 4792 1066 4864 legesis
1115 4808 1181 4848 ex
1229 4792 1296 4847 iis
1337 4791 1614 4862 responsis
1650 4791 1853 4861 aliqua,
1897 4805 2027 4859 quae
2067 4790 2134 4845 de
2191 4788 2304 4843 fato
2356 4787 2609 4859 Pythium
2647 4786 2885 4843 edidisse
2923 4793 3338 4841 commemorat.

136 4879 198 4937 Ac
217 4884 322 4943 vide
343 4904 470 4945 num
498 4888 768 4961 ejusmodi
818 4903 1038 4959 quoque
1065 4888 1161 4943 tibi
1190 4888 1401 4943 accidat
1427 4894 1538 4942 tota
1584 4887 1699 4941 haec
1733 4885 1801 4940 de
1827 4884 2047 4956 jactatis
2090 4883 2298 4954 pridem
2341 4883 2581 4939 oraculis
2633 4881 2952 4953 disputatio,
2988 4890 3049 4935 ut
3074 4895 3194 4935 eam
3219 4895 3338 4932 mu-

141 4975 206 5047 sis
230 4982 376 5038 etiam
400 5000 567 5056 quam
606 4982 914 5056 superiores
958 4983 1027 5039 ab
1060 4983 1209 5039 omni
1231 4984 1412 5039 divina
1442 4984 1640 5038 virtute
1677 4997 1903 5036 vacuam
1928 4980 2114 5036 haberi
2142 4989 2299 5050 putes
2320 4988 2589 5051 oportere.
2932 4970 2937 4975 ’

192 5145 215 5175 ι
239 5137 313 5192 ia.
344 5140 643 5214 ὲπέρῤωσε.

143 5291 290 5423 ὼῗὲ
334 5299 513 5356 Ἀλλὰ
565 5302 665 5356 καὶ
709 5300 1057 5371 Μηθύμνης.
1116 5297 1353 5353 Consule
1401 5296 1662 5351 observa-

167 5433 288 5560 ,(ιῗέ
319 5438 444 5498 Post
485 5442 770 5560 XgUd’éth,
820 5455 927 5495 non
958 5438 1146 5494 dubito
1197 5436 1329 5507 quin
1375 5436 1661 5505 legendum

170 5512 200 5557 It
335 5512 487 5560 μόνον
594 5509 659 5560 αὖ
693 5515 804 5560 τοῖς
829 5509 1121 5560 Διονυσίοις
1144 5548 1160 5560 .
1193 5507 1331 5560 ἀλλὰ
1361 5509 1456 5560 καὶ
1484 5506 1661 5560 ἄλλοις

144 5506 200 5557 sit
237 5506 311 5582 oin
332 5506 560 5582 povov'b‘
594 5509 659 5566 αὖ
693 5506 804 5577 τοῖς
829 5509 1121 5582 Διονυσίοις
1144 5548 1160 5573 ,
1184 5506 1331 5582 *ἀλλὰ
1361 5509 1457 5582 καί
1484 5506 1662 5582 ἄλλοις

147 5577 375 5645 tantum.
395 5623 411 5647 ,
436 5592 543 5636 etc.
562 5582 710 5647 Nam
753 5581 1023 5653 posterius
1052 5579 1306 5653 hoc_loco
1337 5577 1624 5653 φαλληνοίς
1643 5617 1658 5638 ,

148 5654 559 5715 ulllttt'vatmneum
614 5660 727 5719 est,
754 5648 897 5710 'eum
932 5651 1088 5722 prius
1132 5649 1362 5704 alterum
1410 5648 1660 5705 suliiciat.

1765 5294 1979 5351 Erroris
2025 5312 2208 5364 causa,
2244 5297 2303 5349 τὸ
2335 5297 2394 5349 οὐ
2428 5295 2607 5365 μόνον,
2638 5292 2805 5348 semel
2838 5292 3147 5360 iterumque
3178 5303 3308 5358 repu

1677 5368 1683 5385 ‘
1762 5367 1949 5422 situm.

1835 5436 1947 5506 (44)
1999 5438 2326 5501 Ἄπολλον,
2357 5435 2565 5506 (isnon.
2605 5433 2805 5506 Facilis
2847 5440 2963 5487 erat
3001 5429 3317 5500 conjectura

1760 5522 1884 5562 cum
1917 5502 1969 5561 in
1994 5523 2195 5564 excuso
2226 5508 2492 5577 legeretur
2527 5502 2904 5570 ’Δπολλοξένου
2923 5546 2937 5570 ,
2973 5516 3104 5558 sane
3123 5541 3139 5569 ,
3170 5516 3336 5572 quan.

1762 5579 1974 5634 vitiose.
