3856 6224
239 327 336 383 ωθ

1350 308 1671 364 ΡΠᾹΞΡΑΒ.
1714 303 1968 362 EV'ANG.
2010 300 2138 357 LIB.
2195 299 2277 352 \‘l.

3382 294 3489 348 MO

246 446 387 497 Ὅττι
417 457 483 495 κε
512 437 808 502 δινήσωσι
855 434 1066 504 μένειν
1102 432 1444 504 ἀσάλευτον
1474 428 1806 504 ἀτράκτοις.

1923 423 2156 504 innuit,
2182 430 2235 472 ut
2257 430 2416 500 _ccrto
2448 417 2703 487 quidquid
2736 417 2829 469 sub
2870 413 3058 504 pgilice
3090 414 3241 504 {lusus

244 510 390 572 Αἶσα
441 511 551 583 γὰρ
613 497 694 581 ἦν
761 497 1060 573 δολιχοῒσι
1133 503 1378 574 χρόνοις
1443 497 1814 639 πῗρικιῇλέα

1511 585 1632 637 σηκ

1511 585 1632 637 σηκ

227 626 485 725 ’Πυρσῶν
510 650 781 720 αὶώριιισι
807 644 1170 703 διιπετέεσσι
1195 616 1523 713 δαμῆναι.ιῇ

245 836 302 890 Ei
321 834 382 905 δὴ
404 826 494 885 οὖν
511 825 734 899 Μοιρῶν
759 823 1049 896 ἀτράκτοις
1079 820 1174 874 καὶ
1198 817 1307 872 τῶν
1336 813 1648 885 σεϐασμίων
1672 810 1812 864 θεῶν

243 928 290 981 οἱ
313 903 443 988 ναοὶ,
479 921 551 975 τά
568 937 627 973 τε
649 916 771 988 ἱερά
791 914 968 969 αὐτῶν
996 911 1222 983 δώματα
1249 909 1519 980 δάμναται
1543 903 1810 975 ζαπύροις

245 1020 545 1089 πωτήμασι,
576 1013 661 1076 τίς
688 1010 754 1065 ἂν
784 1008 862 1063 ἔτι
888 1008 1133 1061 λείποιτο
1156 1002 1311 1065 ἐλπὶς
1355 1001 1569 1073 θνητοῖς
1604 994 1813 1068 ἀνθρώ-

246 1124 359 1171 ποις
388 1107 486 1176 τῆς
512 1103 620 1159 τῶν
653 1099 1026 1173 πεπρωμένων
1050 1095 1376 1165 ἀποφυγῆςς
1403 1092 1465 1145 El
1493 1090 1551 1144 δὲ
1575 1089 1671 1143 καὶ
1707 1102 1813 1157 μη-

244 1200 391 1272 δεμια
415 1200 483 1252 ὲκ
507 1196 643 1251 θεῶν
665 1193 898 1264 ὑπάρχοι
929 1190 1169 1263 βοήθεια,
1201 1186 1280 1240 δεῖ
1310 1182 1367 1239 δὲ
1391 1184 1449 1251 ἐξ
1476 1182 1715 1244 ἅπαντος

250 1394 519 1453 Τετλάναι
543 1393 818 1462 Μοιράων
857 1388 1236 1460 ἀμετάτροπα
1256 1385 1443 1452 δήνεα
1470 1380 1653 1452 θυμῷ,

242 1511 381 1583 Τίςή
413 1511 544 1583 περὶ
574 1510 704 1573 τοὺς
734 1509 889 1571 θεοὺς
917 1502 1124 1578 ματαία
1164 1499 1366 1571 σπουδή
1392 1517 1406 1565 ;
1444 1498 1588 1552 εἴποι
1618 1496 1682 1550 ἄν
1702 1512 1807 1559 τις.

242 1606 301 1658 Ti
319 1604 371 1658 δὲ
388 1604 471 1658 δεῖ
493 1602 679 1673 λοιϐῆς
698 1618 758 1654 τε
779 1599 1004 1669 κνίσσης
1028 1613 1108 1659 τε,
1125 1594 1221 1649 καὶ
1240 1593 1302 1646 τὸ
1334 1595 1398 1646 ὲκ
1420 1590 1621 1644 τούτων
1644 1589 1812 1659 γέρας

241 1700 342 1761 τοῖς
376 1695 514 1767 μηδὲ
555 1694 761 1747 τούτων
820 1689 991 1757 ἀξίοις
1039 1685 1357 1755 ἀπονέμειν,
1411 1685 1459 1734 εἰ
1502 1680 1620 1735 κατ’
1656 1678 1808 1732 οὐδὲν

1932 492 2195 557 l’olrerit,
2248 484 2527 542 immotum
2583 484 2817 541 maneat.
2862 484 3061 553 Nempe
3101 485 3213 557 haec
3253 498 3454 557 quoque

1917 635 2137 688 (.‘aelitus
2164 631 2369 699 illapsis
2402 629 2528 683 olim
2562 626 2899 682 succumbere
2930 625 3161 693 ﬂammis
3198 552 3418 625 [ιεηιρια

1915 704 2114 757 Fatum
2144 712 2278 756 erat.
2321 721 2340 753 ι

1916 817 1973 871 Si
2005 832 2135 886 ergo
2169 823 2327 885 prout
2372 812 2672 868 Parcarum
2716 809 2824 865 fusi
2874 811 3114 873 tulerint,
3157 804 3493 863 venerando-

1912 927 2035 966 rum
2086 924 2305 980 quoque
2353 908 2579 963 deorum
2630 905 2865 975 templa,
2918 916 3198 972 sacraeque
3245 900 3489 970 ipsorum

1912 1003 2056 1058 cedes
2094 1002 2380 1071 igneorum
2420 997 2698 1054 turbinum
2751 998 2803 1052 vi
2849 1002 3199 1066 superantur,
3239 1003 3488 1061 quaenam
3544 1030 3551 1035 .

1912 1093 2172 1161 deinceps
2226 1090 2447 1145 miseris
2497 1087 2827 1143 mortalibus
2873 1081 3184 1139 declinandi
3226 1078 3325 1134 fati
3367 1090 3492 1146 Spes

1913 1184 2123 1254 reliqua
2154 1199 2276 1239 esse
2314 1181 2514 1253 possit?
2558 1178 2724 1251 240
2756 1175 2911 1244 Quod
2943 1175 2989 1231 si
3021 1174 3141 1245 opis
3164 1188 3195 1228 a
3219 1171 3324 1227 diis
3357 1182 3494 1239 pra-

1913 1283 2060 1332 terea
2098 1276 2233 1331 nihil
2264 1274 2601 1339 ostendetur,
2636 1272 2731 1328 sed
2780 1282 3004 1324 necesse
3030 1280 3259 1337 prorsus
3288 1264 3394 1317 erit

1914 1389 2112 1462 Equis
2138 1391 2275 1461 ferre
2311 1388 2507 1443 animis
2537 1384 2836 1440 Parcarum
2885 1380 3151 1436 immobile
3193 1379 3403 1449 fatum:

1916 1507 2213 1575 Quorsum,
2234 1506 2380 1561 dicat
2405 1502 2625 1573 aliquis,
2651 1501 2767 1555 haec
2790 1509 2902 1554 tam
2934 1509 3338 1567 supervacanea
3369 1493 3494 1548 deo-

1915 1612 2038 1652 rum
2062 1596 2116 1650 in
2150 1595 2299 1650 cultu
2330 1592 2639 1664 diligentia?
2672 1603 2936 1662 quorsum
2969 1584 3208 1656 indignis
3236 1583 3320 1637 vel
3356 1582 3491 1637 liba-

1914 1691 2014 1758 tio,
2076 1689 2159 1744 vel
2210 1688 2392 1752 nidor,
2447 1701 2678 1757 quaeque
2728 1682 2893 1739 rebus
2934 1680 3054 1737 istis
3091 1679 3271 1734 inesse
3318 1675 3491 1731 fertur

240 1791 374 1860 ἡμᾶς
391 1787 622 1858 ὠφελεῖν
654 1785 935 1847 δύνανται;
997 1779 1152 1834 Ἐπεὶ
1184 1777 1316 1848 μηδὲ
1346 1774 1457 1827 τῶν
1477 1769 1696 1841 ἀγαθῶν
1728 1767 1806 1823 δο-

1916 1784 2122 1857 praamii
2170 1785 2313 1840 ratio
2353 1784 2647 1847 tribuatur,
2683 1782 2731 1839 si
2773 1781 2921 1837 nulla
2965 1794 3067 1834 nos
3115 1778 3170 1833 in
3213 1792 3271 1832 re
3296 1775 3492 1847 iuvare

240 1882 397 1954 τῆρας
424 1878 632 1934 οἴεσθαι
656 1875 794 1949 χρῆν
825 1874 1043 1937 αὐτοὺς,
1067 1870 1258 1940 ἀλλ’ἢν
1290 1866 1384 1921 καὶ
1409 1867 1517 1918 τῶν
1549 1861 1807 1917 ἐναντίων

239 1952 538 2044 ὡμολόγουν
566 1970 766 2023 αἰτίαν.
792 1967 856 2021 El
876 1965 985 2037 γὰρ
1023 1964 1311 2035 πέπρωται
1355 1954 1662 2029 ἀνθρώποις
1696 1952 1807 2008 εἴτε

239 2082 285 2119 τι
306 2062 524 2135 ἀγαθὸν,
552 2062 663 2115 εἴτε
698 2078 752 2113 τι
800 2059 895 2112 καὶ
942 2053 1206 2117 ἐναντίον,
1242 2051 1396 2105 ἔσται
1446 2048 1506 2114 ἐξ
1540 2047 1808 2116 ἀνάγκης,

239 2158 324 2211 καὶ
354 2156 624 2229 παρέσται
664 2152 844 2215 τοῦτο,
896 2150 991 2204 καὶ
1019 2143 1378 2218 βουλομένων,
1428 2140 1523 2193 καὶ
1579 2137 1655 2210 μὴ
1699 2136 1810 2229 τῷν

240 2247 385 2303 θεῶν.
415 2227 604 2317 Μάνην
630 2242 739 2315 ἄρα
763 2242 861 2315 τὴν
898 2240 1142 2307 ἀνάγκην
1170 2231 1551 2306 θεραπευτέον,
1577 2227 1806 2301 σμικρὰ,

241 2340 427 2411 μᾶλλον
450 2339 510 2393 δὲ
541 2337 604 2390 τὸ
660 2334 827 2407 μηθὲν
879 2330 1271 2404 φροντίσαντας
1316 2324 1425 2379 τῶν
1479 2321 1639 2385 θεῶν,
1672 2322 1808 2391 μήτε

236 2433 409 2487 λυπεῖν
429 2431 573 2503 μήτε
595 2426 903 2498 εὐεργετεῖν
927 2420 1262 2493 δυναμένων.
1287 2418 1351 2471 El
1372 2414 1429 2469 δὲ
1455 2414 1519 2487 δὴ
1546 2412 1656 2467 τῶν
1675 2412 1812 2467 Μοι-

238 2524 337 2598 ρῶν
362 2523 526 2597 μόνος
558 2523 586 2576 ὁ
609 2520 704 2573 ἐπὶ
749 2517 966 2572 πάντων
1006 2512 1289 2569 ἐπιστατεῖ
1316 2508 1469 2573 Θεὸς,
1506 2505 1600 2561 καὶ
1646 2504 1809 2578 μόνος

231 2618 430 2674 τούτων
460 2615 702 2686 ὑπάρχει
748 2610 961 2684 κύριος’

1916 1878 2163 1949 possint?
2204 1876 2417 1948 Quippe
2445 1894 2515 1934 ne
2543 1878 2815 1934 bonorum
2849 1874 3069 1947 quidem
3110 1879 3356 1926 auctores
3393 1870 3493 1924 ha-

1910 1970 2026 2025 beri
2064 1970 2319 2034 debeant,
2368 1968 2462 2024 sed
2506 1968 2597 2025 illa
2639 1968 2822 2039 potius
2871 1981 3036 2036 quam
3083 1964 3326 2034 ipsorum
3358 1974 3494 2030 quo-

1910 2075 2019 2130 que
2075 2061 2344 2116 malorum
2395 2076 2619 2118 causam
2674 2074 2799 2115 esse
2853 2057 3184 2113 fatebantur.
3261 2052 3398 2107 Nam
3443 2051 3490 2106 si

1914 2152 2082 2208 fatum
2117 2153 2241 2220 erit,
2291 2162 2351 2208 ut
2403 2153 2533 2224 quid
2571 2151 2885 2208 hominibus
2929 2165 3024 2207 seu
3072 2147 3199 2203 boni
3236 2161 3331 2200 seu
3360 2142 3489 2198 mali

1911 2244 2155 2312 eveniat;
2197 2243 2249 2298 id
2285 2242 2610 2299 necessitate
2652 2242 2891 2313 quadam
2937 2240 3172 2306 eveniet,
3220 2238 3488 2307 adeoque,

1911 2351 2010 2392 seu
2049 2335 2359 2391 volentibus
2404 2349 2502 2390 seu
2555 2333 2742 2389 invitis
2792 2333 2920 2397 diis,
2964 2330 3190 2387 omnino
3244 2326 3490 2383 futurum

1909 2425 2031 2479 erit.
2075 2423 2259 2495 Itaque
2305 2440 2413 2479 una
2458 2424 2571 2495 jam
2612 2422 2852 2493 supersit
2894 2421 3123 2477 colenda
3154 2418 3490 2480 necessitas;

1907 2514 2157 2580 deorum,
2195 2516 2291 2587 qui
2327 2530 2503 2585 neque
2534 2529 2732 2570 nocere
2754 2529 2934 2585 neque
2973 2512 3232 2584 prodesse
3266 2513 3490 2580 queant,

1908 2604 1993 2658 vel
2037 2605 2233 2677 exigua
2286 2605 2374 2660 vel
2422 2605 2572 2659 nulla
2612 2619 2840 2675 prorsus
2885 2602 3133 2659 habenda
3181 2616 3336 2657 cura.
3395 2596 3494 2653 Sin

231 2724 403 2771 autem
442 2712 637 2768 Parcis
685 2723 903 2781 quoque
954 2711 1153 2777 praeest
1194 2717 1378 2758 rerum
1405 2699 1651 2756 omnium
1689 2697 2001 2755 moderator
2040 2700 2205 2771 Deus,
2246 2702 2404 2773 isque
2446 2715 2725 2758 summum
2762 2715 2906 2756 unus
2944 2700 3000 2755 in
3044 2713 3140 2754 eas
3184 2697 3346 2752 habet
3391 2697 3494 2752 im.

229 2824 531 2969 2:212:11po
562 2892 911 2965 οὐρανίδαο,
968 2890 1123 2961 φησι,
1158 2886 1290 2953 Διὸς
1328 2884 1657 2969 κατένευσε
1702 2880 1807 2935 κά-

232 3041 389 3095 Ὀττι
408 3056 479 3093 κε
499 3035 799 3105 δινήσωσι
808 3031 1017 3103 μένειν
1036 3029 1379 3086 ἀσάλευτον
1402 2953 1735 3094 ἀτὲἵὶζιιζὲἷξ.

229 3200 293 3253 Τί
316 3199 379 3272 δὴ
411 3199 537 3270 οὐχὶ
561 3197 741 3250 πάντα
775 3191 1143 3265 ὑπερθέμενος
1191 3188 1282 3242 τὸν
1312 3183 1685 3258 παμϐασιλέα,
1717 3181 1813 3236 καὶ

227 3293 324 3365 τῆς
351 3290 701 3365 εἱμαρμένης
721 3287 988 3355 δεσπότην
1013 3284 1170 3355 μόνον
1188 3281 1320 3334 Θεὸν
1345 3276 1485 3333 εἶναι
1510 3276 1812 3348 ὁμολογεῖς,

231 3385 318 3440 καὶ
348 3384 513 3455 μόνον
539 3379 764 3449 ἀγαθῶν
790 3377 992 3448 δοτῆρα
1038 3373 1133 3427 καὶ
1162 3372 1381 3445 σωτῆρα
1405 3388 1420 3438 ;
1468 3371 1550 3423 ὅτι
1582 3367 1647 3440 δὴ
1671 3365 1816 3438 μόνῳ

231 3479 371 3551 αὐτῷ
396 3479 492 3532 καὶ
520 3477 563 3531 ἃ
587 3476 691 3547 φῂς
719 3474 977 3545 Μοιράων
1005 3471 1358 3543 ἀμετάτροπα
1373 3468 1538 3540 δήνεα
1569 3464 1812 3538 τρέπειν,

230 3572 318 3626 καὶ
346 3568 743 3643 μεταλλάττειν
779 3565 985 3638 ῥᾴδιονο
1015 3565 1092 3627 ὡς
1148 3561 1272 3633 μήτ’
1307 3559 1541 3633 ἀνάγκῃ,
1573 3559 1709 3631 μήτε
1740 3558 1817 3611 εἱ-

238 3660 510 3732 μαρμένῃ,
535 3656 634 3709 τὸν
647 3654 725 3725 τῷ
748 3652 1086 3724 παμϐασιλεῖ
1111 3650 1229 3721 Θεῷ
1261 3647 1699 3719 καθωσιωμένον,
1720 3646 1818 3700 καὶ

234 3752 384 3822 μόνον
410 3749 582 3803 αὐτὸν
618 3744 942 3800 εὐσεϐοῦντα
959 3785 975 3809 ,
1015 3743 1309 3799 δουλεύειν·
1333 3738 1420 3795 οἵα
1444 3740 1502 3794 δὲ
1532 3738 1815 3810 ἐλεύθερον

231 3842 320 3895 καὶ
348 3841 555 3905 παντὸς
596 3837 893 3908 ἀφειμένον
937 3833 1159 3907 δεσμοῦ,
1190 3837 1308 3898 ταῖς
1354 3833 1557 3895 ἐνθέοις
1584 3831 1679 3884 καὶ
1712 3845 1815 3882 σω-

230 3931 545 4004 ηριώδεσιν
574 3929 910 4000 οἰκονομίαις
959 3926 1254 3989 ἀκωλύτως
1301 3921 1619 3995 ἐφέπεσθαι.
1674 3920 1813 3973 Ἀλλ’

232 4025 260 4077 ὁ
291 4024 385 4095 μὲν
412 4022 627 4096 ἀληθὴς
661 4021 888 4075 τοιαῦτα
921 4019 1207 4093 προφαίνει
1256 4016 1435 4085 λόγος’
1486 4016 1516 4068 ὁ
1559 4013 1604 4066 δ’
1639 4011 1816 4084 ἔμπα-

230 4114 307 4169 λιν
344 4117 445 4189 ὅρα
497 4115 593 4171 διὰ
662 4113 824 4169 τίνων
883 4113 1019 4184 φησὶ
1073 4110 1143 4164 τὰ
1192 4108 1292 4180 τῆς
1339 4105 1679 4179 εἱμαρμένης
1723 4101 1817 4155 λύ-

232 4208 395 4266 εσθαι.

762 4486 1160 4546 ΚΕΦΔΛᾹΙΟΝ
1203 4486 1276 4540 Δ’.

235 4591 352 4647 ὀτι
367 4591 465 4647 διὰ
489 4587 751 4662 μαγείας
771 4582 922 4654 φασὶ
938 4581 1011 4636 τὰ
1029 4578 1141 4649 τῆς
1163 4574 1517 4648 εἱμαρμένης
1534 4572 1805 4626 λύεσθαι.

300 4764 318 4797 ι
347 4745 650 4818 Δεηθέντος
663 4741 776 4812 γάρ
799 4755 943 4802 τινος
968 4732 1367 4798 καταδέξασθαι
1402 4730 1556 4794 Θεὸν,
1583 4728 1754 4782 εἰπὼν
1779 4726 1809 4779 ὀ

232 4836 374 4901 Θεὸς,
402 4840 485 4892 ὅτι
510 4831 887 4906 ἀνεπιτήδειός
915 4832 1031 4884 ἐστι
1054 4828 1141 4882 διὰ
1173 4826 1233 4879 τὸ
1264 4823 1371 4878 ὑπὸ
1398 4821 1612 4893 φύσεως
1636 4836 1807 4873 κατα-

233 4927 485 4995 δεδέσθαι,
506 4927 610 4982 καὶ
641 4924 731 4980 διὰ
760 4922 934 4988 τοῦτο,
987 4917 1468 4991 ὑποτροπιασμοὺς
1500 4909 1808 4982 ὑπαγορεύ-

235 5036 342 5086 σας,
363 5021 585 5091 ἐπάγειο

242 5311 395 5378 Ῥιπὴ
425 5311 541 5381 (48)
573 5305 855 5381 δαιμονίη
889 5304 997 5374 γὰρ
1024 5303 1162 5381 diu;
1200 5296 1586 5381 ἐπιδέδρομεν
1608 5294 1768 5362 ἀλκὴ

234 5368 393 5437 Edidi
429 5368 689 5452 ’τοναῒςξ
729 5375 804 5444 ἀς
838 5368 866 5419 ἰ
896 5368 908 5374 ⁷
924 5368 1039 5446 χρή
1082 5368 1156 5431 σε
1189 5369 1405 5443 φυγεῖν
1454 5368 1804 5509 afflixera-

296 5554 319 5584 -
354 5543 440 5599 ια.
471 5543 529 5614 ἦ.

299 5657 408 5780 (lii;
441 5656 646 5739 'Ptrcﬁ.
681 5654 914 5737 Omnino
963 5665 1158 5708 sensus
1203 5647 1391 5718 exigit,
1423 5653 1484 5700 ut
1504 5645 1598 5727 “vel
1643 5644 1799 5715 ῥιπή,
1858 5667 1862 5671 <

299 5728 311 5780 |
352 5729 513 5780 (μκή.
551 5745 608 5780 m
647 5725 803 5779 dandi
852 5739 980 5777 casu
1029 5730 1301 5780 ponantur
1342 5736 1355 5771 :
1389 5716 1574 5770 malum
1620 5723 1799 5767 tamen

236 5716 513 5799 mbula,
551 5716 803 5799 inidandi
852 5739 980 5799 casu
1029 5716 1355 5799 ponanturi:
1379 5716 1574 5799 Inalim
1620 5723 1799 5799 tamen

238 5797 383 5869 ριπῆ.
413 5782 522 5853 Nec
560 5796 742 5850 minus
783 5795 834 5849 in
873 5782 1045 5848 διιεῖ-ό
1067 5807 1247 5854 versu,
1275 5788 1336 5842 τὸ
1368 5786 1445 5855 ἦν
1475 5782 1803 5856 praetulerim

1918 2878 2020 2935 His
2046 2881 2260 2991 eteni’m,
2287 2880 2485 2951 inquit,
2509 2880 2689 2951 magni
2711 2877 2861 2935 locis
2885 2879 3075 2933 annuit
3099 2878 3271 2933 ardua
3294 2880 3488 2936 cervis.

1917 3013 1989 3071 Ut
2029 2987 2181 3068 certo,
2210 3014 2467 3085 quidquid
2513 3014 2685 3069 volvat
2716 3014 2811 3068 sub
2851 3012 3040 3084 pollice
3066 2987 3240 3082 fusus,

1837 3107 1882 3169 ο
1915 3085 2204 3140 Immotum
2240 3094 2469 3141 maneat.

1914 3176 2118 3244 Quidni
2147 3191 2277 3248 ergo
2306 3190 2469 3247 quem
2502 3184 2558 3230 tu
2596 3191 2778 3247 regem
2811 3175 3077 3240 universi,
3110 3189 3275 3244 supra
3305 3188 3490 3228 rerum

1914 3270 2161 3325 omnium
2207 3270 2433 3339 gradum
2472 3277 2527 3323 et
2570 3268 2851 3331 ordinem,
2896 3267 3177 3337 ipsiusque
3222 3265 3357 3320 adeo
3396 3264 3492 3320 l'ati

1915 3362 2196 3417 dominum
2224 3361 2535 3427 constituis,
2564 3360 2814 3415 eumdem
2844 3360 3022 3415 solum
3052 3374 3273 3430 quoque
3297 3358 3490 3424 Deum,

1914 3462 1969 3509 et
2000 3454 2268 3509 bonorum
2305 3462 2585 3508 auctorem
2645 3468 2839 3516 unum,
2891 3466 2954 3506 ac
2994 3462 3325 3506 servatorem
3368 3465 3494 3507 esse

1916 3547 2224 3603 conﬁteris?
2255 3547 2455 3617 quippe
2493 3545 2586 3616 qui
2626 3546 2779 3601 solus
2812 3544 2973 3599 etiam
3000 3545 3383 3612 immutabilia,
3412 3547 3492 3600 uti

1915 3655 2101 3707 vocas,
2153 3639 2450 3695 Parcarum
2507 3640 2726 3694 decreta
2770 3648 2984 3693 mutare
3022 3640 3237 3708 possit:
3290 3648 3349 3694 ut
3395 3640 3490 3710 qui

1916 3734 2083 3790 semel
2129 3732 2372 3787 universi
2422 3730 2534 3801 regi
2586 3738 2962 3795 consecratus,
3013 3745 3182 3784 unum
3231 3744 3357 3784 eum
3400 3745 3493 3786 co-

1917 3826 2029 3881 lere
2067 3824 2314 3894 cceperit,
2347 3824 2393 3879 is
2424 3837 2604 3892 neque
2638 3821 2949 3877 necessitati
2984 3820 3270 3890 deinceps,
3314 3837 3491 3892 neque

1916 3917 2028 3972 fato
2062 3917 2284 3984 serviat,
2334 3914 2428 3970 sed
2476 3923 2736 3983 tanquam
2779 3914 2936 3977 liber,
2978 3913 3235 3983 omnique
3277 3914 3489 3970 solutus

1915 4009 2156 4074 vinculo,
2187 4007 2388 4062 divinis
2419 4014 2630 4060 tantum
2668 4021 2732 4060 ac
2764 4004 3098 4060 salutaribus
3134 4004 3271 4058 citra
3318 4004 3486 4060 ullum

1917 4101 2364 4173 impedimentum
2401 4098 2613 4169 legibus
2641 4108 2693 4153 et
2720 4097 2986 4153 institutis
3028 4097 3379 4165 obsequatur.
3420 4096 3491 4152 At

1917 4195 2021 4251 ista
2047 4180 2265 4265 quidem
2286 4208 2427 4247 verae
2451 4190 2680 4246 rationis
2704 4190 2863 4246 docet
2883 4189 3200 4244 auctoritas.
3227 4188 3308 4245 Tu
3337 4206 3490 4258 vero,

1917 4286 2117 4356 quibus
2146 4286 2362 4340 tandem
2395 4285 2607 4339 artibus
2640 4284 2781 4338 idem
2812 4283 3172 4353 philosophus
3193 4282 3300 4337 vim
3341 4283 3493 4339 illam-

1917 4377 2012 4433 l‘ati
2056 4377 2193 4434 solvi
2231 4391 2394 4448 posse
2425 4376 2620 4441 tradat,
2656 4390 2870 4430 mecum
2905 4376 3141 4430 intuere.

2512 4465 2740 4523 CAPUT
2794 4464 2883 4525 ιν.
3134 4452 3144 4477 ‘

2012 4559 2234 4629 Fatum,
2282 4570 2342 4616 ut
2388 4560 2593 4631 ipsimet
2631 4560 2888 4629 fatentur,
2934 4558 3156 4627 magicis
3187 4558 3389 4612 artibus

2538 4631 2670 4685 solvi
2699 4645 2868 4700 posse.

1993 4745 2012 4779 ι
2056 4724 2191 4780 Nam
2235 4740 2360 4780 cum
2402 4722 2543 4779 forte
2582 4722 2857 4792 quispiam
2898 4720 3230 4785 obsecraret,
3282 4719 3386 4775 sibi
3428 4729 3491 4777 ut

1914 4833 2118 4873 numen
2148 4817 2402 4886 excipere
2428 4815 2647 4880 liceret;
2680 4811 2825 4867 Deus
2852 4826 2976 4867 cum
3020 4809 3149 4865 huic
3178 4807 3259 4864 rei
3304 4809 3497 4865 minus

1916 4911 2200 4977 idoneum,
2234 4908 2380 4980 quod
2409 4915 2619 4962 natura:
2646 4906 2879 4962 vinculis
2905 4903 3234 4961 constrictus
3275 4909 3492 4956 tenere-

1913 5016 2023 5072 tur,
2073 5004 2225 5058 illum
2274 5017 2396 5057 esse
2437 4999 2808 5070 responderet,
2842 5012 3017 5068 eoque
3080 5002 3260 5052 certos
3324 5009 3487 5065 quos~

1911 5098 2034 5154 dam
2117 5096 2560 5166 procurationum
2627 5091 3108 5163 expiationumque
3176 5088 3318 5144 ritus
3378 5087 3485 5157 ipsi

1910 5189 2306 5260 praescriberet,
2343 5187 2417 5240 ita
2469 5184 2782 5255 subiunxit:

1915 5302 2082 5427 φήῃ]
2117 5300 2209 5355 Vis
2249 5300 2431 5354 divina
2461 5310 2551 5352 tuo
2592 5297 2797 5367 pridem
2836 5311 3025 5364 magno
3065 5295 3252 5365 impete
3290 5293 3483 5347 victria:

1952 5391 2050 5427 ncu
2088 5376 2167 5427 uit
2194 5371 2390 5427 acneri.
2424 5368 2641 5427 logica
2668 5367 2805 5421 hanc
2828 5368 3007 5427 fugere
3038 5375 3152 5420 arte
3191 5365 3387 5420 licebit.

1952 5365 2167 5427 nEu—buit
2193 5371 2390 5443 generi.
2424 5365 2641 5439 logica
2668 5367 2805 5421 hanc
2827 5368 3007 5438 fugere
3038 5375 3152 5420 arte
3191 5365 3387 5420 licebit.

1910 5640 1985 5706 τῷ
2035 5639 2133 5710 ἄςίο
2178 5636 2456 5710 agebatur_
2488 5635 2656 5699 enim,
2705 5628 3160 5710 quemadmodum
3214 5628 3315 5685 iste
3368 5624 3473 5681 vim

1910 5702 2054 5767 illam
2082 5702 2349 5766 damonis
2377 5706 2579 5763 evitare
2614 5719 2678 5760 ac
2707 5702 2978 5759 declinare
3013 5709 3214 5773 posset.
