3856 6224
286 282 387 342 Ml

932 280 1205 338 EUSEBII
1244 280 1724 338 CAESARIENSIS
1758 281 1909 339 OPP.
1947 283 2128 341 PARS
2165 285 2231 342 ll.
2271 318 2343 329 —
2368 286 2871 344 APOLOGETICA.

3438 291 3549 349 412

289 404 367 459 Ex
398 403 601 476 quibus
631 399 918 457 manifeste
956 402 1204 471 proiecto
1234 408 1471 460 constat.
1499 400 1767 470 magicam
1802 401 1861 454 il-

1978 404 2040 455 δι’
2061 397 2136 458 ὧν
2162 405 2255 459 καὶ
2280 405 2465 474 σαφῶς
2490 405 2801 477 δεδήλωται,
2828 407 2909 459 ὅτι
2940 407 2974 477 ἡ
3000 406 3200 477 μαγεία
3222 388 3280 462 ἐν
3298 408 3380 481 τῷ
3399 410 3547 467 λύσιν

288 498 395 552 lam
440 507 635 562 artem,
668 511 792 565 quae
835 495 891 550 in
935 493 1194 549 solvenda
1229 492 1323 547 fati
1375 496 1701 550 necessitate
1747 509 1864 548 ver—

287 598 459 654 satur,
489 590 558 643 ad
608 604 727 643 eam
782 594 1059 655 utcunque
1096 585 1499 651 declinandam,
1546 585 1862 641 hominibus

287 681 471 736 divino
502 695 729 735 munere
755 693 1070 734 concessam
1096 677 1291 731 fuisse.
1330 695 1349 727 ι
1388 677 1565 747 Atque
1592 678 1710 732 haec
1745 692 1865 731 ora-

290 776 367 830 tio
392 772 681 844 Porphyrii
718 779 831 826 tota
882 778 987 837 est,
1031 785 1141 824 non
1170 784 1312 824 mea.
1362 767 1490 837 Sed,
1540 771 1635 840 qui
1665 780 1865 826 auctor

289 866 496 921 homini
524 873 642 920 erat
681 865 757 919 uti
791 864 1019 934 magicis
1059 863 1271 919 artibus
1302 863 1399 919 fati
1440 864 1551 918 vim
1582 864 1864 934 legemque

288 961 543 1026 solveret,
585 958 729 1013 idem
762 971 886 1011 cum
932 954 1078 1011 Deus
1113 963 1292 1023 esset,
1336 955 1528 1025 quidni
1576 954 1865 1025 prohibere

286 1056 484 1126 potuit,
521 1054 819 1125 quominus
866 1051 1019 1108 fatali
1068 1068 1229 1109 suum
1266 1052 1440 1121 ipsius
1467 1052 1725 1121 templum
1767 1049 1867 1104 ful-

286 1146 435 1202 mine
478 1144 839 1215 deﬂagraret?
886 1145 1003 1198 Imo
1044 1156 1194 1209 vero,
1251 1142 1344 1211 qui
1394 1139 1462 1194 ad
1501 1141 1863 1195 consectanda

286 1249 400 1291 non
445 1236 840 1307 philosophiae,
893 1234 987 1291 sed
1028 1234 1220 1304 magiae
1284 1231 1466 1287 studia
1506 1231 1857 1296 cohortatur,

1970 496 2039 550 τά
2060 497 2160 567 τῆς
2195 498 2535 570 εἱμαρμένης
2562 498 2713 571 παρά
2740 499 2877 552 θεῶν
2926 499 3081 572 ἐδόθη
3110 503 3188 565 είς
3210 501 3270 555 τὸ
3297 503 3547 562 ὁπωσοῦν

1971 588 2173 659 ταύτην
2199 590 2591 661 παρατρέπειν.
2638 610 2658 642 ι
2688 588 2875 644 Ταῦτά
2900 607 2981 644 σοι
3008 592 3036 644 ὁ
3077 592 3404 665 Πορφύριος,
3444 595 3548 651 οὐκ

1971 681 2101 750 ἐγώ.
2143 682 2199 735 Ὁ
2223 683 2403 751 τοίνυν
2434 681 2685 753 μαγείαις
2738 683 3020 754 παραινῶν
3054 683 3201 739 λύειν
3227 684 3297 739 τὰ
3337 687 3440 757 τῆς
3470 690 3549 741 εί-

1980 773 2286 845 μαρμένης,
2324 772 2655 838 πῶς,,αύτὸς
2668 773 2801 838 Θεὸς
2826 775 2922 840 ὢν,
2953 775 3022 829 τὰ
3050 777 3383 848 πεπρωμένα
3407 779 3547 833 κατά

1970 866 2064 920 τοῦ
2097 867 2226 920 ἰδίου
2255 866 2384 920 ναοῦ
2417 865 2664 937 κεραυνῷ
2683 868 3069 939 πιμπραμένου
3095 870 3169 942 μὴ
3222 869 3444 937 ἐλυσενς
3489 871 3547 925 '0

1970 956 2027 1009 δὲ
2064 956 2128 1026 δὴ
2155 956 2432 1027 μαγεύειν,
2462 957 2596 1010 ἀλλά
2631 956 2705 1029 μὴ
2734 957 3040 1029 φιλοσοφεῖν
3086 962 3407 1034 παρορμῶν,
3430 962 3549 1025 πῶς

1971 1047 2071 1099 οὐκ
2092 1046 2157 1100 ἂν
2185 1048 2268 1118 εἴη
2285 1047 2444 1118 δῆλος
2463 1050 2644 1111 ὁποῖος
2674 1048 2749 1103 ὣν
2771 1052 3028 1121 τυγχάνει
3048 1051 3138 1107 τὸν
3159 1053 3359 1124 τρόπον
3377 1070 3392 1120 ;
3422 1054 3548 1108 Ἐπὶ

1974 1138 2110 1189 πᾶσι
2137 1136 2350 1202 τούτοις
2374 1141 2468 1193 καὶ
2512 1140 2823 1215 ψεύδεσθαιί
2847 1146 2975 1208 τοὺς
2999 1144 3154 1209 θεοὺς
3182 1147 3210 1200 ὁ
3234 1146 3396 1210 αὐτὸς
3414 1148 3547 1217 ὁμο-

1966 1228 2133 1300 λογεῖ.

286 1327 409 1399 ejus
443 1343 625 1385 mores
677 1328 897 1384 obscuri
947 1343 1069 1384 esse
1102 1327 1196 1397 qui
1242 1325 1499 1396 possint?
1543 1324 1684 1391 Quid
1727 1323 1876 1396 quod
1911 1324 2061 1395 ipsos
2108 1336 2327 1394 quoque
2366 1323 2499 1380 deos
2538 1327 2776 1390 mentiri,
2817 1331 2905 1382 bis
2960 1329 3142 1385 verbis
3186 1328 3507 1385 confitetur?

899 1459 1128 1517 CAPUT
1170 1459 1237 1516 V.

659 1576 811 1648 Ipsos
846 1594 1046 1649 quoque
1082 1586 1221 1633 vates
1259 1579 1488 1633 mentiri.

367 1707 388 1741 ι
423 1687 529 1745 Sed
555 1690 845 1760 quoniam,
872 1691 1069 1760 inquit,
1102 1698 1412 1744 accuratam
1445 1697 1499 1743 et
1538 1687 1863 1760 exquisitam

293 1791 568 1838 astrorum
604 1793 806 1851 motus,
836 1799 901 1837 ac
927 1782 1154 1852 proinde
1192 1781 1501 1836 futurorum
1535 1796 1601 1835 ex
1632 1795 1701 1834 eo
1736 1795 1869 1849 pen-

290 1873 539 1928 dentium
568 1875 937 1947 cognitionem
975 1875 1195 1944 assequi
1236 1888 1347 1928 non
1386 1873 1636 1927 homines
1673 1872 1871 1937 modo,

288 1964 387 2023 sed
417 1981 486 2021 ne
523 1966 835 2021 daemonum
870 1966 1088 2036 quidem
1132 1965 1380 2034 plerique
1421 1972 1686 2033 possunt;
1726 1963 1787 2017 ﬁt
1815 1970 1874 2018 ut

288 2059 325 2112 li
365 2072 607 2129 persape
666 2059 855 2114 multis
905 2059 972 2113 de
1021 2057 1184 2113 rebus
1222 2056 1456 2115 consulti
1485 2058 1866 2111 mentiantur.»

292 2149 419 2206 Mox
447 2151 523 2206 ita
559 2151 745 2207 subdit
777 2150 1109 2209 :«Etacrem
1128 2151 1350 2221 quidem
1384 2149 1778 2205 circumfusum
1817 2147 1870 2201 in

288 2258 456 2299 causa
485 2258 607 2300 esse
638 2243 815 2309 aiunt,
864 2245 1222 2313 quamobrem
1255 2242 1394 2297 falsa
1423 2243 1654 2297 edantur
1684 2256 1873 2296 oracu-

286 2336 361 2400 la,
399 2350 510 2389 non
558 2345 740 2390 autem
780 2343 1076 2404 praesentes
1120 2335 1254 2390 deos
1301 2344 1493 2403 sponte
1526 2332 1871 2389 mendacium

287 2436 553 2484 attexere.
590 2425 746 2496 Saepe
784 2426 968 2496 itaque
997 2426 1198 2482 falsum
1230 2427 1476 2482 dicturos
1510 2440 1569 2481 se
1601 2440 1723 2480 esse
1746 2439 1875 2494 prac-

288 2519 565 2574 nuutiant.
619 2518 836 2574 Haerent
870 2519 962 2573 isti
989 2519 1367 2585 nihilominus,
1401 2528 1564 2589 atque
1589 2518 1733 2583 illos,
1763 2531 1872 2587 qua

289 2611 534 2679 stultitia
548 2619 697 2677 sunt,
728 2611 815 2666 vel
840 2611 1043 2666 invitos
1066 2613 1399 2681 respondere
1423 2619 1645 2681 cogunt.
1675 2609 1869 2678 Apollo

2506 1460 2899 1515 ΚΕΦΑΛΑΙΟΝ
2922 1463 2996 1517 E'.

2216 1575 2343 1628 ’Ότι
2377 1575 2477 1629 καὶ
2511 1576 2837 1644 ψεύδονται
2857 1579 3308 1647 μαντευόμενοι.

2049 1709 2066 1742 ι
2111 1690 2248 1744 Ἀλλ’
2275 1690 2377 1769 ἤδη
2404 1693 2497 1745 καὶ
2529 1691 2625 1764 τὴν
2654 1691 2854 1761 γνῶσιν
2881 1692 2983 1763 τῆς
3012 1694 3183 1765 φορᾶς
3200 1693 3297 1765 τὴν
3327 1693 3555 1766 ἀκριϐῆ,

1981 1783 2073 1836 καὶ
2104 1785 2204 1849 τὰς
2237 1788 2300 1839 ἐκ
2325 1784 2530 1838 τούτων
2556 1784 2855 1855 συμϐάσεις
2888 1786 3268 1857 ἀκατάληπτον
3303 1782 3438 1840 εἶναι
3461 1788 3552 1841 ἀν-

1976 1873 2234 1947 θρώποις,
2271 1878 2367 1931 καὶ
2390 1879 2452 1931 οὐ
2508 1878 2669 1949 μόνον
2693 1877 2926 1942 τούτοις,
2973 1878 3108 1932 ἀλλά
3151 1879 3245 1932 καί
3287 1896 3398 1931 τισι
3444 1879 3552 1932 τῶν

1975 1962 2286 2040 δαιμονίων
2319 1970 2442 2023 ὅθεν
2476 1971 2568 2024 καὶ
2601 1970 2888 2039 ψεύδονται
2937 1971 3065 2043 περὶ
3095 1970 3304 2024 πολλῶν
3347 1971 3555 2043 ἐρωτη-

1977 2061 2213 2126 θέντες.»
2252 2063 2474 2125 Τούτοις
2497 2060 2653 2127 αὖθις
2708 2064 2969 2133 ἐπιλέγει·
3013 2083 3031 2115 ‹
3055 2065 3165 2118 Καὶ
3192 2064 3252 2117 τὸ
3297 2064 3554 2135 περιέχον

1977 2151 2284 2221 ἀναγκάζον
2343 2153 2513 2224 ψευδῆ
2556 2152 2801 2222 γίνεσθαι
2831 2152 2899 2206 τὰ
2921 2157 3167 2224 μαντεῖα,
3214 2154 3274 2206 ού
3298 2155 3424 2216 τοὺς
3451 2169 3556 2206 πα-

1972 2244 2165 2313 ρόντας
2193 2243 2418 2306 ἑκόντας
2446 2243 2798 2317 προστιθέναι
2828 2243 2888 2297 τὸ
2908 2243 3121 2314 ψεῦδος.
3139 2244 3403 2308 Πολλάκις
3424 2242 3557 2312 γοῦν

1970 2334 2349 2406 προλέγουσιν,
2379 2337 2461 2390 ὅτι
2487 2335 2795 2407 ψεύσονται.
2814 2336 2878 2389 Οἱ
2908 2335 2964 2389 δὲ
2996 2335 3235 2407 μένουσι,
3260 2337 3352 2390 καὶ
3376 2336 3561 2407 λέγειν

1972 2424 2347 2493 ἀναγκάζουσι
2374 2425 2465 2479 διά
2491 2426 2588 2498 τὴν
2634 2425 2901 2497 ἀμαθίαν.
2955 2421 3093 2480 Εῖπε
3129 2425 3258 2496 γοῦν
3291 2429 3320 2481 ὁ
3361 2425 3563 2482 Ἀπόλ-

1972 2513 2079 2569 λων
2109 2516 2261 2583 ποτὲ,
2294 2517 2548 2587 τοιαύτης
2576 2516 2745 2590 οὔσης
2765 2519 2864 2591 τῆς
2892 2517 3296 2584 καταστάσεως,
3317 2516 3395 2583 ὡς
3423 2518 3561 2572 s65!-

1977 2605 2170 2679 ξαμεν,
2210 2611 2451 2682 πονηρᾶς
2475 2609 2570 2663 τοῦ
2595 2613 2967 2682 περιέχοντοςο

288 2718 440 2769 sane,
474 2719 602 2760 cum
650 2703 924 2774 ejusmodi
959 2702 1254 2774 aliquando
1305 2713 1473 2770 esset,
1522 2717 1689 2773 quam
1735 2708 1862 2754 ante
1910 2697 2324 2770 descripsimus,
2403 2701 2695 2757 ambientis
2750 2702 2876 2757 coeli
2938 2701 3221 2758 molestior
3257 2700 3558 2757 diﬂicilicr-

287 2816 395 2871 que
428 2808 743 2872 tempestas,
776 2800 924 2855 hunc
946 2801 1006 2855 in
1032 2800 1257 2857 modum
1291 2800 1491 2855 cecinit
1520 2815 1533 2852 :

288 2915 376 2972 Ne
399 2916 641 2975 mcultra
662 2917 900 2987 precibus
931 2934 1123 2988 cogas;
1155 2934 1280 2972 nam
1320 2917 1460 2985 falsa
1495 2916 1767 2988 profabor.
1809 2951 1813 2956 -

293 3028 367 3084 Ac
391 3028 582 3084 nihila
626 3029 786 3086 nobis
810 3030 1016 3102 allingi,
1050 3030 1138 3086 vel
1164 3031 1385 3086 oracula
1427 3031 1548 3102 ipsa
1579 3030 1741 3086 ﬁdem
1780 3029 1864 3085 fa-

288 3118 454 3174 eieot.
486 3117 579 3174 Sic
607 3120 754 3174 enim
778 3129 1039 3177 evocatus
1065 3136 1098 3176 e
1123 3121 1230 3177 diis
1251 3120 1523 3191 quispiam
1549 3119 1863 3191 respondit:

291 3231 418 3304 Non
451 3231 601 3287 ‘todic
628 3233 750 3288 licet
788 3234 964 3303 e/Iari,
991 3235 1083 3304 qui
1105 3235 1285 3289 sidera
1314 3251 1524 3300 cursus,

292 3301 425 3376 Quae
453 3301 891 3376 sedes_habeant;
922 3301 1013 3358 υἰέ
1032 3307 1219 3376 quippe
1246 3306 1432 3375 futura
1459 3304 1679 3360 canendi

294 3371 458 3427 Nunc
486 3374 648 3428 astris
687 3374 976 3429 constricta
1006 3371 1203 3432 manet.
1237 3371 1256 3427 ἰ

290 3485 433 3545 Tum
464 3489 539 3546 ita
569 3489 852 3547 concludit
892 3509 907 3545 :
937 3509 956 3542 ‹
998 3489 1115 3557 Qua
1145 3490 1408 3545 nimirum
1450 3506 1516 3545 ex
1547 3505 1714 3546 causa
1745 3503 1871 3545 ora-

291 3583 543 3640 culorum
570 3597 714 3654 saepe
747 3582 963 3638 vanitas
994 3582 1215 3649 existat,
1247 3583 1511 3638 ostendit.
1550 3603 1569 3635 ι

812 3736 974 3810 242
1001 3734 1233 3792 CAPUT
1262 3735 1350 3792 v1.

366 3851 570 3917 Quibus
609 3853 937 3924 argumentis
983 3859 1097 3907 tota
1135 3852 1239 3922 fati
1270 3853 1407 3906 ratio
1451 3853 1795 3908 convellatur.

365 3941 485 3999 Jam
525 3943 711 4010 credo,
750 3960 916 4014 quam
945 3944 1014 3999 ab
1043 3945 1195 3999 omni
1227 3945 1512 4001 divinitate
1543 3961 1714 4002 vacua
1742 3945 1875 4002 deo-

296 4049 422 4089 rum
472 4036 693 4090 oracula
719 4034 943 4100 fuerint,
992 4035 1154 4105 plane
1211 4051 1275 4091 ac
1298 4036 1436 4091 citra
1479 4036 1873 4092 dubitationem

296 4125 467 4181 ullam
485 4125 763 4196 intelligis.
792 4124 931 4180 Nam
962 4127 1057 4196 qui
1084 4126 1198 4181 ﬁeri
1231 4126 1425 4196 possit,
1453 4135 1513 4181 ut
1538 4127 1623 4181 vel
1647 4143 1873 4190 numen,

299 4309 348 4365 si
381 4308 600 4379 quidem
624 4308 894 4380 ejusmodi
922 4323 1127 4363 numen
1170 4323 1268 4378 per
1295 4324 1415 4364 sese
1446 4319 1529 4364 est
1548 4348 1562 4373 ,
1586 4309 1879 4380 aliquando

299 4400 640 4456 mentiatur?
676 4402 762 4456 vel
811 4402 991 4458 bonus
1042 4402 1235 4473 genius
1277 4401 1579 4456 mendaciis
1626 4402 1681 4455 in
1728 4402 1882 4457 frau-

298 4493 421 4549 dem
453 4508 569 4559 eos,
603 4508 636 4548 a
670 4493 870 4563 quibus
897 4495 1236 4561 consulatur,
1272 4493 1521 4549 inducat?
1548 4492 1682 4559 Quis
1715 4510 1881 4564 porro

300 4583 509 4655 aliquid
562 4584 785 4640 homine
831 4585 1010 4656 majus
1052 4584 1107 4639 id
1157 4583 1327 4640 fuisse
1368 4585 1684 4648 arbitretur,
1734 4584 1877 4653 quod

302 4687 581 4734 astrorum
615 4689 767 4733 motu
804 4678 1164 4734 constrictum
1208 4678 1508 4733 teneretur?
1534 4676 1670 4732 Nam
1712 4677 1879 4731 homo

300 4772 546 4842 quidem,
596 4771 845 4827 mortalis
878 4771 1025 4835 licet,
1059 4770 1155 4841 qui
1204 4770 1367 4825 modo
1403 4770 1621 4825 virtutis
1671 4769 1875 4839 aliquid

300 4864 482 4920 studio
513 4863 737 4929 tribuat,
769 4864 919 4919 nulla
952 4863 1006 4918 vi
1045 4864 1113 4918 ad
1142 4863 1512 4918 mentiendum
1542 4862 1737 4917 adduci
1768 4878 1874 4916 un-

297 4968 466 5027 quam
510 4955 731 5026 poterit,
788 4956 934 5025 quod
969 4955 1138 5011 semel
1171 4956 1454 5010 veritatem
1503 4955 1653 5010 omni
1688 4955 1877 5010 condi-

300 5045 455 5104 tione
491 5048 764 5119 potiorem
800 5047 1003 5103 habere
1046 5047 1329 5103 statuerit:
1363 5063 1463 5102 nec
1494 5046 1608 5117 jam
1650 5046 1748 5102 fati
1778 5062 1875 5103 ne-

247 5139 614 5202 .cessitatem
677 5148 1019 5196 astrorumve
1074 5148 1283 5195 motum
1332 5140 1562 5194 vanitati
1617 5148 1877 5210 praetexet

1892 2894 1937 2954 ο
1969 2912 2143 2967 Κλεῖε
2166 2913 2337 2982 βίην,
2372 2912 2589 2981 κάρτος
2613 2929 2678 2966 τε
2696 2913 2912 2983 λόγων
2942 2874 3285 2984 ψευδηγόρα
3306 2910 3486 2976 λέξω.

1972 3029 2084 3083 Καὶ
2116 3029 2198 3081 ὅτι
2228 3027 2403 3083 ταῦτα
2430 3027 2603 3100 ἀληθῆ
2628 3030 2796 3093 ἐστιν,
2847 3028 2992 3098 ἅπερ
3048 3027 3279 3098 ἔφαμεν,
3326 3026 3561 3097 δηλώσει

1971 3121 2042 3175 τὰ
2072 3121 2250 3190 λόγια.
2282 3121 2429 3192 Ἔφη
2456 3120 2586 3191 γοῦν
2620 3138 2706 3186 τις
2737 3121 2955 3194 κληθεὶς
2981 3120 3089 3175 τῶν
3113 3119 3271 3174 θεῶν·

1974 3233 2242 3306 Σήμερον
2273 3236 2385 3289 οὐκ
2408 3235 2641 3289 ἐπέοικε
2660 3234 2860 3306 λέγειν
2889 3233 3127 3306 ἄστρων
3150 3232 3313 3298 ὁδὸν,
3341 3232 3526 3306 εἴρειν

1978 3306 2038 3358 Θ’
2064 3305 2263 3373 ἕδραν·
2292 3306 2720 3375 ἁμαντοσύνης
2741 3302 2872 3376 ⁷γὰρ
2927 3306 2998 3359 ἐν
3023 3302 3284 3376 despuat
3314 3302 3431 3356 νῦν
3455 3316 3563 3355 πε-

3144 3372 3436 3447 [πέδηται.
3463 3392 3483 3425 ι

1976 3489 2088 3544 Καὶ
2123 3491 2385 3559 ἐπιλέγει·
2443 3508 2462 3542 ι
2492 3490 2739 3561 Πέφηνεν
2788 3489 2919 3562 ἄρα,
2968 3488 3131 3544 πόθεν
3186 3486 3448 3550 πολλάκις
3492 3486 3558 3539 τὸ

1976 3585 2173 3656 ψεῦδος
2227 3586 2560 3642 συνίσταται.
2594 3604 2616 3639 ι

2499 3739 2895 3799 ΚΕΦΑΛΑΙΟΝ
2940 3744 3031 3809 εῖν.

2062 3855 2573 3911 Ἀνασκευαστικά
2602 3855 2708 3910 τοῦ
2734 3855 2867 3924 περὶ
2894 3852 3251 3924 εἱμαρμένης
3281 3853 3488 3923 λόγου.

2054 3948 2196 4019 ’Ἄρα
2227 3962 2308 4000 σοι
2331 3947 2603 4000 πέπαυται
2638 3946 2821 4000 λοιπὸν
2860 3944 2933 4024 .τά
2972 3946 3069 4016 τῆς
3098 3942 3396 4016 ἀμφιϐόλου
3423 3941 3564 4011 γνώ-

1985 4056 2113 4111 μης,
2140 4039 2222 4092 ὅτι
2248 4037 2414 4110 μηδέν
2445 4055 2499 4091 τι
2515 4032 2582 4109 ἦν
2600 4036 2741 4092 θεῖον
2761 4038 2818 4092 ὲν
2840 4039 2953 4101 τοῖς
2969 4034 3079 4091 τῶν
3108 4034 3246 4090 θεῶν
3269 4035 3559 4107 χρησμοῖς,

1982 4130 2108 4195 Πῶς
2137 4131 2244 4203 γάρ
2299 4147 2431 4184 ποτε
2462 4130 2523 4183 τὸ
2554 4128 2694 4183 θεῖον
2724 4128 2969 4198 ψεύσαιτ⁹
3013 4127 3101 4193 ἂν,
3144 4126 3242 4198 τὴν
3300 4125 3459 4195 φύσιν
3502 4124 3564 4177 ὃν

184 4232 191 4239 '
298 4217 445 4288 quod
481 4226 678 4274 natura
706 4235 805 4275 sua
848 4219 917 4274 ab
950 4218 1102 4273 omni
1148 4219 1389 4274 vanitate
1431 4218 1741 4289 sejunctum
1770 4226 1868 4286 est,

1983 4222 2395 4292 ἀψευδέστατον,
2427 4222 2482 4277 εί
2506 4241 2571 4293 γε
2602 4223 2828 4295 ἀψευδὲς
2863 4222 2924 4275 τὸ
2955 4220 3138 4287 θεῖον;
3174 4219 3291 4284 πῶς
3336 4219 3394 4273 δὲ
3421 4218 3562 4287 ἀγα-

1984 4316 2074 4379 θὸς
2090 4315 2300 4387 δαίμων
2324 4318 2445 4379 ταῖς
2476 4315 2849 4386 ψευδολογίαις
2897 4310 3200 4384 ἀπατήσειέ
3258 4327 3392 4363 ποτε
3434 4312 3563 4371 τοὺς

1983 4407 2332 4479 χρωμένους;
2357 4408 2483 4471 Πῶς
2517 4407 2562 4460 δ’
2588 4406 2654 4460 ἂν
2684 4407 2770 4477 εἴη
2801 4408 3048 4477 κρεῖττον
3081 4401 3369 4475 ἀνθρώπου
3401 4402 3463 4455 τὸ
3493 4405 3561 4473 τῇ

1982 4497 2090 4552 τῶν
2123 4498 2336 4571 ἄστρων
2386 4498 2527 4570 φορᾷ
2586 4496 2989 4568 πεπεδημένον;
3055 4495 3260 4564 Θνητὺς
3317 4492 3414 4566 μὲν
3469 4490 3567 4549 οὖν

1983 4590 2143 4660 ἀνὴρ,
2183 4589 2440 4661 βραχεῖαν
2468 4590 2668 4661 ἀρετῆς
2699 4588 2935 4659 σπουδὴν
2970 4587 3439 4657 εἰσενεγκάμενος,
3474 4584 3567 4638 οὖ-

1985 4684 2100 4737 ποτ’
2131 4682 2196 4735 ἂν
2220 4682 2499 4752 ψεύσαιτο,
2516 4682 2745 4752 τάληθὲς
2773 4682 3044 4753 προτιμᾷν
3068 4680 3421 4752 προθέμενος,
3450 4678 3560 4732 οὐδ’

1985 4771 2325 4841 εἱμαρμένης
2357 4769 2625 4840 ἀνάγκην,
2664 4768 2772 4821 οὐδ’
2796 4768 3008 4838 ἄστρων
3054 4767 3226 4838 φορὰν
3258 4766 3574 4819 αἰτιάσαιτο¹
3639 4815 3642 4818 .

1983 4863 2342 4933 ψευσάμενος·
2386 4860 2498 4915 ἀλλ’
2531 4861 2579 4913 εἰ
2601 4860 2698 4913 καὶ
2727 4858 2803 4929 τῷ
2834 4857 3181 4930 σώματι-πῦρ
3213 4875 3319 4923 τις,
3353 4858 3565 4931 ἢσίδη-

1987 4972 2079 5027 ρον
2102 4955 2421 5027 προσφέρει,
2444 4952 2777 5024 διαφθείρειν
2820 4949 3207 5018 ὲξαναγκάζων
3258 4948 3350 5003 τὸν
3387 4949 3573 5024 ἀληθῆ

1982 5048 2160 5118 λόγον,
2193 5046 2330 5101 ἀλλὰ
2372 5047 2466 5099 καὶ
2517 5043 2651 5115 πρὸς
2684 5041 2842 5097 τοῦτο
2888 5039 3357 5113 ὲλευθεροστομῶν
3412 5041 3568 5094 ἀντι-

1983 5139 2292 5210 φθέγξεται·

301 5248 450 5298 suae;
480 5242 536 5289 at
568 5234 748 5306 ignem
772 5234 901 5289 licet
940 5232 1160 5304 corpori
1202 5242 1298 5288 aut
1328 5232 1531 5287 ferrum
1593 5233 1925 5303 admoveris,
1966 5250 2078 5306 quo
2145 5233 2324 5289 veraci
2364 5230 2561 5303 lingua:
2602 5232 2713 5286 vim
2760 5230 2976 5295 aderas,
3024 5230 3189 5286 stabit
3217 5230 3307 5286 ille
3346 5239 3576 5296 contra,

301 5339 358 5384 et
406 5330 575 5386 libera
612 5332 994 5402 constantique
1024 5345 1157 5386 voce
1183 5330 1551 5387 exclamabit:

378 5439 637 5514 Qccurrat
674 5442 835 5513 ignis,
876 5442 1089 5514 gladius
1111 5450 1353 5497 occurrat
1386 5458 1550 5497 :seca
1579 5458 1598 5496 :

382 5509 557 5567 Exurc
587 5509 810 5583 corpus:
844 5509 1100 5582 sanguine
1124 5513 1392 5569 ardentem
1422 5514 1570 5569 sitim

1991 5445 2126 5498 ’Ῑτω
2143 5440 2261 5511 μὲν
2286 5438 2427 5511 πῦρ,
2454 5437 2556 5490 ἴτω
2574 5435 2653 5511 »δὲ
2686 5435 3022 5511 saeiarum“
3055 5434 3231 5511 τέμνε
3263 5433 3394 5505 (49)’

1987 5506 2238 5567 Κάταίθε
2270 5510 2522 5577 σάρκας,
2560 5506 2943 5577 ἐμπλήσθητί
2961 5524 3080 5576 μου
3106 5506 3297 5560 πίνων

380 5649 492 5721 (49)
524 5651 648 5707 ἰτω
665 5649 798 5723 μέν.
823 5650 1106 5711 Constabit
1132 5669 1345 5717 versus.
1372 5655 1418 5711 si
1466 5654 1693 5726 legetur,
1737 5654 1860 5709 Ἵτω

1978 5670 2011 5708 r
2039 5648 2151 5708 οὖν
2173 5650 2310 5720 πῦρ,
2339 5647 2655 5719 φάσγανον
2681 5647 2731 5703 δ’
2761 5647 2888 5712 ἴτω,
2910 5645 3105 5714 τέμνε.
