3894 6220
311 355 415 409 415

309 472 609 528 Κελαινὸν
633 467 796 541 αἷμα·
834 472 1058 541 πρόσθε
1090 471 1202 540 γὰρ
1226 469 1381 524 κάτω
1404 471 1579 540 γαίης

315 545 517 599 Ἵασιν
542 540 755 613 ἄστρα,
783 540 858 613 γῆ
886 540 937 613 δῖ
960 541 1149 613 ἅνεςιοζν
1188 542 1254 613 ἐς
1277 541 1556 613 οὐρανὸν,

311 614 465 683 Πρὶν
488 614 557 678 ἐξ
584 612 732 685 ἐμοῦ
760 611 834 667 σε
857 611 970 685 (50)
996 611 1138 667 θῶπ’
1168 611 1524 681 ἀπαντῆσαι
1542 614 1750 681 λόγον.

314 789 389 843 Τὸ
419 787 477 845 δέ
494 805 558 857 γε
579 785 881 841 λαοπλάνον
909 786 1004 840 καὶ
1030 785 1307 856 ἀπατηλὸν
1341 784 1616 853 δαιμόνιον
1656 785 1897 855 σκήπτε-

313 899 426 946 ται,
453 884 582 944 τοὺς
604 880 846 951 ἀφρονας
873 876 1251 949 σοφιζόμενον,
1292 878 1359 932 ἵν’
1382 879 1441 931 ἑν
1469 873 1549 941 οἷς
1585 875 1652 930 ἂν
1680 876 1778 946 τῆς
1801 873 1898 928 τοῦ

318 973 604 1045 μέλλοντος
637 973 994 1045 προρρήσεως
1024 970 1345 1034 ἀποπίπτοι,
1392 969 1715 1041 καταφυγὴν
1748 967 1901 1039 αὐτῷ

314 1069 413 1139 τῆς
436 1066 660 1135 ἀλογίας
685 1067 786 1137 τὴν
815 1064 1157 1137 εἱμαρμένην
1189 1062 1485 1135 πορίζοιτο.
1515 1062 1703 1115 Πάντα
1756 1059 1800 1112 δ’
1823 1061 1901 1112 εί-

318 1157 605 1229 μαρμένης
625 1155 713 1209 διὰ
739 1155 848 1210 τῶν
876 1153 1142 1226 χρησμῶν
1168 1153 1481 1222 ἀναρτήσας
1512 1153 1539 1203 ὁ
1560 1151 1788 1221 δαίμων,
1807 1149 1902 1202 καὶ

313 1250 377 1303 τὸ
407 1250 490 1319 ἐφ’
518 1252 649 1322 ἡμῖν
680 1249 744 1301 ὲκ
765 1247 868 1318 τῆς
899 1244 1365 1316 αὑτοπροαιρέτου
1388 1244 1654 1314 κινήσεως
1676 1239 1900 1304 ἀνελὼν,

315 1343 533 1413 ἀνάγκη
558 1341 614 1395 δὲ
638 1341 733 1395 καὶ
781 1338 941 1393 τοῦτο
964 1334 1399 1400 καταδουλώσας,
1423 1334 1519 1387 θέα
1542 1337 1620 1398 εἰς
1665 1328 1778 1387 οἷον
1805 1350 1905 1387 κα-

315 1434 430 1488 κῶν
459 1434 743 1505 δογμάτων
766 1432 983 1504 ὄλεθρον
1006 1433 1133 1495 τοὺς
1183 1430 1329 1502 αὑτῷ
1357 1429 1711 1501 πειθομένους
1734 1444 1904 1482 κατα-

315 1527 600 1596 ϐέϐληκεν.
626 1526 691 1578 El
721 1524 830 1596 γάρ
850 1524 1068 1596 ἄστροις
1112 1523 1206 1577 καὶ
1229 1522 1536 1595 εἱμαρμένῃ
1568 1522 1629 1575 οὐ
1675 1522 1809 1592 μόνα
1838 1520 1908 1573 τά

315 1615 503 1679 ἐκτὸς,
533 1613 673 1669 ἀλλά
704 1616 799 1668 καὶ
826 1613 924 1677 τὰς
949 1612 1094 1666 κατά
1132 1612 1391 1683 λογισμὸν
1436 1612 1746 1683 προθυμίας
1774 1614 1906 1665 ἀνα-

319 1705 530 1769 θετέον,
560 1704 655 1758 καί
682 1721 766 1768 τις
795 1702 1170 1774 ἀπαραίτητος
1198 1704 1412 1773 ἀνάγκη
1439 1702 1536 1766 τὰς
1562 1702 1909 1774 ἀνθρωπίνας

1482 350 1808 409 ΡΒΔΕΡΑΒ.
1851 346 2105 404 EVANG.
2150 346 2277 402 LlB.
2322 346 2410 402 Vl.

1923 470 1972 526 Α
2066 464 2549 535 Restinguenostro
2574 478 2592 535 ς
2614 460 2790 535 sidera
2832 460 2905 535 iit
2934 466 3129 535 terram
3157 453 3308 525 prius

3469 336 3574 394 ιιι

2070 528 2362 597 Labantur,
2390 544 2512 586 aute
2544 532 2778 585 siderum
2813 530 2968 583 tellus
3011 528 3225 597 plagam

2070 604 2310 665 Invadet,
2337 620 2426 658 ore
2463 618 2623 674 quam
2653 602 2749 655 tibi
2780 610 2962 655 nostra
2992 598 3203 653 excidat

2086 675 2193 729 Vox
2221 674 2333 728 ulla
2371 674 2622 727 mendax.

1999 792 2067 845 At
2093 789 2332 862 gentium
2364 789 2579 851 illusor,
2604 794 2659 841 et
2682 783 2960 840 fraudium
2990 781 3185 838 artifex
3211 782 3448 847 daemon,
3473 779 3576 834 hoc

2000 884 2260 940 nimirum
2296 881 2491 937 callide
2545 880 2725 942 finxit.
2765 893 2878 949 quo
2907 874 3128 931 facilius
3157 874 3369 929 insanis
3401 872 3580 928 homi-

2000 976 2166 1031 nibus
2193 975 2532 1044 imponeret;
2577 981 2764 1042 atque,
2804 970 2898 1025 ubi
2933 985 3022 1025 res
3058 968 3216 1024 aliter
3245 980 3410 1038 quam
3443 980 3581 1035 prae-

2001 1068 2208 1123 dictum
2254 1066 2323 1120 ab
2362 1080 2428 1120 eo
2464 1052 2626 1130 foret,
2655 1062 2919 1128 eveniret,
2968 1060 3040 1115 ad
3072 1059 3246 1115 fatum
3288 1056 3582 1120 continuo,

2002 1158 2313 1231 perfugium
2340 1156 2446 1213 sibi
2470 1173 2536 1212 ac
2567 1162 2845 1225 receptum
2870 1159 3108 1224 pararet.
3132 1149 3253 1206 Jam
3282 1163 3435 1214 vero,
3455 1163 3581 1204 cum

2004 1254 2123 1323 ipse
2161 1251 2346 1306 omnia
2377 1250 2493 1305 suis
2549 1248 2659 1303 illis
2712 1247 2954 1303 oraculis
3005 1260 3075 1301 ex
3113 1242 3212 1299 fati
3259 1240 3583 1297 necessitate

2006 1344 2310 1415 suspendit,
2347 1352 2512 1414 atque
2560 1342 2614 1397 id
2648 1342 2838 1402 etiam,
2873 1338 3016 1408 quod
3049 1352 3151 1408 pro
3183 1335 3454 1391 libertatis
3486 1348 3582 1388 no-

2006 1447 2132 1491 stra?
2158 1442 2309 1489 motu
2343 1448 2409 1487 ac
2456 1438 2731 1502 potestate
2764 1430 2963 1497 agitur,
3003 1424 3251 1481 funditus
3284 1422 3584 1486 sublatum,

2006 1528 2196 1583 eadem
2226 1525 2486 1581 servitute
2509 1521 2870 1586 constrinxit;
2902 1518 3123 1581 videsis,
3147 1516 3398 1580 obsecro,
3421 1529 3584 1584 quam

2009 1622 2064 1674 in
2113 1619 2389 1674 exitialem
2431 1617 2747 1685 dogmatum
2794 1622 3002 1683 pestem
3058 1625 3184 1666 suos
3228 1608 3318 1662 ille
3352 1615 3581 1662 sectato-

2010 1728 2099 1768 res
2138 1710 2453 1781 conjecerit.
2495 1707 2632 1762 Nam
2683 1707 2728 1761 si
2763 1705 2933 1760 astris
2980 1712 3145 1773 atque
3185 1699 3321 1767 fato,
3357 1714 3466 1757 non
3494 1713 3586 1753 ex-

316 1794 636 1859 ἐκϐιάζεται
656 1795 902 1865 γνώμας,
936 1793 1215 1865 οἰχήσεταί
1241 1810 1323 1846 σοι
1358 1792 1666 1862 φιλοσοφία,
1690 1794 1909 1865 οἰχήσε-

2018 1814 2292 1859 ternarum
2344 1802 2511 1857 modo
2552 1814 2761 1861 rerum,
2809 1798 2902 1852 sed
2945 1810 3135 1851 earum
3174 1793 3338 1848 etiam
3380 1789 3585 1860 cupidi-

316 1903 411 1939 ται
434 1885 529 1939 καὶ
555 1884 825 1939 εὐσέϐεια·
858 1884 980 1937 οὐδέ
1019 1902 1103 1948 τις
1127 1880 1195 1955 ἦν
1211 1887 1322 1948 τοῖς
1351 1883 1658 1948 σπουδαίοις
1685 1884 1903 1951 ἔπαινος

318 1979 544 2051 ἀρετῆς,
579 1978 699 2032 οὐδέ
720 1995 803 2042 τις
825 1977 1088 2047 θεοφιλία,
1115 1976 1236 2031 οὐδὲ
1283 1977 1391 2031 τῶν
1451 1980 1510 2032 ὲν
1542 1979 1774 2048 ἀσκήσει
1806 1978 1905 2032 πό-

318 2090 429 2126 νων
452 2070 664 2143 καρπὸς
707 2070 949 2137 ὲπάξιος,
996 2070 1244 2142 ἀνάγκης
1298 2072 1393 2124 καὶ
1420 2069 1760 2141 εἱμαρμένης
1807 2069 1906 2141 τὴν

318 2161 501 2216 αἰτίαν
528 2163 747 2216 πάντων
778 2162 1227 2232 ἀναδεδεγμένης.
1264 2162 1339 2215 Uti
1391 2162 1455 2233 δὴ
1516 2158 1608 2215 οὖν
1637 2164 1905 2234 προσήκει

319 2253 780 2326 καταμέμφεσθαι
828 2256 941 2317 τοῖς
984 2254 1115 2324 περὶ
1170 2253 1260 2307 τὸν
1307 2252 1422 2324 βίον
1469 2252 1905 2323 πλημμελοῦσιν,

318 2347 443 2401 οὐδέ
473 2364 538 2416 γε
569 2349 683 2410 τοῖς
710 2345 932 2399 ἀσεϐέσι
964 2345 1062 2399 καὶ
1093 2344 1570 2417 ὲπιρῤητοτάτοις·
1630 2344 1744 2397 ἀλλ’
1786 2344 1907 2397 οὐδὲ

320 2441 450 2505 τοὺς
476 2438 803 2501 σπουδαίους
850 2436 1169 2509 θαυμάζειν·
1205 2436 1379 2509 ταύτῃ
1407 2436 1484 2502 δὲ,
1515 2436 1591 2501 ὡς
1630 2435 1792 2508 ἔφην,
1824 2437 1906 2489 ol-

320 2533 550 2603 χήσεται
578 2530 639 2583 τὸ
669 2529 811 2601 μέγα
856 2528 955 2599 τῆς
994 2528 1310 2598 φιλοσοφίας
1369 2527 1545 2591 κλέος,
1592 2529 1693 2582 οὐκ
1744 2528 1906 2581 αὐτο-

320 2624 651 2696 προαιρέτου
684 2621 916 2694 μελέτης
947 2621 1043 2676 καὶ
1078 2622 1384 2693 ἀσκήσεως,
1432 2620 1548 2674 ἀλλ’
1577 2620 1643 2674 ὲκ
1675 2621 1779 2691 τῆς
1798 2619 1908 2674 τῶν

320 2717 541 2788 ἄστρων
561 2714 806 2786 ἀνάγκης
832 2713 1260 2786 ἀπῃωρημένον.
1289 2713 1428 2784 Ὅρα
1455 2707 1548 2767 οὖν
1574 2715 1654 2778 εἱς
1673 2707 1784 2767 οἷον
1809 2730 1910 2767 κα-

321 2809 440 2865 κῶν
459 2807 744 2879 δογμάτων
772 2806 928 2877 βυθὸν
959 2805 1072 2878 (51)
1113 2807 1162 2858 οἱ
1198 2804 1492 2876 θαυμάσιοι
1530 2805 1643 2859 θεοὶ
1672 2804 1908 2859 καταϐε-

322 2900 560 2972 ϐλήκασι
586 2898 723 2970 (52),
764 2900 858 2953 καί
884 2897 1084 2967 σκέψαι
1132 2896 1207 2961 ὡς
1250 2899 1331 2961 εἰς
1364 2896 1603 2950 ἀσωτίαν
1656 2897 1751 2950 καὶ
1797 2896 1911 2950 ἀδι-

323 2989 476 3053 κίαν,
509 2990 604 3043 καὶ
630 2988 766 3043 ἀλλα
794 2988 963 3060 μυρία
988 2985 1135 3041 κακά
1165 2988 1428 3058 παρορμᾷ
1471 2986 1567 3040 καὶ
1610 2986 1910 3060 προτρέπει

321 3082 479 3135 τουτὶ
513 3078 575 3134 τὸ
598 3080 795 3151 δόγμα,
818 3078 1133 3151 ἀνατροπὴν
1167 3076 1263 3131 τοῦ
1320 3078 1522 3143 παντὸς
1552 3077 1666 3148 βίου
1699 3078 1912 3150 ἀθρόως

2012 1905 2208 1960 tatum,
2240 1910 2364 1963 quae
2394 1891 2594 1948 mentis
2622 1899 2677 1945 et
2702 1887 3077 1957 intelligentiae
3105 1885 3329 1939 ductum
3358 1896 3584 1951 sequun—

2012 1995 2121 2050 tur,
2167 1984 2453 2055 alliganda;
2495 1983 2737 2037 rationes
2782 1986 2966 2042 erunt,
3018 1978 3066 2033 si
3101 1977 3354 2031 humanm
3384 1974 3586 2043 cogita-

2011 2081 2190 2135 tiones
2215 2087 2383 2148 atque
2411 2074 2698 2144 sententia:
2739 2072 2790 2127 vi
2827 2070 3064 2141 quadam
3106 2066 3458 2122 inexorabilis
3495 2080 3587 2119 ne-

2013 2171 2289 2227 cessitatis
2324 2177 2590 2239 agentur;
2632 2166 2783 2221 nulla
2823 2165 2940 2235 jam
2972 2162 3220 2234 profecto
3247 2157 3589 2231 philosophia

2013 2274 2117 2331 est,
2164 2264 2316 2318 nulla
2370 2261 2598 2331 religio;
2649 2258 2840 2329 probis
2887 2257 3008 2311 laus
3058 2271 3126 2309 ex
3172 2253 3374 2308 virtute
3408 2251 3589 2314 nulla;

2013 2356 2167 2411 nulla
2199 2354 2295 2408 Dei
2338 2348 2742 2414 benevolentia,
2776 2348 2962 2403 nullus
2991 2346 3228 2415 denique
3264 2342 3476 2398 fructus
3502 2357 3584 2397 su-

2014 2461 2325 2518 sceptorum
2363 2446 2614 2500 laborum
2659 2441 3009 2498 contentione
3059 2438 3283 2508 dignus,
3337 2450 3462 2491 cum
3510 2449 3583 2487 ne

2015 2540 2257 2598 cessitati
2289 2546 2454 2608 atque
2478 2535 2590 2591 fato
2620 2551 2802 2589 rerum
2832 2547 3015 2588 causa:
3038 2528 3285 2585 omnium
3318 2526 3598 2597 assignen-

2016 2639 2127 2687 tur.
2178 2628 2472 2684 Enimvero
2512 2641 2614 2681 nec
2654 2623 2921 2694 improbis
2956 2621 3117 2693 243
3163 2620 3420 2687 deinceps
3445 2657 3461 2684 ,
3502 2624 3592 2670 aut

2016 2722 2220 2795 impiis,
2266 2720 2623 2790 omniumque
2656 2718 2795 2773 adeo
2844 2716 3111 2772 scelerum
3146 2711 3485 2782 turpitudine
3515 2709 3591 2765 la-

2016 2814 2340 2872 borantibus
2388 2810 2824 2868 succensendum
2860 2808 2994 2874 erit;
3042 2821 3144 2861 nec
3170 2802 3412 2859 virtutis
3452 2815 3586 2855 ama-

2017 2908 2230 2963 toribus
2274 2905 2455 2961 laudis
2498 2902 2798 2975 quidquam
2838 2898 3174 2968 honorisque
3221 2893 3592 2950 tribuendum.

2019 2999 2101 3053 Ex
2134 3015 2245 3069 quo
2284 2996 2531 3067 profecto
2563 2994 2834 3065 sequitur,
2871 2991 3019 3063 quod
3052 2998 3177 3045 ante
3214 2987 3486 3052 dicebam,
3513 2985 3592 3039 in-

2020 3108 2154 3164 gens
2182 3090 2316 3145 illud
2348 3088 2714 3160 philosorthia:
2755 3086 2923 3141 decus
2964 3086 3290 3154 periturum,
3332 3080 3379 3136 si
3423 3087 3588 3133 astro

324 3171 824 3243 κατεργαζόμενον.
858 3171 923 3224 Et
946 3167 1078 3238 γοῦν
1110 3186 1193 3233 τις
1225 3169 1454 3223 αὐτόθεν
1495 3169 1776 3224 πιστεύσοι
1807 3172 1913 3234 τοῖς

2023 3199 2146 3238 rum
2176 3198 2244 3236 ex
2272 3180 2627 3244 necessitate,
2663 3193 2774 3232 non
2811 3192 2878 3232 ex
2909 3174 3219 3231 voluntaria
3248 3172 3594 3226 meditatione

327 3263 665 3334 θαυμαστοῖς
682 3262 788 3316 τῶν
813 3261 952 3315 θεῶν
983 3265 1271 3334 χρησμοῖς,
1297 3264 1380 3316 ὅτι
1419 3263 1480 3317 τὸ
1513 3262 1795 3335 ἀληθεύειν
1819 3262 1916 3317 καὶ

325 3356 393 3411 τὸ
426 3354 742 3425 ψεύδεσθαι,
775 3355 869 3409 καὶ
899 3355 1010 3426 (55)
1038 3356 1137 3425 οὐχ
1178 3355 1445 3427 ἡμέτερον
1480 3356 1640 3427 ἔργον
1661 3350 1754 3426 ἦν,
1780 3355 1918 3409 ἀλλὰ

325 3451 431 3522 τῆς
449 3450 825 3522 ἀπαραιτήτου
859 3449 1221 3521 εἱμαρμένης,
1238 3450 1413 3503 καὶτὸ
1437 3448 1611 3504 θέλειν
1635 3450 1728 3503 ἐπὶ
1754 3467 1920 3522 στρα-

246 3534 292 3557 ⁸
328 3541 504 3606 τείαν,
534 3540 568 3612 ἢ
602 3542 689 3594 ἐπ’
722 3540 848 3594 ἄλλο
870 3558 923 3594 τι
952 3538 1063 3594 τῶν
1095 3539 1380 3612 πρακτέων
1402 3542 1599 3613 ὁρμᾷν,
1634 3541 1728 3594 καὶ
1756 3541 1817 3595 τὸ
1843 3541 1918 3612 μὴ

335 3630 515 3686 θέλειν
539 3630 609 3685 τὰ
634 3630 834 3685 τοιάδε·
861 3630 978 3694 πῶς
1001 3630 1101 3684 οὐκ
1137 3629 1202 3684 ἂν
1228 3630 1535 3702 ἐθελήσειεν
1578 3633 1803 3703 ἀμελεῖν
1827 3632 1922 3688 καὶ

334 3721 785 3797 καταρρᾳθυμεῖν
806 3724 863 3775 ὲν
888 3722 1061 3775 ἆπασι
1077 3724 1191 3786 τοῖς
1228 3722 1303 3795 μὴ
1352 3722 1480 3776 ἄνευ
1531 3723 1794 3795 καμάτων
1825 3725 1921 3780 καὶ

332 3814 533 3880 πόνων,
556 3816 772 3886 καὶτῆς
800 3817 834 3886 ἡ
844 3813 958 3886 μῶν
985 3814 1161 3868 αὐτῶν
1197 3814 1504 3887 προθυμίας
1526 3816 1921 3889 κατορθοῦσθαι

334 3906 687 3978 δυναμένοις;
726 3906 790 3959 Εἰ
818 3905 927 3977 γάρ
956 3905 1014 3973 ἐξ
1049 3904 1389 3977 εἱμαρμένης
1444 3905 1564 3959 τόδε
1603 3923 1655 3959 τι
1696 3908 1923 3978 γενήσε-

337 3997 464 4051 σθαι
513 3998 747 4069 νομίζοι,
789 3998 900 4051 εἴτε
930 3997 1244 4069 -πονοίημεν
1291 3997 1455 4068 ἡμεῖς
1491 3998 1622 4068 περὶ
1669 3998 1801 4052 αὐτὸ
1826 3999 1923 4052 καὶ

337 4089 755 4161 σπουδάζοιμεν,
788 4088 897 4143 εἴτε
922 4090 1015 4143 καὶ
1043 4087 1139 4160 μὴ,
1160 4089 1277 4152 πῶς
1299 4089 1399 4142 οὐκ
1432 4089 1498 4144 ἄν
1533 4106 1615 4153 τις
1643 4089 1921 4162 ἐθελήσειε

335 4182 399 4235 τὺ
440 4183 568 4253 ῥᾷον
602 4179 896 4251 αἱρεῖσθαι,
925 4183 1122 4252 παρεὶς
1162 4179 1356 4234 ἑαυτὸν
1405 4180 1502 4234 καὶ⁹
1550 4179 1789 4252 ἀμελῶν,
1846 4181 1923 4248 ὡς

338 4274 401 4338 ἐξ
419 4271 759 4344 εἱμαρμένης
795 4271 889 4324 καὶ
934 4272 1179 4343 ἀνάγκης
1213 4271 1578 4343 γενησομένου
1633 4272 1729 4327 τοῦ
1780 4291 1924 4347 πρα-

335 4364 709 4437 χθησομένους
748 4363 909 4418 Ὅθεν
935 4365 1030 4418 καὶ
1046 4363 1316 4433 λεγόντων
1355 4365 1505 4417 ἐστὶν
1545 4363 1776 4419 ἀκοῦσαι
1812 4366 1920 4419 τῶν

338 4452 572 4524 πολλῶν,
633 4456 716 4510 ὅτι
758 4457 889 4529 ἄρα,
937 4457 1322 4529 Πραχθήσεται
1352 4455 1531 4521 τοῦτο,
1583 4456 1698 4527 εῐγε
1729 4458 1923 4529 εἵμαρ-

2021 3274 2313 3344 studioque
2356 3271 2631 3343 pendebit.
2670 3269 2807 3324 Vide
2847 3283 2977 3340 ergo
3006 3282 3170 3338 quam
3207 3265 3263 3320 in
3298 3263 3595 3319 exitialium

2021 3364 2339 3434 dogmatum
2371 3362 2689 3431 voraginem
2732 3360 2962 3415 clientes
3006 3373 3139 3414 suos
3171 3356 3387 3427 egregia
3422 3354 3594 3409 numi-

2022 3473 2092 3512 na
2116 3457 2490 3527 conjeeerint:
2530 3461 2695 3524 atque
2734 3460 2796 3508 ut
2828 3451 3098 3522 ejusmodi
3137 3447 3430 3511 sententia,
3470 3446 3595 3501 dum

2024 3550 2092 3605 ad
2140 3547 2477 3619 nequitiam,
2533 3546 2861 3616 injuriarum
2911 3542 3213 3608 licentiam,
3258 3540 3604 3607 aliorumque

2024 3641 2292 3695 malorum
2310 3639 2418 3693 vim
2445 3653 2509 3693 ac
2531 3636 2935 3691 multitudinem
2964 3631 3233 3688 infinitam
3262 3627 3606 3692 exstimulat.

2024 3733 2152 3788 vita:
2180 3731 2346 3788 simul
2376 3730 2650 3786 universa:
2690 3728 2991 3798 perniciem
3035 3726 3283 3779 ultimam
3322 3719 3606 3775 moliatur.

2022 3822 2160 3879 Nam
2205 3823 2300 3879 ubi
2340 3822 2468 3894 quis
2515 3821 2687 3877 semel
2739 3818 3017 3892 praeclaris
3049 3818 3276 3872 deorum
3321 3820 3596 3883 permotus

2022 3916 2288 3981 oraculis,
2328 3915 2382 3968 in
2422 3914 2668 3969 animum
2702 3910 2980 3966 induxerit
3024 3922 3210 3973 suum,
3242 3918 3372 3960 vera
3399 3901 3595 3972 pariter

2025 4008 2273 4079 falsaque
2303 4006 2476 4077 loqui,
2507 4005 2846 4060 voluntatem
2893 4002 2961 4057 ad
3000 3999 3256 4056 militiam
3283 3994 3599 4064 adjungere.

2026 4110 2121 4156 aut
2148 4116 2266 4155 rem
2303 4098 2576 4169 ejusmodi
2603 4098 2843 4168 aliquam
2869 4092 3148 4167 persequi,
3183 4090 3269 4146 vel
3297 4094 3490 4144 contra
3519 4084 3597 4140 fu-

2026 4209 2173 4266 gere,
2225 4193 2582 4248 inexorabilis
2630 4191 2725 4246 fati
2760 4205 2903 4255 esse,
2969 4203 3079 4243 non
3122 4192 3325 4241 nostrae
3361 4191 3589 4253 potesta'

2025 4289 2094 4343 tis
2117 4307 2130 4341 :
2163 4288 2288 4356 quis
2316 4302 2427 4340 non
2451 4301 2576 4345 eum
2598 4285 2863 4339 continuo
2889 4281 3090 4347 videat,
3123 4290 3463 4349 quaecunque
3485 4273 3600 4329 sine

2025 4379 2295 4435 molestiis
2330 4388 2496 4448 atque
2551 4377 2853 4439 laboribus,
2885 4383 3188 4443 noslraque
3221 4371 3355 4423 adeo
3381 4375 3601 4422 conten.

2027 4474 2173 4528 tione
2204 4471 2390 4542 perfici
2424 4486 2535 4525 non
2577 4476 2859 4540 poterunt,
2899 4466 2953 4520 in
2988 4465 3058 4521 iis
3095 4464 3354 4519 omnibus
3379 4459 3601 4542 langui-

336 4549 430 4603 ταί
458 4566 566 4620 μοι’
590 4550 703 4613 καὶ,
721 4549 786 4602 Τί
809 4566 876 4619 με
906 4550 1011 4621 χρὴ
1041 4550 1301 4621 παρέχειν
1330 4548 1551 4621 ἐμαυτῷ
1585 4550 1913 4622 πράγματα;

2029 4564 2157 4617 dum
2206 4541 2263 4618 et
2305 4563 2534 4617 inertem
2584 4558 2856 4613 futurum?
2896 4556 3106 4611 Etenim
3152 4554 3245 4625 qui
3282 4541 3431 4607 certo
3468 4564 3603 4620 quo-

339 4641 534 4713 Είγάρ
584 4642 613 4694 ὁ
646 4641 742 4695 ἐπὶ
766 4641 1055 4715 στρατείαν
1084 4640 1269 4712 ὁρμῶν
1307 4642 1406 4695 οὐκ
1444 4644 1510 4695 ὲκ
1544 4641 1925 4713 προαιρέσεως

338 4733 544 4798 οἰκείας
568 4732 712 4786 τοῦτ’
731 4733 1024 4806 ἔπραττεν,
1048 4733 1402 4804 ἐλαυνόμενος
1444 4733 1501 4787 δὲ
1527 4734 1633 4787 ὑπὸ
1661 4735 1760 4806 τῆς
1791 4733 1924 4799 ἔξω·

337 4825 434 4880 θεν
489 4825 757 4897 ἀνάγκης,
810 4825 1053 4898 δηλονότι
1098 4826 1192 4879 καὶ
1241 4826 1334 4879 ἐπὶ
1387 4825 1643 4898 λῃστείαν
1681 4827 1794 4896 (54)
1833 4828 1927 4881 κα)⁵

337 4915 746 4988 τυμϐωρυχίας,
787 4918 883 4971 καὶ
910 4918 1001 4971 ἐπὶ
1039 4916 1139 4981 τὰς
1191 4916 1356 4980 ἄλλας
1386 4918 1504 4989 ¹ἦτοι
1548 4918 1926 4989 ἀνοσιουργίας

337 5007 435 5068 καὶ
463 5007 783 5073 ἀκολασίας.
805 5007 838 5079 ἢ
863 5008 1124 5080 κοσμίους
1156 5008 1251 5062 καὶ
1304 5006 1589 5080 σώφρονας
1635 5008 1924 5081 ἐπιτηδεύ-

340 5115 476 5163 σεις’
499 5099 657 5153 τοῦτο
678 5099 787 5170 γὰρ
821 5099 886 5153 ἂν
919 5100 1005 5171 εἴη
1065 5100 1356 5155 ἀκόλουθον
1391 5100 1471 5171 τῷ
1502 5101 1631 5172 περὶ
1655 5099 1925 5171 εἱμαρμέ-

339 5206 439 5257 νης
470 5188 631 5263 λόγῳ.
663 5189 789 5253 Πῶς
810 5185 903 5243 οὖν
928 5192 965 5243 ὁ
990 5189 1163 5244 ταῦτα
1195 5191 1269 5262 μὴ
1306 5191 1365 5257 ἐξ
1397 5189 1562 5245 αὑτοῦ
1619 5189 1924 5262 ἡγούμενος

339 5277 629 5348 ἐγχειρεῖν,
663 5277 777 5331 ἀλλ’
807 5279 1023 5349 ὑπὸτῆς
1042 5278 1239 5347 ἔξωθεν
1275 5281 1545 5352 ἀνάγκης,
1580 5279 1922 5353 προσέξοιάν

341 5383 474 5421 ποτε
499 5368 578 5443 τῷ
604 5369 963 5435 νουθετοῦντι,
993 5371 1089 5423 καὶ
1134 5370 1439 5426 διδάσκοντι
1471 5370 1546 5445 μὴ
1580 5370 1773 5425 ἑαυτὸν
1804 5372 1923 5425 ὲπι-

373 5615 387 5626 .
416 5540 530 5615 (50)
577 5543 746 5613 Ἑμοῦ
770 5558 862 5599 σε.
900 5542 1329 5601 Rescribendum
1354 5545 1568 5602 videtur
1596 5544 1700 5613 σοί,
1731 5545 1923 5602 claris-

342 5629 487 5670 SImO
520 5629 706 5672 $0118“.

415 5684 530 5817 (ξιξ
556 5686 773 5744 Βυθόν.
800 5684 1060 5748 Montac.,
1086 5686 1377 5769 βάραθρον,
1414 5685 1583 5755 Elige.
1799 5756 1810 5767 _

416 5755 509 5815 (οἳ
563 5757 693 5811 Θεοὶ
738 5757 1278 5817 καταϐεϐλήκασιν.
1318 5757 1540 5811 Videtur
1572 5763 1810 5811 accusati

416 5755 530 5827 (52)
563 5757 693 5811 Θεοὶ
738 5755 1280 5823 καταϐεϐλήκασινζ
1318 5757 1540 5827 Videtur
1572 5756 1920 5827 accusativus

346 5825 542 5896 ..ιιςιιιίς
589 5828 912 5894 desiderari,
960 5838 1089 5898 puta
1136 5829 1281 5899 ἡμᾶς
1331 5828 1453 5891 τοὺς
1495 5825 1923 5900 θεραπεύοντας.

2027 4655 2151 4710 dam
2182 4654 2293 4709 fato
2321 4655 2424 4709 hoc
2449 4654 2649 4708 illudve
2679 4653 2926 4706 futurum
2958 4650 3061 4705 sibi
3095 4647 3454 4719 persuaserit,
3489 4644 3605 4699 sive

2029 4747 2234 4817 aliquid
2270 4747 2375 4815 ipsi
2411 4760 2631 4815 quoque
2667 4742 2871 4797 laboris
2903 4750 2957 4795 et
2986 4739 3269 4794 industria!
3303 4733 3599 4790 contuleri.

2026 4853 2173 4901 mus,
2208 4837 2325 4891 sive
2353 4851 2495 4902 non;
2529 4820 2655 4889 eum
2696 4843 2751 4888 tu
2782 4831 3124 4888 facilioribus
3151 4825 3601 4892 mollioribusque

2025 4928 2270 4992 delectis,
2321 4941 2431 4981 non
2479 4926 2742 4981 dissolute
2808 4939 2873 4979 ac
2926 4921 3261 4993 negligenter
3330 4917 3603 4969 victurum

2024 5029 2211 5090 putas,
2274 5018 2431 5089 quasi
2475 5017 2783 5073 necessario
2828 5014 3072 5068 futurum
3119 5008 3250 5064 illud
3307 5006 3410 5073 sit,
3456 5002 3602 5074 quod

2025 5110 2297 5182 agendum
2332 5108 2534 5165 fuerit?
2566 5107 2633 5163 Et
2678 5122 2809 5163 vero
2858 5107 3151 5177 plerosque
3200 5110 3484 5171 propterea
3524 5098 3605 5153 sic

2023 5203 2176 5273 loqui
2208 5202 2424 5267 audias,
2450 5200 2570 5256 Fiet
2596 5200 2727 5254 illud
2762 5199 3007 5262 omnino,
3040 5196 3086 5252 si
3118 5194 3289 5248 fatum
3321 5193 3393 5245 ita
3421 5204 3602 5244 meum

2023 5295 2227 5349 tulerit.
2256 5293 2531 5360 Quorsum
2566 5302 2747 5346 autem
2785 5290 2990 5345 frustra
3025 5287 3289 5342 molestus
3317 5284 3432 5354 ipse
3469 5281 3602 5335 mihi

2024 5387 2155 5442 sim?
2201 5385 2336 5441 Nam
2371 5386 2465 5457 qui
2496 5386 2747 5440 militiam
2784 5393 3025 5439 sectatus
3071 5388 3176 5446 est,
3220 5378 3268 5432 is
3315 5376 3360 5431 si
3402 5388 3511 5430 non
3537 5388 3604 5427 eo

2024 5553 2119 5627 aut
2156 5544 2228 5599 al.
2264 5544 2474 5612 simile;
2505 5543 2618 5599 sive
2662 5542 2846 5614 potius
2879 5540 3129 5595 absolute
3166 5535 3403 5609 positum
3449 5531 3601 5587 intel-

2025 5618 2206 5756 “8(3585.)
2233 5683 2344 5740 Kal
2376 5687 2511 5756 οὐχ.
2541 5684 2636 5755 Γρ.
2668 5682 2807 5756 tollit
2837 5680 2976 5736 istud
3002 5678 3116 5742 καί,
3151 5686 3315 5756 recte.

2242 5756 2350 5811 Kal
2389 5741 2488 5808 edi
2522 5741 2702 5824 λῄστ.
2748 5753 2897 5809 Alter
2928 5770 2957 5807 e
2994 5741 3268 5804 manuscr.
3311 5746 3413 5816 leg.
3453 5741 3545 5797 καὶ
3578 5741 3604 5795 δ

2027 5826 2119 5885 ἐπὶ
2147 5826 2330 5899 ληστη
2368 5835 2534 5882 ret'tc.
2568 5874 2589 5894 ,
