3856 6224
273 275 383 331 415

913 272 1184 329 EUSEBII
1221 273 1706 331 CESARIENSIS
1747 273 1897 329 OPP.
1942 269 2121 325 PARS
2169 268 2232 324 ll.
2275 295 2348 308 -—
2384 262 2890 321 APOLOGETICA.

3424 260 3531 315 H6

267 390 459 446 volens
492 402 557 444 ac
594 402 691 443 sua
730 402 789 443 se
821 399 1017 458 sponte
1046 390 1298 453 contulit,
1335 390 1428 443 sed
1471 401 1694 444 externa
1723 406 1836 457 qua-

1952 386 2150 440 διδόναι
2200 383 2412 436 ἔκδοτον
2457 384 2569 445 τοῖς
2618 377 3075 451 προειρημένοις;
3123 376 3280 431 Εἴποι
3322 377 3429 448 γὰρ
3464 379 3530 431 ἂν

268 478 396 532 dam
430 480 756 535 necessitate
784 480 1102 548 compulsus
1128 498 1142 547 ;
1175 481 1347 550 liquet
1376 484 1621 549 profecto
1649 481 1716 536 de
1741 498 1846 536 cte-

270 569 402 624 teris
429 569 572 625 idem
598 569 941 624 sentiendum
981 586 1124 636 esse,
1164 572 1256 641 qui
1297 572 1383 627 vel
1414 572 1735 636 latrociniis,
1762 572 1845 625 vel

270 661 543 730 sepulcris
585 659 926 722 eﬂ‘odiendis,
964 662 1047 716 vel
1079 661 1201 718 aliis
1237 663 1533 732 impietatis
1561 671 1726 733 atque
1759 663 1844 716 in-

271 756 647 825 temperantiae
681 754 995 823 generibus,
1023 766 1117 811 aut
1151 758 1313 811 etiam
1351 758 1757 813 honestioribus
1783 774 1847 812 ac

273 845 588 900 sanioribus
633 845 895 901 institutis
941 862 1001 902 se
1034 848 1361 903 dediderint.
1417 847 1532 903 Hoc
1581 849 1725 903 enim
1778 865 1846 905 ex

201 992 211 999 ,
271 932 376 988 ista
426 934 523 988 fati
576 937 788 991 ratione
833 952 1179 1007 consequens
1215 939 1372 1007 plane
1416 950 1518 994 est.
1565 939 1670 1006 Qui
1716 954 1846 1008 ergo

272 1023 443 1078 semel
501 1023 557 1077 in
608 1038 729 1079 eam
783 1025 1039 1082 inductus
1091 1028 1405 1097 Opinionem
1459 1030 1654 1096 fuerit,
1712 1030 1846 1084 nihil

273 1114 507 1169 istorum
533 1130 634 1171 sua
664 1132 725 1171 se
755 1118 1036 1172 voluntate
1075 1122 1352 1190 persequi,
1396 1131 1635 1177 externae
1659 1138 1848 1177 neces-

270 1206 417 1260 sitati
445 1208 729 1263 tribuenda
760 1225 881 1264 esse
913 1213 1131 1266 omnia:
1168 1213 1261 1282 qui
1292 1214 1406 1268 fieri
1435 1216 1650 1285 poterit,
1680 1223 1740 1269 ut
1765 1231 1848 1270 se-

270 1313 349 1364 se,
388 1300 456 1354 ab
487 1300 555 1355 iis
591 1301 973 1356 abstinendum
1010 1306 1252 1358 monenti
1287 1322 1350 1360 ac
1383 1308 1736 1378 praecipienti,
1764 1308 1846 1361 di-

269 1399 357 1447 cto
399 1392 709 1447 audientem
769 1394 1046 1463 prmbeat?
1102 1394 1320 1452 Rt-feret
1365 1400 1552 1468 utique
1589 1399 1845 1453 monitori

269 1498 393 1547 suo,
424 1486 888 1553 quemadmodum
935 1489 1244 1555 nonnullis,
1281 1490 1374 1559 qui
1413 1491 1681 1559 superiori
1727 1507 1846 1545 mea

270 1574 445 1629 moria
491 1575 698 1641 vixere,
739 1578 985 1648 contigit,
1028 1580 1109 1634 Ad
1145 1580 1275 1648 quid
1308 1581 1423 1636 haec
1465 1590 1518 1635 tu
1557 1583 1689 1636 mibi
1722 1598 1843 1637 mo-

270 1666 408 1732 nita,
441 1666 584 1721 bone
625 1667 737 1720 vir?
777 1667 886 1723 Nec
925 1671 1068 1724 enim
1109 1671 1381 1742 integrum
1423 1673 1558 1727 mihi
1592 1682 1675 1730 est
1704 1675 1843 1730 hanc

269 1762 505 1810 mentem
541 1757 940 1827 consiliumque
987 1768 1218 1826 mutare,
1269 1762 1488 1831 quando
1513 1763 1628 1829 jam
1669 1762 1839 1817 fatum

268 1849 576 1917 occupavit.
605 1848 745 1915 Quid
772 1866 859 1905 me
889 1866 1053 1921 porro
1082 1851 1236 1921 juvet
1263 1855 1612 1922 contendere,
1649 1855 1742 1910 ubi
1774 1872 1842 1912 ne

268 1939 492 2010 optandi
524 1941 744 2010 quidem
780 1941 1014 1997 facultas
1050 1944 1446 2014 arbitriumque
1481 1947 1839 2016 relinquatur,

267 2030 376 2085 nisi
412 2039 602 2099 optare
633 2028 807 2085 fatum
840 2047 1061 2102 quoque
1086 2034 1222 2087 mihi
1255 2034 1352 2089 sit?
1383 2033 1595 2104 Optabo
1626 2052 1755 2092 veru
1793 2038 1840 2093 si

267 2119 437 2175 fatum
482 2122 607 2186 erit,
650 2130 711 2176 ut
756 2122 893 2176 nihil
932 2124 1236 2194 praecipias,
1277 2125 1440 2198 244
1486 2127 1715 2196 ipsamet
1747 2128 1841 2183 fati

266 2211 593 2267 necessitate
621 2212 870 2266 adactus.
906 2212 1015 2267 (Zur
1044 2229 1175 2283 ergo
1204 2214 1408 2271 frustra
1441 2220 1705 2273 molestus
1727 2219 1842 2289 ipse

266 2300 363 2356 tibi
392 2302 495 2359 es?
522 2300 688 2372 Urget
709 2303 969 2357 nimirum
1004 2306 1193 2359 eadem
1232 2315 1283 2360 te
1314 2307 1634 2372 necessitas,
1678 2317 1840 2378 atque

266 2399 326 2446 ut
374 2391 480 2448 ista
518 2392 652 2447 mihi
704 2394 957 2459 suadeas,
1011 2396 1236 2451 omnino
1278 2397 1443 2467 cogit.
1476 2397 1547 2451 At
1576 2414 1838 2468 quorsum

264 2484 370 2540 hac
409 2485 465 2539 in
517 2500 578 2540 re
617 2493 828 2539 tantum
870 2487 1072 2541 studii?
1103 2486 1273 2543 Cassa
1304 2489 1506 2559 quippe
1542 2498 1598 2545 et
1628 2490 1840 2547 inutilis

264 2577 575 2633 cohortatio
603 2588 692 2633 tua
725 2585 828 2632 est.
862 2577 998 2633 Nam
1029 2580 1085 2633 in
1123 2595 1237 2635 rem
1273 2581 1506 2650 ipsemet
1529 2581 1839 2637 incumbam

263 2668 428 2733 ultro,
458 2671 507 2725 si
551 2670 725 2726 fatum
762 2673 894 2739 erit;
945 2672 1030 2727 sin
1059 2681 1261 2738 autem,
1306 2673 1483 2728 inanis
1515 2684 1599 2730 est
1641 2675 1842 2730 utrius-

260 2775 371 2830 que
402 2762 702 2818 contentio.
737 2762 937 2829 Quidni
968 2770 1174 2827 autem,
1205 2763 1479 2818 dissoluto
1510 2765 1693 2834 potius
1719 2765 1840 2818 ani-

261 2867 374 2917 mo,
407 2853 502 2922 qui
545 2853 649 2909 hac
680 2855 846 2910 semel
888 2856 1130 2910 imbutus
1159 2856 1418 2925 opinione
1465 2856 1557 2922 sit,
1599 2857 1746 2913 hunc
1781 2857 1837 2912 in

261 2945 483 3000 modum
516 2947 770 3018 loquatur
797 2950 911 3018 ipse
942 2965 1126 3005 secum
1152 2969 1165 3003 :
1190 2949 1322 3004 Mihi
1348 2964 1481 3005 vero
1514 2960 1723 3005 certum
1753 2959 1839 3006 est

259 3035 435 3093 labori
465 3056 711 3109 parcere,
745 3043 1064 3112 nullamque
1092 3042 1228 3096 mihi
1281 3041 1485 3097 frustra
1527 3044 1832 3099 molestiam

261 3128 560 3198 facessere;
595 3133 904 3188 necessario
943 3134 1113 3199 enim,
1150 3133 1415 3203 quidquid
1454 3135 1510 3189 in
1552 3134 1679 3192 fatis
1709 3137 1832 3201 erit,

259 3223 491 3278 eveniet.
525 3223 595 3277 At
625 3240 756 3279 vero
787 3226 880 3294 qui
913 3226 990 3280 rei
1034 3226 1412 3297 cujuscunque
1463 3229 1547 3283 vel
1593 3230 1834 3286 studium

261 3315 628 3384 persequitur,
658 3317 738 3370 vel
765 3323 1035 3385 praecepta
1070 3318 1268 3384 tradit;
1313 3320 1684 3389 qui.seipsum
1741 3331 1837 3376 aut

262 3407 429 3461 alium
469 3407 777 3476 quemlibet
818 3407 1159 3472 adhortatur,
1197 3409 1274 3462 uti
1302 3411 1387 3463 vel
1430 3426 1638 3466 morem
1685 3425 1837 3483 gerat

261 3498 346 3552 vel
371 3497 527 3567 jussa
559 3498 828 3567 negligat;
869 3508 1153 3567 peccatum
1184 3510 1279 3555 aut
1314 3502 1566 3557 admittat
1611 3513 1706 3559 aut
1748 3504 1837 3560 fu-

262 3588 403 3659 giat;
449 3589 533 3643 vel
574 3599 768 3660 arguat
804 3590 1103 3660 improbos,
1151 3594 1233 3647 vel
1280 3595 1480 3663 probos
1518 3596 1678 3653 laude
1722 3598 1837 3653 alii-

261 3682 403 3736 eiat:
450 3683 518 3746 is,
550 3698 658 3736 non
687 3683 864 3752 palam
896 3692 949 3737 et
976 3693 1160 3753 aperte
1203 3686 1470 3742 libertatis
1513 3690 1836 3761 arbitriique

261 3776 434 3830 nostri
477 3775 788 3832 facultatem
823 3793 886 3831 ac
934 3786 1256 3848 potestatem
1290 3781 1571 3850 relinquit,
1611 3782 1707 3847 fati
1741 3799 1838 3838 no-

262 3882 387 3922 men
413 3867 461 3922 ei
489 3869 667 3923 solum
713 3884 775 3924 ac
800 3884 984 3923 vocem
1019 3871 1292 3941 adjungit?
1327 3871 1559 3928 Perinde
1585 3874 1832 3941 omnino,

263 3970 323 4016 ut
356 3961 402 4015 si
445 3962 571 4031 quis
603 3962 751 4015 illam
784 3961 914 4015 boni
954 3970 1227 4028 naturam,
1256 3980 1384 4034 qua,
1422 3965 1539 4031 hoc,
1571 3960 1715 4021 statu
1756 3982 1838 4022 re-

264 4067 407 4117 rum,
460 4055 664 4123 Optime
710 4055 1016 4110 animantes
1075 4068 1370 4126 reguntur,
1427 4059 1557 4112 mali
1613 4060 1835 4116 nomine

261 4147 578 4216 appellaret.
620 4144 712 4201 Sic
742 4147 911 4210 enim,
939 4163 1064 4201 cum
1097 4149 1256 4217 plane
1291 4151 1613 4216 sentiamus,
1648 4153 1734 4207 vel
1766 4153 1834 4207 ad

259 4237 591 4294 erudiendos
631 4238 856 4305 liberos,
893 4240 979 4293 vel
1041 4241 1107 4293 ad
1148 4242 1334 4312 plagas
1386 4243 1651 4312 improbis
1690 4260 1837 4298 man-

262 4329 423 4399 cipiis
449 4330 790 4401 inﬂigendas,
826 4335 911 4388 vel
941 4334 1006 4388 ad
1040 4334 1304 4404 quidlibet
1352 4334 1468 4389 sive
1510 4336 1836 4405 amplecten-

1950 477 2086 548 πρὸς
2110 475 2201 530 τὸν
2239 474 2612 534 νουθετοῦντα,
2664 469 2739 534 ὡς
2778 473 2872 522 καὶ
2926 469 3032 522 τῶν
3065 468 3166 540 πρὸ
3200 467 3356 539 ἡμῶν
3388 485 3530 521 τισιν

1947 573 2178 641 εἴρηται·
2202 567 2266 621 Τί
2300 584 2389 636 με,
2416 561 2461 620 ὦ
2483 565 2755 636 ἄνθρωπε,
2775 562 3040 625 νουθετεῖς
3058 578 3071 626 ;
3086 562 3273 615 Ταῦτα
3289 560 3396 633 γὰρ
3415 561 3528 632 (55)

1947 663 2007 716 οὐ
2033 662 2207 732 δήπου
2245 660 2392 712 ἐστὶν
2421 658 2506 711 ἐπ’
2532 658 2676 727 ἐμοὶ,
2704 656 2766 709 τὸ
2795 654 3150 727 μεταϐάλλειν
3194 653 3294 725 τὴν
3332 654 3529 725 προαί-

1953 770 2119 827 ρεσιν⁶
2178 753 2211 823 ή
2246 752 2353 823 γάρ
2381 750 2687 820 εἱμαρμένη
2735 747 3159 819 προκατείληφε.
3201 746 3266 799 Τί
3308 741 3403 799 οῦν
3448 745 3531 797 δεῖ

1950 843 2301 899 συντετάσθαι
2330 840 2468 913 πρὸς
2497 841 2533 895 ἃ
2553 839 2675 894 οὐδὲ
2708 838 3101 910 προθυμεῖσθαι
3128 838 3445 911 δυνήσομαι,
3478 838 3526 890 εί

1951 937 2025 1008 μὴ
2060 933 2335 989 καὶτοῦτο
2371 932 2735 1003 καθείμαρταί
2784 948 2907 1002 μοις
2965 930 3391 1002 Προθυμήσομαι
3444 929 3523 992 δὲ,

1947 1029 1996 1080 εί
2027 1027 2415 1097 καθείμαρται,
2461 1023 2553 1077 καὶ
2604 1023 2732 1077 ἄνευ
2782 1023 2881 1092 τῆς
2913 1022 3012 1091 σῆς
3052 1021 3401 1083 διδασκαλίας
3420 1021 3529 1073 ὐπὸ

1945 1120 2048 1190 τῆς
2102 1116 2440 1190 εἱμαρμένης
2491 1116 2777 1186 ἀγόμενος.
2809 1113 2873 1166 Τί
2925 1110 3020 1167 οῦν
3080 1114 3252 1184 μάτην
3300 1110 3526 1166 σεαυτὸν

1947 1213 2219 1283 ὲνοχλεῖς;
2262 1208 2402 1263 Ἀλλ’
2435 1211 2482 1262 εί
2515 1208 2608 1261 καὶ
2637 1207 2699 1263 τό
2737 1223 2796 1259 σε
2830 1207 3115 1277 παραινεῖν
3151 1205 3261 1277 (56)
3312 1204 3408 1258 καὶ
3442 1203 3524 1256 δι-

1946 1302 2164 1356 δάσκειν
2194 1305 2387 1372 φήσεις
2419 1301 2562 1355 κατά
2620 1299 2866 1369 ἀνάγκην
2931 1295 3291 1351 ἐπιτελεῖσθαι
3342 1296 3422 1358 είς
3461 1295 3524 1348 τὸ

1948 1397 2230 1468 παραινεῖν
2264 1394 2358 1448 καὶ
2402 1393 2608 1446 πείθειν
2637 1392 2735 1463 ἐμὲ
2760 1389 3003 1443 τοιαῦτα·
3037 1387 3173 1440 ἀλλά
3220 1388 3320 1440 κάν
3347 1385 3524 1455 τούτῳ

1945 1486 1998 1538 τί
2022 1487 2126 1559 χρὴ
2157 1485 2510 1550 σπουδάζειν;
2537 1484 2680 1556 ἀργὴ
2708 1483 2815 1554 γὰρ
2844 1484 2938 1535 καὶ
2960 1480 3242 1551 ἀνωφελὴς
3270 1482 3303 1550 ἡ
3331 1479 3523 1549 παραί-

1945 1595 2115 1641 νεσις.
2148 1578 2210 1631 Et
2237 1577 2344 1648 γὰρ
2368 1575 2622 1646 εἵμαρται
2681 1590 2792 1643 μοι,
2836 1571 3196 1641 φιλοπονήσω·
3231 1571 3279 1622 εί
3337 1568 3395 1621 δὲ
3443 1569 3518 1639 μὴ

1944 1668 2223 1739 εἵμαρται,
2251 1666 2483 1738 ματαίαν
2506 1663 2773 1717 ποιεῖσθαι
2800 1663 2897 1734 τὴν
2922 1661 3154 1731 σπουδὴν
3175 1658 3519 1731 ἀμφοτέρους

1865 1749 1916 1803 Β
1947 1758 2302 1830 συμϐήσεται.
2332 1757 2455 1820 Πῶς
2482 1757 2537 1810 δὲ
2567 1756 2651 1819 οὐ,
2683 1755 2881 1826 μᾶλλον
2921 1750 3346 1824 ἀπορραθυμῶν,
3375 1750 3518 1804 εἴποι

1943 1850 2009 1905 ἀν
2036 1850 2172 1921 πρὸς
2203 1848 2392 1902 ἑαυτὸν
2425 1851 2453 1902 ὁ
2480 1847 2685 1917 ταύτην
2726 1846 2862 1918 ἔχων
2890 1846 2989 1917 τὴν
3020 1844 3196 1908 δόξαν,
3229 1844 3363 1911 ’Ἄγε
3415 1859 3517 1914 μη·

1939 1941 2124 2014 δαμῶς
2154 1941 2515 2012 φιλοπονήσω,
2555 1936 2688 2010 μηδὲ
2738 1938 2912 2009 μάτην
2965 1936 3236 2006 ἐνοχλήσω
3269 1934 3514 2004 ὲμαυτῷ;

1938 2036 2227 2105 γενήσεται
2256 2031 2367 2104 γάρ
2392 2032 2452 2085 τὸ
2480 2030 2741 2101 εἱμαρτὸν
2792 2028 2853 2094 ἐξ
2905 2029 3169 2097 ἀνάγκης.
3211 2027 3271 2079 '0
3299 2025 3354 2079 δὲ
3389 2025 3515 2096 περί

1938 2144 1990 2179 τι
2014 2123 2386 2195 σπουδάζωνή
2419 2125 2513 2178 καὶ
2544 2123 2831 2187 διδάσκων,
2866 2121 2899 2193 ἢ
2954 2121 3275 2193 προτρέπων
3323 2117 3516 2171 ἑαυτὸν

1939 2219 1970 2290 ἢ
1996 2218 2175 2282 ἄλλον,
2202 2216 2299 2271 καὶ
2324 2216 2385 2270 τὸ
2418 2214 2700 2269 πείθεσθαι
2732 2213 2827 2267 καὶ
2849 2213 2909 2266 τὸ
2960 2213 3034 2284 μὴ
3070 2210 3372 2275 πείθεσθαι,
3419 2210 3514 2262 καὶ

1937 2311 1997 2364 τὸ
2022 2310 2353 2381 ἁμαρτάνειν
2403 2306 2436 2380 ἢ
2496 2307 2590 2379 μὴ,
2614 2307 2677 2359 τό
2725 2323 2786 2359 τε
2835 2305 3091 2375 ἐπιτιμᾷν
3123 2305 3237 2366 τοῖς
3262 2301 3514 2373 ἁμαρτά-

1937 2419 2104 2467 νουσι,
2130 2402 2225 2455 καὶ
2247 2400 2309 2454 τὸ
2337 2401 2580 2452 ἐπαινεῖν
2607 2398 2735 2462 τοὺς
2785 2397 3202 2471 κατορθοῦντας,
3246 2394 3364 2459 πῶς
3411 2395 3513 2449 οὐκ

1937 2492 2182 2564 ἐναργῶς
2208 2491 2491 2563 ἐλέγχεται
2515 2490 2576 2545 τὸ
2601 2489 2698 2562 μὲν
2729 2489 2891 2562 ἔργον
2919 2487 3236 2543 καταλιπὼν
3260 2486 3353 2541 τοῦ
3380 2490 3512 2559 παρ’

1936 2587 2067 2656 ἡμῖν
2123 2585 2216 2638 καὶ
2255 2582 2348 2637 τοῦ
2384 2581 2753 2647 αὐτεξουσίου,
2803 2584 2865 2636 τὸ
2923 2581 2981 2634 δὲ
3029 2579 3131 2651 τῆς
3173 2577 3515 2650 εἱμαρμένης

1936 2677 2107 2747 ὄνομα
2138 2674 2285 2747 αὐτῷ
2315 2676 2600 2731 συνάπτων
2638 2675 2832 2746 μόνον;
2873 2675 3082 2744 Ὠσπερ
3104 2673 3156 2726 et
3189 2689 3272 2736 τις
3291 2670 3389 2743 τὴν
3414 2670 3512 2728 τοῦ

1937 2763 2141 2835 ἀγαθοῦ
2173 2764 2353 2835 φύσιν,
2380 2758 2448 2836 ἦς
2476 2763 2617 2818 κατά
2649 2763 2749 2834 τὴν
2790 2762 3090 2834 παρουσίαν
3142 2763 3343 2835 ἄριστα
3383 2764 3515 2818 διοι-

1935 2859 2110 2910 κεῖται
2137 2857 2198 2910 τὺ
2233 2855 2391 2920 ζῶον,
2426 2853 2506 2926 τῷ
2535 2854 2628 2908 τοῦ
2653 2853 2824 2908 κακοῦ
2848 2853 3243 2927 προσαγορεύει
3269 2856 3512 2927 ὀνόματι.

1936 2946 2091 3001 Οὕτω
2117 2946 2227 3020 γὰρ
2271 2947 2393 3001 ἐπεὶ
2438 2945 2686 3018 ἐναργῶς
2750 2944 2956 2998 ἑαυτῶν
2999 2945 3388 3015 αἰσθανόμεθα,
3437 2947 3513 3016 μὴ

1939 3039 2274 3112 βιαζομένων
2304 3040 2394 3093 ὐπ’
2419 3039 2584 3110 ἄλλης
2610 3038 2753 3103 τινὸς
2790 3039 2970 3102 αἰτίας
3023 3038 3083 3093 ὲν
3124 3038 3202 3110 τῷ
3240 3037 3514 3093 παιδεύειν

1936 3135 2061 3198 τοὺς
2084 3136 2238 3197 υἱεῖς,
2270 3132 2363 3187 καὶ
2390 3132 2668 3204 μαστίζειν
2695 3133 2820 3196 τοὺς
2842 3130 3059 3196 οἰκέτας
3080 3132 3509 3203 ἁμαρτάνοντας,

1936 3227 2030 3280 καὶ
2065 3228 2122 3278 ἐν
2150 3224 2229 3297 τῷ
2259 3224 2374 3279 τόδε
2405 3243 2457 3278 τι
2487 3222 2792 3296 βούλεσθαι,
2824 3223 2918 3277 κα)¹
2949 3224 3022 3296 μὴ
3055 3223 3357 3294 βούλεσθαι,
3395 3223 3512 3277 ἀλλ’

1936 3317 2238 3381 αὐτοτελῶς
2264 3320 2327 3371 ὲκ
2350 3317 2449 3387 τῆς
2477 3316 2612 3380 ἰδίας
2637 3314 2883 3381 ἐξουσίας
2913 3317 2993 3379 είς
3016 3315 3116 3379 τὰς
3140 3314 3395 3379 τοιαύτας
3427 3332 3515 3369 κι-

1934 3411 2119 3483 νήσεις
2147 3409 2581 3481 ἀφικνουμένων,
2613 3409 2919 3482 ἁμαρτάνοι
2949 3409 3014 3462 ἂν
3066 3410 3095 3461 ό
3139 3407 3314 3462 ταῦτα
3337 3407 3511 3477 λέγων

1935 3502 2179 3573 γίνεσθαι
2238 3501 2359 3555 καθ’
2397 3500 2758 3573 εἱμαρμένην,
2795 3500 2931 3572 πρὸς
2960 3498 3038 3570 τῷ
3076 3500 3375 3571 παραλύειν
3395 3498 3509 3572 (57)

1934 3597 2033 3662 τάς
2059 3615 2117 3650 τε
2146 3595 2302 3668 ἡμῶν
2329 3594 2507 3649 αὐτῶν
2548 3594 2876 3668 προθυμίας,
2930 3593 3026 3648 κα)⁹
3072 3593 3172 3657 τὰς
3202 3596 3285 3658 είς
3322 3593 3512 3659 ἄλλους

1935 3689 2225 3760 γινομένας
2253 3687 2625 3760 παρακλήσεις
2658 3686 2753 3740 καὶ
2779 3685 3142 3757 νουθετήσεις,
3166 3685 3225 3767 εξ
3272 3678 3345 3739 ὧν
3371 3685 3512 3757 ὁρῶ-ι

1939 3801 2036 3854 μεν
2066 3782 2299 3853 μάλιστα
2323 3779 2732 3852 κατορθούμενα
2765 3778 2833 3832 τά
2875 3777 2983 3831 τῶν
3030 3776 3330 3849 ἀνθρώπων
3371 3779 3513 3849 πρά-

1935 3892 2140 3947 γματα.
2173 3874 2281 3929 Καὶ
2308 3874 2413 3945 μὴν
2446 3873 2539 3926 καὶ
2589 3873 2787 3943 νόμους
2833 3869 3126 3941 ἀνατρέποι
3174 3868 3240 3923 ἂν
3288 3863 3441 3933 οὗτος
3479 3873 3509 3925 ό

1935 3966 2108 4037 λόγος,
2137 3966 2262 4029 τοὺς
2301 3965 2394 4018 τοῦ
2417 3962 2788 4035 συμφέροντος
2839 3962 3023 4015 ἕνεκεν
3060 3961 3368 4033 ἀνθρώποις
3396 3978 3510 4016 κει-

1939 4059 2150 4131 μένους.
2185 4057 2249 4110 Τί
2276 4057 2383 4127 γὰρ
2405 4054 2485 4107 δεῖ
2516 4053 2868 4126 προστάττειν
2898 4051 2930 4123 ἦ
2988 4051 3350 4124 ἀπαγορεύειν
3395 4057 3508 4117 τοῖς

1936 4152 2027 4220 ὑφ’
2061 4150 2251 4221 ἑτέρας
2285 4148 2532 4218 ἀνάγκης
2560 4146 3021 4216 κατεσχημένοις;
3053 4145 3169 4198 ἀλλ’
3217 4145 3337 4198 οὐδὲ
3383 4146 3506 4209 τοὺς

1937 4243 2347 4314 ἁμαρτάνοντας
2386 4238 2565 4310 δεήσει
2590 4237 2857 4301 κολάζειν,
2889 4236 2961 4308 μὴ
3002 4236 3153 4308 παρά
3200 4236 3296 4308 τήν
3340 4234 3506 4307 αὐτὴν

1935 4333 2116 4388 αἰτίαν
2161 4330 2574 4404 ἡμαρτηκότας,
2625 4328 2747 4382 οὐδὲ
2781 4330 2893 4392 τοῖς
2920 4328 2988 4382 τὰ
3046 4326 3308 4382 κάλλιστα
3336 4327 3508 4399 πράτ-

260 4422 417 4489 dum,
448 4422 565 4478 sive
590 4423 970 4494 rejiciendum,
1000 4441 1112 4479 non
1144 4426 1369 4481 alterius
1405 4442 1507 4481 nos
1531 4443 1711 4483 causa:
1746 4445 1835 4484 ne-

1939 4443 2085 4480 τουσι
2116 4425 2281 4496 τιμὰς
2322 4420 2635 4490 ἀπονέμειν,
2675 4413 2749 4473 ὧν
2804 4418 3065 4490 ἑκάτερον
3094 4416 3290 4488 πολλὴν
3331 4416 3507 4470 αἰτίαν

260 4514 516 4569 cessitate
557 4515 703 4585 cogi,
754 4517 849 4572 sed
893 4532 1124 4587 prorsus
1171 4517 1482 4572 voluntario
1528 4529 1730 4574 nostra}
1770 4520 1832 4574 li-

259 4603 484 4661 bertatis
534 4606 737 4677 impetu
786 4609 852 4663 ad
892 4609 1009 4663 haec
1053 4608 1322 4663 similiave
1373 4610 1602 4665 consilia
1657 4610 1826 4666 ferri:

256 4710 443 4752 errare
521 4698 569 4754 is
629 4700 824 4754 merito
904 4699 1128 4771 fallique
1194 4711 1503 4769 censeatur,
1557 4704 1647 4772 qui
1716 4704 1830 4760 hmc

256 4788 443 4844 omnia
477 4787 590 4844 fato
622 4791 859 4861 quodam
886 4793 1002 4848 fieri
1039 4793 1268 4849 dixerit:
1316 4810 1427 4865 quo
1471 4810 1579 4849 non
1612 4805 1832 4852 conten-

258 4876 462 4934 tionem
487 4879 653 4935 modo
678 4883 1032 4954 studiumque
1058 4892 1331 4949 nostrum,
1364 4885 1457 4940 sed
1485 4886 1622 4942 alios
1660 4886 1825 4941 etiam

256 4970 340 5025 vel
363 4972 684 5028 cohortandi
716 4974 800 5029 vel
829 4976 1217 5031 commonendi
1239 4976 1351 5030 vim
1385 4992 1450 5032 ac
1491 4978 1825 5033 voluntatem

255 5061 537 5133 infringat,
585 5080 692 5135 qua
739 5074 919 5121 tamen
970 5066 1183 5121 ratione
1219 5068 1565 5138 potissimum
1610 5085 1697 5124 res
1736 5071 1832 5124 ho-

254 5155 465 5210 minum
496 5156 747 5214 videmus
792 5158 930 5215 bene
974 5158 1315 5230 feliciterque
1360 5161 1672 5216 succedere.
1703 5159 1822 5216 Jam

325 5289 435 5361 (55)
475 5291 665 5365 ταῦτα
688 5290 817 5361 γάρ.
844 5292 1047 5360 Malim,
1072 5291 1231 5348 τοῦτο
1259 5292 1388 5364 γάρ,
1419 5293 1663 5365 sequitur
1679 5295 1826 5348 enim

252 5360 312 5415 τὸ
347 5360 720 5415 μεταϐάλλειν.

386 5378 720 5415 εταοαΛΑειν.

324 5378 434 5502 (ἕϐ)
450 5430 603 5502 Ἀλλ’
624 5434 677 5486 εὶ
696 5433 795 5487 καὶ
809 5433 876 5486 τό
890 5449 964 5489 σε
985 5433 1316 5502 παραινεῖν.
1336 5433 1530 5489 Totum
1547 5434 1650 5487 hoc
1663 5448 1828 5488 mem-

252 5500 422 5575 brum
447 5500 636 5575 abesse
666 5513 868 5575 posset,
896 5520 1020 5560 eum
1053 5500 1390 5575 praecesserit
1412 5505 1826 5575 παραινλεῖνίκαὶ

251 5570 548 5643 διδάσκειν.
586 5569 692 5643 Sed
744 5569 1070 5629 Graecorum.
1123 5576 1237 5629 haec
1277 5569 1657 5643 περισσόλογία
1698 5574 1817 5641 fuit,

251 5641 411 5717 etiam
448 5642 795 5717 σοφωτάτων.
824 5644 1146 5717 Qujusmodi
1171 5645 1311 5715 apud
1338 5641 1612 5700 Platonem
1644 5647 1822 5717 ipsum

249 5711 527 5782 pleraque,
563 5711 792 5783 singulis
846 5711 916 5768 in
947 5715 1157 5786 paginis
1178 5711 1298 5784 [ἐκ
1331 5717 1645 5788 περιουσίας
1667 5711 1826 5772 ’όίοιιι

1934 4516 2281 4588 παρέσχηκεν
2307 4514 2389 4577 είς
2419 4510 2716 4583 ἀναστολήν
2737 4510 2952 4573 ἀδικίας
3000 4509 3093 4563 καὶ
3142 4510 3222 4573 είς
3257 4507 3506 4571 εὐποιίας

1933 4608 2275 4681 ἑτοιμότητα.
2312 4606 2474 4660 Ἀλλά
2507 4604 2601 4659 καὶ
2623 4604 2722 4676 τὴν
2752 4602 2888 4674 πρὸς
2934 4600 2996 4654 τὸ
3027 4601 3180 4654 Θεῖον
3224 4599 3506 4653 εὐσέϐειαν

1932 4700 2225 4771 ἀνατρέποι
2251 4697 2435 4769 ἂν.ἤδε
2467 4699 2501 4768 ή
2525 4696 2673 4763 δόξα,
2738 4695 2854 4764 εἴγε
2912 4693 3079 4765 μηδὲν
3126 4695 3256 4765 ἡμῖν
3279 4693 3307 4745 ό
3333 4691 3466 4755 Θεὸς
3488 4733 3504 4755 ,

1935 4791 2068 4862 μηδὲ
2099 4791 2203 4862 μὴν
2230 4789 2384 4843 αὐτοὶ⁵
2437 4789 2486 4842 οἱ
2518 4786 2685 4840 τῶνδε
2719 4784 3056 4857 χρησμῳδοὶ,
3107 4785 3230 4855 μήτ’
3270 4783 3505 4853 εὐχομέ-

1929 4899 2067 4945 νοις,
2137 4881 2259 4953 μήτ⁹
2311 4875 2595 4932 εὐσεϐοῦσι
2660 4876 3055 4948 συμϐάλλονται
3159 4874 3505 4948 εἱμαρμένης

1930 4975 2195 5043 ἀνάγκαις
2226 4973 2647 5044 πεπεδημένοις.
2673 4970 2746 5023 Τὸ
2794 4970 2852 5023 δὲ
2872 4968 3026 5035 δίκην
3052 4966 3277 5038 ἀψύχων
3322 4965 3501 5034 λέγειν

1930 5066 2193 5121 κινεῖσθαι
2223 5066 2390 5137 ἡμᾶς,
2417 5064 2541 5136 τῇδε
2578 5063 2671 5117 καὶ
2701 5060 2827 5133 τῇδε
2877 5059 2979 5113 ὐπό
3013 5076 3156 5123 τινος
3190 5057 3386 5123 ἔξωθεν
3413 5058 3505 5110 δν-

1928 5159 2143 5230 νάμεως
2193 5153 2818 5229 νευροσπαστουμένους,
2874 5155 2955 5217 είς
3007 5152 3068 5206 τὸ
3115 5152 3200 5204 ἐπ’
3235 5150 3503 5217 ἀνάγκαις

1929 5293 2190 5364 reperias.

1999 5352 2112 5434 '(57)
2146 5363 2301 5431 Πρός
2329 5379 2408 5434 τῳ
2434 5364 2652 5434 nugax.
2680 5358 2904 5434 Rectius
2923 5356 3237 5434 _videretur,
3264 5352 3413 5434 πρὸς.
3439 5353 3501 5406 τὸ

1927 5427 2060 5504 παρ.
2093 5427 2206 5505 Aut
2220 5427 2286 5505 si
2312 5433 2449 5505 πρὸς
2476 5427 2571 5505 τῷ-
2595 5432 2890 5505 retinetur,
2921 5427 3204 5505 legendum
3239 5427 3497 5505 putarim,

1928 5499 2063 5576 πρὸς
2087 5504 2144 5557 δὲ
2175 5502 2272 5575 τῷ,
2304 5499 2368 5576 ut'
2394 5499 2536 5557 nona
2559 5502 2683 5576 inde
2706 5500 2961 5576 periodus
2991 5499 3238 5576 ineatur;
3264 5504 3501 5576 tuncnque

1927 5561 2075 5646 inl'ra
2103 5561 2234 5646 post.
2252 5561 2575 5646 πράγματα,
2608 5561 2804 5625 minori
2832 5568 3178 5646 distinctione
3209 5578 3346 5635 opus
3379 5561 3496 5618 fue-

1927 5646 2018 5702 rit.
2049 5639 2206 5700 Prior
2234 5639 2417 5701 tamen
2444 5642 2759 5715 conjectura
2788 5640 2958 5711 magis
2982 5639 3173 5709 placet.
