3856 6224
264 288 367 343 ιίῗ

1427 287 1752 346 ΡΒΑΞΡΔΒ.
1792 288 2049 348 EVANG.
2085 290 2214 347 LIB.
2256 292 2346 348 Vl.

3402 294 3513 353 HS

266 406 516 476 ἐθελῆσαι
540 406 668 460 τάδε
698 406 919 478 πρᾶξαι,
954 407 1044 461 καί
1079 406 1295 461 ἑλέσθαι
1320 406 1471 477 παρὰ
1521 402 1836 478 προαίρεσιν

1944 406 2094 477 ipsas
2122 423 2341 479 quoque
2364 407 2511 479 leges
2534 407 2604 463 ad
2635 408 2921 465 hominum
2967 407 3257 464 utilitatwt
3287 417 3340 465 et
3368 423 3518 466 com-

264 496 447 568 ἔτερα,
470 495 588 560 πῶς
613 497 715 550 οὐκ
747 496 813 551 ἂν
835 496 920 566 εἴη
949 496 1158 560 ἀναιδὲς
1183 498 1280 551 καί
1314 496 1838 568 ἀναισχυντότατον;

267 587 493 660 ἐπείπερ
514 588 762 662 ἐναργῶς
788 589 1156 662 αἰσθανόμεθα
1176 590 1388 645 ἑαυτῶν
1410 591 1657 663 ἡμετέρᾳ
1694 592 1839 663 ὁρμῇ

266 682 362 735 καὶ
394 681 601 752 κινήσει
622 682 755 736 τάδε
786 682 910 736 τινὰ
934 681 1419 755 προθυμουμένων,
1448 683 1544 736 καί
1571 681 1840 753 ἀμελούν-

265 788 373 826 των
392 773 553 828 πάλιν
577 774 789 828 ἑαυτῶν
814 773 1345 845 ἀντιλαμϐανόμεθα,
1385 775 1481 828 καὶ
1527 774 1680 846 παρὰ
1712 773 1843 829 ταύ-

265 866 364 935 την
388 865 488 936 τὴν
512 865 695 919 αἰτίαν
748 865 1176 937 κατορθούντων,
1222 864 1256 936 ἢ
1293 864 1369 936 μὴ
1407 865 1839 937 κατορθούντων,

267 959 359 1011 καὶ
388 957 448 1022 ἐξ
467 957 678 1022 οὐδενὸς
705 957 895 1030 ἐτέρου
922 956 1274 1028 βιαζομένων·
1299 956 1434 1010 ἀλλὰ
1455 957 1523 1011 τὰ
1562 958 1660 1029 μὲν
1683 959 1841 1011 ἐκου-

267 1051 365 1120 σίῳ
392 1049 585 1124 γνώμῃ
604 1048 962 1121 αἱρουμένων,
985 1047 1053 1103 τὰ
1076 1048 1134 1101 δὲ
1158 1048 1485 1117 φευγόντων,
1524 1050 1618 1104 καὶ
1645 1067 1843 1121 παραι-

263 1143 538 1214 τουμένων
565 1144 630 1196 ἐκ
652 1142 756 1212 τῆς
782 1139 941 1213 ἡμῶν
966 1140 1144 1194 αὐτῶν
1173 1142 1566 1215 προαιρέσεως.
1605 1140 1763 1197 Οὕτω
1783 1142 1842 1196 δέ

263 1236 367 1307 ἄρα
392 1236 626 1307 ἐναργὴς
652 1230 719 1306 ἦν
739 1234 768 1287 ὁ
796 1232 890 1286 τοῦ
911 1233 1264 1290 αὐθεκουσίου
1283 1234 1459 1304 λόγος,
1475 1235 1615 1290 ὥστε
1641 1235 1842 1307 ὁμοίως

263 1328 338 1396 τῷ
365 1328 553 1396 ἀλγεῖν
581 1329 676 1381 καὶ
698 1325 776 1398 τῷ
801 1326 1044 1397 ἥδεσθαι,
1085 1328 1179 1383 καί
1200 1327 1278 1399 τῷ
1321 1328 1442 1382 τόδε
1466 1346 1517 1382 τι
1565 1330 1720 1401 ὁρᾷν,
1745 1327 1842 1383 καὶ

260 1420 363 1473 τόδ’
388 1419 629 1483 ἀκούειν,
655 1421 717 1473 οὐ
741 1420 1106 1491 συλλογισμῷ,
1133 1420 1248 1474 ἀλλ’
1287 1421 1537 1491 ἐνεργείᾳ
1562 1420 1843 1489 καταλαμ-

260 1511 570 1584 ϐανομένων
603 1511 740 1583 (58)’
793 1512 1178 1567 συναισθέσθαι
1206 1510 1417 1565 ἑαυτῶν
1449 1510 1510 1577 ἐξ
1556 1511 1715 1582 ἡμῶν
1743 1513 1842 1565 αὑ-

258 1603 364 1657 τῶν
386 1605 483 1658 καὶ
519 1603 623 1674 τῆς
653 1604 925 1677 ἡμετέρας
980 1604 1174 1676 βουλῆς
1233 1604 1550 1676 ὁρμώντων,
1589 1604 1684 1657 καὶ
1712 1604 1839 1658 τάδε

258 1693 375 1746 τινὰ
398 1694 761 1765 αἱρουμένων,
789 1695 911 1748 τινὰ
952 1694 1011 1748 δὲ
1060 1694 1574 1767 ἀποστρεφομένων·
1608 1693 1749 1747 ὥστε
1777 1694 1839 1758 ἐξ

260 1764 494 1849 ἅπαντος
511 1786 573 1840 τὸ
592 1785 896 1858 ἐλεύθερον,
921 1786 1014 1841 καὶ
1039 1786 1100 1840 τὸ
1129 1764 1474 1851 αὐτεξούσιον
1494 1786 1593 1857 τῆς
1624 1787 1681 1839 ἐν
1703 1786 1835 1857 ἡμῖν
1870 1764 1910 1819 Β

258 1877 479 1950 λογικῆς
499 1880 593 1933 καὶ
625 1880 816 1951 νοερᾶς
835 1879 1049 1949 φύσεως
1091 1878 1314 1942 ἐνδίκως
1346 1876 1744 1949 ὁμολογεῖσθαι.
1770 1877 1834 1930 Εἰ

257 1971 310 2024 δὲ
348 1973 443 2025 καὶ
488 1972 643 2043 παρὰ
694 1971 1010 2044 προαίρεσιν
1061 1971 1231 2044 μυρία
1284 1970 1651 2042 συμϐαίνοντα
1702 1970 1835 2041 ἡμῖν

258 2064 377 2128 τοὺς
430 2063 664 2127 πολλοὺς
697 2064 806 2118 τῶν
858 2062 1163 2136 ἀνθρώπων
1206 2063 1485 2136 ταράττει,
1538 2061 1834 2133 διαιρετέον

257 2156 491 2210 ἐνταῦθα
518 2156 618 2228 τὴν
657 2156 764 2211 τῶν
791 2157 847 2210 ἐν
879 2150 961 2219 οἷς
990 2157 1159 2227 ἐσμεν
1186 2153 1367 2223 φύσιν,
1406 2153 1500 2208 καί
1530 2153 1620 2206 τὸν
1656 2151 1833 2221 λόγον,

258 2249 370 2302 καθ’
401 2249 464 2302 δν
489 2247 562 2302 τὰ
591 2248 691 2302 οὐκ
712 2250 799 2318 ἐφ’
817 2250 946 2320 ἡμῖν
977 2248 1209 2317 γίνεται,
1246 2245 1663 2317 ἐπιθεωρητέον.
1682 2244 1835 2299 Οὕτω

256 2341 357 2410 γὰρ
387 2341 489 2394 καὶ
534 2340 744 2394 τούτων
789 2340 851 2394 τὸ
878 2341 1049 2394 αἴτιον
1078 2338 1229 2403 οὔτις
1275 2338 1468 2407 ἄλογος
1519 2336 1834 2401 ἀναδέξεται

256 2432 584 2505 εἱμαρμένη,
615 2432 772 2501 λόγος
802 2432 857 2488 δὲ
889 2432 1051 2487 πάλιν
1079 2430 1237 2495 ἄλλος
1277 2430 1377 2501 τῆς
1406 2428 1515 2482 τῶν
1541 2429 1678 2483 ὅλων
1703 2446 1835 2501 προ-

253 2522 397 2587 νοίας
419 2525 838 2597 ἀπηρτημένος.
881 2524 1006 2596 Φέρ*
1033 2518 1127 2578 οὖν
1156 2520 1432 2593 ἐπιμελῶς
1457 2519 1517 2573 τὺ
1544 2519 1834 2591 πρόϐλημα

253 2616 702 2688 ἐπισκεψώμεθα.

1940 499 2165 555 modum
2192 501 2474 557 institutas
2502 501 2620 557 haec
2657 501 2846 572 opinio
2890 500 3207 558 labefactat.
3236 499 3376 559 Nam
3423 503 3515 559 cui

1941 598 2001 646 tu
2034 592 2203 667 bono,
2234 602 2332 648 aut
2370 592 2608 663 imperes
2652 592 2723 648 iis
2751 592 3056 664 quidpiam,
3085 602 3182 650 aut
3214 600 3388 663 vetes,
3418 593 3514 665 qui

1937 684 2050 756 jam
2079 684 2186 740 alia
2224 683 2510 740 constricti
2555 682 2886 739 necessitate
2924 685 3250 741 teneantur?
3274 684 3388 741 lmo
3415 700 3517 740 nec

1940 778 2228 835 hominum
2255 777 2463 835 scelera
2494 778 2692 849 punire
2718 785 2994 848 oporteat,
3024 779 3227 850 quippe
3265 778 3359 849 qui
3395 792 3518 849 pro-

1940 878 2060 940 pter
2080 870 2326 926 eamdem
2353 884 2576 925 causam
2601 868 2879 939 peccarint
2910 869 3086 924 nihil:
3124 884 3226 925 nec
3260 884 3358 926 eos
3389 884 3519 926 con-

1943 967 2055 1032 tra,’
2090 964 2183 1034 qui
2218 964 2477 1035 praeclare
2501 978 2563 1019 se
2594 962 2884 1031 gesserint,
2914 963 3220 1018 honoribus
3256 963 3517 1034 praemiis-

1939 1070 2048 1126 que
2091 1056 2331 1125 donare;
2378 1054 2526 1127 quod
2571 1063 2864 1126 utrumque
2899 1064 3080 1111 tamen
3118 1070 3243 1110 cum
3290 1055 3362 1110 ad
3408 1054 3516 1111 im—

1941 1146 2269 1216 probitatem
2311 1146 2694 1211 coercendam,
2745 1155 2861 1202 tum
2908 1146 2975 1203 ad
3014 1146 3366 1202 excitandum
3403 1146 3515 1201 vir-

1943 1240 2074 1297 tutis
2095 1238 2358 1306 studium,
2385 1239 2644 1294 momenti
2667 1253 2881 1308 semper
2903 1254 2967 1295 ac
2992 1238 3191 1293 virium
3215 1238 3513 1309 plurimum

1940 1330 2154 1386 habuit.
2187 1329 2341 1385 Adde
2379 1329 2697 1399 religionem
2740 1344 2806 1385 ac
2838 1330 3091 1399 pietatem
3127 1329 3182 1383 in
3228 1327 3397 1383 Deum
3427 1344 3517 1386 ea-

1941 1422 2064 1478 dem
2107 1423 2374 1478 sentcntia
2417 1438 2597 1487 ruere,
2643 1420 2687 1477 si
2738 1436 2842 1476 nec
2881 1419 3024 1476 Deus
3064 1421 3200 1490 ipse,
3237 1435 3339 1475 nec
3381 1421 3516 1476 vati-

1941 1516 2209 1572 ciniorum
2244 1516 2474 1569 istorum
2511 1522 2786 1579 auctores,
2820 1512 2980 1585 2&5
3009 1514 3169 1569 nobis
3202 1513 3303 1569 hac
3343 1513 3515 1569 semel

1943 1607 2039 1663 fati
2067 1609 2392 1664 necessitate
2417 1606 2693 1676 obligatis,
2728 1607 2981 1673 precibus
3008 1607 3135 1661 licet
3163 1620 3228 1662 ac
3261 1605 3516 1678 religioni

1942 1714 2164 1770 operam
2194 1704 2406 1765 demus,
2442 1702 2681 1770 praesidii
2711 1700 3008 1769 quidquam
3036 1705 3131 1752 aut
3158 1697 3512 1753 emolumenti

1939 1790 2190 1845 conferre
2222 1791 2452 1863 possint.
2498 1790 2610 1849 Nos
2660 1807 2824 1862 porro
2872 1805 3024 1845 more
3069 1790 3352 1845 brutorum
3391 1790 3513 1845 ani-

1940 1883 2229 1949 mantium,
2277 1884 2384 1940 huc
2416 1884 2653 1954 illucque
2688 1884 2851 1951 trahi,
2891 1891 3113 1939 externa
3162 1883 3236 1950 vi,
3287 1883 3515 1953 quibus-

1939 1974 2065 2029 dam
2096 1976 2253 2045 quasi
2280 1974 2504 2031 funibus
2536 1976 2919 2037 circumactos,
2966 1982 3025 2029 ut
3054 1974 3158 2029 alia
3204 1974 3514 2032 necessario

1941 2065 2123 2122 facere
2151 2067 2404 2131 velimus,
2436 2067 2542 2123 alia
2572 2076 2761 2123 contra
2793 2082 3012 2123 sensum
3044 2075 3391 2136 mentemque
3413 2080 3515 2123 no-

1944 2168 2116 2213 stram
2141 2158 2428 2228 eligamus,
2463 2159 2551 2214 cui
2593 2174 2702 2213 non
2736 2159 3179 2229 indignissimum
3213 2173 3275 2213 ac
3308 2157 3514 2227 turpis-

1943 2250 2144 2304 simum
2197 2249 2323 2319 jure
2359 2249 2644 2305 videatur?
2689 2251 2927 2305 maxime
2966 2266 3090 2307 cum
3129 2267 3230 2307 nos
3284 2251 3352 2306 ad
3407 2250 3515 2306 alia

1942 2347 2138 2407 sponte
2167 2340 2405 2409 quadam
2445 2340 2756 2411 impetuque
2782 2350 2971 2397 nostro
3013 2340 3141 2397 ferri
3171 2342 3476 2398 sentiamus
3496 2381 3512 2408 ,

1941 2426 2048 2480 alia
2080 2442 2275 2483 rursus
2307 2444 2432 2483 cum
2477 2430 2828 2502 negligimus,
2871 2431 3044 2487 nostri
3080 2440 3195 2487 tum
3236 2431 3340 2502 ipsi
3375 2446 3515 2503 quo-

1939 2533 2048 2588 que
2078 2519 2285 2573 domini
2332 2531 2722 2594 compotesque
2769 2539 3120 2590 maneamus;
3165 2524 3410 2594 adeoque
3456 2523 3512 2578 in

1939 2625 2107 2666 causa
2144 2611 2339 2679 simus,
2375 2616 2733 2682 quamobrem
2767 2614 3001 2671 feliciter
3026 2616 3180 2686 quid,
3228 2623 3324 2670 aut
3352 2629 3513 2671 secus

253 2708 485 2776 eveniat,
508 2723 637 2764 cum
665 2708 748 2764 vis
769 2708 986 2765 aliunde
1009 2707 1159 2763 nulla
1181 2706 1341 2763 nobis
1394 2703 1675 2769 aﬂ‘eratnr,
1725 2713 1888 2773 atque
1926 2704 2043 2759 haec
2088 2705 2167 2759 uti
2220 2716 2475 2777 optamus
2520 2709 2687 2777 ultro,
2748 2709 2829 2765 sic
2875 2709 2966 2764 illa
3025 2708 3268 2765 vicissim
3325 2708 3515 2764 eadem

251 2804 408 2873 plane
463 2806 736 2873 libertate,
791 2814 887 2861 aut
927 2805 1272 2875 deiugiamus
1317 2802 1563 2868 omnino,
1611 2808 1708 2856 aut
1751 2815 1818 2855 ex
1882 2808 2035 2870 parte
2087 2801 2470 2859 detrectemus.
2508 2804 2575 2859 Et
2605 2820 2734 2861 vero
2765 2813 2879 2859 tam
2915 2813 3063 2860 certa
3118 2804 3280 2860 nobis
3323 2803 3512 2873 explo-

254 2907 477 2967 rataque
515 2907 603 2953 est
636 2899 748 2954 haec
785 2898 997 2953 arbitrii
1030 2897 1202 2953 nostri
1236 2896 1398 2961 ratio,
1452 2904 1516 2951 ut
1548 2895 1772 2966 perinde
1815 2908 1882 2949 ac
1919 2894 2051 2949 dum
2102 2902 2199 2950 aut
2240 2895 2488 2952 dolemus
2517 2897 2644 2968 ipsi,
2679 2907 2772 2953 aut
2816 2896 3086 2965 laetamur,
3127 2904 3221 2952 aut
3264 2896 3514 2953 videmus

253 2993 559 3063 quidpiam,
596 3001 691 3048 aut
735 2992 1008 3058 audimus,
1041 2993 1096 3049 id
1141 3006 1172 3047 a
1218 2992 1378 3048 nobis
1417 3006 1478 3047 re
1522 2992 1661 3061 ipsa,
1714 3005 1823 3046 non
1879 2990 2293 3047 ratiocinatione
2325 2992 2433 3047 ulla
2491 2994 2697 3065 percipi
2750 2994 3034 3060 sentimus,
3066 2993 3141 3049 ita
3192 3008 3293 3050 nos
3319 3000 3513 3063 sponte

252 3087 595 3156 consilioque
633 3094 824 3142 nostro
866 3086 1014 3154 duci,
1044 3100 1112 3142 ac
1152 3086 1378 3141 delectis
1418 3086 1721 3152 nonnullis,
1766 3085 1838 3141 ab
1889 3085 2013 3141 aliis
2073 3085 2369 3143 abhorrere
2433 3089 2755 3145 sentiamus.
2794 3087 3045 3157 Prorsus,
3077 3097 3138 3144 ut
3173 3088 3322 3143 illam
3366 3087 3515 3143 arbi-

252 3180 339 3236 trii
402 3189 760 3253 potestatem,
830 3197 999 3253 penes
1051 3190 1307 3237 naturam
1353 3181 1497 3237 hanc
1561 3190 1806 3236 nostram
1850 3181 2064 3236 ratione
2115 3191 2170 3238 et
2212 3182 2567 3254 intelligentia
2611 3184 2891 3255 prmditam
2932 3198 3077 3249 esse,
3143 3179 3303 3238 fateri
3349 3196 3516 3237 nemo

252 3292 359 3334 non
405 3278 627 3334 debeat.
664 3277 758 3333 Sin
796 3288 979 3335 autem
1036 3279 1180 3349 quod
1236 3277 1450 3357 inﬁnita
1488 3292 1708 3349 quoque
1740 3277 1900 3333 nobis
1959 3287 2155 3348 praeter
2198 3279 2496 3335 voluntatis
2543 3280 2870 3351 consiliique
2905 3280 3170 3335 rationem
3226 3277 3510 3341 eveniant,

254 3367 307 3423 id
336 3368 629 3425 hominum
685 3371 883 3441 vulgus
946 3371 1263 3442 perturbat;
1323 3379 1439 3425 tum
1502 3386 1633 3425 vero
1671 3379 1728 3425 et
1772 3368 2156 3442 distinguenda
2209 3373 2648 3444 secernendaque
2702 3388 2883 3428 rerum
2931 3372 3171 3439 illarum,
3210 3371 3265 3426 in
3313 3370 3513 3441 quibus

254 3477 575 3529 versamur,
619 3470 812 3517 natura
855 3462 980 3529 erit,
1028 3471 1083 3518 et
1123 3462 1213 3517 illa
1258 3461 1422 3517 simul
1464 3461 1608 3517 ratio
1672 3460 2091 3525 consideranda,
2157 3477 2253 3532 per
2309 3478 2472 3533 quam
2527 3478 2591 3518 ea
2635 3463 2788 3529 tiant,
2843 3478 2966 3533 quae
3004 3461 3256 3532 potestati
3311 3466 3515 3514 nostm

256 3552 520 3609 subducta
554 3554 684 3608 sint.
726 3551 819 3608 Sic
859 3554 1004 3608 enim
1057 3553 1329 3622 eiusmodi
1370 3536 1591 3623 quo’que
1638 3566 1822 3605 rerum
1898 3565 2122 3607 causam
2191 3568 2298 3608 non
2346 3554 2586 3609 absurdo
2631 3552 2763 3618 fato,
2812 3551 2905 3607 sed
2956 3552 3112 3606 alteri
3163 3549 3393 3606 consilio
3442 3563 3513 3604 ex

257 3648 428 3702 divina
463 3663 558 3704 res
600 3650 653 3703 in
681 3662 871 3704 omnes
894 3647 1237 3703 Providentia
1285 3663 1576 3719 suspenso,
1616 3645 1959 3702 tribuendam
2007 3656 2062 3702 et
2115 3650 2499 3720 assignandam
2562 3664 2686 3705 esse
2736 3647 3026 3704 constabit.
3051 3649 3164 3719 Age
3188 3661 3339 3718 ergo,
3369 3659 3514 3717 quae-

258 3745 484 3799 stionem
522 3744 687 3798 istam
730 3741 1016 3812 diligenter
1046 3743 1408 3797 excutiamus.

323 3840 510 3893 Πάντα
561 3839 659 3910 μὲν
706 3837 917 3908 ἀθρόως
982 3841 1047 3892 ἐκ
1088 3838 1223 3892 Θεοῦ
1269 3837 1526 3910 προνοίας
1584 3833 1721 3892 εἷναί
1772 3853 1831 3890 τε

2006 3834 2251 3889 Primum
2286 3834 2504 3904 quidem
2541 3834 2738 3889 divinae
2764 3831 3125 3887 Providentiae
3173 3839 3341 3897 nutu,
3382 3844 3506 3887 cum

259 3932 344 3983 καὶ
370 3929 724 3993 διοικεῖσθαι,
776 3930 826 3981 οἰ
878 3928 976 3998 τῆς
1028 3928 1262 4001 ἀληθοῦς
1319 3929 1602 3993 εὐσεϐείας
1644 3928 1834 4000 θεσμοὶ

1939 3944 2079 3995 esse,
2117 3938 2230 3981 tum
2264 3927 2377 3996 regi
2414 3926 2576 3980 simul
2620 3926 2896 3989 universa,
2931 3924 3070 3979 verie
3108 3924 3391 3995 religionis
3421 3924 3509 3979 do-

259 4024 682 4095 ὁιαγορεύουσιν·
710 4022 811 4094 ἠδη
847 4022 903 4076 δὲ
939 4024 1060 4077 κατ’
1103 4018 1242 4086 εἶδος
1286 4022 1431 4086 ἰδίως
1474 4022 1680 4075 ἕκαστα
1725 4020 1834 4072 τῶν

1939 4030 2081 4076 creta
2124 4018 2397 4073 sanciunt.
2440 4017 2565 4073 Jam
2608 4033 2757 4085 vero,
2798 4033 2922 4088 quae
2954 4017 3091 4072 ﬁunt
3138 4016 3374 4087 singula,
3407 4029 3509 4085 pro

261 4117 635 4187 γιγνομὲνων,
690 4115 759 4167 τὰ
812 4117 909 4186 μὲν
955 4115 1066 4182 ἔξει
1122 4116 1256 4184 (59),
1309 4115 1378 4168 τὰ
1423 4113 1479 4166 δὲ
1532 4113 1712 4182 φύσει,
1767 4112 1836 4165 τὰ

1939 4130 2032 4171 sua
2067 4125 2298 4183 quaeque
2330 4126 2393 4166 ac
2422 4112 2682 4181 peculiari
2729 4111 2928 4175 forma,
2963 4110 3089 4165 dum
3137 4110 3243 4163 alia
3287 4108 3508 4180 quidem

261 4206 313 4259 δὲ
346 4210 487 4281 ὁρμῇ
516 4208 616 4261 καὶ
669 4209 964 4280 φαντασίᾳ,
1014 4208 1083 4261 τὰ
1135 4208 1191 4261 δὲ
1236 4206 1483 4278 λογισμῷ
1511 4190 1604 4259 καὶ
1656 4204 1832 4277 οἰκείᾳ

263 4299 429 4370 κρίσει
460 4317 523 4352 τε
568 4300 661 4353 καί
713 4301 1026 4372 προαιρέσει
1070 4300 1382 4370 κινούμενα·
1415 4300 1511 4352 καί
1570 4297 1705 4353 ἄλλα
1738 4298 1835 4369 μὲν

264 4390 394 4446 κατὰ
426 4389 838 4464 προηγούμενον
871 4390 1027 4460 λόγον
1066 4392 1382 4462 γιγνόμενα,
1411 4390 1577 4461 ἕτερα
1603 4389 1660 4442 δὲ
1714 4389 1833 4442 κατ’

265 4483 740 4555 ἐπισυμϐεϐηκότα
772 4486 884 4548 τοῖς
910 4483 1333 4555 προηγουμένως
1366 4483 1635 4552 γεγονόσι,
1663 4482 1837 4534 ποικί-

265 4573 354 4640 λην
386 4576 479 4630 καὶ
501 4575 837 4647 πολύτροπον
857 4574 954 4646 τὴν
984 4573 1077 4627 τοῦ
1110 4574 1307 4637 παντὸς
1338 4575 1703 4644 συνεστήσατο
1728 4573 1838 4626 δια-

266 4668 549 4739 κόσμησιν,
608 4668 824 4738 ἐκάστῳ
851 4668 997 4737 γένει
1033 4666 1143 4721 τῶν
1176 4667 1346 4719 ὁντων
1392 4665 1526 4719 ἰδίαν
1563 4667 1657 4719 καί
1683 4667 1836 4734 ἀφω-

270 4760 519 4830 ρισμένην
544 4758 669 4813 τινὰ
702 4759 915 4828 φύσεως
950 4759 1298 4830 κατασκευὴν
1331 4756 1425 4810 τοῦ
1448 4756 1557 4810 τῶν
1591 4756 1728 4811 ὅλων
1750 4757 1832 4809 αἰ-

266 4850 369 4905 τίου
393 4852 793 4923 διανείμαντος.
845 4851 1014 4924 Σχολῇ
1054 4852 1151 4923 μὲν
1202 4845 1294 4905 οὖν
1331 4868 1415 4915 τις
1444 4849 1534 4902 τὸν
1578 4848 1833 4921 περὶτῶν

268 4946 430 5003 tilium;
458 4947 721 5014 διεξέλθοι
772 4946 949 5015 λόγον·
998 4947 1088 5001 τὸν
1120 4946 1177 5000 δὲ
1208 4946 1336 5014 περί
1367 4943 1462 4998 τοῦ
1486 4943 1831 5009 αὐτεξουσίου

272 5042 389 5110 ῥᾷον
406 5040 713 5112 καταμάθοι
734 5038 800 5094 ἂν
824 5033 944 5094 ὦδε.
989 5039 1141 5091 Ἐπεὶ
1190 5037 1262 5110 μὴ
1304 5036 1586 5108 μονογενὲς
1618 5053 1671 5088 τι
1699 5036 1835 5107 χρῆ-

1935 4206 2144 4271 habitu,
2184 4204 2288 4259 alia
2347 4214 2563 4270 natura,
2599 4217 2902 4273 rursusque
2956 4202 3061 4257 alia
3096 4202 3298 4273 impetu
3344 4209 3509 4271 atque

1937 4313 2121 4362 sensu,
2152 4299 2257 4353 alia
2294 4315 2424 4354 vero
2470 4294 2903 4359 ratiocinatione,
2935 4309 3000 4349 ac
3039 4293 3266 4363 judicio,
3300 4307 3509 4362 suaque

1937 4390 2071 4443 adeo
2106 4400 2297 4459 sponte
2327 4388 2662 4456 arbitrioque
2696 4394 3014 4441 moventur:
3057 4384 3296 4454 dumque
3348 4383 3506 4440 simi-

1936 4483 2059 4536 liter
2088 4465 2198 4536 alia
2235 4482 2502 4552 superiori
2530 4479 2762 4551 quadam
2792 4488 2847 4533 et
2874 4478 3073 4548 praevia
3104 4477 3313 4532 ratione
3345 4477 3503 4540 ﬁunt,

1935 4574 2038 4628 alia
2068 4573 2228 4627 modo
2248 4571 2590 4642 superiorum
2626 4570 2732 4623 vim
2769 4584 2834 4623 ac
2859 4569 3080 4622 ductum
3113 4574 3502 4635 consequente,

1938 4667 2143 4721 variam
2184 4682 2247 4722 ac
2283 4666 2636 4735 multiplicem
2684 4663 2848 4731 hujus
2879 4661 3118 4716 universi
3152 4659 3388 4729 speciem
3415 4672 3507 4713 or-

1937 4771 2236 4828 natumque
2278 4757 2615 4822 conﬂarunt;
2665 4770 2788 4809 cum
2834 4762 3024 4807 auctor
3066 4751 3309 4806 omnium
3348 4749 3506 4804 moli-

1937 4858 2128 4920 torque
2169 4847 2310 4903 Deus
2348 4864 2504 4903 suam
2550 4846 2771 4901 cuilibet
2815 4858 2997 4898 rerum
3046 4841 3229 4912 generi
3270 4838 3510 4911 singula-

1935 4959 2159 5014 remque
2226 4953 2432 4996 naturae
2498 4938 2865 4995 conditionem
2904 4932 3231 4988 attribuerit.
3274 4932 3354 4986 Ac
3398 4945 3507 4985 c2-

1935 5046 2175 5091 terarum
2210 5034 2426 5104 quidem
2451 5033 2559 5085 vim
2595 5038 2758 5097 atque
2790 5024 3056 5080 rationem
3093 5021 3319 5092 exsequi
3346 5036 3502 5076 com-

275 5150 361 5200 μα,
394 5134 516 5205 μηδ’
543 5134 610 5185 ἐκ
643 5133 769 5203 μιᾶς
824 5130 1094 5195 συνεστὼς
1127 5129 1340 5199 φύσεως
1396 5130 1652 5199 τυγχάνει
1702 5126 1777 5179 ῶν
1804 5127 1833 5178 ὁ

1939 5129 2210 5199 plectique
2261 5125 2477 5181 diﬂicile
2528 5123 2721 5190 fuerit;
2763 5120 2971 5176 arbitrii
3025 5131 3154 5172 vero
3198 5116 3504 5205 libertatem
3578 5112 3579 5115 “

272 5223 565 5293 ἄνθρωπος,
598 5226 662 5277 ἐκ
687 5223 829 5276 δυοῖν
847 5222 904 5275 δὲ
929 5221 1185 5276 ἐναντίων
1228 5219 1410 5293 εἴληχε
1455 5219 1553 5291 τὴν
1587 5217 1830 5280 σύνοδον,

1941 5189 2087 5274 hunc
2120 5189 2188 5272 in
2232 5217 2454 5271 modum
2493 5213 2797 5275 ostendere,
2839 5211 2998 5279 longe
3048 5206 3290 5261 facilius.
3341 5201 3508 5274 246

274 5311 511 5383 σώματος
538 5314 633 5367 καὶ
655 5312 852 5383 ψυχῆς·
890 5313 987 5366 τοῦ
1022 5313 1118 5383 μὲν
1170 5311 1310 5365 κατὰ
1367 5308 1709 5381 συμϐεϐηκὸς
1737 5307 1831 5378 ὁρ-

254 5444 284 5558 ),
338 5486 442 5558 (⁵8)
472 5487 1115 5558 Καταλαμϐανομένων.
1149 5487 1309 5542 Forte
1336 5486 1542 5558 legend.
1570 5486 1642 5542 sit
1667 5502 1835 5558 κατατ

1936 5312 2073 5368 Cum
2104 5312 2266 5366 homo
2293 5324 2401 5362 non
2437 5323 2525 5362 res
2553 5321 2657 5361 una
2688 5303 2932 5375 quaedam
2962 5301 3033 5357 sit
3058 5308 3221 5369 atque
3249 5296 3504 5365 simplex,

1939 5490 2538 5561 (ptime-opponuntur;
2577 5499 2697 5561 meo
2725 5482 2952 5561 judicio,
2986 5479 3126 5561 quod
3165 5477 3356 5561 copti:
3392 5472 3505 5528 ἕξει

272 5548 729 5629 λαμϐανομένοις,
753 5568 813 5613 ιιι
838 5548 1126 5614 conveniat
1173 5573 1297 5613 cum
1342 5548 1721 5629 pFaecedentib.
1757 5554 1834 5625 τῷ

1939 5548 2228 5614 κινεῖσθαὶ’
2250 5559 2320 5613 sit
2358 5561 2416 5610 ὲν
2441 5558 2551 5619 τοῖς
2572 5548 2811 5629 Δἀλόγοις,
2842 5553 2902 5606 τὸ
2929 5548 3069 5629 κατὰ
3102 5548 3404 5629 συνήθειαν,
3448 5562 3507 5596 ις

275 5625 470 5693 ἀλγεῖν,
494 5625 603 5679 etc.

1935 5647 2060 5685 vero
2102 5629 2295 5699 φύσει,
2346 5629 2453 5684 ἀπὸ
2494 5619 2872 5696 ταύτομάτου,
2904 5623 2997 5676 καί
3047 5619 3230 5685 καθὼς
3275 5619 3507 5675 ἕκαστον

340 5695 446 5771 (59)
483 5697 562 5749 Τὰ
584 5696 701 5771 μὲν
724 5698 865 5771 ἕξει.
908 5698 1082 5771 Ἕξις,
1114 5707 1172 5753 ut
1206 5696 1517 5771 πολύσημόν
1559 5713 1610 5749 τι
1626 5738 1647 5771 _,_
1663 5697 1752 5771 sic
1783 5709 1837 5751 et
1933 5695 2193 5771 πέφυκεν.

273 5766 537 5838 διαφόροις
587 5769 975 5839 ἀντικείμενον.
1024 5768 1134 5824 Hoc
1193 5766 1427 5836 quidem,
1469 5769 1588 5822 loco
1625 5767 1735 5832 ἕξις
1780 5778 1831 5822 et
