3856 6224
346 324 451 379 H9

946 321 1223 381 EUSEBll
1261 286 1928 380 cmsanmusns'opp.
1970 320 2155 378 rans
2191 321 2257 377 ιι.
2299 352 2371 363 -
2405 317 2910 377 APOLOGETICA.

3497 320 3606 376 ιξο

349 450 446 497 aut
484 441 645 498 unica
688 450 880 496 natura
923 449 1208 503 constans.
1246 442 1338 497 sed
1379 457 1445 496 ex
1474 427 1707 497 duarum
1755 458 1818 497 ac
1846 442 1918 496 di-

2024 444 2190 512 γάνου
2219 444 2284 513 τῇ
2312 441 2457 513 ψυχῇ
2490 440 2797 511 δεδεμένου,
2820 440 2921 510 τῆς
2941 438 2997 492 δὲ
3035 438 3230 511 νοερᾶς
3256 437 3445 503 οὐσίας
3470 438 3617 495 κατὰ

349 551 665 600 versarum,
715 535 962 604 corporis
1001 534 1262 589 nimirum
1309 543 1362 589 et
1423 537 1628 603 animi,
1667 538 1929 592 societate

350 627 618 695 conﬂata;
664 636 720 683 et
766 640 966 695 corpus
1018 625 1239 695 quidem
1287 626 1493 691 animo,
1544 636 1807 699 tanquam
1839 629 1926 683 in-

350 730 737 785 stramentum,
764 720 1152 790 consequentia
1186 720 1425 789 quadam
1457 720 1775 790 alligatum;
1810 720 1925 791 spi-

350 810 526 865 ritalis
573 825 705 865 vero
736 811 1158 882 intelligensque
1203 821 1421 876 natura,
1467 812 1521 866 vi
1566 813 1828 882 principis
1858 813 1926 867 il-

350 901 456 957 lius
513 901 742 957 rationis
781 902 1017 957 existat:
1050 918 1284 972 cumque
1320 903 1548 957 alterum
1590 904 1802 958 ratione
1836 918 1928 958 ca-

349 1000 487 1056 reat,
526 992 693 1047 altera
731 992 960 1060 przedita
990 992 1097 1060 sit;
1136 992 1367 1046 alterum
1394 994 1802 1062 corruptionem
1837 1009 1928 1064 pa-

346 1084 533 1150 tiatur,
584 1084 756 1138 altera
797 1084 1056 1151 minime;
1107 1094 1385 1154 postremo
1419 1085 1650 1138 alterum
1697 1086 1927 1141 mortale

348 1176 440 1239 sit,
474 1176 643 1233 altera
683 1177 1039 1232 immortalis:
1074 1191 1139 1230 ae
1160 1176 1392 1246 proinde
1416 1191 1616 1246 corpus
1643 1176 1775 1232 illud
1802 1178 1926 1233 bru-

349 1269 420 1324 tis
456 1270 827 1325 animantibus
861 1268 1025 1324 afﬁne
1050 1284 1115 1324 ac
1147 1269 1423 1339 geminum
1454 1269 1775 1337 habeamus,
1806 1270 1926 1325 ani-

346 1373 497 1413 mum
522 1371 733 1424 contra,
774 1375 899 1414 eum
930 1360 1263 1429 intelligente
1290 1360 1697 1430 immortalique
1726 1370 1924 1417 natura

346 1451 583 1519 quadam
610 1451 777 1506 veluti
804 1452 1129 1522 cognatione
1156 1434 1509 1522 conjunctum
1533 1471 1547 1507 :
1577 1454 1778 1509 mirum
1804 1470 1926 1526 pro-

347 1541 492 1597 fecto
536 1558 646 1597 non
697 1552 802 1606 est,
851 1543 897 1597 si
920 1545 1198 1612 geminum
1244 1544 1413 1599 hocce
1456 1560 1697 1615 germen,
1739 1556 1925 1616 utpote

346 1635 583 1706 duplicis
618 1645 831 1692 natura:
879 1639 1267 1693 communione
1304 1647 1691 1709 temperatum,
1719 1639 1923 1710 duplici

357 1742 575 1796 quoque
602 1728 791 1797 vitam,
832 1744 1005 1800 eaque
1041 1730 1277 1798 diversa,
1326 1731 1540 1785 ratione
1582 1730 1918 1786 conformet:

262 1825 269 1832 '
349 1827 410 1873 ut
440 1819 605 1873 modo
639 1820 886 1890 corporis
919 1831 1129 1875 naturae
1169 1821 1393 1886 serviat,
1429 1821 1587 1876 modo
1614 1822 1919 1876 libertatem
1952 1805 1994 1859 Β

345 1910 520 1979 partis
568 1911 855 1966 divinioris
888 1911 1165 1981 propriam
1203 1914 1630 1983 complectatur;
1678 1913 1921 1983 adeoque

348 2003 511 2057 simul
539 2003 592 2056 in
618 2004 900 2070 servitute,
935 2002 1101 2058 simul
1128 2002 1183 2057 in
1209 2003 1461 2058 libertate
1482 2011 1750 2067 versetur,
1780 2003 1923 2059 hanc

346 2110 376 2149 a
406 2089 541 2160 Deo,
583 2108 722 2163 quas
750 2094 823 2147 ob
855 2109 1053 2149 causas
1085 2095 1201 2164 ipse
1231 2096 1401 2158 novit,
1450 2097 1698 2165 corporis
1726 2097 1923 2150 animi-

344 2200 451 2255 que
464 2185 904 2255 conjunctionem
928 2186 1420 2255 sortitum.Quare,
1442 2188 1693 2258 quisquis
1716 2204 1779 2243 ea
1802 2205 1924 2259 quae

345 2276 597 2345 corporis
623 2284 718 2330 aut
754 2275 923 2330 animi
966 2282 1176 2331 natura:
1206 2279 1560 2345 conveniunt,
1593 2279 1688 2334 fati
1716 2280 1922 2335 abusus

347 2367 591 2434 nomine,
639 2367 954 2423 necessitati
1001 2376 1261 2439 tanquam
1311 2386 1493 2425 causa:
1530 2372 1843 2441 subjecerit,
1875 2374 1921 2426 is

344 2456 591 2529 profecto
618 2474 648 2513 a
678 2474 804 2514 vera
834 2460 1200 2530 appellatione
1245 2462 1535 2517 aberrarit.
1567 2462 1703 2517 Nam
1740 2464 1787 2519 si
1821 2480 1921 2519 nec

343 2547 441 2604 fati
487 2550 805 2606 necessitati
835 2552 1052 2607 obviam
1082 2553 1150 2607 iri
1178 2562 1375 2624 potest,
1412 2565 1466 2609 et
1506 2571 1630 2625 quae
1661 2566 1768 2610 tam
1799 2573 1922 2611 eor-

346 2641 487 2711 pori,
519 2658 684 2713 quam
728 2643 915 2698 animo
952 2653 1163 2699 naturae
1191 2645 1315 2715 jure
1360 2647 1682 2715 debeantur,
1712 2658 1920 2719 partem

343 2745 487 2801 saape
542 2732 836 2787 maximam
906 2733 1157 2804 impediri
1226 2734 1450 2790 solent:
1514 2736 1561 2791 si
1602 2752 1795 2793 rursus
1837 2739 1923 2791 in-

344 2822 493 2879 ﬁnita
526 2839 693 2894 prope
725 2824 833 2879 alia
872 2826 1218 2882 extrinsecus
1245 2828 1524 2895 eveniunt,
1565 2844 1687 2899 quae
1727 2840 1923 2899 prteter

342 2926 598 2976 naturam
629 2933 762 2973 casu
803 2919 1041 2988 quodam
1076 2920 1323 2975 animum
1372 2935 1686 2991 corpusque
1735 2936 1925 2977 conse-

342 3019 616 3078 quantur;
649 3009 822 3064 fatum
860 3019 915 3065 ct
941 3020 1194 3066 naturam
1241 3013 1384 3067 idem
1416 3028 1540 3069 esse
1579 3014 1704 3085 quis
1748 3015 1922 3085 putet?

2029 536 2119 588 τὸν
2149 536 2556 606 προηγούμενον
2585 533 2897 603 ὑποστάσης
2926 530 3099 599 λόγον·
3121 532 3217 585 καλ⁵
3239 530 3336 584 τοῦ
3367 530 3468 603 μὲν
3488 531 3619 586 ἀλό-

2029 646 2150 698 γου,
2174 630 2273 700 τῆς
2300 629 2357 682 δὲ
2389 626 2615 696 λογικῆς
2643 625 3038 697 τυγχανούσης·
3070 626 3165 678 καὶ
3195 624 3357 679 πάλιν
3379 623 3475 679 τοῦ
3514 625 3616 696 μὲν

2030 719 2292 791 φθαρτοῦ,
2310 721 2409 791 τῆς
2431 722 2487 774 δὲ
2513 719 2809 791 ἀφθάρτου·
2839 717 2934 771 καὶ
2963 717 3192 788 θατέρου
3214 716 3433 786 θνητοῦ,
3457 716 3617 770 θατέ-

2030 827 2129 883 ρας
2157 811 2213 863 δὲ
2241 810 2531 865 ἀθανάτου*
2564 810 2693 863 ὥσθ’
2718 811 2865 881 ἡμᾶς
2895 809 3057 879 θηρσὶ
3084 808 3182 879 μὲν
3216 808 3435 877 ἀλόγοις
3459 807 3617 861 ἀδελ-

2028 903 2126 972 φὸν
2152 904 2337 974 φέρειν
2359 905 2418 957 τὸ
2446 902 2819 975 σῶμα,ψυχὴν
2845 901 2903 954 δὲ
2926 904 2989 973 τῇ
3018 901 3209 971 λογικῇ
3238 901 3333 953 καὶ
3357 899 3612 969 ἀθανάτῳ

2029 994 2187 1065 φύσει
2212 997 2467 1068 συγγενῆ
2502 994 2675 1069 ταύτῃ
2698 1012 2779 1047 τοι
2825 994 2971 1057 εἰκὸς
2995 993 3055 1046 τὸ
3092 992 3278 1062 διφυὲς
3306 993 3457 1044 τουτὶ
3478 991 3610 1062 βλά-

2028 1105 2233 1161 στημα,
2266 1088 2447 1157 διττῆς
2480 1087 2575 1141 ἆτε
2624 1087 2838 1156 φύσεως
2870 1084 3288 1156 κεκοινωνηκὸς,
3324 1083 3485 1154 διττῷ
3513 1084 3612 1137 καὶ

2025 1178 2264 1251 διαφόρῳ
2290 1179 2349 1232 τὸ
2399 1177 2498 1249 ζῇν
2542 1178 2865 1231 ἀπευθύνειν
2920 1176 3128 1248 τρόπῳ·
3160 1177 3281 1228 τοτὲ
3313 1176 3411 1246 μὲν
3448 1173 3611 1244 φύσει

2029 1270 2277 1341 σώματος
2304 1268 2579 1332 δουλεῦον,
2603 1269 2725 1321 τοτὲ
2748 1268 2806 1321 δὲ
2831 1270 2898 1339 τῇ
2928 1266 3175 1336 θειοτέρα
3208 1265 3372 1337 μοίρᾳ
3397 1263 3494 1336 τὴν
3539 1264 3615 1318 οι-

2027 1365 2180 1419 κείαν
2209 1361 2586 1433 ἀσπαζόμενον
2616 1361 2944 1433 ἐλευθερίαν·
2982 1360 3058 1423 ὼς
3100 1360 3193 1413 καὶ
3238 1357 3425 1413 δοῦλον
3468 1353 3610 1413 εἶναι
3649 1408 3654 1413 .

2023 1458 2115 1511 τὸν
2140 1457 2303 1511 αὐτὸν
2348 1456 2441 1510 καλ⁹
2499 1454 2804 1524 ἐλεύθερον,
2846 1453 3105 1524 τοιαύτην
3154 1450 3275 1506 τινὰ
3323 1451 3474 1525 παρά
3511 1451 3609 1508 τοῦ

2024 1550 2180 1615 Θεοῦ,
2202 1551 2268 1603 δι’
2294 1548 2389 1613 οὒς
2413 1546 2521 1602 οἶδε
2553 1547 2746 1616 λόγους
2773 1546 2954 1611 αὐτὸς,
2986 1543 3405 1617 κεκληρωμένον
3431 1544 3613 1616 ψυχῆς

2023 1644 2120 1697 καὶ
2152 1642 2403 1714 σώματος
2431 1639 2732 1712 ἐπιμιξίαν.
2759 1640 2822 1692 El
2851 1638 2914 1709 δὴ
2956 1634 3049 1692 οὖν
3075 1656 3161 1702 τις
3188 1637 3259 1691 τά
3284 1638 3423 1692 κατά
3447 1639 3612 1707 φύσιν

2023 1735 2142 1807 ἦτοι
2166 1733 2259 1788 τοῦ
2289 1732 2541 1805 σώματος
2567 1733 2600 1804 ἢ
2626 1733 2718 1786 καὶ
2744 1732 2843 1803 τῆς
2864 1732 3063 1801 ψυχῆς,
3113 1729 3456 1801 εἱμαρμένης
3491 1729 3612 1782 ὀνό-

2026 1843 2155 1897 ματι
2173 1824 2477 1898 χρώμενος,
2514 1824 2604 1877 ὑπ’
2629 1822 2804 1877 αἰτίαν
2829 1822 3076 1893 ἀνάγκης
3119 1819 3469 1884 καταϐάλλοι,
3493 1819 3612 1873 δια-

2027 1918 2222 1990 μάρτοι
2245 1918 2310 1971 ἂν
2334 1918 2433 1989 τῆς
2455 1915 2664 1980 οἰκείας
2689 1915 3085 1988 προσηγορίας.
3115 1911 3179 1967 Εἰ
3204 1913 3315 1985 γὰρ
3339 1912 3612 1983 εἱμαρμέ-

2023 2030 2119 2083 νης
2142 2012 2387 2082 ἀνάγκης
2412 2028 2496 2074 τις
2516 2006 2584 2083 ἦν
2613 2008 2912 2072 ἀκώλυτος,
2962 2007 3133 2061 πολλά
3178 2006 3235 2060 δὲ
3265 2006 3374 2061 τῶν
3395 2005 3475 2077 τῷ
3504 2004 3610 2059 σώ-

2026 2122 2155 2176 ματι
2176 2104 2273 2158 καὶ
2293 2106 2357 2175 τῇ
2386 2103 2530 2174 ψυχῇ
2558 2101 2699 2155 κατά
2721 2100 2882 2171 φύσιν
2912 2101 3225 2172 προσόντων
3249 2096 3611 2169 παραποδίζεο

2021 2214 2131 2260 ται,
2164 2196 2334 2267 μυρία
2352 2211 2413 2248 τε
2440 2193 2639 2258 ἔξωθεν
2661 2192 2794 2247 ἄλλα
2823 2192 3060 2260 συναντᾷ
3090 2189 3244 2261 παρά
3277 2188 3439 2258 φύσιν
3461 2187 3608 2241 κατά

2020 2306 2073 2342 τι
2103 2287 2448 2359 συμϐεϐηκὸς
2491 2286 2586 2340 καὶ
2631 2285 2777 2356 ψυχῇ
2808 2284 2902 2337 καὶ
2961 2282 3175 2353 σώματι
3223 2282 3604 2352 παρεπόμενα’

2023 2381 2143 2446 πῶς
2174 2380 2240 2434 ἂν
2270 2380 2355 2451 εἴη
2402 2379 2597 2433 ταύτὸν
2630 2377 2940 2449 εἱμαρμένη
2998 2376 3092 2429 καὶ
3142 2373 3342 2444 φύσιςς
3398 2374 3462 2426 El
3494 2370 3607 2443 γάρ

2021 2473 2438 2545 ἀπαράλλακτον
2471 2488 2634 2540 φασιν
2661 2467 2801 2524 εἶναι
2855 2468 2954 2540 τὴν
2981 2466 3349 2539 εἱμαρμένην,
3371 2466 3467 2519 καὶ
3530 2464 3606 2536 μὴ

2020 2564 2277 2618 δύνασθαί
2301 2582 2352 2617 τι
2380 2564 2507 2635 παρ’
2542 2561 2711 2633 αὐτὴν
2738 2561 2982 2631 γίνεσθαι
3031 2559 3444 2632 (ἅνάγκην,γάρ
3464 2553 3606 2614 εἶναι

2021 2655 2467 2729 ἀπαραίτητον).
2519 2652 2692 2707 πολλά
2730 2653 2808 2718 δὲ,
2858 2653 2935 2716 ὡς
2960 2652 3117 2724 ἔφην,
3158 2653 3309 2724 παρά
3347 2651 3417 2704 τά
3461 2650 3606 2706 κατά

2023 2749 2184 2820 φύσιν
2217 2748 2311 2802 καὶ
2336 2747 2480 2818 ψυχῇ
2509 2745 2604 2799 καὶ¹
2636 2743 2850 2815 σώματι
2879 2744 3187 2815 συμϐαίνει,
3202 2746 3300 2798 οὐκ
3330 2743 3396 2797 ἂν
3427 2742 3606 2813 ὀρθῶς

2020 2860 2104 2907 τις
2132 2840 2407 2913 ὀνομάζοι,
2436 2839 2631 2893 ταύτὸν
2653 2834 2791 2891 εἶναι
2820 2836 2994 2904 λέγων
3020 2836 3360 2908 εἱμαρμένην
3388 2835 3481 2889 καὶ
3511 2838 3611 2903 φύ-

2024 2952 2126 2990 σιν.
2149 2933 2350 2988 Γένοιτ’
2382 2932 2448 2986 ἂν
2474 2926 2567 2985 οὖν
2591 2928 2702 2984 τῶν
2750 2930 2921 2983 ὄντων
2945 2932 3003 2982 ὲν
3036 2931 3168 3000 ἡμῖν
3209 2927 3280 2981 τά
3336 2927 3438 2998 μὲν
3461 2927 3608 2981 κατᾶι

2021 3027 2279 3098 λογισμὸν
2309 3026 2405 3079 καὶ
2453 3024 2774 3097 προαίρεσιν
2826 3022 2926 3093 τὴν
2960 3022 3050 3090 ὑφ’
3074 3019 3233 3092 ἡμῶν
3282 3019 3394 3091 (60)
3422 3019 3609 3087 γιγνό-

345 3099 403 3155 Si
430 3101 574 3156 enim
606 3112 701 3155 aut
738 3101 911 3156 fatum
944 3102 1053 3157 ullo
1092 3104 1254 3158 modo
1285 3105 1571 3169 declinari,
1606 3113 1700 3160 aut
1723 3115 1918 3176 praeter

2024 3135 2181 3190 μενα,
2209 3112 2298 3171 οἷα
2321 3116 2391 3170 τά
2421 3116 2563 3170 κατὰ
2622 3114 2785 3185 φύσιν
2808 3113 3010 3185 ψυχῆς,
3058 3112 3129 3166 τά
3172 3113 3228 3166 δὲ
3277 3111 3418 3166 κατά
3441 3110 3606 3181 φύσιν

344 3193 477 3248 illud
520 3192 639 3247 ﬁeri
670 3194 968 3264 quidquam
1014 3210 1174 3265 posse
1212 3204 1428 3266 negent,
1471 3198 1618 3267 quod
1665 3198 1917 3253 inexora-

343 3285 467 3340 bilis
510 3286 583 3340 sit
631 3287 963 3344 necessitas:
1005 3295 1061 3342 et
1113 3288 1349 3358 plurima
1393 3297 1600 3356 tamen,
1632 3290 1711 3344 uti
1759 3291 1910 3359 dixi,

342 3376 528 3430 animo
568 3376 894 3447 corporique
931 3386 1131 3447 praeter
1173 3388 1425 3432 naturam
1477 3380 1737 3435 eveniunt
1766 3397 1919 3452 :per-

342 3482 529 3535 peram
564 3483 697 3522 sane
731 3467 942 3536 fecerit,
974 3470 1069 3540 qui
1115 3485 1284 3524 unum
1316 3471 1583 3541 idemque
1614 3470 1728 3527 fato
1756 3484 1919 3527 natu-

342 3574 526 3628 raeque
559 3573 759 3615 nomen
789 3560 1067 3617 indiderit.
1092 3560 1404 3628 Enimvero,
1447 3573 1509 3618 ut
1546 3579 1761 3629 eorum,
1796 3582 1919 3637 qua:

343 3652 501 3707 nobis
530 3653 736 3721 insunt,
780 3654 884 3709 alia
915 3656 1125 3711 ratione
1158 3658 1497 3727 consilioque
1535 3657 1671 3712 ﬁant
1705 3668 1913 3728 nostro,

341 3742 653 3813 cujusmodi
676 3753 827 3812 sunt,
851 3761 1191 3817 quaecunque
1214 3764 1339 3803 cum
1366 3748 1534 3802 animi
1562 3758 1755 3804 natura
1780 3766 1914 3805 con—

340 3837 589 3903 veniunt,
630 3836 736 3891 alia
773 3847 938 3908 prout
976 3840 1230 3909 corporis
1271 3850 1466 3895 natura
1502 3842 1771 3911 postulat;
1809 3843 1913 3897 alia

340 3928 560 3983 demum
588 3932 825 4001 utrique,
844 3931 1048 3998 animo,
1077 3932 1323 4002 inquam,
1348 3934 1673 4004 corporique
1694 3935 1775 3989 sic
1799 3950 1917 3991 eve-

342 4021 516 4084 niant,
553 4029 614 4077 ut
646 4037 769 4077 cum
819 4023 1051 4078 aliarum
1096 4040 1280 4079 rerum
1325 4035 1519 4081 natura
1565 4027 1911 4083 cohaereant:

342 4122 523 4166 tamen
561 4129 661 4169 nec
687 4129 752 4168 ea
790 4130 911 4183 quae
937 4117 1003 4171 ad
1049 4117 1217 4170 animi
1241 4117 1551 4185 arbitrium,
1580 4135 1681 4174 nec
1703 4134 1766 4173 ea
1793 4135 1915 4189 qua:

343 4202 589 4273 corporis
624 4204 691 4259 ad
743 4215 996 4259 naturam
1045 4207 1336 4275 pertinent,
1379 4207 1489 4263 imo
1539 4224 1640 4263 nec
1684 4224 1747 4263 ea
1790 4225 1914 4279 quae

342 4308 473 4348 casu
527 4294 851 4364 contingunt
895 4297 1259 4365 extrinsecus,
1314 4314 1493 4353 causa:
1551 4314 1665 4355 suae
1717 4301 1912 4355 merito

341 4384 574 4439 subduci
624 4393 847 4453 queant.
876 4386 1024 4441 idem
1067 4386 1212 4441 enim
1261 4388 1351 4443 ille
1388 4388 1551 4456 Deus,
1603 4389 1697 4459 qui
1742 4389 1911 4445 totius

2020 3209 2114 3262 τοῦ
2142 3208 2415 3280 σώματος,
2454 3208 2524 3261 τά
2546 3207 2603 3260 δὲ
2626 3207 2837 3271 τούτοις
2870 3208 2967 3277 μὲν
3019 3205 3422 3278 συμϐεϐηκότα,
3453 3205 3602 3276 ψυχῇ

2018 3301 2162 3371 λέγω
2200 3303 2295 3355 καὶ
2325 3300 2557 3373 σώματι,
2591 3301 2799 3372 ἑτέροις
2819 3301 2875 3353 δὲ
2903 3298 3302 3369 συντελούμενα
3328 3296 3473 3352 κατὰ
3496 3295 3603 3365 φύ-
3640 3284 3652 3304 ’

2021 3405 2126 3445 σιν⁸
2158 3391 2275 3444 ἀλλ’
2309 3391 2432 3444 οὔτε
2447 3392 2547 3461 τῆς
2571 3390 2752 3461 ψυχῆς
2779 3391 2839 3443 τὸ
2864 3390 2947 3459 ἐφ’
2978 3392 3128 3460 ἡμῖν,
3154 3388 3276 3442 οὔτε
3300 3387 3396 3441 τοῦ
3418 3387 3607 3457 σῶμα-

2016 3500 2109 3546 τος
2146 3483 2207 3535 τὸ
2241 3482 2381 3536 κατὰ
2409 3482 2590 3551 φύσιν,
2623 3483 2745 3536 οὐδὲ
2780 3482 2887 3554 μὴν
2913 3482 3022 3536 τῶν
3050 3481 3248 3549 ἔξωθεν
3283 3482 3343 3536 τὸ
3372 3480 3513 3535 κατὰ
3539 3481 3603 3534 τὸ

2021 3575 2389 3646 συμϐεϐηκὸς,
2441 3575 2664 3639 ἐνδίκως
2691 3574 2756 3629 ἀν
2786 3592 2871 3639 τις
2919 3575 3216 3646 ἀποστεροῖ
3266 3574 3360 3628 τὸν
3402 3573 3595 3628 αἴτιον.

2018 3667 2150 3730 Θεὸς
2176 3667 2286 3739 γάρ
2316 3667 2498 3731 αὐτὸς,
2529 3668 2557 3721 ὁ
2596 3667 2704 3720 τῶν
2757 3665 2914 3730 ὅλων,
2947 3665 3171 3720 καὶτῶν
3199 3667 3283 3736 ἐφ’
3322 3667 3477 3737 ἡμῖν,
3504 3666 3603 3723 καὶ

2018 3756 2125 3809 τῶν
2178 3756 2318 3810 κατά
2367 3756 2551 3824 φύσιν,
2601 3758 2697 3810 καὶ
2743 3756 2850 3809 τῶν
2910 3757 3053 3810 κατά
3102 3756 3446 3828 συμϐεϐηκὸς
3501 3758 3600 3829 δη-

2022 3849 2277 3922 μιουργὸς
2337 3848 2411 3903 ὣν
2487 3849 2891 3919 ἀποπέφανται.
2967 3850 3211 3904 Καθόλου
3287 3851 3399 3924 γάρ
3469 3853 3601 3923 περὶ

2019 3940 2235 3994 πάντων
2275 3940 2573 3993 ἀκουστέον
2607 3940 2711 4009 τῆς
2758 3940 2941 3995 ἐνθέου
2992 3939 3236 4011 Γραφῆς,
3270 3939 3350 4004 τὸ,
3400 3940 3598 4005 Αὐτὸς

2016 4028 2209 4093 darer,
2230 4033 2328 4086 καὶ
2348 4031 2781 4102 ἐγεννήθησαν
2798 4032 2980 4098 αὐτὸς
3005 4032 3364 4095 ἐνετείλατο,
3395 4031 3494 4085 καὶ
3543 4030 3600 4082 ἑ-

2012 4121 2822 4197 κτίσθῃσαν,ἁποφηναμένης·
2844 4120 2983 4189 uel;
2994 4116 3085 4174 οὖν
3112 4122 3451 4195 βουλομένοις
3467 4124 3597 4178 ποτέ

2014 4234 2157 4282 τινα,
2180 4216 2345 4289 ἕτερα
2396 4215 2548 4286 παρά
2579 4204 2686 4287 ’τὴν
2720 4215 2997 4289 ἡμετέραν
3022 4215 3247 4286 γνώμην
3282 4216 3593 4287 συμϐαίνει,

2015 4306 2393 4377 ὑπομνηστέον
2418 4305 2632 4369 αὐτοὺς,
2656 4304 2731 4369 ὡς
2781 4305 2889 4377 ἄρα
2920 4302 3063 4357 τοῦτ’
3088 4300 3157 4375 ἦν
3191 4306 3367 4358 έκεῖνο
3391 4302 3454 4356 τὸ
3478 4303 3589 4357 διτ-

2012 4397 2102 4451 τὸν
2124 4398 2219 4451 καὶ¹
2253 4397 2570 4469 έτερογενὲς
2594 4397 2693 4467 τῆς
2726 4399 2784 4450 ἐν
2814 4399 2945 4468 ἡμῖν
2972 4396 3315 4468 συμπλοκῆς,
3362 4394 3508 4464 λέγω
3529 4395 3592 4464 δὴ

342 4477 604 4544 universi,
634 4491 824 4531 eorum
871 4492 1091 4547 quoque
1127 4479 1312 4543 simul,
1354 4495 1477 4550 qua:
1516 4497 1612 4535 seu
1644 4481 1912 4537 libertatis

2019 4490 2107 4542 καὶ
2164 4490 2342 4561 ψυχῆς
2364 4476 2465 4543 καὶ
2527 4488 2799 4559 σώματος’
2843 4489 2974 4559 παρ’
3001 4488 3029 4541 ὃ
3080 4489 3173 4542 καὶ
3201 4487 3380 4559 ψυχῆς
3411 4485 3590 4548 οὐσία,

342 4575 544 4622 nostra:
579 4574 726 4632 sunt,
767 4581 861 4621 seu
893 4577 1122 4632 naturae,
1170 4585 1265 4624 seu
1315 4585 1500 4637 casus,
1528 4570 1688 4643 247
1720 4580 1912 4625 auctor

341 4656 585 4710 omnium
621 4655 952 4725 molitorque
997 4657 1324 4713 celebratur.
1373 4658 1510 4715 Nam
1546 4662 1679 4715 illud
1713 4661 1910 4717 divinze

343 4745 638 4815 Scriptura;
665 4745 732 4800 de
760 4746 907 4800 nulla
956 4762 1016 4801 re
1070 4764 1176 4802 non
1208 4749 1582 4818 accipiendum
1628 4760 1751 4806 est:
1790 4750 1912 4822 Ipse

340 4837 501 4902 dixit,
528 4846 577 4891 et
601 4837 747 4908 facta
773 4846 929 4901 sunt;
963 4839 1256 4904 mandavit,
1285 4850 1333 4893 et
1359 4852 1539 4895 creata
1562 4853 1682 4895 sunt
1706 4842 1773 4894 ³³.
1801 4841 1911 4897 lta-

342 4960 471 5016 que,
503 4944 550 5000 si
579 4943 801 5015 quando
838 4944 998 5001 nobis
1032 4954 1179 5001 certa
1219 4947 1468 5017 quaedam
1511 4947 1909 5017 expetentibus,

341 5053 448 5107 alia
498 5060 698 5123 prteter
743 5052 1078 5108 voluntatem
1123 5052 1412 5120 eveniant,
1454 5052 1749 5107 admonere
1794 5062 1911 5108 tum

339 5159 445 5229 ipsi
478 5172 583 5214 nos
612 5158 895 5224 debemus,
926 5157 1060 5212 illud
1088 5157 1346 5212 nimirum
1375 5172 1519 5222 esse,
1545 5156 1781 5227 duplicis
1807 5156 1913 5211 bu,

332 5259 423 5328 jus
469 5268 673 5315 nostrae
702 5259 1040 5330 diversasque
1079 5267 1308 5326 naturae,
1350 5258 1617 5330 corporis,
1654 5259 1905 5330 inquam,

334 5364 618 5435 animique
659 5366 1083 5435 commercium;
1129 5381 1239 5437 quo
1277 5365 1391 5432 ﬁat,
1433 5367 1512 5420 uti
1548 5375 1603 5422 et
1651 5366 1904 5432 animus,

336 5468 428 5537 qui
475 5479 671 5526 natura
719 5471 979 5543 spiritalis
1012 5488 1077 5529 ac
1116 5473 1330 5529 ratione
1372 5472 1631 5542 praeditus
1672 5479 1777 5539 est,
1820 5472 1906 5528 in-

335 5573 509 5628 iantili
542 5578 720 5631 adhuc
750 5594 848 5648 per
878 5589 1131 5635 naturam
1162 5594 1393 5650 corpore
1424 5578 1670 5634 inclusus
1697 5588 1897 5648 praeter

408 5669 453 5700 ⁸⁸
474 5666 619 5724 Psal.
643 5685 815 5739 sun,
848 5675 903 5730 9.

2012 4576 2110 4648 τὴν
2142 4576 2302 4646 φύσιν
2350 4573 2486 4629 οὖσα
2530 4575 2694 4648 νοερὰ
2741 4576 2837 4630 καὶ
2889 4575 3102 4647 λογικὴ,
3169 4577 3226 4628 ὲν
3273 4572 3593 4647 νηπιάζοντι

2011 4667 2155 4722 κατά
2182 4667 2344 4737 φύσιν
2376 4666 2587 4737 σώματι
2615 4666 2769 4738 παρὰ
2803 4665 2963 4736 φύσιν
3019 4664 3156 4737 αὐτὴ
3189 4665 3372 4737 χώραν
3395 4663 3591 4733 ἀλόγου

2015 4757 2323 4828 μετείληφε
2360 4758 2455 4810 καὶ
2478 4756 2623 4820 νοῦς,
2657 4758 2684 4809 ό
2714 4756 3028 4827 φρονήσεως
3065 4757 3283 4821 οἰκεῖος,
3338 4756 3592 4829 ἀφραίνει

2012 4849 2272 4913 πολλάκις
2299 4849 2442 4904 κατά
2463 4866 2517 4902 τι
2550 4847 2914 4919 συμϐεϐηκὸς,
2942 4851 3317 4920 παρατραπεὶς
3337 4850 3394 4902 ὲν
3425 4849 3596 4921 ὑπερ-

2012 4941 2353 5005 ϐαλλούσαις,
2391 4941 2544 5011 φέρε,
2569 4940 2817 5010 σώματος
2851 4939 3204 5010 ἀρρωστίαις.
3242 4937 3508 5002 Πολλάκις
3534 4939 3590 4992 δὲ

2012 5035 2107 5086 καὶ
2133 5034 2327 5105 γῆρας,
2355 5032 2582 5085 ἐπελθὸν
2612 5031 2825 5102 σώματι
2880 5029 3026 5085 κατά
3057 5030 3241 5100 φύσιν,
3289 5030 3398 5083 τῶν
3448 5032 3591 5085 κατὰ

2010 5124 2109 5196 τὴν
2137 5125 2321 5195 ἀκμὴν
2346 5120 2785 5197 κατορθωμάτων
2834 5120 2933 5192 τὴν
2962 5120 3199 5175 διάνοιαν
3226 5121 3589 5192 ἀπεστέρησε,

2010 5215 2111 5285 τῆς
2141 5216 2332 5285 νοερᾶς
2356 5214 2533 5286 ψυχῆς
2577 5214 2637 5268 τὸ
2665 5214 2882 5284 λογικὸν
2913 5213 3062 5285 παρά
3096 5213 3256 5284 φύσιν
3286 5213 3586 5285 ἀμϐλῦναν.

2013 5308 2195 5360 Αἰκίαι
2221 5308 2264 5360 δ’
2290 5304 2354 5362 αὖ
2384 5308 2566 5372 πάλιν,
2616 5308 2710 5361 καὶ
2754 5306 3044 5379 ἀλγηδόνες
3097 5305 3370 5378 σώματος,
3393 5306 3588 5378 πηρώ-

2014 5415 2127 5462 σεις
2160 5416 2217 5452 τε
2246 5399 2618 5470 ὲπισυμϐἄσαι
2642 5399 2794 5471 παρά
2819 5398 3003 5469 φύσιν,
3027 5398 3089 5451 τὸ
3110 5396 3468 5452 αὐθεκούσιον
3490 5398 3589 5467 τῆς

2009 5488 2187 5559 ψυχῆς
2215 5488 2368 5562 παρά
2413 5490 2475 5544 τὸ
2516 5489 2865 5561 συμϐεϐηκὸς
2913 5488 3255 5560 ὲξενίκησαν,
3310 5488 3589 5551 ὲνδούσαις

2008 5583 2126 5645 ταῖς
2165 5581 2422 5653 ἀλγηδόσι
2449 5581 2537 5635 διὰ
2559 5583 2659 5654 τὴν
2684 5581 2820 5654 πρὸς
2846 5581 2907 5634 τὸ
2946 5579 3105 5652 σῶμα
3145 5582 3481 5654 συμπλοκήν
3514 5583 3588 5645 ὡς

404 5760 512 5834 (60)
553 5763 669 5834 Ὑφ’
710 5764 897 5835 ἡμῶν.
939 5766 1170 5823 Dubium
1217 5784 1322 5824 non
1367 5779 1448 5825 est
1473 5810 1486 5836 ,
1519 5770 1648 5840 quin
1684 5770 1890 5840 legend.

2032 5771 2115 5843 ἐφ’
2145 5773 2297 5841 ἡμῖν,
2332 5770 2605 5839 quomodo
2636 5771 2730 5826 alt.
2762 5786 3039 5826 manuscr.
