3894 6220
283 320 384 380 εει

1454 306 1779 363 ΡΒᾸΞΡΑΒ.
1823 305 2077 363 EVANG.
2117 303 2249 359 LIB.
2288 300 2378 359 Vl.

3452 298 3560 355 ιεε

285 436 604 495 ἁλίσκεσθαι
634 433 746 507 (61)
770 433 968 504 δεσμὸν
994 430 1236 500 ἄφυκτον
1264 425 1519 499 ἐμποδὼν
1562 425 1870 499 προϐεϐλῆ-

1992 433 2227 480 iaturam
2265 422 2382 492 ipse
2422 433 2605 485 suam,
2648 418 2703 473 in
2737 419 2954 474 ratione
2984 418 3293 474 carentium
3326 434 3558 475 numero

285 536 411 590 σθαι
430 531 510 604 τῷ
533 530 678 586 κατά
693 528 872 600 ψυχὴν
895 525 1188 597 ἐλευθέρῳ,
1228 524 1353 579 τοτὲ
1382 522 1480 594 μὲν
1501 523 1602 594 τὴν
1643 521 1741 574 τοῦ
1769 519 1875 573 σώ-

288 643 459 698 ματος
484 624 671 696 φύσιν,
695 621 816 676 τοτὲ
850 620 908 675 δὲ
940 618 1014 672 τά
1047 617 1206 681 ἐκτὸς
1254 613 1738 688 ὲπισυμϐαίνοντα.
1765 608 1875 664 ’Ἦν

282 720 342 774 δὲ
366 719 477 790 ἀρα
506 717 602 771 καὶ
622 715 686 768 τὸ
705 714 804 784 τῆς
829 714 912 780 ἐφ’
939 714 1071 783 ἡμῖν
1108 709 1485 783 προαιρέσεως
1506 707 1586 769 είς
1618 703 1875 758 τοσοῦτον

281 808 419 882 ἧκον
448 806 675 880 ἀρετῆς,
709 805 804 859 καὶ
830 801 1037 874 ἰσχύος,
1063 800 1138 864 ὠς
1165 798 1498 853 ἀντιϐαίνειν
1529 795 1623 850 ἐπὶ
1664 790 1876 847 πολλῶν

282 902 514 973 τολμᾷν,
553 899 650 952 καὶ
677 895 978 964 ἀντιλέγειν
1001 895 1068 964 τῇ
1095 908 1156 945 τε
1178 889 1273 945 τοῦ
1311 889 1563 961 σώματος
1597 886 1756 957 φύσει
1781 884 1876 938 καὶ

282 996 399 1058 τοῖς
434 989 633 1054 ἔξωθεν
671 983 1181 1058 ὲπισυμϐαίνουσιν.
1219 983 1286 1036 Ἦ
1317 980 1414 1053 μέν
1448 997 1514 1049 γε
1547 976 1641 1031 τοῦ
1688 975 1876 1046 σώμα-

282 1102 379 1149 τος
401 1083 563 1154 φύσις
593 1081 686 1135 ἐπὶ
727 1079 836 1134 τῶν
896 1077 1223 1150 ἀφροδισίων
1255 1074 1431 1146 ὁρμὴν
1457 1072 1549 1125 τὸν
1584 1070 1754 1141 ἄνδρα
1787 1086 1882 1122 κα-

283 1176 386 1228 λεῖ·
417 1178 453 1246 ή
484 1175 541 1228 δὲ
562 1173 732 1244 ψυχὴ,
761 1170 904 1240 λόγῳ
934 1168 1173 1241 σώφρονι
1221 1165 1437 1237 χαλινὸν
1461 1161 1772 1235 ἐμϐαλοῦσα
1801 1158 1879 1230 τῷ

287 1268 478 1332 πάθει,
525 1265 790 1340 κρείττων
846 1261 1172 1317 καθίσταται
1204 1261 1304 1330 τῆς
1345 1256 1439 1310 τοῦ
1489 1255 1740 1326 σώματος
1775 1251 1879 1323 φύ-

286 1379 453 1426 σεως.
487 1360 598 1414 Καὶ
623 1356 785 1412 πάλιν
810 1358 843 1427 ἡ
872 1355 992 1426 μὲν,
1048 1355 1262 1424 πεινῇν,
1312 1350 1408 1404 καὶ
1456 1349 1636 1420 διψῇν,
1671 1350 1765 1402 καὶ
1801 1351 1883 1417 ῥι-

286 1453 445 1522 γοῦν,
475 1449 673 1506 καί’τά
697 1446 927 1503 τοιαῦτα
955 1440 1491 1520 προσαναγκάξουσα
1511 1440 1642 1511 (62),
1668 1441 1759 1492 ἐπὶ
1783 1440 1882 1503 τὰς

284 1545 434 1600 κατά
461 1543 622 1614 φύσιν
645 1540 940 1614 θεραπείας
981 1556 1042 1592 τε
1075 1538 1170 1592 καὶ
1204 1533 1517 1608 πληρώσεις
1549 1532 1877 1605 παρακαλεῖ·

288 1639 322 1708 ἡ
343 1637 403 1690 δὲ
437 1635 780 1708 προαίρεσις,
808 1631 989 1701 λόγοις
1045 1631 1319 1702 σώφροσιν
1347 1625 1759 1690 ἀναπεισθεῖσα,
1788 1623 1882 1678 καί

286 1745 446 1791 τινας
465 1725 772 1799 ἀσκητικάς
795 1721 1111 1797 προτροπὰς
1143 1720 1509 1783 αὑθεκουσίως
1524 1719 1878 1788 ἀγαπήσασα,

288 1822 660 1894 πολυημέροις
682 1818 922 1882 ἀσιτίαις
971 1816 1068 1871 καὶ
1122 1814 1439 1887 καρτερίαις
1472 1811 1881 1885 παρακρούεται

286 1915 390 1987 τὴν
411 1913 508 1969 τοῦ
533 1913 784 1985 σώματος
802 1911 985 1982 φύσιν,
1002 1910 1173 1981 ἀρετῇ
1195 1906 1456 1978 λογισμοῦ
1479 1904 1711 1977 κρίνασα
1725 1903 1885 1957 τοῦτο

288 2010 400 2065 καὶ-
421 2006 674 2078 ἑλομένη.
703 2004 815 2059 Καὶ
844 1999 913 2058 αὖ
947 2001 1110 2056 πάλιν
1131 2003 1165 2073 ὴ
1197 2000 1296 2073 μὲν
1326 1998 1469 2054 κατὰ
1494 1998 1656 2069 φύσιν
1683 1997 1884 2060 πάσαις

288 2107 509 2178 ἡδοναῖς
538 2103 718 2175 χαίρει
741 2101 837 2154 καὶ
866 2102 934 2171 τῇ
963 2098 1107 2169 λείᾳ·
1132 2096 1241 2150 τῶν
1285 2095 1575 2165 σωμάτων,
1601 2096 1635 2164 ἡ
1660 2093 1718 2146 δὲ
1748 2109 1883 2164 προ-

290 2200 507 2271 αίρεσις
531 2197 734 2269 ἀρετῆς
780 2193 1049 2265 ἐπιθυμίᾳ
1098 2190 1190 2245 τὸν
1224 2189 1481 2243 ἐπίπονον
1527 2188 1624 2241 καὶ
1678 2188 1886 2258 τραχὺν

291 2291 582 2362 ἠσπάσατο
612 2288 746 2359 βίον.
779 2286 901 2339 Εἰσί
921 2284 981 2337 δὲ
1000 2283 1050 2337 οἳ
1081 2283 1176 2337 καὶ
1205 2281 1299 2335 ἐπὶ
1344 2280 1407 2334 τὸ
1436 2282 1619 2351 χεῖρον
1651 2278 1888 2351 τραπέν-

290 2402 406 2450 τες,
443 2379 779 2454 μετήλλαξαν
836 2376 934 2449 τὴν
980 2374 1217 2446 φυσικὴν
1249 2371 1448 2444 χρῆσιν
1498 2373 1578 2436 εἰς
1607 2370 1704 2442 τὴν
1738 2370 1887 2442 παρά

293 2475 482 2543 φύσιν,
517 2474 746 2545 ἄρσενες
774 2472 833 2523 ὲν
861 2469 1055 2540 ἄρσεσι
1085 2466 1183 2537 τὴν
1211 2461 1598 2535 ἀσχημοσύνην
1623 2478 1754 2514 κατε
1765 2477 1888 2531 ργα-

292 2567 536 2638 ζόμενοι.
569 2564 758 2626 Οὕτως
783 2564 891 2635 ἄρα
921 2560 1018 2615 καὶ
1049 2560 1117 2629 τῇ
1147 2557 1307 2627 φύσει
1340 2555 1401 2608 ού
1435 2554 1579 2608 κατά
1606 2555 1783 2608 πάντα
1810 2555 1889 2606 ὲν-

291 2660 514 2713 δίδωσιν
569 2658 599 2711 ὁ
650 2654 934 2725 λογισμὸς,
964 2652 1159 2723 κρατεῖ
1182 2650 1239 2703 δὲ
1268 2649 1328 2702 ὲν
1372 2648 1668 2712 πλείστοις,
1696 2646 1773 2709 ὡς
1793 2645 1888 2698 καί

291 2752 602 2824 κρατεῖται,
632 2747 730 2802 καὶ
788 2730 911 2799 τοτὲ
961 2742 1062 2816 μὲν
1114 2740 1278 2804 αὐτὸς
1309 2740 1455 2809 ἄγει,
1483 2740 1605 2793 τοτὲ
1633 2739 1690 2792 δὲ
1727 2736 1890 2800 αὐτὸς

292 2845 515 2911 ἄγεταιθ
536 2840 612 2904 ὡς
641 2839 736 2893 καὶ
760 2836 867 2909 πρὸ
890 2834 1041 2907 ὥρας
1064 2832 1175 2885 ἔσθ’
1194 2833 1318 2906 ὅποι
1343 2831 1531 2903 χερσὶν
1552 2829 1889 2883 ἐπισπᾶσθαι

290 2951 401 3007 την
420 2931 740 3003 ἀπαλλαγὴν
792 2928 886 2983 τοῦ
939 2927 1213 2998 σώματος,
1264 2925 1354 2978 ὅτε
1394 2923 1456 2977 τὸ
1494 2922 1593 2995 ζῇν
1636 2921 1783 2993 αὐτῷ
1814 2922 1888 2993 μὴ

293 3023 576 3088 λυσιτελὲς
608 3021 848 3093 κριθείη.
871 3020 936 3072 Εἰ
963 3018 1060 3090 μὲν
1087 3012 1181 3071 οὖν
1207 3016 1346 3087 πρὸς
1373 3014 1540 3086 μόνην
1565 3014 1664 3085 τὴν
1684 3014 1891 3067 οἰκείαν

290 3117 396 3172 τοῦ
426 3098 865 3186 σώματος’φύσιν
893 3114 921 3165 ὁ
944 3112 1053 3175 πᾶς
1083 3108 1232 3179 ἀγὼν
1259 3103 1327 3179 ἦν
1350 3106 1523 3178 αύτῷ,
1564 3106 1790 3178 μέτριος
1822 3107 1889 3161 ἂν

292 3206 371 3280 ἦν
393 3201 567 3270 οὗτος
605 3205 729 3259 ἐπεὶ
760 3204 817 3259 δὲ
849 3202 947 3274 τὴν
979 3201 1280 3264 πολιτείαν,
1310 3200 1404 3252 καὶ
1441 3199 1532 3251 τὸν
1576 3201 1634 3251 ὲν
1683 3197 1890 3269 ἀνθρώ-

297 3316 428 3362 ποις
450 3297 561 3368 βίον
582 3296 610 3349 ό
633 3295 765 3359 Θεὸς
792 3292 941 3364 αὐτῷ
972 3290 1176 3363 μεταξὺ
1210 3289 1418 3344 πολλῶν
1462 3288 1888 3359 καταϐέϐληται,

296 3388 542 3459 ὠςμετά
565 3386 771 3458 θηρίων
821 3385 917 3439 καὶ
964 3381 1209 3456 ἑρπετῶν
1260 3381 1500 3446 ἰοϐόλων,
1552 3380 1611 3432 ὲν
1646 3379 1798 3450 μέσῳ
1830 3397 1891 3432 τε

302 3479 480 3551 πυρὸς
504 3477 598 3531 καὶ
631 3476 842 3541 ὓδατος,
865 3474 1028 3545 ἀέρος
1060 3490 1120 3526 τε
1152 3470 1243 3526 τοῦ
1274 3471 1646 3543 περιέχοντος,
1672 3469 1893 3524 καὶτῶν

302 3575 364 3625 ὲν
391 3570 598 3634 τούτοις
631 3568 803 3624 ἀπασι
827 3565 1300 3638 παρηλλαγμένων
1340 3565 1435 3619 καὶ
1460 3564 1732 3634 διαφόρων
1787 3562 1892 3633 φύ-

306 3681 449 3717 σεων
463 3663 563 3726 τὰς
582 3658 864 3733 διατριϐὰς
901 3656 1252 3728 πεποιῆσθαι·
1281 3655 1505 3718 εἰκότως
1544 3654 1690 3724 αύτῷ
1719 3656 1752 3725 ἡ
1781 3656 1895 3708 δια-

309 3752 462 3826 μάχη
493 3753 589 3807 καί
621 3754 656 3824 ἡ
680 3752 931 3812 ἔνστασις
954 3748 1016 3801 οὐ
1050 3746 1186 3820 πρὸς
1218 3746 1318 3818 τὴν
1353 3745 1562 3800 οἰκείαν
1593 3746 1753 3816 μόνον
1775 3746 1894 3798 ἐστί

310 3849 406 3901 καὶ
428 3846 785 3917 συνημμένην
813 3841 1108 3913 αὐτόνομον
1136 3840 1295 3910 φύσιν
1320 3838 1414 3892 τοῦ
1445 3837 1716 3909 σώματος,
1760 3836 1895 3891 ἀλλά

307 3940 406 3993 καί¹
443 3938 577 4010 πρὸς
632 3937 802 4008 μυρία
835 3934 906 3989 τὰ
928 3933 1085 3997 ἐκτὸς
1106 3930 1515 4003 συμϐεϐηκότα,
1548 3923 1623 3984 ὧν
1653 3932 1711 3984 ὲν
1744 3930 1894 4001 μέσῳ

309 4032 379 4104 ζῇ
412 4032 443 4085 ὁ
465 4031 559 4084 τὸν
582 4029 773 4100 θνητὸν
812 4026 925 4097 βίον
950 4025 1234 4093 διεξάγων,
1280 4022 1422 4076 ὥστε
1444 4023 1539 4077 καὶ
1559 4022 1696 4095 πρὸς
1721 4021 1895 4075 ταῦτα

309 4121 596 4194 καρτερῶς
620 4118 883 4189 ἀντέχειν.
907 4116 1107 4169 Πολλαὶ
1139 4114 1267 4183 γοῦν
1287 4125 1313 4154 ει
1332 4112 1425 4164 καὶ
1443 4113 1657 4167 τοιῶνδε
1682 4112 1894 4184 τροφῶν

312 4210 526 4281 φύσεις,
573 4209 669 4263 καὶ
719 4206 919 4261 τοιαίδε
982 4203 1314 4276 συγκράσεις
1368 4200 1462 4256 τοῦ
1516 4201 1892 4273 περιέχοντος,

312 4301 545 4376 κρυμῶν
564 4314 626 4354 τε
659 4299 941 4371 ἐπιφοραὶ,
984 4297 1079 4350 καὶ
1122 4292 1379 4365 φλογμῶν
1407 4293 1718 4356 ὲκκαύσεις,
1744 4292 1892 4345 πλεῖ-

315 4395 423 4449 στά
443 4410 505 4446 τε
526 4392 663 4447 ἀλλα
685 4391 826 4446 κατά
850 4406 1002 4452 τινας
1034 4387 1269 4450 οἰκείους
1294 4378 1488 4454 λόγους
1514 4382 1758 4455 φυσικῶς
1796 4383 1894 4454 μὲν

1979 522 2299 572 censeatur:
2334 521 2391 568 et
2426 527 2601 577 mens,
2645 511 2805 580 cujus
2850 510 3071 580 propria
3113 510 3400 579 prudentia
3439 518 3561 573 est,

1981 608 2167 679 aliquo
2211 619 2455 676 persaepe
2502 618 2636 659 casu
2682 603 2895 665 deliret,
2938 603 3068 656 dum
3117 618 3239 657 eam
3284 602 3564 672 graviores

1979 698 2250 767 praecipue
2285 693 2536 765 corporis
2575 692 2751 745 morbi
2783 707 2883 747 sua
2918 692 2984 746 de
3017 693 3147 746 sede
3180 701 3424 747 movent.
3460 689 3560 748 Se-

1980 802 2170 843 neetus
2205 789 2321 857 ipsa
2356 802 2599 857 quoque,
2638 795 2934 857 postquam
2971 794 3183 839 natura:
3216 783 3410 839 ordine
3439 799 3562 839 cor-

1979 896 2083 951 pus
2112 879 2329 941 invasit.
2364 887 2604 932 mentem
2633 877 2701 933 iis
2728 877 2966 932 solertiae
2999 874 3389 945 facultatisque
3429 874 3559 930 viri-

1980 969 2104 1033 bus,
2133 968 2333 1037 quibus
2367 983 2466 1038 per
2510 968 2777 1037 integram
2811 966 2992 1023 adhuc
3015 974 3228 1020 aetatem
3256 964 3563 1021 ﬂorentem-

1981 1077 2087 1131 que
2115 1062 2431 1130 praestabat,
2458 1059 2697 1130 spoliare
2732 1059 2890 1126 solet,
2920 1068 2976 1113 et
3010 1059 3264 1124 rationis,
3298 1072 3421 1128 quae
3449 1066 3561 1113 tota

1982 1151 2244 1221 spiritalis
2277 1150 2448 1205 animi
2491 1157 2596 1213 est,
2630 1157 2826 1218 prazter
2860 1156 3136 1211 naturam,
3176 1146 3349 1201 aciem
3383 1154 3565 1200 retun-

1981 1245 2128 1298 dere.
2157 1243 2302 1309 Quiu
2335 1241 2501 1297 etiam
2532 1241 2706 1310 plagae
2727 1239 3059 1310 doloresque
3082 1238 3351 1307 corporis,
3383 1252 3563 1293 mem-

1982 1336 2319 1405 brorumque
2373 1332 2811 1396 debilitationes,
2878 1346 3003 1401 qua:
3052 1340 3250 1401 praeter
3305 1338 3561 1385 naturam

1983 1425 2336 1494 contingunt,
2372 1439 2503 1479 casu
2551 1424 2671 1493 ipso
2699 1421 3023 1492 plerumque
3057 1419 3226 1474 animi
3257 1419 3563 1476 libertatem

1982 1525 2314 1585 expugnant,
2348 1519 2480 1569 dum
2528 1514 2575 1568 is
2619 1512 2871 1582 corporis
2912 1511 3173 1566 societate
3211 1509 3413 1575 victus,
3444 1522 3566 1564 mo-

1985 1609 2157 1664 lestiis
2193 1606 2837 1679 quoquedoloribusque
2871 1604 3039 1660 cedit:
3079 1618 3309 1674 prorsus
3333 1609 3394 1658 ut
3450 1617 3566 1658 cer-

1987 1710 2101 1757 tum
2147 1702 2201 1757 id
2246 1701 2703 1770 exploratumque
2762 1697 3066 1761 habeatur,
3128 1696 3356 1751 liberam
3412 1694 3565 1749 illam

1915 1775 1954 1829 B
1986 1793 2153 1849 animi
2180 1791 2519 1856 facultatem,
2552 1790 2751 1860 partim
2792 1799 2990 1845 natura
3040 1789 3310 1859 corporis,
3361 1787 3562 1857 partim

1983 1886 2073 1949 iis,
2107 1900 2229 1956 qua:
2267 1884 2610 1939 extrinsecus
2656 1880 2932 1948 accidunt,
2966 1880 3204 1951 quodam
3247 1879 3409 1949 quasi
3442 1877 3564 1932 vin-

1982 1979 2126 2042 culo,
2153 1977 2299 2048 quod
2342 1976 2537 2042 evitari
2580 1983 2835 2044 nequeat,
2867 1973 3205 2044 impeditam,
3233 1981 3288 2028 et
3328 1968 3567 2027 constri-

1983 2078 2126 2124 ctam
2159 2068 2353 2123 teneri.
2384 2066 2711 2137 Quanquam
2736 2066 3008 2137 ejusmodi
3037 2064 3284 2135 profecto
3311 2077 3453 2132 smpe
3481 2070 3567 2118 est

1984 2159 2200 2213 arbitrii
2240 2158 2415 2213 nostri
2458 2158 2633 2213 virtus
2681 2165 2845 2227 atque
2887 2156 3079 2222 robur,
3110 2164 3171 2210 ut
3203 2155 3257 2209 in
3288 2154 3565 2225 plerisque

1986 2249 2171 2315 rebus,
2199 2258 2253 2304 et
2274 2259 2482 2304 naturae
2507 2248 2776 2318 corporis,
2805 2255 2857 2301 et
2891 2246 3309 2301 occurrentibus
3343 2229 3567 2300 aliunde

1985 2342 2207 2399 casibus
2234 2355 2511 2412 opponere
2541 2354 2665 2395 sese
2728 2352 2793 2392 ac
2831 2337 3089 2393 reluctari
3112 2336 3327 2392 audeat.
3358 2335 3568 2408 Quippe

1986 2435 2263 2489 hominem
2288 2435 2436 2488 enim
2474 2432 2541 2488 ad
2576 2448 2763 2488 rerum
2799 2444 3153 2486 venerearum
3199 2429 3564 2499 appetentiam

1987 2528 2235 2596 corporis
2268 2535 2463 2579 natura
2512 2525 2712 2580 trahit:
2763 2524 2983 2578 animus
3029 2536 3160 2577 vero
3195 2521 3569 2591 temperantiae

1990 2619 2215 2672 ductum
2270 2625 2325 2671 et
2376 2617 2669 2672 consilium
2720 2625 2981 2680 secutus,
3036 2614 3238 2685 injecto
3283 2612 3569 2683 cupiditati

1990 2707 2170 2773 freno,
2218 2708 2468 2776 corporis
2493 2714 2746 2762 naturam
2777 2706 3151 2775 impetumque
3192 2702 3412 2774 frangit.
3468 2701 3572 2758 Ea-

1990 2799 2113 2854 dem
2145 2797 2308 2863 t‘ame,
2334 2799 2445 2867 siti,
2478 2799 2681 2869 frigore
2712 2805 2808 2853 aut
2834 2798 3045 2853 caeteris
3078 2798 3132 2853 id
3162 2811 3333 2869 genus
3358 2795 3573 2851 incom-

1990 2893 2166 2949 modis
2218 2892 2347 2947 dum
2392 2900 2547 2961 urget
2589 2907 2653 2947 ac
2704 2892 2924 2961 premit,
2966 2890 3035 2945 ad
3076 2904 3140 2944 ea
3189 2904 3311 2960 quae
3362 2897 3574 2944 naturae

1990 2985 2343 3051 conveniant,
2396 2983 2732 3054 exquirenda
2781 2982 3059 3049 remedia,
3115 2982 3362 3052 satisque
3393 2979 3572 3036 ventri

1992 3076 2323 3144 faciendum,
2369 3078 2646 3132 hominem
2686 3075 2908 3131 excitat.
2953 3072 3220 3129 Voluntas
3260 3083 3449 3130 contra
3480 3088 3571 3128 se-

1994 3172 2304 3228 verioribus
2335 3172 2570 3226 adducta
2604 3170 2935 3235 rationibus,
2964 3178 3019 3224 et
3042 3168 3315 3240 religiosis
3341 3167 3571 3238 quibus-

1994 3267 2118 3320 dam
2153 3264 2627 3321 cohortationibus
2663 3271 2859 3332 sponte
2903 3263 3196 3332 susceptis,
3229 3262 3468 3316 nativam
3502 3260 3572 3316 il-

1994 3358 2102 3412 lam
2151 3357 2401 3427 corporis
2454 3355 2805 3424 cupiditatem
2848 3354 3088 3427 plurium
3149 3356 3312 3409 etiam
3359 3353 3572 3407 dierum

1996 3449 2175 3503 inedia
2208 3448 2606 3516 tolerantiaque
2636 3446 2825 3509 vincit,
2875 3445 2941 3499 ad
2974 3460 3095 3499 eam
3145 3445 3487 3509 subeundam
3519 3443 3574 3498 vi

1995 3540 2454 3606 ratiocinationis,
2484 3555 2548 3594 ac
2578 3547 2771 3609 suopte
2796 3537 3058 3592 instinctu
3085 3536 3425 3607 consilioque
3447 3551 3575 3606 per-

1996 3642 2167 3687 mota.
2206 3630 2475 3685 Similiter
2513 3638 2708 3684 natura
2745 3644 2844 3683 sua
2887 3644 3086 3698 corpus
3120 3628 3270 3681 omni
3315 3628 3571 3696 volupta—

1998 3737 2111 3783 tum
2137 3741 2355 3797 genere,
2384 3740 2448 3778 ac
2470 3723 2575 3778 levi
2598 3723 2861 3791 mollique
2885 3737 3174 3791 corporum
3205 3722 3572 3776 commotione

1995 3821 2314 3875 delectatur.
2354 3816 2520 3888 248
2568 3814 2638 3868 At
2668 3814 2924 3868 voluntas
2973 3810 3156 3866 studio
3203 3809 3421 3864 virtutis
3464 3809 3572 3862 im-

1994 3913 2154 3983 pulsa
2186 3910 2404 3965 ditlicile
2447 3918 2612 3979 atque
2657 3920 2913 3976 asperum
2964 3905 3089 3958 vitae
3134 3917 3306 3970 genus
3359 3901 3570 3970 arripit.

1994 4002 2113 4057 Jam
2151 4001 2541 4057 veroexistunt
2608 3998 2772 4053 etiam
2812 3995 3103 4065 aliquando
3148 3992 3414 4057 nonnulli,
3449 3991 3572 4062 qui,

1997 4094 2052 4149 in
2079 4093 2234 4164 pejus
2264 4091 2617 4160 deteriusque
2637 4088 2899 4159 prolapsi,
2926 4083 3227 4140 naturalem
3253 4098 3413 4137 usum
3444 4098 3571 4136 cum

1996 4202 2084 4250 eo,
2122 4201 2284 4255 quem
2326 4184 2549 4237 horreat
2582 4191 2799 4248 natura,
2831 4185 3188 4242 commutent,
3236 4190 3416 4231 mares
3446 4191 3572 4230 cum

1998 4278 2242 4333 maribus
2297 4275 2509 4329 libidini
2560 4273 2877 4329 foedissimae
2928 4269 3292 4339 indulgentes.
3324 4266 3400 4321 Ita
3436 4268 3593 4347 ratio‘

1998 4385 2108 4425 non
2143 4384 2355 4439 semper
2397 4375 2606 4421 natura:
2634 4365 2795 4430 cedit,
2825 4362 2920 4418 sed
2966 4360 3019 4414 in
3056 4360 3333 4429 plerisque
3368 4357 3571 4421 vincit,

314 4484 632 4556 κινούμενα,
662 4480 1014 4554 συμϐατικῶς
1066 4479 1125 4532 δὲ
1170 4480 1304 4549 ἡμῖν
1347 4477 1778 4548 προσπίπτοντα,
1802 4475 1889 4528 τά-

2001 4462 2384 4531 interdumque
2412 4460 2670 4522 vincitur,
2703 4472 2767 4510 ac
2800 4454 2964 4508 modo
2989 4453 3176 4517 trahit,
3213 4450 3379 4505 modo
3410 4449 3575 4505 vicis-

318 4593 485 4651 ραχον
516 4576 579 4630 οὐ
605 4576 698 4631 τὸν
718 4573 950 4645 τυχόντα
985 4569 1065 4642 τῷ
1084 4571 1206 4625 καθ’
1244 4570 1393 4641 ἡμᾶς
1434 4566 1763 4638 αὐτεξουσίῳ
1808 4566 1896 4620 διὰ

315 4671 417 4738 τὴν
446 4667 582 4741 πρὸς
603 4666 665 4721 τὸ
711 4665 870 4736 σῶμα
912 4661 1232 4734 συμπλοκὴν
1280 4658 1615 4731 παρέσχηκε,
1660 4656 1759 4727 τῆς
1787 4653 1896 4707 τῶν

316 4759 601 4832 ἡμετέρων
628 4756 896 4827 σωμάτων
933 4753 1148 4825 φύσεως
1183 4751 1284 4816 τὰς
1334 4749 1444 4813 τῶν
1482 4746 1679 4813 ἔξωθεν
1709 4749 1899 4816 ἐπιφο-

321 4853 419 4923 ρὰς
448 4852 550 4921 οὐχ
568 4846 963 4919 ὑπομενούσης,
989 4843 1366 4918 κρατουμένης
1395 4841 1452 4894 δὲ
1475 4841 1568 4894 καί¹
1593 4838 1900 4909 νικωμένης

318 4942 427 4996 ὑπὸ
468 4940 575 4994 τῶν
613 4940 768 5003 ἐκτὸς
812 4937 954 4991 κατά
978 4936 1139 5007 φύσιν
1189 4933 1391 4987 οἰκείαν
1445 4928 1895 4999 ἐπιτελουμένων.

317 5033 489 5089 Πάλιν
520 5048 580 5085 τε
624 5025 714 5094 αὗ,
769 5027 960 5099 ἐπειδὴ
997 5026 1134 5098 μετὰ
1172 5023 1439 5078 πλείστων
1480 5021 1689 5093 ἀνδρῶν
1716 5018 1900 5073 ποιού-

322 5124 461 5195 μεθα
490 5122 590 5188 τὰς
618 5120 921 5194 διατριϐὰς,
943 5120 994 5172 οἰ
1044 5117 1102 5171 δὲ
1148 5116 1244 5171 καὶ
1279 5115 1438 5168 αὐτοὶ
1473 5113 1575 5184 τῆς
1603 5114 1728 5181 ἴσης
1768 5112 1900 5181 ἡμῖν

317 5217 574 5287 λαχόντες
609 5214 814 5279 οὐσίας,
861 5212 922 5264 τὸ
973 5209 1057 5280 ἐφ’
1086 5210 1218 5280 ἡμῖν
1268 5207 1450 5270 αὐτοῖς
1486 5206 1580 5258 ἐπὶ
1630 5204 1732 5274 τῆς
1766 5202 1901 5266 ἰδίας

295 5309 309 5426 ξ
400 5341 429 5370 ι
460 5329 556 5401 Γρ.
584 5328 710 5383 add.
738 5326 865 5398 ῆδη.

394 5419 504 5491 (61)
545 5417 1034 5491 Ἀλίᾳκεσθᾳιηίᾶ
1075 5423 1177 5491 est,
1209 5411 1562 5491 ἐλέγχεσθαι,
1591 5407 1899 5491 φαίνεσθαι,

322 5480 792 5559 ἀποδείκνύεσθαι,
830 5486 1087 5559 τῷλόγῳ
1119 5480 1423 5559 αἱρεῖσθαι,
1452 5483 1537 5537 vel
1690 5480 1902 5559 ἀνάγκῃ

324 5559 662 5627 ἐλέγχεσθαι.
692 5550 826 5612 Nam
862 5550 892 5611 ό
920 5550 1076 5626 λόγος
1107 5550 1270 5627 αἰρεί,
1312 5555 1364 5627 id
1388 5550 1664 5627 est,_ratio
1695 5550 1904 5627 congiu-

324 5617 440 5692 σὶιξ
454 5617 677 5701 ’ἀνάγκη
728 5627 937 5701 ἐλέγχει
952 5617 1295 5701 ,Αὲιεξεεέᾳνίσ
1301 5695 1311 5701 _
1333 5623 1606 5701 fatendum
1633 5629 1746 5701 ‘est.
1780 5617 1904 5697 Ἠε-

327 5686 503 5755 rodet.
528 5686 621 5752 lib.
658 5686 721 5760 ἡ,
752 5714 806 5768 p.
830 5686 1029 5768 ΪῙΠ).
1054 5698 1109 5768 gi,
1137 5694 1240 5748 Τὸν
1268 5686 1421 5768 δὲ’δη
1443 5690 1694 5768 ποταμὸν
1715 5686 1903 5768 τοῦτον

320 5774 417 5825 τὸν
443 5756 950 5841 παραρρέοντα,καί
978 5756 1234 5839 ἐτέαρχον
1263 5756 1613 5817 συνεϐάλλετο
1647 5756 1784 5813 εἶναι
1814 5760 1903 5810 τὸν

1999 4556 2101 4612 sim
2141 4554 2374 4608 trahitur
2411 4570 2425 4606 :
2479 4552 2613 4605 adeo
2634 4557 2693 4603 ut
2727 4548 2770 4601 si
2806 4545 3027 4617 quando
3062 4543 3426 4614 perniciosam
3456 4539 3575 4596 fore

1997 4647 2165 4701 vitam
2197 4644 2434 4708 duxerit,
2464 4643 2719 4696 homines
2743 4640 2860 4711 ipsa
2896 4651 3290 4706 nonnunquam
3317 4633 3574 4689 manibus

1999 4736 2246 4806 corporis
2274 4750 2392 4790 sese
2427 4733 2660 4788 vinculis
2692 4739 2818 4786 ante
2853 4740 3067 4798 tempus
3122 4726 3377 4797 expedire
3408 4740 3575 4781 cone-

1998 4838 2109 4884 tur.
2142 4827 2487 4898 Quanquam,
2529 4825 2574 4880 si
2620 4840 2742 4878 cum
2788 4822 3009 4892 propria
3035 4821 3299 4875 duntaxat
3329 4815 3574 4887 corporis

1998 4930 2193 4976 natura
2225 4916 2541 4974 luctandum
2571 4916 2673 4986 ipsi
2726 4914 2887 4978 foret,
2932 4913 3143 4967 modica
3173 4922 3320 4966 certe
3347 4910 3568 4981 quidem

2000 5021 2148 5069 esset
2180 5013 2284 5067 ista
2324 5008 2620 5064 contentio.
2656 5007 2811 5063 Nunc
2846 5014 3060 5073 autem,
3109 5020 3233 5060 cum
3285 5003 3429 5058 Deus
3462 5002 3569 5056 hu-

2001 5118 2178 5159 manae
2211 5101 2333 5155 vitae
2364 5100 2625 5164 rationes,
2655 5114 2780 5154 cum
2815 5097 2937 5152 aliis
2968 5097 3242 5166 plerisque
3262 5135 3279 5161 ,
3321 5093 3400 5147 uti
3446 5106 3571 5147 cum

2003 5197 2133 5252 feris
2169 5192 2561 5262 venenatisque
2617 5190 2985 5260 serpentibus,
3029 5188 3350 5259 conjunctas
3398 5183 3450 5239 ei
3511 5197 3577 5237 ac

2004 5402 2211 5455 Νεῖλον·
2228 5402 2320 5455 καὶ
2336 5400 2400 5470 δὴ
2416 5398 2512 5452 καὶ
2527 5399 2555 5450 ό
2569 5396 2728 5472 λόγος
2741 5392 2912 5472 οῦτως
2923 5392 3134 5472 ἀίρέει,
3149 5389 3204 5472 id_
3220 5393 3464 5472 ςξῑλῐιιῐΐρ
3484 5398 3576 5472 rae

2005 5454 2096 5528 tio,
2112 5454 2405 5539 etiam’ipsa
2423 5454 2723 5539 convincit;
2740 5454 2903 5539 Idem
2921 5454 3073 5539 ibid._
3089 5454 3144 5539 pi.
3184 5460 3286 5514 109
3306 5457 3369 5539 ρ,
3388 5454 3497 5508 Ἦν
3509 5454 3576 5539 ἀν

2003 5524 2072 5595 τι⁷
2103 5524 2339 5596 τοιοῦτον
2362 5524 2526 5594 οὐδὲν
2545 5579 2558 5603 ,
2587 5537 2662 5599 ὡς
2694 5538 2727 5606 ή
2772 5533 2983 5606 ἀνάγκη
3029 5524 3268 5606 ὲλέγχειξ
3294 5524 3575 5606 Ejusmodi

2005 5623 2135 5667 esset
2163 5611 2315 5675 nihil,
2333 5622 2390 5664 ut
2412 5599 3137 5675 ηεεεέεανίαἐιάςοδεικτική
3161 5601 3304 5675 ratio
3333 5599 3542 5666 probat.

2078 5682 2188 5753 (62)
2215 5670 2814 5753 Προσᾳναγκάζουσα.
2845 5671 3005 5753 Fgrte
3031 5670 3249 5753 legend.
3271 5679 3585 5753 πρρσαναγ-.

2006 5736 2292 5818 κασθέίσοῖ,
2310 5751 2414 5806 nisi
2431 5736 2727 5806 subaudias
2748 5743 2809 5798 τὸ
2841 5740 3024 5812 σῶμα,
3050 5736 3135 5795 vel
3153 5739 3245 5794 τὸν
3270 5736 3573 5806 ἄνθρωπον.
