3856 6224
322 313 424 369 σεδ
919 305 1189 365 EUSEBII
1220 303 1697 362 CESABIENSIS
1732 304 1887 362 OPP.
1931 302 2116 360 PARS
2145 302 2209 360 ll.
2249 334 2319 347 --
2364 303 2864 363 APOLOGETICA.
3477 310 3582 364 424

323 428 615 502 permistas
642 441 767 483 esse
796 425 1064 481 voluerit:
1097 439 1223 480 cum
1258 424 1403 480 inter
1434 423 1636 495 ignem,
1669 438 1882 495 aquam1

1994 421 2245 489 ἐξουσίας
2270 421 2657 496 ἀποφέρονται,
2715 422 3064 498 ἐλευθέρᾳτῇ
3105 423 3255 495 σφῶν
3301 422 3580 500 χρώμενοι

322 530 376 577 et
410 518 808 578 circumfusum
858 530 1077 580 aerem,
1128 515 1361 585 illasque
1402 524 1630 570 naturas
1679 529 1882 579 omnes,

1994 512 2316 587 προαιρέσει
2339 513 2512 589 ταύτῃ
2529 516 2692 572 πάλιν
2714 517 2940 582 εἰκότως
2957 518 3052 572 ml.
3068 520 3190 582 ταῖς
3212 518 3416 591 ἐτέρων
3441 518 3580 588 γνὼ-

324 623 434 668 tam
483 611 664 668 varias
706 619 924 677 tamque
968 607 1319 678 multiplices,
1360 622 1486 678 quae
1534 607 1728 663 iisdem
1786 606 1896 662 ele-

321 705 519 760 mentis
551 702 919 767 continentur,
949 699 1134 755 sedem
1175 699 1278 770 ipsi
1306 698 1758 769 domiciliumque
1783 706 1896 754 sta-

321 794 522 850 tuerit:
554 793 756 846 mirum
782 788 1027 860 profecto
1056 803 1165 843 non
1193 799 1296 857 est,
1339 790 1387 844 si
1430 804 1539 844 non
1580 790 1742 844 modo
1767 804 1892 845 cum

318 885 542 957 propria
566 884 969 954 conjunctaque
994 896 1185 937 secum
1214 881 1460 952 ejusdem
1505 880 1750 951 corporis
1787 896 1888 935 na—

319 992 464 1045 tura,
519 993 641 1049 quae
684 976 799 1033 suis
852 975 1066 1045 legibus
1103 974 1222 1044 ipsa
1259 971 1414 1039 vivit,
1456 986 1620 1041 grave
1657 985 1723 1025 ac
1757 970 1895 1025 ditii-

317 1072 421 1130 cile
447 1080 720 1127 certamen
767 1069 966 1132 instet,
1007 1082 1200 1122 verum
1241 1066 1405 1119 etiam
1451 1078 1577 1118 cum
1618 1065 1892 1120 sexcentis

322 1160 445 1216 aliis
474 1159 817 1216 extrinsecus
862 1155 1266 1225 ingruentibus,
1305 1153 1446 1208 inter
1481 1168 1604 1222 quae
1642 1154 1890 1208 mortalis

319 1255 486 1307 homo
553 1251 774 1312 vivere,
826 1245 1492 1317 summaqueljtolerantia
1538 1244 1648 1299 vim
1696 1259 1889 1299 eorum

317 1343 588 1398 sustinere
616 1347 862 1411 cogatur.
893 1338 1185 1393 Enimvero
1226 1347 1377 1394 certa
1409 1351 1628 1406 quoque
1666 1345 1781 1390 tum
1809 1328 1890 1392 ci-'

314 1436 507 1490 borum
546 1431 911 1502 quorumdam
939 1438 1169 1495 natura,
1217 1436 1331 1482 tum
1372 1426 1496 1482 coeli
1538 1426 1883 1495 temperatio;

312 1526 395 1580 vis
422 1525 552 1579 item
576 1522 842 1593 frigorum
867 1532 1143 1591 aestusque
1165 1520 1501 1591 ﬂagrantior,
1530 1517 1742 1587 aliaque
1766 1532 1879 1587 per-

313 1618 506 1683 multa,
538 1624 595 1671 ut
621 1615 927 1685 peculiares
960 1612 1225 1682 quasdam
1258 1620 1577 1680 naturaeque
1611 1624 1726 1664 suae
1754 1624 1883 1678 pro-

314 1709 463 1780 prias
490 1707 726 1762 habeant
754 1715 935 1760 motus
960 1706 1043 1760 sui
1076 1705 1338 1769 rationes,
1367 1704 1495 1759 dum
1540 1712 1722 1757 tamen
1750 1717 1880 1757 casu

1998 623 2127 676 μαις
2172 605 2594 677 ὐποκεισόμεθα,
2642 605 2739 660 τοῦ
2776 606 2957 661 αὐτῶν
2982 608 3204 662 ἐκείνων
3222 608 3576 675 αὐτεξουσίου

1994 692 2097 753 ὧδέ
2127 716 2246 764 πως
2270 701 2401 771 ἡμῖν
2435 701 2578 755 κατὰ
2624 700 2719 756 τοῦ
2760 700 3011 773 σώματος
3040 699 3075 772 ἢ
3107 701 3237 774 περὶ
3270 701 3370 775 τὴν
3395 702 3578 774 ψυχὴν

1993 791 2296 863 χρωμένου.
2338 792 2548 864 Ὥσπερ
2596 792 2706 864 γὰρ
2761 789 2794 860 ἡ
2853 790 2948 846 τοῦ
3004 790 3254 864 σώματος
3280 793 3437 865 ήμῶν
3469 793 3575 865 cpti-

1994 899 2079 946 σις
2108 884 2324 937 νικᾶται
2371 882 2629 946 πολλάκις
2664 882 2804 955 πρὸς
2844 882 2953 936 τῶν
2998 881 3196 949 ἔξωθεν
3238 884 3575 938 ὑποπιπτόν-

1991 991 2132 1041 των,
2195 973 2367 1039 οὕτως
2429 970 2580 1029 ἐστίν
2642 974 2734 1028 ὅτε
2783 974 2878 1028 ml.
2936 974 3274 1047 προαίρεσις,
3321 975 3425 1029 ὑπὸ
3465 993 3572 1047 μυ-

1993 1067 2124 1137 ρίων
2146 1065 2343 1132 ἔξωθεν
2387 1066 2744 1139 ἐνοχλουμένη
2789 1066 3182 1138 προαιρέσεων,
3239 1066 3573 1139 αὐτεξουσίῳ

1989 1159 2182 1232 γνώμῃ
2218 1160 2522 1225 πεισθεῖσα,
2559 1159 2758 1229 ἑαυτὴν
2781 1162 2897 1224 τοῖς
2925 1158 3123 1225 ἔξωθεν
3149 1159 3424 1214 ἐπιδίδωσι
3441 1176 3456 1190 ⁸
3475 1160 3573 1214 καὶ

1988 1252 2111 1305 τοτὲ
2142 1253 2241 1323 μὲν
2270 1252 2494 1323 βελτίων
2513 1292 2528 1316 ,
2572 1253 2695 1306 τοτὲ
2731 1252 2789 1306 δὲ
2824 1253 3023 1324 χείρων
3065 1252 3434 1307 ἀποτελεῖται·
3460 1247 3570 1307 οἶδε

1986 1345 2098 1417 γὰρ
2119 1343 2375 1397 συνουσία
2402 1342 2579 1415 φαύλη
2606 1343 2886 1409 κακύνειν,
2912 1343 3102 1416 ὥσπερ
3134 1339 3201 1399 αὖ
3244 1344 3407 1398 πάλιν
3441 1347 3570 1400 τού-

1986 1433 2196 1489 ναντίον
2212 1434 2384 1486 ποιεῖν
2399 1432 2654 1503 ἀμείνους
2668 1432 2774 1487 τῶν
2807 1432 2985 1487 καλῶν
3006 1433 3213 1504 ὁμιλία.
3252 1435 3572 1503 Φθείρουσι

1987 1526 2097 1597 γὰρ
2120 1525 2235 1594 ἢθη
2259 1526 2495 1595 χρηστὰ
2546 1526 2771 1594 ὁμιλίαι
2816 1525 3000 1581 κακαί
3039 1525 3186 1597 (63)°
3236 1525 3424 1599 ὥσπερ
3473 1523 3571 1582 οὖν

1985 1620 2079 1674 ml.
2109 1619 2336 1684 σώζουσι
2365 1617 2796 1689 βελτιοῦσαιτῶν
2814 1617 3038 1686 ἀγαθῶν
3057 1620 3113 1674 αί
3139 1619 3436 1673 συνουσίαι.
3454 1620 3569 1675 Καὶ

1984 1712 2158 1781 λόγοις
2195 1713 2291 1784 μὲν
2326 1714 2358 1783 ἡ
2392 1712 2582 1783 λογικὴ
2605 1712 2707 1782 τῆς
2736 1711 2914 1782 ψυχῆς
2940 1710 3168 1783 δύναμις
3213 1712 3324 1767 τῶν
3368 1712 3569 1780 ἔξωθεν

312 1776 418 1857 nos
452 1801 737 1865 invadunt,
772 1798 1239 1869 perturbationem
1271 1794 1510 1850 libertati
1545 1804 1749 1849 nostrae
1772 1809 1881 1849 non

1991 1776 2487 1872 ἐπισυμϐαινόντων
2515 1776 2622 1855 ὦδὲ
2934 1776 3322 1872 τῇδε-φέρεται
3341 1816 3353 1828 '
3392 1776 3567 1871 ἰσχύει

312 1893 590 1964 vulgarem
633 1889 827 1945 aﬂ‘erre
864 1889 1061 1953 solent,
1112 1889 1342 1958 propter
1368 1887 1560 1941 initam
1608 1887 1712 1943 sibi
1755 1902 1880 1942 cum

312 1998 544 2055 corpore
591 1984 931 2046 societatem,
968 1981 1126 2051 cujus
1172 1990 1364 2035 natura
1405 1995 1590 2035 rerum
1631 1988 1883 2033 externa—

312 2091 434 2132 rum
458 2077 696 2146 impetus
717 2074 861 2130 ferrc
882 2088 989 2128 non
1012 2080 1211 2143 potest,
1239 2071 1333 2127 sed
1360 2072 1428 2126 ab
1453 2071 1521 2127 iis
1546 2086 1710 2141 saepe,
1739 2078 1882 2124 tam-

313 2168 417 2224 etsi
446 2178 657 2225 naturae
683 2184 797 2223 sua:
829 2167 884 2222 vi
922 2167 1074 2232 ﬁant,
1114 2167 1341 2221 omnino
1392 2178 1702 2235 superatur.
1738 2163 1882 2218 Prm-

312 2271 483 2330 terea,
516 2261 779 2333 quoniam
819 2259 1013 2327 degere
1038 2274 1139 2313 nos
1165 2266 1384 2328 oportet
1408 2259 1729 2327 versarique
1756 2273 1879 2313 cum

312 2351 605 2423 plurimis,
651 2350 800 2420 iique
843 2350 1076 2406 similem
1126 2356 1330 2403 nostra:
1367 2348 1546 2403 sortiti
1591 2357 1879 2416 naturam,

312 2445 460 2516 quod
511 2451 717 2500 nostra:
748 2442 1025 2498 facultatis
1065 2447 1178 2507 est,
1222 2456 1324 2497 sua
1356 2439 1459 2509 ipsi
1499 2438 1755 2494 auferunt
1778 2454 1879 2510 po-

310 2544 528 2604 testate,
560 2534 773 2591 arbitrii
806 2534 891 2590 sui
921 2533 1170 2589 libertate
1200 2531 1287 2588 usi
1313 2546 1328 2585 :
1358 2532 1417 2585 tit
1449 2531 1634 2595 etiam,
1668 2540 1726 2586 ut
1753 2531 1883 2585 alie.

310 2643 398 2684 me
428 2627 596 2684 simul
622 2627 889 2682 voluntati
922 2625 1370 2689 succumbamus,
1401 2623 1531 2678 dum
1564 2622 1681 2692 ipsa
1721 2623 1882 2678 nobis

312 2723 462 2779 hunc
508 2723 563 2777 in
604 2722 826 2777 modum
854 2720 942 2775 vel
980 2734 1206 2790 corpore
1252 2718 1339 2775 νει
1386 2719 1734 2774 animotenus
1780 2717 1879 2772 ab-

311 2816 502 2871 utitur.
535 2814 1001 2882 Quemadmodum
1027 2813 1171 2869 enim
1198 2812 1266 2867 ab
1302 2812 1371 2867 iis
1393 2827 1516 2882 quae
1542 2812 1882 2867 extrinsecus

310 2908 588 2974 eveniunt,
642 2905 889 2977 corporis
938 2921 1080 2976 saepe
1121 2903 1296 2960 nostri
1362 2914 1557 2959 natura
1612 2903 1877 2971 vincitur,

308 2998 388 3053 ita
433 2998 687 3053 voluntas
734 2996 852 3068 ipsa
897 3011 1291 3067 nonnunquam
1347 2996 1615 3051 sexcentis
1648 2995 1880 3050 aliorum

311 3089 664 3157 opinionibus
726 3088 1126 3158 sententiisque
1194 3086 1428 3157 iactata,
1509 3096 1701 3157 sponte
1754 3086 1881 3141 licet

310 3177 477 3250 249
500 3178 838 3247 arbitrioque
863 3191 997 3242 suo,
1030 3176 1297 3231 voluntati
1324 3185 1506 3229 tamen
1545 3173 1881 3229 obseeundat

312 3270 521 3325 alienae.
559 3268 639 3323 lta
674 3269 867 3323 melior
909 3268 1025 3338 ipsa
1054 3267 1236 3334 modo,
1268 3266 1431 3321 modo
1458 3266 1693 3320 deterior
1710 3263 1880 3319 eﬂici-

308 3372 420 3418 tur.
459 3358 836 3443 improborum
864 3359 1009 3414 enim
1031 3357 1424 3414 consuetudine
1451 3357 1641 3411 vitium
1671 3365 1884 3411 contra-

315 3452 531 3517 himus,
578 3450 1037 3522 quemadmodum
1060 3447 1326 3505 eilicimur
1352 3448 1650 3518 proborum
1683 3463 1785 3503 usu
1817 3462 1882 3503 ac

312 3545 573 3600 societate
615 3542 890 3597 meliores.
959 3539 1314 3610 Corrumpunt
1348 3539 1488 3593 enim
1524 3554 1693 3592 mores
1722 3539 1881 3592 bonos

310 3634 572 3705 colloquia
603 3632 746 3688 mala
759 3634 803 3665 ³⁸
829 3651 844 3688 :
875 3630 1098 3703 perinde
1121 3631 1398 3695 nimirum,
1417 3629 1496 3683 uti
1520 3627 1757 3682 virorum
1786 3629 1883 3683 bo-

310 3741 506 3781 norum
538 3718 864 3796 congressus
906 3723 1163 3777 virtutem
1206 3721 1364 3775 nobis
1391 3719 1596 3789 pariter
1622 3718 1881 3773 salutem-

310 3829 419 3885 que
447 3814 721 3870 conciliat.
782 3811 1004 3877 Verum,
1038 3819 1099 3865 ut
1141 3809 1308 3865 animi
1337 3808 1568 3864 facultas
1598 3808 1687 3861 illa
1716 3808 1883 3862 ratio-

310 3908 399 3963 nis
433 3921 658 3977 compos
679 3947 694 3973 ,
748 3905 942 3960 alienis
988 3919 1131 3974 saepe
1178 3902 1360 3957 verbis
1389 3910 1552 3972 atque
1578 3901 1881 3956 rationibus

312 3998 420 4053 huc
464 3997 703 4066 illucque
744 4004 992 4051 versetur
1039 4013 1053 4050 :
1091 3994 1259 4049 vincit
1309 4003 1492 4048 tamen
1542 4008 1641 4048 sua
1684 3992 1883 4046 virtute

313 4102 737 4157 nonnunquam,
806 4087 1026 4156 vimque
1090 4086 1249 4155 plane
1305 4085 1543 4140 divinam
1600 4084 1878 4149 ostendit;

311 4180 528 4249 quoties
569 4180 832 4233 adversus
882 4187 1136 4233 externos
1185 4176 1420 4233 assultus
1472 4190 1662 4230 omnes
1710 4173 1880 4229 obfir-

315 4277 459 4320 mata
489 4305 504 4333 ,
564 4274 994 4337 cunctornmque
1043 4267 1214 4321 libera
1249 4265 1486 4336 quadam
1540 4266 1881 4335 ingenuaque

310 4358 617 4414 constantia
652 4358 871 4423 victrix,
915 4357 1052 4411 nihil
1083 4373 1309 4426 nsquam
1356 4357 1554 4411 virium
1598 4358 1879 4413 remittens

1986 1895 2044 1948 δὲ
2076 1895 2236 1949 πάλιν
2259 1894 2436 1949 οἰκεία
2462 1894 2555 1947 καὶ
2586 1893 2810 1963 λογικῆς
2831 1892 3021 1956 οὐσίας
3042 1891 3241 1964 ἀρετὴ,
3287 1891 3383 1946 καὶ
3416 1890 3565 1945 θείαν

1986 1984 2062 2050 ὡς
2112 1985 2329 2057 ἀληθῶς
2365 1986 2461 2039 καὶ
2511 1984 2719 2055 θεοειδῆ
2748 1982 2847 2055 τὴν
2889 1982 3118 2053 δύναμιν
3166 1982 3561 2036 ἐπιδείκνυται·

1986 2079 2067 2131 ὅτι
2094 2088 2120 2116 ι
2152 2077 2288 2150 πρὸς
2321 2077 2498 2130 πάντα
2518 2076 2586 2130 τὰ
2613 2076 2770 2141 ἐκτὸς
2796 2076 3118 2146 άντέχουσα,
3143 2076 3239 2129 καὶ
3280 2075 3352 2130 τὰ
3387 2075 3566 2130 πάντα

1988 2171 2257 2244 ἐλευθέρῳ
2289 2172 2596 2243 φρονήματι
2623 2168 2994 2240 ὐπερνικῶσα,
3018 2167 3154 2239 πρὸς
3182 2167 3331 2222 οὐδὲν
3348 2167 3447 2239 τῆς
3487 2169 3566 2222 οἱ·

1987 2263 2139 2327 κείας
2172 2263 2375 2335 ἀρετῆς
2417 2261 2682 2332 ὐφιεμένη
2702 2302 2718 2327 ,
2754 2260 3064 2330 φιλοσοφεῖν
3097 2258 3561 2332 παρεσκεύασται.

1991 2355 2129 2408 Ὅσα
2150 2370 2215 2421 γε
2240 2352 2344 2424 μὴν
2380 2352 2490 2425 (64)
2523 2353 2797 2424 ὀλιγωρεῖ,
2825 2351 2931 2405 ὐπὸ
2950 2350 3061 2405 τῶν
3082 2350 3341 2422 χειρόνων
3364 2350 3430 2404 τὰ
3453 2349 3565 2421 χεί-

1988 2461 2146 2517 ριστα
2177 2443 2492 2509 διατίθεται,
2515 2442 2704 2514 ὥσπερ
2730 2437 2822 2495 οὖν
2849 2441 2943 2495 καὶ
2973 2439 3291 2511 βελτιοῦται,
3308 2441 3406 2512 τῆς
3428 2438 3565 2493 ἔσω-

1987 2537 2079 2592 θεν
2113 2536 2456 2607 τυγχάνουσα
2500 2533 2838 2606 ὲπιμελείας.
2869 2534 2936 2588 Τί
2976 2533 3081 2605 χρὴ
3104 2534 3282 2602 λέγειν
3316 2535 3412 2588 ἐπὶ
3438 2532 3563 2587 τού-

1985 2646 2119 2693 τοις,
2138 2627 2215 2691 ῶς
2248 2627 2342 2681 καὶ
2375 2625 2538 2697 φοραὶ
2583 2626 2680 2680 ml.
2730 2623 2951 2695 άφορίαι
2998 2624 3215 2677 τοιῶνδε
3259 2623 3447 2694 ψυχῶν
3468 2623 3563 2677 καὶ

1988 2720 2275 2791 σωμάτων,
2300 2717 2442 2773 κατά
2465 2734 2588 2771 τινα
2608 2717 2944 2789 περίπτωσιν
2964 2716 3179 2780 οίκείως
3205 2718 3272 2787 τῇ
3304 2715 3399 2770 τοῦ
3422 2734 3562 2770 πανο

1985 2812 2075 2875 τὸς
2104 2809 2367 2880 διοικήσει
2400 2805 2834 2878 συντελούμεναι,
2860 2801 2943 2877 ⁵εὖ
2973 2822 3035 2858 τε
3067 2805 3163 2858 ml.
3201 2804 3379 2878 ὀρθῶς
3404 2805 3561 2876 ἔχου-

1989 2918 2079 2956 σαι
2113 2899 2192 2971 τῷ
2217 2902 2402 2965 παντὶ,
2422 2900 2680 2971 πλείστην
2700 2899 2831 2970 ὅσην
2858 2900 2970 2963 τοῖς
2993 2899 3136 2954 κατὰ
3170 2898 3355 2969 μέρος,
3378 2898 3474 2953 ml.
3497 2897 3561 2969 δὴ

1987 2995 2080 3048 καὶ
2093 2996 2203 3057 τοῖς
2223 2993 2308 3062 ἐφ’
2329 2996 2458 3065 ἡμῖν
2477 2993 2731 3056 παντοίας
2746 2992 3012 3062 κινήσεως
3037 2990 3355 3062 περιουσίαν
3369 2991 3563 3059 ἀπειρ-

1985 3086 2253 3155 γάσαντο;
2283 3086 2425 3139 Πᾶσι
2474 3084 2532 3138 δὲ
2587 3082 2815 3138 καθόλου
2866 3083 2981 3146 τοῖς
3007 3078 3125 3136 οὖσι
3150 3120 3165 3147 ,
3200 3082 3314 3145 τοῖς
3337 3097 3401 3134 τε
3429 3090 3561 3152 παρ’

1982 3179 2129 3249 ἡμᾶς
2157 3176 2480 3247 γινομένοις,
2511 3176 2605 3230 καὶ
2631 3175 2780 3247 παρὰ
2802 3174 2899 3247 τὴν
2935 3173 3209 3247 ἡμετέραν
3235 3171 3433 3240 αἰτίαν,
3468 3170 3563 3228 καὶ

1981 3272 2096 3334 τοῖς
2123 3267 2321 3335 ἔξωθεν
2346 3266 2490 3322 κατὰ
2518 3266 2863 3339 συμϐεϐηκὸς
2878 3264 3113 3330 ἐπιοῦσι,
3147 3268 3262 3329 τοῖς
3298 3282 3359 3319 τε
3402 3281 3591 3342 φυσιχ

1982 3360 2093 3425 κῶς
2123 3359 2551 3431 ὲνεργουμένοις,
2590 3356 2689 3429 μία
2720 3355 3002 3428 παναλκὴς
3027 3356 3122 3410 ml.
3154 3355 3561 3427 παντοδύναμος

1981 3454 2263 3507 ἐπιστατεῖ
2289 3454 2323 3523 ἡ
2351 3448 2439 3503 διὰ
2456 3450 2671 3504 πάντων
2697 3449 3135 3521 ὲπιπορευομένη
3148 3448 3243 3503 τοῦ
3268 3446 3403 3502 Θεοῦ
3430 3448 3562 3520 πρό-

1982 3561 2122 3609 νοια,
2154 3544 2188 3616 ἢ
2219 3543 2315 3597 ml.
2344 3541 2413 3596 τὰ
2446 3542 2674 3596 πλεῖστα
2707 3540 3004 3614 θειοτέροις
3035 3542 3166 3613 ἡμῖν
3206 3558 3266 3594 τε
3301 3541 3562 3612 ἀρρήτοις

1980 3637 2255 3705 οἰκονομεῖ
2302 3633 2502 3702 λόγοις,
2558 3633 2792 3703 εὐηνίως
2848 3632 2909 3687 τὸ
2965 3633 3075 3685 πᾶν
3122 3629 3556 3702 διακυϐερνῶσα,

1983 3726 2153 3781 πολλά
2180 3743 2240 3780 τε
2292 3725 2385 3779 καὶ
2408 3724 2515 3778 τῶν
2544 3726 2687 3779 κατὰ
2709 3725 2868 3795 φύσιν
2912 3725 3008 3780 ἐπὶ
3038 3724 3100 3780 τὸ
3123 3724 3399 3797 προσῆκον
3447 3727 3558 3789 τοῖς

1980 3824 2192 3893 καιροῖς
2225 3820 2700 3893 μετασκευάζουσα
2716 3861 2734 3887 ,
2793 3820 3129 3892 συνεργοῦσά
3164 3838 3224 3875 τε
3279 3820 3374 3874 ml.
3417 3836 3557 3890 συμ-

1982 3914 2294 3986 πράττουσα
2322 3915 2436 3977 τοῖς
2465 3913 2550 3983 ἐφ’
2580 3914 2733 3983 ἡμῖν,
2758 3913 2854 3966 καὶ
2895 3915 3007 3976 τοῖς
3034 3914 3192 3977 ἐκτὸς
3217 3912 3381 3966 πάλιν
3415 3929 3557 3983 συμ-

1981 4007 2224 4061 ϐαίνουσι
2247 4007 2345 4078 τὴν
2377 4006 2601 4060 δέουσαν
2636 4006 2789 4073 τάξιν
2812 4007 3183 4078 άπονέμουσα.
3226 4006 3442 4062 Τούτων
3475 4008 3557 4070 είς

1979 4099 2105 4171 τρία
2147 4098 2335 4151 τοῦτον
2370 4098 2713 4170 διῃρημένων
2733 4098 2825 4152 τὸν
2872 4099 3101 4170 τρόπον,
3154 4097 3237 4162 είς
3280 4114 3342 4151 τε
3369 4097 3440 4154 τὰ
3466 4097 3555 4168 ἐφ’

1978 4192 2133 4261 ἡμῖν,
2168 4191 2264 4244 ml.
2309 4189 2377 4243 τὰ
2424 4189 2567 4244 κατὰ
2607 4191 2769 4260 φύσιν
2829 4191 3114 4261 γινόμενα,
3173 4190 3244 4243 τά
3303 4207 3363 4243 τε
3415 4188 3558 4245 κατὰ

1981 4281 2327 4352 συμϐεϐηκὸς
2348 4322 2363 4347 ,
2399 4282 2617 4337 πάντων
2658 4300 2720 4336 τε
2770 4284 2852 4352 ἐφ’
2876 4283 2973 4337 ἕνα
3003 4282 3160 4351 λόγον
3195 4281 3290 4335 τὸν
3330 4284 3393 4335 ὲκ
3417 4279 3555 4337 Θεοῦ

1983 4374 2177 4446 βουλῆς
2208 4375 2792 4446 ἀνακεφαλαιουμὲνων
2812 4392 2825 4407 ο
2864 4374 3096 4446 οὐδαμοῦ
3129 4374 3226 4446 μὲν
3253 4376 3282 4428 ὁ
3319 4374 3449 4447 περὶ
3486 4375 3557 4428 εί-

313 4462 537 4505 suarum
562 4487 576 4512 ,
611 4448 679 4502 ad
706 4442 1447 4518 strenue'phiIOSOphandum
1498 4464 1619 4504 sese
1652 4464 1875 4519 compa-

1987 4442 2269 4536 μαρμένης
2284 4442 2465 4538 χώραν
2486 4464 2597 4531 ἕξει
2617 4442 2801 4534 λόγος.
2828 4442 3043 4519 Γένοιτο
3069 4464 3113 4518 δ’
3130 4442 3204 4520 ⁷ἂν
3226 4466 3357 4536 ἡμῖν
3388 4442 3555 4537 εὑρη-

314 4546 416 4593 rat.
471 4537 629 4605 Quod
661 4538 902 4594 studium
937 4540 1067 4594 dum
1106 4540 1223 4610 ipsa
1253 4540 1493 4611 negligit,
1524 4556 1557 4595 a
1594 4541 1878 4595 deteriori-

316 4631 417 4686 bus
443 4631 675 4701 pessime
719 4631 907 4686 haberi
950 4631 1196 4702 aﬂicique
1220 4633 1386 4698 solet;
1422 4634 1877 4702 quemadmodum

313 4722 583 4778 exteriore
612 4724 759 4778 cultu
793 4722 1097 4794 perpolita,
1151 4724 1374 4794 majoris
1409 4725 1462 4778 in
1494 4725 1609 4779 dies
1641 4726 1880 4794 probita-

314 4814 386 4870 tis
413 4815 725 4870 accessione
752 4817 1080 4871 cumulatur.
1099 4815 1238 4883 Quid
1262 4831 1426 4886 porro
1455 4831 1881 4871 commemorare

315 4908 541 4972 attinet,
578 4915 639 4961 ut
677 4915 949 4961 certorum
992 4909 1352 4978 quorumdam
1398 4916 1453 4962 ct
1491 4907 1796 4961 animorum
1828 4916 1882 4961 et

314 5013 605 5068 corporum
636 5007 730 5052 aut
752 5009 1078 5068 proventus,
1109 5007 1203 5053 aut
1229 4999 1472 5069 penuria,
1501 4999 1715 5053 tametsi
1748 5015 1879 5053 casu

314 5088 554 5155 quodam
583 5092 650 5142 ad
678 5089 916 5144 universi
955 5090 1398 5159 gubernationem
1448 5092 1665 5160 proprie
1696 5090 1879 5145 confe-

317 5189 418 5244 rat,
454 5178 682 5250 ejusque
717 5180 893 5235 ordini
923 5182 1179 5251 praeclare
1207 5182 1431 5236 omnino
1456 5182 1761 5247 conveniat,
1791 5191 1879 5237 ta-

383 5271 428 5303 “
454 5270 476 5324 Ι
500 5271 623 5327 Cor.
653 5288 745 5341 xv,
770 5273 861 5328 35.

386 5376 413 5405 ι
452 5358 540 5413 τον.
568 5357 678 5413 ὅτε.

386 5453 494 5525 (63)
536 5456 780 5526 Ὁμιλίαι
827 5461 1023 5517 κακαί.
1087 5458 1200 5515 Hoc
1245 5458 1524 5515 Menandri
1574 5459 1876 5522 versiculo.

312 5532 415 5611 τάς
438 5529 1008 5611 συνουσίας,ῗρ[ορι·ίθ,
1042 5531 1135 5584 καὶ
1167 5529 1266 5594 τὰς
1299 5531 1710 5611 συμπεριφορὰς
1736 5530 1878 5611 Apo-

314 5597 486 5670 stulus
525 5597 790 5670 intelligit.
824 5597 987 5655 Recte
1023 5611 1200 5654 tamen
1241 5597 1440 5670 vulgat.
1484 5597 1736 5669 interpr.,
1770 5597 1879 5670 eol-

311 5661 527 5744 (quia;
558 5661 866 5744 ﬁuntienim
910 5670 997 5724 διὰ
1038 5670 1211 5744 λόγων
1252 5661 1709 5744 potissimum-al
1744 5669 1879 5740 πρὸς

309 5733 573 5810 ἀλλήλους
595 5738 800 5807 ὁμιλίαι
827 5758 841 5794 :
877 5757 975 5795 net.
1004 5733 1124 5794 alio'
1148 5733 1268 5793 fere
1302 5742 1410 5794 telo
1436 5740 1653 5810 gravius
1682 5733 1878 5792 tenerae

312 5805 487 5860 adhuc
524 5817 577 5863 et
621 5805 839 5865 illibata:
886 5819 1114 5878 mentes,
1164 5827 1327 5883 quam
1370 5805 1583 5881 procaci
1628 5810 1877 5864 oratione

1984 4556 2119 4627 μένη
2153 4557 2246 4609 ml
2274 4557 2306 4626 ή
2337 4556 2490 4628 παρὰ
2529 4560 2641 4621 τοῖς
2687 4556 2901 4620 πολλοῖς
2926 4555 3273 4628 ἀπορουμένη
3309 4556 3411 4627 τῆς
3453 4573 3543 4610 κα-

1980 4647 2103 4710 κίας
2124 4646 2294 4718 πηγὴ,
2319 4649 2378 4700 ὲν
2403 4647 2579 4701 οὐδενὶ
2612 4648 2709 4719 μὲν
2729 4647 2912 4720 χώραν
2938 4647 3135 4718 ἔχουσα
3154 4647 3266 4701 τῶν
3293 4646 3431 4702 κατὰ
3455 4647 3542 4717 φύ·

1981 4754 2088 4803 σιν,
2117 4736 2229 4790 οὐτ’
2274 4740 2333 4791 ἐν
2363 4738 2631 4809 σώμασιν,
2658 4738 2770 4793 οὔτ’
2805 4742 2863 4792 ὲν
2885 4739 3097 4802 οὐσίαις
3134 4741 3554 4808 πνευματικαῖς,

1981 4832 2174 4886 πολλοῦ
2196 4832 2278 4885 δεῖ
2301 4831 2411 4902 (65)
2451 4832 2508 4885 ὲν
2532 4834 2643 4897 τοῖς
2669 4830 2811 4885 κατὰ
2841 4829 3187 4903 συμϐεϐηκὸς
3210 4828 3410 4894 ἔξωθεν
3434 4831 3554 4883 ὲπι-

1979 4926 2313 4996 γινομένοις·
2367 4923 2616 4994 εὑρεθείη
2653 4922 2697 4975 δ’
2736 4922 2802 4977 ἂν
2832 4923 2896 4976 ὲν
2935 4920 3071 4993 μόνῃ
3113 4922 3180 4991 τῇ
3229 4920 3329 4990 τῆς
3375 4919 3552 4990 ψυχῆς

1979 5015 2421 5087 αὐτοπροαιρέτῳ
2478 5019 2688 5087 κινήσει
2738 5015 2833 5067 καὶ
2873 5015 2931 5067 ὲν
2964 5011 3136 5083 ταύτῃ
3161 5011 3261 5082 οὐχ
3281 5011 3370 5064 ὅτε
3413 5011 3557 5063 κατὰ

1981 5105 2141 5175 φύσιν
2173 5104 2459 5175 βαδίζουσα
2480 5104 2578 5174 τὴν
2608 5102 2823 5157 εὐθεῖαν
2852 5101 3047 5166 ὁδεύει,
3077 5101 3194 5155 ἀλλ’
3222 5101 3311 5155 ὅτε
3332 5100 3431 5171 τῆς
3454 5099 3555 5171 βα-

1982 5197 2193 5265 σιλικῆς
2230 5197 2472 5250 ὲκστᾶσα
2492 5195 2673 5267 οἰκείᾳ
2699 5194 2893 5266 γνώμῃ
2915 5193 3014 5265 τὴν
3045 5191 3194 5266 παρὰ
3233 5191 3393 5262 φύσιν
3422 5192 3552 5263 τρέ-

1981 5463 2356 5517 vulnerantur.
2387 5461 2505 5528 Qua
2531 5462 2599 5516 de
2624 5477 2686 5517 re
2718 5459 2860 5516 infra
2889 5460 3159 5531 pluribus,
3195 5456 3288 5513 ubi
3328 5470 3395 5531 ex
3426 5451 3552 5509 Pla-

1981 5544 2127 5593 tone,
2153 5533 2220 5586 de
2247 5526 2497 5587 habendo
2529 5531 2836 5588 fabularum
2870 5526 3288 5598 carminumque
3310 5526 3546 5598 delectu.

2050 5602 2162 5670 (64)
2194 5603 2353 5672 Ὅσα
2373 5619 2439 5672 γε
2470 5601 2616 5670 μήν.
2650 5602 2708 5657 Si
2730 5604 2892 5672 locus
2927 5601 3131 5672 integer
3180 5597 3284 5660 est,
3317 5597 3421 5650 ὅσα
3448 5607 3550 5664 po-

1978 5673 2108 5733 suit,
2137 5687 2234 5740 pro
2262 5670 2390 5724 καθ’
2412 5673 2510 5725 ὅσα
2533 5672 2615 5724 vel
2644 5671 2767 5725 καθ’
2796 5671 2941 5734 ὅσον,
2971 5670 3024 5724 id
3047 5679 3130 5724 est
3157 5676 3437 5740 quatenus.

2047 5738 2159 5813 (65)
2184 5742 2425 5813 Πολλοῦ
2449 5741 2556 5795 δεῖ.
2585 5743 2662 5795 Ita
2690 5741 3034 5813 reposuimus
3056 5755 3121 5795 ex
3145 5738 3238 5794 alt.
3268 5747 3545 5801 manusc.,

1977 5811 2098 5867 cum
2134 5811 2257 5868 ante
2287 5811 2351 5883 δή
2380 5827 2660 5883 perperam
2691 5812 2980 5880 legeretur.
