3894 6220
218 247 328 300 623

220 377 418 423 πεται,
468 359 606 430 αὐτὴ
651 360 851 430 ἑαυτῆς
912 362 1232 416 καθεστῶσα
1296 365 1479 437 κυρία.

216 452 373 506 τοῦτο
399 454 571 524 γέρας
600 451 873 523 ἐξαίρετον
896 456 1044 525 παρά
1077 455 1211 510 Θεοῦ
1243 456 1500 522 λαϐοῦσα,
1543 458 1802 530 ἐλευθέρα

216 544 311 598 καὶ
345 544 706 616 αὐτοκράτωρ
735 545 1010 615 τυγχάνει,
1037 547 1136 616 τῆς
1163 548 1370 612 οἰκείας
1390 551 1566 621 όρμῆς
1597 551 1656 602 τὸ
1683 569 1802 621 κρι-

214 635 404 705 τήριον
434 636 515 696 εἰς
550 634 746 706 ἑαυτὴν
767 635 1184 708 ἀναδεδειγμένη
1206 637 1316 708 (66)
1340 655 1353 668 ο
1385 640 1545 710 νόμος
1571 640 1626 693 δὲ
1661 639 1802 704 θεῖος

214 727 353 797 αὐτῇ
390 725 819 796 συνεζευγμένος
848 727 990 780 κατά
1024 729 1184 796 φύσιν
1205 730 1524 804 λαμπτῆρος
1568 734 1662 786 καὶ
1692 752 1802 802 φω-

215 821 415 893 στῆρος
444 820 599 891 δίκην
632 822 894 889 ἐπιφωνεῖ
915 822 1124 875 ἔνδοθεν
1151 824 1378 894 ὑπηχῶν
1415 826 1550 896 αὐτῇ
1595 828 1689 879 καὶ
1721 826 1802 880 λέ-

212 927 359 979 γων’
401 911 536 981 Ὀδῴ
567 911 816 982 βασιλικῇ
865 913 1139 985 πορεύσῃ,
1171 915 1272 966 οὑκ
1321 917 1588 980 ἐκκλινείς
1627 918 1797 984 δεξιὰ,

213 1006 335 1058 οὐδὲ
375 1006 643 1076 ἀριστερά
664 1022 678 1036 ο
715 1005 1000 1077 βασιλικὴν
1033 1006 1130 1078 τὴν
1165 1008 1305 1061 κατά
1338 1009 1428 1062 τὸν
1462 1010 1618 1081 όρθὸν
1645 1011 1799 1080 λόγον

211 1097 437 1169 πορείαν
461 1091 600 1151 εἶναι
631 1097 916 1152 διδάσκων.
949 1099 1150 1152 Τοῦτον
1179 1100 1288 1171 γὰρ
1319 1101 1509 1174 ἁπάσῃ
1539 1102 1681 1173 ψυχῇ
1707 1121 1800 1172 φυ-

211 1189 364 1242 σικὸν
389 1189 556 1258 νόμον
588 1188 779 1259 βοηθὸν
805 1191 942 1260 αὐτῇ
967 1191 1060 1243 καί
1085 1190 1370 1262 σύμμαχον
1396 1194 1488 1248 ἐπὶ
1521 1194 1630 1246 τῶν
1653 1212 1798 1267 πρα-

210 1280 386 1332 κτέων
417 1281 446 1331 ό
471 1279 578 1332 τῶν
612 1279 748 1332 ὅλων
781 1282 1119 1352 Δημιουργὸς
1159 1285 1500 1354 ὑπεστήσατο
1523 1302 1535 1314 '
1571 1285 1658 1338 διὰ
1703 1287 1798 1356 μὲν

207 1370 301 1424 τοῦ
334 1371 522 1441 νόμου,
547 1371 647 1441 τὴν
674 1370 887 1424 εὐθεῖαν
905 1373 1040 1443 αὐτῇ
1078 1374 1412 1444 παραδείξας
1443 1377 1588 1439 ὁδὸν,
1623 1377 1710 1430 διά
1742 1378 1798 1429 δὲ

207 1461 306 1530 τῆς
330 1462 470 1531 αὐτῇ
525 1461 908 1533 δεδωρημένης
949 1463 1294 1528 αύτεξουσίου
1331 1466 1642 1537 ἐλευθερίας
1697 1468 1798 1539 τὴν

206 1552 316 1604 τῶν
339 1555 666 1624 κρειττόνων
695 1555 908 1626 αἵρεσιν
944 1558 1166 1610 ἐπαίνου
1195 1559 1288 1612 καὶ
1331 1560 1605 1630 ἀποδοχῆς
1641 1561 1797 1628 ἀξίαν

205 1645 514 1716 ἀποφήνας,
546 1645 722 1716 γερῶν
756 1664 814 1700 τε
837 1649 930 1700 καὶ
957 1648 1218 1719 μειζόνων
1247 1651 1517 1713 ἐπάθλων,
1540 1651 1648 1704 τῶν
1705 1654 1797 1706 ἐπὶ

201 1738 318 1798 τοῖς
360 1713 833 1809 κατορθουμένοις,
865 1713 1050 1811 ὅτιυμὴ
1075 1729 1481 1812 βεϐιασμένως,
1513 1742 1707 1816 γνώμη
1739 1743 1796 1796 δὲ
1831 1713 1873 1767 Β

203 1827 540 1900 αὑτεξουσίῳ
578 1831 880 1903 κατώρθου,
913 1833 1085 1902 παρὸν
1119 1834 1212 1886 καὶ
1258 1834 1355 1904 τὴν
1391 1834 1640 1888 ἐναντίαν
1678 1834 1792 1887 ἐλέ-

207 1921 330 1974 σθαι
353 1939 368 1951 ο
394 1922 470 1985 ὼς
496 1922 732 1993 ἔμπαλιν
754 1925 852 1994 τὴν
871 1928 939 1978 τά
963 1927 1212 1996 χείριστα
1229 1925 1492 1996 ἑλομένην
1507 1925 1674 1995 ψόγου
1699 1927 1792 1979 καὶ

214 2012 486 2082 τιμωρίας
535 2009 670 2066 εἶναι
713 2013 902 2080 ἀξίαν,
953 2015 1047 2068 ἅτε
1078 2017 1254 2087 οἰκείᾳ
1305 2018 1515 2088 κινήσει
1555 2017 1648 2070 τοῦ
1694 2019 1790 2088 μὲν

207 2103 351 2157 κατά
395 2104 557 2172 φύσιν
596 2105 760 2175 νόμου
787 2107 1276 2178 παραμελήσασαν,
1307 2108 1504 2171 κακίας
1526 2108 1584 2161 δὲ
1617 2109 1791 2180 ἀρχὴν

202 2197 299 2248 καὶ
331 2195 515 2266 πηγὴν
541 2198 1010 2268 ἀπογεννήσασαν,
1048 2199 1263 2266 φαύλως
1301 2217 1359 2252 τε
1387 2201 1551 2270 ἑαυτῇ
1587 2217 1789 2272 κεχρη-

204 2289 396 2360 μένην,
421 2290 522 2342 οὐκ
555 2289 634 2342 ἔτι
660 2293 804 2354 τινός
843 2291 1042 2357 ἔξωθεν
1079 2292 1355 2363 ἀνάγκης,
1393 2293 1505 2345 ἀλλ’
1551 2293 1611 2358 ἐξ
1643 2293 1792 2346 ἐλευ-

199 2379 371 2450 θέρας
394 2379 622 2452 γνώμης
647 2399 706 2434 τε
732 2384 823 2436 καὶ
849 2383 1103 2454 κρίσεως.
1130 2383 1285 2438 Ait-ia
1311 2384 1375 2455 δὴ
1395 2383 1490 2438 τοῦ
1513 2385 1786 2454 ἑλομένου,

196 2468 335 2532 Θεὸς
364 2471 622 2533 ἀναίτιος.
651 2469 787 2524 Οὔτε
821 2472 930 2543 γὰρ
959 2472 1119 2541 φύσιν
1146 2472 1355 2543 φαύλην
1375 2476 1402 2526 ό
1439 2473 1571 2536 Θεὸς
1601 2473 1788 2544 εἰργά-

199 2576 356 2621 σατο,
380 2561 503 2614 οὐδέ
523 2579 586 2629 γε
609 2561 788 2632 ψυχῆς
816 2563 1025 2618 οὐσίαν.
1066 2563 1279 2634 Ἀγαθῴ
1321 2564 1430 2634 γάρ
1462 2564 1613 2617 οὐδὲν
1652 2565 1788 2636 πλὴν

194 2653 383 2721 ἁγαθά
403 2654 756 2725 δημιουργεῖν
785 2653 966 2725 θέμις.
1010 2655 1236 2724 Ἀγαθὸν
1267 2655 1325 2708 δὲ
1359 2657 1464 2708 πᾶν
1495 2657 1522 2709 ὅ
1553 2673 1606 2708 τι
1649 2655 1791 2710 κατά

197 2746 393 2814 φύσινο
438 2747 584 2817 ψυχῇ
606 2747 664 2799 δὲ
696 2748 847 2818 πάσῃ
874 2748 1066 2818 λογικῇ
1105 2747 1245 2801 κατά
1278 2750 1439 2817 φύσιν
1465 2749 1696 2822 πάρεστι
1729 2750 1788 2804 τὸ

194 2837 550 2903 αὐτεξούσιον
579 2838 781 2907 ἀγαθὸν
806 2880 820 2902 ,
857 2839 1138 2893 καὶτοῦτο
1184 2841 1270 2894 ἐπ’
1311 2840 1530 2910 ἀγαθῶν
1580 2842 1788 2910 αἱρέσει

192 2929 586 2999 γεγενημένον.
628 2930 850 2993 Φαύλως
883 2930 940 2983 δὲ
973 2931 1060 2984 ὅτε
1093 2932 1354 2997 πράττει,
1391 2929 1451 2980 ού
1489 2929 1588 2999 τὴν
1627 2929 1787 2998 φύσιν

193 3022 509 3076 αἰτιατέον·
555 3023 614 3075 οὐ
655 3023 763 3090 γὰρ
795 3019 935 3072 κατά
958 3017 1156 3086 φύσιν,
1192 3020 1344 3090 παρὰ
1372 3020 1533 3089 φύσιν
1565 3021 1622 3074 δὲ
1648 3023 1784 3094 αὐτῇ

192 3114 415 3181 γίνεται
433 3111 495 3164 τὸ
525 3111 744 3179 φαῦλον,
784 3111 1158 3182 προαιρέσεως
1183 3112 1262 3175 ὃν,
1292 3113 1407 3165 ἀλλ’
1431 3114 1552 3184 οὐχὶ
1573 3113 1786 3182 φύσεως
1815 3109 1856 3166 C

195 3200 384 3271 ἔργον.
419 3193 489 3270 ᾯ
517 3200 626 3271 γὰρ
653 3201 831 3271 παρῆν
862 3200 1091 3272 δύναμις
1115 3205 1212 3273 τῆς
1237 3203 1476 3272 τάγαθοῦ
1501 3205 1783 3275 αἱρέσεως,

192 3294 287 3346 ὅτε
325 3292 398 3363 μὴ
419 3291 576 3345 τοῦτο
599 3292 791 3357 εἵλετο,
842 3293 986 3347 ἑκὼν
1008 3296 1063 3347 δὲ
1086 3297 1146 3348 τὸ
1163 3300 1406 3367 κρεῖττον
1438 3297 1784 3369 ἀπεστράφη,

191 3386 293 3439 τοῦ
328 3387 566 3457 χείρονος
597 3387 1006 3457 μεταποιηθεὶς,
1041 3389 1125 3452 τίς
1160 3389 1226 3442 ἂν
1251 3389 1426 3460 τούτῳ
1459 3390 1623 3455 τόπος
1654 3391 1788 3444 ἀπο-

196 3477 382 3547 φυγῆς
412 3478 646 3531 λείποιτο
673 3478 775 3548 τῆς
807 3479 1011 3543 οἰκείας
1043 3481 1200 3551 αἰτίῳ
1242 3481 1572 3534 καταστάντι
1609 3482 1784 3545 νόσου,

196 3566 296 3621 τοῦ
320 3584 381 3619 τε
411 3568 688 3638 συμφύτου
715 3569 902 3639 νόμου,
937 3571 1182 3642 σωτῆρος
1215 3565 1304 3624 οἷα
1333 3571 1429 3624 καὶ
1470 3571 1655 3643 ἰατροῦ
1688 3590 1786 3625 πα-

200 3661 606 3732 ραμελήσαντι;
658 3661 714 3713 Ὁ
745 3661 808 3732 δὴ
843 3661 1048 3715 τούτων
1086 3664 1339 3719 ἁπάντων
1385 3665 1588 3736 μηδένα
1632 3666 1787 3734 λόγον

197 3751 545 3823 ποιούμενος,
575 3752 822 3824 ἀνάγκης
853 3770 913 3806 τε
940 3755 1034 3808 καὶ
1062 3754 1280 3825 ἄστρων
1320 3758 1492 3827 φορᾶς
1536 3757 1786 3828 ἀναρτῶν

195 3845 268 3897 τὰ
316 3845 494 3898 πάντα
513 3885 527 3908 ,
559 3845 658 3914 τῆς
686 3860 746 3896 τε
787 3844 896 3898 τῶν
922 3846 1428 3918 πλημμελουμένων
1479 3847 1786 3918 ἀνθρώποις

195 3935 453 3999 ἀτοπίας,
480 3937 553 4007 μὴ
585 3937 644 4004 ὲξ
671 3937 829 4009 ἡμῶν
857 3933 996 3992 εἶναι
1031 3939 1254 4007 φάσκων
1273 3939 1342 3992 τὰ
1368 3939 1536 4005 αἴτια,
1575 3939 1688 3992 ἀλλ’
1721 3942 1786 3993 ὲκ

194 4029 301 4098 τῆς
332 4028 399 4081 τὰ
441 4029 618 4082 πάντα
660 4028 914 4101 κινούσης
940 4029 1240 4101 δυνάμεως,
1295 4031 1411 4095 πῶς
1441 4031 1541 4084 οὐκ
1573 4031 1785 4084 ἀνόσιον

198 4121 296 4172 καὶ
324 4119 560 4189 δυσσεϐῆ
582 4119 841 4190 λογισμὸν
867 4121 1110 4192 εἰσφέροι
1133 4120 1232 4185 div;
1265 4120 1388 4173 Εἴτε
1411 4120 1517 4192 γὰρ
1543 4121 1784 4190 αὐτόμα-

196 4227 292 4263 τον
319 4211 414 4262 καὶ
430 4211 762 4281 ἀπρονόητον
785 4209 905 4280 θείη
939 4211 1037 4281 τὴν
1067 4211 1161 4264 τοῦ
1179 4211 1379 4274 παντὸς
1413 4211 1604 4283 φορὰν,
1635 4212 1786 4279 ἐλέγ-

197 4304 336 4372 χοιτ’
378 4300 445 4355 ἂν
493 4302 569 4365 ὡς
598 4301 822 4355 αὐτόθεν
869 4301 1045 4368 ἄθεος,
1077 4303 1214 4374 πρὸς
1245 4302 1322 4374 τῷ
1361 4302 1454 4355 καὶ
1496 4302 1784 4356 ἀδλεπτεῖν

197 4394 333 4464 περὶ
355 4394 454 4464 τὴν
476 4393 747 4464 πάνσοφον
764 4395 1028 4464 ἀρμονίαν
1053 4395 1146 4447 καὶ
1175 4394 1272 4464 τὴν
1293 4393 1401 4446 τῶν
1429 4393 1566 4447 ὅλων
1601 4394 1782 4448 διάτα-

201 4484 305 4550 ξιν,
336 4480 396 4539 εὖ
425 4484 526 4550 καὶ,
547 4487 605 4537 ὲν
634 4485 822 4555 κόσμῳ
851 4485 949 4555 τὴν
995 4484 1061 4537 δι’
1097 4483 1288 4545 αἰῶνος
1326 4484 1537 4555 κίνησιν
1580 4486 1781 4538 ἀνακυ-

199 4577 506 4647 κλουμένην
531 4592 544 4604 ·
577 4574 685 4628 εἴτε
706 4575 842 4628 Θεοῦ
868 4575 1122 4644 πρόνοιαν
1147 4576 1301 4642 ἄγειν
1322 4575 1420 4627 καὶ
1437 4577 1644 4645 φέρειν,
1663 4577 1786 4628 ἐπιο

201 4672 419 4722 στατεῖν
444 4684 503 4720 τε
539 4669 693 4733 πᾶσι,
733 4668 828 4720 καὶ
853 4667 1110 4736 πανσόφῳ
1148 4666 1292 4736 λόγῳ
1319 4665 1541 4718 διοικεῖν
1591 4649 1804 4737 όμολοέ

197 4761 380 4830 γήσει,
423 4757 531 4810 οὐδ’
571 4756 712 4810 οὕτω
736 4755 830 4810 τοῦ
866 4756 1160 4820 δυσσεϐοῦς
1191 4756 1500 4824 ἐκπέφευγε
1527 4755 1626 4826 τὴν
1660 4756 1788 4808 ατο-

199 4850 332 4904 πίαν
377 4861 437 4889 ε’
483 4847 668 4919 ἐπειδὴ
706 4847 814 4901 τῶν
857 4850 914 4901 ὲν
957 4847 1263 4918 ἀνθρώποις
1323 4846 1789 4918 ἁμαρτανομένων

196 4941 330 5004 τοὺς
349 4941 450 5010 μὲν
479 4937 934 5010 πλημμελοῦντας
955 4938 1197 5002 ἀπολύει,
1223 4939 1299 5001 ὡς
1330 4938 1493 5009 μηδὲν
1525 4936 1632 4989 τῶν
1659 4937 1780 4990 ἀτό-

199 5051 321 5086 πων
356 5031 416 5096 ἐξ
443 5031 646 5094 οἰκείας
665 5028 892 5101 γνώμης
916 5030 1431 5100 διαπεπραγμένους
1453 5068 1468 5092 ,
1509 5030 1700 5096 ἀνάγει
1725 5028 1782 5081 δὲ

196 5129 302 5198 τὴν
339 5127 518 5180 αἰτίαν
552 5124 661 5180 τῶν
715 5125 900 5179 κακῶν
948 5125 1040 5176 ἐπὶ
1090 5123 1189 5193 τὴν
1232 5121 1458 5174 καθόλου
1503 5123 1778 5190 πρόνοιαν,

201 5217 452 5286 ἀνάγκην
477 5217 647 5288 αὐτὴν
669 5216 762 5268 καὶ
781 5213 1118 5286 εἱμαρμένην
1147 5212 1454 5276 ἀποκαλῶν,
1477 5213 1570 5264 καὶ
1602 5212 1789 5281 πάσης

200 5310 302 5380 τῆς
341 5311 400 5360 ἐν
439 5307 746 5380 ἀνθρώποις
807 5305 1193 5377 αἰσχρουργίας
1245 5305 1336 5357 καὶ
1369 5303 1780 5375 ἀρρητοποιίας,

200 5398 490 5470 ὠμότητός
516 5414 574 5449 τε
607 5397 703 5450 καὶ
734 5395 1045 5466 μιαιφονίας
1065 5394 1242 5446 αἰτίαν
1264 5389 1400 5446 εἶναι
1437 5392 1630 5460 λέγων.
1673 5392 1784 5447 Καὶ

274 5523 305 5553 ι
329 5512 417 5566 ῖσ.
447 5512 647 5568 αἰτίαν.

278 5625 388 5694 (66)
427 5623 921 5694 Ἁναδεδειγμένη.
964 5620 1040 5674 Ita
1094 5632 1307 5673 omnes.
1380 5615 1587 5674 Sensus
1624 5625 1810 5671 tamen

205 5695 527 5767 παραλαὸοῦ
537 5712 620 5746 σα.

526 5791 798 5850 Ριτιιοι..
846 5791 964 5851 Gn.
1009 5785 1176 5848 XXI.

1393 249 1717 304 PBAEPAR.
1763 249 2018 304 EV'ANG.
2057 249 2183 304 LIB.
2231 250 2314 305 Vl.

3376 253 3478 307 125

1558 367 1806 420 Ἐπειδὰν
1838 373 1879 426 Α
1911 382 2033 421 men
2062 383 2185 422 cum
2223 367 2452 438 singulis
2477 365 2743 436 partibus,
2797 375 2910 420 tum
2943 366 3008 422 iis
3035 383 3252 439 quoque
3295 371 3459 430 rebus

1903 472 2024 526 quae
2056 457 2330 512 facultatis
2356 473 2419 511 ac
2447 458 2730 526 potestatis
2762 468 2960 513 nostrae
2986 469 3144 526 sunt,
3186 460 3476 516 incredibi-

1903 545 2007 600 lem
2041 562 2184 616 saepe
2207 547 2361 600 aﬂ’ert
2385 547 2704 601 mutationis
2737 558 2949 614 aestum.
2973 547 3242 604 Caeterum
3265 553 3476 609 cunctis

1902 640 2125 694 omnino
2149 640 2330 705 rebus,
2350 656 2446 694 seu
2475 642 2706 696 consilio
2739 641 2868 696 liant
2892 643 3238 714 impulsuque
3263 653 3474 711 nostro,

1903 747 1997 786 seu
2032 732 2256 787 fortuito
2293 733 2511 788 aliunde
2547 736 2884 805 contingant,
2921 752 3016 791 seu
3045 738 3278 808 denique
3310 746 3473 794 natu-

1904 825 2069 878 ralem
2106 824 2340 880 habeant
2367 835 2520 881 ortus
2549 827 2630 882 sui
2659 827 2944 892 rationem,
2965 845 3178 884 summa
3202 846 3309 886 una
3335 846 3475 901 pra:-

1901 925 2204 986 potensque
2257 916 2350 972 Dei
2399 919 2733 987 providentia
2787 922 3134 987 moderator,
3179 938 3302 993 qua:
3347 939 3472 980 cum

1902 1008 2089 1061 omnia
2121 1016 2398 1077 permeet,
2434 1016 2548 1062 tum
2585 1007 2815 1077 plurima
2856 1010 3218 1065 divinioribus
3247 1011 3474 1081 quibus.

1901 1101 2025 1154 dam
2079 1101 2417 1164 rationibus,
2473 1112 2800 1171 captumque
2843 1113 3088 1157 nostrum
3139 1102 3473 1174 fugientibus

1901 1191 2264 1255 administrat,
2305 1207 2539 1262 cumque
2585 1193 2700 1248 suis
2731 1193 2895 1248 veluti
2939 1194 3163 1251 habenis
3202 1196 3470 1252 obsecun-

1897 1281 2034 1338 dans
2075 1285 2179 1340 hoc
2212 1288 2524 1341 universum
2564 1305 2627 1343 ac
2673 1289 2904 1343 ﬂexibile
2955 1290 3187 1358 habeat,
3229 1303 3342 1346 tum
3379 1308 3468 1348 res

1895 1382 2058 1436 etiam
2091 1384 2378 1455 plerasque
2412 1388 2686 1443 naturales
2717 1389 2783 1442 ad
2817 1389 2996 1443 varias
3043 1397 3347 1459 temporum
3378 1409 3472 1448 oc-

1893 1480 2142 1537 casiones
2178 1484 2329 1555 lingit
2358 1501 2421 1539 ac
2465 1495 2674 1552 mutat,
2702 1488 2882 1558 itaque
2922 1487 3172 1557 potestati
3217 1489 3472 1546 arbitrio-

1899 1588 2006 1643 que
2045 1581 2238 1626 nostro
2283 1573 2527 1626 subditas
2561 1572 2763 1625 auxilio
2804 1581 3080 1641 promovet
3109 1587 3245 1638 suo,
3279 1582 3338 1627 ut
3373 1573 3460 1638 iis,

1898 1680 2019 1734 quae
2063 1664 2402 1719 extrinsecus
2448 1664 2724 1727 eveniunt,
2765 1679 2922 1717 suum
2958 1679 3176 1734 quoque
3209 1664 3386 1721 locum
3412 1674 3466 1720 et

1898 1766 2323 1812 consentaneum
2362 1755 2608 1810 ordinem
2655 1756 2934 1810 attribuat.
3007 1757 3141 1811 Cum
3183 1771 3313 1828 ergo
3361 1758 3464 1812 tria

1899 1847 2013 1903 haec
2043 1863 2222 1902 rerum
2254 1861 2450 1916 genera
2487 1855 2814 1912 statuantur,
2841 1855 2901 1900 ut
2925 1847 3046 1901 aliae
3066 1855 3250 1901 nostra
3281 1862 3347 1901 ex
3371 1863 3466 1901 vo-

1897 1941 2104 1996 luntate
2133 1942 2405 2012 pendeant
2427 1981 2442 2003 ,
2479 1940 2597 1996 alia:
2625 1949 2786 2010 prout
2814 1950 3007 1994 natura
3045 1941 3314 2010 postulat,
3351 1942 3468 1996 aliae

1897 2032 2132 2103 denique
2158 2031 2385 2088 fortuito
2419 2033 2692 2098 eveniant,
2711 2033 3006 2102 eademque
3023 2032 3184 2087 simul
3213 2033 3278 2088 ad
3301 2049 3465 2088 unam

1896 2135 2067 2191 divini
2107 2135 2321 2190 consilii
2368 2136 2634 2189 rationem
2686 2135 2952 2189 universa:
2993 2145 3346 2201 revocentur;
3387 2136 3468 2189 lo-

1897 2244 1996 2283 cus
2025 2228 2184 2298 plane
2202 2228 2384 2282 nullus
2402 2225 2511 2280 fato
2538 2225 2876 2294 relinquatur
2903 2239 3124 2281 necesse
3149 2235 3255 2281 est.
3297 2225 3468 2293 Quiu-

1896 2321 2060 2375 etiam
2094 2321 2295 2376 fontem
2345 2319 2460 2390 jam
2495 2318 2644 2372 illum
2675 2319 3034 2388 improbitatis
3063 2319 3394 2382 noverimus,
3436 2335 3466 2374 a

1896 2412 2167 2482 plerisque
2193 2411 2448 2465 omnibus
2475 2410 2779 2479 ignoratum
2800 2448 2814 2473 ,
2850 2409 2943 2478 qui
2981 2424 3106 2463 cum
3129 2425 3229 2465 nec
3258 2410 3312 2463 in
3344 2426 3469 2465 cor-

1895 2518 2124 2573 porum,
2164 2518 2262 2556 nec
2307 2502 2364 2556 in
2409 2501 2736 2570 spiritalium
2781 2500 3208 2555 substantiarum
3244 2512 3460 2565 natura,

1895 2596 2067 2650 multo
2099 2595 2282 2650 minus
2309 2594 2362 2647 in
2399 2595 2486 2662 iis,
2533 2611 2654 2665 qua:
2680 2593 3025 2648 extrinsecus
3055 2591 3332 2657 accidunt,
3363 2607 3464 2662 po-

1897 2697 2034 2752 situs
2064 2696 2167 2762 sit;
2205 2696 2473 2766 reliquum
2519 2704 2620 2758 cst,
2672 2701 2732 2746 ut
2779 2692 2831 2745 in
2859 2691 3030 2745 libero
3053 2700 3261 2747 tantum
3294 2692 3461 2747 animi

1896 2805 2059 2845 sensu
2092 2787 2254 2859 250
2298 2796 2555 2857 motuque
2579 2787 2879 2855 reperiatur
2909 2807 2922 2840 :
2952 2801 3054 2841 nec
3083 2798 3262 2840 tamen
3285 2827 3300 2851 ,
3333 2785 3460 2839 dum

1896 2892 2148 2932 naturam
2179 2892 2432 2945 secutus,
2487 2891 2686 2935 rectam
2736 2879 2938 2934 insistit
2991 2879 3171 2943 viam,
3218 2879 3310 2932 sed
3349 2889 3462 2931 tum

1895 2971 2192 3035 duntaxat,
2241 2987 2365 3024 cum
2400 2987 2430 3024 a
2461 2973 2608 3040 regio
2653 2971 2942 3026 deﬂectens
2988 2970 3216 3036 itinere,
3271 2979 3463 3038 suopte

1896 3062 2181 3129 arbitratu,
2218 3063 2294 3116 uti
2317 3062 2459 3131 juris
2489 3063 2577 3116 ille
2615 3063 2700 3116 sui
2731 3077 2950 3131 suaeque
2972 3061 3251 3131 potestatis
3277 3071 3378 3127 est,
3407 3061 3461 3114 in

1890 3155 2119 3208 alienam
2151 3170 2181 3208 a
2209 3163 2401 3208 natura
2435 3154 2680 3208 semitam
2711 3153 2944 3207 deerrat.
2985 3151 3293 3217 Enimvero,
3335 3168 3460 3207 cum

1888 3245 2150 3298 eximium
2196 3245 2301 3299 hoc
2335 3260 2365 3298 a
2395 3243 2506 3299 Deo
2544 3253 2599 3298 et
2633 3243 2908 3314 singulare
2935 3260 3134 3299 munus
3171 3246 3458 3314 acceperit,

1889 3348 1948 3389 ut
1979 3335 2282 3390 libertatem
2323 3350 2388 3390 ac
2437 3350 2712 3390 summum
2761 3336 2816 3389 in
2865 3351 2922 3390 se
2967 3335 3142 3405 ipsam
3171 3336 3456 3405 imperium

1888 3429 2194 3491 obtineret;
2237 3436 2486 3482 motuum
2536 3427 2756 3497 quidem
2783 3442 3006 3483 suorum
3037 3427 3275 3482 rationes
3302 3427 3459 3481 habet

1889 3533 1988 3571 suo
2017 3534 2082 3572 ex
2107 3518 2334 3573 arbitrio
2375 3518 2693 3600 judicioque
2736 3521 3033 3588 pendentes
3083 3536 3098 3572 :
3147 3519 3239 3574 scd
3278 3528 3458 3573 tamen

1885 3608 2068 3662 divina
2100 3609 2186 3663 lex
2227 3623 2350 3664 cum
2383 3608 2598 3674 eodem,
2631 3611 2867 3665 naturali
2909 3609 3145 3680 quadam
3177 3610 3456 3675 societate,

1877 3713 2142 3784 lampadis
2180 3714 2354 3767 instar
2386 3711 2630 3782 facisque
2667 3712 2977 3781 conjuncta,
3017 3711 3274 3766 inclamat
3315 3712 3444 3766 sub-

1871 3809 1997 3866 inde
2034 3827 2098 3868 ac
2136 3822 2322 3867 monet
2356 3812 2606 3877 interius,
2646 3813 2722 3865 uti
2762 3813 2907 3880 regia
2945 3811 3159 3867 incedat
3198 3812 3305 3875 via,
3345 3827 3444 3867 nec

1871 3914 1938 3967 ad
1969 3912 2247 3966 sinistram
2292 3920 2386 3965 aut
2412 3913 2686 3966 dexteram
2715 3912 2983 3966 ullatenus
3014 3911 3268 3974 declinet,
3299 3911 3440 3964 viam

1871 4003 2015 4057 hanc
2048 4003 2274 4072 regiam,
2315 4013 2700 4072 congruentem
2743 4011 2794 4056 et
2826 4012 3242 4056 consentaneam
3284 4009 3445 4054 rectze

1870 4094 2069 4148 rationi
2099 4093 2240 4147 viam
2271 4107 2393 4147 esse
2419 4093 2639 4147 docens.
2677 4091 2883 4162 Quippe
2917 4091 3216 4145 naturalem
3242 4090 3444 4144 hancce

1870 4186 2067 4255 legem,
2097 4201 2200 4254 qua
2233 4185 2347 4239 suis
2379 4184 2431 4237 in
2461 4185 2766 4238 actionibus
2799 4193 3058 4247 uteretur,
3089 4183 3284 4236 animae
3318 4181 3439 4234 cui-

1873 4276 2005 4330 libet
2043 4284 2299 4345 tanquam
2344 4276 2760 4337 auxiliatricem,
2807 4274 3043 4328 universi
3091 4272 3311 4326 molitor
3345 4271 3448 4323 im-

1873 4368 2071 4435 pressit
2105 4382 2118 4418 :
2165 4376 2326 4437 atque
2358 4367 2454 4433 ita,
2489 4367 2943 4435 quemadmodum
2996 4365 3159 4434 hujus
3193 4363 3243 4415 vi
3287 4363 3442 4429 legis,

1813 4453 2077 4511 Drectam
2121 4457 2223 4526 ipsi
2272 4457 2414 4511 viam
2459 4457 2938 4523 commonstravit,
2987 4460 3066 4512 sic
3113 4456 3271 4524 plena
3321 4454 3448 4514 illa,

1879 4562 2044 4616 quam
2083 4546 2258 4601 eidem
2296 4547 2602 4611 concessit,
2644 4547 2959 4615 integraque
2995 4546 3247 4600 libertate
3281 4543 3450 4613 perfe-

1876 4645 1971 4710 cit,
1995 4646 2074 4702 uti
2104 4658 2284 4700 rerum
2307 4639 2590 4695 meliorum
2623 4633 2865 4688 delectus
2895 4644 3004 4684 non
3040 4626 3202 4680 laude
3234 4629 3443 4674 tantum

1874 4751 1928 4796 et
1975 4734 2404 4808 approbatione,
2454 4729 2548 4784 sed
2599 4722 2960 4794 amplioribus
2997 4718 3194 4781 etiam,
3237 4713 3327 4813 ubi
3349 4726 3448 4813 res

1877 4805 2134 4904 praeclare
2163 4826 2440 4887 cessisset,
2453 4819 2692 4891 praemiis
2716 4817 2911 4886 dignus
2939 4820 3110 4877 esset;
3141 4805 3289 4878 quod
3313 4805 3447 4860 citra

1879 4937 1987 4988 vim
2011 4932 2311 4998 ullam,pro
2333 4925 2598 4980 arbitratu
2627 4918 2966 4986 consilioque
2991 4927 3092 4968 suo
3120 4919 3265 4966 recte
3292 4913 3450 4976 agere

1881 5025 2184 5085 statuisset,
2215 5034 2338 5073 cum
2367 5027 2552 5070 tamen
2579 5010 2914 5066 contrarium
2937 5013 3123 5074 optare
3145 4999 3407 5071 potuisset
3435 5014 3447 5048 :

1881 5123 2182 5182 contraque
2219 5105 2550 5163 deteriorum
2597 5097 2848 5156 electioni
2890 5092 3214 5162 vituperatio
3241 5086 3448 5156 suppli-

1882 5206 2138 5272 ciumque
2161 5198 2470 5258 deberetur,
2492 5191 2635 5262 quod
2662 5192 2714 5244 in
2745 5204 2862 5247 eam
2891 5196 3082 5253 suome
3109 5190 3244 5234 nutu
3271 5187 3448 5272 spreta

1881 5271 2093 5350 naturae
2140 5294 2256 5362 lege
2313 5288 2584 5351 ferretur,
2631 5298 2697 5337 ac
2763 5295 2883 5335 sese
2927 5286 3208 5347 perperam
3259 5271 3450 5328 abusa.

1882 5389 2032 5444 nulla
2071 5385 2410 5442 extrinsecus
2469 5376 2794 5434 necessitate
2837 5382 3060 5441 cogente
3085 5405 3100 5429 ,
3147 5363 3240 5418 scd
3283 5362 3450 5414 libero

1883 5611 2158 5683 pOstulare
2207 5606 2442 5671 videtur,
2473 5597 2911 5674 ,dvaﬁabavpévn,
2963 5595 3068 5650 hoc
3121 5599 3237 5654 est,
3270 5584 3453 5641 Θεόοεν

3153 5749 3226 5809 ιιι
