3894 6220
412 246 520 301 427

1009 244 1279 303 EUSEBlI
1313 247 1788 305 CAESARIENSIS
1815 245 1965 304 OPP.
2007 248 2188 306 PARS
2226 249 2292 306 ll.
2333 280 2404 292 —
2443 246 2946 306 APOLOGETlCA.

3558 234 3666 292 ηε

414 360 575 429 plane
608 374 771 416 sensu
808 368 970 431 atque
993 361 1233 432 judicio,
1270 363 1634 433 improbitatis
1680 366 1797 436 ipsa
1831 373 1988 434 caput

2094 366 2176 429 τίς
2199 366 2264 420 ἂν
2290 365 2375 437 εἴη
2409 366 2597 421 τούτου
2620 364 2884 435 δυσσεὸὴς
2910 360 3069 423 ἄλλος
3101 356 3213 428 (67)
3231 394 3245 419 ,
3275 353 3367 409 τὸν
3398 352 3503 406 τῶν
3528 352 3673 405 ὅλων

412 452 728 521 fontemque
759 453 1009 513 aperiret.
1051 453 1188 508 Tota
1210 469 1339 525 ergo
1366 455 1521 525 culpa
1552 455 1840 526 deligentis
1880 467 1984 521 est,

413 545 561 599 nulla
588 545 703 599 Dei.
744 542 928 615 Neque
956 545 1101 599 enim
1132 561 1356 616 pravam
1388 545 1552 613 Deus,
1586 555 1680 602 aut
1708 555 1985 612 naturam,

413 645 511 691 aut
542 637 711 691 animi
742 637 1101 693 substantiam
1130 640 1458 709 procreavit.
1514 639 1649 695 Nam
1672 641 1849 696 bonus
1873 642 1988 710 ipse

415 742 541 783 cum
564 728 671 794 sit,
708 729 872 784 ullius
912 744 1035 783 eum
1064 731 1141 784 rei
1169 771 1184 794 ,
1217 730 1321 785 nisi
1368 731 1509 787 bona
1540 748 1759 803 quoque
1800 732 1984 794 fuerit,

416 830 694 877 auctorem
723 836 844 877 esse
870 821 1022 878 nefas
1042 832 1143 878 est.
1164 822 1373 878 Bonum
1406 824 1459 880 id
1491 839 1655 879 omne
1691 838 1856 894 porro
1880 832 1985 892 est,

416 912 678 983 quidquid
707 927 737 967 a
776 921 970 968 natura
1006 923 1091 969 est
1141 932 1154 969 :
1207 914 1426 970 cuilibet
1470 922 1652 970 autem
1690 914 1874 983 animo
1899 930 1992 968 ra-

418 1006 567 1061 tione
598 1004 826 1074 prredito
866 1005 1132 1061 libertatis
1166 1017 1219 1062 et
1247 1008 1457 1061 arbitrii
1499 1007 1702 1062 bonum
1736 1022 1767 1061 a
1794 1017 1986 1062 natura

418 1099 578 1164 inest,
610 1113 710 1154 nec
737 1097 902 1152 alium
930 1100 995 1153 ad
1025 1098 1207 1165 tinem,
1226 1115 1389 1169 quam
1420 1100 1488 1155 ad
1516 1099 1643 1154 boni
1669 1099 1987 1158 electionem

417 1188 674 1244 inditum.
715 1187 901 1259 Neque
932 1204 1061 1243 vero
1081 1228 1096 1253 ,
1127 1203 1291 1258 prava
1314 1205 1437 1244 cum
1470 1190 1715 1259 sequitur
1739 1229 1754 1255 ,
1780 1198 1990 1243 natura).

417 1281 805 1352 assignandum
839 1281 890 1336 id
918 1292 1026 1347 est;
1049 1298 1172 1337 cum
1202 1282 1305 1353 ipsi
1326 1297 1552 1352 pravum
1584 1296 1689 1336 non
1711 1296 1741 1335 a
1771 1290 1987 1348 natura,

418 1372 511 1426 sed
542 1384 737 1442 praeter
773 1380 1024 1426 naturam
1050 1372 1349 1444 contingat,
1379 1380 1570 1442 utpote
1602 1370 1748 1441 quod
1798 1370 1989 1424 volun-

421 1464 549 1518 tatis
579 1479 718 1533 opus
747 1464 838 1527 sit,
869 1478 977 1519 non
1011 1472 1237 1519 naturae.
1301 1463 1402 1517 Cui
1428 1463 1571 1517 enim
1607 1461 1829 1531 optandi
1858 1460 1988 1515 boni

416 1554 501 1607 vis
528 1562 582 1607 et
608 1552 837 1610 facultas
873 1554 1022 1617 insit,
1054 1554 1101 1609 is
1130 1555 1176 1608 si
1203 1553 1426 1607 minime
1447 1553 1734 1623 optaverit,
1760 1552 1804 1606 si
1828 1567 1992 1621 repu-

418 1643 582 1697 diatis
624 1652 818 1713 sponte
862 1646 1199 1712 melioribus,
1245 1644 1514 1700 deteriora
1537 1650 1777 1700 sectatus
1801 1642 1985 1709 fuerit,

2094 458 2245 523 Θεὸν,
2282 459 2441 512 αὑτὸν
2465 459 2528 530 δὴ
2556 459 2647 511 τὸν
2670 455 2896 526 ποιητὴν
2922 454 3017 507 καὶ
3043 448 3369 523 δημιουργὸν
3396 445 3547 498 τοῦδε
3571 441 3668 496 τοῦ

2094 549 2295 612 παντὸς
2319 551 2576 618 εἰσάγων,
2608 549 2917 617 ἐπάναγκες
2946 542 3332 613 ἐκϐιαζόμενον
3359 537 3507 590 τόνδε
3541 535 3667 605 μὲν,

2094 641 2193 713 οιᾏκ
2222 640 2470 694 ἐθέλοντα
2493 640 2727 705 ἀσεϐεῖν,
2750 638 2905 691 τοῦτο
2932 637 3210 709 πράττειν,
3236 633 3329 686 καί¹
3349 630 3506 685 ἄθεον
3530 626 3672 682 εἶναι
3726 694 3747 706 ο

2094 733 2214 783 κατ’
2259 732 2504 801 ἀνάγκην
2527 773 2541 797 ,
2577 731 2671 784 καί¹
2705 732 2783 792 εἰς
2805 727 2993 782 ἑαυτὸν
3023 724 3371 796 βλάσφημον
3408 719 3561 773 τόνδε
3585 717 3669 782 δὲ,

2094 819 2151 871 ὃν
2182 819 2344 882 αὐτὸς
2390 819 2486 891 τὴν
2542 820 2700 888 φύσιν
2756 818 2959 889 ἄρρενα
3011 816 3410 884 συνεστήσατο,
3438 811 3675 879 πάσχειν

2096 910 2247 979 παρά
2270 910 2430 980 φύσιν
2453 911 2519 964 τά
2567 909 2819 982 Θηλειῶν,
2862 909 2920 962 οὐ
2955 908 3096 962 κατά
3130 905 3467 977 προαίρεσιν,
3538 920 3676 955 κατ-

2093 1004 2505 1074 ηναγκασμένον
2535 1002 2590 1055 δὲ
2623 1003 2759 1073 πρὸς
2793 1000 2984 1055 αὑτοῦ·
3013 1001 3106 1053 καὶ
3150 998 3306 1052 ἄλλον
3350 995 3675 1065 ἀνδροφόνον

2094 1091 2357 1160 γίνεσθαι,
2387 1092 2459 1165 μὴ
2494 1091 2642 1164 παρὰ
2663 1094 2762 1162 τὴν
2784 1092 2989 1144 οἰκείαν
3017 1087 3270 1158 γνώμην,
3303 1086 3393 1138 ὑπ’
3422 1084 3675 1152 ἀνάγκης

2094 1183 2151 1236 δὲ
2185 1185 2539 1255 ἐλαυνόμενον
2562 1184 2655 1238 τοῦ
2682 1184 2847 1247 Θεοῦς
2884 1184 2959 1247 ὡς
2993 1182 3113 1253 μηδ’
3153 1180 3386 1249 εὐλόγως
3431 1178 3672 1248 ἐπιμέμ-

2096 1277 2288 1346 φεσθαι
2309 1281 2424 1342 τοῖς
2450 1277 2860 1348 πλημμελοῦσιν
2880 1294 2891 1306 ·
2923 1276 3033 1329 ἀλλ’
3063 1276 3180 1345 ἦτοι
3224 1274 3360 1345 μηδὲ
3411 1272 3674 1344 ἁμαρτή-

2099 1387 2243 1440 ματα
2276 1371 2432 1423 ταῦτ’
2458 1367 2597 1423 εἶναι
2643 1368 2928 1440 ἡγεῖσθαι,
2975 1369 3006 1439 ἢ
3050 1368 3157 1420 τῶν
3184 1366 3369 1419 κακῶν
3413 1366 3675 1419 ἁπάντων

2096 1460 2329 1531 ποιητὴν
2350 1457 2488 1514 εἶναι
2510 1461 2599 1514 τὸν
2630 1461 2760 1512 Θεὸν
2784 1458 3196 1529 ἀποφαίνεσθαι.
3230 1458 3353 1511 Εἴτε
3378 1458 3486 1527 γάρ
3508 1457 3679 1519 αὐτὸς

2094 1555 2207 1615 τοῖς
2231 1553 2394 1605 πᾶσιν
2426 1549 2731 1621 ὲπιπαρὼν,
2760 1551 2851 1604 καὶ
2889 1550 2956 1602 τά
2998 1549 3174 1602 πάντα
3204 1550 3346 1623 ὀρῶν
3368 1591 3381 1615 ,
3413 1550 3505 1603 καὶ
3530 1550 3677 1602 πάν-

2096 1662 2202 1697 των
2241 1643 2475 1708 ἀκούων,
2506 1642 2677 1696 ταῦτα
2702 1644 2961 1719 πράττειν
2981 1642 3298 1710 ἀναγκάζοι,
3323 1643 3432 1698 εἴτε
3461 1642 3557 1713 τὴν
3574 1640 3677 1695 τοῦ

418 1753 580 1808 quem
628 1738 744 1808 ipse
772 1737 990 1793 tandem
1032 1738 1303 1809 reliquum
1343 1738 1555 1807 habeat‘
1588 1736 1874 1808 effugiendi
1906 1738 1986 1792 lo-

2094 1735 2287 1798 παντὸς
2315 1735 2487 1806 φοράν
2507 1778 2521 1801 ,
2552 1736 2646 1788 καὶ
2683 1735 2783 1805 τὴν
2806 1733 3014 1788 τοιάνδε
3055 1734 3163 1786 τῶν
3211 1734 3426 1806 ἄστρων
3457 1734 3678 1804 κίνησιν

418 1843 567 1891 cum,
602 1828 696 1898 qui
728 1838 780 1883 et
805 1828 1118 1884 intestinum
1164 1829 1270 1883 sibi
1293 1828 1547 1882 morbum
1575 1828 1797 1895 crearit,
1829 1836 1883 1882 et
1916 1829 1991 1882 in-

419 1926 600 1970 natam
623 1917 726 1973 sibi
760 1917 956 1988 legem,
991 1917 1214 1987 perinde
1243 1932 1308 1972 ac
1337 1926 1670 1972 servatorem
1698 1919 1986 1988 quemdam

418 2008 801 2079 medicumque
836 2010 1176 2081 neglexerit?
1224 2009 1487 2081 Quisquis
1516 2026 1682 2081 ergo,
1718 2012 1865 2066 nulla
1891 2012 1990 2066 ho-

417 2116 540 2155 rum
569 2102 815 2155 omnium
850 2102 1032 2157 habita
1079 2102 1321 2168 ratione,
1367 2119 1432 2158 ex
1466 2105 1786 2159 necessitate
1808 2104 1989 2174 potius

417 2204 483 2244 ac
528 2190 768 2245 siderum
812 2192 1169 2246 conversione
1213 2201 1409 2247 cuncta
1444 2193 1749 2263 suspendit,
1788 2195 1992 2264 quique

418 2295 606 2335 eorum
626 2322 640 2347 ,
686 2298 807 2352 quae
836 2283 904 2337 ab
930 2284 1245 2339 hominibus
1274 2293 1599 2354 peccantur,
1645 2287 1991 2356 pravitatem,

419 2370 579 2442 251
619 2388 726 2428 non
755 2374 868 2444 jam
898 2374 1091 2443 nobis,
1126 2375 1221 2431 sed
1251 2376 1304 2430 vi
1343 2377 1559 2431 cuidam
1610 2392 1674 2431 ac
1719 2379 1994 2448 potestati,

2092 1827 2253 1890 αὐτὸς
2303 1826 2506 1879 τούτων
2536 1826 2823 1898 ποιητικὴν
2864 1828 2959 1880 καί
2989 1826 3392 1897 ἀναγκαστικὴν
3434 1827 3678 1897 ὑπεστή-

2094 1934 2255 1971 σατο’
2287 1920 2315 1971 6
2343 1918 2406 1970 τὸ
2434 1918 2634 1971 τοιόνδε
2668 1919 2940 1988 συστήσας
2983 1918 3213 1990 ὄργανον
3234 1960 3248 1985 ,
3292 1919 3384 1971 καὶ
3421 1917 3518 1988 τὴν
3559 1917 3675 1970 τῶν

2093 2011 2428 2084 Θηρωμένων
2458 2011 2662 2079 παγίδα
2709 2010 3191 2083 μηχανησάμενος,
3224 2009 3308 2081 εἴη
3353 2009 3418 2063 ἂν
3454 2009 3616 2072 αὐτὸς
3642 2009 3676 2063 ὁ

2093 2108 2187 2158 καὶ
2217 2104 2324 2157 τῶν
2348 2104 2715 2173 ἁλισκομένων
2737 2103 2924 2167 αἴτιος.
2955 2103 3064 2156 Εἶτ’
3087 2098 3179 2155 οὖν
3213 2102 3375 2165 αὐτὸς
3402 2100 3523 2154 καθ’
3548 2101 3678 2154 ἑαυ-

2091 2197 2202 2260 τὸν,
2233 2196 2330 2249 εἴτ’
2357 2191 2449 2248 οὖν
2473 2195 2632 2248 πάλιν
2658 2195 2819 2259 αὐτὸς
2846 2194 2935 2249 διά
2958 2212 3101 2258 τινος
3129 2193 3294 2264 ἄλλης
3326 2194 3463 2265 πρὸς
3504 2193 3674 2247 αὑτοῦ

2093 2287 2553 2358 μεμηχανημένης
2582 2286 2846 2358 ἀνάγκης,
2870 2287 2997 2350 τοὺς
3040 2286 3139 2340 οὐκ
3179 2285 3458 2347 ἐθέλοντας
3495 2284 3672 2338 τοῖσδε

2089 2382 2200 2443 τοῖς
2223 2380 2411 2440 κακοῖς
2436 2377 2773 2449 περιδάλλοι,
2810 2378 2974 2441 αὐτὸς
3004 2378 3068 2430 ἂν
3095 2377 3202 2447 εἴη,
3238 2377 3333 2430 καὶ
3361 2377 3461 2428 οὐκ
3488 2376 3671 2440 ἄλλος,

417 2481 524 2535 qua
551 2476 841 2522 moventur
866 2469 1082 2534 omnia,
1115 2469 1458 2524 tribuendam
1505 2485 1627 2526 esse
1655 2470 1843 2537 docet;
1871 2472 1988 2541 quis

2094 2474 2119 2527 6
2158 2472 2373 2526 πάντων
2426 2470 2612 2525 κακῶν
2666 2471 2976 2543 ποιητικός·
3005 2471 3098 2524 καὶ
3135 2471 3235 2523 οὐκ
3267 2470 3342 2523 ἔτ’
3369 2469 3435 2523 ἂν
3460 2472 3518 2522 ὲν
3542 2468 3675 2542 δίκῃ

418 2573 530 2612 non
553 2557 872 2629 flagitiosam
901 2560 970 2615 ab
996 2575 1062 2615 eo
1089 2560 1422 2631 impiamque
1463 2562 1785 2617 sententiam
1814 2562 1992 2616 invehi

418 2649 895 2707 arbitretur?Nam
918 2652 1032 2706 sive
1057 2668 1189 2708 casu
1219 2667 1282 2707 ac
1310 2663 1513 2708 temere
1544 2653 1649 2708 hoc
1680 2653 1993 2707 universum

423 2742 627 2795 moveri
664 2751 883 2809 statuet,
913 2753 1272 2814 praeterquam
1305 2744 1452 2814 quod
1482 2745 1534 2799 in
1567 2746 1996 2816 exquisitissimo

2099 2562 2435 2634 ἡμαρτηκὼς
2485 2563 2681 2631 λέγοιτ’
2722 2563 2786 2617 ἂν
2824 2566 2852 2616 6
2902 2562 3215 2633 ἄνθρωπος,
3247 2561 3361 2615 ἀλλ’
3407 2562 3436 2614 6
3481 2559 3675 2612 τούτου

2101 2656 2331 2725 ποιητὴς
2376 2654 2531 2718 θεός.
2562 2655 2670 2708 Καὶ
2696 2655 2779 2718 τίς
2810 2654 2876 2708 ἂν
2902 2652 3091 2707 τούτου
3135 2653 3326 2723 γένοιτ’
3381 2652 3447 2706 ἂν
3488 2653 3678 2724 ἕτερος

2102 2745 2278 2813 λόγων
2320 2745 2685 2808 ἀσεϐέστατος
2709 2762 2724 2811 ;

419 2834 512 2889 illo
541 2845 806 2891 concentu
830 2877 847 2902 ,
897 2852 962 2893 ac
988 2853 1172 2892 rerum
1216 2840 1594 2893 universarum
1634 2839 1853 2900 ordine,
1892 2839 1986 2906 qui
2024 2848 2229 2893 motum
2261 2841 2373 2905 ipse
2403 2856 2561 2894 suum
2593 2856 2659 2893 ex
2690 2841 2838 2894 omni
2896 2856 3011 2895 aevo
3048 2856 3261 2897 summa
3318 2853 3444 2894 cum
3477 2853 3669 2908 aequa-

420 2925 627 2981 bilitate
668 2928 969 2993 convertit,
1006 2927 1232 2982 omnino
1277 2930 1551 2994 caecutiet;
1584 2927 1822 2981 divinam
1872 2926 1978 2980 hoc
2016 2926 2133 2996 ipso
2201 2935 2450 2979 naturam
2493 2926 2652 2995 plane
2717 2931 3015 2984 sustulerit.
3070 2930 3194 2987 Sive
3239 2931 3423 2987 divina
3460 2930 3662 2985 Provi-

418 3016 599 3071 dentia
646 3015 788 3071 ﬂecti
837 3018 1057 3087 regique
1099 3018 1284 3071 orbem
1308 3058 1322 3083 ,
1357 3032 1588 3086 eamque
1629 3033 1737 3071 non
1780 3019 1990 3072 cunctis
2029 3016 2191 3071 modo
2215 3031 2450 3086 praeesse
2474 3018 2657 3081 rebus,
2677 3017 2768 3071 sed
2822 3018 2969 3088 ipsas
3010 3034 3229 3088 quoque
3267 3022 3694 3087 sapientissimo‘

418 3109 650 3165 consilio
704 3110 973 3165 moderari
1001 3110 1260 3165 fatebitur
1304 3128 1319 3165 :
1361 3126 1427 3165 ne
1455 3113 1536 3165 sic
1573 3112 1791 3181 quidem
1821 3111 2115 3181 impietatis
2161 3112 2369 3166 crimen
2430 3110 2696 3182 effugerit,
2739 3127 2863 3167 cum
2910 3123 2964 3167 et
3000 3113 3069 3167 ab
3103 3114 3170 3168 iis
3200 3094 3519 3179 sceleribus,
3548 3132 3677 3184 quae

404 3198 561 3254 .lnter
585 3200 833 3255 homines
857 3201 1018 3269 vulgo
1045 3201 1462 3256 committuntur
1485 3242 1500 3268 ,
1534 3211 1783 3258 auctores
1817 3205 1986 3273 ipsos,
2025 3201 2182 3271 quasi
2212 3203 2346 3257 nihil
2392 3202 2460 3257 ab
2499 3203 2567 3257 iis
2606 3212 2794 3273 suapte
2844 3204 3120 3260 voluntate
3151 3217 3432 3276 peccetur,
3467 3206 3677 3262 immu-

410 3304 519 3345 .ncs
548 3306 612 3346 ac
655 3291 853 3346 liberos
893 3307 1016 3348 esse
1064 3292 1222 3360 velit;
1274 3302 1331 3349 et
1369 3294 1635 3348 malorum
1667 3310 1886 3351 causam
1930 3294 1983 3348 in
2021 3310 2365 3349 communem
2412 3295 2560 3348 illam
2603 3296 3071 3367 universalemque
3098 3296 3496 3352 Providentiam
3541 3314 3680 3353 con-

419 3381 578 3448 ferat,
610 3383 947 3440 necessitatis
972 3398 1092 3438 eam
1124 3382 1326 3455 fatique
1375 3384 1631 3451 nomine,
1670 3386 2021 3442 obscenitatis
2061 3388 2239 3442 omnis
2278 3399 2441 3458 atque
2469 3388 2694 3459 ﬂagitii,
2735 3390 2877 3459 quod
2913 3389 2981 3443 ab
3020 3390 3333 3445 hominibus
3390 3393 3669 3461 suscipia-

419 3482 531 3539 tur,
571 3474 906 3531 crudelitatis
964 3476 1107 3531 idem
1148 3491 1214 3531 ac
1257 3479 1535 3548 parricidii
1586 3476 1788 3533 fontem
1857 3495 1978 3535 esse
2034 3480 2348 3537 defendens.
2407 3481 2576 3552 Cujus
2620 3498 2746 3538 vero
2792 3483 2967 3552 major
3011 3484 3258 3553 impietas
3310 3499 3430 3539 esse
3475 3487 3677 3555 possit,

420 3580 586 3635 quam
622 3565 763 3634 ejus,
798 3567 893 3637 qui
917 3583 1099 3622 rerum
1130 3568 1374 3623 omnium
1398 3579 1780 3639 praepotentem
1804 3568 1995 3639 Deum,
2018 3571 2217 3640 ipsum,
2247 3572 2491 3641 inquam.
2518 3574 2757 3630 universi
2799 3574 3137 3629 conditorem
3194 3584 3248 3629 et
3306 3576 3673 3632 architectum

404 3656 663 3723 inducat,
694 3660 848 3713 alteri
904 3659 1123 3729 quidem
1163 3660 1493 3730 impietatem
1541 3663 1836 3729 aversa‘nti,
1869 3673 1929 3716 ut
1989 3663 2225 3733 impius,
2271 3673 2434 3734 atque
2470 3665 2525 3720 in
2589 3681 2648 3722 se
2681 3667 2890 3735 ipsum,
2940 3667 3087 3721 omni
3121 3666 3382 3738 religione
3425 3669 3669 3734 sublata,

404 3753 847 3807 contumeliosus
891 3753 991 3818 sit,
1038 3755 1418 3808 necessitatem
1466 3752 1809 3819 aﬂ‘erentem;
1859 3752 2125 3817 alterum,
2165 3769 2326 3824 quem
2392 3756 2506 3823 ipse
2548 3767 2740 3811 natura
2790 3772 2993 3812 marem
3045 3758 3367 3828 procrearit,
3428 3759 3499 3814 ad
3544 3775 3678 3814 mu-

406 3844 607 3910 liebria
638 3853 830 3913 praeter
858 3852 1145 3908 naturam,
1190 3858 1297 3897 non
1331 3843 1671 3909 voluntarie,
1722 3843 1816 3897 sed
1870 3844 2017 3898 illata
2058 3845 2133 3910 vi,
2175 3845 2456 3899 subeunda
2496 3857 2776 3917 cogentem
2821 3864 2835 3901 :
2892 3848 3120 3903 alterum
3157 3849 3427 3920 denique,
3471 3851 3539 3906 ad
3574 3851 3681 3906 lto-

418 3941 626 3992 minum
653 3939 848 4005 caedes,
881 3936 1110 3991 invitum
1137 3936 1281 4001 licet,
1310 3937 1571 3992 divinitus
1593 3937 1994 4007 impellentem?
2031 3939 2110 3993 Ex
2151 3955 2218 3994 eo
2252 3941 2452 4010 quippe
2483 3956 2826 4012 consequens
2863 3944 3087 3999 omnino
3148 3943 3344 4011 fuerit,
3391 3961 3552 4001 nemo
3615 3956 3679 4003 ut

418 4026 562 4093 illos,
591 4028 683 4096 qui
707 4025 975 4097 ejusmodi
998 4042 1120 4081 sese
1144 4027 1427 4083 maleticiis
1487 4028 1904 4093 obstrinxerim,
1972 4044 2233 4084 accusare
2270 4033 2463 4085 merito
2510 4032 2716 4101 possit;
2766 4035 2859 4089 sed
2904 4035 3116 4104 potius,
3166 4045 3226 4090 ut
3255 4038 3338 4091 vel
3397 4036 3501 4092 ista
3561 4055 3679 4095 non

414 4122 526 4192 jam
560 4130 902 4192 peccatorum
947 4120 1001 4175 in
1046 4120 1167 4175 loco
1197 4121 1530 4189 habeantur,
1574 4123 1659 4176 vel
1693 4121 1835 4177 Deus
1865 4123 1981 4193 ipse
2016 4125 2284 4179 malorum
2309 4126 2555 4181 omnium
2589 4139 2782 4183 auctor
2803 4138 3110 4185 censeatur.
3152 4128 3288 4185 Nam
3351 4132 3467 4187 sive
3522 4148 3675 4204 prae-

409 4231 544 4270 scus
576 4215 691 4284 ipse
723 4214 884 4269 rebus
910 4214 1123 4269 intersit
1146 4216 1423 4283 omnibus,
1450 4216 1632 4271 omnia
1657 4217 1859 4282 videat,
1923 4218 2111 4273 audiat
2164 4221 2368 4285 omnia,
2439 4223 2710 4294 simulque
2758 4224 2826 4279 ad
2871 4240 2935 4280 ea
2978 4227 3182 4281 sctrlera
3234 4227 3493 4284 mortales
3560 4230 3688 4283 adi-

406 4316 549 4377 gat:
582 4309 697 4362 sive
722 4306 1132 4362 conversionem
1164 4306 1425 4370 universi,
1456 4315 1843 4377 astrorumque
1879 4318 2086 4363 motum
2149 4311 2376 4378 ipsemet
2440 4312 2712 4382 ejusmodi
2757 4316 3129 4383 constituerit,
3182 4319 3271 4372 cui
3316 4327 3397 4373 tot
3461 4322 3683 4375 malefi-

407 4386 626 4457 ciorum
674 4398 971 4454 necessitas
1008 4399 1269 4454 debeatur
1316 4417 1331 4455 :
1384 4400 1476 4470 qui
1526 4400 1632 4454 tale
1673 4399 1987 4455 conﬂaverit
2027 4401 2474 4471 instrumentum,
2540 4418 2593 4463 et
2649 4411 2928 4480 capiendis
2993 4413 3393 4486 induendisque
3433 4417 3682 4475 homini--

408 4498 520 4554 bus
552 4497 804 4567 laqueum
834 4496 1179 4552 machinatus
1208 4496 1300 4559 sit.
1334 4496 1383 4552 is
1412 4495 1656 4568 profecto
1686 4510 1786 4550 cur
1845 4496 2008 4553 iidem
2047 4498 2389 4566 irretiantur,
2418 4517 2585 4558 causa
2645 4506 2734 4571 sit,
2771 4522 2993 4562 necesse
3024 4516 3125 4563 est.
3187 4508 3373 4579 Itaque
3434 4527 3532 4567 seu
3565 4528 3671 4583 per

410 4605 537 4646 sese
558 4588 722 4655 Deus,
756 4605 853 4644 seu
878 4589 984 4645 alia
1012 4590 1224 4660 quavis,
1248 4605 1411 4660 quam
1471 4589 1689 4644 molitus
1721 4588 1837 4658 ipse
1867 4587 2052 4653 fuerit,
2090 4594 2436 4661 necessitate,
2489 4598 2576 4652 his
2651 4598 2811 4653 malis
2852 4600 3049 4654 invitos
3103 4602 3468 4670 constringat;
3531 4620 3682 4664 unus

414 4684 532 4752 ipse
557 4682 737 4753 plane,
771 4683 913 4739 alius
971 4697 1153 4749 nemo,
1212 4694 1534 4738 cunctorum
1580 4683 1851 4737 malorum
1903 4684 2234 4742 architectus
2288 4689 2556 4744 habeatur
2596 4708 2610 4745 :
2670 4707 2772 4746 nec
2810 4692 2921 4762 jam
2972 4694 3266 4750 sceleratus
3316 4694 3481 4751 homo
3522 4697 3678 4767 jure.

414 4779 509 4833 sed
536 4778 656 4848 ejus
679 4787 991 4849 procreator
1009 4777 1220 4833 dicatur
1239 4777 1405 4834 Deus.
1427 4777 1590 4848 252
1622 4775 1741 4847 Quo
1765 4778 1981 4848 quidem
2022 4782 2289 4838 orationis
2315 4800 2512 4855 genere
2541 4787 2815 4856 quodnam
2855 4788 3003 4843 aliud
3032 4789 3258 4859 impium
3326 4793 3501 4863 magis
3548 4791 3681 4851 esse

413 4883 579 4942 queat
597 4875 617 4928 ἲ

483 4968 697 5025 Maneat
726 4970 925 5040 igitur,
954 4970 1049 5040 qui
1074 4969 1246 5025 fatum
1270 4970 1537 5026 invexerit
1561 5009 1577 5033 ,
1613 4971 1683 5026 ab
1715 4986 1779 5027 eo
1812 4969 1980 5026 Deum

2172 4974 2229 5027 '0
2283 4972 2347 5043 δὴ
2394 4968 2487 5027 οὖν
2539 4973 2879 5044 εἱμαρμένην
2934 4972 3168 5042 εἰσάγων
3225 4972 3487 5045 ἄντικρυς
3537 4974 3679 5029 Θεὸν

411 5063 675 5120 continuo
728 5061 932 5132 Deique
976 5063 1373 5132 providentiam
1434 5063 1680 5121 funditus
1729 5067 1985 5121 extermi-

2094 5067 2179 5121 καὶ
2220 5065 2354 5118 Θεοῦ
2397 5066 2651 5137 πρόνοιαν
2702 5065 2916 5131 ἐξα)θεῦ
2961 5065 3147 5137 ὥσπερ
3191 5067 3220 5120 6
3259 5065 3349 5120 τὸν
3392 5065 3526 5120 Θεὸν
3579 5070 3682 5139 scp-

412 5153 532 5208 nari
561 5172 575 5208 :
614 5153 862 5222 perinde,
895 5163 955 5207 ut
990 5155 1081 5223 qui
1111 5153 1281 5210 Deum
1317 5156 1483 5212 rebus
1511 5156 1738 5226 praeficit
1765 5157 1988 5211 univer-

2094 5156 2239 5221 ιστὰς
2299 5159 2411 5220 τοῖς
2454 5158 2617 5211 πᾶσιν
2667 5157 2840 5209 ἀνέλοι
2895 5156 2959 5210 ἂν
3002 5157 3093 5211 τὸν
3146 5157 3276 5231 περὶ
3330 5160 3682 5234 εἱμαρμένης

411 5246 514 5307 sis,
543 5261 761 5301 omnem
787 5247 833 5301 is
863 5262 969 5304 una
996 5249 1138 5303 tollit
1167 5249 1263 5303 fati
1319 5251 1606 5303 rationem.
1666 5249 1986 5317 Enimvero,

2094 5247 2259 5315 λόγον.
2315 5246 2386 5297 Ἢ
2442 5244 2551 5316 γὰρ
2590 5244 2790 5298 ταύτὸν
2849 5244 2914 5297 ἂν
2973 5244 3057 5315 εἴη
3094 5246 3122 5296 6
3167 5245 3299 5309 Θεὸς
3337 5245 3432 5299 καὶ
3479 5249 3681 5316 εἱμαρ-

412 5344 508 5390 aut
536 5334 680 5391 Deus
701 5344 755 5391 et
774 5335 944 5393 fatum
972 5338 1113 5392 idem
1145 5347 1325 5404 erunt,
1356 5348 1451 5393 aut
1473 5340 1702 5394 alterum
1723 5342 1791 5396 ab
1818 5342 1988 5396 altero

2094 5340 2246 5411 μένη,
2279 5338 2310 5411 ἦ
2339 5337 2566 5408 θάτερον
2596 5335 2822 5399 διεστὼς
2851 5337 3038 5408 ἐτέρου
3084 5337 3293 5390 Ταύτὸν
3319 5338 3417 5409 μὲν
3445 5335 3542 5392 οὖν
3571 5340 3680 5394 οὐκ

411 5426 795 5496 distinguctur.
821 5424 940 5480 Jam
973 5436 1031 5482 ut
1055 5428 1195 5482 idem
1225 5430 1354 5493 sint,
1382 5430 1498 5484 fieri
1532 5432 1682 5486 nullo
1708 5434 1869 5487 modo
1892 5448 1988 5503 po-

2094 5431 2159 5486 ἂν
2180 5433 2407 5500 γένοιτο.
2438 5432 2500 5483 Εἰ
2519 5430 2626 5500 γὰρ
2650 5430 2748 5501 τὴν
2764 5430 3104 5502 εἱμαρμένην
3128 5429 3317 5502 εἱρμὸν
3336 5447 3458 5485 τινα
3480 5416 3683 5488 αἰτιῶν

482 5575 592 5655 ς67)
640 5578 951 5655 ᾼρσσεοξὴς
997 5579 1229 5655 ἄλλος,
1256 5591 1360 5638 etc.
1411 5582 1647 5655 anino
1692 5585 1979 5655 legendum

2090 5593 2195 5637 etc.
2229 5584 2286 5636 ln
2339 5581 2446 5638 fine
2496 5589 2678 5636 autem
2731 5581 2984 5645 membri,
3032 5580 3365 5650 εἰσάγοντος,
3396 5594 3565 5650 quam
3595 5579 3677 5636 le-

411 5645 1101 5723 νὶιιίοιυιο,,δυτσε6έστερος
1151 5645 1326 5717 ἄλλος,
1355 5652 1447 5706 τοῦ
1481 5653 1590 5708 τῶν
1638 5645 1775 5709 ὃλιηῖ
1824 5655 1978 5723 Θεόν,

2093 5658 2325 5709 ctionem
2356 5654 2412 5706 in
2447 5650 2710 5708 vertendo
2740 5661 2963 5707 secutus
2994 5666 3139 5706 sum.
