3894 6220
183 311 291 367 ιὲθ

1361 300 1682 359 ΡΙὶΑΞΡᾹῐὶ.
1729 302 1979 362 EVANG.
2023 304 2150 361 LIB.
2197 307 2280 363 Vl.

3349 315 3455 369 450

184 425 325 483 εἶναί
351 443 536 496 φασιν,
567 425 661 479 ἀπ’
687 423 882 488 αἰῶνος
915 424 1285 496 ἀπαραϐἀτως
1315 427 1407 479 καὶ
1429 426 1749 496 ἀμετακινή-

1869 434 1993 481 test.
2052 426 2186 482 Nam
2216 428 2262 484 si
2298 426 2468 483 fatum
2514 427 2710 485 seriem
2738 426 3033 499 quamdam
3081 445 3203 487 esse
3236 431 3452 497 volunt,

180 537 290 584 τως
310 522 376 572 ὲκ
396 519 501 588 τῆς
534 517 643 570 τῶν
682 517 949 589 οὐρανίων
990 516 1204 588 ἄστρων
1231 519 1405 589 φορᾶς
1437 518 1766 589 καθήκοντα,

183 612 303 675 πῶς
327 612 389 663 οὐ
421 610 660 680 πρότερα
681 607 747 662 ἂν
774 608 861 680 εἴη
884 609 981 679 τῆς
1016 608 1355 680 εἱμαρμένης
1376 609 1444 663 τὰ
1482 610 1771 680 σωματικά

185 703 426 771 στοιχεῖα
450 742 466 765 ,
497 698 558 764 ἐξ
596 692 671 752 ὧν
696 699 790 751 καὶ
817 699 886 750 τὰ
914 698 1143 769 οὐράνια
1173 696 1523 767 συνέστηκεν,
1565 691 1639 751 ὧν
1669 698 1768 768 τὴν

183 791 529 863 εἱμαρμένην
564 788 911 860 συμϐεϐηκός
949 807 1003 841 τι
1041 788 1353 859 σύμπτωμα
1392 788 1538 858 λέγοι
1577 790 1642 843 ἄν
1684 806 1769 852 τις

179 884 407 946 εἰκότως
430 901 445 949 ;
468 883 577 936 Καὶ
601 881 718 945 πῶς
742 881 807 935 ἂν
829 882 1024 935 ταύτὸν
1055 882 1140 953 εἴη
1172 882 1234 936 τὸ
1275 882 1620 954 συμϐεϐηκὸς
1653 887 1767 948 τοῖς

182 978 473 1048 στοιχείοις
514 975 593 1046 τῷ
632 976 726 1028 ἐπὶ
769 974 986 1028 πάντων
1022 973 1175 1044 Θεῷ;
1214 975 1264 1027 εἰ
1300 974 1363 1044 δὴ
1410 975 1481 1027 τὰ
1526 978 1783 1051 στοιχεῖα.

178 1070 365 1141 ἀψυχα
392 1071 487 1122 καὶ
507 1068 676 1135 ἄλογα
706 1065 845 1119 κατά
873 1065 971 1136 τὴν
995 1064 1201 1117 οἰκείαν
1236 1064 1616 1136 ὲπιθεωρεῖται
1658 1064 1762 1135 φῦ-

180 1178 285 1225 σιν,
315 1164 344 1215 ὁ
372 1161 430 1213 δὲ
451 1160 584 1223 Θεὸς
610 1158 715 1225 ἔξω
748 1158 1015 1228 σωμάτων
1042 1155 1290 1226 αὐτοζωὴ
1321 1158 1415 1209 καὶ
1443 1158 1605 1226 σοφία
1631 1158 1765 1225 τυγ-

175 1255 330 1325 χάνει
355 1251 461 1317 ὣν,
485 1251 586 1320 τῆς
609 1249 668 1315 ἐξ
697 1249 863 1303 αὐτοῦ
889 1249 1255 1320 δημιουργίας
1279 1252 1392 1312 τοῖς
1413 1267 1471 1301 τε
1497 1250 1637 1303 κατὰ
1667 1251 1763 1320 μὲ-

177 1363 269 1418 ρος
296 1344 581 1413 στοιχείοις
606 1345 700 1397 καὶ
726 1346 792 1414 τῇ
814 1342 920 1395 τῶν
942 1342 1077 1395 ὅλων
1105 1343 1464 1413 διακοσμήσει
1500 1342 1597 1414 τὴν
1623 1343 1761 1396 ἀπό-

173 1439 365 1491 λαυσιν
392 1436 751 1509 δωρούμενος.
799 1436 874 1488 Οὐ
899 1436 1095 1488 ταύτὸν
1142 1435 1250 1506 ἄρα
1274 1436 1406 1500 Θεὸς
1437 1438 1529 1490 καλ¹
1563 1439 1760 1509 εἱμαρ-

178 1530 338 1601 μένη.
363 1531 428 1582 Εἰ
453 1529 510 1581 δὲ
532 1528 595 1600 δὴ
619 1529 826 1600 ἕτερον,
852 1528 1079 1600 πότερον
1118 1531 1391 1600 κρεῖττον;
1438 1528 1575 1581 Ἀλλ’
1603 1530 1758 1582 οὐδὲν

170 1621 265 1683 τοῦ
295 1620 434 1673 Θεοῦ
478 1621 730 1685 κάλλιον,
766 1618 888 1673 οὐδέ
928 1637 979 1672 τι
1022 1619 1482 1692 δυναμικώτερον.
1548 1620 1757 1674 Οὐκοῦν

170 1712 444 1783 κρατήσει
483 1713 577 1763 καὶ
618 1710 901 1780 περιέσται
937 1709 1031 1762 τοῦ
1081 1710 1344 1781 χείρονος,
1376 1712 1409 1783 ἢ
1456 1712 1753 1784 συγχωρῶν

1876 534 2185 589 nexumque
2210 536 2524 586 causarum,
2553 529 2702 576 certo
2726 529 2888 591 atque
2911 529 3228 577 constanter
3252 535 3319 576 ex
3344 538 3454 578 caa—

1872 611 2089 666 lestium
2120 620 2391 667 astrorum
2424 613 2779 667 conversione
2807 612 3153 683 pendentem,
3186 614 3316 685 quis
3344 630 3452 670 non

1870 703 2053 771 priora
2086 702 2196 757 fato
2230 704 2348 773 ipso
2369 712 2636 759 elementa
2662 720 2784 760 esse
2823 704 3122 776 intelligat,
3155 721 3223 762 ex
3255 707 3455 776 quibus

1869 796 2112 850 caelestia
2141 811 2373 866 corpora
2406 797 2639 851 conflata
2667 796 2809 863 sint,
2837 812 3073 866 quorum
3099 813 3232 852 sane
3266 796 3457 852 fortui-

1868 894 1981 940 tum
2027 888 2315 956 quemdam
2359 902 2548 942 casum
2598 903 2722 943 esse
2770 887 2976 957 fatum,
3026 889 3206 959 quivis
3255 890 3454 959 opinor

1866 977 2063 1031 merito
2112 977 2353 1031 dixerit?
2408 978 2563 1044 Quod
2608 986 2788 1033 autem
2830 981 3115 1037 elementis
3160 980 3447 1037 fortuitum

1864 1077 1969 1135 est,
1998 1069 2138 1123 idem
2170 1069 2301 1123 illud
2334 1085 2398 1124 ac
2421 1080 2808 1140 praapotentem
2835 1072 3077 1128 universi
3104 1072 3274 1129 Deum
3300 1089 3445 1142 esse,

1864 1161 1989 1230 quis
2025 1161 2212 1230 putet?
2266 1161 2547 1216 Elementa
2599 1164 2836 1233 quippe,
2891 1173 3086 1219 natura
3133 1181 3267 1232 sua,
3318 1182 3443 1221 cum

1864 1253 2046 1307 anima
2075 1262 2189 1307 tum
2216 1255 2425 1308 ratione
2454 1265 2675 1321 carent;
2706 1265 2763 1309 at
2788 1254 2931 1311 Deus
2955 1265 3010 1311 et
3045 1259 3113 1312 ab
3137 1259 3286 1313 omni
3319 1275 3444 1314 cor—

1862 1346 2015 1415 poris
2063 1347 2413 1402 concretione
2459 1348 2761 1418 sejunctus,
2793 1359 2846 1403 et
2870 1349 2977 1403 vita
3006 1365 3101 1420 per
3140 1367 3260 1407 sese
3291 1368 3444 1422 quae-

1861 1437 1987 1490 dam
2019 1452 2083 1492 ac
2107 1437 2371 1508 sapientia
2397 1450 2499 1506 est,
2533 1440 2786 1510 idemque
2818 1456 2923 1495 non
2956 1443 3187 1512 singulis
3231 1453 3442 1500 tantum

1859 1530 2164 1597 elementis,
2212 1530 2306 1585 sed
2334 1532 2504 1587 totius
2545 1532 2707 1587 etiam
2737 1534 3109 1589 universitatis
3142 1536 3445 1605 pulchritu-

1859 1622 1997 1686 dini,
2026 1622 2109 1678 vis
2128 1622 2192 1676 'in
2222 1620 2560 1692 procreando
2582 1639 2695 1678 sua:
2716 1624 2927 1693 c0piam
2956 1623 3105 1681 facit.
3144 1623 3264 1681 Non
3294 1626 3437 1682 idem

1860 1727 1990 1783 ergo
2019 1720 2148 1768 sunt
2174 1711 2345 1767 fatum
2389 1722 2553 1785 atque
2591 1713 2752 1770 Deus.
2821 1715 2917 1770 Sin
2948 1725 3128 1771 autem
3160 1716 3439 1773 diversum

170 1801 457 1872 κακοποιῷ
491 1801 835 1874 τυγχανούσῃ
861 1803 928 1872 τῇ
964 1801 1295 1874 εἱμαρμένῃ,
1323 1803 1484 1866 αὐτὸς
1512 1803 1577 1857 ἂν
1601 1806 1749 1875 ἐφέλ-

1857 1805 2062 1875 aliquid
2099 1819 2129 1858 a
2162 1803 2274 1860 Deo
2321 1804 2494 1860 fatum
2522 1815 2622 1869 est,
2669 1815 2855 1861 utrum
2899 1808 3096 1863 melius
3121 1806 3442 1879 quidpiam?

170 1911 324 1948 κοιτο
344 1895 445 1965 τὴν
470 1895 670 1959 αἰτίαν,
693 1894 773 1959 ὃς,
803 1894 1028 1956 δυνατὸς
1054 1892 1129 1946 ὢν
1166 1896 1408 1965 ἐπισχεῖν
1450 1896 1549 1967 τὴν
1586 1915 1753 1952 κακο-

170 1987 327 2041 ποιὸν
352 1988 620 2057 ἀνάγκην,
652 1988 752 2039 οὐκ
779 1985 1001 2057 ἐποίησε
1030 1984 1220 2050 τοῦτο,
1251 1986 1424 2057 ἀνῆκε
1466 1988 1521 2041 δὲ
1556 1988 1754 2059 ἄφετον

170 2079 263 2131 ἐπὶ
284 2078 437 2150 λύμῃ
462 2078 557 2131 καὶ
579 2078 843 2148 διαφθορᾷ
863 2077 969 2130 τῶν
988 2077 1261 2144 ἁπάντων,
1292 2078 1491 2149 μᾶλλον
1513 2079 1567 2133 δὲ
1594 2082 1755 2145 αὐτὸς

168 2172 334 2225 τοῦτο
364 2171 683 2244 εἰργάσατο,
712 2173 761 2223 εἰ
786 2170 850 2241 δὴ
871 2171 1088 2224 πάντων
1106 2170 1199 2224 καὶ
1221 2171 1390 2241 αὐτῆς
1414 2173 1754 2245 εἱμαρμένης

167 2261 401 2333 ποιητὴς
432 2262 526 2315 καὶ
553 2260 883 2333 δημιουργὸς
904 2260 1197 2329 εἰσάγοιτο.
1231 2263 1294 2315 Εἰ
1322 2263 1364 2315 δ’
1394 2264 1567 2328 οὐδεὶς
1602 2263 1752 2336 αὐτῷ

163 2354 327 2423 λόγος
353 2355 455 2425 τῆς
492 2354 586 2408 τοῦ
617 2353 818 2418 παντὸς
853 2353 1168 2420 διατάξεως,
1217 2354 1393 2409 ἀθέων
1428 2352 1584 2419 αὖθις
1624 2357 1754 2409 ἀνα-

165 2446 363 2515 κύψειε
388 2446 562 2517 φωνὴ,
598 2447 734 2518 πρὸς
754 2448 822 2518 ἦν
846 2447 945 2510 τὰς
974 2447 1144 2510 ἀκοὰς
1176 2447 1561 2501 ἀποκλειστέον
1588 2491 1602 2515 ,
1651 2449 1752 2520 τῆς

164 2537 354 2590 ἐνθέου
383 2538 636 2612 προνοίας
661 2540 753 2591 καὶ
779 2538 1059 2609 δυνάμεως
1077 2538 1322 2610 ἐναργῶς
1345 2540 1753 2614 ἀποφαινοὼης

162 2631 369 2701 ἑαυτὴν
405 2629 472 2683 ἐκ
500 2648 561 2683 τε
596 2630 705 2684 τῶν
746 2630 974 2683 καθόλου
1006 2632 1296 2699 πανσόφων
1352 2632 1447 2684 καὶ
1491 2634 1751 2703 τεχνικῶν

159 2721 649 2791 ἀποτελεσμάτων,
686 2721 749 2775 ἔκ
792 2739 850 2774 τε
884 2721 991 2775 τῶν
1025 2723 1147 2775 καθ’
1178 2724 1324 2793 ἡμᾶς
1368 2725 1753 2794 ἀναμφιλόγως

157 2812 261 2881 τὴν
282 2811 579 2883 ἐλευθέραν
608 2812 701 2865 καὶ
728 2811 1071 2876 αὐτεξούσιον
1094 2813 1194 2882 τῆς
1218 2813 1442 2883 λογικῆς
1467 2814 1643 2885 ψυχῆς
1662 2815 1752 2868 δύ-

157 2920 331 2973 ναμιν
386 2903 941 2973 παραδεικνυμένων·
985 2902 1107 2955 καθ’
1141 2903 1248 2970 ἣν,
1296 2893 1475 2954 καίτοι
1541 2905 1750 2974 μυρίων

157 2993 367 3060 ἔξωθεν
395 2993 646 3064 ἐμποδὼν
684 2997 750 3062 τῇ
784 3010 841 3044 τε
887 2990 980 3044 τοῦ
1029 2989 1279 3061 σώματος
1334 2992 1493 3060 φύσει
1530 2996 1650 3058 ταῖς
1687 3009 1749 3047 τε

156 3084 307 3139 κατά
346 3086 666 3155 προαίρεσιν
711 3083 796 3151 ἐφ’
820 3084 1191 3154 ήμῖνιὸρμαίς,
1218 3084 1359 3137 κατά
1386 3102 1440 3137 τι
1472 3083 1747 3155 συμϐεϐηο
1775 3124 1818 3183 C

156 3178 257 3240 κὸς
277 3175 754 3249 προσπιπτόντων,
783 3176 931 3245 ὅμως
963 3175 1098 3247 πρὸς
1124 3175 1341 3229 ἅπαντα
1360 3176 1459 3247 τῆς
1476 3177 1631 3231 ’κατὰ
1646 3177 1750 3248 ψυ-

155 3270 261 3340 χὴν
290 3269 495 3340 ἀρετῆς
509 3266 569 3320 τὸ
596 3265 878 3336 ἐλεύθερον
906 3266 1141 3337 ἀντέχει,
1173 3267 1384 3338 ἄμαχον
1414 3268 1507 3321 καὶ
1542 3269 1745 3347 ἀήττη-

155 3376 250 3414 τον
270 3359 335 3412 τὸ
356 3359 442 3427 ἐφ’
473 3360 606 3429 ἡμῖν
645 3357 754 3411 τῶν
796 3356 975 3411 καλῶν
1008 3357 1108 3430 τὴν
1137 3359 1350 3430 αἵρεσιν
1373 3360 1750 3431 ἐπιδεικνύμειο

155 3469 269 3505 νον.
298 3450 471 3503 Τοῦτο
493 3451 551 3503 δὲ
578 3450 812 3520 μάλιστα
839 3451 933 3504 καὶ
964 3451 993 3502 ό
1040 3449 1232 3521 παρὼν
1278 3449 1469 3522 καιρὸς
1501 3451 1603 3522 τῆς
1652 3452 1745 3506 τοῦ

158 3541 416 3612 Σωτῆρος
436 3543 468 3611 ἡ
476 3541 592 3611 μῶν
611 3540 975 3611 εὐαγγελικῆς
998 3539 1346 3603 διδασκαλίας
1363 3541 1545 3612 ἔργοις
1566 3542 1747 3606 αὐτοῖς

158 3632 565 3703 παρεστήσατο.
599 3633 722 3685 Ὅτι
749 3630 859 3703 γὰρ
877 3631 1049 3685 ταῦτα
1086 3631 1159 3703 μὴ
1177 3631 1339 3702 ψόφοι
1360 3635 1454 3686 καὶ⁹
1490 3632 1621 3687 κενά
1652 3635 1748 3705 ῥή-

158 3741 329 3794 ματα,
360 3723 591 3795 πάρεστί
615 3740 695 3776 σοι
732 3723 822 3777 τὸν
852 3724 962 3776 τῶν
994 3723 1259 3777 θεοσεϐῶν
1305 3724 1491 3792 ἀγῶνα
1534 3724 1748 3777 ἐπιϐλέ-

153 3814 277 3882 ψαι,
308 3813 405 3865 καὶ
444 3813 675 3865 συνιδεῖν
716 3813 843 3875 τοὺς
875 3813 1193 3885 προαιρέσει
1243 3813 1582 3886 αὐθεκουσίῳ
1620 3815 1747 3879 τοὺς

154 3904 358 3966 πόνους
399 3904 508 3956 τῶν
551 3904 693 3976 ὑπὲρ
728 3903 1009 3969 εὐσεϐείας
1055 3904 1231 3960 ἄθλων
1255 3905 1741 3976 ἀναδεδεγμένους’

149 3996 250 4060 οὓς
280 3995 401 4049 καθ’
420 3996 547 4066 ὅλης
574 3997 672 4066 τῆς
703 3996 1003 4069 ἀνθρώπων
1023 3998 1347 4069 οἰκουμένης
1372 3998 1541 4069 μυρία
1562 3997 1741 4070 πλήθη

167 4087 443 4158 Ἑλλήνων
485 4105 547 4139 τε
592 4089 685 4141 καὶ
724 4088 1015 4162 βαρϐάρων
1055 4089 1365 4154 ὲνεδέξατο,
1415 4089 1597 4152 πάσας
1645 4090 1744 4161 μὲν

152 4178 458 4251 προθύμως
481 4179 581 4243 τὰς
630 4179 772 4233 κατά
802 4179 894 4232 τοῦ
942 4179 1193 4250 σώματος
1248 4180 1617 4248 ὑπομείναντα
1660 4181 1745 4233 αἰ-

153 4273 305 4334 κίας,
329 4273 436 4324 πᾶν
460 4272 515 4323 δὲ
548 4272 793 4341 βασάνων
821 4266 960 4335 εἶδος
980 4270 1192 4343 φαιδρῷ
1212 4270 1291 4343 τῷ
1312 4269 1590 4343 προσώπῳ
1605 4270 1744 4323 διελ-

151 4363 338 4425 θόντα,
367 4364 460 4416 καί
492 4362 646 4426 τέλος
672 4362 1033 4434 πολυτρόποις
1070 4364 1314 4435 σχήμασι
1350 4362 1447 4434 τὴν
1499 4362 1607 4415 ἀπὸ
1645 4360 1741 4415 τοῦ

1854 1895 1925 1949 At
1967 1894 2078 1949 Deo
2100 1936 2114 1960 ,
2148 1911 2247 1950 nec
2277 1897 2475 1952 melius
2519 1898 2818 1968 quidquam
2842 1939 2857 1964 ,
2892 1913 2993 1953 nec
3025 1898 3301 1968 potentius
3331 1909 3437 1955 est.

1854 1986 1963 2039 Aut
1985 1986 2155 2055 igitur
2180 1986 2363 2040 vincet
2407 1986 2498 2041 ille
2540 1986 2964 2056 superabitque,
2998 1987 3144 2057 quod
3172 1987 3439 2044 humilius

1854 2085 1959 2141 est,
1983 2084 2077 2131 aut
2108 2078 2154 2132 si
2187 2075 2300 2131 fato
2334 2077 2604 2131 malorum
2633 2077 2934 2139 architecto
2959 2078 3205 2143 cesserit,
3222 2078 3437 2148 culpam

1855 2168 1972 2238 ipse
2021 2176 2190 2223 totam
2239 2168 2566 2235 sustinebit,
2617 2168 2865 2238 quicum
2893 2167 3156 2223 artificem
3189 2168 3315 2223 mali
3341 2183 3437 2223 ne-
3493 2162 3496 2166 Α

1854 2259 2163 2315 cessitatem
2200 2258 2451 2313 inhibere
2478 2266 2686 2328 posset,
2723 2273 2831 2314 non
2861 2257 3048 2314 fecerit
3079 2266 3257 2314 tamen
3279 2297 3296 2324 ,
3339 2258 3435 2315 sed

1853 2366 1971 2404 eam
1997 2351 2181 2421 potius
2209 2350 2263 2405 in
2291 2350 2536 2405 omnium
2583 2359 2792 2419 pestem
2841 2358 3010 2418 atque
3039 2349 3337 2419 perniciem
3369 2348 3436 2403 li-

1852 2442 1981 2496 bere
2009 2442 2247 2513 grassari
2275 2441 2621 2510 permiserit,
2675 2454 2770 2495 seu
2800 2440 2985 2494 verius
3013 2439 3066 2494 id
3096 2440 3327 2509 ipsemet
3356 2437 3436 2495 fe-

1852 2532 2009 2599 cerit,
2041 2532 2308 2603 siquidem
2336 2531 2383 2587 is
2427 2540 2482 2586 et
2508 2545 2690 2585 rerum
2726 2529 2996 2591 omnium,
3020 2538 3074 2582 et
3100 2528 3274 2599 ipsius
3299 2543 3437 2600 quo—

1852 2640 1957 2694 que
1980 2623 2077 2679 fati
2101 2633 2290 2680 auctor
2318 2640 2383 2680 ac
2406 2623 2631 2678 molitor
2660 2621 2942 2678 habeatur.
2982 2618 3118 2677 Nam
3152 2623 3196 2678 si
3222 2622 3290 2678 de
3315 2621 3438 2676 uni-

1851 2716 1996 2771 versi
2041 2716 2547 2779 administratione,
2581 2715 2689 2770 Deo
2730 2730 2936 2785 susque
2975 2715 3185 2783 deque;
3211 2728 3315 2768 vox
3349 2712 3438 2769 de-

1851 2824 1963 2864 nuo
1986 2807 2278 2876 impiorum
2315 2806 2566 2870 exsistat,
2620 2805 2709 2860 cui
2740 2817 2922 2860 tamen
2957 2805 3309 2861 occludendae
3336 2820 3438 2860 auo

1852 2912 1940 2950 res
1969 2897 2121 2949 illico
2151 2904 2315 2963 sunt;
2366 2912 2491 2951 cum
2518 2911 2640 2951 sese
2669 2896 2854 2951 divina
2878 2896 2961 2950 vis
2993 2911 3058 2950 ac
3087 2894 3437 2951 Providentia

1851 2985 1999 3040 clare
2032 2986 2380 3054 spectandam
2435 2986 2725 3048 exhibeat,
2780 2995 2834 3039 et
2880 2985 3135 3040 universe
3178 2985 3438 3056 operibus

1851 3075 2157 3129 admirabili
2178 3075 2339 3145 plane
2363 3075 2595 3129 consilio
2622 3073 2957 3144 solertiaque
2984 3072 3261 3142 perfectis,
3286 3085 3340 3132 et
3367 3074 3439 3130 iis

1849 3165 2222 3236 proprie,quae
2247 3164 2405 3219 nobis
2435 3164 2728 3233 conjuncta
2756 3179 2882 3219 cum
2915 3163 3045 3228 sint,
3064 3171 3180 3217 tum
3206 3162 3436 3220 liberam

1848 3271 2060 3327 suoque
2094 3257 2416 3326 gaudentem
2444 3255 2571 3326 jure
2597 3255 2766 3309 animi
2793 3255 3005 3310 ratione
3030 3253 3239 3326 praediti
3268 3252 3439 3310 facul-

1845 3357 2013 3403 tatem
2049 3348 2329 3403 evidenter
2356 3347 2676 3402 ostendunt.
2718 3345 2838 3414 Qua
2877 3347 3096 3419 quidem
3129 3346 3247 3402 fieri
3270 3346 3432 3414 solet,

1847 3450 1907 3497 ut
1931 3440 2144 3495 infinita
2196 3440 2324 3494 licet
2374 3439 2740 3506 extrinsecus,
2779 3449 2875 3494 aut
2911 3449 3120 3495 naturae
3163 3439 3433 3510 corporis,

1848 3538 1942 3585 aut
1989 3530 2261 3601 susceptis
2301 3529 2445 3584 ultro
2483 3530 2722 3585 motibus
2765 3530 3153 3600 impedimenta
3207 3529 3436 3586 fortuito

1847 3640 1967 3679 sese
2003 3624 2285 3694 objiciant,
2337 3623 2593 3679 omnibus
2638 3632 2817 3678 tamen
2858 3624 3029 3679 libera
3058 3625 3232 3681 virtus
3262 3625 3433 3679 animi

1846 3721 2163 3768 constanter
2217 3712 2471 3778 obsistat,
2506 3712 2875 3768 voluntariam
2909 3714 3036 3768 boni
3083 3714 3431 3782 electionem,

1844 3811 2048 3857 nostrae
2080 3802 2366 3872 cujusdam
2405 3802 2693 3873 potestatis
2728 3817 2854 3857 esse
2877 3844 2892 3869 ,
2934 3818 3058 3873 qum
3083 3802 3231 3858 vinci
3262 3821 3435 3875 expu-

1844 3895 2110 3966 gnarique
2137 3909 2247 3948 non
2270 3895 2465 3964 possit,
2495 3894 2806 3950 ostendens.
2834 3894 2995 3968 253
3023 3896 3202 3965 Atque
3233 3896 3285 3951 id
3309 3912 3435 3967 pro-

1843 3986 2018 4053 fecto,
2060 3986 2144 4040 vel
2184 3987 2291 4041 hoc
2318 3986 2500 4055 ipsum
2543 3988 2871 4060 evangelicae
2900 3988 3211 4046 Servatoris
3256 3992 3431 4047 nostri

1843 4078 2109 4132 doctrinae
2174 4085 2391 4146 tempus
2445 4092 2504 4131 re
2558 4077 2677 4147 ipsa
2730 4080 2970 4134 maxime
3031 4082 3427 4151 comprobavit.

1843 4168 2086 4239 Quippe,
2114 4184 2181 4224 ne
2209 4180 2264 4223 tu
2294 4169 2398 4224 ista
2426 4166 2568 4223 forte
2599 4169 2891 4225 verborum
2936 4172 3153 4232 inanem
3187 4173 3428 4229 sonitum

1842 4266 2123 4321 existimes
2148 4307 2163 4334 ,
2204 4279 2316 4319 uno
2354 4272 2577 4335 aspectu
2621 4263 3096 4320 sanctissimorum
3125 4275 3426 4338 martyrum

1842 4358 2277 4423 dimicationem,
2308 4371 2613 4426 eorumque
2642 4356 2842 4411 seriem
2885 4359 3085 4412 intueri
3112 4365 3301 4426 potes,
3329 4358 3426 4428 qui

153 4453 413 4524 σώματος
445 4453 598 4507 λύσιν
635 4455 733 4532 τῆς
764 4454 941 4524 ψυχῆς
973 4453 1267 4518 ἀσπαστῶς
1308 4453 1737 4524 καταδεξάμενα.

1849 4461 2034 4521 suopte
2061 4450 2287 4505 arbitrio
2312 4458 2690 4519 susceptorum
2718 4462 2818 4517 pro
2836 4448 3039 4518 pietate
3062 4450 3424 4505 certaminum

151 4547 266 4599 Καὶ
297 4546 404 4616 μὴν
435 4545 611 4609 οὐδεὶς
633 4546 864 4599 ἐνταῦθα
885 4547 1038 4615 λόγος
1062 4546 1370 4618 ἐπιτρέψειε
1401 4544 1499 4617 τὴν
1542 4547 1737 4617 εἱμαρ-

154 4638 329 4715 μένην
351 4637 648 4691 αἰτιᾶσθαι.
682 4637 794 4691 Ποῦ
822 4640 928 4710 γάρ
960 4654 1042 4691 σοι
1063 4639 1128 4691 ὲκ
1153 4637 1364 4709 μακροῦ
1392 4638 1588 4700 αἰῶνος
1626 4655 1737 4691 τοι·

150 4729 315 4783 οὐσδε
369 4728 609 4801 ἀθλητὰς
656 4729 936 4793 εὐσεϐείας
982 4730 1215 4802 ἤνεγκεν
1271 4731 1305 4801 ή
1359 4729 1469 4783 τῶν
1523 4730 1738 4800 ἄστρων

154 4821 337 4893 φορά;
366 4821 439 4873 Ἢ
464 4821 597 4876 πότε
626 4822 654 4874 ὁ
679 4821 786 4875 τῶν
817 4819 1118 4893 ἀνθρώπων
1160 4820 1274 4891 βίος
1293 4860 1309 4884 ,
1353 4820 1459 4889 πρὸ
1502 4820 1604 4889 τῆς
1643 4819 1736 4873 τοῦ

151 4913 407 4983 Σωτῆρος
430 4910 586 4982 ἡμῶν
614 4913 692 4974 εἰς
725 4912 931 4974 πάντας
958 4910 1279 4982 ἀνθρώπους
1308 4908 1737 4981 καταϐληθείσης

148 5004 522 5068 διδασκαλίας,
558 5004 762 5057 τοιόνδε
794 5002 1164 5075 προϐέϐληται
1198 5001 1322 5056 καθ’
1347 5003 1475 5074 ὅλης
1497 5001 1599 5071 τῆς
1638 5002 1736 5056 ἀν·-

151 5094 390 5167 θρώπων
410 5096 732 5167 οἰκουμένης
764 5095 982 5165 ἀγῶνα;
1007 5096 1117 5149 Ποῦ
1138 5096 1197 5149 δὲ
1228 5096 1442 5150 τοιωνδὶ
1469 5095 1642 5163 λόγων
1665 5096 1737 5150 δι-

145 5186 472 5250 δασκάλων,
520 5186 910 5258 δεισιδαίμονος
962 5189 1064 5259 μὲν
1111 5187 1320 5259 πλάνης
1367 5188 1733 5258 ἀναιρετικὸν,

148 5279 270 5343 ἑνὸς
313 5278 374 5331 δὲ
402 5278 498 5332 τοῦ
529 5279 626 5331 ἐπὶ
664 5280 880 5334 πάντων
922 5277 1059 5333 Θεοῦ
1103 5279 1355 5349 γνώσεως
1404 5279 1731 5346 διδακτικὸν,

146 5371 351 5426 ἅπασιν
373 5371 703 5443 ἀνθρώποις,
728 5372 953 5443 Ἕλλησί
980 5389 1040 5425 τε
1065 5374 1161 5427 καὶ
1191 5372 1489 5445 βαρϐάροις
1508 5412 1522 5437 ,
1564 5375 1593 5426 ό
1625 5374 1734 5437 πᾶς

144 5463 281 5515 αἰὼν
326 5464 567 5534 ἧνεγκες
597 5464 694 5530 Τίς
719 5464 778 5518 δὲ
800 5464 861 5529 ἐξ
888 5464 1083 5530 αἰῶνος
1116 5465 1224 5519 τῶν
1263 5466 1429 5520 πάλαι
1468 5465 1731 5537 ἀοιδίμων

144 5556 345 5624 σοφῶν,
374 5555 702 5629 βάρϐαροςῆ
731 5557 951 5629 Ἕλλην,
982 5558 1195 5611 τοιᾶσδέ
1231 5575 1363 5612 ποτε
1385 5556 1594 5630 ἠξιώθη
1650 5559 1730 5610 εἰ-

144 5651 452 5720 μαρμένης,
477 5650 554 5715 ὠς
580 5652 662 5715 εἰς
692 5651 783 5704 τὸν
810 5651 1100 5723 σύμπαντα
1141 5651 1345 5722 κόσμον
1372 5650 1605 5721 διαφανῆ
1638 5666 1734 5703 κα-

135 5741 404 5811 ταστῆσαι
441 5740 534 5796 τὸν
581 5741 675 5795 ἐπ’
716 5741 886 5795 αὐτοῦ
941 5740 1314 5813 προϐληθέντα
1352 5739 1530 5809 λόγον,
1588 5756 1730 5809 γνωο

1843 4541 2060 4595 labores
2107 4539 2376 4595 maximos
2404 4539 2810 4609 subierezquos
2848 4538 3067 4609 quidem
3106 4539 3425 4595 innumera-

1842 4631 1970 4686 bilis
2003 4640 2116 4685 toto
2143 4629 2349 4700 passim
2379 4628 2531 4691 orbe,
2558 4634 2668 4681 tam
2695 4627 3055 4683 barbarorum
3080 4643 3245 4699 quam
3277 4628 3426 4685 Gra—

1840 4738 2029 4778 corum
2099 4720 2391 4775 multitudo
2455 4719 2745 4786 sustinuit;
2779 4726 2927 4790 ‘quae
2986 4735 3110 4774 cum
3169 4720 3426 4777 alacriter

1840 4830 2033 4871 omnes
2087 4813 2334 4883 corporis
2397 4813 2676 4868 cruciatus
2730 4812 3010 4868 tolerasset
3037 4850 3055 4879 ,
3107 4826 3172 4868 ac
3223 4828 3422 4885 genera

1841 4914 2239 4962 tormentorum
2278 4905 2465 4958 omnia
2502 4904 2666 4959 hilari
2708 4903 2859 4958 vultu
2897 4903 3267 4970 exhausisset,
3304 4913 3420 4959 tum

1838 4999 2046 5053 variam
2092 4997 2330 5066 denique
2356 5038 2373 5064 ,
2413 5012 2479 5051 ac
2523 4996 2703 5066 specie
2741 4993 3029 5065 formaque
3061 4994 3417 5065 multiplicem

1838 5090 2010 5145 animi
2048 5089 2407 5158 corporisque
2433 5087 2854 5143 dissolutionem
2890 5085 3219 5158 perlibenter
3259 5100 3420 5143 exce-

1836 5171 1934 5254 pit.
1976 5182 2098 5250 Quo
2121 5182 2342 5253 quidem
2372 5182 2427 5236 in
2464 5196 2685 5254 genere,
2724 5178 2837 5236 fato
2870 5194 3094 5236 causam
3135 5179 3420 5249 assignare

1835 5275 1977 5329 ratio
2006 5273 2155 5327 nulla
2185 5271 2444 5343 patiatur.
2511 5268 2645 5326 Nam
2677 5270 2771 5326 ubi
2808 5268 3024 5325 tandem
3045 5306 3062 5332 ,
3108 5275 3167 5321 ut
3194 5281 3260 5321 ex
3292 5266 3418 5322 lon-

1833 5369 2062 5438 gissima
2090 5366 2356 5421 memoria
2387 5374 2619 5435 repetas,
2647 5361 2919 5433 ejusmodi
2946 5361 3163 5433 pietatis
3184 5360 3418 5417 athletas

1834 5461 2076 5517 siderum
2125 5458 2414 5514 conversio
2460 5454 2727 5527 protulit?
2763 5453 3063 5525 Ecquando
3090 5453 3412 5525 priusquam

1834 5560 2062 5607 cunctas
2088 5552 2195 5607 late
2218 5549 2470 5605 nationes
2503 5546 2811 5602 Servatoris
2833 5546 3008 5601 nostri
3030 5545 3276 5601 doctrina
3295 5558 3420 5615 per-

1833 5644 2084 5710 vasisset,
2113 5641 2382 5713 ejusmodi
2404 5641 2513 5696 vita
2539 5640 2825 5695 hominum
2862 5639 3117 5693 universa
3145 5645 3263 5694 toto
3292 5654 3419 5707 pas-

1832 5737 1936 5795 sim
1964 5738 2096 5795 orbe
2138 5745 2415 5795 certamen
2456 5731 2736 5792 exhilmitl
2778 5730 3075 5804 Ecquando
3100 5730 3418 5804 disciplina-
