3894 6220
454 296 556 352 451

1098 286 1373 344 EUSEBll
1409 278 1897 341 CIESARIENSIS
1935 278 2088 337 OPP.
2133 278 2319 335 PARS
2357 276 2422 333 11.
2465 306 2539 319 —-
2575 270 3084 330 APOLOGETICA.

3626 271 3731 326 552

456 430 579 472 rum
605 407 875 483 ejusmodi
908 408 1152 463 scholam
1180 407 1370 471 ullam,
1396 420 1520 476 quae
1542 419 1666 459 cum
1698 400 2041 473 superstitio-

2153 397 2337 452 ςθέντα
2365 414 2423 450 τε
2448 396 2608 468 μέχρι
2650 376 2885 448 καὶτῶν
2928 388 3214 462 ὲσχατιῶν,
3257 387 3351 440 καὶ
3394 384 3529 439 Θεοῦ
3573 386 3732 453 δόξαν

459 523 580 562 sum
621 516 867 559 errorem
913 499 1261 562 convelleret,
1313 506 1427 550 tum
1479 496 1644 550 unius
1686 493 2040 564 praepotentis

459 599 553 653 Dei
587 594 951 666 cognitionem
982 595 1222 655 doceret,
1240 588 1511 643 universis
1531 584 1867 651 hominibus,
1891 583 2040 639 (ἷκτο

457 691 649 760 eisque
681 687 886 758 pariter
935 699 999 738 ac
1036 681 1320 744 barbaris,
1366 677 1623 749 superius
1673 685 1821 730 retro
1866 688 2041 728 azvum

456 778 705 851 aperuit?
740 773 942 845 Ecquis
973 788 1141 844 porro
1174 771 1603 827 clarissimorum
1634 767 1763 821 olim
1804 782 1870 819 ex
1895 764 2044 819 omni

457 880 681 929 aetatum
711 866 972 923 memoria
995 864 1326 935 sapientum,
1363 876 1457 916 seu
1488 860 1759 915 barbarus
1800 857 1912 919 ille,
1948 872 2042 910 seu

458 963 683 1020 Graio-us
709 960 892 1025 fuerit,
919 957 1189 1029 ejusmodi
1215 969 1459 1024 unquam
1490 951 1662 1005 fatum
1688 950 1916 1004 sortitus
1939 956 2045 1012 est,

459 1065 518 1110 ut
547 1051 803 1125 profectae
846 1051 945 1106 abs
982 1064 1103 1104 sese
1144 1047 1411 1103 doctrinae
1438 1044 1619 1099 lucem
1664 1042 1730 1097 ad
1767 1050 2046 1096 extremos

458 1163 636 1220 usque
664 1145 815 1202 orbis
846 1141 1088 1199 universi
1115 1143 1249 1195 lines
1288 1143 1637 1209 propagaret,
1671 1132 1877 1203 Deique
1903 1133 2045 1203 apud

458 1256 586 1307 eos,
632 1239 727 1311 qui
774 1236 951 1295 sacris
991 1233 1187 1289 initiati
1220 1232 1337 1287 suis
1360 1235 1578 1295 essent,
1625 1242 1824 1282 nomen
1864 1225 1966 1280 sibi
1994 1235 2048 1279 et

396 1360 413 1375 -
460 1332 775 1404 opinionem
808 1323 1194 1397 compararet?
1233 1320 1389 1388 Quod
1419 1319 1465 1373 si
1495 1327 1575 1374 tot
1602 1333 1668 1373 ac
1710 1325 1856 1371 tanta
1898 1316 2048 1372 nullo

462 1437 704 1495 unquam
741 1430 1009 1490 tempore,
1035 1416 1120 1470 vel
1151 1413 1267 1470 ﬁeri
1295 1412 1588 1482 quisquam
1621 1408 1775 1474 vidit,
1798 1408 1881 1463 vel
1905 1408 2047 1461 facta

460 1514 699 1579 audivit;
728 1526 918 1567 eorum
945 1522 1078 1577 ergo
1104 1520 1271 1561 causa
1299 1516 1473 1558 nexus
1504 1500 1594 1554 ille
1623 1514 1917 1555 causarum
1946 1514 2044 1551 ue-

460 1606 603 1663 cessi
631 1619 804 1674 asque
826 1617 934 1657 non
964 1599 1085 1654 fuit.
1125 1596 1283 1665 Quod
1307 1595 1452 1649 enim
1484 1591 1731 1647 eamdem
1751 1591 1865 1661 jam
1891 1590 2045 1652 olim,

460 1697 650 1752 eadem
674 1701 989 1750 recurrente
1016 1690 1254 1746 siderum
1280 1684 1661 1748 conversione,
1679 1694 1834 1737 ortus
1857 1682 2049 1751 pleris-

2143 490 2296 563 παρὰ
2347 492 2459 553 τοῖς
2511 488 2659 559 αὐτῷ
2708 484 3154 555 καθωσιωμένοις
3200 479 3539 553 κτήσασθαι;
3583 479 3649 532 Εἰ
3675 479 3733 532 δὲ

2142 583 2316 637 ταῦτα
2339 582 2397 649 ἐξ
2423 580 2618 645 αἰῶνος
2649 580 2758 635 οὔτ’
2779 576 2868 650 ἦν,
2905 577 3031 631 οὔτε
3070 575 3291 645 γέγονεν
3311 613 3325 637 ,
3374 570 3496 626 οὔτε
3541 573 3733 635 ἀκοαῖς

2142 681 2406 752 ήκουσται
2427 695 2441 709 ⁸
2488 677 2588 731 οὐκ
2618 672 2685 745 ἦν
2716 675 2824 747 ἄρα
2864 674 3055 745 εἱρμὸς
3083 671 3271 726 αἰτιῶν
3315 669 3408 723 καὶ
3434 667 3647 736 ἀνάγκη
3675 665 3736 718 τὸ

2145 772 2350 826 τούτων
2386 770 2579 825 αἴτιον.
2606 769 2783 824 Πάλαι
2813 768 2922 838 γὰρ
2950 766 3016 821 ἂν
3054 765 3143 820 διὰ
3177 765 3277 834 τῆς
3319 763 3489 833 αὐτῆς
3533 762 3737 814 ἀνακυ-

2145 865 2392 934 κλήσεως
2412 863 2505 917 καὶ
2533 862 2835 933 περιφορᾶς
2854 858 2963 913 τῶν
2994 858 3206 929 ἄστρων
3232 854 3406 917 οὐδεὶς
3436 849 3503 924 ἦν
3542 850 3736 920 φθόνος

2118 960 2241 1033 ,καὶ
2262 957 2454 1020 ἄλλους
2479 956 2579 1026 τῆς
2612 954 2783 1023 αὐτῆς
2805 955 2988 1023 τυχεῖν
3011 948 3276 1019 γενέσεώς
3304 964 3364 1000 τε
3414 946 3508 999 καὶ
3535 945 3736 1015 εἱμαρ-

2151 1052 2335 1123 μένης.
2379 1051 2473 1103 Ἐκ
2499 1052 2656 1112 ποίας
2684 1048 2740 1101 δὲ
2771 1047 2878 1119 ἄρα
2909 1043 3246 1116 εἱμαρμένης
3278 1044 3306 1095 ὁ
3341 1042 3437 1112 μὲν
3466 1038 3738 1110 ἡμέτερος

2147 1143 2338 1213 Σωτὴρ
2376 1142 2509 1205 Θεὸς
2535 1140 2817 1209 ἐπιφανεὶς
2839 1137 2960 1192 καθ’
2978 1137 3104 1207 ὅλης
3133 1135 3233 1205 τῆς
3254 1132 3577 1203 οἰκουμένης
3605 1132 3741 1200 avn-

2147 1233 2404 1303 γόρευται
2425 1249 2438 1261 ·
2464 1234 2510 1285 oi
2538 1232 2595 1285 δὲ
2628 1231 2797 1285 πάλαι
2823 1226 3200 1298 νενομισμένοι
3230 1224 3383 1295 παρά
3414 1241 3474 1276 τε
3507 1222 3739 1292 Ἕλλησι

2148 1324 2243 1377 καὶ
2277 1322 2573 1396 βαρϐάροις
2609 1321 2720 1376 θεοὶ
2742 1320 3112 1391 καθῄρηνται;
3149 1318 3243 1370 καὶ
3291 1317 3390 1369 οὐκ
3430 1315 3602 1379 ἄλλως
3639 1332 3742 1368 κα-

2149 1415 2411 1487 θῄρηνται
2434 1415 2466 1486 ἦ
2489 1414 2575 1467 διὰ
2609 1415 2706 1485 τῆς
2731 1414 2825 1467 τοῦ
2856 1413 2979 1466 νέου
3008 1411 3144 1464 Θεοῦ
3168 1410 3548 1475 διδασκαλίαςς
3600 1410 3738 1463 Ποία

2147 1507 2192 1562 δ’
2227 1507 2405 1561 αὐτῶν
2430 1521 2454 1549 α
2486 1507 2795 1579 εἱμαρμένη
2824 1505 2956 1559 Θεὸν
2986 1503 3317 1577 δημιουργὸν
3352 1504 3606 1557 ἁπάντων
3641 1504 3742 1557 πᾶ-

2150 1615 2233 1653 σιν
2259 1598 2566 1671 ἀνθρώποις
2586 1597 2971 1669 κατήγγειλεν,
3006 1595 3345 1667 εἱμαρμένην
3386 1594 3442 1648 δὲ
3490 1596 3562 1665 μὴ
3601 1588 3740 1647 εἶναι

2151 1694 2318 1762 φάναι
2347 1692 2719 1763 ὲξηνάγκασες
2752 1691 2860 1744 Καὶ
2896 1689 3072 1759 πῶςή
3113 1687 3420 1759 εἱμαρμένη
3468 1686 3543 1758 μὴ
3597 1682 3740 1741 εἶναι

462 1804 569 1858 que
594 1785 800 1857 fatique
838 1783 1104 1838 rationem
1138 1777 1404 1832 invideret
1426 1816 1441 1842 ,
1482 1789 1710 1846 prorsus
1738 1781 1858 1827 erat
1884 1772 2042 1826 nihil.

2153 1786 2352 1855 ἑαυτὴν
2377 1785 2559 1853 λέγειν
2582 1802 2641 1837 τε
2676 1783 2771 1837 καὶ
2802 1784 3017 1854 φρονεῖν
3045 1780 3328 1846 ὲϐιάσατο;
3361 1780 3425 1832 Τί
3472 1779 3529 1833 δὲ
3555 1780 3606 1833 οἱ
3638 1780 3742 1850 τῆς

465 1876 568 1933 Sed
600 1890 712 1947 quo
746 1883 925 1930 tamen
960 1870 1093 1936 fato,
1133 1867 1390 1923 Servator
1415 1873 1603 1921 noster
1633 1862 1778 1919 Deus
1802 1871 1926 1933 post
1947 1862 2048 1917 ad-

462 1983 687 2029 ventum
713 1983 873 2025 suum
900 1966 1033 2021 orbe
1063 1971 1176 2019 toto
1199 1970 1553 2018 consecratus
1573 1968 1690 2022 est;
1714 1971 1854 2027 quos
1876 1956 2047 2012 Graeci

464 2064 675 2135 pridem
710 2075 777 2116 ac
816 2057 1038 2114 barbari
1086 2055 1218 2110 deos
1265 2053 1601 2119 habuerant,
1644 2049 1845 2106 sublati
1881 2049 2051 2104 sunt?

467 2168 567 2211 nec
610 2152 767 2209 aliter
818 2164 983 2221 quam
1033 2147 1161 2202 novi
1205 2142 1459 2201 Numinis
1503 2142 1756 2198 doctrina
1806 2140 2052 2197 sublati?

465 2248 751 2316 Quodnam
785 2258 951 2315 porro
984 2240 1181 2303 fatum,
1227 2246 1455 2294 cunctos
1480 2235 1730 2291 homines
1757 2232 1926 2290 Deum
1963 2248 2053 2288 re-

468 2354 589 2397 rum
631 2352 754 2395 esse
786 2336 1096 2392 molliorem
1146 2331 1394 2387 omnium
1442 2329 1667 2397 docuit,
1714 2326 1888 2383 fatum
1930 2340 2052 2382 esse

470 2431 679 2488 nullum
713 2427 954 2501 proliteri
983 2422 1198 2494 coegit?
1219 2421 1322 2488 Qui
1352 2419 1469 2474 tieri
1507 2417 1717 2489 potuit,
1755 2425 1815 2469 ut
1842 2427 1910 2467 ex
1946 2412 2049 2465 ho-

470 2531 681 2586 minum
724 2544 819 2584 ore
855 2524 1019 2583 simul
1049 2532 1104 2580 et
1149 2520 1478 2593 cogitatione
1516 2518 1689 2573 fatum
1726 2514 1823 2570 fati
1862 2513 1916 2569 vi
1949 2511 2053 2567 tol-

466 2630 706 2686 leretur?
735 2624 878 2695 Quid
929 2638 1120 2680 eorum
1165 2621 1455 2677 multitudo
1495 2626 1683 2681 tanta,
1717 2614 1811 2685 qui
1851 2626 2051 2684 genera

466 2727 828 2785 certaminum
865 2721 1047 2779 omnia
1077 2760 1092 2786 ,
1143 2734 1244 2791 pro
1271 2715 1435 2790 254
1457 2713 1787 2771 Christianae
1830 2710 2052 2782 pictatis

465 2818 838 2887 doctrinaeque
888 2812 1245 2878 defensioue,
1296 2825 1422 2865 eum
1470 2804 1851 2877 superioribus
1905 2814 2053 2859 retro

464 2911 683 2968 saeculis
711 2908 951 2971 subiere,
981 2914 1097 2959 tum
1127 2911 1285 2958 mtate
1308 2915 1529 2972 quoque
1557 2906 1747 2953 nostra
1774 2893 2054 2951 subeunt?

467 2999 591 3060 Uno
617 3000 870 3055 videlicet
893 3010 1084 3051 omnes
1109 2994 1410 3063 eodemque
1443 2992 1556 3046 fato
1584 2990 1696 3045 nati
1727 2997 1872 3054 sunt,
1904 2988 2051 3057 quod

464 3105 523 3151 et
554 3094 677 3149 illos
706 3091 882 3147 eidem
909 3086 1162 3143 instituto
1208 3083 1578 3152 doctrinaeque
1612 3080 1970 3150 manciparit,
2000 3088 2054 3134 et

2149 1879 2243 1932 τοῦ
2269 1878 2521 1950 Σωτῆρος
2556 1877 2712 1948 ἡμῶν
2744 1874 3001 1939 εὐσεϐοῦς
3031 1874 3195 1927 ἕνεκα
3221 1872 3567 1935 διδασκαλίας
3602 1889 3742 1924 παν-

2149 1968 2325 2031 τοίους
2344 1967 2538 2031 ἄθλους
2565 1965 2798 2020 ἔκπαλαι
2822 1963 3204 2034 ὴγωνισμένοι,
3234 1962 3328 2016 καὶ
3362 1961 3532 2014 εἰσέτι
3579 1959 3744 2030 δεῦρο

2149 2059 2492 2124 διαθλοῦντες
2517 2077 2531 2127 ;
2569 2060 2698 2130 μιᾶς
2723 2058 2830 2128 ἄρα
2858 2056 2952 2109 καὶ
2980 2055 3079 2126 τῆς
3098 2054 3267 2125 αὐτῆς
3293 2053 3482 2123 ἔτυχον
3521 2052 3740 2124 μοίρας,

2149 2152 2224 2216 ὼς
2257 2151 2346 2221 ὑφ’
2371 2151 2451 2204 ἐνὶ
2472 2149 2614 2220 λόγῳ
2645 2148 2742 2202 καὶ
2764 2145 3081 2216 διδασκαλίᾳ
3110 2143 3445 2215 δουλωθῆναι
3473 2184 3487 2208 ,
3527 2142 3657 2213 μίαν
3680 2158 3744 2193 τε

2148 2246 2374 2319 γνώμην
2405 2245 2498 2313 καὶ
2523 2241 2842 2314 προαίρεσιν
2869 2237 3229 2304 ἐνδείξασθαι,
3262 2237 3355 2290 καὶ
3388 2235 3569 2306 ψυχῆς
3609 2236 3745 2306 ἀρε-

2147 2338 2249 2410 τὴν
2277 2336 2427 2408 μίαν,
2460 2333 2557 2386 ἕνα
2585 2348 2644 2385 τε
2674 2332 2768 2385 καὶ
2792 2330 2884 2383 τὸν
2906 2328 3069 2382 αὑτὸν
3095 2326 3454 2393 ἀναδέξασθαι
3489 2325 3623 2396 βίον,
3646 2324 3747 2378 καὶ

2149 2428 2307 2497 λόγον
2335 2425 2620 2496 ἀγαπῆσαι
2642 2423 2733 2476 τὸν
2757 2422 2941 2484 αὑτὸν,
2964 2420 3064 2483 τάς
3094 2436 3155 2472 τε
3182 2418 3351 2482 αὐτὰς
3380 2416 3745 2488 άγαπητικῶς

2152 2520 2440 2590 ὑπομεῖναι
2469 2517 2497 2557 1)
2525 2517 2705 2578 πάσας
2764 2512 3124 2568 διὀἐνστασιν
3157 2511 3466 2577 εὐσεϐείας;
3511 2511 3621 2564 Καὶ
3657 2510 3747 2572 τίς

2153 2610 2220 2666 ἂν
2243 2610 2400 2682 ὀρθὸς
2423 2608 2579 2662 τοῦτο
2606 2605 2981 2678 συγχωρήσειε
3002 2603 3180 2673 λόγος,
3210 2603 3365 2667 νέους
3390 2602 3532 2656 κατὰ
3554 2602 3747 2663 ταὺτὸ,

2151 2702 2246 2756 καὶ
2271 2700 2602 2773 πρεσϐύτας,
2633 2698 2727 2752 καὶ
2757 2698 2867 2750 πᾶν
2893 2695 3093 2767 μέτρον
3116 2694 3355 2767 ἡλικίας,
3399 2694 3648 2766 ἀρρένων
3684 2709 3748 2746 τε

2152 2794 2246 2848 καὶ
2278 2792 2506 2865 θηλειῶν
2536 2792 2690 2861 γένη,
2719 2789 2907 2858 φύσεις
2934 2806 2994 2841 τε
3022 2787 3314 2861 βαρϐάρων
3334 2786 3564 2859 ἀνδρῶν,
3599 2788 3752 2839 οἶκε-

2150 2883 2260 2935 τῶν
2280 2883 2415 2952 ὁμοῦ
2463 2886 2557 2933 καὶ
2585 2882 2924 2949 ἐλευθερίων,
2948 2879 3146 2949 λογίων
3192 2894 3255 2931 τε
3295 2878 3387 2931 καὶ
3411 2876 3659 2939 παιδείας
3684 2877 3753 2929 ἀ-

2157 2975 2422 3045 μετὸχων,
2452 2974 2553 3026 οὐκ
2572 2973 2629 3025 ὲν
2642 2972 2816 3041 γωνία
2847 2970 2971 3040 γῆς,
2996 2972 3105 3023 οὐδ’
3122 2971 3227 3023 ὑπὸ
3254 2971 3428 3024 τοῖσδε
3440 2970 3752 3041 γενομένων

2151 3069 2266 3130 τοῖς
2290 3066 2533 3137 ἄστροις,
2553 3062 2679 3118 καθ’
2708 3063 2836 3134 ὅλης
2853 3061 2911 3115 δὲ
2934 3062 3033 3132 τῆς
3063 3058 3369 3130 ἀνθρώπων
3396 3060 3751 3131 οἰκουμένης,

466 3185 717 3243 eamdem
746 3181 815 3237 ab
849 3179 958 3234 illis
994 3175 1317 3232 sententiam
1355 3187 1422 3228 ac
1449 3149 1809 3227 voluntatem
1832 3184 2051 3239 expres-

2157 3156 2496 3230 εἱμαρμένης
2527 3154 2741 3227 ἀνάγκῃ
2771 3153 2936 3223 φάναι
2962 3151 3387 3223 βεϐιασμένους,
3426 3149 3578 3204 τόνδε
3626 3152 3755 3204 τινὰ

468 3276 637 3343 serit;
688 3273 812 3329 illos
853 3269 1089 3337 denique
1128 3281 1240 3322 non
1287 3264 1353 3320 ad
1399 3264 1832 3335 amplectendam
1874 3262 2053 3317 solqu

467 3368 720 3426 eamdem
770 3362 894 3419 vitae
932 3372 1264 3428 morumque
1312 3358 1613 3423 rationem,
1655 3356 1746 3411 sed
1784 3356 1950 3409 etiam
1988 3352 2056 3409 ad

468 3462 693 3520 eosdem
738 3458 965 3515 omnino
1009 3454 1288 3511 cruciatus
1335 3451 1620 3521 religionis
1648 3447 2058 3520 propugnandze

469 3556 646 3630 gratia
675 3544 1353 3615 sustinendos-impulerit.
1394 3541 1593 3613 Ecqua?
1619 3542 1860 3604 tandem,
1890 3540 1936 3594 si
1969 3554 2055 3593 re-

472 3656 558 3705 cta
584 3645 748 3701 modo
774 3643 877 3707 sit,
913 3641 1055 3696 ratio
1086 3636 1256 3702 lerat,
1289 3635 1367 3690 uti
1404 3636 1637 3705 juvenes
1679 3632 1843 3690 simul
1894 3639 2059 3701 atque

470 3752 633 3795 senes
657 3777 673 3803 ,
708 3732 1028 3802 nullamque
1073 3729 1211 3784 adeo
1261 3739 1372 3781 non
1421 3732 1633 3780 :etatem
1661 3762 1676 3788 ,
1709 3737 1890 3777 mares
1929 3722 2057 3776 item

470 3829 766 3903 pariterac
799 3824 1054 3887 feminas,
1100 3828 1179 3874 tot
1208 3818 1569 3873 barbarorum
1609 3829 1829 3884 genera,
1870 3825 2058 3868 servos

470 3934 625 3991 aeque
651 3933 715 3974 ac
740 3917 967 3981 liberos,
989 3912 1234 3968 eruditos
1266 3907 1427 3965 simul
1456 3906 1601 3961 etab
1633 3906 1782 3959 omni
1807 3903 2058 3960 doctrina

472 4014 789 4083 imparatos,
812 4022 922 4062 non
946 4005 1002 4059 in
1032 4003 1217 4073 aliquo
1251 4010 1520 4055 terrarum
1558 3995 1780 4068 angulo,
1805 4010 1915 4049 non
1946 4009 2051 4049 cer-

471 4108 543 4166 tis
584 4102 912 4175 quibusdam
957 4099 1060 4154 sub
1092 4096 1254 4151 astris
1301 4092 1684 4161 sideribusque
1717 4098 1913 4154 natos,
1963 4084 2057 4142 sed

472 4198 606 4257 orbe
633 4195 838 4267 passim
868 4192 1146 4254 universo,
1184 4195 1404 4242 coactos
1435 4199 1560 4239 esse
1602 4183 1754 4238 dicas
1783 4188 2058 4236 recentem

472 4282 768 4356 quemdam
796 4279 964 4335 ritum
1002 4276 1192 4349 patriis
1222 4274 1476 4329 omnibus
1502 4270 1798 4334 anteferre,
1825 4277 2056 4325 mortem

471 4372 824 4451 praepotentis
856 4371 1021 4426 unius
1052 4367 1145 4424 Dei
1173 4382 1340 4423 causa
1362 4366 1594 4420 libenter
1644 4363 1937 4427 sustinere,
1968 4376 2058 4416 re-

473 4468 738 4526 ctissimis
772 4465 840 4522 de
869 4463 1179 4517 animorum
1231 4456 1642 4514 immortalitate
1671 4454 1942 4525 dogmatis
1970 4453 2056 4508 iu-

474 4559 732 4627 l‘ormari,
768 4567 823 4615 et
845 4553 1247 4628 philosophiam
1281 4564 1597 4620 expressam
1623 4546 1911 4617 operibus,
1942 4560 2051 4599 non

471 4656 655 4713 verbis
685 4650 1070 4710 adumbratam
1111 4643 1397 4717 proliteri?
1454 4639 1553 4696 Vel
1601 4655 1779 4696 caecus
1807 4636 2053 4709 profecto

472 4749 654 4805 videat
694 4742 999 4814 disciplina:
1021 4740 1139 4795 haec
1161 4748 1215 4794 et
1243 4733 1609 4793 institutionis
1635 4747 1790 4798 esse,
1828 4746 1936 4786 non
1970 4729 2053 4784 ul-

471 4841 580 4898 lius
606 4834 981 4897 necessitatis,
1019 4832 1265 4901 adeoque
1295 4824 1586 4882 manifesta
1615 4822 1908 4878 voluntatis
1931 4820 2054 4891 jure

472 4931 678 4991 utentis
720 4944 852 4991 suo,
895 4925 1188 4993 liberaeque
1232 4919 1512 4976 facultatis
1537 4924 1882 4988 argumenta.
1923 4912 2056 4967 Pos-

473 5042 589 5083 sem
624 5022 877 5094 equidem
903 5015 1177 5072 sexcentis
1198 5012 1322 5067 aliis
1351 5013 1555 5066 hancce
1584 5007 1941 5079 quaestionem
1966 5020 2053 5058 ra-

473 5118 717 5185 tionibus
756 5112 1064 5176 illustrare,
1097 5105 1375 5177 plerisque
1410 5114 1591 5158 tamen
1627 5103 1732 5156 hoc
1775 5100 1897 5155 loco
1927 5113 2064 5168 prae-

2156 3250 2264 3305 τῶν
2292 3247 2562 3321 πατρῴων
2608 3247 2864 3301 ἁπάντων
2906 3244 3244 3316 προτιμῆσαι
3295 3241 3473 3310 λόγον,
3510 3243 3603 3295 καὶ
3658 3242 3754 3295 τὸν

2158 3344 2299 3413 ὑπὲρ
2341 3340 2625 3404 εὐσεϐείας
2675 3338 2794 3404 ἑνὸς
2820 3337 2915 3391 τοῦ
2951 3337 3045 3389 ἐπὶ
3083 3335 3300 3389 πάντων
3337 3333 3474 3387 Θεοῦ
3518 3333 3754 3388 θάνατον

2157 3431 2518 3505 άγαπητικῶς
2544 3430 2760 3485 ἑλέσθαι
2781 3470 2796 3493 ,
2820 3428 2892 3483 τά
2913 3446 2974 3481 τε
3004 3429 3135 3500 περὶ
3156 3425 3337 3497 ψυχῆς
3365 3424 3667 3487 ἀθανασίας
3688 3419 3750 3477 εὖ

2162 3525 2307 3597 μάλα
2331 3523 2579 3595 δόγματα
2605 3520 2976 3585 παιδεύεσθαι,
3004 3520 3099 3572 καὶ
3123 3516 3436 3588 φιλοσοφίαν
3467 3517 3528 3569 οὐ
3567 3515 3666 3588 τὴν
3692 3520 3756 3571 ὲν

2157 3616 2356 3685 λόγοις,
2386 3616 2485 3687 τὴν
2513 3614 2571 3669 δὲ
2602 3613 2669 3667 δι’
2703 3613 2882 3685 ἔργων
2911 3611 3284 3683 προτιμῆσαις
3321 3607 3506 3662 Ταῦτα
3536 3607 3648 3680 γάρ
3682 3608 3752 3661 ἂν

2157 3707 2243 3780 εἴη
2271 3707 2341 3761 τὰ
2362 3709 2457 3761 καὶ
2477 3705 2662 3776 τυφλῷ
2690 3704 2847 3776 δῆλα,
2872 3704 2947 3767 ὡς
2980 3703 3238 3773 οὐδεμιᾶς
3276 3699 3543 3770 ἀνάγκης,
3568 3699 3753 3770 μαθή-

2161 3798 2299 3862 σεώς
2326 3815 2384 3851 τε
2426 3809 2449 3837 ο
2485 3796 2579 3851 καὶ
2604 3795 2955 3859 διδασκαλίας
2986 3796 3162 3848 οἰκεῖα
3181 3791 3460 3863 τυγχάνει,
3492 3790 3756 3845 αὑθεκου-

2161 3892 2276 3944 σίου
2300 3888 2524 3959 γνώμης
2554 3888 2649 3942 καὶ
2672 3886 3045 3960 προαιρέσεως
3061 3884 3351 3954 ἐλευθέρας
3383 3882 3587 3953 ἐναργῆ
3613 3898 3750 3950 τυγ-

2158 3983 2390 4055 χάνοντα
2417 3980 2856 4052 παραδείγματα.
2891 3979 3108 4032 Γένοιτο
3156 3976 3202 4030 δ’
3245 3976 3311 4031 ἂν
3349 3976 3443 4030 καὶ
3476 3973 3612 4029 ἄλλα
3652 3973 3753 4026 τοῦ

2159 4074 2543 4149 προϐλήματος
2584 4070 2967 4145 παραστατικὰ
2999 4070 3186 4141 μυρία·
3218 4063 3294 4123 ὧν
3319 4068 3388 4122 τὰ
3412 4066 3581 4121 πολλὰ
3616 4083 3756 4137 παρ-

2158 4171 2257 4235 εὶς,
2282 4168 2443 4230 αὐτὸς
2474 4166 2572 4237 μὲν
2606 4168 2720 4229 τοῖς
2753 4164 3068 4236 εἰρημένοις
3114 4161 3555 4233 ἀρκεσθήσομαι·
3586 4159 3756 4212 σοι’δὲ

2158 4261 2220 4314 τὸ
2255 4260 2347 4314 σὸν
2374 4258 2713 4329 ἀνάγνωσμα
2738 4255 2848 4311 τῶν
2875 4255 3052 4325 σοφῶν
3080 4272 3191 4308 σου
3237 4253 3542 4325 φιλοσόφων
3579 4269 3756 4306 κατα-

2159 4352 2328 4424 λείψω
2355 4350 2703 4424 σκοπεῖνηὼς
2730 4350 2796 4404 ἂν
2829 4348 3023 4420 μάθοις
3051 4349 3175 4403 ὅσον
3208 4348 3317 4419 ἄρα
3349 4346 3456 4399 τῶν
3484 4360 3755 4415 χρησμῳ-

2159 4417 2267 4500 δῶν
2320 4461 2413 4498 σου
2450 4417 2943 4514 θεῶν’σοφώτερος
2979 4436 3050 4512 ἦν
3083 4417 3428 4513 καὶδβελτίων
3465 4435 3760 4507 ἄνθρωπος

2158 4543 2186 4594 ὁ
2207 4541 2334 4603 τοὺς
2358 4536 2698 4610 θαυμασίους
2725 4534 3011 4608 χρησμοὺς
3036 4532 3250 4602 ψευδεῖς
3291 4529 3629 4601 άπελέγχων,
3658 4531 3758 4584 καὶ

2160 4634 2253 4687 τὸν
2283 4632 2482 4687 Πύθιον
2514 4631 2699 4693 αὐτὸν,
2744 4631 2830 4700 ἐφ’
2863 4624 2943 4694 οἷς
2976 4628 3177 4700 ἔχρησε
3217 4626 3347 4697 περ)⁵
3387 4624 3759 4699 εἱμαρμένης,

2162 4724 2558 4799 ὲπιρῤαπίζων.
2587 4725 2784 4776 Ἀκουε
2809 4722 2852 4775 δ’
2875 4718 2968 4776 οὖν
2989 4717 3143 4784 αὖθις
3160 4719 3255 4773 τοῦ
3271 4717 3491 4791 τὴντῶν
3506 4716 3762 4785 Γοήτων

2163 4820 2354 4889 φορὰν
2382 4818 2445 4872 τὸ
2484 4819 2683 4871 οἰκεῖον
2717 4814 3154 4886 ἐπονομάσαντος
3177 4811 3515 4883 σύγγραμμα
3538 4851 3553 4875 ,
3583 4809 3662 4874 ὡς
3693 4806 3759 4865 εὖ

2167 4910 2314 4983 μάλα
2341 4908 2576 4979 νεανικῴ
2601 4908 2909 4980 φρονήματι
2928 4905 3022 4960 τὸν
3045 4905 3244 4958 πλάνον
3270 4903 3381 4959 τῶν
3406 4900 3639 4967 πολλῶν,
3661 4906 3764 4959 καὶ

2166 5003 2331 5058 αὐτοῦ
2364 5019 2428 5072 γε
2452 5001 2547 5056 τοῦ
2589 5001 2922 5064 ’Λπόλλωνος
2948 4996 3367 5071 ἐπανορθοῦται,
3412 4996 3480 5050 δι’
3509 4989 3586 5051 ὧν
3621 4998 3768 5069 γρά-

2169 5113 2260 5165 φει
2291 5096 2418 5150 τάδε
2447 5094 2590 5149 κατᾶ
2615 5094 2779 5159 λέξιν.

471 5183 774 5274 termissis,
806 5204 1072 5259 hactenus
1098 5197 1276 5252 allatis
1322 5204 1611 5251 contentus
1650 5209 1766 5249 ero.
1827 5189 1986 5258 Quod
2043 5197 2319 5259 superest,
2368 5188 2523 5259 juvat
2558 5188 2817 5243 nonnulla
2848 5186 2979 5254 tibi,
3024 5194 3213 5256 utpote
3237 5183 3489 5255 propria,
3531 5190 3589 5238 et
3653 5184 3768 5241 tuis

470 5309 581 5364 illis
624 5291 964 5375 sapientibus
1003 5292 1345 5367 philosophis
1391 5291 1618 5362 legenda
1665 5287 2191 5358 contemplandaque
2242 5285 2592 5355 relinquere,
2643 5294 2704 5338 ut
2760 5282 3063 5354 intelligas,
3123 5287 3390 5351 quantum
3434 5278 3772 5333 numinibus

470 5404 582 5457 tuis
604 5372 953 5455 ora—culorum
980 5389 1300 5447 cantoribus
1323 5388 1490 5443 homo
1516 5401 1624 5441 non
1647 5385 1915 5455 sapientia
1959 5391 2193 5447 tantum,
2239 5380 2333 5436 sed
2361 5381 2525 5435 etiam
2556 5380 2869 5450 integritate
2913 5375 3243 5447 praestiterit,
3283 5372 3379 5444 qui
3425 5387 3550 5428 cum
3611 5388 3769 5442 egre—

473 5495 562 5563 gia
593 5490 849 5546 vaticinia
879 5482 1153 5543 mendacii
1195 5492 1250 5539 et
1295 5479 1555 5536 vanitatis
1606 5486 1903 5549 argueret,
1942 5485 2057 5531 tum
2097 5475 2277 5546 ipsum
2313 5489 2533 5546 quoque
2574 5471 2830 5544 Pythium
2898 5470 2970 5526 ob
3028 5484 3093 5525 ea
3118 5510 3133 5536 ,
3182 5482 3305 5540 qua:
3330 5466 3398 5523 de
3422 5464 3535 5521 l‘ato
3564 5466 3766 5533 edidit,

486 5746 519 5757 ’λ
563 5768 592 5797 ι
620 5758 705 5813 τσ.
733 5754 906 5826 αὖθις.
944 5828 953 5835 ⁴
983 5758 1119 5815 Non
1154 5757 1294 5814 deest
1326 5755 1612 5829 βασάνους.
1694 5762 1717 5792 ε
1752 5752 1838 5807 τσ.
1863 5749 1943 5808 δέ.
