  <div class='ocr_page' id='page_1' title='image "/cluster/home/n/w/nwhite01/storage/ocr_20150623/21/nnc1.0046978437/358.png"; bbox 0 0 3894 6220; ppageno 0'>
   <div class='ocr_carea' id='block_1_1' title="bbox 173 369 282 426">
    <p class='ocr_par' dir='ltr' id='par_1_1' title="bbox 173 369 282 426">
     <span class='ocr_line' id='line_1_1' title="bbox 173 369 282 426; baseline 0 0"><span class='ocrx_word' id='word_1_1' title='bbox 173 369 282 426; x_wconf 72' lang='grc'><strong>433</strong></span> 
     </span>
    </p>
   </div>
   <div class='ocr_carea' id='block_1_2' title="bbox 1349 369 2270 429">
    <p class='ocr_par' dir='ltr' id='par_1_2' title="bbox 1349 369 2270 429">
     <span class='ocr_line' id='line_1_2' title="bbox 1349 369 2270 429; baseline 0.003 -3"><span class='ocrx_word' id='word_1_2' title='bbox 1349 369 1673 426; x_wconf 71' lang='grc' dir='ltr'><strong>ΡΒᾹΞΡΑΠ.</strong></span> <span class='ocrx_word' id='word_1_3' title='bbox 1714 370 1968 428; x_wconf 78' lang='lat' dir='ltr'><strong>EVANG.</strong></span> <span class='ocrx_word' id='word_1_4' title='bbox 2010 371 2138 428; x_wconf 85' lang='lat' dir='ltr'><strong>LIB.</strong></span> <span class='ocrx_word' id='word_1_5' title='bbox 2181 373 2270 429; x_wconf 75' lang='lat' dir='ltr'><strong>Vl.</strong></span> 
     </span>
    </p>
   </div>
   <div class='ocr_carea' id='block_1_3' title="bbox 3330 375 3433 431">
    <p class='ocr_par' dir='ltr' id='par_1_3' title="bbox 3330 375 3433 431">
     <span class='ocr_line' id='line_1_3' title="bbox 3330 375 3433 431; baseline 0 -1"><span class='ocrx_word' id='word_1_6' title='bbox 3330 375 3433 431; x_wconf 72' lang='grc' dir='ltr'>ιδι</span> 
     </span>
    </p>
   </div>
   <div class='ocr_carea' id='block_1_4' title="bbox 173 480 3435 559">
    <p class='ocr_par' dir='ltr' id='par_1_4' title="bbox 173 480 3435 559">
     <span class='ocr_line' id='line_1_4' title="bbox 173 480 3435 559; baseline 0.003 -24"><span class='ocrx_word' id='word_1_7' title='bbox 173 496 437 548; x_wconf 85' lang='lat' dir='ltr'><strong>responsa</strong></span> <span class='ocrx_word' id='word_1_8' title='bbox 494 480 791 537; x_wconf 83' lang='lat' dir='ltr'><strong>vellicnret.</strong></span> <span class='ocrx_word' id='word_1_9' title='bbox 834 482 973 537; x_wconf 81' lang='lat' dir='ltr'><strong>Audi</strong></span> <span class='ocrx_word' id='word_1_10' title='bbox 1017 497 1170 553; x_wconf 79' lang='lat' dir='ltr'><strong>ergo,</strong></span> <span class='ocrx_word' id='word_1_11' title='bbox 1220 486 1681 554; x_wconf 84' lang='lat' dir='ltr'><strong>quemadmodum</strong></span> <span class='ocrx_word' id='word_1_12' title='bbox 1708 488 2062 558; x_wconf 83' lang='lat' dir='ltr'><strong>philosOphus</strong></span> <span class='ocrx_word' id='word_1_13' title='bbox 2092 489 2200 555; x_wconf 89' lang='lat' dir='ltr'><strong>ille,</strong></span> <span class='ocrx_word' id='word_1_14' title='bbox 2258 489 2351 559; x_wconf 89' lang='lat' dir='ltr'><strong>qui</strong></span> <span class='ocrx_word' id='word_1_15' title='bbox 2384 504 2542 544; x_wconf 91' lang='lat' dir='ltr'><strong>suum</strong></span> <span class='ocrx_word' id='word_1_16' title='bbox 2573 488 2689 559; x_wconf 90' lang='lat' dir='ltr'><strong>ipse</strong></span> <span class='ocrx_word' id='word_1_17' title='bbox 2745 505 2904 559; x_wconf 91' lang='lat' dir='ltr'><strong>opus,</strong></span> <span class='ocrx_word' id='word_1_18' title='bbox 2939 487 3299 559; x_wconf 77' lang='lat' dir='ltr'><strong>Maleﬁcorum</strong></span> <span class='ocrx_word' id='word_1_19' title='bbox 3334 492 3435 546; x_wconf 82' lang='lat' dir='ltr'><strong>im-</strong></span> 
     </span>
    </p>
   </div>
   <div class='ocr_carea' id='block_1_5' title="bbox 171 573 3435 653">
    <p class='ocr_par' dir='ltr' id='par_1_5' title="bbox 171 573 3435 653">
     <span class='ocr_line' id='line_1_5' title="bbox 171 573 3435 653; baseline 0.004 -28"><span class='ocrx_word' id='word_1_20' title='bbox 171 583 348 641; x_wconf 84' lang='lat' dir='ltr'><strong>petum</strong></span> <span class='ocrx_word' id='word_1_21' title='bbox 384 573 685 643; x_wconf 88' lang='lat' dir='ltr'><strong>inscripsit,</strong></span> <span class='ocrx_word' id='word_1_22' title='bbox 718 590 993 644; x_wconf 87' lang='lat' dir='ltr'><strong>quamque</strong></span> <span class='ocrx_word' id='word_1_23' title='bbox 1026 575 1224 632; x_wconf 77' lang='lat' dir='ltr'><strong>acriter</strong></span> <span class='ocrx_word' id='word_1_24' title='bbox 1253 592 1317 632; x_wconf 93' lang='lat' dir='ltr'><strong>ac</strong></span> <span class='ocrx_word' id='word_1_25' title='bbox 1340 586 1594 647; x_wconf 76' lang='lat' dir='ltr'><strong>strenue,</strong></span> <span class='ocrx_word' id='word_1_26' title='bbox 1626 594 1751 635; x_wconf 87' lang='lat' dir='ltr'><strong>cum</strong></span> <span class='ocrx_word' id='word_1_27' title='bbox 1794 581 1964 653; x_wconf 88' lang='lat' dir='ltr'><strong>vulgi,</strong></span> <span class='ocrx_word' id='word_1_28' title='bbox 1994 592 2106 636; x_wconf 87' lang='lat' dir='ltr'><strong>tum</strong></span> <span class='ocrx_word' id='word_1_29' title='bbox 2132 582 2304 651; x_wconf 86' lang='lat' dir='ltr'><strong>ipsius</strong></span> <span class='ocrx_word' id='word_1_30' title='bbox 2328 596 2544 651; x_wconf 91' lang='lat' dir='ltr'><strong>quoque</strong></span> <span class='ocrx_word' id='word_1_31' title='bbox 2574 580 2841 651; x_wconf 85' lang='lat' dir='ltr'><strong>Apollinis</strong></span> <span class='ocrx_word' id='word_1_32' title='bbox 2904 579 3117 637; x_wconf 81' lang='lat' dir='ltr'><strong>fabulas</strong></span> <span class='ocrx_word' id='word_1_33' title='bbox 3178 581 3435 653; x_wconf 85' lang='lat' dir='ltr'><strong>ineptias-</strong></span> 
     </span>
    </p>
   </div>
   <div class='ocr_carea' id='block_1_6' title="bbox 170 668 1459 740">
    <p class='ocr_par' dir='ltr' id='par_1_6' title="bbox 170 668 1459 740">
     <span class='ocr_line' id='line_1_6' title="bbox 170 668 1459 740; baseline 0.006 -20"><span class='ocrx_word' id='word_1_34' title='bbox 170 683 277 738; x_wconf 89' lang='lat' dir='ltr'><strong>que</strong></span> <span class='ocrx_word' id='word_1_35' title='bbox 300 668 551 740; x_wconf 88' lang='lat' dir='ltr'><strong>castiget.</strong></span> <span class='ocrx_word' id='word_1_36' title='bbox 594 668 685 724; x_wconf 87' lang='lat' dir='ltr'><strong>Sic</strong></span> <span class='ocrx_word' id='word_1_37' title='bbox 709 669 854 724; x_wconf 89' lang='lat' dir='ltr'><strong>enim</strong></span> <span class='ocrx_word' id='word_1_38' title='bbox 891 669 959 723; x_wconf 91' lang='lat' dir='ltr'><strong>ad</strong></span> <span class='ocrx_word' id='word_1_39' title='bbox 989 672 1219 727; x_wconf 82' lang='lat' dir='ltr'><strong>verbum</strong></span> <span class='ocrx_word' id='word_1_40' title='bbox 1245 674 1459 728; x_wconf 85' lang='lat' dir='ltr'><strong>scribit.</strong></span> 
     </span>
    </p>
   </div>
   <div class='ocr_carea' id='block_1_7' title="bbox 723 810 1216 868">
    <p class='ocr_par' dir='ltr' id='par_1_7' title="bbox 723 810 1216 868">
     <span class='ocr_line' id='line_1_7' title="bbox 723 810 1216 868; baseline 0.012 -7"><span class='ocrx_word' id='word_1_41' title='bbox 723 810 1118 865; x_wconf 79' lang='grc' dir='ltr'><strong>ΚΕΦΑΛᾹῙΟΝ</strong></span> <span class='ocrx_word' id='word_1_42' title='bbox 1146 811 1216 868; x_wconf 90' lang='grc' dir='ltr'><strong>Ζ’.</strong></span> 
     </span>
    </p>
   </div>
   <div class='ocr_carea' id='block_1_8' title="bbox 1779 825 1828 883">
    <p class='ocr_par' dir='ltr' id='par_1_8' title="bbox 1779 825 1828 883">
     <span class='ocr_line' id='line_1_8' title="bbox 1779 825 1828 883; baseline 0 0"><span class='ocrx_word' id='word_1_43' title='bbox 1779 825 1828 883; x_wconf 85' lang='grc' dir='ltr'><strong>Α</strong></span> 
     </span>
    </p>
   </div>
   <div class='ocr_carea' id='block_1_9' title="bbox 2350 812 2928 886">
    <p class='ocr_par' dir='ltr' id='par_1_9' title="bbox 2350 812 2928 886">
     <span class='ocr_line' id='line_1_9' title="bbox 2350 812 2928 886; baseline -0.002 -17"><span class='ocrx_word' id='word_1_44' title='bbox 2350 814 2510 886; x_wconf 76' lang='lat'><strong>255</strong></span> <span class='ocrx_word' id='word_1_45' title='bbox 2547 812 2777 870; x_wconf 81' lang='lat' dir='ltr'><strong>CAPUT</strong></span> <span class='ocrx_word' id='word_1_46' title='bbox 2818 814 2928 869; x_wconf 87' lang='lat' dir='ltr'><strong>vn.</strong></span> 
     </span>
    </p>
   </div>
   <div class='ocr_carea' id='block_1_10' title="bbox 162 937 1734 1031">
    <p class='ocr_par' dir='ltr' id='par_1_10' title="bbox 162 937 1734 1031">
     <span class='ocr_line' id='line_1_10' title="bbox 162 937 1734 1031; baseline 0.004 -39"><span class='ocrx_word' id='word_1_47' title='bbox 162 940 365 1031; x_wconf 57' lang='grc' dir='ltr'>Ὀξως</span> <span class='ocrx_word' id='word_1_48' title='bbox 396 940 497 1027; x_wconf 59' lang='lat' dir='ltr'><strong>zeal</strong></span> <span class='ocrx_word' id='word_1_49' title='bbox 520 937 721 1017; x_wconf 61' lang='grc' dir='ltr'><strong>αζντῶν</strong></span> <span class='ocrx_word' id='word_1_50' title='bbox 758 938 1062 1031; x_wconf 47' lang='grc' dir='ltr'><strong>’ξλτῖήνωτ</strong></span> <span class='ocrx_word' id='word_1_51' title='bbox 1090 946 1142 995; x_wconf 81' lang='lat' dir='ltr'><strong>ol</strong></span> <span class='ocrx_word' id='word_1_52' title='bbox 1160 945 1482 1031; x_wconf 41' lang='grc' dir='ltr'>φιὲιςξ-σοφοι</span> <span class='ocrx_word' id='word_1_53' title='bbox 1505 946 1734 1031; x_wconf 33' lang='lat' dir='ltr'><strong>Atat-1:631</strong></span> 
     </span>
    </p>
   </div>
   <div class='ocr_carea' id='block_1_11' title="bbox 1845 937 3428 1031">
    <p class='ocr_par' dir='ltr' id='par_1_11' title="bbox 1866 945 3428 1031">
     <span class='ocr_line' id='line_1_11' title="bbox 1866 945 3428 1031; baseline 0.003 -31"><span class='ocrx_word' id='word_1_54' title='bbox 1866 945 2321 1031; x_wconf 77' lang='lat' dir='ltr'><strong>Qttemadmodum</strong></span> <span class='ocrx_word' id='word_1_55' title='bbox 2364 946 2489 1031; x_wconf 49' lang='lat' dir='ltr'><strong>ipsi.</strong></span> <span class='ocrx_word' id='word_1_56' title='bbox 2515 962 2717 1031; x_wconf 69' lang='lat' dir='ltr'><strong>quoque</strong></span> <span class='ocrx_word' id='word_1_57' title='bbox 2760 947 3064 1031; x_wconf 65' lang='lat' dir='ltr'><strong>Grccorttm</strong></span> <span class='ocrx_word' id='word_1_58' title='bbox 3106 948 3428 1031; x_wconf 68' lang='lat' dir='ltr'><strong>philesophi,</strong></span> 
     </span>
    </p>
   </div>
   <div class='ocr_carea' id='block_1_12' title="bbox 234 1007 1757 1086">
    <p class='ocr_par' dir='ltr' id='par_1_12' title="bbox 234 1007 1757 1086">
     <span class='ocr_line' id='line_1_12' title="bbox 234 1007 1757 1086; baseline 0.005 -26"><span class='ocrx_word' id='word_1_59' title='bbox 234 1007 403 1086; x_wconf 56' lang='grc' dir='ltr'><strong>ρειςῶγΔ</strong></span> <span class='ocrx_word' id='word_1_60' title='bbox 429 1009 631 1086; x_wconf 39' lang='grc' dir='ltr'><strong>αἱς-τῶν</strong></span> <span class='ocrx_word' id='word_1_61' title='bbox 648 1010 791 1086; x_wconf 67' lang='grc' dir='ltr'><strong>⁸περὶ</strong></span> <span class='ocrx_word' id='word_1_62' title='bbox 819 1007 1178 1086; x_wconf 57' lang='grc' dir='ltr'>εἱραρίιένςηςί</span> <span class='ocrx_word' id='word_1_63' title='bbox 1191 1007 1401 1086; x_wconf 29' lang='grc' dir='ltr'><em>Αδόξαξ</em></span> <span class='ocrx_word' id='word_1_64' title='bbox 1425 1007 1757 1086; x_wconf 64' lang='grc' dir='ltr'>ὀρθοέέροις</span> 
     </span>
    </p>
   </div>
   <div class='ocr_carea' id='block_1_13' title="bbox 235 1078 1610 1156">
    <p class='ocr_par' dir='ltr' id='par_1_13' title="bbox 235 1078 1610 1156">
     <span class='ocr_line' id='line_1_13' title="bbox 235 1078 1610 1156; baseline 0.007 -25"><span class='ocrx_word' id='word_1_65' title='bbox 235 1078 599 1149; x_wconf 61' lang='grc' dir='ltr'>ἀετήλεγξαν</span> <span class='ocrx_word' id='word_1_66' title='bbox 623 1078 959 1151; x_wconf 75' lang='grc' dir='ltr'>λογισμοῖς,</span> <span class='ocrx_word' id='word_1_67' title='bbox 989 1078 1106 1136; x_wconf 78' lang='grc' dir='ltr'>ἀπὸ</span> <span class='ocrx_word' id='word_1_68' title='bbox 1130 1078 1261 1138; x_wconf 53' lang='grc' dir='ltr'><strong>ἑῶν</strong></span> <span class='ocrx_word' id='word_1_69' title='bbox 1298 1078 1610 1156; x_wconf 61' lang='grc' dir='ltr'>Οὶὶιοίιάου.</span> 
     </span>
    </p>
   </div>
   <div class='ocr_carea' id='block_1_14' title="bbox 238 1207 1754 1289">
    <p class='ocr_par' dir='ltr' id='par_1_14' title="bbox 238 1207 1754 1289">
     <span class='ocr_line' id='line_1_14' title="bbox 238 1207 1754 1289; baseline 0.007 -27"><span class='ocrx_word' id='word_1_70' title='bbox 238 1228 258 1261; x_wconf 77' lang='grc' dir='ltr'><strong>ι</strong></span> <span class='ocrx_word' id='word_1_71' title='bbox 295 1211 366 1263; x_wconf 77' lang='grc' dir='ltr'><strong>Σὲ</strong></span> <span class='ocrx_word' id='word_1_72' title='bbox 390 1207 486 1265; x_wconf 81' lang='grc' dir='ltr'>οὖν</span> <span class='ocrx_word' id='word_1_73' title='bbox 518 1212 578 1265; x_wconf 82' lang='grc' dir='ltr'>ὲν</span> <span class='ocrx_word' id='word_1_74' title='bbox 608 1212 835 1283; x_wconf 80' lang='grc' dir='ltr'><strong>Δελφοῖς</strong></span> <span class='ocrx_word' id='word_1_75' title='bbox 870 1214 1144 1286; x_wconf 77' lang='grc' dir='ltr'>καθῆσθαι</span> <span class='ocrx_word' id='word_1_76' title='bbox 1176 1217 1251 1289; x_wconf 77' lang='grc' dir='ltr'>μὴ</span> <span class='ocrx_word' id='word_1_77' title='bbox 1273 1216 1568 1288; x_wconf 82' lang='grc' dir='ltr'>δυνάμενον</span> <span class='ocrx_word' id='word_1_78' title='bbox 1586 1258 1601 1281; x_wconf 92' lang='grc'><strong>,</strong></span> <span class='ocrx_word' id='word_1_79' title='bbox 1630 1218 1754 1289; x_wconf 79' lang='grc' dir='ltr'><strong>μηδ’</strong></span> 
     </span>
    </p>
   </div>
   <div class='ocr_carea' id='block_1_15' title="bbox 159 1303 1754 1382">
    <p class='ocr_par' dir='ltr' id='par_1_15' title="bbox 159 1303 1754 1382">
     <span class='ocr_line' id='line_1_15' title="bbox 159 1303 1754 1382; baseline 0.006 -26"><span class='ocrx_word' id='word_1_80' title='bbox 159 1305 209 1357; x_wconf 78' lang='grc' dir='ltr'><strong>εἰ</strong></span> <span class='ocrx_word' id='word_1_81' title='bbox 243 1303 461 1373; x_wconf 81' lang='grc' dir='ltr'>βούλοιο</span> <span class='ocrx_word' id='word_1_82' title='bbox 496 1307 728 1376; x_wconf 80' lang='grc' dir='ltr'>σιωπᾷν.</span> <span class='ocrx_word' id='word_1_83' title='bbox 786 1307 844 1360; x_wconf 88' lang='lat'><strong>&#39;0</strong></span> <span class='ocrx_word' id='word_1_84' title='bbox 874 1307 917 1360; x_wconf 77' lang='grc' dir='ltr'><strong>δ’</strong></span> <span class='ocrx_word' id='word_1_85' title='bbox 953 1308 1225 1362; x_wconf 81' lang='grc' dir='ltr'>Ἀπόλλων</span> <span class='ocrx_word' id='word_1_86' title='bbox 1271 1309 1382 1382; x_wconf 78' lang='grc' dir='ltr'>ἄρα</span> <span class='ocrx_word' id='word_1_87' title='bbox 1424 1313 1452 1364; x_wconf 85' lang='grc' dir='ltr'>ὁ</span> <span class='ocrx_word' id='word_1_88' title='bbox 1494 1311 1588 1364; x_wconf 81' lang='grc' dir='ltr'><strong>τοῦ</strong></span> <span class='ocrx_word' id='word_1_89' title='bbox 1632 1312 1754 1376; x_wconf 83' lang='grc' dir='ltr'>Διὸς</span> 
     </span>
    </p>
   </div>
   <div class='ocr_carea' id='block_1_16' title="bbox 161 1395 1753 1470">
    <p class='ocr_par' dir='ltr' id='par_1_16' title="bbox 161 1395 1753 1470">
     <span class='ocr_line' id='line_1_16' title="bbox 161 1395 1753 1470; baseline 0.006 -23"><span class='ocrx_word' id='word_1_90' title='bbox 161 1395 277 1458; x_wconf 72' lang='lat' dir='ltr'><strong>Lib;</strong></span> <span class='ocrx_word' id='word_1_91' title='bbox 333 1396 454 1448; x_wconf 82' lang='grc' dir='ltr'>νυνὶ</span> <span class='ocrx_word' id='word_1_92' title='bbox 498 1395 769 1467; x_wconf 81' lang='grc' dir='ltr'>βούλεται,</span> <span class='ocrx_word' id='word_1_93' title='bbox 816 1398 914 1469; x_wconf 74' lang='grc' dir='ltr'><strong>οὐχ</strong></span> <span class='ocrx_word' id='word_1_94' title='bbox 944 1399 1026 1452; x_wconf 84' lang='grc' dir='ltr'><strong>ὅτι</strong></span> <span class='ocrx_word' id='word_1_95' title='bbox 1062 1398 1340 1470; x_wconf 77' lang='grc' dir='ltr'>βούλεται,</span> <span class='ocrx_word' id='word_1_96' title='bbox 1385 1400 1498 1455; x_wconf 85' lang='grc' dir='ltr'>ἀλλ’</span> <span class='ocrx_word' id='word_1_97' title='bbox 1544 1403 1627 1455; x_wconf 80' lang='grc' dir='ltr'><strong>ὅτι</strong></span> <span class='ocrx_word' id='word_1_98' title='bbox 1660 1404 1753 1458; x_wconf 81' lang='grc' dir='ltr'><strong>ὑπ’</strong></span> 
     </span>
    </p>
   </div>
   <div class='ocr_carea' id='block_1_17' title="bbox 161 1489 1755 1567">
    <p class='ocr_par' dir='ltr' id='par_1_17' title="bbox 161 1489 1755 1567">
     <span class='ocr_line' id='line_1_17' title="bbox 161 1489 1755 1567; baseline 0.007 -27"><span class='ocrx_word' id='word_1_99' title='bbox 161 1489 411 1559; x_wconf 73' lang='grc' dir='ltr'>ἀνάγκης</span> <span class='ocrx_word' id='word_1_100' title='bbox 434 1490 516 1553; x_wconf 73' lang='grc' dir='ltr'>εἰς</span> <span class='ocrx_word' id='word_1_101' title='bbox 540 1490 605 1543; x_wconf 83' lang='grc' dir='ltr'><strong>τὸ</strong></span> <span class='ocrx_word' id='word_1_102' title='bbox 635 1489 962 1564; x_wconf 78' lang='grc' dir='ltr'><strong>βουληθῆναι</strong></span> <span class='ocrx_word' id='word_1_103' title='bbox 993 1492 1274 1548; x_wconf 77' lang='grc' dir='ltr'><strong>τέτακται.</strong></span> <span class='ocrx_word' id='word_1_104' title='bbox 1300 1496 1452 1548; x_wconf 84' lang='grc' dir='ltr'>Δοκῶ</span> <span class='ocrx_word' id='word_1_105' title='bbox 1484 1495 1541 1549; x_wconf 85' lang='grc' dir='ltr'><strong>δέ</strong></span> <span class='ocrx_word' id='word_1_106' title='bbox 1571 1497 1755 1567; x_wconf 84' lang='grc' dir='ltr'>μοιτά</span> 
     </span>
    </p>
   </div>
   <div class='ocr_carea' id='block_1_18' title="bbox 157 1579 1753 1656">
    <p class='ocr_par' dir='ltr' id='par_1_18' title="bbox 157 1579 1753 1656">
     <span class='ocr_line' id='line_1_18' title="bbox 157 1579 1753 1656; baseline 0.006 -24"><span class='ocrx_word' id='word_1_107' title='bbox 157 1579 319 1633; x_wconf 84' lang='grc' dir='ltr'>λοιπά</span> <span class='ocrx_word' id='word_1_108' title='bbox 354 1580 536 1634; x_wconf 82' lang='grc' dir='ltr'>πάντα</span> <span class='ocrx_word' id='word_1_109' title='bbox 568 1583 786 1653; x_wconf 78' lang='grc' dir='ltr'>παρεὶς,</span> <span class='ocrx_word' id='word_1_110' title='bbox 810 1583 997 1656; x_wconf 77' lang='grc' dir='ltr'>ἐπειδὴ</span> <span class='ocrx_word' id='word_1_111' title='bbox 1021 1585 1102 1648; x_wconf 77' lang='grc' dir='ltr'><strong>εἰς</strong></span> <span class='ocrx_word' id='word_1_112' title='bbox 1120 1584 1310 1639; x_wconf 82' lang='grc' dir='ltr'>τοῦτον</span> <span class='ocrx_word' id='word_1_113' title='bbox 1335 1586 1427 1639; x_wconf 84' lang='grc' dir='ltr'><strong>τὸν</strong></span> <span class='ocrx_word' id='word_1_114' title='bbox 1458 1586 1633 1656; x_wconf 86' lang='grc' dir='ltr'>λόγον,</span> <span class='ocrx_word' id='word_1_115' title='bbox 1654 1589 1753 1642; x_wconf 86' lang='grc' dir='ltr'><strong>οὐκ</strong></span> 
     </span>
    </p>
   </div>
   <div class='ocr_carea' id='block_1_19' title="bbox 154 1665 1753 1749">
    <p class='ocr_par' dir='ltr' id='par_1_19' title="bbox 154 1665 1753 1749">
     <span class='ocr_line' id='line_1_19' title="bbox 154 1665 1753 1749; baseline 0.006 -27"><span class='ocrx_word' id='word_1_116' title='bbox 154 1665 253 1724; x_wconf 80' lang='grc' dir='ltr'><strong>οἷδ’</strong></span> <span class='ocrx_word' id='word_1_117' title='bbox 285 1673 465 1737; x_wconf 84' lang='grc' dir='ltr'>ὅπως,</span> <span class='ocrx_word' id='word_1_118' title='bbox 497 1674 771 1746; x_wconf 81' lang='grc' dir='ltr'>ὑπήχθην,</span> <span class='ocrx_word' id='word_1_119' title='bbox 803 1677 1004 1729; x_wconf 72' lang='grc' dir='ltr'>οἰκεῖόν</span> <span class='ocrx_word' id='word_1_120' title='bbox 1048 1693 1102 1729; x_wconf 88' lang='grc' dir='ltr'>τι</span> <span class='ocrx_word' id='word_1_121' title='bbox 1132 1678 1226 1731; x_wconf 73' lang='grc' dir='ltr'><strong>καὶ</strong></span> <span class='ocrx_word' id='word_1_122' title='bbox 1265 1678 1620 1749; x_wconf 79' lang='grc' dir='ltr'>ἀξιοζήτητον</span> <span class='ocrx_word' id='word_1_123' title='bbox 1655 1678 1753 1749; x_wconf 80' lang='grc' dir='ltr'><strong>ζη-</strong></span> 
     </span>
    </p>
   </div>
   <div class='ocr_carea' id='block_1_20' title="bbox 153 1766 1749 1841">
    <p class='ocr_par' dir='ltr' id='par_1_20' title="bbox 153 1766 1749 1841">
     <span class='ocr_line' id='line_1_20' title="bbox 153 1766 1749 1841; baseline 0.005 -25"><span class='ocrx_word' id='word_1_124' title='bbox 153 1766 345 1836; x_wconf 75' lang='grc' dir='ltr'>τήσειν</span> <span class='ocrx_word' id='word_1_125' title='bbox 373 1767 631 1836; x_wconf 74' lang='grc' dir='ltr'>πρᾶγμα.</span> <span class='ocrx_word' id='word_1_126' title='bbox 678 1767 949 1821; x_wconf 83' lang='grc' dir='ltr'>Ἀπόλωλε</span> <span class='ocrx_word' id='word_1_127' title='bbox 977 1769 1106 1841; x_wconf 84' lang='grc' dir='ltr'>γὰρ,</span> <span class='ocrx_word' id='word_1_128' title='bbox 1138 1769 1201 1823; x_wconf 85' lang='grc' dir='ltr'><strong>τό</strong></span> <span class='ocrx_word' id='word_1_129' title='bbox 1221 1773 1271 1838; x_wconf 83' lang='grc' dir='ltr'><strong>γ’</strong></span> <span class='ocrx_word' id='word_1_130' title='bbox 1299 1770 1392 1824; x_wconf 75' lang='grc' dir='ltr'><strong>ἐπὶ</strong></span> <span class='ocrx_word' id='word_1_131' title='bbox 1414 1773 1525 1834; x_wconf 83' lang='grc' dir='ltr'>τοῖς</span> <span class='ocrx_word' id='word_1_132' title='bbox 1546 1774 1749 1840; x_wconf 78' lang='grc' dir='ltr'><strong>σοφοῖς,</strong></span> 
     </span>
    </p>
   </div>
   <div class='ocr_carea' id='block_1_21' title="bbox 152 1858 1752 1930">
    <p class='ocr_par' dir='ltr' id='par_1_21' title="bbox 152 1858 1752 1930">
     <span class='ocr_line' id='line_1_21' title="bbox 152 1858 1752 1930; baseline 0.002 -19"><span class='ocrx_word' id='word_1_133' title='bbox 152 1861 218 1912; x_wconf 80' lang='grc' dir='ltr'><strong>ὲκ</strong></span> <span class='ocrx_word' id='word_1_134' title='bbox 253 1858 357 1911; x_wconf 77' lang='grc' dir='ltr'><strong>τοῦ</strong></span> <span class='ocrx_word' id='word_1_135' title='bbox 408 1858 749 1927; x_wconf 79' lang='grc' dir='ltr'>ἀνθρωπίνου</span> <span class='ocrx_word' id='word_1_136' title='bbox 793 1859 945 1930; x_wconf 75' lang='grc' dir='ltr'>βίον,</span> <span class='ocrx_word' id='word_1_137' title='bbox 991 1861 1291 1925; x_wconf 83' lang='grc' dir='ltr'><strong>ἀπόλωλεν,</strong></span> <span class='ocrx_word' id='word_1_138' title='bbox 1337 1863 1445 1915; x_wconf 72' lang='grc' dir='ltr'>εἴτε</span> <span class='ocrx_word' id='word_1_139' title='bbox 1479 1862 1641 1916; x_wconf 86' lang='grc' dir='ltr'>οἴακά</span> <span class='ocrx_word' id='word_1_140' title='bbox 1668 1880 1752 1926; x_wconf 85' lang='grc' dir='ltr'>τις</span> 
     </span>
    </p>
   </div>
   <div class='ocr_carea' id='block_1_22' title="bbox 152 1949 1750 2026">
    <p class='ocr_par' dir='ltr' id='par_1_22' title="bbox 152 1949 1750 2026">
     <span class='ocr_line' id='line_1_22' title="bbox 152 1949 1750 2026; baseline 0.003 -22"><span class='ocrx_word' id='word_1_141' title='bbox 152 1949 309 2014; x_wconf 70' lang='grc' dir='ltr'>αὐτὸ,</span> <span class='ocrx_word' id='word_1_142' title='bbox 348 1949 462 2003; x_wconf 79' lang='grc' dir='ltr'>εἴτε</span> <span class='ocrx_word' id='word_1_143' title='bbox 484 1950 651 2021; x_wconf 81' lang='grc' dir='ltr'>ἓρμα,</span> <span class='ocrx_word' id='word_1_144' title='bbox 689 1953 797 2005; x_wconf 78' lang='grc' dir='ltr'>εἴτε</span> <span class='ocrx_word' id='word_1_145' title='bbox 827 1953 1071 2024; x_wconf 80' lang='grc' dir='ltr'><strong>κρηπῖδα</strong></span> <span class='ocrx_word' id='word_1_146' title='bbox 1096 1954 1376 2025; x_wconf 81' lang='grc' dir='ltr'>ὀνομάζει,</span> <span class='ocrx_word' id='word_1_147' title='bbox 1418 1957 1519 2026; x_wconf 83' lang='grc' dir='ltr'><strong>τῆς</strong></span> <span class='ocrx_word' id='word_1_148' title='bbox 1550 1955 1750 2025; x_wconf 79' lang='grc' dir='ltr'>ἡμετὲ-</span> 
     </span>
    </p>
   </div>
   <div class='ocr_carea' id='block_1_23' title="bbox 154 2039 1748 2115">
    <p class='ocr_par' dir='ltr' id='par_1_23' title="bbox 154 2039 1748 2115">
     <span class='ocr_line' id='line_1_23' title="bbox 154 2039 1748 2115; baseline 0.004 -23"><span class='ocrx_word' id='word_1_149' title='bbox 154 2056 253 2111; x_wconf 73' lang='lat' dir='ltr'><strong>pa;</strong></span> <span class='ocrx_word' id='word_1_150' title='bbox 288 2039 442 2111; x_wconf 77' lang='grc' dir='ltr'>ζωῆς</span> <span class='ocrx_word' id='word_1_151' title='bbox 470 2042 502 2112; x_wconf 82' lang='grc' dir='ltr'><strong>ἡ</strong></span> <span class='ocrx_word' id='word_1_152' title='bbox 528 2040 743 2105; x_wconf 77' lang='grc' dir='ltr'><strong>ἐξουσία</strong></span> <span class='ocrx_word' id='word_1_153' title='bbox 762 2059 775 2071; x_wconf 92' lang='grc'><strong>·</strong></span> <span class='ocrx_word' id='word_1_154' title='bbox 808 2042 874 2113; x_wconf 76' lang='grc' dir='ltr'>ἦν</span> <span class='ocrx_word' id='word_1_155' title='bbox 904 2044 1065 2113; x_wconf 77' lang='grc' dir='ltr'>ἡμεῖς</span> <span class='ocrx_word' id='word_1_156' title='bbox 1091 2044 1191 2114; x_wconf 83' lang='grc' dir='ltr'>μὲν</span> <span class='ocrx_word' id='word_1_157' title='bbox 1223 2045 1604 2115; x_wconf 74' lang='grc' dir='ltr'><strong>αὐτοκράτορα</strong></span> <span class='ocrx_word' id='word_1_158' title='bbox 1639 2044 1748 2098; x_wconf 82' lang='grc' dir='ltr'>τῶν</span> 
     </span>
    </p>
   </div>
   <div class='ocr_carea' id='block_1_24' title="bbox 152 2133 1746 2208">
    <p class='ocr_par' dir='ltr' id='par_1_24' title="bbox 152 2133 1746 2208">
     <span class='ocr_line' id='line_1_24' title="bbox 152 2133 1746 2208; baseline 0.001 -22"><span class='ocrx_word' id='word_1_159' title='bbox 152 2133 608 2201; x_wconf 80' lang='grc' dir='ltr'><strong>ἀναγκαιοτάτων</strong></span> <span class='ocrx_word' id='word_1_160' title='bbox 639 2134 900 2203; x_wconf 77' lang='grc' dir='ltr'><strong>τιθέμεθα</strong></span> <span class='ocrx_word' id='word_1_161' title='bbox 921 2152 934 2166; x_wconf 76' lang='grc' dir='ltr'><strong>ο</strong></span> <span class='ocrx_word' id='word_1_162' title='bbox 970 2135 1310 2208; x_wconf 83' lang='grc' dir='ltr'>Δημόκριτος</span> <span class='ocrx_word' id='word_1_163' title='bbox 1342 2136 1398 2188; x_wconf 82' lang='grc' dir='ltr'><strong>δέ</strong></span> <span class='ocrx_word' id='word_1_164' title='bbox 1434 2136 1545 2206; x_wconf 59' lang='lat'><strong>(68)</strong></span> <span class='ocrx_word' id='word_1_165' title='bbox 1585 2153 1670 2204; x_wconf 86' lang='grc' dir='ltr'>γε,</span> <span class='ocrx_word' id='word_1_166' title='bbox 1697 2136 1746 2187; x_wconf 80' lang='grc' dir='ltr'>εἰ</span> 
     </span>
    </p>
   </div>
   <div class='ocr_carea' id='block_1_25' title="bbox 1931 1016 3432 1085">
    <p class='ocr_par' dir='ltr' id='par_1_25' title="bbox 1931 1016 3432 1085">
     <span class='ocr_line' id='line_1_25' title="bbox 1931 1016 3432 1085; baseline 0.003 -14"><span class='ocrx_word' id='word_1_167' title='bbox 1931 1019 2149 1071; x_wconf 85' lang='lat' dir='ltr'><strong>deorum</strong></span> <span class='ocrx_word' id='word_1_168' title='bbox 2192 1017 2424 1085; x_wconf 80' lang='lat' dir='ltr'><strong>ipsorum</strong></span> <span class='ocrx_word' id='word_1_169' title='bbox 2456 1016 2519 1069; x_wconf 78' lang='lat' dir='ltr'><strong>de</strong></span> <span class='ocrx_word' id='word_1_170' title='bbox 2549 1016 2662 1083; x_wconf 81' lang='lat' dir='ltr'><strong>fato</strong></span> <span class='ocrx_word' id='word_1_171' title='bbox 2687 1021 2974 1073; x_wconf 70' lang='lat' dir='ltr'><strong>sententias</strong></span> <span class='ocrx_word' id='word_1_172' title='bbox 3014 1016 3319 1075; x_wconf 63' lang='lat' dir='ltr'><strong>sanioribui</strong></span> <span class='ocrx_word' id='word_1_173' title='bbox 3342 1016 3432 1075; x_wconf 57' lang='lat' dir='ltr'><strong>ar?-</strong></span> 
     </span>
    </p>
   </div>
   <div class='ocr_carea' id='block_1_26' title="bbox 1933 1086 3214 1158">
    <p class='ocr_par' dir='ltr' id='par_1_26' title="bbox 1933 1086 3214 1158">
     <span class='ocr_line' id='line_1_26' title="bbox 1933 1086 3214 1158; baseline 0.002 -18"><span class='ocrx_word' id='word_1_174' title='bbox 1933 1088 2196 1158; x_wconf 85' lang='lat' dir='ltr'><strong>gumentis</strong></span> <span class='ocrx_word' id='word_1_175' title='bbox 2227 1086 2574 1156; x_wconf 82' lang='lat' dir='ltr'><strong>confutarint,</strong></span> <span class='ocrx_word' id='word_1_176' title='bbox 2607 1103 2672 1141; x_wconf 81' lang='lat' dir='ltr'><strong>ea:</strong></span> <span class='ocrx_word' id='word_1_177' title='bbox 2699 1087 2960 1144; x_wconf 70' lang='lat' dir='ltr'><strong>(Enomai</strong></span> <span class='ocrx_word' id='word_1_178' title='bbox 2985 1090 3214 1158; x_wconf 75' lang='lat' dir='ltr'><strong>scriptis.</strong></span> 
     </span>
    </p>
   </div>
   <div class='ocr_carea' id='block_1_27' title="bbox 1937 1215 3430 1290">
    <p class='ocr_par' dir='ltr' id='par_1_27' title="bbox 1937 1215 3430 1290">
     <span class='ocr_line' id='line_1_27' title="bbox 1937 1215 3430 1290; baseline 0.004 -21"><span class='ocrx_word' id='word_1_179' title='bbox 1937 1236 1957 1269; x_wconf 75' lang='grc' dir='ltr'><strong>ι</strong></span> <span class='ocrx_word' id='word_1_180' title='bbox 1992 1215 2068 1271; x_wconf 93' lang='lat' dir='ltr'><strong>Te</strong></span> <span class='ocrx_word' id='word_1_181' title='bbox 2090 1217 2255 1286; x_wconf 78' lang='lat' dir='ltr'><strong>igitur</strong></span> <span class='ocrx_word' id='word_1_182' title='bbox 2288 1215 2507 1285; x_wconf 82' lang='lat' dir='ltr'><strong>Delphis</strong></span> <span class='ocrx_word' id='word_1_183' title='bbox 2535 1216 2843 1285; x_wconf 82' lang='lat' dir='ltr'><strong>considere,</strong></span> <span class='ocrx_word' id='word_1_184' title='bbox 2875 1232 2941 1273; x_wconf 90' lang='lat' dir='ltr'><strong>ac</strong></span> <span class='ocrx_word' id='word_1_185' title='bbox 2962 1234 3032 1273; x_wconf 87' lang='lat' dir='ltr'><strong>ne</strong></span> <span class='ocrx_word' id='word_1_186' title='bbox 3064 1218 3113 1275; x_wconf 94' lang='lat' dir='ltr'><strong>si</strong></span> <span class='ocrx_word' id='word_1_187' title='bbox 3143 1220 3277 1275; x_wconf 90' lang='lat' dir='ltr'><strong>velis</strong></span> <span class='ocrx_word' id='word_1_188' title='bbox 3305 1221 3430 1290; x_wconf 86' lang='lat' dir='ltr'><strong>qui-</strong></span> 
     </span>
    </p>
   </div>
   <div class='ocr_carea' id='block_1_28' title="bbox 1857 1306 3509 1383">
    <p class='ocr_par' dir='ltr' id='par_1_28' title="bbox 1857 1306 3509 1383">
     <span class='ocr_line' id='line_1_28' title="bbox 1857 1306 3509 1383; baseline 0.002 -21"><span class='ocrx_word' id='word_1_189' title='bbox 1857 1307 2005 1371; x_wconf 87' lang='lat' dir='ltr'><strong>dem,</strong></span> <span class='ocrx_word' id='word_1_190' title='bbox 2039 1307 2199 1361; x_wconf 86' lang='lat' dir='ltr'><strong>silere</strong></span> <span class='ocrx_word' id='word_1_191' title='bbox 2229 1314 2408 1360; x_wconf 89' lang='lat' dir='ltr'><strong>tamen</strong></span> <span class='ocrx_word' id='word_1_192' title='bbox 2448 1322 2628 1376; x_wconf 82' lang='lat' dir='ltr'><strong>posse.</strong></span> <span class='ocrx_word' id='word_1_193' title='bbox 2671 1306 2828 1364; x_wconf 88' lang='lat' dir='ltr'><strong>Nunc</strong></span> <span class='ocrx_word' id='word_1_194' title='bbox 2868 1309 3147 1365; x_wconf 83' lang='lat' dir='ltr'><strong>enimvero</strong></span> <span class='ocrx_word' id='word_1_195' title='bbox 3188 1312 3303 1367; x_wconf 89' lang='lat' dir='ltr'><strong>vult</strong></span> <span class='ocrx_word' id='word_1_196' title='bbox 3329 1312 3429 1366; x_wconf 76' lang='lat' dir='ltr'><strong>ali~</strong></span> <span class='ocrx_word' id='word_1_197' title='bbox 3498 1374 3509 1383; x_wconf 36' lang='grc' dir='ltr'><strong>ο</strong></span> 
     </span>
    </p>
   </div>
   <div class='ocr_carea' id='block_1_29' title="bbox 1858 1396 3428 1470">
    <p class='ocr_par' dir='ltr' id='par_1_29' title="bbox 1858 1396 3428 1470">
     <span class='ocr_line' id='line_1_29' title="bbox 1858 1396 3428 1470; baseline 0.005 -19"><span class='ocrx_word' id='word_1_198' title='bbox 1858 1398 1989 1468; x_wconf 87' lang='lat' dir='ltr'><strong>quid</strong></span> <span class='ocrx_word' id='word_1_199' title='bbox 2021 1397 2215 1469; x_wconf 84' lang='lat' dir='ltr'><strong>Apollo</strong></span> <span class='ocrx_word' id='word_1_200' title='bbox 2257 1396 2411 1453; x_wconf 82' lang='lat' dir='ltr'><strong>Jovis</strong></span> <span class='ocrx_word' id='word_1_201' title='bbox 2439 1397 2621 1465; x_wconf 83' lang='lat' dir='ltr'><strong>filius,</strong></span> <span class='ocrx_word' id='word_1_202' title='bbox 2664 1413 2774 1454; x_wconf 92' lang='lat' dir='ltr'><strong>non</strong></span> <span class='ocrx_word' id='word_1_203' title='bbox 2819 1400 2964 1470; x_wconf 90' lang='lat' dir='ltr'><strong>quod</strong></span> <span class='ocrx_word' id='word_1_204' title='bbox 2998 1400 3070 1456; x_wconf 91' lang='lat' dir='ltr'><strong>ita</strong></span> <span class='ocrx_word' id='word_1_205' title='bbox 3112 1402 3280 1467; x_wconf 89' lang='lat' dir='ltr'><strong>velit,</strong></span> <span class='ocrx_word' id='word_1_206' title='bbox 3334 1404 3428 1459; x_wconf 87' lang='lat' dir='ltr'><strong>sed</strong></span> 
     </span>
    </p>
   </div>
   <div class='ocr_carea' id='block_1_30' title="bbox 1856 1488 3427 1561">
    <p class='ocr_par' dir='ltr' id='par_1_30' title="bbox 1856 1488 3427 1561">
     <span class='ocr_line' id='line_1_30' title="bbox 1856 1488 3427 1561; baseline 0.004 -18"><span class='ocrx_word' id='word_1_207' title='bbox 1856 1489 2003 1559; x_wconf 91' lang='lat' dir='ltr'><strong>quod</strong></span> <span class='ocrx_word' id='word_1_208' title='bbox 2049 1489 2129 1543; x_wconf 91' lang='lat' dir='ltr'><strong>uti</strong></span> <span class='ocrx_word' id='word_1_209' title='bbox 2152 1488 2320 1549; x_wconf 89' lang='lat' dir='ltr'><strong>velit.</strong></span> <span class='ocrx_word' id='word_1_210' title='bbox 2368 1490 2692 1545; x_wconf 87' lang='lat' dir='ltr'><strong>necessitate</strong></span> <span class='ocrx_word' id='word_1_211' title='bbox 2737 1491 3007 1561; x_wconf 79' lang='lat' dir='ltr'><strong>adigatur.</strong></span> <span class='ocrx_word' id='word_1_212' title='bbox 3039 1491 3224 1549; x_wconf 80' lang='lat' dir='ltr'><strong>Placet</strong></span> <span class='ocrx_word' id='word_1_213' title='bbox 3262 1509 3427 1560; x_wconf 86' lang='lat' dir='ltr'><strong>vero,</strong></span> 
     </span>
    </p>
   </div>
   <div class='ocr_carea' id='block_1_31' title="bbox 1856 1579 3428 1653">
    <p class='ocr_par' dir='ltr' id='par_1_31' title="bbox 1856 1579 3428 1653">
     <span class='ocr_line' id='line_1_31' title="bbox 1856 1579 3428 1653; baseline 0.004 -20"><span class='ocrx_word' id='word_1_214' title='bbox 1856 1580 2070 1635; x_wconf 67' lang='lat' dir='ltr'><strong>caeteris</strong></span> <span class='ocrx_word' id='word_1_215' title='bbox 2102 1579 2359 1636; x_wconf 90' lang='lat' dir='ltr'><strong>omnibus</strong></span> <span class='ocrx_word' id='word_1_216' title='bbox 2391 1581 2793 1649; x_wconf 57' lang='lat' dir='ltr'><strong>praetermissis,</strong></span> <span class='ocrx_word' id='word_1_217' title='bbox 2832 1583 3052 1653; x_wconf 84' lang='lat' dir='ltr'><strong>quando</strong></span> <span class='ocrx_word' id='word_1_218' title='bbox 3081 1584 3251 1640; x_wconf 90' lang='lat' dir='ltr'><strong>semel</strong></span> <span class='ocrx_word' id='word_1_219' title='bbox 3276 1623 3292 1647; x_wconf 85' lang='lat'><strong>,</strong></span> <span class='ocrx_word' id='word_1_220' title='bbox 3336 1601 3428 1641; x_wconf 86' lang='lat' dir='ltr'><strong>ne—</strong></span> 
     </span>
    </p>
   </div>
   <div class='ocr_carea' id='block_1_32' title="bbox 1854 1673 3427 1756">
    <p class='ocr_par' dir='ltr' id='par_1_32' title="bbox 1854 1673 3427 1756">
     <span class='ocr_line' id='line_1_32' title="bbox 1854 1673 3427 1756; baseline 0.003 -28"><span class='ocrx_word' id='word_1_221' title='bbox 1854 1673 1973 1728; x_wconf 85' lang='lat' dir='ltr'><strong>scio</strong></span> <span class='ocrx_word' id='word_1_222' title='bbox 2000 1687 2113 1743; x_wconf 90' lang='lat' dir='ltr'><strong>quo</strong></span> <span class='ocrx_word' id='word_1_223' title='bbox 2142 1682 2303 1742; x_wconf 89' lang='lat' dir='ltr'><strong>pacto</strong></span> <span class='ocrx_word' id='word_1_224' title='bbox 2328 1673 2467 1728; x_wconf 89' lang='lat' dir='ltr'><strong>hanc</strong></span> <span class='ocrx_word' id='word_1_225' title='bbox 2497 1673 2551 1727; x_wconf 92' lang='lat' dir='ltr'><strong>in</strong></span> <span class='ocrx_word' id='word_1_226' title='bbox 2580 1674 2880 1728; x_wconf 87' lang='lat' dir='ltr'><strong>orationem</strong></span> <span class='ocrx_word' id='word_1_227' title='bbox 2929 1676 3091 1730; x_wconf 88' lang='lat' dir='ltr'><strong>incidi</strong></span> <span class='ocrx_word' id='word_1_228' title='bbox 3112 1714 3137 1756; x_wconf 39' lang='grc' dir='ltr'>,Ι</span> <span class='ocrx_word' id='word_1_229' title='bbox 3166 1678 3427 1747; x_wconf 63' lang='lat' dir='ltr'><strong>quaestio-</strong></span> 
     </span>
    </p>
   </div>
   <div class='ocr_carea' id='block_1_33' title="bbox 1855 1763 3428 1839">
    <p class='ocr_par' dir='ltr' id='par_1_33' title="bbox 1855 1763 3428 1839">
     <span class='ocr_line' id='line_1_33' title="bbox 1855 1763 3428 1839; baseline 0.003 -19"><span class='ocrx_word' id='word_1_230' title='bbox 1855 1780 1977 1820; x_wconf 88' lang='lat' dir='ltr'><strong>nem</strong></span> <span class='ocrx_word' id='word_1_231' title='bbox 2003 1780 2128 1820; x_wconf 88' lang='lat' dir='ltr'><strong>cum</strong></span> <span class='ocrx_word' id='word_1_232' title='bbox 2165 1764 2328 1834; x_wconf 86' lang='lat' dir='ltr'><strong>hujus</strong></span> <span class='ocrx_word' id='word_1_233' title='bbox 2353 1763 2458 1820; x_wconf 86' lang='lat' dir='ltr'><strong>loci</strong></span> <span class='ocrx_word' id='word_1_234' title='bbox 2492 1765 2768 1835; x_wconf 88' lang='lat' dir='ltr'><strong>propriam</strong></span> <span class='ocrx_word' id='word_1_235' title='bbox 2789 1805 2803 1828; x_wconf 91' lang='lat'><strong>,</strong></span> <span class='ocrx_word' id='word_1_236' title='bbox 2839 1774 2953 1820; x_wconf 90' lang='lat' dir='ltr'><strong>tum</strong></span> <span class='ocrx_word' id='word_1_237' title='bbox 2986 1766 3123 1821; x_wconf 88' lang='lat' dir='ltr'><strong>scitu</strong></span> <span class='ocrx_word' id='word_1_238' title='bbox 3164 1768 3428 1839; x_wconf 61' lang='lat' dir='ltr'><strong>dignissio</strong></span> 
     </span>
    </p>
   </div>
   <div class='ocr_carea' id='block_1_34' title="bbox 1854 1854 3424 1929">
    <p class='ocr_par' dir='ltr' id='par_1_34' title="bbox 1854 1854 3424 1929">
     <span class='ocr_line' id='line_1_34' title="bbox 1854 1854 3424 1929; baseline 0.003 -18"><span class='ocrx_word' id='word_1_239' title='bbox 1854 1873 1998 1911; x_wconf 86' lang='lat' dir='ltr'><strong>tuam</strong></span> <span class='ocrx_word' id='word_1_240' title='bbox 2020 1864 2298 1912; x_wconf 78' lang='lat' dir='ltr'><strong>excutere.</strong></span> <span class='ocrx_word' id='word_1_241' title='bbox 2332 1854 2559 1910; x_wconf 88' lang='lat' dir='ltr'><strong>Sublata</strong></span> <span class='ocrx_word' id='word_1_242' title='bbox 2581 1854 2840 1909; x_wconf 89' lang='lat' dir='ltr'><strong>nimirum</strong></span> <span class='ocrx_word' id='word_1_243' title='bbox 2869 1855 3133 1923; x_wconf 89' lang='lat' dir='ltr'><strong>funditus,</strong></span> <span class='ocrx_word' id='word_1_244' title='bbox 3158 1869 3424 1929; x_wconf 89' lang='lat' dir='ltr'><strong>quantum</strong></span> 
     </span>
    </p>
   </div>
   <div class='ocr_carea' id='block_1_35' title="bbox 1853 1948 3425 2018">
    <p class='ocr_par' dir='ltr' id='par_1_35' title="bbox 1853 1948 3425 2018">
     <span class='ocr_line' id='line_1_35' title="bbox 1853 1948 3425 2018; baseline 0.003 -14"><span class='ocrx_word' id='word_1_245' title='bbox 1853 1958 1938 2004; x_wconf 88' lang='lat' dir='ltr'><strong>est</strong></span> <span class='ocrx_word' id='word_1_246' title='bbox 1970 1950 2025 2003; x_wconf 94' lang='lat' dir='ltr'><strong>in</strong></span> <span class='ocrx_word' id='word_1_247' title='bbox 2051 1949 2255 2005; x_wconf 87' lang='lat' dir='ltr'><strong>nostris</strong></span> <span class='ocrx_word' id='word_1_248' title='bbox 2281 1948 2641 2018; x_wconf 78' lang='lat' dir='ltr'><strong>sapientibus,</strong></span> <span class='ocrx_word' id='word_1_249' title='bbox 2667 1963 2732 2003; x_wconf 85' lang='lat' dir='ltr'><strong>ex</strong></span> <span class='ocrx_word' id='word_1_250' title='bbox 2767 1948 3006 2004; x_wconf 87' lang='lat' dir='ltr'><strong>humana</strong></span> <span class='ocrx_word' id='word_1_251' title='bbox 3031 1950 3159 2013; x_wconf 83' lang='lat' dir='ltr'><strong>vita,</strong></span> <span class='ocrx_word' id='word_1_252' title='bbox 3188 1959 3274 2006; x_wconf 84' lang='lat' dir='ltr'><strong>est</strong></span> <span class='ocrx_word' id='word_1_253' title='bbox 3294 1953 3425 2008; x_wconf 86' lang='lat' dir='ltr'><strong>sub-</strong></span> 
     </span>
    </p>
   </div>
   <div class='ocr_carea' id='block_1_36' title="bbox 1853 2039 3422 2111">
    <p class='ocr_par' dir='ltr' id='par_1_36' title="bbox 1853 2039 3422 2111">
     <span class='ocr_line' id='line_1_36' title="bbox 1853 2039 3422 2111; baseline 0.003 -16"><span class='ocrx_word' id='word_1_254' title='bbox 1853 2041 1985 2104; x_wconf 89' lang='lat' dir='ltr'><strong>lata,</strong></span> <span class='ocrx_word' id='word_1_255' title='bbox 2016 2042 2266 2111; x_wconf 88' lang='lat' dir='ltr'><strong>inquam,</strong></span> <span class='ocrx_word' id='word_1_256' title='bbox 2298 2039 2532 2096; x_wconf 84' lang='lat' dir='ltr'><strong>facultas</strong></span> <span class='ocrx_word' id='word_1_257' title='bbox 2563 2040 2676 2104; x_wconf 91' lang='lat' dir='ltr'><strong>illa,</strong></span> <span class='ocrx_word' id='word_1_258' title='bbox 2702 2056 2869 2111; x_wconf 88' lang='lat' dir='ltr'><strong>quam</strong></span> <span class='ocrx_word' id='word_1_259' title='bbox 2892 2042 3133 2111; x_wconf 87' lang='lat' dir='ltr'><strong>ejusdem</strong></span> <span class='ocrx_word' id='word_1_260' title='bbox 3165 2044 3288 2099; x_wconf 59' lang='lat' dir='ltr'><strong>vitae</strong></span> <span class='ocrx_word' id='word_1_261' title='bbox 3327 2059 3422 2100; x_wconf 87' lang='lat' dir='ltr'><strong>seu</strong></span> 
     </span>
    </p>
   </div>
   <div class='ocr_carea' id='block_1_37' title="bbox 1852 2131 3427 2204">
    <p class='ocr_par' dir='ltr' id='par_1_37' title="bbox 1852 2131 3427 2204">
     <span class='ocr_line' id='line_1_37' title="bbox 1852 2131 3427 2204; baseline 0.001 -17"><span class='ocrx_word' id='word_1_262' title='bbox 1852 2134 2104 2188; x_wconf 87' lang='lat' dir='ltr'><strong>columen</strong></span> <span class='ocrx_word' id='word_1_263' title='bbox 2139 2132 2349 2197; x_wconf 77' lang='lat' dir='ltr'><strong>mavis,</strong></span> <span class='ocrx_word' id='word_1_264' title='bbox 2400 2147 2496 2187; x_wconf 90' lang='lat' dir='ltr'><strong>seu</strong></span> <span class='ocrx_word' id='word_1_265' title='bbox 2525 2132 2759 2203; x_wconf 91' lang='lat' dir='ltr'><strong>denique</strong></span> <span class='ocrx_word' id='word_1_266' title='bbox 2794 2131 3207 2188; x_wconf 83' lang='lat' dir='ltr'><strong>fundamentum</strong></span> <span class='ocrx_word' id='word_1_267' title='bbox 3241 2136 3427 2204; x_wconf 88' lang='lat' dir='ltr'><strong>appel-</strong></span> 
     </span>
    </p>
   </div>
   <div class='ocr_carea' id='block_1_38' title="bbox 151 2223 1734 2297">
    <p class='ocr_par' dir='ltr' id='par_1_38' title="bbox 151 2223 1734 2297">
     <span class='ocr_line' id='line_1_38' title="bbox 151 2223 1734 2297; baseline 0.003 -21"><span class='ocrx_word' id='word_1_268' title='bbox 151 2226 228 2293; x_wconf 82' lang='grc' dir='ltr'>μή</span> <span class='ocrx_word' id='word_1_269' title='bbox 260 2241 316 2277; x_wconf 82' lang='grc' dir='ltr'>τι</span> <span class='ocrx_word' id='word_1_270' title='bbox 353 2223 667 2296; x_wconf 73' lang='grc' dir='ltr'>ἠπάτημαι,</span> <span class='ocrx_word' id='word_1_271' title='bbox 704 2226 1165 2296; x_wconf 79' lang='grc' dir='ltr'>καὶΧρύσιππος,</span> <span class='ocrx_word' id='word_1_272' title='bbox 1195 2229 1224 2281; x_wconf 85' lang='grc' dir='ltr'>ὁ</span> <span class='ocrx_word' id='word_1_273' title='bbox 1252 2228 1351 2297; x_wconf 87' lang='grc' dir='ltr'>μὲν</span> <span class='ocrx_word' id='word_1_274' title='bbox 1383 2228 1589 2293; x_wconf 81' lang='grc' dir='ltr'>δοῦλον,</span> <span class='ocrx_word' id='word_1_275' title='bbox 1627 2229 1655 2280; x_wconf 86' lang='grc' dir='ltr'>ὁ</span> <span class='ocrx_word' id='word_1_276' title='bbox 1687 2227 1734 2281; x_wconf 78' lang='grc' dir='ltr'><strong>δὲ</strong></span> 
     </span>
    </p>
   </div>
   <div class='ocr_carea' id='block_1_39' title="bbox 1845 2223 3425 2297">
    <p class='ocr_par' dir='ltr' id='par_1_39' title="bbox 1851 2224 3425 2295">
     <span class='ocr_line' id='line_1_39' title="bbox 1851 2224 3425 2295; baseline 0.001 -16"><span class='ocrx_word' id='word_1_277' title='bbox 1851 2225 1929 2281; x_wconf 86' lang='lat' dir='ltr'><strong>les</strong></span> <span class='ocrx_word' id='word_1_278' title='bbox 1976 2224 2102 2280; x_wconf 92' lang='lat' dir='ltr'><strong>licet</strong></span> <span class='ocrx_word' id='word_1_279' title='bbox 2140 2242 2154 2279; x_wconf 91' lang='lat'><strong>:</strong></span> <span class='ocrx_word' id='word_1_280' title='bbox 2190 2239 2294 2278; x_wconf 85' lang='lat' dir='ltr'><strong>nos</strong></span> <span class='ocrx_word' id='word_1_281' title='bbox 2324 2239 2554 2279; x_wconf 70' lang='lat' dir='ltr'><strong>summat</strong></span> <span class='ocrx_word' id='word_1_282' title='bbox 2585 2239 2806 2295; x_wconf 93' lang='lat' dir='ltr'><strong>quoque</strong></span> <span class='ocrx_word' id='word_1_283' title='bbox 2856 2225 3197 2282; x_wconf 89' lang='lat' dir='ltr'><strong>necessitatis</strong></span> <span class='ocrx_word' id='word_1_284' title='bbox 3249 2227 3425 2281; x_wconf 56' lang='lat' dir='ltr'><strong>domie</strong></span> 
     </span>
    </p>
   </div>
   <div class='ocr_carea' id='block_1_40' title="bbox 149 2314 1748 2389">
    <p class='ocr_par' dir='ltr' id='par_1_40' title="bbox 149 2314 1748 2389">
     <span class='ocr_line' id='line_1_40' title="bbox 149 2314 1748 2389; baseline 0.004 -23"><span class='ocrx_word' id='word_1_285' title='bbox 149 2314 446 2383; x_wconf 82' lang='grc' dir='ltr'>ἠμίδουλον</span> <span class='ocrx_word' id='word_1_286' title='bbox 478 2317 684 2369; x_wconf 75' lang='grc' dir='ltr'>ἐπινοεῖ</span> <span class='ocrx_word' id='word_1_287' title='bbox 718 2318 781 2371; x_wconf 86' lang='grc' dir='ltr'><strong>τὸ</strong></span> <span class='ocrx_word' id='word_1_288' title='bbox 803 2317 1089 2371; x_wconf 67' lang='grc' dir='ltr'>κάλλιπεν-ον</span> <span class='ocrx_word' id='word_1_289' title='bbox 1110 2318 1219 2371; x_wconf 83' lang='grc' dir='ltr'><strong>τῶν</strong></span> <span class='ocrx_word' id='word_1_290' title='bbox 1242 2317 1595 2389; x_wconf 76' lang='grc' dir='ltr'>ἀνθρωπίνων</span> <span class='ocrx_word' id='word_1_291' title='bbox 1626 2320 1748 2372; x_wconf 81' lang='grc' dir='ltr'>ἐπι-</span> 
     </span>
    </p>
   </div>
   <div class='ocr_carea' id='block_1_41' title="bbox 1852 2312 3425 2385">
    <p class='ocr_par' dir='ltr' id='par_1_41' title="bbox 1852 2312 3425 2385">
     <span class='ocr_line' id='line_1_41' title="bbox 1852 2312 3425 2385; baseline 0.003 -17"><span class='ocrx_word' id='word_1_292' title='bbox 1852 2329 1977 2368; x_wconf 89' lang='lat' dir='ltr'><strong>nam</strong></span> <span class='ocrx_word' id='word_1_293' title='bbox 2009 2314 2453 2384; x_wconf 88' lang='lat' dir='ltr'><strong>pronuntiamus.</strong></span> <span class='ocrx_word' id='word_1_294' title='bbox 2498 2312 2841 2368; x_wconf 87' lang='lat' dir='ltr'><strong>Democritus</strong></span> <span class='ocrx_word' id='word_1_295' title='bbox 2882 2324 3029 2369; x_wconf 88' lang='lat' dir='ltr'><strong>certe</strong></span> <span class='ocrx_word' id='word_1_296' title='bbox 3072 2315 3324 2385; x_wconf 89' lang='lat' dir='ltr'><strong>quidem,</strong></span> <span class='ocrx_word' id='word_1_297' title='bbox 3371 2332 3425 2373; x_wconf 85' lang='lat' dir='ltr'><strong>ct</strong></span> 
     </span>
    </p>
   </div>
   <div class='ocr_carea' id='block_1_42' title="bbox 146 2403 1734 2482">
    <p class='ocr_par' dir='ltr' id='par_1_42' title="bbox 146 2404 1734 2481">
     <span class='ocr_line' id='line_1_42' title="bbox 146 2404 1734 2481; baseline 0.003 -23"><span class='ocrx_word' id='word_1_298' title='bbox 146 2404 321 2470; x_wconf 79' lang='grc' dir='ltr'>δεῖξαι</span> <span class='ocrx_word' id='word_1_299' title='bbox 354 2418 403 2459; x_wconf 69' lang='grc' dir='ltr'><strong>ι.</strong></span> <span class='ocrx_word' id='word_1_300' title='bbox 455 2406 615 2461; x_wconf 81' lang='grc' dir='ltr'>Ἀλλά</span> <span class='ocrx_word' id='word_1_301' title='bbox 646 2409 851 2463; x_wconf 81' lang='grc' dir='ltr'>τούτων</span> <span class='ocrx_word' id='word_1_302' title='bbox 877 2425 975 2481; x_wconf 87' lang='grc' dir='ltr'><strong>μεν</strong></span> <span class='ocrx_word' id='word_1_303' title='bbox 1009 2410 1165 2479; x_wconf 83' lang='grc' dir='ltr'>λόγος</span> <span class='ocrx_word' id='word_1_304' title='bbox 1190 2410 1443 2463; x_wconf 79' lang='grc' dir='ltr'>τοσοῦτον</span> <span class='ocrx_word' id='word_1_305' title='bbox 1462 2450 1477 2474; x_wconf 91' lang='grc'><strong>,</strong></span> <span class='ocrx_word' id='word_1_306' title='bbox 1517 2410 1639 2462; x_wconf 88' lang='grc' dir='ltr'>ὅσον</span> <span class='ocrx_word' id='word_1_307' title='bbox 1681 2409 1734 2463; x_wconf 67' lang='grc' dir='ltr'><strong>ἀι</strong></span> 
     </span>
    </p>
   </div>
   <div class='ocr_carea' id='block_1_43' title="bbox 1845 2403 3475 2482">
    <p class='ocr_par' dir='ltr' id='par_1_43' title="bbox 1849 2403 3475 2482">
     <span class='ocr_line' id='line_1_43' title="bbox 1849 2403 3475 2482; baseline 0.002 -22"><span class='ocrx_word' id='word_1_308' title='bbox 1849 2405 2211 2476; x_wconf 86' lang='lat' dir='ltr'><strong>Chrysippus,</strong></span> <span class='ocrx_word' id='word_1_309' title='bbox 2256 2405 2364 2459; x_wconf 88' lang='lat' dir='ltr'><strong>nisi</strong></span> <span class='ocrx_word' id='word_1_310' title='bbox 2400 2405 2659 2461; x_wconf 87' lang='lat' dir='ltr'><strong>memoria</strong></span> <span class='ocrx_word' id='word_1_311' title='bbox 2688 2403 2843 2469; x_wconf 88' lang='lat' dir='ltr'><strong>fallit,</strong></span> <span class='ocrx_word' id='word_1_312' title='bbox 2868 2404 3071 2474; x_wconf 84' lang='lat' dir='ltr'><strong>justam</strong></span> <span class='ocrx_word' id='word_1_313' title='bbox 3103 2408 3240 2462; x_wconf 87' lang='lat' dir='ltr'><strong>alter</strong></span> <span class='ocrx_word' id='word_1_314' title='bbox 3268 2424 3424 2476; x_wconf 87' lang='lat' dir='ltr'><strong>esse,</strong></span> <span class='ocrx_word' id='word_1_315' title='bbox 3470 2477 3475 2482; x_wconf 92' lang='lat'>_</span> 
     </span>
    </p>
   </div>
   <div class='ocr_carea' id='block_1_44' title="bbox 144 2496 1734 2572">
    <p class='ocr_par' dir='ltr' id='par_1_44' title="bbox 144 2496 1734 2572">
     <span class='ocr_line' id='line_1_44' title="bbox 144 2496 1734 2572; baseline 0.004 -24"><span class='ocrx_word' id='word_1_316' title='bbox 144 2513 228 2560; x_wconf 81' lang='grc' dir='ltr'>τις</span> <span class='ocrx_word' id='word_1_317' title='bbox 255 2496 550 2561; x_wconf 78' lang='grc' dir='ltr'>ἀξιώσειεν</span> <span class='ocrx_word' id='word_1_318' title='bbox 583 2498 867 2571; x_wconf 79' lang='grc' dir='ltr'>ἄνθρωπος</span> <span class='ocrx_word' id='word_1_319' title='bbox 902 2504 977 2559; x_wconf 81' lang='grc' dir='ltr'><strong>ὢν</strong></span> <span class='ocrx_word' id='word_1_320' title='bbox 1002 2498 1363 2571; x_wconf 85' lang='grc' dir='ltr'>ἀνθρωπίνοις</span> <span class='ocrx_word' id='word_1_321' title='bbox 1386 2500 1440 2554; x_wconf 81' lang='lat' dir='ltr'><strong>b.</strong></span> <span class='ocrx_word' id='word_1_322' title='bbox 1476 2501 1539 2554; x_wconf 79' lang='lat' dir='ltr'><strong>Et</strong></span> <span class='ocrx_word' id='word_1_323' title='bbox 1570 2500 1616 2554; x_wconf 86' lang='grc' dir='ltr'>δ’</span> <span class='ocrx_word' id='word_1_324' title='bbox 1642 2500 1734 2572; x_wconf 66' lang='grc' dir='ltr'><strong>ἤδη</strong></span> 
     </span>
    </p>
   </div>
   <div class='ocr_carea' id='block_1_45' title="bbox 1845 2496 3423 2572">
    <p class='ocr_par' dir='ltr' id='par_1_45' title="bbox 1850 2496 3423 2560">
     <span class='ocr_line' id='line_1_45' title="bbox 1850 2496 3423 2560; baseline 0.002 -8"><span class='ocrx_word' id='word_1_325' title='bbox 1850 2497 1987 2552; x_wconf 89' lang='lat' dir='ltr'><strong>alter</strong></span> <span class='ocrx_word' id='word_1_326' title='bbox 2006 2497 2310 2560; x_wconf 89' lang='lat' dir='ltr'><strong>dimidiam,</strong></span> <span class='ocrx_word' id='word_1_327' title='bbox 2331 2496 2586 2551; x_wconf 66' lang='lat' dir='ltr'><strong>humanae</strong></span> <span class='ocrx_word' id='word_1_328' title='bbox 2609 2505 2815 2551; x_wconf 73' lang='lat' dir='ltr'><strong>natura:</strong></span> <span class='ocrx_word' id='word_1_329' title='bbox 2835 2497 2977 2552; x_wconf 91' lang='lat' dir='ltr'><strong>dotis</strong></span> <span class='ocrx_word' id='word_1_330' title='bbox 2994 2499 3157 2554; x_wconf 90' lang='lat' dir='ltr'><strong>unius</strong></span> <span class='ocrx_word' id='word_1_331' title='bbox 3175 2500 3423 2556; x_wconf 88' lang='lat' dir='ltr'><strong>omnium</strong></span> 
     </span>
    </p>
   </div>
   <div class='ocr_carea' id='block_1_46' title="bbox 143 2588 1734 2665">
    <p class='ocr_par' dir='ltr' id='par_1_46' title="bbox 143 2588 1734 2665">
     <span class='ocr_line' id='line_1_46' title="bbox 143 2588 1734 2665; baseline 0.003 -24"><span class='ocrx_word' id='word_1_332' title='bbox 143 2588 241 2642; x_wconf 81' lang='grc' dir='ltr'><strong>καὶ</strong></span> <span class='ocrx_word' id='word_1_333' title='bbox 267 2589 335 2643; x_wconf 79' lang='grc' dir='ltr'><strong>τὸ</strong></span> <span class='ocrx_word' id='word_1_334' title='bbox 360 2589 505 2643; x_wconf 85' lang='grc' dir='ltr'>θεῖον</span> <span class='ocrx_word' id='word_1_335' title='bbox 528 2591 686 2662; x_wconf 76' lang='grc' dir='ltr'>ἡμῶν</span> <span class='ocrx_word' id='word_1_336' title='bbox 708 2593 1232 2665; x_wconf 78' lang='grc' dir='ltr'>καταστρατεύεται,</span> <span class='ocrx_word' id='word_1_337' title='bbox 1262 2593 1439 2648; x_wconf 82' lang='grc' dir='ltr'>παπαί</span> <span class='ocrx_word' id='word_1_338' title='bbox 1464 2594 1477 2646; x_wconf 89' lang='lat'><strong>!</strong></span> <span class='ocrx_word' id='word_1_339' title='bbox 1511 2588 1600 2645; x_wconf 76' lang='grc' dir='ltr'>οἶα</span> <span class='ocrx_word' id='word_1_340' title='bbox 1630 2610 1734 2645; x_wconf 90' lang='grc' dir='ltr'>πει-</span> 
     </span>
    </p>
   </div>
   <div class='ocr_carea' id='block_1_47' title="bbox 1845 2588 3422 2665">
    <p class='ocr_par' dir='ltr' id='par_1_47' title="bbox 1851 2588 3422 2658">
     <span class='ocr_line' id='line_1_47' title="bbox 1851 2588 3422 2658; baseline 0.003 -16"><span class='ocrx_word' id='word_1_341' title='bbox 1851 2588 2012 2658; x_wconf 86' lang='lat' dir='ltr'><strong>longe</strong></span> <span class='ocrx_word' id='word_1_342' title='bbox 2060 2588 2472 2657; x_wconf 67' lang='lat' dir='ltr'><strong>pulcherrimae,</strong></span> <span class='ocrx_word' id='word_1_343' title='bbox 2521 2588 2876 2654; x_wconf 87' lang='lat' dir='ltr'><strong>servitutem,</strong></span> <span class='ocrx_word' id='word_1_344' title='bbox 2918 2590 3081 2644; x_wconf 89' lang='lat' dir='ltr'><strong>certis</strong></span> <span class='ocrx_word' id='word_1_345' title='bbox 3145 2592 3244 2645; x_wconf 90' lang='lat' dir='ltr'><strong>ahs</strong></span> <span class='ocrx_word' id='word_1_346' title='bbox 3301 2606 3422 2647; x_wconf 89' lang='lat' dir='ltr'><strong>sese</strong></span> 
     </span>
    </p>
   </div>
   <div class='ocr_carea' id='block_1_48' title="bbox 144 2679 1734 2754">
    <p class='ocr_par' dir='ltr' id='par_1_48' title="bbox 144 2683 1734 2754">
     <span class='ocr_line' id='line_1_48' title="bbox 144 2683 1734 2754; baseline 0.001 -19"><span class='ocrx_word' id='word_1_347' title='bbox 144 2683 378 2754; x_wconf 82' lang='grc' dir='ltr'>σόμεθα.</span> <span class='ocrx_word' id='word_1_348' title='bbox 428 2683 569 2737; x_wconf 80' lang='grc' dir='ltr'>Ἀλλ’</span> <span class='ocrx_word' id='word_1_349' title='bbox 596 2685 698 2738; x_wconf 87' lang='grc' dir='ltr'><strong>οὐκ</strong></span> <span class='ocrx_word' id='word_1_350' title='bbox 723 2684 892 2750; x_wconf 79' lang='grc' dir='ltr'>εἰκὸς,</span> <span class='ocrx_word' id='word_1_351' title='bbox 924 2685 1047 2739; x_wconf 76' lang='grc' dir='ltr'>οὐδὲ</span> <span class='ocrx_word' id='word_1_352' title='bbox 1075 2686 1302 2752; x_wconf 77' lang='grc' dir='ltr'>δίκαιον,</span> <span class='ocrx_word' id='word_1_353' title='bbox 1335 2685 1444 2738; x_wconf 84' lang='grc' dir='ltr'><strong>ἀπὺ</strong></span> <span class='ocrx_word' id='word_1_354' title='bbox 1464 2683 1595 2754; x_wconf 79' lang='grc' dir='ltr'>γοῦν</span> <span class='ocrx_word' id='word_1_355' title='bbox 1614 2684 1734 2737; x_wconf 79' lang='grc' dir='ltr'><strong>τού-</strong></span> 
     </span>
    </p>
   </div>
   <div class='ocr_carea' id='block_1_49' title="bbox 1845 2679 3421 2754">
    <p class='ocr_par' dir='ltr' id='par_1_49' title="bbox 1849 2679 3421 2737">
     <span class='ocr_line' id='line_1_49' title="bbox 1849 2679 3421 2737; baseline 0.001 -2"><span class='ocrx_word' id='word_1_356' title='bbox 1849 2681 2156 2735; x_wconf 89' lang='lat' dir='ltr'><strong>ralionibus</strong></span> <span class='ocrx_word' id='word_1_357' title='bbox 2204 2679 2515 2736; x_wconf 86' lang='lat' dir='ltr'><strong>confectum</strong></span> <span class='ocrx_word' id='word_1_358' title='bbox 2551 2681 2906 2735; x_wconf 86' lang='lat' dir='ltr'><strong>arbitrantur.</strong></span> <span class='ocrx_word' id='word_1_359' title='bbox 2958 2680 3156 2736; x_wconf 84' lang='lat' dir='ltr'><strong>Verum</strong></span> <span class='ocrx_word' id='word_1_360' title='bbox 3187 2683 3421 2737; x_wconf 88' lang='lat' dir='ltr'><strong>istorum</strong></span> 
     </span>
    </p>
   </div>
   <div class='ocr_carea' id='block_1_50' title="bbox 139 2771 1734 2846">
    <p class='ocr_par' dir='ltr' id='par_1_50' title="bbox 139 2773 919 2846">
     <span class='ocr_line' id='line_1_50' title="bbox 139 2773 919 2846; baseline 0.004 -21"><span class='ocrx_word' id='word_1_361' title='bbox 139 2788 252 2825; x_wconf 74' lang='grc' dir='ltr'>των</span> <span class='ocrx_word' id='word_1_362' title='bbox 279 2773 744 2844; x_wconf 81' lang='grc' dir='ltr'>τεκμαιρομένοις</span> <span class='ocrx_word' id='word_1_363' title='bbox 765 2775 919 2846; x_wconf 74' lang='grc' dir='ltr'>ἡμῖν.</span> 
     </span>
    </p>
   </div>
   <div class='ocr_carea' id='block_1_51' title="bbox 1845 2771 3421 2846">
    <p class='ocr_par' dir='ltr' id='par_1_51' title="bbox 1845 2771 3421 2841">
     <span class='ocr_line' id='line_1_51' title="bbox 1845 2771 3421 2841; baseline 0.001 -15"><span class='ocrx_word' id='word_1_364' title='bbox 1845 2781 2066 2827; x_wconf 89' lang='lat' dir='ltr'><strong>eatenus</strong></span> <span class='ocrx_word' id='word_1_365' title='bbox 2093 2786 2224 2825; x_wconf 84' lang='lat' dir='ltr'><strong>sane</strong></span> <span class='ocrx_word' id='word_1_366' title='bbox 2263 2772 2404 2826; x_wconf 85' lang='lat' dir='ltr'><strong>ratio</strong></span> <span class='ocrx_word' id='word_1_367' title='bbox 2430 2772 2642 2838; x_wconf 89' lang='lat' dir='ltr'><strong>valeat,</strong></span> <span class='ocrx_word' id='word_1_368' title='bbox 2680 2781 2951 2841; x_wconf 88' lang='lat' dir='ltr'><strong>quatenus</strong></span> <span class='ocrx_word' id='word_1_369' title='bbox 2998 2771 3253 2828; x_wconf 87' lang='lat' dir='ltr'><strong>humanis</strong></span> <span class='ocrx_word' id='word_1_370' title='bbox 3302 2782 3421 2827; x_wconf 85' lang='lat' dir='ltr'><strong>tan-</strong></span> 
     </span>
    </p>
   </div>
   <div class='ocr_carea' id='block_1_52' title="bbox 139 2866 3420 2937">
    <p class='ocr_par' dir='ltr' id='par_1_52' title="bbox 139 2866 3420 2937">
     <span class='ocr_line' id='line_1_52' title="bbox 139 2866 3420 2937; baseline 0.001 -18"><span class='ocrx_word' id='word_1_371' title='bbox 139 2875 259 2921; x_wconf 87' lang='lat' dir='ltr'><strong>tum</strong></span> <span class='ocrx_word' id='word_1_372' title='bbox 296 2867 556 2922; x_wconf 85' lang='lat' dir='ltr'><strong>homines</strong></span> <span class='ocrx_word' id='word_1_373' title='bbox 601 2877 825 2925; x_wconf 84' lang='lat' dir='ltr'><strong>utentur</strong></span> <span class='ocrx_word' id='word_1_374' title='bbox 851 2870 1042 2925; x_wconf 91' lang='lat' dir='ltr'><strong>armis.</strong></span> <span class='ocrx_word' id='word_1_375' title='bbox 1074 2869 1171 2926; x_wconf 85' lang='lat' dir='ltr'><strong>Sin</strong></span> <span class='ocrx_word' id='word_1_376' title='bbox 1197 2880 1380 2923; x_wconf 85' lang='lat' dir='ltr'><strong>autem</strong></span> <span class='ocrx_word' id='word_1_377' title='bbox 1418 2886 1522 2924; x_wconf 88' lang='lat' dir='ltr'><strong>nos</strong></span> <span class='ocrx_word' id='word_1_378' title='bbox 1553 2870 1731 2937; x_wconf 87' lang='lat' dir='ltr'><strong>ipsum</strong></span> <span class='ocrx_word' id='word_1_379' title='bbox 1770 2880 1989 2935; x_wconf 88' lang='lat' dir='ltr'><strong>quoque</strong></span> <span class='ocrx_word' id='word_1_380' title='bbox 2020 2880 2222 2919; x_wconf 90' lang='lat' dir='ltr'><strong>numen</strong></span> <span class='ocrx_word' id='word_1_381' title='bbox 2252 2866 2606 2935; x_wconf 87' lang='lat' dir='ltr'><strong>oppugnabit,</strong></span> <span class='ocrx_word' id='word_1_382' title='bbox 2650 2868 2894 2937; x_wconf 88' lang='lat' dir='ltr'><strong>quinam,</strong></span> <span class='ocrx_word' id='word_1_383' title='bbox 2947 2868 3021 2922; x_wconf 90' lang='lat' dir='ltr'><strong>dii</strong></span> <span class='ocrx_word' id='word_1_384' title='bbox 3078 2867 3242 2923; x_wconf 80' lang='lat' dir='ltr'><strong>boni!</strong></span> <span class='ocrx_word' id='word_1_385' title='bbox 3272 2867 3420 2923; x_wconf 81' lang='lat' dir='ltr'><strong>cala-</strong></span> 
     </span>
    </p>
   </div>
   <div class='ocr_carea' id='block_1_53' title="bbox 140 2959 3419 3032">
    <p class='ocr_par' dir='ltr' id='par_1_53' title="bbox 140 2959 3419 3032">
     <span class='ocr_line' id='line_1_53' title="bbox 140 2959 3419 3032; baseline 0.001 -17"><span class='ocrx_word' id='word_1_386' title='bbox 140 2963 359 3016; x_wconf 81' lang='lat' dir='ltr'><strong>mitatis</strong></span> <span class='ocrx_word' id='word_1_387' title='bbox 389 2971 590 3018; x_wconf 69' lang='lat' dir='ltr'><strong>nostras</strong></span> <span class='ocrx_word' id='word_1_388' title='bbox 637 2965 834 3019; x_wconf 88' lang='lat' dir='ltr'><strong>modus</strong></span> <span class='ocrx_word' id='word_1_389' title='bbox 885 2972 971 3019; x_wconf 88' lang='lat' dir='ltr'><strong>est</strong></span> <span class='ocrx_word' id='word_1_390' title='bbox 1012 2963 1282 3020; x_wconf 87' lang='lat' dir='ltr'><strong>futurus?</strong></span> <span class='ocrx_word' id='word_1_391' title='bbox 1334 2964 1404 3018; x_wconf 79' lang='lat' dir='ltr'><strong>At</strong></span> <span class='ocrx_word' id='word_1_392' title='bbox 1458 2964 1508 3019; x_wconf 86' lang='lat' dir='ltr'><strong>id</strong></span> <span class='ocrx_word' id='word_1_393' title='bbox 1560 2976 1738 3032; x_wconf 89' lang='lat' dir='ltr'><strong>neque</strong></span> <span class='ocrx_word' id='word_1_394' title='bbox 1775 2966 2202 3015; x_wconf 87' lang='lat' dir='ltr'><strong>consentaneum</strong></span> <span class='ocrx_word' id='word_1_395' title='bbox 2232 2959 2495 3030; x_wconf 83' lang='lat' dir='ltr'><strong>profecto,</strong></span> <span class='ocrx_word' id='word_1_396' title='bbox 2553 2977 2731 3031; x_wconf 88' lang='lat' dir='ltr'><strong>neque</strong></span> <span class='ocrx_word' id='word_1_397' title='bbox 2792 2978 2980 3017; x_wconf 90' lang='lat' dir='ltr'><strong>verum</strong></span> <span class='ocrx_word' id='word_1_398' title='bbox 3023 2961 3209 3030; x_wconf 86' lang='lat' dir='ltr'><strong>fuerit,</strong></span> <span class='ocrx_word' id='word_1_399' title='bbox 3251 2963 3305 3019; x_wconf 88' lang='lat' dir='ltr'><strong>si</strong></span> <span class='ocrx_word' id='word_1_400' title='bbox 3349 2979 3419 3019; x_wconf 75' lang='lat' dir='ltr'><strong>ex</strong></span> 
     </span>
    </p>
   </div>
   <div class='ocr_carea' id='block_1_54' title="bbox 141 3055 1732 3128">
    <p class='ocr_par' dir='ltr' id='par_1_54' title="bbox 141 3055 1732 3128">
     <span class='ocr_line' id='line_1_54' title="bbox 141 3055 1732 3128; baseline 0 -19"><span class='ocrx_word' id='word_1_401' title='bbox 141 3055 214 3110; x_wconf 90' lang='lat' dir='ltr'><strong>iis</strong></span> <span class='ocrx_word' id='word_1_402' title='bbox 237 3071 369 3125; x_wconf 68' lang='lat' dir='ltr'><strong>quae</strong></span> <span class='ocrx_word' id='word_1_403' title='bbox 398 3065 726 3125; x_wconf 86' lang='lat' dir='ltr'><strong>sequuntur.</strong></span> <span class='ocrx_word' id='word_1_404' title='bbox 749 3056 1080 3127; x_wconf 69' lang='lat' dir='ltr'><strong>conjectura:</strong></span> <span class='ocrx_word' id='word_1_405' title='bbox 1106 3057 1310 3127; x_wconf 91' lang='lat' dir='ltr'><strong>aliquid</strong></span> <span class='ocrx_word' id='word_1_406' title='bbox 1335 3073 1527 3128; x_wconf 83' lang='lat' dir='ltr'><strong>capere</strong></span> <span class='ocrx_word' id='word_1_407' title='bbox 1553 3056 1732 3112; x_wconf 88' lang='lat' dir='ltr'><strong>liceat.</strong></span> 
     </span>
    </p>
   </div>
   <div class='ocr_carea' id='block_1_55' title="bbox 151 3148 1737 3224">
    <p class='ocr_par' dir='ltr' id='par_1_55' title="bbox 151 3148 1737 3224">
     <span class='ocr_line' id='line_1_55' title="bbox 151 3148 1737 3224; baseline 0.004 -24"><span class='ocrx_word' id='word_1_408' title='bbox 151 3148 368 3218; x_wconf 82' lang='grc' dir='ltr'>Ἐχθρὲ</span> <span class='ocrx_word' id='word_1_409' title='bbox 387 3151 836 3217; x_wconf 71' lang='grc' dir='ltr'>περικτιόνεσσι</span> <span class='ocrx_word' id='word_1_410' title='bbox 875 3150 986 3224; x_wconf 87' lang='grc'>(69)</span> <span class='ocrx_word' id='word_1_411' title='bbox 1004 3192 1020 3216; x_wconf 96' lang='grc'><strong>,</strong></span> <span class='ocrx_word' id='word_1_412' title='bbox 1047 3153 1174 3223; x_wconf 72' lang='grc' dir='ltr'><strong>φίλ’</strong></span> <span class='ocrx_word' id='word_1_413' title='bbox 1206 3152 1556 3208; x_wconf 75' lang='grc' dir='ltr'>ἀθανάτοισι</span> <span class='ocrx_word' id='word_1_414' title='bbox 1585 3152 1737 3209; x_wconf 88' lang='grc' dir='ltr'>θεοῖ-</span> 
     </span>
    </p>
   </div>
   <div class='ocr_carea' id='block_1_56' title="bbox 137 3224 1737 3437">
    <p class='ocr_par' dir='ltr' id='par_1_56' title="bbox 137 3224 1737 3437">
     <span class='ocr_line' id='line_1_56' title="bbox 137 3224 1737 3437; baseline 0.004 -94"><span class='ocrx_word' id='word_1_415' title='bbox 137 3289 312 3343; x_wconf 78' lang='grc' dir='ltr'>Εἷσω</span> <span class='ocrx_word' id='word_1_416' title='bbox 357 3286 471 3341; x_wconf 71' lang='grc' dir='ltr'><strong>τὸν</strong></span> <span class='ocrx_word' id='word_1_417' title='bbox 523 3289 885 3356; x_wconf 75' lang='grc' dir='ltr'>προϐόλαιον</span> <span class='ocrx_word' id='word_1_418' title='bbox 917 3289 1076 3359; x_wconf 77' lang='grc' dir='ltr'><strong>ἔχων</strong></span> <span class='ocrx_word' id='word_1_419' title='bbox 1119 3290 1231 3363; x_wconf 88' lang='grc'>(70)</span> <span class='ocrx_word' id='word_1_420' title='bbox 1277 3224 1737 3437; x_wconf 45' lang='grc' dir='ltr'>πεφυλὲἶέιῖὲιίος</span> 
     </span>
     <span class='ocr_line' id='line_1_57' title="bbox 1520 3382 1655 3437; baseline -0.022 -15"><span class='ocrx_word' id='word_1_421' title='bbox 1520 3382 1655 3437; x_wconf 82' lang='grc' dir='ltr'>ησο.</span> 
     </span>
    </p>
   </div>
   <div class='ocr_carea' id='block_1_57' title="bbox 1520 3382 1655 3437">
    <p class='ocr_par' dir='ltr' id='par_1_57' title="bbox 1520 3382 1655 3437">
     <span class='ocr_line' id='line_1_58' title="bbox 1520 3382 1655 3437; baseline -0.022 -15"><span class='ocrx_word' id='word_1_422' title='bbox 1520 3382 1655 3437; x_wconf 68' lang='lat' dir='ltr'><strong>nco.</strong></span> 
     </span>
    </p>
   </div>
   <div class='ocr_carea' id='block_1_58' title="bbox 139 3449 1729 3529">
    <p class='ocr_par' dir='ltr' id='par_1_58' title="bbox 139 3449 1729 3529">
     <span class='ocr_line' id='line_1_59' title="bbox 139 3449 1729 3529; baseline 0.005 -26"><span class='ocrx_word' id='word_1_423' title='bbox 139 3449 211 3503; x_wconf 76' lang='grc' dir='ltr'><strong>Τί</strong></span> <span class='ocrx_word' id='word_1_424' title='bbox 232 3450 370 3520; x_wconf 82' lang='grc' dir='ltr'>γὰρ,</span> <span class='ocrx_word' id='word_1_425' title='bbox 406 3450 571 3519; x_wconf 76' lang='grc' dir='ltr'>φησὶν</span> <span class='ocrx_word' id='word_1_426' title='bbox 595 3449 624 3500; x_wconf 85' lang='grc' dir='ltr'>ὁ</span> <span class='ocrx_word' id='word_1_427' title='bbox 666 3450 934 3519; x_wconf 82' lang='grc' dir='ltr'>Ἀργεῖος,</span> <span class='ocrx_word' id='word_1_428' title='bbox 975 3453 1025 3504; x_wconf 78' lang='grc' dir='ltr'>εἰ</span> <span class='ocrx_word' id='word_1_429' title='bbox 1057 3451 1348 3525; x_wconf 76' lang='grc' dir='ltr'>βουλοίμην</span> <span class='ocrx_word' id='word_1_430' title='bbox 1396 3455 1574 3521; x_wconf 75' lang='grc' dir='ltr'><strong>ἐξεστί</strong></span> <span class='ocrx_word' id='word_1_431' title='bbox 1617 3474 1729 3529; x_wconf 87' lang='grc' dir='ltr'>μοι,</span> 
     </span>
    </p>
   </div>
   <div class='ocr_carea' id='block_1_59' title="bbox 1842 3142 3074 3214">
    <p class='ocr_par' dir='ltr' id='par_1_59' title="bbox 1842 3142 3074 3214">
     <span class='ocr_line' id='line_1_60' title="bbox 1842 3142 3074 3214; baseline -0.002 -15"><span class='ocrx_word' id='word_1_432' title='bbox 1842 3143 2133 3199; x_wconf 85' lang='lat' dir='ltr'><strong>Finitimas</strong></span> <span class='ocrx_word' id='word_1_433' title='bbox 2154 3158 2309 3197; x_wconf 79' lang='lat' dir='ltr'><strong>exose</strong></span> <span class='ocrx_word' id='word_1_434' title='bbox 2339 3142 2546 3214; x_wconf 81' lang='lat' dir='ltr'><strong>plagas,</strong></span> <span class='ocrx_word' id='word_1_435' title='bbox 2585 3143 2892 3197; x_wconf 85' lang='lat' dir='ltr'><strong>charissime</strong></span> <span class='ocrx_word' id='word_1_436' title='bbox 2915 3144 3074 3211; x_wconf 84' lang='lat' dir='ltr'><strong>divis,</strong></span> 
     </span>
    </p>
   </div>
   <div class='ocr_carea' id='block_1_60' title="bbox 1844 3300 3347 3370">
    <p class='ocr_par' dir='ltr' id='par_1_60' title="bbox 1844 3300 3347 3370">
     <span class='ocr_line' id='line_1_61' title="bbox 1844 3300 3347 3370; baseline -0.001 -13"><span class='ocrx_word' id='word_1_437' title='bbox 1844 3301 2077 3357; x_wconf 86' lang='lat' dir='ltr'><strong>Hastam</strong></span> <span class='ocrx_word' id='word_1_438' title='bbox 2110 3303 2256 3358; x_wconf 84' lang='lat' dir='ltr'><strong>intus</strong></span> <span class='ocrx_word' id='word_1_439' title='bbox 2284 3302 2549 3365; x_wconf 77' lang='lat' dir='ltr'><strong>cohibens,</strong></span> <span class='ocrx_word' id='word_1_440' title='bbox 2584 3310 2846 3370; x_wconf 84' lang='lat' dir='ltr'><strong>tectusque</strong></span> <span class='ocrx_word' id='word_1_441' title='bbox 2874 3300 3049 3354; x_wconf 86' lang='lat' dir='ltr'><strong>sedere</strong></span> <span class='ocrx_word' id='word_1_442' title='bbox 3075 3309 3347 3356; x_wconf 85' lang='lat' dir='ltr'><strong>memento.</strong></span> 
     </span>
    </p>
   </div>
   <div class='ocr_carea' id='block_1_61' title="bbox 1836 3454 3413 3528">
    <p class='ocr_par' dir='ltr' id='par_1_61' title="bbox 1836 3454 3413 3528">
     <span class='ocr_line' id='line_1_62' title="bbox 1836 3454 3413 3528; baseline -0.003 -13"><span class='ocrx_word' id='word_1_443' title='bbox 1836 3457 1977 3526; x_wconf 86' lang='lat' dir='ltr'><strong>Quid</strong></span> <span class='ocrx_word' id='word_1_444' title='bbox 2013 3460 2182 3523; x_wconf 89' lang='lat' dir='ltr'><strong>enim,</strong></span> <span class='ocrx_word' id='word_1_445' title='bbox 2216 3459 2362 3514; x_wconf 87' lang='lat' dir='ltr'><strong>dicat</strong></span> <span class='ocrx_word' id='word_1_446' title='bbox 2391 3457 2624 3528; x_wconf 80' lang='lat' dir='ltr'><strong>Argivus</strong></span> <span class='ocrx_word' id='word_1_447' title='bbox 2650 3497 2664 3521; x_wconf 90' lang='lat'><strong>,</strong></span> <span class='ocrx_word' id='word_1_448' title='bbox 2698 3457 2911 3517; x_wconf 87' lang='lat' dir='ltr'><strong>licetne.</strong></span> <span class='ocrx_word' id='word_1_449' title='bbox 2945 3454 2990 3509; x_wconf 91' lang='lat' dir='ltr'><strong>si</strong></span> <span class='ocrx_word' id='word_1_450' title='bbox 3023 3454 3291 3509; x_wconf 85' lang='lat' dir='ltr'><strong>voluero?</strong></span> <span class='ocrx_word' id='word_1_451' title='bbox 3327 3470 3413 3510; x_wconf 85' lang='lat' dir='ltr'><strong>se-</strong></span> 
     </span>
    </p>
   </div>
   <div class='ocr_carea' id='block_1_62' title="bbox 140 3537 1734 3621">
    <p class='ocr_par' dir='ltr' id='par_1_62' title="bbox 140 3537 1732 3617">
     <span class='ocr_line' id='line_1_63' title="bbox 140 3537 1732 3617; baseline 0.005 -25"><span class='ocrx_word' id='word_1_452' title='bbox 140 3542 238 3593; x_wconf 78' lang='grc' dir='ltr'><strong>καὶ</strong></span> <span class='ocrx_word' id='word_1_453' title='bbox 262 3538 542 3609; x_wconf 77' lang='grc' dir='ltr'>δύναμαι,</span> <span class='ocrx_word' id='word_1_454' title='bbox 575 3537 634 3592; x_wconf 78' lang='grc' dir='ltr'>εἴ</span> <span class='ocrx_word' id='word_1_455' title='bbox 678 3557 768 3611; x_wconf 88' lang='grc' dir='ltr'><strong>μοι</strong></span> <span class='ocrx_word' id='word_1_456' title='bbox 807 3538 993 3604; x_wconf 81' lang='grc' dir='ltr'>δόξαι,</span> <span class='ocrx_word' id='word_1_457' title='bbox 1031 3538 1196 3613; x_wconf 80' lang='grc' dir='ltr'>ἧσθαι</span> <span class='ocrx_word' id='word_1_458' title='bbox 1223 3545 1315 3598; x_wconf 76' lang='grc' dir='ltr'><strong>καὶ</strong></span> <span class='ocrx_word' id='word_1_459' title='bbox 1354 3546 1732 3617; x_wconf 82' lang='grc' dir='ltr'>πεφυλάχθαι;</span> 
     </span>
    </p>
   </div>
   <div class='ocr_carea' id='block_1_63' title="bbox 1845 3537 3413 3621">
    <p class='ocr_par' dir='ltr' id='par_1_63' title="bbox 1845 3544 3413 3621">
     <span class='ocr_line' id='line_1_64' title="bbox 1845 3544 3413 3621; baseline -0.005 -14"><span class='ocrx_word' id='word_1_460' title='bbox 1845 3552 1967 3607; x_wconf 84' lang='lat' dir='ltr'><strong>dere</strong></span> <span class='ocrx_word' id='word_1_461' title='bbox 1994 3566 2243 3621; x_wconf 90' lang='lat' dir='ltr'><strong>possum,</strong></span> <span class='ocrx_word' id='word_1_462' title='bbox 2291 3560 2346 3606; x_wconf 91' lang='lat' dir='ltr'><strong>et</strong></span> <span class='ocrx_word' id='word_1_463' title='bbox 2375 3565 2588 3611; x_wconf 85' lang='lat' dir='ltr'><strong>cavere.</strong></span> <span class='ocrx_word' id='word_1_464' title='bbox 2622 3550 2667 3604; x_wconf 89' lang='lat' dir='ltr'><strong>si</strong></span> <span class='ocrx_word' id='word_1_465' title='bbox 2698 3546 2905 3603; x_wconf 87' lang='lat' dir='ltr'><strong>libeat?</strong></span> <span class='ocrx_word' id='word_1_466' title='bbox 2931 3544 3014 3600; x_wconf 89' lang='lat' dir='ltr'><strong>Tu</strong></span> <span class='ocrx_word' id='word_1_467' title='bbox 3064 3560 3213 3611; x_wconf 87' lang='lat' dir='ltr'><strong>vero,</strong></span> <span class='ocrx_word' id='word_1_468' title='bbox 3248 3546 3413 3601; x_wconf 85' lang='lat' dir='ltr'><strong>licere</strong></span> 
     </span>
    </p>
   </div>
   <div class='ocr_carea' id='block_1_64' title="bbox 143 3631 1730 3707">
    <p class='ocr_par' dir='ltr' id='par_1_64' title="bbox 143 3631 1730 3707">
     <span class='ocr_line' id='line_1_65' title="bbox 143 3631 1730 3707; baseline 0.006 -23"><span class='ocrx_word' id='word_1_469' title='bbox 143 3632 424 3696; x_wconf 76' lang='grc' dir='ltr'>Ἔξεστιν,</span> <span class='ocrx_word' id='word_1_470' title='bbox 449 3632 626 3695; x_wconf 78' lang='grc' dir='ltr'>εἴποις</span> <span class='ocrx_word' id='word_1_471' title='bbox 654 3631 741 3696; x_wconf 80' lang='grc' dir='ltr'>ἂν,</span> <span class='ocrx_word' id='word_1_472' title='bbox 773 3635 866 3686; x_wconf 73' lang='grc' dir='ltr'>καὶ</span> <span class='ocrx_word' id='word_1_473' title='bbox 895 3634 1145 3689; x_wconf 75' lang='grc' dir='ltr'>δύνασαιο</span> <span class='ocrx_word' id='word_1_474' title='bbox 1178 3636 1209 3707; x_wconf 81' lang='grc' dir='ltr'>ἢ</span> <span class='ocrx_word' id='word_1_475' title='bbox 1242 3638 1359 3701; x_wconf 79' lang='grc' dir='ltr'><strong>πῶς</strong></span> <span class='ocrx_word' id='word_1_476' title='bbox 1391 3638 1455 3691; x_wconf 80' lang='grc' dir='ltr'>ἄν</span> <span class='ocrx_word' id='word_1_477' title='bbox 1479 3656 1558 3692; x_wconf 87' lang='grc' dir='ltr'><strong>σοι</strong></span> <span class='ocrx_word' id='word_1_478' title='bbox 1587 3639 1730 3693; x_wconf 78' lang='grc' dir='ltr'><strong>τοῦτ’</strong></span> 
     </span>
    </p>
   </div>
   <div class='ocr_carea' id='block_1_65' title="bbox 139 3722 687 3795">
    <p class='ocr_par' dir='ltr' id='par_1_65' title="bbox 139 3722 687 3795">
     <span class='ocr_line' id='line_1_66' title="bbox 139 3722 687 3795; baseline 0.002 -19"><span class='ocrx_word' id='word_1_479' title='bbox 139 3722 256 3791; x_wconf 68' lang='grc' dir='ltr'><strong>ἐγὼ</strong></span> <span class='ocrx_word' id='word_1_480' title='bbox 282 3723 687 3795; x_wconf 78' lang='grc' dir='ltr'>προσέταττον;</span> 
     </span>
    </p>
   </div>
   <div class='ocr_carea' id='block_1_66' title="bbox 216 3923 1297 4000">
    <p class='ocr_par' dir='ltr' id='par_1_66' title="bbox 216 3923 1297 4000">
     <span class='ocr_line' id='line_1_67' title="bbox 216 3923 1297 4000; baseline 0.008 -24"><span class='ocrx_word' id='word_1_481' title='bbox 216 3933 244 3962; x_wconf 72' lang='grc' dir='ltr'>ι</span> <span class='ocrx_word' id='word_1_482' title='bbox 273 3939 369 3991; x_wconf 71' lang='lat' dir='ltr'><strong>rp.</strong></span> <span class='ocrx_word' id='word_1_483' title='bbox 398 3923 696 3991; x_wconf 83' lang='grc' dir='ltr'>ἀποδεῖξαι.</span> <span class='ocrx_word' id='word_1_484' title='bbox 776 3925 806 3967; x_wconf 67' lang='grc'><strong>1³</strong></span> <span class='ocrx_word' id='word_1_485' title='bbox 831 3945 917 3996; x_wconf 66' lang='lat' dir='ltr'><strong>7p.</strong></span> <span class='ocrx_word' id='word_1_486' title='bbox 959 3928 1297 4000; x_wconf 83' lang='grc' dir='ltr'>ἀνθρώπους.</span> 
     </span>
    </p>
   </div>
   <div class='ocr_carea' id='block_1_67' title="bbox 217 4126 1727 4200">
    <p class='ocr_par' dir='ltr' id='par_1_67' title="bbox 217 4126 1727 4200">
     <span class='ocr_line' id='line_1_68' title="bbox 217 4126 1727 4200; baseline 0.003 -20"><span class='ocrx_word' id='word_1_487' title='bbox 217 4126 333 4195; x_wconf 84' lang='grc'>(68)</span> <span class='ocrx_word' id='word_1_488' title='bbox 357 4128 834 4200; x_wconf 16' lang='grc' dir='ltr'><strong>Δῃμᾴκριτοςᾲδέ.</strong></span> <span class='ocrx_word' id='word_1_489' title='bbox 867 4127 986 4184; x_wconf 82' lang='lat' dir='ltr'><strong>Huc</strong></span> <span class='ocrx_word' id='word_1_490' title='bbox 1025 4132 1296 4200; x_wconf 84' lang='lat' dir='ltr'><strong>pertinent</strong></span> <span class='ocrx_word' id='word_1_491' title='bbox 1322 4130 1413 4185; x_wconf 91' lang='lat' dir='ltr'><strong>illa</strong></span> <span class='ocrx_word' id='word_1_492' title='bbox 1441 4129 1628 4193; x_wconf 86' lang='lat' dir='ltr'><strong>Tullii,</strong></span> <span class='ocrx_word' id='word_1_493' title='bbox 1662 4146 1727 4184; x_wconf 87' lang='lat' dir='ltr'><strong>ex</strong></span> 
     </span>
    </p>
   </div>
   <div class='ocr_carea' id='block_1_68' title="bbox 139 4194 1730 4271">
    <p class='ocr_par' dir='ltr' id='par_1_68' title="bbox 139 4194 1730 4271">
     <span class='ocr_line' id='line_1_69' title="bbox 139 4194 1730 4271; baseline 0.003 -23"><span class='ocrx_word' id='word_1_494' title='bbox 139 4194 347 4267; x_wconf 79' lang='lat' dir='ltr'><strong>fragm.</strong></span> <span class='ocrx_word' id='word_1_495' title='bbox 383 4194 462 4252; x_wconf 80' lang='lat' dir='ltr'><strong>De</strong></span> <span class='ocrx_word' id='word_1_496' title='bbox 494 4194 609 4267; x_wconf 78' lang='lat' dir='ltr'><strong>fato</strong></span> <span class='ocrx_word' id='word_1_497' title='bbox 641 4215 659 4252; x_wconf 88' lang='lat'><em>:</em></span> <span class='ocrx_word' id='word_1_498' title='bbox 692 4194 833 4253; x_wconf 81' lang='lat' dir='ltr'><strong>Hinc</strong></span> <span class='ocrx_word' id='word_1_499' title='bbox 886 4194 1236 4271; x_wconf 73' lang='lat' dir='ltr'><strong>Democritus,</strong></span> <span class='ocrx_word' id='word_1_500' title='bbox 1293 4202 1502 4271; x_wconf 84' lang='lat' dir='ltr'><strong>inquit,</strong></span> <span class='ocrx_word' id='word_1_501' title='bbox 1542 4210 1730 4254; x_wconf 88' lang='lat' dir='ltr'><strong>auctor</strong></span> 
     </span>
    </p>
   </div>
   <div class='ocr_carea' id='block_1_69' title="bbox 140 4270 1726 4341">
    <p class='ocr_par' dir='ltr' id='par_1_69' title="bbox 140 4270 1726 4341">
     <span class='ocr_line' id='line_1_70' title="bbox 140 4270 1726 4341; baseline 0.003 -22"><span class='ocrx_word' id='word_1_502' title='bbox 140 4276 448 4319; x_wconf 84' lang='lat' dir='ltr'><strong>atomorum</strong></span> <span class='ocrx_word' id='word_1_503' title='bbox 471 4309 485 4326; x_wconf 91' lang='lat'><strong>.</strong></span> <span class='ocrx_word' id='word_1_504' title='bbox 518 4272 776 4341; x_wconf 10' lang='lat' dir='ltr'><strong>accipere;</strong></span> <span class='ocrx_word' id='word_1_505' title='bbox 799 4270 988 4324; x_wconf 87' lang='lat' dir='ltr'><strong>maluit</strong></span> <span class='ocrx_word' id='word_1_506' title='bbox 1028 4273 1331 4325; x_wconf 83' lang='lat' dir='ltr'><strong>necessitate</strong></span> <span class='ocrx_word' id='word_1_507' title='bbox 1373 4270 1551 4325; x_wconf 81' lang='lat' dir='ltr'><strong>omnia</strong></span> <span class='ocrx_word' id='word_1_508' title='bbox 1587 4271 1726 4341; x_wconf 83' lang='lat' dir='ltr'><strong>ﬁeri,</strong></span> 
     </span>
    </p>
   </div>
   <div class='ocr_carea' id='block_1_70' title="bbox 138 4339 1729 4460">
    <p class='ocr_par' dir='ltr' id='par_1_70' title="bbox 138 4339 1729 4460">
     <span class='ocr_line' id='line_1_71' title="bbox 138 4339 1729 4460; baseline 0.003 -72"><span class='ocrx_word' id='word_1_509' title='bbox 138 4352 309 4460; x_wconf 61' lang='lat' dir='ltr'><strong>Luam</strong></span> <span class='ocrx_word' id='word_1_510' title='bbox 358 4354 391 4390; x_wconf 91' lang='lat' dir='ltr'><strong>a</strong></span> <span class='ocrx_word' id='word_1_511' title='bbox 422 4340 730 4408; x_wconf 83' lang='lat' dir='ltr'><strong>corporibus</strong></span> <span class='ocrx_word' id='word_1_512' title='bbox 760 4339 1047 4394; x_wconf 83' lang='lat' dir='ltr'><strong>individuis</strong></span> <span class='ocrx_word' id='word_1_513' title='bbox 1088 4341 1359 4395; x_wconf 86' lang='lat' dir='ltr'><strong>naturales</strong></span> <span class='ocrx_word' id='word_1_514' title='bbox 1388 4351 1560 4395; x_wconf 88' lang='lat' dir='ltr'><strong>motus</strong></span> <span class='ocrx_word' id='word_1_515' title='bbox 1588 4339 1729 4394; x_wconf 83' lang='lat' dir='ltr'><strong>avel-</strong></span> 
     </span>
     <span class='ocr_line' id='line_1_72' title="bbox 198 4404 1725 4460; baseline 0.001 -2"><span class='ocrx_word' id='word_1_516' title='bbox 198 4423 273 4459; x_wconf 87' lang='lat' dir='ltr'><strong>re.</strong></span> <span class='ocrx_word' id='word_1_517' title='bbox 309 4404 455 4460; x_wconf 83' lang='lat' dir='ltr'><strong>Idem</strong></span> <span class='ocrx_word' id='word_1_518' title='bbox 477 4448 492 4460; x_wconf 90' lang='lat'><strong>.</strong></span> <span class='ocrx_word' id='word_1_519' title='bbox 523 4408 772 4460; x_wconf 76' lang='lat' dir='ltr'><strong>pluribus</strong></span> <span class='ocrx_word' id='word_1_520' title='bbox 813 4411 1132 4460; x_wconf 74' lang='lat' dir='ltr'><strong>interiectis.</strong></span> <span class='ocrx_word' id='word_1_521' title='bbox 1169 4413 1237 4460; x_wconf 87' lang='lat' dir='ltr'><strong>de</strong></span> <span class='ocrx_word' id='word_1_522' title='bbox 1270 4420 1501 4460; x_wconf 80' lang='lat' dir='ltr'><strong>utroque</strong></span> <span class='ocrx_word' id='word_1_523' title='bbox 1529 4411 1608 4460; x_wconf 84' lang='lat' dir='ltr'><strong>sic</strong></span> <span class='ocrx_word' id='word_1_524' title='bbox 1640 4411 1725 4460; x_wconf 84' lang='lat' dir='ltr'><strong>ln-</strong></span> 
     </span>
    </p>
   </div>
   <div class='ocr_carea' id='block_1_71' title="bbox 198 4404 1725 4480">
    <p class='ocr_par' dir='ltr' id='par_1_71' title="bbox 198 4404 1725 4480">
     <span class='ocr_line' id='line_1_73' title="bbox 198 4404 1725 4480; baseline 0.004 -22"><span class='ocrx_word' id='word_1_525' title='bbox 198 4423 273 4480; x_wconf 81' lang='lat' dir='ltr'><strong>re.</strong></span> <span class='ocrx_word' id='word_1_526' title='bbox 309 4404 455 4480; x_wconf 84' lang='lat' dir='ltr'><strong>Idem</strong></span> <span class='ocrx_word' id='word_1_527' title='bbox 477 4448 492 4471; x_wconf 95' lang='lat'><strong>,</strong></span> <span class='ocrx_word' id='word_1_528' title='bbox 513 4404 772 4480; x_wconf 63' lang='lat' dir='ltr'><strong>&#39;plurihus</strong></span> <span class='ocrx_word' id='word_1_529' title='bbox 813 4411 1132 4478; x_wconf 73' lang='lat' dir='ltr'><strong>itttet&#39;jectis,</strong></span> <span class='ocrx_word' id='word_1_530' title='bbox 1169 4413 1237 4465; x_wconf 89' lang='lat' dir='ltr'><strong>de</strong></span> <span class='ocrx_word' id='word_1_531' title='bbox 1270 4420 1501 4480; x_wconf 85' lang='lat' dir='ltr'><strong>utroque</strong></span> <span class='ocrx_word' id='word_1_532' title='bbox 1529 4411 1608 4465; x_wconf 92' lang='lat' dir='ltr'><strong>sic</strong></span> <span class='ocrx_word' id='word_1_533' title='bbox 1640 4411 1725 4463; x_wconf 83' lang='lat' dir='ltr'><strong>ln-</strong></span> 
     </span>
    </p>
   </div>
   <div class='ocr_carea' id='block_1_72' title="bbox 139 4478 1726 4550">
    <p class='ocr_par' dir='ltr' id='par_1_72' title="bbox 139 4478 1726 4550">
     <span class='ocr_line' id='line_1_74' title="bbox 139 4478 1726 4550; baseline 0.003 -21"><span class='ocrx_word' id='word_1_534' title='bbox 139 4479 337 4544; x_wconf 89' lang='lat' dir='ltr'><strong>quitur</strong></span> <span class='ocrx_word' id='word_1_535' title='bbox 363 4494 383 4550; x_wconf 92' lang='lat'><strong>_:</strong></span> <span class='ocrx_word' id='word_1_536' title='bbox 415 4479 491 4550; x_wconf 75' lang='lat' dir='ltr'><strong>Ac</strong></span> <span class='ocrx_word' id='word_1_537' title='bbox 522 4478 653 4550; x_wconf 81' lang='lat' dir='ltr'><strong>mihi</strong></span> <span class='ocrx_word' id='word_1_538' title='bbox 682 4480 891 4549; x_wconf 85' lang='lat' dir='ltr'><strong>quidem</strong></span> <span class='ocrx_word' id='word_1_539' title='bbox 939 4481 1166 4545; x_wconf 80' lang='lat' dir='ltr'><strong>videtur,</strong></span> <span class='ocrx_word' id='word_1_540' title='bbox 1210 4478 1427 4550; x_wconf 63' lang='lat' dir='ltr'><strong>inquit,</strong></span> <span class='ocrx_word' id='word_1_541' title='bbox 1449 4498 1568 4535; x_wconf 86' lang='lat' dir='ltr'><strong>cum</strong></span> <span class='ocrx_word' id='word_1_542' title='bbox 1605 4481 1726 4534; x_wconf 68' lang='lat' dir='ltr'><strong>dum</strong></span> 
     </span>
    </p>
   </div>
   <div class='ocr_carea' id='block_1_73' title="bbox 1840 3637 3413 3713">
    <p class='ocr_par' dir='ltr' id='par_1_73' title="bbox 1840 3637 3413 3713">
     <span class='ocr_line' id='line_1_75' title="bbox 1840 3637 3413 3713; baseline -0.004 -17"><span class='ocrx_word' id='word_1_543' title='bbox 1840 3642 2068 3698; x_wconf 92' lang='lat' dir='ltr'><strong>omnino</strong></span> <span class='ocrx_word' id='word_1_544' title='bbox 2096 3657 2161 3698; x_wconf 90' lang='lat' dir='ltr'><strong>ac</strong></span> <span class='ocrx_word' id='word_1_545' title='bbox 2191 3657 2353 3713; x_wconf 89' lang='lat' dir='ltr'><strong>posse</strong></span> <span class='ocrx_word' id='word_1_546' title='bbox 2381 3640 2737 3711; x_wconf 84' lang='lat' dir='ltr'><strong>respondebis</strong></span> <span class='ocrx_word' id='word_1_547' title='bbox 2762 3658 2776 3694; x_wconf 90' lang='lat'><strong>:</strong></span> <span class='ocrx_word' id='word_1_548' title='bbox 2810 3637 3014 3708; x_wconf 89' lang='lat' dir='ltr'><strong>alioqui</strong></span> <span class='ocrx_word' id='word_1_549' title='bbox 3040 3637 3143 3691; x_wconf 91' lang='lat' dir='ltr'><strong>hoc</strong></span> <span class='ocrx_word' id='word_1_550' title='bbox 3169 3646 3221 3692; x_wconf 92' lang='lat' dir='ltr'><strong>te</strong></span> <span class='ocrx_word' id='word_1_551' title='bbox 3248 3637 3413 3707; x_wconf 85' lang='lat' dir='ltr'><strong>impe-</strong></span> 
     </span>
    </p>
   </div>
   <div class='ocr_carea' id='block_1_74' title="bbox 1840 3733 2643 3806">
    <p class='ocr_par' dir='ltr' id='par_1_74' title="bbox 1840 3733 2643 3806">
     <span class='ocr_line' id='line_1_76' title="bbox 1840 3733 2643 3806; baseline -0.002 -16"><span class='ocrx_word' id='word_1_552' title='bbox 1840 3747 2089 3790; x_wconf 86' lang='lat' dir='ltr'><strong>raturum</strong></span> <span class='ocrx_word' id='word_1_553' title='bbox 2120 3749 2401 3806; x_wconf 89' lang='lat' dir='ltr'><strong>nunquam</strong></span> <span class='ocrx_word' id='word_1_554' title='bbox 2436 3733 2643 3800; x_wconf 82' lang='lat' dir='ltr'><strong>fuisse:</strong></span> 
     </span>
    </p>
   </div>
   <div class='ocr_carea' id='block_1_75' title="bbox 1836 4128 3411 4203">
    <p class='ocr_par' dir='ltr' id='par_1_75' title="bbox 1836 4128 3411 4203">
     <span class='ocr_line' id='line_1_77' title="bbox 1836 4128 3411 4203; baseline 0.001 -20"><span class='ocrx_word' id='word_1_555' title='bbox 1836 4146 1999 4203; x_wconf 82' lang='lat' dir='ltr'><strong>quam</strong></span> <span class='ocrx_word' id='word_1_556' title='bbox 2026 4130 2171 4200; x_wconf 90' lang='lat' dir='ltr'><strong>quod</strong></span> <span class='ocrx_word' id='word_1_557' title='bbox 2204 4128 2550 4203; x_wconf 79' lang='lat' dir='ltr'><strong>maxime._Et</strong></span> <span class='ocrx_word' id='word_1_558' title='bbox 2584 4130 2814 4203; x_wconf 73' lang='lat' dir='ltr'><strong>medium</strong></span> <span class='ocrx_word' id='word_1_559' title='bbox 2842 4147 2896 4187; x_wconf 83' lang='lat' dir='ltr'><strong>se</strong></span> <span class='ocrx_word' id='word_1_560' title='bbox 2920 4131 3056 4201; x_wconf 84' lang='lat' dir='ltr'><strong>ferre</strong></span> <span class='ocrx_word' id='word_1_561' title='bbox 3079 4128 3411 4203; x_wconf 59' lang='grc' dir='ltr'>ιιυριῴτατον</span> 
     </span>
    </p>
   </div>
   <div class='ocr_carea' id='block_1_76' title="bbox 1835 4200 3406 4282">
    <p class='ocr_par' dir='ltr' id='par_1_76' title="bbox 1835 4200 3406 4282">
     <span class='ocr_line' id='line_1_78' title="bbox 1835 4200 3406 4282; baseline -0.001 -28"><span class='ocrx_word' id='word_1_562' title='bbox 1835 4200 1937 4282; x_wconf 68' lang='lat' dir='ltr'><strong>est.</strong></span> <span class='ocrx_word' id='word_1_563' title='bbox 1957 4200 2025 4254; x_wconf 86' lang='lat' dir='ltr'><strong>1n</strong></span> <span class='ocrx_word' id='word_1_564' title='bbox 2063 4216 2173 4282; x_wconf 83' lang='lat' dir='ltr'><strong>quo</strong></span> <span class='ocrx_word' id='word_1_565' title='bbox 2202 4200 2496 4282; x_wconf 42' lang='lat' dir='ltr'><strong>tamen,‘si_</strong></span> <span class='ocrx_word' id='word_1_566' title='bbox 2519 4200 2840 4255; x_wconf 90' lang='lat' dir='ltr'><strong>mutandum</strong></span> <span class='ocrx_word' id='word_1_567' title='bbox 2874 4200 3022 4282; x_wconf 65' lang='lat' dir='ltr'><strong>esset</strong></span> <span class='ocrx_word' id='word_1_568' title='bbox 3051 4200 3406 4282; x_wconf 30' lang='lat' dir='ltr'><strong>aliqiuid_,_se_-.</strong></span> 
     </span>
    </p>
   </div>
   <div class='ocr_carea' id='block_1_77' title="bbox 1835 4270 3409 4341">
    <p class='ocr_par' dir='ltr' id='par_1_77' title="bbox 1835 4270 3409 4341">
     <span class='ocr_line' id='line_1_79' title="bbox 1835 4270 3409 4341; baseline 0.001 -19"><span class='ocrx_word' id='word_1_569' title='bbox 1835 4272 1958 4324; x_wconf 86' lang='lat' dir='ltr'><strong>dere</strong></span> <span class='ocrx_word' id='word_1_570' title='bbox 1985 4270 2167 4340; x_wconf 90' lang='lat' dir='ltr'><strong>potius</strong></span> <span class='ocrx_word' id='word_1_571' title='bbox 2198 4286 2362 4341; x_wconf 90' lang='lat' dir='ltr'><strong>quam</strong></span> <span class='ocrx_word' id='word_1_572' title='bbox 2396 4270 2553 4339; x_wconf 77' lang='lat' dir='ltr'><strong>ferire</strong></span> <span class='ocrx_word' id='word_1_573' title='bbox 2580 4286 2919 4340; x_wconf 70' lang='lat' dir='ltr'><strong>reponet-cm.</strong></span> <span class='ocrx_word' id='word_1_574' title='bbox 2952 4270 3089 4326; x_wconf 75' lang='lat' dir='ltr'><strong>Nam</strong></span> <span class='ocrx_word' id='word_1_575' title='bbox 3117 4280 3171 4326; x_wconf 90' lang='lat' dir='ltr'><strong>et</strong></span> <span class='ocrx_word' id='word_1_576' title='bbox 3195 4270 3409 4326; x_wconf 87' lang='lat' dir='ltr'><strong>arbitrii</strong></span> 
     </span>
    </p>
   </div>
   <div class='ocr_carea' id='block_1_78' title="bbox 1834 4341 3407 4479">
    <p class='ocr_par' dir='ltr' id='par_1_78' title="bbox 1834 4341 3407 4479">
     <span class='ocr_line' id='line_1_80' title="bbox 1834 4341 2159 4396; baseline -0.006 0"><span class='ocrx_word' id='word_1_577' title='bbox 1834 4341 2022 4396; x_wconf 89' lang='lat' dir='ltr'><strong>sedere</strong></span> <span class='ocrx_word' id='word_1_578' title='bbox 2058 4349 2159 4395; x_wconf 91' lang='lat' dir='ltr'><strong>est.</strong></span> 
     </span>
     <span class='ocr_line' id='line_1_81' title="bbox 1906 4407 3407 4479; baseline 0.001 -16"><span class='ocrx_word' id='word_1_579' title='bbox 1906 4410 2016 4479; x_wconf 82' lang='grc'>(69)</span> <span class='ocrx_word' id='word_1_580' title='bbox 2077 4408 2285 4479; x_wconf 81' lang='grc' dir='ltr'>Ἐχθρὲ</span> <span class='ocrx_word' id='word_1_581' title='bbox 2334 4411 2797 4477; x_wconf 77' lang='grc' dir='ltr'>περικτιόνεσσι.</span> <span class='ocrx_word' id='word_1_582' title='bbox 2850 4407 3108 4466; x_wconf 81' lang='lat' dir='ltr'><strong>Herodot.</strong></span> <span class='ocrx_word' id='word_1_583' title='bbox 3180 4408 3241 4478; x_wconf 84' lang='grc' dir='ltr'>Ι,</span> <span class='ocrx_word' id='word_1_584' title='bbox 3308 4425 3407 4477; x_wconf 88' lang='lat' dir='ltr'><strong>vn,</strong></span> 
     </span>
    </p>
   </div>
   <div class='ocr_carea' id='block_1_79' title="bbox 1835 4480 3172 4548">
    <p class='ocr_par' dir='ltr' id='par_1_79' title="bbox 1835 4480 3172 4548">
     <span class='ocr_line' id='line_1_82' title="bbox 1835 4480 3172 4548; baseline 0.001 -16"><span class='ocrx_word' id='word_1_585' title='bbox 1835 4494 1886 4548; x_wconf 91' lang='lat' dir='ltr'><strong>p.</strong></span> <span class='ocrx_word' id='word_1_586' title='bbox 1922 4481 2049 4545; x_wconf 76' lang='grc'><strong>491,</strong></span> <span class='ocrx_word' id='word_1_587' title='bbox 2084 4482 2303 4534; x_wconf 87' lang='lat' dir='ltr'><strong>tertium</strong></span> <span class='ocrx_word' id='word_1_588' title='bbox 2336 4481 2464 4533; x_wconf 90' lang='lat' dir='ltr'><strong>huic</strong></span> <span class='ocrx_word' id='word_1_589' title='bbox 2497 4481 2722 4533; x_wconf 84' lang='lat' dir='ltr'><strong>oraculo</strong></span> <span class='ocrx_word' id='word_1_590' title='bbox 2749 4495 2968 4533; x_wconf 87' lang='lat' dir='ltr'><strong>versum</strong></span> <span class='ocrx_word' id='word_1_591' title='bbox 3003 4480 3172 4545; x_wconf 90' lang='lat' dir='ltr'><strong>addit,</strong></span> 
     </span>
    </p>
   </div>
   <div class='ocr_carea' id='block_1_80' title="bbox 138 4522 1734 4620">
    <p class='ocr_par' dir='ltr' id='par_1_80' title="bbox 138 4522 1724 4620">
     <span class='ocr_line' id='line_1_83' title="bbox 138 4522 1724 4620; baseline 0.001 -20"><span class='ocrx_word' id='word_1_592' title='bbox 138 4522 423 4601; x_wconf 62' lang='lat' dir='ltr'><strong>:ententite</strong></span> <span class='ocrx_word' id='word_1_593' title='bbox 455 4522 947 4613; x_wconf 43' lang='lat' dir='ltr'><strong>faissentvveterum</strong></span> <span class='ocrx_word' id='word_1_594' title='bbox 992 4522 1417 4619; x_wconf 54' lang='lat' dir='ltr'><strong>philosophtiruni</strong></span> <span class='ocrx_word' id='word_1_595' title='bbox 1449 4566 1466 4604; x_wconf 91' lang='lat'><strong><em>:</em></strong></span> <span class='ocrx_word' id='word_1_596' title='bbox 1500 4567 1606 4604; x_wconf 88' lang='lat' dir='ltr'><strong>una</strong></span> <span class='ocrx_word' id='word_1_597' title='bbox 1633 4567 1724 4604; x_wconf 82' lang='lat' dir='ltr'><strong>eo-</strong></span> 
     </span>
    </p>
   </div>
   <div class='ocr_carea' id='block_1_81' title="bbox 1845 4522 3435 4620">
    <p class='ocr_par' dir='ltr' id='par_1_81' title="bbox 1845 4522 3435 4620">
     <span class='ocr_line' id='line_1_84' title="bbox 1845 4522 3435 4620; baseline -0.002 -16"><span class='ocrx_word' id='word_1_598' title='bbox 1845 4522 2303 4620; x_wconf 57' lang='grc' dir='ltr'><strong>ῖέιιῖνὲιέςεὲἱὶὶἤὲῗ</strong></span> <span class='ocrx_word' id='word_1_599' title='bbox 2332 4522 2720 4617; x_wconf 50' lang='grc' dir='ltr'><strong>ἓὲὲἕύζιὲὶξξιῖῗ</strong></span> <span class='ocrx_word' id='word_1_600' title='bbox 2759 4522 3205 4620; x_wconf 48' lang='grc' dir='ltr'><strong>ὲῖεὲρἦωδὲέῒᾶ</strong></span> <span class='ocrx_word' id='word_1_601' title='bbox 3231 4546 3406 4618; x_wconf 82' lang='grc' dir='ltr'>σῶμα</span> <span class='ocrx_word' id='word_1_602' title='bbox 3432 4582 3435 4585; x_wconf 52' lang='grc' dir='ltr'><strong>ι</strong></span> 
     </span>
    </p>
   </div>
   <div class='ocr_carea' id='block_1_82' title="bbox 142 4619 1727 4690">
    <p class='ocr_par' dir='ltr' id='par_1_82' title="bbox 142 4619 1727 4690">
     <span class='ocr_line' id='line_1_85' title="bbox 142 4619 1727 4690; baseline 0.003 -22"><span class='ocrx_word' id='word_1_603' title='bbox 142 4634 261 4690; x_wconf 69' lang='lat' dir='ltr'><strong>rum</strong></span> <span class='ocrx_word' id='word_1_604' title='bbox 296 4619 389 4685; x_wconf 88' lang='lat' dir='ltr'><strong>qui</strong></span> <span class='ocrx_word' id='word_1_605' title='bbox 436 4630 699 4690; x_wconf 79' lang='lat' dir='ltr'><strong>censerent</strong></span> <span class='ocrx_word' id='word_1_606' title='bbox 732 4621 911 4673; x_wconf 86' lang='lat' dir='ltr'><strong>omnia</strong></span> <span class='ocrx_word' id='word_1_607' title='bbox 938 4622 1014 4673; x_wconf 85' lang='lat' dir='ltr'><strong>ita</strong></span> <span class='ocrx_word' id='word_1_608' title='bbox 1047 4621 1159 4690; x_wconf 80' lang='lat' dir='ltr'><strong>fato</strong></span> <span class='ocrx_word' id='word_1_609' title='bbox 1187 4621 1339 4689; x_wconf 77' lang='lat' dir='ltr'><strong>fieri,</strong></span> <span class='ocrx_word' id='word_1_610' title='bbox 1368 4630 1423 4674; x_wconf 87' lang='lat' dir='ltr'><strong>ut</strong></span> <span class='ocrx_word' id='word_1_611' title='bbox 1467 4622 1521 4673; x_wconf 85' lang='lat' dir='ltr'><strong>id</strong></span> <span class='ocrx_word' id='word_1_612' title='bbox 1554 4621 1727 4689; x_wconf 80' lang='lat' dir='ltr'><strong>fatum</strong></span> 
     </span>
    </p>
   </div>
   <div class='ocr_carea' id='block_1_83' title="bbox 140 4688 1725 4759">
    <p class='ocr_par' dir='ltr' id='par_1_83' title="bbox 140 4688 1725 4759">
     <span class='ocr_line' id='line_1_86' title="bbox 140 4688 1725 4759; baseline 0.003 -21"><span class='ocrx_word' id='word_1_613' title='bbox 140 4688 246 4759; x_wconf 46' lang='lat' dir='ltr'><strong>tim</strong></span> <span class='ocrx_word' id='word_1_614' title='bbox 274 4689 607 4759; x_wconf 52' lang='lat' dir='ltr'><strong>necessitalis</strong></span> <span class='ocrx_word' id='word_1_615' title='bbox 623 4690 854 4758; x_wconf 59' lang='grc' dir='ltr'><strong>(πβρι-νει,</strong></span> <span class='ocrx_word' id='word_1_616' title='bbox 879 4691 935 4742; x_wconf 88' lang='lat' dir='ltr'><strong>in</strong></span> <span class='ocrx_word' id='word_1_617' title='bbox 957 4688 1060 4759; x_wconf 82' lang='lat' dir='ltr'><strong>qua</strong></span> <span class='ocrx_word' id='word_1_618' title='bbox 1088 4688 1345 4744; x_wconf 79' lang='lat' dir='ltr'><strong>sententia</strong></span> <span class='ocrx_word' id='word_1_619' title='bbox 1370 4688 1725 4753; x_wconf 80' lang='lat' dir='ltr'><strong>Democritus,</strong></span> 
     </span>
    </p>
   </div>
   <div class='ocr_carea' id='block_1_84' title="bbox 142 4755 1729 4830">
    <p class='ocr_par' dir='ltr' id='par_1_84' title="bbox 142 4755 1729 4830">
     <span class='ocr_line' id='line_1_87' title="bbox 142 4755 1729 4830; baseline 0.003 -21"><span class='ocrx_word' id='word_1_620' title='bbox 142 4755 479 4830; x_wconf 74' lang='lat' dir='ltr'><strong>Heraclitus,</strong></span> <span class='ocrx_word' id='word_1_621' title='bbox 508 4755 852 4830; x_wconf 74' lang='lat' dir='ltr'><strong>Empedocles</strong></span> <span class='ocrx_word' id='word_1_622' title='bbox 873 4799 888 4823; x_wconf 97' lang='lat'><strong>,</strong></span> <span class='ocrx_word' id='word_1_623' title='bbox 935 4755 1241 4814; x_wconf 64' lang='lat' dir='ltr'><strong>Aristoteles</strong></span> <span class='ocrx_word' id='word_1_624' title='bbox 1275 4761 1413 4830; x_wconf 77' lang='lat' dir='ltr'><strong>fuit;</strong></span> <span class='ocrx_word' id='word_1_625' title='bbox 1440 4762 1609 4814; x_wconf 87' lang='lat' dir='ltr'><strong>altera</strong></span> <span class='ocrx_word' id='word_1_626' title='bbox 1640 4777 1729 4813; x_wconf 91' lang='lat' dir='ltr'><strong>eo-</strong></span> 
     </span>
    </p>
   </div>
   <div class='ocr_carea' id='block_1_85' title="bbox 139 4826 1729 4900">
    <p class='ocr_par' dir='ltr' id='par_1_85' title="bbox 139 4826 1729 4900">
     <span class='ocr_line' id='line_1_88' title="bbox 139 4826 1729 4900; baseline 0.001 -21"><span class='ocrx_word' id='word_1_627' title='bbox 139 4843 263 4879; x_wconf 76' lang='lat' dir='ltr'><strong>rum</strong></span> <span class='ocrx_word' id='word_1_628' title='bbox 296 4826 487 4900; x_wconf 79' lang='lat' dir='ltr'><strong>quibus</strong></span> <span class='ocrx_word' id='word_1_629' title='bbox 517 4826 834 4900; x_wconf 70' lang='lat' dir='ltr'><strong>riderentur,</strong></span> <span class='ocrx_word' id='word_1_630' title='bbox 865 4830 977 4883; x_wconf 84' lang='lat' dir='ltr'><strong>sine</strong></span> <span class='ocrx_word' id='word_1_631' title='bbox 1007 4831 1117 4884; x_wconf 90' lang='lat' dir='ltr'><strong>ullo</strong></span> <span class='ocrx_word' id='word_1_632' title='bbox 1145 4826 1285 4900; x_wconf 69' lang='lat' dir='ltr'><strong>fato,</strong></span> <span class='ocrx_word' id='word_1_633' title='bbox 1300 4847 1410 4884; x_wconf 88' lang='lat' dir='ltr'><strong>esse</strong></span> <span class='ocrx_word' id='word_1_634' title='bbox 1430 4832 1729 4884; x_wconf 88' lang='lat' dir='ltr'><strong>animorum</strong></span> 
     </span>
    </p>
   </div>
   <div class='ocr_carea' id='block_1_86' title="bbox 141 4897 1729 4970">
    <p class='ocr_par' dir='ltr' id='par_1_86' title="bbox 141 4897 1729 4970">
     <span class='ocr_line' id='line_1_89' title="bbox 141 4897 1729 4970; baseline 0.002 -21"><span class='ocrx_word' id='word_1_635' title='bbox 141 4906 321 4950; x_wconf 72' lang='lat' dir='ltr'><strong>motus</strong></span> <span class='ocrx_word' id='word_1_636' title='bbox 348 4897 638 4970; x_wconf 74' lang='lat' dir='ltr'><strong>voluntarii</strong></span> <span class='ocrx_word' id='word_1_637' title='bbox 668 4916 685 4953; x_wconf 92' lang='lat'><strong><em>:</em></strong></span> <span class='ocrx_word' id='word_1_638' title='bbox 720 4898 1077 4968; x_wconf 83' lang='lat' dir='ltr'><strong>Chrysippus,</strong></span> <span class='ocrx_word' id='word_1_639' title='bbox 1112 4897 1362 4970; x_wconf 83' lang='lat' dir='ltr'><strong>tanquam</strong></span> <span class='ocrx_word' id='word_1_640' title='bbox 1394 4900 1593 4953; x_wconf 84' lang='lat' dir='ltr'><strong>arbiter</strong></span> <span class='ocrx_word' id='word_1_641' title='bbox 1636 4901 1729 4952; x_wconf 86' lang='lat' dir='ltr'><strong>ho-</strong></span> 
     </span>
    </p>
   </div>
   <div class='ocr_carea' id='block_1_87' title="bbox 142 4968 1728 5039">
    <p class='ocr_par' dir='ltr' id='par_1_87' title="bbox 142 4968 1728 5039">
     <span class='ocr_line' id='line_1_90' title="bbox 142 4968 1728 5039; baseline 0.003 -20"><span class='ocrx_word' id='word_1_642' title='bbox 142 4970 418 5039; x_wconf 85' lang='lat' dir='ltr'><strong>norarius.</strong></span> <span class='ocrx_word' id='word_1_643' title='bbox 453 4968 681 5021; x_wconf 88' lang='lat' dir='ltr'><strong>medium</strong></span> <span class='ocrx_word' id='word_1_644' title='bbox 715 4986 769 5023; x_wconf 90' lang='lat' dir='ltr'><strong>se</strong></span> <span class='ocrx_word' id='word_1_645' title='bbox 806 4971 942 5037; x_wconf 80' lang='lat' dir='ltr'><strong>ferre</strong></span> <span class='ocrx_word' id='word_1_646' title='bbox 983 4968 1228 5024; x_wconf 63' lang='lat' dir='ltr'><strong>voluisse;</strong></span> <span class='ocrx_word' id='word_1_647' title='bbox 1264 4969 1367 5024; x_wconf 82' lang='lat' dir='ltr'><strong>Sed</strong></span> <span class='ocrx_word' id='word_1_648' title='bbox 1412 4971 1643 5039; x_wconf 88' lang='lat' dir='ltr'><strong>applicat</strong></span> <span class='ocrx_word' id='word_1_649' title='bbox 1673 4985 1728 5023; x_wconf 81' lang='lat' dir='ltr'><strong>se</strong></span> 
     </span>
    </p>
   </div>
   <div class='ocr_carea' id='block_1_88' title="bbox 143 5038 1725 5108">
    <p class='ocr_par' dir='ltr' id='par_1_88' title="bbox 143 5038 1725 5108">
     <span class='ocr_line' id='line_1_91' title="bbox 143 5038 1725 5108; baseline 0.003 -21"><span class='ocrx_word' id='word_1_650' title='bbox 143 5038 330 5108; x_wconf 76' lang='lat' dir='ltr'><strong>adeas</strong></span> <span class='ocrx_word' id='word_1_651' title='bbox 355 5039 555 5108; x_wconf 84' lang='lat' dir='ltr'><strong>potius,</strong></span> <span class='ocrx_word' id='word_1_652' title='bbox 583 5040 671 5108; x_wconf 86' lang='lat' dir='ltr'><strong>qui</strong></span> <span class='ocrx_word' id='word_1_653' title='bbox 700 5040 1011 5094; x_wconf 83' lang='lat' dir='ltr'><strong>necessitate</strong></span> <span class='ocrx_word' id='word_1_654' title='bbox 1035 5050 1212 5095; x_wconf 87' lang='lat' dir='ltr'><strong>motus</strong></span> <span class='ocrx_word' id='word_1_655' title='bbox 1245 5038 1451 5093; x_wconf 87' lang='lat' dir='ltr'><strong>animos</strong></span> <span class='ocrx_word' id='word_1_656' title='bbox 1478 5040 1725 5093; x_wconf 87' lang='lat' dir='ltr'><strong>liberatos</strong></span> 
     </span>
    </p>
   </div>
   <div class='ocr_carea' id='block_1_89' title="bbox 143 5106 1726 5172">
    <p class='ocr_par' dir='ltr' id='par_1_89' title="bbox 143 5106 1726 5172">
     <span class='ocr_line' id='line_1_92' title="bbox 143 5106 1726 5172; baseline 0.003 -14"><span class='ocrx_word' id='word_1_657' title='bbox 143 5106 331 5160; x_wconf 71' lang='lat' dir='ltr'><strong>coluit.</strong></span> <span class='ocrx_word' id='word_1_658' title='bbox 372 5107 513 5162; x_wconf 82' lang='lat' dir='ltr'><strong>Dum</strong></span> <span class='ocrx_word' id='word_1_659' title='bbox 559 5106 735 5161; x_wconf 79' lang='lat' dir='ltr'><strong>autem</strong></span> <span class='ocrx_word' id='word_1_660' title='bbox 784 5109 952 5164; x_wconf 78' lang='lat' dir='ltr'><strong>verbis</strong></span> <span class='ocrx_word' id='word_1_661' title='bbox 995 5113 1169 5166; x_wconf 88' lang='lat' dir='ltr'><strong>utitur</strong></span> <span class='ocrx_word' id='word_1_662' title='bbox 1201 5112 1331 5172; x_wconf 87' lang='lat' dir='ltr'><strong>suis,</strong></span> <span class='ocrx_word' id='word_1_663' title='bbox 1371 5109 1637 5162; x_wconf 88' lang='lat' dir='ltr'><strong>delabitur</strong></span> <span class='ocrx_word' id='word_1_664' title='bbox 1670 5111 1726 5162; x_wconf 88' lang='lat' dir='ltr'><strong>in</strong></span> 
     </span>
    </p>
   </div>
   <div class='ocr_carea' id='block_1_90' title="bbox 140 5176 1726 5249">
    <p class='ocr_par' dir='ltr' id='par_1_90' title="bbox 140 5176 1726 5249">
     <span class='ocr_line' id='line_1_93' title="bbox 140 5176 1726 5249; baseline 0.002 -21"><span class='ocrx_word' id='word_1_665' title='bbox 140 5193 230 5230; x_wconf 87' lang='lat' dir='ltr'><strong>eas</strong></span> <span class='ocrx_word' id='word_1_666' title='bbox 255 5176 617 5249; x_wconf 67' lang='lat' dir='ltr'><strong>diﬂicultates,</strong></span> <span class='ocrx_word' id='word_1_667' title='bbox 646 5187 704 5232; x_wconf 91' lang='lat' dir='ltr'><strong>ut</strong></span> <span class='ocrx_word' id='word_1_668' title='bbox 738 5180 1100 5235; x_wconf 86' lang='lat' dir='ltr'><strong>necessitatem</strong></span> <span class='ocrx_word' id='word_1_669' title='bbox 1143 5181 1243 5249; x_wconf 81' lang='lat' dir='ltr'><strong>fati</strong></span> <span class='ocrx_word' id='word_1_670' title='bbox 1283 5180 1555 5249; x_wconf 75' lang='lat' dir='ltr'><strong>conﬁrmet</strong></span> <span class='ocrx_word' id='word_1_671' title='bbox 1593 5181 1726 5232; x_wconf 85' lang='lat' dir='ltr'><strong>invi-</strong></span> 
     </span>
    </p>
   </div>
   <div class='ocr_carea' id='block_1_91' title="bbox 143 5245 1722 5315">
    <p class='ocr_par' dir='ltr' id='par_1_91' title="bbox 143 5245 1722 5315">
     <span class='ocr_line' id='line_1_94' title="bbox 143 5245 1722 5315; baseline 0.003 -18"><span class='ocrx_word' id='word_1_672' title='bbox 143 5257 249 5315; x_wconf 67' lang='lat' dir='ltr'><strong>tus.</strong></span> <span class='ocrx_word' id='word_1_673' title='bbox 282 5245 397 5301; x_wconf 84' lang='lat' dir='ltr'><strong>Hoc</strong></span> <span class='ocrx_word' id='word_1_674' title='bbox 438 5248 492 5300; x_wconf 92' lang='lat' dir='ltr'><strong>in</strong></span> <span class='ocrx_word' id='word_1_675' title='bbox 524 5246 805 5304; x_wconf 89' lang='lat' dir='ltr'><strong>Ciceronis</strong></span> <span class='ocrx_word' id='word_1_676' title='bbox 851 5252 995 5315; x_wconf 90' lang='lat' dir='ltr'><strong>loco,</strong></span> <span class='ocrx_word' id='word_1_677' title='bbox 1028 5245 1152 5304; x_wconf 57' lang='lat' dir='ltr'><strong>viri&#39;</strong></span> <span class='ocrx_word' id='word_1_678' title='bbox 1177 5250 1345 5314; x_wconf 83' lang='lat' dir='ltr'><strong>docti,</strong></span> <span class='ocrx_word' id='word_1_679' title='bbox 1378 5248 1673 5305; x_wconf 88' lang='lat' dir='ltr'><strong>Victorium</strong></span> <span class='ocrx_word' id='word_1_680' title='bbox 1708 5265 1722 5302; x_wconf 95' lang='lat' dir='ltr'><strong>l</strong></span> 
     </span>
    </p>
   </div>
   <div class='ocr_carea' id='block_1_92' title="bbox 154 5313 1722 5389">
    <p class='ocr_par' dir='ltr' id='par_1_92' title="bbox 154 5313 1722 5389">
     <span class='ocr_line' id='line_1_95' title="bbox 154 5313 1722 5389; baseline 0.003 -21"><span class='ocrx_word' id='word_1_681' title='bbox 154 5313 363 5370; x_wconf 81' lang='lat' dir='ltr'><strong>Variar.</strong></span> <span class='ocrx_word' id='word_1_682' title='bbox 400 5317 487 5380; x_wconf 78' lang='lat' dir='ltr'><strong>i7,</strong></span> <span class='ocrx_word' id='word_1_683' title='bbox 519 5329 794 5372; x_wconf 88' lang='lat' dir='ltr'><strong>auctorem</strong></span> <span class='ocrx_word' id='word_1_684' title='bbox 828 5313 1023 5386; x_wconf 83' lang='lat' dir='ltr'><strong>secuti,</strong></span> <span class='ocrx_word' id='word_1_685' title='bbox 1054 5321 1265 5375; x_wconf 87' lang='lat' dir='ltr'><strong>malunt</strong></span> <span class='ocrx_word' id='word_1_686' title='bbox 1292 5320 1519 5389; x_wconf 82' lang='lat' dir='ltr'><strong>medium</strong></span> <span class='ocrx_word' id='word_1_687' title='bbox 1543 5319 1722 5389; x_wconf 81' lang='lat' dir='ltr'><strong>ferire.</strong></span> 
     </span>
    </p>
   </div>
   <div class='ocr_carea' id='block_1_93' title="bbox 142 5387 1726 5460">
    <p class='ocr_par' dir='ltr' id='par_1_93' title="bbox 142 5387 1726 5460">
     <span class='ocr_line' id='line_1_96' title="bbox 142 5387 1726 5460; baseline 0.004 -23"><span class='ocrx_word' id='word_1_688' title='bbox 142 5402 306 5454; x_wconf 87' lang='lat' dir='ltr'><strong>quam</strong></span> <span class='ocrx_word' id='word_1_689' title='bbox 342 5389 600 5460; x_wconf 26' lang='lat' dir='ltr'><strong>medium‘</strong></span> <span class='ocrx_word' id='word_1_690' title='bbox 625 5404 679 5442; x_wconf 88' lang='lat' dir='ltr'><strong>se</strong></span> <span class='ocrx_word' id='word_1_691' title='bbox 731 5389 888 5460; x_wconf 81' lang='lat' dir='ltr'><strong>ferre,</strong></span> <span class='ocrx_word' id='word_1_692' title='bbox 928 5406 1039 5460; x_wconf 92' lang='lat' dir='ltr'><strong>quo</strong></span> <span class='ocrx_word' id='word_1_693' title='bbox 1088 5391 1251 5444; x_wconf 90' lang='lat' dir='ltr'><strong>modo</strong></span> <span class='ocrx_word' id='word_1_694' title='bbox 1292 5404 1333 5460; x_wconf 15' lang='lat' dir='ltr'><strong>a7</strong></span> <span class='ocrx_word' id='word_1_695' title='bbox 1367 5387 1611 5460; x_wconf 82' lang='lat' dir='ltr'><strong>Platone,</strong></span> <span class='ocrx_word' id='word_1_696' title='bbox 1642 5391 1726 5443; x_wconf 84' lang='lat' dir='ltr'><strong>tli-</strong></span> 
     </span>
    </p>
   </div>
   <div class='ocr_carea' id='block_1_94' title="bbox 142 5456 1724 5528">
    <p class='ocr_par' dir='ltr' id='par_1_94' title="bbox 142 5456 1724 5528">
     <span class='ocr_line' id='line_1_97' title="bbox 142 5456 1724 5528; baseline 0.003 -19"><span class='ocrx_word' id='word_1_697' title='bbox 142 5466 310 5519; x_wconf 86' lang='lat' dir='ltr'><strong>ctum,</strong></span> <span class='ocrx_word' id='word_1_698' title='bbox 348 5456 518 5528; x_wconf 74' lang='grc' dir='ltr'>μέσον</span> <span class='ocrx_word' id='word_1_699' title='bbox 543 5456 780 5528; x_wconf 80' lang='grc' dir='ltr'>τέμνειν.</span> <span class='ocrx_word' id='word_1_700' title='bbox 825 5456 1183 5526; x_wconf 47' lang='lat' dir='ltr'><strong>Sed—vereor,</strong></span> <span class='ocrx_word' id='word_1_701' title='bbox 1216 5469 1274 5514; x_wconf 86' lang='lat' dir='ltr'><strong>ut</strong></span> <span class='ocrx_word' id='word_1_702' title='bbox 1321 5459 1425 5514; x_wconf 93' lang='lat' dir='ltr'><strong>hoc</strong></span> <span class='ocrx_word' id='word_1_703' title='bbox 1467 5459 1724 5528; x_wconf 80' lang='lat' dir='ltr'><strong>loquendi</strong></span> 
     </span>
    </p>
   </div>
   <div class='ocr_carea' id='block_1_95' title="bbox 143 5527 1725 5596">
    <p class='ocr_par' dir='ltr' id='par_1_95' title="bbox 143 5527 1725 5596">
     <span class='ocr_line' id='line_1_98' title="bbox 143 5527 1725 5596; baseline 0.004 -17"><span class='ocrx_word' id='word_1_704' title='bbox 143 5542 315 5593; x_wconf 84' lang='lat' dir='ltr'><strong>genus</strong></span> <span class='ocrx_word' id='word_1_705' title='bbox 350 5528 431 5579; x_wconf 86' lang='lat' dir='ltr'><strong>vel</strong></span> <span class='ocrx_word' id='word_1_706' title='bbox 470 5527 587 5596; x_wconf 88' lang='lat' dir='ltr'><strong>ipsa</strong></span> <span class='ocrx_word' id='word_1_707' title='bbox 616 5527 882 5582; x_wconf 88' lang='lat' dir='ltr'><strong>Latinitas</strong></span> <span class='ocrx_word' id='word_1_708' title='bbox 925 5528 1084 5593; x_wconf 89' lang='lat' dir='ltr'><strong>ferat,</strong></span> <span class='ocrx_word' id='word_1_709' title='bbox 1123 5529 1321 5583; x_wconf 90' lang='lat' dir='ltr'><strong>nedum</strong></span> <span class='ocrx_word' id='word_1_710' title='bbox 1359 5538 1419 5581; x_wconf 88' lang='lat' dir='ltr'><strong>ut</strong></span> <span class='ocrx_word' id='word_1_711' title='bbox 1477 5527 1725 5585; x_wconf 81' lang='lat' dir='ltr'><strong>disertis-</strong></span> 
     </span>
    </p>
   </div>
   <div class='ocr_carea' id='block_1_96' title="bbox 142 5596 1722 5669">
    <p class='ocr_par' dir='ltr' id='par_1_96' title="bbox 142 5596 1722 5669">
     <span class='ocr_line' id='line_1_99' title="bbox 142 5596 1722 5669; baseline 0.01 -23"><span class='ocrx_word' id='word_1_712' title='bbox 142 5596 279 5669; x_wconf 83' lang='lat' dir='ltr'><strong>sitni</strong></span> <span class='ocrx_word' id='word_1_713' title='bbox 315 5596 558 5652; x_wconf 88' lang='lat' dir='ltr'><strong>hominis</strong></span> <span class='ocrx_word' id='word_1_714' title='bbox 582 5599 805 5669; x_wconf 80' lang='lat' dir='ltr'><strong>_9ratio.</strong></span> <span class='ocrx_word' id='word_1_715' title='bbox 863 5598 1015 5653; x_wconf 82' lang='lat' dir='ltr'><strong>Viam</strong></span> <span class='ocrx_word' id='word_1_716' title='bbox 1060 5615 1284 5669; x_wconf 64' lang='lat' dir='ltr'><strong>secare,</strong></span> <span class='ocrx_word' id='word_1_717' title='bbox 1330 5598 1448 5654; x_wconf 82' lang='grc' dir='ltr'>ὁδὸν</span> <span class='ocrx_word' id='word_1_718' title='bbox 1493 5602 1722 5669; x_wconf 79' lang='grc' dir='ltr'>ταμεῖν.</span> 
     </span>
    </p>
   </div>
   <div class='ocr_carea' id='block_1_97' title="bbox 143 5664 1723 5739">
    <p class='ocr_par' dir='ltr' id='par_1_97' title="bbox 143 5664 1723 5739">
     <span class='ocr_line' id='line_1_100' title="bbox 143 5664 1723 5739; baseline 0.003 -22"><span class='ocrx_word' id='word_1_719' title='bbox 143 5667 314 5739; x_wconf 75' lang='lat' dir='ltr'><strong>poetis</strong></span> <span class='ocrx_word' id='word_1_720' title='bbox 336 5706 351 5729; x_wconf 94' lang='lat'><strong>,</strong></span> <span class='ocrx_word' id='word_1_721' title='bbox 378 5668 549 5739; x_wconf 85' lang='lat' dir='ltr'><strong>etiam</strong></span> <span class='ocrx_word' id='word_1_722' title='bbox 582 5664 812 5738; x_wconf 79' lang='lat' dir='ltr'><strong>Virgilio</strong></span> <span class='ocrx_word' id='word_1_723' title='bbox 832 5710 846 5734; x_wconf 92' lang='lat'><strong>,</strong></span> <span class='ocrx_word' id='word_1_724' title='bbox 878 5670 1101 5739; x_wconf 89' lang='lat' dir='ltr'><strong>placuit.</strong></span> <span class='ocrx_word' id='word_1_725' title='bbox 1144 5667 1294 5723; x_wconf 84' lang='lat' dir='ltr'><strong>Viam</strong></span> <span class='ocrx_word' id='word_1_726' title='bbox 1317 5710 1333 5736; x_wconf 95' lang='lat'><strong>,</strong></span> <span class='ocrx_word' id='word_1_727' title='bbox 1368 5680 1463 5723; x_wconf 91' lang='lat' dir='ltr'><strong>aut</strong></span> <span class='ocrx_word' id='word_1_728' title='bbox 1492 5664 1723 5739; x_wconf 78' lang='lat' dir='ltr'><strong>medium</strong></span> 
     </span>
    </p>
   </div>
   <div class='ocr_carea' id='block_1_98' title="bbox 141 5734 1726 5809">
    <p class='ocr_par' dir='ltr' id='par_1_98' title="bbox 141 5734 1726 5809">
     <span class='ocr_line' id='line_1_101' title="bbox 141 5734 1726 5809; baseline -0.002 -14"><span class='ocrx_word' id='word_1_729' title='bbox 141 5734 323 5809; x_wconf 56' lang='lat' dir='ltr'><strong>Etim,</strong></span> <span class='ocrx_word' id='word_1_730' title='bbox 372 5738 479 5809; x_wconf 80' lang='lat' dir='ltr'><strong>hoc</strong></span> <span class='ocrx_word' id='word_1_731' title='bbox 506 5734 721 5809; x_wconf 63' lang='lat' dir='ltr'><strong>sensu,</strong></span> <span class='ocrx_word' id='word_1_732' title='bbox 769 5734 895 5809; x_wconf 79' lang='lat' dir='ltr'><strong>quis</strong></span> <span class='ocrx_word' id='word_1_733' title='bbox 936 5748 1151 5806; x_wconf 88' lang='lat' dir='ltr'><strong>orator,</strong></span> <span class='ocrx_word' id='word_1_734' title='bbox 1185 5734 1326 5809; x_wconf 79' lang='lat' dir='ltr'><strong>quis</strong></span> <span class='ocrx_word' id='word_1_735' title='bbox 1352 5749 1509 5809; x_wconf 88' lang='lat' dir='ltr'><strong>poeta</strong></span> <span class='ocrx_word' id='word_1_736' title='bbox 1544 5738 1726 5793; x_wconf 76' lang='lat' dir='ltr'><strong>dixit?</strong></span> 
     </span>
    </p>
   </div>
   <div class='ocr_carea' id='block_1_99' title="bbox 141 5806 1720 5882">
    <p class='ocr_par' dir='ltr' id='par_1_99' title="bbox 141 5806 1720 5882">
     <span class='ocr_line' id='line_1_102' title="bbox 141 5806 1720 5882; baseline 0.004 -23"><span class='ocrx_word' id='word_1_737' title='bbox 141 5806 394 5862; x_wconf 80' lang='lat' dir='ltr'><strong>Ciceroni</strong></span> <span class='ocrx_word' id='word_1_738' title='bbox 426 5806 647 5882; x_wconf 85' lang='lat' dir='ltr'><strong>quidem</strong></span> <span class='ocrx_word' id='word_1_739' title='bbox 678 5806 908 5865; x_wconf 82' lang='lat' dir='ltr'><strong>medium</strong></span> <span class='ocrx_word' id='word_1_740' title='bbox 943 5820 1113 5865; x_wconf 85' lang='lat' dir='ltr'><strong>tenere</strong></span> <span class='ocrx_word' id='word_1_741' title='bbox 1158 5806 1268 5866; x_wconf 73' lang='lat' dir='ltr'><strong>tam</strong></span> <span class='ocrx_word' id='word_1_742' title='bbox 1319 5806 1587 5866; x_wconf 80' lang='lat' dir='ltr'><strong>familiare</strong></span> <span class='ocrx_word' id='word_1_743' title='bbox 1615 5818 1720 5876; x_wconf 85' lang='lat' dir='ltr'><strong>est,</strong></span> 
     </span>
    </p>
   </div>
   <div class='ocr_carea' id='block_1_100' title="bbox 3088 4616 3331 4673">
    <p class='ocr_par' dir='ltr' id='par_1_100' title="bbox 3088 4616 3331 4673">
     <span class='ocr_line' id='line_1_103' title="bbox 3088 4616 3331 4673; baseline -0.008 -2"><span class='ocrx_word' id='word_1_744' title='bbox 3088 4616 3331 4673; x_wconf 72' lang='grc' dir='ltr'>σαώσειζ</span> 
     </span>
    </p>
   </div>
   <div class='ocr_carea' id='block_1_101' title="bbox 1830 4618 3408 4759">
    <p class='ocr_par' dir='ltr' id='par_1_101' title="bbox 1830 4618 3408 4759">
     <span class='ocr_line' id='line_1_104' title="bbox 1830 4618 3408 4759; baseline -0.002 -15"><span class='ocrx_word' id='word_1_745' title='bbox 1830 4690 2052 4744; x_wconf 60' lang='lat' dir='ltr'><strong>Graeciaa</strong></span> <span class='ocrx_word' id='word_1_746' title='bbox 2084 4690 2290 4743; x_wconf 80' lang='lat' dir='ltr'><strong>Xerxes</strong></span> <span class='ocrx_word' id='word_1_747' title='bbox 2318 4687 2667 4759; x_wconf 75' lang='lat' dir='ltr'><strong>imminebat;</strong></span> <span class='ocrx_word' id='word_1_748' title='bbox 2695 4686 2919 4744; x_wconf 88' lang='lat' dir='ltr'><strong>infestos</strong></span> <span class='ocrx_word' id='word_1_749' title='bbox 2944 4618 3408 4759; x_wconf 48' lang='grc' dir='ltr'><strong>Λτεὶιὲαιῗέιοοὲἓεεο</strong></span> 
     </span>
    </p>
   </div>
   <div class='ocr_carea' id='block_1_102' title="bbox 1830 4756 3405 4829">
    <p class='ocr_par' dir='ltr' id='par_1_102' title="bbox 1830 4756 3405 4829">
     <span class='ocr_line' id='line_1_105' title="bbox 1830 4756 3405 4829; baseline -0.003 -16"><span class='ocrx_word' id='word_1_750' title='bbox 1830 4761 2045 4814; x_wconf 89' lang='lat' dir='ltr'><strong>monios</strong></span> <span class='ocrx_word' id='word_1_751' title='bbox 2094 4761 2436 4829; x_wconf 87' lang='lat' dir='ltr'><strong>patiebantur</strong></span> <span class='ocrx_word' id='word_1_752' title='bbox 2472 4776 2483 4811; x_wconf 91' lang='lat'><strong>:</strong></span> <span class='ocrx_word' id='word_1_753' title='bbox 2521 4756 2833 4826; x_wconf 86' lang='lat' dir='ltr'><strong>Delphicum</strong></span> <span class='ocrx_word' id='word_1_754' title='bbox 2875 4756 3154 4813; x_wconf 78' lang='lat' dir='ltr'><strong>oraculum</strong></span> <span class='ocrx_word' id='word_1_755' title='bbox 3199 4773 3405 4813; x_wconf 87' lang='lat' dir='ltr'><strong>consu-</strong></span> 
     </span>
    </p>
   </div>
   <div class='ocr_carea' id='block_1_103' title="bbox 1830 4828 3405 4898">
    <p class='ocr_par' dir='ltr' id='par_1_103' title="bbox 1830 4828 3405 4898">
     <span class='ocr_line' id='line_1_106' title="bbox 1830 4828 3405 4898; baseline -0.001 -17"><span class='ocrx_word' id='word_1_756' title='bbox 1830 4829 1969 4898; x_wconf 89' lang='lat' dir='ltr'><strong>lunt,</strong></span> <span class='ocrx_word' id='word_1_757' title='bbox 2002 4831 2131 4897; x_wconf 87' lang='lat' dir='ltr'><strong>quid</strong></span> <span class='ocrx_word' id='word_1_758' title='bbox 2182 4829 2323 4883; x_wconf 88' lang='lat' dir='ltr'><strong>facto</strong></span> <span class='ocrx_word' id='word_1_759' title='bbox 2371 4828 2443 4882; x_wconf 92' lang='lat' dir='ltr'><strong>sit</strong></span> <span class='ocrx_word' id='word_1_760' title='bbox 2484 4842 2622 4895; x_wconf 86' lang='lat' dir='ltr'><strong>Opus</strong></span> <span class='ocrx_word' id='word_1_761' title='bbox 2651 4848 2663 4881; x_wconf 90' lang='lat'><strong>:</strong></span> <span class='ocrx_word' id='word_1_762' title='bbox 2692 4829 2974 4897; x_wconf 79' lang='lat' dir='ltr'><strong>quiescere</strong></span> <span class='ocrx_word' id='word_1_763' title='bbox 3017 4828 3171 4898; x_wconf 89' lang='lat' dir='ltr'><strong>jubet</strong></span> <span class='ocrx_word' id='word_1_764' title='bbox 3212 4842 3405 4898; x_wconf 83' lang='lat' dir='ltr'><strong>oracu-</strong></span> 
     </span>
    </p>
   </div>
   <div class='ocr_carea' id='block_1_104' title="bbox 1829 4897 3405 4972">
    <p class='ocr_par' dir='ltr' id='par_1_104' title="bbox 1829 4897 3405 4972">
     <span class='ocr_line' id='line_1_107' title="bbox 1829 4897 3405 4972; baseline -0.002 -19"><span class='ocrx_word' id='word_1_765' title='bbox 1829 4897 1963 4972; x_wconf 56' lang='lat' dir='ltr'><strong>lum.</strong></span> <span class='ocrx_word' id='word_1_766' title='bbox 2005 4900 2246 4972; x_wconf 74' lang='grc' dir='ltr'>Ἐχθρὸς,</span> <span class='ocrx_word' id='word_1_767' title='bbox 2291 4899 2475 4972; x_wconf 84' lang='lat' dir='ltr'><strong>igitur,</strong></span> <span class='ocrx_word' id='word_1_768' title='bbox 2499 4899 2941 4972; x_wconf 69' lang='grc' dir='ltr'><strong>Διιτερικτιόνεσιϊιν</strong></span> <span class='ocrx_word' id='word_1_769' title='bbox 2984 4897 3250 4972; x_wconf 72' lang='lat' dir='ltr'><strong>Argivus,</strong></span> <span class='ocrx_word' id='word_1_770' title='bbox 3300 4897 3405 4951; x_wconf 89' lang='lat' dir='ltr'><strong>hoc</strong></span> 
     </span>
    </p>
   </div>
   <div class='ocr_carea' id='block_1_105' title="bbox 1828 4967 3399 5038">
    <p class='ocr_par' dir='ltr' id='par_1_105' title="bbox 1828 4967 3399 5038">
     <span class='ocr_line' id='line_1_108' title="bbox 1828 4967 3399 5038; baseline -0.003 -14"><span class='ocrx_word' id='word_1_771' title='bbox 1828 4980 1913 5024; x_wconf 83' lang='lat' dir='ltr'><strong>est</strong></span> <span class='ocrx_word' id='word_1_772' title='bbox 1941 4967 2384 5035; x_wconf 71' lang='lat' dir='ltr'><strong>Laceda-moniis,</strong></span> <span class='ocrx_word' id='word_1_773' title='bbox 2420 4968 2512 5038; x_wconf 91' lang='lat' dir='ltr'><strong>qui</strong></span> <span class='ocrx_word' id='word_1_774' title='bbox 2548 4967 2709 5037; x_wconf 77' lang='lat' dir='ltr'><strong>paulo</strong></span> <span class='ocrx_word' id='word_1_775' title='bbox 2761 4979 2886 5024; x_wconf 89' lang='lat' dir='ltr'><strong>ante</strong></span> <span class='ocrx_word' id='word_1_776' title='bbox 2931 4984 3025 5023; x_wconf 81' lang='lat' dir='ltr'><strong>sex</strong></span> <span class='ocrx_word' id='word_1_777' title='bbox 3070 4967 3399 5036; x_wconf 68' lang='lat' dir='ltr'><strong>Argivorum</strong></span> 
     </span>
    </p>
   </div>
   <div class='ocr_carea' id='block_1_106' title="bbox 1828 5039 2357 5093">
    <p class='ocr_par' dir='ltr' id='par_1_106' title="bbox 1828 5039 2357 5093">
     <span class='ocr_line' id='line_1_109' title="bbox 1828 5039 2357 5093; baseline 0 0"><span class='ocrx_word' id='word_1_778' title='bbox 1828 5041 1998 5093; x_wconf 86' lang='lat' dir='ltr'><strong>millia</strong></span> <span class='ocrx_word' id='word_1_779' title='bbox 2031 5039 2357 5093; x_wconf 84' lang='lat' dir='ltr'><strong>ceciderant.</strong></span> 
     </span>
    </p>
   </div>
   <div class='ocr_carea' id='block_1_107' title="bbox 1901 5103 3393 5191">
    <p class='ocr_par' dir='ltr' id='par_1_107' title="bbox 1901 5103 3393 5191">
     <span class='ocr_line' id='line_1_110' title="bbox 1901 5103 3393 5191; baseline -0.004 -29"><span class='ocrx_word' id='word_1_780' title='bbox 1901 5111 2012 5191; x_wconf 56' lang='grc' dir='ltr'><strong>(ςῐΟ)</strong></span> <span class='ocrx_word' id='word_1_781' title='bbox 2052 5109 2216 5191; x_wconf 54' lang='lat' dir='ltr'><strong>plcet</strong></span> <span class='ocrx_word' id='word_1_782' title='bbox 2248 5109 2756 5191; x_wconf 30' lang='lat' dir='ltr'><strong>tDr‘ﬂpongJQLOt&#39;</strong></span> <span class='ocrx_word' id='word_1_783' title='bbox 2790 5107 2971 5191; x_wconf 42' lang='grc' dir='ltr'>ἒχωντ</span> <span class='ocrx_word' id='word_1_784' title='bbox 2995 5104 3276 5191; x_wconf 46' lang='grc' dir='ltr'>Ιῃιθιίρτεε.</span> <span class='ocrx_word' id='word_1_785' title='bbox 3298 5103 3393 5191; x_wconf 80' lang='lat' dir='ltr'><strong>lle-</strong></span> 
     </span>
    </p>
   </div>
   <div class='ocr_carea' id='block_1_108' title="bbox 1827 5162 3400 5254">
    <p class='ocr_par' dir='ltr' id='par_1_108' title="bbox 1827 5162 3400 5254">
     <span class='ocr_line' id='line_1_111' title="bbox 1827 5162 3400 5254; baseline -0.004 -22"><span class='ocrx_word' id='word_1_786' title='bbox 1827 5162 2029 5254; x_wconf 31' lang='lat' dir='ltr'><strong>rodo‘ti,</strong></span> <span class='ocrx_word' id='word_1_787' title='bbox 2056 5162 2282 5254; x_wconf 77' lang='lat' dir='ltr'><strong>interius</strong></span> <span class='ocrx_word' id='word_1_788' title='bbox 2294 5162 2533 5254; x_wconf 56' lang='lat' dir='ltr'><strong>tutainen</strong></span> <span class='ocrx_word' id='word_1_789' title='bbox 2565 5179 2778 5254; x_wconf 78' lang='lat' dir='ltr'><strong>habens.</strong></span> <span class='ocrx_word' id='word_1_790' title='bbox 2795 5162 2996 5254; x_wconf 47' lang='lat' dir='ltr'><strong>hianti.</strong></span> <span class='ocrx_word' id='word_1_791' title='bbox 3018 5162 3232 5254; x_wconf 65' lang='lat' dir='ltr'><strong>hastam</strong></span> <span class='ocrx_word' id='word_1_792' title='bbox 3258 5175 3400 5226; x_wconf 88' lang='lat' dir='ltr'><strong>intus</strong></span> 
     </span>
    </p>
   </div>
   <div class='ocr_carea' id='block_1_109' title="bbox 1828 5248 3402 5311">
    <p class='ocr_par' dir='ltr' id='par_1_109' title="bbox 1828 5248 3402 5311">
     <span class='ocr_line' id='line_1_112' title="bbox 1828 5248 3402 5311; baseline -0.004 -9"><span class='ocrx_word' id='word_1_793' title='bbox 1828 5250 2095 5311; x_wconf 78' lang='lat' dir='ltr'><strong>cohibens,</strong></span> <span class='ocrx_word' id='word_1_794' title='bbox 2124 5260 2183 5302; x_wconf 88' lang='lat' dir='ltr'><strong>ut</strong></span> <span class='ocrx_word' id='word_1_795' title='bbox 2214 5250 2375 5303; x_wconf 90' lang='lat' dir='ltr'><strong>etiam</strong></span> <span class='ocrx_word' id='word_1_796' title='bbox 2414 5248 2759 5303; x_wconf 88' lang='lat' dir='ltr'><strong>Camerarius</strong></span> <span class='ocrx_word' id='word_1_797' title='bbox 2793 5248 3077 5306; x_wconf 80' lang='lat' dir='ltr'><strong>intellexit,</strong></span> <span class='ocrx_word' id='word_1_798' title='bbox 3107 5255 3161 5300; x_wconf 87' lang='lat' dir='ltr'><strong>et</strong></span> <span class='ocrx_word' id='word_1_799' title='bbox 3190 5248 3402 5297; x_wconf 89' lang='lat' dir='ltr'><strong>irruen-</strong></span> 
     </span>
    </p>
   </div>
   <div class='ocr_carea' id='block_1_110' title="bbox 1827 5317 3399 5387">
    <p class='ocr_par' dir='ltr' id='par_1_110' title="bbox 1827 5317 3399 5387">
     <span class='ocr_line' id='line_1_113' title="bbox 1827 5317 3399 5387; baseline -0.006 -15"><span class='ocrx_word' id='word_1_800' title='bbox 1827 5330 1958 5385; x_wconf 90' lang='lat' dir='ltr'><strong>tem,</strong></span> <span class='ocrx_word' id='word_1_801' title='bbox 1990 5320 2035 5375; x_wconf 90' lang='lat' dir='ltr'><strong>si</strong></span> <span class='ocrx_word' id='word_1_802' title='bbox 2059 5319 2225 5385; x_wconf 89' lang='lat' dir='ltr'><strong>forte,</strong></span> <span class='ocrx_word' id='word_1_803' title='bbox 2256 5321 2490 5381; x_wconf 85' lang='lat' dir='ltr'><strong>hostem,</strong></span> <span class='ocrx_word' id='word_1_804' title='bbox 2514 5320 2670 5387; x_wconf 87' lang='lat' dir='ltr'><strong>quasi</strong></span> <span class='ocrx_word' id='word_1_805' title='bbox 2699 5317 2869 5372; x_wconf 90' lang='lat' dir='ltr'><strong>feram</strong></span> <span class='ocrx_word' id='word_1_806' title='bbox 2896 5318 3158 5387; x_wconf 84' lang='lat' dir='ltr'><strong>aliquam,</strong></span> <span class='ocrx_word' id='word_1_807' title='bbox 3212 5329 3399 5387; x_wconf 61' lang='lat' dir='ltr'><strong>PE‘éssa</strong></span> 
     </span>
    </p>
   </div>
   <div class='ocr_carea' id='block_1_111' title="bbox 1828 5381 3400 5459">
    <p class='ocr_par' dir='ltr' id='par_1_111' title="bbox 1828 5381 3400 5459">
     <span class='ocr_line' id='line_1_114' title="bbox 1828 5381 3400 5459; baseline -0.005 -16"><span class='ocrx_word' id='word_1_808' title='bbox 1828 5381 2143 5459; x_wconf 85' lang='lat' dir='ltr'><strong>intentaque</strong></span> <span class='ocrx_word' id='word_1_809' title='bbox 2177 5381 2353 5451; x_wconf 83' lang='lat' dir='ltr'><strong>hasta,</strong></span> <span class='ocrx_word' id='word_1_810' title='bbox 2388 5381 2661 5459; x_wconf 79' lang='lat' dir='ltr'><strong>venaioris</strong></span> <span class='ocrx_word' id='word_1_811' title='bbox 2687 5388 2859 5459; x_wconf 86' lang='lat' dir='ltr'><strong>instar</strong></span> <span class='ocrx_word' id='word_1_812' title='bbox 2890 5381 3234 5459; x_wconf 29' lang='lat' dir='ltr'><strong>exspectans:</strong></span> <span class='ocrx_word' id='word_1_813' title='bbox 3262 5381 3400 5459; x_wconf 78' lang='lat' dir='ltr'><strong>Nam</strong></span> 
     </span>
    </p>
   </div>
   <div class='ocr_carea' id='block_1_112' title="bbox 1827 5403 3400 5531">
    <p class='ocr_par' dir='ltr' id='par_1_112' title="bbox 1827 5403 3400 5531">
     <span class='ocr_line' id='line_1_115' title="bbox 1828 5403 3400 5509; baseline -0.005 -66"><span class='ocrx_word' id='word_1_814' title='bbox 1828 5403 2143 5459; x_wconf 79' lang='lat' dir='ltr'><strong>intentaque</strong></span> <span class='ocrx_word' id='word_1_815' title='bbox 2177 5403 2353 5451; x_wconf 87' lang='lat' dir='ltr'><strong>uasta,</strong></span> <span class='ocrx_word' id='word_1_816' title='bbox 2388 5403 2661 5443; x_wconf 78' lang='lat' dir='ltr'><strong>venatoris</strong></span> <span class='ocrx_word' id='word_1_817' title='bbox 2687 5403 2859 5441; x_wconf 77' lang='lat' dir='ltr'><strong>instar</strong></span> <span class='ocrx_word' id='word_1_818' title='bbox 2890 5403 3234 5509; x_wconf 60' lang='lat' dir='ltr'><strong>exsgecsans.</strong></span> <span class='ocrx_word' id='word_1_819' title='bbox 3262 5403 3400 5436; x_wconf 75' lang='lat' dir='ltr'><strong>nam</strong></span> 
     </span>
     <span class='ocr_line' id='line_1_116' title="bbox 1827 5452 3400 5531; baseline -0.004 -20"><span class='ocrx_word' id='word_1_820' title='bbox 1827 5459 2170 5531; x_wconf 77' lang='grc' dir='ltr'>προϐόλαιος,</span> <span class='ocrx_word' id='word_1_821' title='bbox 2202 5460 2415 5531; x_wconf 49' lang='lat' dir='ltr'><strong>opinor,</strong></span> <span class='ocrx_word' id='word_1_822' title='bbox 2439 5458 2848 5531; x_wconf 75' lang='lat' dir='ltr'><strong>non__absimilis</strong></span> <span class='ocrx_word' id='word_1_823' title='bbox 2876 5475 2982 5528; x_wconf 86' lang='grc' dir='ltr'><strong>προ</strong></span> <span class='ocrx_word' id='word_1_824' title='bbox 3018 5455 3165 5526; x_wconf 82' lang='grc' dir='ltr'>ολίῳ.</span> <span class='ocrx_word' id='word_1_825' title='bbox 3200 5452 3400 5531; x_wconf 73' lang='lat' dir='ltr'><strong>S_equi-</strong></span> 
     </span>
    </p>
   </div>
   <div class='ocr_carea' id='block_1_113' title="bbox 1827 5524 3403 5612">
    <p class='ocr_par' dir='ltr' id='par_1_113' title="bbox 1827 5524 3403 5612">
     <span class='ocr_line' id='line_1_117' title="bbox 1827 5524 3403 5612; baseline 0.013 -19"><span class='ocrx_word' id='word_1_826' title='bbox 1827 5524 1917 5612; x_wconf 65' lang='lat' dir='ltr'><strong>gu&#39;r</strong></span> <span class='ocrx_word' id='word_1_827' title='bbox 1945 5524 2359 5612; x_wconf 54' lang='grc' dir='ltr'><strong>πεφυλαεγμένος</strong></span> <span class='ocrx_word' id='word_1_828' title='bbox 2381 5525 2713 5612; x_wconf 56' lang='grc' dir='ltr'>ἦέτοῖῪθηθι</span> <span class='ocrx_word' id='word_1_829' title='bbox 2736 5524 2945 5612; x_wconf 50' lang='lat' dir='ltr'><strong>imiimi?</strong></span> <span class='ocrx_word' id='word_1_830' title='bbox 2969 5524 3403 5612; x_wconf 54' lang='grc' dir='ltr'><strong>ηὲἔυὲέίσῖβεξθέῗ</strong></span> 
     </span>
    </p>
   </div>
   <div class='ocr_carea' id='block_1_114' title="bbox 1826 5597 3398 5671">
    <p class='ocr_par' dir='ltr' id='par_1_114' title="bbox 1826 5597 3398 5671">
     <span class='ocr_line' id='line_1_118' title="bbox 1826 5597 3398 5671; baseline -0.006 -18"><span class='ocrx_word' id='word_1_831' title='bbox 1826 5597 2112 5671; x_wconf 82' lang='grc' dir='ltr'>λαγμὲνως</span> <span class='ocrx_word' id='word_1_832' title='bbox 2137 5597 2280 5671; x_wconf 64' lang='grc' dir='ltr'>ἔχειν</span> <span class='ocrx_word' id='word_1_833' title='bbox 2307 5597 2601 5671; x_wconf 66' lang='lat' dir='ltr'><strong>vigilantiae</strong></span> <span class='ocrx_word' id='word_1_834' title='bbox 2630 5613 2694 5652; x_wconf 81' lang='lat' dir='ltr'><strong>ac</strong></span> <span class='ocrx_word' id='word_1_835' title='bbox 2737 5597 3122 5671; x_wconf 77' lang='lat' dir='ltr'><strong>sollicitudinis</strong></span> <span class='ocrx_word' id='word_1_836' title='bbox 3150 5603 3253 5671; x_wconf 72' lang='lat' dir='ltr'><strong>est,</strong></span> <span class='ocrx_word' id='word_1_837' title='bbox 3289 5608 3398 5646; x_wconf 88' lang='lat' dir='ltr'><strong>non</strong></span> 
     </span>
    </p>
   </div>
   <div class='ocr_carea' id='block_1_115' title="bbox 1826 5664 3399 5739">
    <p class='ocr_par' dir='ltr' id='par_1_115' title="bbox 1826 5664 3399 5739">
     <span class='ocr_line' id='line_1_119' title="bbox 1826 5664 3399 5739; baseline -0.006 -15"><span class='ocrx_word' id='word_1_838' title='bbox 1826 5664 2199 5739; x_wconf 54' lang='lat' dir='ltr'><strong>impunitatis}</strong></span> <span class='ocrx_word' id='word_1_839' title='bbox 2216 5664 2390 5736; x_wconf 79' lang='lat' dir='ltr'><strong>Quod</strong></span> <span class='ocrx_word' id='word_1_840' title='bbox 2420 5678 2664 5739; x_wconf 80' lang='lat' dir='ltr'><strong>extremo</strong></span> <span class='ocrx_word' id='word_1_841' title='bbox 2713 5682 2896 5739; x_wconf 83' lang='lat' dir='ltr'><strong>versu,</strong></span> <span class='ocrx_word' id='word_1_842' title='bbox 2948 5668 3015 5739; x_wconf 84' lang='lat' dir='ltr'><strong>de</strong></span> <span class='ocrx_word' id='word_1_843' title='bbox 3045 5664 3276 5739; x_wconf 82' lang='lat' dir='ltr'><strong>tegendo</strong></span> <span class='ocrx_word' id='word_1_844' title='bbox 3302 5677 3399 5716; x_wconf 84' lang='lat' dir='ltr'><strong>ca-</strong></span> 
     </span>
    </p>
   </div>
   <div class='ocr_carea' id='block_1_116' title="bbox 1828 5736 3401 5810">
    <p class='ocr_par' dir='ltr' id='par_1_116' title="bbox 1828 5736 3401 5810">
     <span class='ocr_line' id='line_1_120' title="bbox 1828 5736 3401 5810; baseline -0.004 -17"><span class='ocrx_word' id='word_1_845' title='bbox 1828 5736 1935 5809; x_wconf 83' lang='lat' dir='ltr'><strong>pite</strong></span> <span class='ocrx_word' id='word_1_846' title='bbox 1973 5741 2247 5804; x_wconf 90' lang='lat' dir='ltr'><strong>admonet,</strong></span> <span class='ocrx_word' id='word_1_847' title='bbox 2292 5739 2488 5810; x_wconf 84' lang='lat' dir='ltr'><strong>Argos,</strong></span> <span class='ocrx_word' id='word_1_848' title='bbox 2517 5737 2713 5805; x_wconf 88' lang='lat' dir='ltr'><strong>credo,</strong></span> <span class='ocrx_word' id='word_1_849' title='bbox 2759 5738 3079 5810; x_wconf 88' lang='lat' dir='ltr'><strong>primariam</strong></span> <span class='ocrx_word' id='word_1_850' title='bbox 3114 5736 3303 5791; x_wconf 85' lang='lat' dir='ltr'><strong>urbem</strong></span> <span class='ocrx_word' id='word_1_851' title='bbox 3335 5745 3401 5788; x_wconf 65' lang='lat' dir='ltr'><strong>se</strong></span> 
     </span>
    </p>
   </div>
   <div class='ocr_carea' id='block_1_117' title="bbox 1828 5809 2474 5882">
    <p class='ocr_par' dir='ltr' id='par_1_117' title="bbox 1828 5809 2474 5882">
     <span class='ocr_line' id='line_1_121' title="bbox 1828 5809 2474 5882; baseline 0 -17"><span class='ocrx_word' id='word_1_852' title='bbox 1828 5810 2172 5882; x_wconf 88' lang='lat' dir='ltr'><strong>metropolim</strong></span> <span class='ocrx_word' id='word_1_853' title='bbox 2202 5809 2474 5882; x_wconf 81' lang='lat' dir='ltr'><strong>intelligit.</strong></span> 
     </span>
    </p>
   </div>
  </div>
