3894 6220
496 395 601 452 455

496 510 742 568 Chirona
773 512 950 583 magni
979 510 1178 567 soboles
1202 529 1475 584 germana,
1507 513 1737 580 Cariste,

494 652 687 725 Desere
722 651 992 725 Peliacum
1026 663 1273 725 montem,
1310 651 1619 725 Euboeaeque
1652 659 1906 711 tumentis

494 724 624 797 Atta
652 724 809 778 subi:
844 738 1052 776 sacram
1086 723 1169 777 hic
1203 724 1373 793 fatum
1400 735 1478 780 est
1518 723 1612 781 tibi
1652 743 1848 797 ponere
1875 728 2069 784 sedem.

497 791 643 864 Ergo
669 808 785 864 age,
819 808 1001 863 rumpe
1029 791 1232 848 moras.

492 905 617 961 Ain‘
640 914 701 961 tu
724 906 903 961 serio?
922 906 1165 977 Aliquid,
1198 922 1232 962 ο
1252 908 1467 977 Apollo,
1490 924 1618 963 vere
1642 909 1879 965 hominis
1910 909 2075 982 256

493 998 548 1051 ln
578 1004 842 1067 potestate
862 1005 949 1054 est
968 998 993 1050 ?
1015 997 1142 1053 licet
1169 998 1305 1053 mihi
1329 1014 1430 1069 pro
1451 1000 1677 1054 arbitrio
1699 1001 1834 1056 velle
1862 1000 2072 1056 Pelium

496 1086 853 1157 relinquere?
876 1088 1044 1158 Atqui
1071 1103 1137 1145 ex
1167 1090 1357 1144 multis
1382 1090 1717 1161 sapientibus
1750 1092 2033 1148 audieram
2054 1134 2070 1160 ,

491 1179 537 1235 si
568 1179 702 1234 mihi
741 1177 915 1235 fatum
940 1188 1118 1247 esset,
1153 1180 1210 1236 in
1256 1181 1478 1238 Euboeae
1512 1180 1948 1253 promontorium
1981 1200 2073 1240 ve-

492 1271 631 1337 nire,
655 1280 711 1326 et
731 1286 949 1327 sacrum
978 1271 1051 1327 ibi
1078 1271 1415 1327 domicilium
1439 1273 1697 1338 excitare,
1737 1290 1824 1329 me
1845 1289 2073 1345 prorsus

487 1374 541 1418 et
572 1372 886 1428 venturum,
921 1372 975 1418 et
1005 1364 1371 1419 excitaturum
1399 1380 1552 1429 esse,
1588 1381 1684 1421 seu
1709 1365 1936 1430 dixeris,
1973 1382 2071 1422 seu

491 1468 624 1521 non,
674 1454 787 1508 imo
815 1453 1008 1520 velim,
1037 1455 1225 1510 nolim.
1272 1454 1367 1509 Sin
1409 1464 1591 1509 autem
1627 1456 1678 1509 id
1715 1471 1802 1510 me
1854 1472 2074 1527 quoque

490 1547 627 1602 velle
661 1554 928 1616 oporteat,
964 1545 1111 1616 quod
1145 1547 1243 1601 abs
1272 1561 1360 1601 me
1406 1547 1706 1602 necessitas
1747 1547 1826 1602 uti
1873 1549 1959 1603 vel
1984 1548 2071 1603 in-

488 1640 635 1694 vitus
666 1638 850 1706 velim,
883 1647 1209 1708 extorqueat
1235 1658 1248 1693 :
1286 1647 1342 1693 tu
1378 1639 1482 1693 [ide
1509 1639 1768 1695 nimirum
1793 1678 1809 1704 ,
1838 1641 2069 1712 Apollo,

489 1729 707 1801 dignior
758 1744 840 1785 es.
896 1727 1018 1783 Tibi
1074 1742 1205 1799 ergo
1260 1743 1348 1783 me
1398 1728 1545 1784 dicto
1596 1729 1909 1786 audientem
1949 1745 2072 1788 esse

490 1829 735 1889 praestat.

488 1908 543 1977 1,
579 1910 870 1983 Pariosque
897 1927 1071 1975 mone,
1102 1910 1402 1979 Telesicles,
1432 1913 1643 1968 numine
1674 1924 1875 1984 nostra,

495 2022 684 2077 Insula
715 2025 769 2078 in
803 2024 963 2078 Aeria
994 2024 1274 2079 sublimem
1301 2041 1333 2079 a
1360 2025 1568 2079 sedibus
1597 2026 1778 2080 urbem

488 2093 727 2148 Condere
758 2104 807 2147 te
830 2095 1066 2163 justum.

482 2184 707 2241 Faciam
740 2201 875 2242 vero
920 2188 940 2257 (
963 2186 1107 2242 dicet
1150 2186 1387 2244 fortasse
1415 2189 1725 2258 protervior
1751 2190 2024 2261 quispiam
2048 2232 2067 2259 ,

484 2288 581 2333 aut
611 2278 866 2347 quisquis
900 2278 1194 2348 suggillare
1237 2288 1290 2334 te
1327 2278 1608 2351 volet),ut
1642 2281 1842 2352 jubeas
1888 2284 2066 2338 nihil:

484 2370 538 2424 id
560 2371 706 2424 enim
735 2369 908 2425 fatum
934 2370 1068 2424 mihi
1097 2380 1202 2425 est.
1234 2369 1504 2426 Caeterum
1551 2372 1710 2427 Aeria
1759 2373 1851 2428 illa
1888 2374 2066 2431 insula

485 2460 703 2517 Thasus
732 2470 850 2527 est,
880 2461 934 2516 in
965 2477 1131 2532 quam
1163 2470 1387 2519 auctore
1426 2463 1757 2543 Archilocho
1789 2465 1899 2522 ﬁlio
1945 2482 2069 2523 meo

484 2550 631 2607 Parii
679 2553 1108 2621 commeabunt;
1162 2554 1278 2609 haec
1319 2555 1466 2609 enim
1512 2556 1692 2611 insula
1726 2559 1878 2627 prius
1904 2558 2068 2614 Aeria

483 2644 804 2699 vocabatur.
853 2643 935 2699 Tu
992 2654 1176 2700 autem
1222 2654 1283 2700 ut
1326 2647 1382 2701 in
1428 2647 1747 2703 ulciscendo
1789 2650 1971 2719 gravis
2015 2658 2070 2705 et

481 2738 715 2793 acerbus
744 2752 826 2803 es,
856 2753 1165 2808 nunquam,
1198 2739 1416 2809 Opinor,
1442 2740 1718 2795 hominem
1752 2752 1861 2796 tam
1887 2742 2070 2812 ingra-

478 2838 596 2885 tum
628 2837 793 2900 atque
820 2831 1082 2885 audacem
1118 2829 1266 2886 feras
1294 2850 1307 2885 :
1338 2833 1433 2901 qui
1465 2833 1570 2887 nisi
1608 2850 1735 2887 eum
1767 2836 1844 2888 rei
1879 2834 2070 2888 admo-

479 2936 612 2977 nere
638 2921 931 2989 voluisses,
959 2937 1061 2977 nec
1095 2922 1150 2977 id
1179 2938 1422 2991 unquam
1455 2924 1571 2990 ipse
1606 2924 1930 2988 nuntiasset,
1967 2936 2069 2976 nec

478 3011 842 3067 Archilochus
884 3013 1128 3083 ejusdem
1179 3011 1322 3067 ﬁlius
1361 3011 1648 3067 Parion-um
1698 3014 1968 3067 coloniam
2000 3027 2067 3068 eo

481 3103 820 3167 deduxisset,
845 3117 946 3159 nec
967 3102 1113 3158 Parii
1137 3102 1380 3159 Thasum
1410 3105 1749 3161 habuissent.
1776 3104 2063 3175 Equidem,

1136 395 1412 454 EUSEBII
1447 396 1928 456 CESARIENSIS
1967 401 2118 458 OPP.
2165 402 2348 459 PARS
2384 405 2448 461 ll.
2488 436 2559 446 —
2599 404 3102 463 APOLOGETICA.

2097 1863 2145 1923 Β

3642 406 3745 465 156

2099 523 2145 577 A
2172 524 2463 592 Χείρωνος
2525 520 2635 592 (7|)
2698 521 2839 590 ςρίλε
2894 519 3108 575 τέκνον
3149 519 3526 592 ἀγακλυτοῖο,
3578 520 3751 590 Κάριι

2174 662 2405 730 Πήλιον
2423 662 2829 730 ἐκπρολιπὼν,
2851 662 3106 727 Εὐϐοίας
3127 661 3317 729 ἀκρον
3341 590 3679 729 ικὲἓέξιὲἶὶλ

2179 734 2334 787 Ἔνθ’
2359 733 2525 799 ἱερὰν
2552 732 2751 801 χώραν
2774 732 2989 793 κτίζειν
3008 747 3107 786 σοι
3128 732 3434 802 θέσφατόν
3457 732 3647 789 ἐστιν.

2188 804 2349 859 Ἀλλ’
2383 806 2482 865 ἴθι,
2512 803 2725 872 μηκέτι
2752 802 2961 872 μέλλε.

2173 914 2252 971 Ἦ
2284 918 2394 990 γὰρ
2420 918 2495 982 ὡς
2521 916 2736 988 ἀληθῶς
2759 919 2843 969 ἐπ’
2873 914 3147 988 ἀνθρώπῳ
3172 915 3226 969 τί
3258 918 3425 980 ἐστιν,
3462 910 3509 970 ὦ
3557 917 3757 970 Ἀπολ-

2176 1010 2297 1076 λον;
2326 1011 2419 1064 καὶ
2459 1009 2784 1081 βουληθῆναι
2810 1008 3007 1080 Πήλιον
3039 1007 3389 1080 ὲκπρολιπεῖν
3430 1007 3618 1080 κύριός
3639 1011 3755 1079 είμι

2176 1104 2325 1173 ιγὼς
2360 1104 2469 1157 Καὶ
2495 1102 2600 1174 μὴν
2622 1103 2819 1173 ἤκουον
2869 1101 3021 1174 παρὰ
3062 1100 3272 1154 πολλῶν
3311 1101 3519 1170 σοφῶν,
3561 1101 3675 1164 ὅτι,
3708 1101 3762 1153 εῐ

2177 1213 2266 1266 μοι
2301 1196 2586 1268 πέπρωται
2620 1193 2853 1257 Εὐϐοίας
2884 1193 3051 1264 ἀκρον
3080 1192 3309 1256 ἱκέσθαι,
3334 1193 3428 1246 καὶ
3456 1193 3606 1264 ἱεράν
3645 1191 3759 1263 χὼ-

2177 1302 2276 1358 ραν
2321 1286 2547 1350 κτίζειν,
2583 1286 2677 1338 καὶ
2702 1283 2887 1353 ἵξομαι
2931 1282 3025 1336 καὶ
3053 1282 3211 1347 κτιῶ,
3242 1282 3352 1336 εἴτε
3396 1283 3595 1352 λέγοις,
3647 1284 3762 1336 εἴτε

2177 1372 2272 1443 μὴ,
2308 1373 2403 1426 καὶ
2450 1373 2560 1426 εἴτε
2614 1371 2944 1443 βουλοίμην,
2973 1370 3086 1424 εἴτε
3120 1373 3216 1444 μή,
3270 1373 3335 1426 Ei
3372 1373 3429 1426 δέ
3458 1390 3525 1444 με
3557 1373 3637 1426 δεῖ
3664 1375 3762 1426 καὶ

2175 1463 2525 1535 βουληθῆναι,
2549 1466 2577 1518 ὅ
2611 1481 2662 1517 τι
2697 1480 2787 1534 μοι
2820 1464 3032 1536 ἀνάγκη
3057 1466 3195 1528 ἐστὶ,
3224 1465 3315 1519 καὶ
3358 1467 3407 1518 εἰ
3448 1466 3522 1536 μὴ
3557 1463 3767 1535 βουλοί-

2176 1574 2304 1628 μην,
2347 1556 2672 1630 βουληθῆναι
2692 1576 2706 1590 ο
2738 1560 2874 1614 ἀλλά
2904 1562 2991 1625 σὺ,
3026 1554 3071 1613 ὦ
3097 1558 3380 1620 Ἀπολλον,
3407 1555 3764 1611 πιστεύεσθαι

2172 1647 2530 1722 δικαιότερος.
2569 1652 2759 1706 Ἔοικα
2791 1652 2854 1724 δή
2887 1670 2969 1707 σοι
3003 1651 3202 1723 μᾶλλον
3238 1648 3542 1722 προσέξειν.

2178 1936 2493 2006 Ἀγγειλον
2523 1936 2767 2005 Παρίοις
2794 1935 2928 2007 (75),
2984 1935 3388 2000 Τελεσίκλεες,
3434 1932 3768 2058 difﬁtemu-

3581 2018 3686 2068 υω,

2169 2075 2355 2143 Νήσῳ
2375 2077 2445 2131 ὲν
2479 2077 2677 2145 Ἠερίη
2708 2074 2925 2137 κτίζειν
2955 2075 3263 2132 εὐδείελον
3285 2003 3505 2131 dormt

2184 2190 2425 2259 Ἀγγελῶ
2451 2189 2517 2261 νὴ
2556 2190 2675 2254 Δία,
2709 2189 2890 2261 (φήσει
2922 2189 3065 2259 τάχα
3085 2206 3189 2242 που
3230 2189 3315 2253 τὶς
3354 2186 3768 2259 τετυφωμένος,

2170 2284 2204 2353 ἦ
2236 2299 2295 2336 σε
2325 2282 2610 2355 ἐλέγχων,)
2637 2282 2741 2336 κᾶν
2768 2281 2842 2353 μὴ
2865 2281 3131 2355 κελεύσῃς
3154 2298 3169 2312 ο
3188 2281 3473 2352 πέπρωται
3494 2280 3624 2351 γάρ.
3647 2279 3773 2332 Καὶ

2169 2375 2285 2429 ἐστι
2320 2375 2496 2439 Θάσος
2539 2374 2638 2446 μὲν
2673 2376 2704 2445 ἡ
2745 2374 2934 2445 Ἦερία
2956 2376 3139 2444 νῆσος
3172 2371 3360 2445 ἥξουσι
3393 2372 3437 2426 δ’
3468 2373 3553 2424 ἐπ’
3585 2370 3772 2441 αὐτὴν

2170 2468 2387 2540 Πάριοι,
2431 2466 2743 2538 Ἀρχιλόχου
2772 2465 2866 2520 τοῦ
2897 2464 3034 2535 ἐμοῦ
3080 2465 3196 2518 υἱοῦ
3238 2465 3573 2537 φράσαντος,
3606 2462 3693 2514 ὃτι
3728 2464 3768 2533 ἡ

2169 2558 2331 2627 νῆσος
2353 2553 2489 2626 αὕτη
2518 2555 2648 2626 πρὶν
2696 2554 2882 2626 Ἦερία
2909 2554 3174 2607 ἐκαλεῖτο.
3209 2555 3281 2607 Σὺ
3308 2550 3421 2616 οὖν,
3449 2552 3618 2615 δεινὸς
3651 2551 3773 2623 γὰρ

2170 2642 2495 2708 ἐπεξελθεῖν,
2513 2643 2613 2696 οὐκ
2642 2642 2824 2713 ἀνέξῃ,
2857 2639 3030 2713 οἶμαι,
3054 2642 3240 2708 αὐτοῦ,
3261 2642 3430 2705 οὕτως
3450 2641 3601 2704 ὄντος
3632 2642 3777 2711 ἀχα-

2172 2736 2357 2808 ρίστου
2384 2736 2481 2789 καὶ
2510 2734 2763 2808 θρασέος,
2793 2735 2873 2800 ὃς,
2902 2738 2949 2788 εί
2980 2734 3055 2807 μὴ
3082 2736 3146 2789 σὺ
3170 2735 3407 2806 μηνῦσαι
3428 2733 3577 2803 αὐτῴ
3605 2732 3775 2786 ἐϐου-

2170 2826 2360 2897 λήθης,
2398 2828 2498 2879 οὺκ
2540 2828 2606 2880 ἄν
2646 2844 2779 2880 ποτε
2813 2827 3089 2897 ἧγγειλεν,
3122 2827 3229 2879 οὐδ’
3270 2827 3336 2881 ἂν
3386 2825 3703 2898 Ἀρχίλοχος
3740 2827 3775 2876 ὁ

2172 2917 2285 2980 υἱὸς
2312 2915 2475 2969 αὐτοῦ
2510 2915 2744 2987 Παρίους
2769 2917 3115 2988 ἐξενάγησεν,
3143 2918 3249 2971 οὐδ’
3270 2918 3335 2972 ἂν
3355 2919 3405 2971 οἱ
3432 2917 3630 2990 Πάριοι
3657 2916 3775 2970 Θά-

2172 3026 2263 3064 σον
2287 3007 2530 3081 ῷκησαν.
2552 3009 2666 3063 Οὐκ
2696 3004 2793 3062 οἶδ’
2828 3005 2923 3063 οὖν
2949 3011 2997 3062 εἰ
3026 3011 3089 3063 σὺ
3107 3009 3286 3078 λέγεις
3313 3010 3411 3079 μὲν
3436 3009 3635 3073 ταῦτα,
3663 3009 3775 3062 οὐκ

2168 3097 2327 3154 οἶσθα
2352 3101 2428 3165 δὲ,
2458 3098 2494 3154 ἃ.
2521 3100 2721 3169 λέγεις.
2762 3100 2900 3154 Ἀλλ’
2929 3101 3050 3154 ἐπεὶ
3080 3100 3273 3172 σχολὴν
3296 3101 3450 3170 ἄγειν
3477 3103 3774 3174 ἐοίκαμεν,

482 3194 699 3247 istucne
755 3192 943 3258 dicas,
976 3208 1078 3247 nec
1109 3201 1289 3247 tamen
1312 3233 1329 3259 ,
1369 3193 1516 3262 quod
1549 3195 1720 3260 dicis,
1756 3195 2027 3264 intelligas
2050 3234 2065 3260 ,

2172 3192 2266 3247 δαὶ
2317 3192 2534 3264 μακρὰν
2577 3192 2944 3261 διαλέγεσθαι,
2974 3193 3004 3245 ό
3035 3193 3092 3246 δὲ
3144 3193 3300 3262 λόγος
3351 3194 3413 3247 οὐ
3458 3194 3771 3265 πάρεργος,

483 3283 709 3338 nescio:
746 3284 839 3338 sed
871 3297 1050 3338 tamen
1075 3284 1333 3353 quoniam
1358 3293 1412 3338 et
1433 3285 1730 3355 longiorem
1755 3300 2065 3340 sermonem

481 3372 653 3427 otium
681 3381 926 3428 nostrum
961 3372 1185 3441 patitur,
1228 3387 1331 3427 nec
1371 3373 1416 3427 is
1445 3373 1659 3427 alienus
1686 3383 1776 3428 est
1804 3372 2021 3429 futurus
2048 3390 2064 3442 ;

481 3465 592 3531 die,
624 3470 822 3520 amabo
851 3466 1023 3536 (satis
1046 3466 1192 3521 enim
1230 3465 1369 3521 forte
1416 3482 1589 3538 pauca
1616 3467 1683 3522 de
1719 3468 1906 3523 multis
1943 3469 2068 3524 atti-

481 3558 627 3631 gisse
670 3556 1066 3629 fuerit):Num
1110 3559 1317 3629 aliquid
1359 3574 1460 3629 ego
1494 3568 1660 3630 tuque
1689 3561 1918 3617 sumus?
1962 3560 2067 3617 Su-

483 3667 648 3713 mus.
710 3650 949 3722 inquies.
993 3650 1109 3707 Hoc
1138 3662 1320 3707 autem
1383 3653 1478 3723 qui
1514 3654 1769 3710 scimus?
1820 3665 1916 3710 aut
1955 3671 2066 3725 quo

482 3742 642 3801 nobis
684 3752 1009 3813 argumento
1058 3758 1161 3799 nos
1212 3744 1266 3798 id
1310 3743 1452 3799 scire
1497 3747 1918 3814 persuasimus?
1947 3746 2066 3802 Non

484 3833 694 3901 fateris,
727 3835 838 3889 alio
868 3834 1018 3889 nullo
1045 3836 1271 3905 perinde
1298 3837 1404 3892 hoc
1433 3838 1595 3904 eﬂici,
1634 3855 1699 3894 ac
1734 3855 1901 3895 sensu
1929 3855 2068 3910 quo-

482 3927 606 3981 dam
634 3927 1092 3997 perceplioneque
1116 3930 1343 3983 nostra?
1366 3928 1486 3984 Jam
1514 3932 1821 3987 animantes
1849 3947 2068 4002 quoque

482 4034 582 4074 nos
616 4033 759 4085 esse,
808 4020 1274 4089 quemadmodum
1326 4022 1487 4078 nobis
1536 4022 1839 4078 consistit?
1870 4040 2066 4094 quem-

481 4111 778 4167 admodum
809 4126 875 4167 ex
904 4112 1297 4177 animantibus,
1327 4123 1387 4167 ut
1412 4113 1546 4168 mihi
1572 4114 1793 4184 quidem
1834 4115 2068 4191 loquen-

480 4203 611 4257 dum
640 4203 878 4271 videtur,
911 4203 1162 4258 homines
1190 4222 1204 4271 ;
1243 4219 1307 4259 ex
1344 4203 1658 4261 hominibus
1683 4207 2066 4263 circulatorem

481 4295 735 4362 alterum,
766 4295 998 4349 alterum
1023 4296 1369 4351 circulatoris
1391 4300 1814 4368 exagitatorem:
1844 4309 1903 4355 ut
1933 4316 2066 4356 vero

478 4388 742 4460 loqueris,
768 4389 929 4444 deum
971 4390 1234 4455 alterum,
1270 4391 1501 4445 alterum
1539 4392 1815 4447 hominem
1844 4393 1868 4446 ?
1909 4393 2066 4448 item-

477 4499 584 4552 que
620 4490 795 4536 vatem
826 4482 1082 4549 alterum,
1117 4483 1347 4537 alterum
1380 4483 1772 4553 sycophantam
1802 4485 1824 4539 ?
1870 4484 1936 4539 Et
1966 4487 2065 4542 ha-

2170 3285 2347 3337 ἐκεῖνό
2383 3302 2473 3355 μοι
2522 3284 2647 3353 λέγε
2696 3282 2862 3355 (ἴσως
2887 3285 2981 3338 καὶ
3004 3285 3161 3353 ὀλίγα
3203 3287 3269 3339 ἐκ
3296 3284 3506 3339 πολλῶν
3540 3286 3776 3357 ἁρκεί)“

2169 3370 2318 3447 *Δρά
2343 3375 2407 3444 γέ
2432 3375 2485 3427 τί
2508 3375 2673 3447 ἐσμεν
2695 3373 2806 3444 ἐγώ
2838 3392 2897 3428 τε
2923 3376 3016 3428 καὶ
3051 3375 3113 3428 σύ
3139 3392 3153 3441 ;
3181 3375 3349 3446 φαίης
3375 3374 3462 3429 ἄν.
3501 3374 3678 3428 Τοῦτο
3709 3375 3778 3429 δὲ

2168 3466 2365 3520 ὁπόθεν
2402 3466 2594 3538 ίσμεν;
2629 3467 2690 3521 τὸ
2712 3478 2738 3507 ι
2763 3467 2881 3520 πότ’
2904 3465 3009 3538 ἄρα
3026 3465 3184 3520 τοῦτο
3203 3468 3399 3520 εἰδέναι
3426 3466 3774 3537 ὲκρίναμεν;

2169 3559 2203 3631 ἢ
2237 3559 2336 3612 οὐκ
2363 3558 2491 3614 ἀλλο
2542 3560 2723 3613 ἱκανὸν
2759 3558 2934 3622 οὕτως
2957 3599 2972 3618 ,
3013 3559 3089 3622 ὡς
3119 3561 3153 3629 ὴ
3195 3559 3547 3630 συναίσθησίς
3579 3576 3642 3611 τε
3673 3560 3779 3611 καὶ

2170 3650 2456 3723 ἀντίληψις
2501 3651 2656 3722 ἡμῶν
2699 3650 2878 3704 αὐτῶν
2903 3668 2917 3716 ;
2954 3652 3019 3704 Τί
3047 3651 3092 3705 δ’
3120 3652 3201 3704 ὄτι
3235 3650 3349 3715 ζῶά
3376 3652 3545 3722 ὲσμεν
3572 3692 3589 3713 ,
3620 3650 3778 3714 ’πῶς

2172 3745 2290 3796 ποτ’
2322 3743 2430 3814 ἄρα
2460 3743 2752 3815 ἑξεύρομεν
2773 3761 2787 3809 ;
2812 3743 2931 3807 πῶς
2956 3743 3001 3795 δ’
3025 3743 3108 3796 ὅτι
3136 3744 3230 3796 καὶ
3259 3742 3431 3807 ζώων,
3459 3744 3535 3806 ὡς
3569 3743 3671 3813 μὲν
3704 3743 3780 3795 ἂν

2170 3836 2282 3906 ἐγὼ
2314 3836 2546 3906 εἴποιμι,
2574 3835 2849 3906 ἄνθρωποι
2869 3853 2884 3866 ⁶
2916 3835 3011 3888 καὶ
3038 3833 3341 3905 ἀνθρώπων
3365 3837 3393 3887 ὁ
3419 3835 3517 3905 μὲν
3548 3835 3711 3905 γόης,
3743 3836 3780 3888 ὁ

2169 3930 2226 3983 δὲ
2258 3929 2452 3999 γόητος
2475 3928 2846 4000 ἀπελεγκτής·
2881 3927 2957 3992 ὼς
2982 3928 3027 3981 δ’
3053 3927 3118 3981 ἄν
3151 3943 3234 3980 σοι
3262 3926 3312 3992 b,
3341 3929 3370 3980 ὁ
3413 3926 3515 3996 μὲν
3549 3924 3783 3997 ἄνθρω-

2172 4039 2272 4086 πος
2291 4061 2307 4085 ,
2335 4022 2363 4074 ὁ
2389 4022 2446 4074 δὲ
2474 4020 2616 4084 θεὸς,
2653 4020 2746 4073 καὶ
2770 4023 2797 4074 ὁ
2834 4021 2931 4091 μὲν
2967 4020 3181 4090 μάντις,
3216 4022 3245 4074 ὁ
3281 4019 3338 4072 δὲ
3380 4019 3781 4090 συκοφάντης;

2169 4113 2281 4167 Καὶ
2310 4112 2452 4165 ἔστω
2490 4128 2554 4181 γε
2584 4112 2666 4163 σοὶ
2694 4110 2866 4173 οὕτως
2892 4109 3028 4180 ἔχων
3060 4119 3083 4148 ε
3108 4149 3122 4174 ,
3162 4110 3368 4179 ἐάνπερ
3405 4107 3582 4177 ἔγωγε
3623 4107 3777 4162 ἀλῶ.

2168 4205 2295 4269 Πῶς
2332 4203 2376 4257 δ’
2417 4204 2500 4256 ὅτι
2541 4201 2896 4271 διαλεγόμεθα
2939 4200 3096 4270 ἐντῷ
3126 4200 3354 4271 παρόντι
3398 4198 3777 4271 ἐγνώκαμενζ

2170 4299 2235 4353 Τί
2262 4298 2367 4368 φῄς
2390 4312 2404 4362 ;
2428 4292 2555 4367 Ἆρ’
2591 4294 2691 4347 οὐκ
2727 4293 2906 4366 ὀρθῶς
2939 4292 3235 4363 ἐκρίναμεν
3262 4292 3361 4363 τὴν
3394 4290 3545 4361 ἡμῶν
3580 4291 3785 4347 αὐτῶν

2169 4390 2474 4461 ἀντίληψιν,
2526 4388 2601 4460 τῷ
2632 4388 2848 4441 πάντων
2894 4387 3181 4458 ὲγγυτάτῳ
3234 4385 3523 4458 πράγματι
3572 4386 3785 4458 αὐτῷ;

2169 4482 2441 4554 Δηλονότι.
2473 4481 2547 4534 Ub
2577 4475 2775 4551 γὰρῆν
2805 4478 2932 4534 ἀλλο
2959 4478 3123 4532 αὑτοῦ
3151 4476 3277 4531 οὔτε
3304 4476 3599 4549 ἀνώτερον,
3635 4478 3787 4534 οὗτε

480 4576 610 4629 beas
654 4573 706 4628 id
744 4582 799 4627 tu
839 4574 1059 4643 quidem
1105 4589 1203 4643 per
1233 4589 1321 4629 me
1364 4573 1527 4638 licet,
1561 4574 1739 4630 victus
1787 4575 1962 4632 fuero.
2015 4577 2063 4632 A

2172 4575 2575 4648 πρεσϐύτερον,
2621 4571 2744 4626 οὔτε
2790 4573 3133 4643 πιστότερον.
3178 4572 3331 4625 Ἐπεὶ
3367 4573 3415 4624 εἰ
3464 4570 3540 4641 μὴ
3586 4571 3789 4638 οὕτως

477 4664 635 4722 nobis
694 4678 823 4718 vero
871 4664 1013 4719 hanc
1068 4664 1563 4733 impraesentiarum
1630 4664 2059 4735 disputationem

480 4756 687 4816 haberi,
737 4773 844 4826 qua
900 4756 1117 4811 tandem
1166 4757 1379 4810 ratione
1434 4758 1872 4827 cognoscimus?
1917 4758 2061 4827 Quid

478 4847 594 4904 ais?
620 4845 897 4918 Numquid
928 4847 1188 4918 praeclare
1216 4846 1284 4903 de
1306 4856 1495 4903 nostra
1524 4849 1853 4920 percipiendi
1886 4853 1958 4919 vi,
1993 4868 2062 4909 ex

548 5001 575 5031 ι
602 5006 695 5060 rp.
725 4989 821 5060 τῷ.
901 4989 932 5031 1³
958 4990 1045 5046 τσ.
1078 4991 1168 5045 σύ.
1243 5001 1267 5031 θ
1303 5008 1392 5062 πο.
1426 4994 1570 5062 ἔχον.

548 5128 661 5201 (Ἠ)
703 5131 1021 5201 Χείρωνος.
1050 5129 1167 5191 Hoc
1195 5132 1478 5188 oraculum
1521 5133 1648 5188 alibi
1696 5133 1939 5187 nondum
1968 5149 2062 5189 oc-

473 5199 667 5274 currit.
701 5199 994 5256 Lectorum
1030 5203 1334 5274 abutuntur
1361 5205 1496 5265 otio,
1529 5204 1622 5274 qui
1653 5202 1985 5259 Herodotum
2009 5215 2063 5259 et

473 5272 756 5345 Platonem
784 5275 975 5345 citant,
1004 5273 1149 5345 apud
1173 5288 1321 5345 quos
1348 5274 1417 5328 de
1447 5272 1706 5345 ἱιιιίμηδὲ
1740 5273 1868 5345 γρύ.

547 5341 662 5411 (72)
691 5340 1349 5415 ‘dewteasmpb‘anus
1404 5340 1691 5415 Κάρυστον
1740 5340 1959 5410 scribit,
1995 5344 2063 5398 ab

476 5410 653 5480 eoque
671 5410 973 5483 _Carystum
1008 5413 1062 5465 in
1088 5410 1311 5483 Euboea
1339 5410 1621 5468 conditum
1669 5412 1841 5469 fuisse
1872 5415 2059 5481 tradit,

475 5496 641 5554 quam
658 5480 1045 5554 Tlieodoridas
1074 5481 1392 5554 Chironiam
1421 5485 1673 5554 appellat,
1700 5484 1844 5539 haud
1877 5480 2062 5552 dubie,

476 5550 635 5624 quo_d_
643 5550 905 5624 Chironis
936 5554 1082 5608 ﬁlius
1111 5553 1375 5624 Carystus
1401 5550 1565 5609 esset.

549 5619 661 5693 (75)
698 5621 1029 5693 "Ameriae
1048 5619 1310 5691 Παρίοις.
1352 5623 1496 5678 Idem
1533 5626 1816 5679 oraculum
1858 5621 2066 5693 profert

478 5688 828 5763 Stephanus,
860 5708 914 5744 ν.
950 5688 1217 5763 Θάσσος,
1251 5688 1340 5748 ubi
1388 5702 1441 5747 et
1489 5694 1556 5748 de
1597 5695 1825 5763 antiquo
1859 5688 2067 5748 insula:

478 5759 718 5820 nntiiine,
752 5760 909 5814 Aeria
942 5764 1098 5816 ;’⁴Οτι
1128 5762 1185 5814 δὲ
1210 5766 1303 5817 καὶ
1333 5764 1518 5872 Ἀεξία
1548 5767 1581 5835 ἡ
1608 5759 1839 5827 Θάσσος.
1867 5765 2063 5832 inquit,

478 5827 630 5872 δῆλον
669 5829 730 5872 ἐν
759 5830 851 5872 τῆῦ
886 5832 1136 5872 νῆϊν-τηΛῆ
1194 5834 1285 5872 ητιῧ
1317 5833 1404 5872 Kr.“
1442 5844 1558 5872 ii?r.r
1590 5834 1664 5872 φιτι
1693 5835 1785 5872 erit
1824 5832 1878 5872 ’Δ
1896 5834 2063 5872 navali-

475 5827 630 5899 δῆλον
669 5829 731 5883 ὲκ
759 5830 851 5883 τοῦ
886 5832 1159 5903 χρησμοῦ,
1194 5834 1285 5889 τοῦ
1317 5827 1664 5901 δοθέῊοξτῷ
1693 5835 1785 5890 τοῦ
1824 5827 2068 5903 Ἀρχιλόέ-

2168 4667 2300 4733 ἔξει,
2337 4668 2477 4740 μήτε
2510 4666 2618 4738 ἄρα
2642 4667 2716 4728 ὣς
2758 4664 2822 4719 σέ
2851 4683 2932 4728 τις
2962 4666 3041 4724 είς
3084 4664 3324 4734 Δελφοὺς
3363 4664 3790 4734 παραγενέσθαι

2170 4759 2354 4815 λοιπὸν
2374 4800 2389 4825 ,
2434 4760 2607 4830 ὄνομα
2665 4757 2975 4829 ’Δλκμαίων
2998 4799 3013 4821 ,
3046 4757 3362 4822 ἀπεκτονὼς
3394 4757 3492 4828 τὴν
3523 4759 3787 4832 μητέρα,

2173 4855 2269 4909 καὶ
2296 4852 2506 4909 οἴκοθεν
2543 4852 2897 4924 ἐλαυνόμενος
2924 4894 2939 4919 ,
2974 4852 3068 4905 καὶ
3101 4851 3282 4904 οἴκαδε
3322 4849 3642 4922 ἐπιθυμῶν*
3704 4854 3787 4907 οὐ

2169 5154 2287 5208 χου.
2321 5136 2496 5208 Adde,
2522 5135 2719 5208 «turpi.
2754 5135 2983 5208 Alioqui
3014 5135 3184 5188 ﬁlium
3228 5148 3513 5208 perperam
3550 5134 3794 5208 innue-

2170 5204 2272 5261 r'et.
2321 5204 2493 5259 Porro
2544 5204 2888 5265 Herodotus,
2931 5204 3024 5258 lib.
3061 5220 3122 5268 ιι,
3168 5214 3222 5258 et
3260 5205 3507 5274 pluribus
3550 5204 3650 5259 lib.
3684 5221 3792 5273 vr,

2172 5276 2413 5332 Thasum
2465 5278 2677 5340 urbem,
2724 5292 2754 5330 a
2800 5274 3150 5329 Phoenicibus
3193 5274 3464 5344 Europam
3503 5290 3797 5343 quaeren-

2173 5348 2319 5402 tibus
2365 5348 2673 5407 conditam,
2719 5355 2883 5415 atque
2933 5361 2965 5399 a
2997 5344 3216 5410 Thaso,
3261 5345 3659 5412 expeditionis,
3710 5360 3795 5404 ut

2171 5418 2406 5488 videtur,
2445 5417 2687 5488 principe
2717 5417 2926 5488 dictam
2961 5430 3083 5488 esse
3112 5416 3301 5488 tradit.
3329 5416 3792 5488 Quomodojgi-

2175 5498 2262 5542 tur
2285 5504 2314 5542 a
2350 5483 2547 5551 Pariis,
2580 5483 2718 5541 duce
2747 5486 3094 5551 Archilocho,
3122 5487 3198 5540 uti
3234 5487 3397 5539 etiam
3430 5484 3574 5553 apud
3605 5483 3798 5542 Stfa-

2172 5559 2303 5614 lion.
2353 5559 2444 5611 lib.
2480 5574 2510 5610 x
2558 5556 3041 5626 legimus,condita
3099 5555 3240 5610 fuit?
3286 5555 3451 5626 Forte
3481 5555 3797 5614 instaura—

2173 5638 2320 5683 tores
2353 5627 2469 5696 ejus
2496 5624 2664 5693 Parii,
2701 5642 2807 5681 non
2842 5626 3001 5695 primi
3029 5627 3342 5682 conditores
3375 5624 3529 5678 fuere
3556 5642 3572 5691 ;
3608 5631 3794 5695 quod

2174 5698 2241 5752 de
2289 5699 2410 5753 aliis
2453 5699 2725 5767 plerisque
2764 5696 2990 5750 urbibus
3026 5698 3132 5750 dici
3175 5706 3375 5764 potest,
3408 5711 3645 5767 quarum
3682 5699 3803 5755 vel

2177 5770 2525 5840 instauratio,
2556 5769 2638 5822 vel
2667 5766 3016 5841 ampliﬁcatio
3058 5769 3238 5824 notior
3275 5782 3440 5843 quam
3474 5766 3795 5830 conditus.
