3894 6220
213 353 318 408 457

1398 355 1721 413 ΡΒιΕΡΑΒ.
1766 354 2017 416 EVANG.
2059 360 2187 415 LIB.
2233 359 2316 417 Vl.

3351 355 3453 413 #38

208 469 319 540 γὰρ
341 466 501 531 οἶδεν,
545 467 658 522 οὔτ’
682 470 730 522 εἰ
751 469 866 523 ἐστι
918 487 970 523 τι
1001 470 1163 535 αὐτὸς
1190 472 1513 543 τοπαράπαν
1534 513 1549 538 ,
1584 472 1705 528 οὔτε
1738 475 1786 528 εἰ

1896 476 1999 530 hoc
2023 476 2141 545 ipso
2172 474 2541 545 potissimum,
2565 472 2712 541 quod
2743 472 2796 526 in
2831 470 3085 527 manibus
3106 475 3211 534 est,
3238 470 3455 539 negotio

207 560 418 614 οἴκοθεν
440 560 746 623 ἐλαύνεται,
785 560 894 615 οὔτ’
928 565 978 616 εἰ
1010 562 1192 617 οἴκαδε
1236 564 1511 634 ἐπιθυμεῖ.
1568 564 1705 618 Ἀλλ’
1738 569 1787 620 εἰ

209 654 304 707 καὶ
330 652 578 723 μαίνεται
601 655 631 706 ὁ
671 653 998 724 Ἀλκμαίων,
1037 655 1129 708 καὶ
1170 655 1387 709 ὑπονοεῖ
1421 656 1491 710 τά
1529 656 1605 729 μὴ
1634 656 1784 723 ὄντα,

208 746 320 814 ὅγε
348 745 543 809 Πύθιος
568 747 629 798 οὐ
664 747 915 818 μαίνεται
934 762 948 776 ο
987 746 1122 818 μηδὲ
1152 745 1275 815 λέγε
1305 746 1479 810 οὓτως
1497 764 1510 777 ·

1892 567 2229 621 statuimus?
2266 567 2519 622 Omnino.
2553 565 2664 620 Nec
2691 566 2834 620 enim
2882 562 3029 618 aliud
3071 576 3138 616 eo
3174 560 3255 615 vel
3298 576 3453 629 supe-

1892 661 2031 726 rius,
2077 663 2160 717 vel
2207 662 2506 732 antiquius.
2562 661 2644 715 vel
2691 660 2795 715 (ide
2844 658 3059 728 dignius
3100 670 3222 711 esse
3269 661 3454 723 queat.

1895 751 2065 808 Secus
2089 754 2258 820 enim,
2282 755 2494 809 desinat
2517 755 2570 808 in
2602 762 2877 824 posterum
2899 751 3172 804 Alcmaeon
3196 757 3249 803 te
3270 744 3455 800 nescio

213 838 372 909 quis,
408 839 695 895 interfecta
733 849 947 904 matre,
979 840 1146 896 domo
1180 842 1409 911 pulsus,
1440 843 1668 914 ejusque
1711 853 1890 901 tamen
1938 849 2188 918 cupidus,
2242 849 2462 919 Delphis
2511 848 2823 905 convenire.
2872 845 3031 915 257
3074 843 3303 914 Quippe,
3355 854 3456 895 nec

211 943 395 990 utrum
431 934 635 1005 aliquid
672 935 789 1005 ipse
813 935 1041 991 omnino
1082 937 1190 1003 sit,
1237 953 1338 993 nec
1381 948 1566 993 utrum
1615 940 1778 996 domo
1812 942 2061 1012 pellatur,
2100 959 2201 998 nec
2260 954 2441 999 utrum
2503 943 2748 1014 ejusdem
2784 940 3018 1009 cupidus
3053 938 3147 1001 sit,
3180 935 3452 997 intelligit.

210 1027 280 1080 At
315 1025 463 1080 enim
510 1026 653 1081 furat
680 1027 955 1083 Alcmaeon
986 1027 1131 1095 licet,
1165 1044 1394 1099 quaeque
1427 1030 1575 1085 nulla
1607 1040 1777 1100 sunt,
1815 1035 2000 1089 animo
2037 1036 2142 1090 sibi
2191 1035 2396 1105 lingat:
2458 1050 2567 1091 non
2598 1034 2732 1089 l‘urit
2779 1032 2997 1102 quidem
3061 1028 3306 1097 Pythius.
3343 1024 3456 1080 lmo

209 1130 344 1172 cave
376 1126 434 1171 tu
463 1131 682 1186 quoque
707 1116 760 1171 id
789 1116 840 1171 ei
869 1118 1116 1183 occinas,

208 1234 449 1287 Νόστω-
473 1231 662 1298 δίζηαι
694 1233 951 1302 atat-plur
973 1234 1039 1300 ἐς
1060 1234 1236 1303 γαῖαν
1271 1236 1502 1290 ἱκέσθαι

221 1303 395 1373 ’Δμφί
432 1303 733 1371 Ἀρκαδίῃ.

209 1419 349 1472 Οὐδὲ
382 1419 492 1492 γὰρ
517 1414 676 1472 οἶσθά
698 1435 814 1482 πως
844 1417 899 1471 εἰ
915 1415 977 1471 σὲ
997 1435 1080 1482 τις
1099 1418 1279 1489 ἐρωτᾷ
1306 1419 1447 1490 ἀμφὶ
1476 1420 1781 1492 Ἀρκαδίης,

206 1510 320 1563 οὐδ’
353 1512 403 1563 εἰ
436 1511 501 1562 σὺ
523 1505 573 1562 εἷ
601 1512 630 1562 ὁ
657 1507 1029 1580 ἐρωτώμενος,
1062 1510 1158 1563 καὶ
1184 1508 1364 1577 λέγειν
1388 1509 1526 1580 ἔχων
1556 1512 1682 1582 περὶ
1711 1504 1787 1563 ὧν

207 1617 292 1662 τις
322 1601 523 1671 ἐρωτᾷ.
559 1599 709 1669 Μηδὲ
732 1599 1052 1670 Χρύσιππος
1078 1599 1186 1670 ἀρα
1230 1601 1259 1652 ὁ
1303 1598 1400 1670 τὴν
1445 1600 1788 1670 ἡμιδουλείαν

208 1689 471 1757 εἰσάγων,
497 1690 527 1742 ὃ
551 1706 604 1742 τι
638 1689 770 1742 ποτέ
799 1689 910 1759 (74)
951 1690 1098 1741 ἐστιν
1123 1690 1256 1743 αὐτὸ
1286 1689 1463 1756 τοῦτο,
1494 1691 1788 1744 ἀπαντάτω

206 1782 288 1844 εἰς
321 1780 421 1851 τὴν
453 1780 637 1843 στοὰν,
668 1779 790 1851 μηδ’
812 1779 1007 1832 οἰέσθω
1028 1779 1435 1850 ἀπαντήσεσθαι
1483 1782 1608 1844 τοὺς
1638 1781 1787 1851 βλεν-

1900 1240 1975 1293 Tu
2009 1240 2235 1295 reditum
2261 1240 2316 1292 in
2337 1239 2567 1307 patriam
2597 1238 2731 1292 votis
2758 1234 3107 1307 ﬂagrantibus
3139 1247 3312 1303 urges,

1905 1311 2095 1365 Versus
2126 1310 2433 1364 Arcadiam.

1893 1420 2027 1475 Nam
2065 1436 2133 1476 ne
2165 1421 2280 1491 ipse
2308 1421 2526 1490 quidem
2576 1419 2865 1490 intelligis,
2897 1425 3021 1474 tene
3050 1415 3340 1487 quisquam
3391 1415 3458 1470 de

1893 1511 2131 1565 Arcadia
2166 1510 2438 1574 consulat,
2470 1509 2519 1564 is
2549 1525 2615 1563 ne
2647 1522 2812 1579 porro
2841 1507 2954 1570 sis,
2985 1505 3077 1575 qui
3115 1502 3414 1560 consulitur
3439 1539 3457 1567 ,

1894 1602 2190 1666 habeasne,
2218 1601 2364 1670 quod
2393 1615 2512 1655 eam
2543 1600 2596 1653 in
2623 1615 2759 1664 rem,
2788 1614 2895 1668 qua
2927 1598 2993 1651 de
3017 1596 3158 1651 alius
3181 1593 3418 1649 consulit
3441 1632 3456 1658 ,

1893 1690 2243 1760 respondeas.
2280 1688 2504 1744 Desinat
2527 1688 2688 1741 etiam
2718 1686 3074 1757 Chrysippus,
3104 1685 3152 1739 is
3176 1683 3269 1753 qui
3299 1681 3462 1736 dimi-

1894 1782 2099 1836 diatam
2136 1781 2346 1835 invehit
2377 1781 2715 1844 servitutem,
2758 1793 2882 1832 cum
2925 1776 2979 1831 id
3015 1777 3189 1845 ipsum
3233 1787 3460 1844 prorsus

206 1872 337 1934 νοὺς
394 1871 658 1933 ἐκείνους,
695 1871 771 1933 ὡς
822 1870 985 1923 αὐτὸν
1025 1869 1424 1941 ἀκουσομένους
1466 1870 1557 1923 τὸν
1587 1869 1784 1925 Οὖτιν·

1896 1874 2123 1943 ignoret,
2153 1871 2208 1926 in
2240 1870 2515 1925 Porticum
2563 1870 2855 1933 ventitare,
2887 1881 2987 1920 nec
3011 1866 3200 1920 eodem
3232 1864 3460 1919 blennos

212 1965 352 2035 μηδέ
380 1963 732 2017 διατεινέσθω
764 1963 893 2033 περὶ
928 1962 1154 2034 μηδενὸς
1184 1961 1480 2026 καταστὰς,
1518 1963 1655 2035 πρὸς
1688 1964 1785 2033 μὲν

221 2055 281 2109 ’Δ
290 2055 577 2126 ρκεσίλαον
594 2055 857 2125 παρόντα,
879 2053 1015 2124 πρὸς
1030 2053 1086 2106 δὲ
1113 2052 1427 2123 Ἐπίκουρον
1445 2053 1504 2106 οὑ
1526 2054 1782 2124 παρόντω

208 2148 264 2201 τί
296 2147 409 2217 γάρ
442 2147 587 2199 ἐστιν
619 2147 647 2198 ὁ
680 2143 1050 2215 Ἀρκεσίλαος,
1074 2142 1128 2194 τί
1156 2142 1213 2195 δὲ
1240 2144 1268 2196 ὁ
1313 2142 1708 2213 Ἐπίκουρος,ἣ
1736 2141 1791 2194 τί

211 2240 247 2309 ή
275 2238 432 2298 στοὰ,
464 2236 498 2307 ἢ
543 2235 593 2288 τί
621 2237 668 2288 οἰ
703 2235 845 2297 νέοι,
886 2234 919 2304 ἢ
956 2234 1038 2297 τίς
1061 2231 1089 2283 ὁ
1110 2232 1292 2296 Οὖτις,
1332 2231 1443 2285 οὔτ’
1471 2228 1632 2297 οἶδεν,
1665 2233 1787 2286 οὔτε

209 2319 325 2387 οἶος
368 2324 602 2378 εἰδέναι·
668 2322 804 2376 πολὺ
837 2322 946 2393 γάρ
976 2322 1236 2393 πρότερον
1279 2322 1385 2374 οὐδ’
1440 2325 1488 2375 εἰ
1527 2322 1685 2385 αὐτός
1737 2322 1788 2375 τί

211 2417 364 2468 ἐστὶν
387 2410 546 2467 οἶδεν.
592 2414 728 2466 Ἀλλ’
762 2414 863 2467 οὐκ
904 2412 1156 2478 ἀνέξεσθε
1194 2410 1317 2465 οὔτε
1358 2413 1551 2481 ὑμεῖς,
1592 2411 1716 2464 οὔτε
1761 2414 1790 2466 ὁ

211 2506 574 2577 Δημόκριτος,
602 2508 649 2557 εἰ
673 2504 820 2573 λέγοι
849 2522 931 2568 τις
951 2503 1149 2556 ταῦτα·
1181 2504 1241 2555 οὐ
1271 2503 1380 2574 γάρ
1419 2499 1556 2556 εἶναι
1604 2503 1791 2557 πιστός

209 2615 373 2669 τερον
430 2598 624 2668 μέτρον
654 2591 716 2650 οὗ
744 2596 921 2665 λέγω’
963 2596 1071 2649 οὐδ’
1106 2597 1154 2648 εἰ
1174 2595 1319 2647 δοκεῖ
1346 2596 1438 2649 καὶ
1488 2595 1621 2650 ἀλλα
1669 2594 1790 2649 τινά

212 2685 376 2753 εἶναι,
404 2688 576 2758 τούτῳ
604 2688 735 2756 γοῦν
796 2687 1127 2759 παρισωθείη
1151 2704 1165 2717 ο
1218 2687 1252 2758 ἢ
1302 2687 1641 2759 παρισωθείη
1692 2687 1790 2758 μὲν

215 2782 304 2846 ἂν,
330 2780 657 2850 ὑπερϐάλλοι
682 2781 738 2834 δέ
768 2782 868 2833 οὐκ
896 2781 976 2835 ἄν.
1005 2779 1213 2832 Οὐκοῦν
1244 2780 1464 2849 φήσειεν
1499 2779 1564 2832 ἄν
1592 2796 1707 2845 τις,
1747 2775 1793 2833 ὧ

214 2873 525 2945 Δημόκριτε
550 2916 565 2939 ,
602 2874 695 2925 καί¹
730 2874 792 2925 σὺ
813 2912 828 2936 ,
859 2867 903 2925 ὦ
932 2857 1244 2944 Χρύσιππε,
1295 2871 1390 2922 καὶ
1423 2872 1509 2933 σὺ,
1535 2864 1581 2922 ὦ
1609 2871 1790 2940 μάντι,

215 2961 410 3033 ἐπειδὴ
435 2964 792 3031 ἀγανακτεῖτε
838 2962 998 3022 εἴτις
1040 2957 1294 3026 ἐθελήσαι
1334 2956 1663 3027 παρελέσθαι
1696 2957 1793 3029 τὴν

215 3054 375 3126 ὐμῶν
409 3051 587 3106 αὐτῶν
613 3048 894 3119 ἀντίληψιν
912 3066 926 3079 ·
956 3048 1017 3102 οὐ
1045 3047 1156 3118 γάρ
1176 3047 1256 3099 ἔτι
1283 3046 1381 3110 τὰς
1419 3046 1617 3110 πολλάς
1657 3047 1796 3100 ἐκεί-

213 3162 317 3208 νας
350 3142 564 3213 βίϐλους
602 3136 769 3194 εἶναι·
813 3139 945 3210 φέρε
978 3139 1071 3191 καὶ
1100 3140 1261 3210 ἡμεῖς
1297 3138 1793 3210 ἀνταγανακτήσω-

464 3193 686 3302 δή
710 3248 725 3296 ;
766 3193 896 3283 ἔνθα
918 3230 1015 3300 μὲν
1039 3228 1105 3282 ἂν
1122 3193 1258 3299 ξμῖν
1276 3228 1429 3299 δοκῇ,
1445 3193 1607 3283 ’ἔσται
1631 3193 1793 3280 τοῦτο
1819 3193 1861 3251 C

215 3327 314 3381 καὶ
342 3324 661 3377 πιστότατον
682 3321 776 3375 καὶ
804 3319 1173 3393 πρεσϐύτατον
1196 3336 1210 3350 ο
1236 3319 1361 3373 ἔνθα
1385 3319 1430 3372 δ’
1462 3318 1527 3372 ἂν
1551 3319 1624 3389 μὴ
1642 3319 1793 3389 δοκῇ,

211 3412 715 3470 καταδυναστεῦσαί
763 3410 874 3481 (75)
915 3427 967 3462 τι
1012 3408 1235 3479 λεληθὸς
1282 3408 1449 3463 αὐτοῦ
1488 3409 1794 3481 εἱμαρμένη

213 3506 576 3573 πεπρωμένη,
614 3499 875 3572 διαφορὰν
900 3498 1114 3569 ἑκάστῳ
1143 3499 1297 3570 ὑμῶν
1319 3498 1548 3569 ἔχουσα,
1586 3497 1663 3569 τῷ
1699 3498 1798 3569 μὲν

213 3597 280 3648 ὲκ
316 3592 475 3656 Θεοῦ,
501 3592 581 3663 τῷ
611 3591 669 3644 δὲ
701 3593 765 3643 ἐκ
795 3592 895 3661 τῆς
921 3590 1031 3642 τῶν
1056 3590 1267 3662 μικρῶν
1288 3590 1510 3644 ἐκείνων
1532 3590 1798 3660 σωμάτων

210 3686 327 3739 τῶν
352 3685 668 3755 φερομένων
694 3683 866 3747 κάτω,
910 3684 1005 3735 καὶ
1042 3664 1498 3752 ἀναπαλλομένῖον
1525 3682 1636 3737 ἀνω
1655 3722 1669 3746 ,
1704 3682 1798 3735 καὶ

213 3773 721 3846 περιπλεκομένων,
747 3772 842 3827 καὶ
872 3771 1254 3842 διαλυομένων,
1289 3774 1383 3827 καὶ
1421 3773 1795 3844 διισταμένων,

212 3868 315 3923 καὶ
336 3865 784 3937 παρατιθεμένων
816 3864 874 3928 ἐξ
900 3865 1183 3934 ἀνάγκης;
1223 3865 1352 3919 Ἰδοὺ
1385 3863 1495 3936 γὰρ
1533 3858 1579 3933 ᾧ
1610 3865 1798 3937 τρόπῳ

214 3958 377 4031 ήμῶν
414 3958 591 4011 αὐτῶν
636 3954 1064 4027 ἀντειλήμμεθα,
1094 3955 1266 4027 τούτῳ
1292 3956 1387 4009 καὶ
1412 3955 1518 4009 τῶν
1567 3958 1624 4010 ἐν
1665 3959 1799 4027 ἡμῖν

214 4052 557 4122 αὐθαιρέτων
585 4051 677 4103 καὶ
712 4048 921 4119 βιαίων.
953 4049 1027 4102 Οὐ
1056 4049 1248 4120 λέληθε
1284 4049 1341 4102 δὲ
1388 4050 1537 4120 ἡμᾶς
1573 4050 1696 4102 ὅσον
1740 4050 1799 4103 τὸ

216 4143 426 4215 μεταξῦ
452 4142 542 4196 τοῦ
571 4143 804 4213 βαδίζειν
836 4142 928 4195 καὶ
974 4141 1068 4194 τοῦ
1094 4142 1322 4209 ἄγεσθαι
1342 4181 1357 4204 ,
1395 4141 1515 4195 οὐδὲ
1545 4142 1667 4199 ὅσον
1699 4141 1794 4194 τοῦ

215 4233 491 4305 αἱρεῖσθαι
520 4234 614 4286 καὶ
643 4233 737 4286 τοῦ
772 4232 1191 4301 ἀναγκάζεσθαι.
1219 4226 1320 4285 Ὧν
1342 4232 1400 4285 δέ
1433 4232 1594 4285 ’ἑνεκα
1619 4232 1794 4286 ταῦτα

214 4326 571 4396 προσήνεγκα
608 4324 685 4395 τῷ
712 4324 896 4396 λόγῳ;
924 4325 1081 4377 ὅτισε
1112 4323 1445 4392 ἐκπέφευγεν
1470 4365 1484 4389 ,
1518 4318 1564 4378 ὦ
1602 4324 1784 4393 μάντι,

128 4408 151 4435 ⁸
211 4410 293 4469 ὧν
316 4415 496 4487 κύριοί
532 4416 698 4485 ἐσμεν
733 4416 1030 4486 ἠμεῖς,.κα“ι
1059 4416 1088 4467 ὁ
1108 4414 1176 4467 τά
1210 4414 1387 4467 πάντα
1411 4411 1588 4477 εἰδὼς,
1624 4412 1800 4466 ταῦτά

1888 1962 2010 2016 illos
2048 1962 2354 2030 bardosque
2405 1968 2660 2016 venturos
2704 1966 2882 2029 putet,
2922 1954 3163 2011 Neminis
3206 1954 3458 2009 audiendi

1888 2067 2053 2108 causa
2092 2069 2106 2104 :
2138 2065 2239 2106 nec
2258 2051 2370 2120 jam
2402 2050 2510 2104 ﬁxo
2539 2050 2742 2120 gradu,
2784 2057 2878 2102 aut
2907 2055 3171 2117 praesente
3196 2060 3321 2099 cum
3354 2044 3460 2098 Ar-

1888 2142 2073 2206 cesila,
2123 2142 2208 2197 vel
2253 2157 2378 2196 cum
2413 2138 2647 2210 Epicuro
2675 2139 2900 2193 absente
2936 2136 3168 2192 luctetur
3198 2153 3211 2188 :
3240 2134 3461 2203 quando

1890 2235 1957 2297 is,
1989 2233 2121 2304 quid
2158 2241 2254 2288 aut
2272 2231 2565 2297 Arcesilas,
2601 2238 2697 2285 aut
2733 2228 3036 2299 Epicurus,
3070 2226 3181 2280 imo
3210 2226 3336 2295 quid
3368 2231 3464 2278 aut

1888 2323 2157 2389 Porticus,
2204 2324 2336 2393 quid
2383 2322 2789 2387 adolescentes,
2838 2319 2969 2390 quid
3002 2318 3170 2375 Nemo
3209 2317 3325 2386 ipse
3367 2315 3459 2378 sit,

1889 2433 1992 2473 nec
2032 2416 2312 2488 intelligit,
2356 2432 2457 2472 nec
2506 2414 2804 2485 intelligere
2833 2412 3057 2467 omnino
3082 2418 3290 2481 potest;
3336 2424 3462 2463 nam

1890 2507 2035 2577 quod
2088 2507 2260 2562 multo
2305 2507 2456 2577 prius
2518 2514 2637 2569 est,
2688 2504 2832 2560 sitne
2872 2503 3099 2572 ipsemet
3129 2499 3368 2571 aliquid,
3397 2513 3468 2554 ne

1892 2600 1997 2653 hoc
2037 2598 2255 2667 quidem
2298 2580 2466 2651 novit.
2516 2595 2586 2649 At
2631 2594 2934 2649 orationem
2965 2592 3126 2645 istam
3155 2604 3329 2659 neque
3366 2603 3467 2643 vos

1892 2688 2315 2756 scilicet,neque
2348 2685 2691 2740 Democritus
2719 2682 2855 2737 ferat
2888 2699 2903 2736 :
2939 2680 3082 2751 quod
3112 2680 3217 2735 alia
3245 2678 3467 2742 certior,

1890 2795 1954 2835 ea
1984 2794 2147 2849 quam
2187 2778 2419 2848 protuli,
2470 2776 2634 2845 hujus
2678 2772 3009 2829 aestimandae
3040 2771 3117 2826 rei
3152 2771 3291 2826 ratio
3321 2770 3469 2824 nulla

1892 2886 2017 2925 esse
2042 2871 2247 2939 possit;
2282 2877 2377 2923 aut
2410 2869 2455 2923 si
2489 2867 2607 2922 alia:
2637 2874 2893 2937 praeterea
2917 2863 3027 2919 sint
3048 2903 3062 2927 ,
3112 2878 3236 2918 cum
3266 2862 3356 2916 illa
3384 2871 3469 2915 ta-

1894 2976 2019 3016 men
2043 2962 2248 3031 aaquari
2273 2970 2577 3030 nequeant;
2605 2967 2700 3013 aut
2728 2956 2776 3012 si
2804 2956 2969 3011 etiam
3008 2955 3211 3025 aquari
3238 2952 3467 3025 possint,

1892 3067 2015 3107 eam
2045 3062 2193 3108 certe
2220 3051 2436 3121 quidem
2461 3065 2718 3120 superare
2744 3064 2856 3103 non
2884 3046 3117 3117 possint.
3160 3044 3279 3101 Jam
3314 3061 3466 3110 vero,

1894 3144 2040 3198 dicat
2076 3143 2296 3213 aliquis,
2332 3157 2366 3197 ο
2391 3140 2697 3197 Democrite
2716 3179 2733 3205 ,
2765 3149 2930 3209 tuque
2955 3155 2987 3195 0
3013 3139 3313 3210 Chrysippe
3333 3179 3349 3201 ,
3378 3148 3470 3194 tu-

1898 3248 2023 3302 que,
2053 3232 2189 3287 adeo
2221 3232 2365 3286 bone
2392 3238 2562 3297 vates,
2597 3229 2642 3283 si
2670 3228 2794 3298 quis
2824 3240 3167 3282 communem
3193 3225 3342 3279 illum
3374 3239 3474 3278 vo-

1898 3324 1981 3379 bis
2012 3338 2235 3378 sensum
2287 3338 2351 3378 ac
2393 3323 2671 3377 notionem
2706 3320 2916 3388 eripere
2961 3325 3284 3381 conaretur,
3331 3316 3474 3371 indi-

1898 3416 2197 3490 gnaremini
2221 3455 2237 3479 ,
2272 3430 2375 3470 nec
2401 3414 2545 3469 enim
2572 3414 2625 3467 id
2650 3413 2762 3482 jam
2794 3419 2966 3475 esset,
3000 3409 3271 3479 ingentem
3309 3408 3471 3463 istam

1897 3510 2083 3565 nescio
2112 3523 2274 3579 quam
2303 3508 2566 3562 librorum
2608 3502 2992 3576 supellectilem
3034 3502 3243 3573 eripere
3273 3520 3287 3557 :
3326 3502 3471 3558 indi-

1898 3617 2127 3673 gnemur
2160 3600 2324 3670 igitur
2349 3599 2515 3654 etiam
2552 3612 2673 3653 nos.
2714 3595 2854 3663 Quid
2882 3594 3070 3649 enim?
3097 3594 3189 3649 ubi
3222 3593 3377 3649 vobis
3400 3594 3474 3648 ita

1898 3693 2077 3746 visum
2110 3692 2245 3757 erit,
2275 3690 2641 3746 certissimum
2678 3688 2783 3743 hoc
2809 3687 3058 3742 videlicet
3097 3685 3347 3755 idemque
3373 3700 3475 3738 an-

1899 3783 2272 3853 tiquissimum
2324 3790 2703 3851 argumentum
2752 3779 2886 3845 erit;
2937 3777 3028 3833 ubi
3090 3785 3273 3832 autem
3315 3791 3476 3832 secus

1898 3874 2302 3939 existimabitis,
2334 3884 2449 3928 tum
2476 3887 2543 3928 eo
2567 3872 2842 3943 potentius
2864 3871 2966 3925 erit
2991 3870 3266 3926 occultum
3290 3869 3476 3923 nescio

1899 3968 2051 4037 quid,
2087 3966 2288 4032 fatalis,
2322 3965 2567 4034 inquam,
2602 3963 2692 4017 illa
2716 3962 3037 4026 necessitas,
3077 3958 3257 4031 quade
3290 3973 3359 4013 ne
3387 3972 3478 4013 vo-

1898 4062 1983 4115 bis
2012 4059 2233 4129 quidem
2269 4057 2410 4111 inter
2438 4071 2536 4110 vos
2561 4055 2712 4125 ipsos
2734 4053 3016 4118 convenit;
3045 4066 3171 4106 cum
3193 4050 3333 4106 alius
3353 4064 3475 4107 eam

1899 4169 1961 4209 ex
1990 4152 2174 4207 divino
2198 4148 2434 4204 Numine
2454 4189 2469 4211 ,
2518 4147 2658 4204 alius
2682 4162 2750 4202 ex
2779 4146 3019 4201 minimis
3044 4144 3151 4199 illis
3174 4158 3477 4213 corpuscu-

1899 4246 1967 4299 lis
1998 4243 2234 4313 pendere
2259 4239 2407 4301 velit,
2423 4253 2545 4308 qua:
2565 4222 2727 4292 modo
2749 4236 3005 4291 deorsum
3028 4234 3294 4299 ferantur,
3312 4233 3475 4289 modo

1901 4340 2090 4387 contra
2131 4331 2416 4385 vibrenlur
2461 4342 2711 4393 sursum,
2742 4335 2906 4395 atque
2933 4324 3202 4395 ejusmodi
3241 4324 3383 4392 sint,
3414 4333 3479 4379 ut

1903 4425 2043 4478 inter
2090 4436 2211 4478 sese
2256 4420 2420 4490 paulo
2474 4428 2599 4473 ante
2638 4417 2951 4480 commissa,
2985 4415 3149 4486 paulo
3183 4426 3305 4487 post
3340 4415 3477 4471 diri-

212 4527 282 4578 γε
312 4510 413 4562 οὐκ
438 4508 505 4562 ἂν
542 4508 757 4578 εἰδείης,
792 4502 867 4563 ὧν
899 4509 966 4562 τά
998 4508 1273 4578 πείσματα
1310 4507 1548 4579 ἀνῆπται
1590 4508 1655 4559 ἐκ
1700 4508 1793 4576 τῆς

1904 4527 2153 4582 mantur;
2185 4529 2250 4570 ac
2277 4511 2522 4567 vicissim
2548 4510 2820 4581 disjuncta
2841 4511 2990 4582 prius
3014 4526 3138 4566 cum
3162 4517 3363 4575 essent,
3389 4523 3481 4563 ne-

212 4600 495 4671 ἡμετέρας
527 4598 857 4669 βουλήσεως.
895 4599 1041 4670 Αὕτη
1069 4598 1126 4651 δέ
1154 4614 1217 4667 γε
1258 4599 1510 4667 ἐφαίνετο
1547 4598 1647 4650 οὐκ
1685 4596 1797 4650 ὀλί-

212 4708 334 4761 γων
361 4686 498 4745 οὖσα
528 4690 867 4760 πραγμάτων
892 4690 1061 4760 ἀρχή’
1094 4688 1154 4742 ὃν
1184 4688 1242 4741 δέ
1287 4691 1320 4759 η
1349 4689 1491 4759 ἀρχὴ
1517 4729 1532 4752 ,
1576 4690 1696 4759 ἥτις
1731 4685 1799 4759 ἦν

213 4781 330 4835 τῶν
355 4781 494 4851 μετά
517 4780 691 4833 ταῦτα
716 4780 886 4845 αἰτία,
914 4780 1273 4849 ἐκπέφευγεν,
1298 4776 1439 4851 ἦπού
1470 4797 1536 4848 γε
1567 4779 1638 4832 τὰ
1665 4780 1802 4851 μετά

215 4874 320 4944 τὴν
352 4872 526 4945 ἀρχὴν
550 4872 715 4942 εἰδείη
743 4873 809 4926 ἂν
850 4865 1023 4936 οὗτος.
1062 4873 1438 4942 Ἀναίσχυντος
1475 4872 1673 4943 δηλαδὴ
1714 4885 1738 4913 ι
1772 4874 1802 4925 ὁ

214 4965 374 5036 Λαΐῳ
420 4965 945 5035 προμαντευόμενος,
993 4966 1073 5018 ὅτι
1106 4965 1267 5017 αὑτὸν
1298 4966 1586 5018 ἀποκτενεῖ
1620 4965 1649 5016 ὁ
1674 4965 1797 5033 φύς.

218 5054 466 5126 Ἤμελλε
499 5056 598 5127 γάρ
624 5073 728 5109 που
767 5057 797 5107 ὁ
838 5057 941 5125 φὺς
984 5056 1172 5128 κύριος
1212 5054 1428 5109 ἔσεσθαι
1464 5055 1562 5125 τῆς
1608 5053 1801 5108 ἑαυτοῦ

217 5147 531 5219 βουλήσεως
548 5165 562 5179 ο
592 5150 685 5203 καὶ
709 5148 833 5202 οὕτε
860 5166 944 5212 τις
1006 5149 1276 5203 Ἀπόλλων
1298 5191 1313 5216 ,
1361 5147 1487 5202 οὔτε
1527 5165 1611 5211 τις
1636 5147 1802 5202 αὐτοῦ

217 5237 525 5310 ὑπέρτερος
554 5238 881 5304 ἐξικνεῖσθαι
906 5241 1108 5304 ἱκανὸς,
1145 5240 1267 5294 οὐδὲ
1311 5242 1406 5311 μιᾷ
1433 5238 1688 5309 δυνάμει,
1728 5232 1803 5293 ὧν

214 5330 321 5385 οὐκ
378 5329 528 5384 ἐστιν
570 5330 694 5385 οὔτε
741 5331 1011 5402 ὖπαρξις,
1055 5330 1180 5387 οὔτε
1230 5332 1498 5400 γενέσεως
1564 5331 1799 5401 ἀνάγκη.

292 5477 319 5506 ι
362 5481 457 5535 π).
492 5463 581 5535 δή.

288 5576 412 5699 (74?.
442 5578 513 5657 ἰζ
553 5594 630 5659 τι.
657 5578 820 5660 ποτέ.
855 5579 1173 5660 ᾼύάοῃᾶιιῐη
1220 5577 1450 5660 videtur,
1492 5578 1592 5659 οὐκ
1628 5574 1804 5643 εἰδώς,

288 5657 317 5699 ιι
342 5662 373 5699 a
402 5647 553 5699 Iautd
588 5650 793 5699 smnle:
824 5650 1026 5699 altonut
1054 5649 1303 5699 pendebit
1338 5658 1625 5699 sententia.

219 5647 553 5719 autgaliquid
588 5648 793 5719 simile;
824 5649 1026 5719 alioqui
1054 5649 1303 5718 pendebit
1338 5650 1625 5702 sententia.

293 5717 409 5787 (75)
431 5717 1029 5773 Καταδυναστεῦσὰι.
1058 5717 1295 5772 Alterius
1327 5733 1429 5772 ms.
1455 5718 1613 5772 lectio
1638 5733 1808 5771 κατα·

219 5786 604 5855 sumam,
650 5798 953 5860 opportune
986 5789 1199 5860 supplet
1244 5788 1506 5859 quidquid
1552 5788 1654 5844 hoc
1686 5787 1804 5843 loco

1900 4605 2138 4663 cessario
2184 4602 2532 4675 postmodum
2591 4602 3043 4672 conjungantur?
3101 4600 3311 4655 Etenim
3367 4615 3477 4668 quo

1899 4714 2002 4753 nes
2035 4696 2134 4767 ipsi
2172 4696 2336 4750 modo
2369 4696 2637 4752 sentimus
2669 4704 2832 4765 atque
2861 4693 3260 4764 cognoscimus,
3286 4691 3478 4747 eodem

1899 4791 2059 4860 plane
2085 4789 2151 4845 de
2181 4789 2344 4844 rebus
2377 4788 2479 4854 iis,
2528 4802 2649 4857 quae
2702 4794 2798 4841 aut
2843 4785 3152 4840 volentibus
3195 4783 3352 4838 nobis
3385 4791 3481 4837 aut

1902 4880 2088 4936 invitis
2115 4880 2396 4945 eveniunt,
2423 4880 2730 4934 statuimus.
2793 4874 2979 4946 Neque
3006 4890 3105 4931 nos
3132 4874 3372 4945 profecto
3399 4873 3480 4927 la-

1902 4980 2009 5037 tet,
2068 4979 2334 5041 quantum
2384 4970 2527 5024 inter
2568 4984 2693 5023 eum
2758 4969 2850 5038 qui
2903 4978 3094 5037 sponte
3136 4967 3379 5032 incedat,
3426 4977 3481 5020 et

1905 5077 2031 5117 eum
2092 5062 2187 5132 qui
2240 5070 2454 5131 agatur,
2484 5068 2747 5129 quantum
2782 5059 2923 5113 inter
2954 5073 3076 5112 eum
3116 5057 3208 5127 qui
3248 5064 3394 5126 optet
3415 5071 3480 5111 ac

1904 5153 2124 5220 deligat,
2156 5159 2209 5204 et
2240 5164 2365 5203 eum
2403 5148 2495 5218 qui
2534 5156 2782 5217 cogatur,
2820 5145 3053 5200 intersit.
3085 5142 3356 5210 Quorsum
3382 5157 3480 5195 au-

1905 5251 2012 5296 tem
2044 5242 2159 5297 haec
2185 5240 2360 5296 oratio
2392 5238 2656 5310 pertinet?
2696 5236 2862 5309 258
2900 5235 3059 5307 Fugit
3098 5245 3150 5290 te
3196 5234 3476 5300 nimirum,

1903 5333 2046 5387 bone
2087 5343 2272 5396 vates,
2328 5346 2577 5402 quaenam
2626 5330 2837 5386 arbitrii
2880 5328 3053 5384 nostri
3087 5325 3479 5397 potestatisque

1906 5574 2158 5628 mutilum
2209 5574 2379 5628 videri
2435 5580 2637 5643 posset.
2672 5567 3046 5643 Theodoretus
3089 5582 3239 5643 vero,
3287 5563 3476 5643 libavr

1905 5642 1984 5697 De
2020 5644 2240 5698 curand.
2292 5635 2464 5697 (ἕπεθ’.
2506 5644 2707 5711 a/fect.,
2750 5637 3273 5711 ubi_d_isputa‘tionis
3313 5635 3480 5711 hujus

1905 5714 2227 5800 particulam
2270 5714 2498 5784 inserit,
2534 5704 2587 5767 in
2624 5708 2872 5783 praasenti
2916 5704 3067 5779 legit,
3098 5707 3217 5765 ἐκεῖ
3247 5704 3493 5765 xamen...

1908 5799 2175 5839 ναστευει.
