3894 6220
429 355 532 412 659

1066 353 1338 411 EUSEBII
1377 331 1856 414 CESARIENSIS
1894 355 2047 412 OPP.
2096 354 2275 411 PARS
2310 354 2372 410 ll.
2410 386 2481 397 -—
2518 350 3019 411 APOLOGETICA.

3571 350 3679 397 M0

424 471 555 532 sint.
584 475 749 541 tuque
779 468 887 538 ille,
918 469 1011 540 qui
1036 477 1233 525 cuncta
1267 471 1428 538 nosti,
1453 488 1522 526 ne
1543 473 1632 528 illa
1659 474 1878 544 quidem
1911 489 1995 529 no-

2123 473 2328 526 Ἐκεῖνο
2351 471 2461 541 γάρ
2505 469 2568 541 δὴ
2601 469 2663 522 τὺ
2703 462 3233 535 καταγελαστότατον
3279 461 3531 516 ἁπάντων
3552 501 3566 520 ,
3619 458 3682 513 τὸ

422 568 513 630 sti,
540 581 662 634 quae
686 572 874 620 nostra
905 579 971 619 ex
1002 565 1281 620 voluntate
1316 575 1445 621 sunt
1487 568 1811 637 quibusdam
1839 570 1999 640 quasi

419 657 643 712 funibus
693 657 1010 727 catenisque
1061 672 1346 728 suspensa.
1399 660 1565 730 Atqui
1613 676 1797 716 rerum
1849 662 1999 717 illam

417 757 579 815 caput
607 762 670 801 ac
696 746 1023 816 principium
1064 761 1189 803 esse
1228 757 1465 813 constat,
1517 765 1648 805 sane
1670 766 1781 806 non
1802 767 2002 822 pauca-

417 854 540 892 rum
568 857 582 893 :
615 853 777 908 quem
810 846 989 893 autem
1018 854 1232 905 eorum,
1284 856 1405 910 qua:
1434 851 1623 911 postea
1650 857 1997 914 consequan-

418 938 527 993 tur,
562 929 891 1000 principium
916 938 971 985 et
995 945 1161 987 causa
1184 932 1371 997 lateat,
1397 934 1445 989 is
1474 934 1745 1002 videlicet,
1778 952 1901 1007 qua:
1933 953 2000 993 ex

415 1020 607 1075 eodem
651 1018 805 1075 fonte
849 1019 1135 1090 oriuntur,
1190 1023 1470 1095 intelligat.
1539 1024 1830 1096 lmpudens
1870 1044 2001 1101 ergo

418 1111 541 1177 fuit,
573 1112 827 1183 quisquis
862 1112 996 1170 Laio
1018 1115 1291 1185 praedixit,
1314 1132 1439 1173 eum
1466 1132 1495 1171 a
1514 1118 1626 1174 lilio
1650 1119 1998 1177 interfectum

417 1202 505 1257 iri.
560 1201 826 1261 Dominus
849 1204 999 1261 enim
1029 1206 1325 1263 voluntatis
1353 1223 1467 1264 suae
1496 1208 1640 1266 illius
1663 1211 1764 1266 iste
1784 1211 2001 1268 futurus

414 1301 566 1362 erat;
602 1309 705 1350 nec
738 1295 883 1352 ullus
930 1305 1024 1351 aut
1070 1297 1283 1368 Apollo,
1328 1309 1422 1355 aut
1449 1300 1700 1371 Apolline
1727 1303 1997 1373 superior,

415 1398 504 1439 res
537 1398 630 1440 eas
653 1384 705 1439 vi
731 1385 841 1440 ulla
893 1386 1081 1441 rimari
1112 1388 1459 1460 scrutarique
1489 1399 1704 1460 potest,
1752 1408 1874 1463 quae
1900 1409 2002 1448 nec

415 1476 528 1531 sint
573 1477 727 1547 ipsae,
770 1493 873 1533 nec
913 1479 1078 1534 ullam
1126 1490 1280 1536 ortus
1329 1483 1416 1537 sui
1463 1484 1848 1540 necessitatem
1904 1486 2002 1540 ha-

413 1568 596 1624 beant.
617 1561 752 1624 Nam
779 1570 911 1625 illud
935 1572 1155 1642 quidem
1181 1574 1427 1630 omnium
1450 1575 1687 1633 maxime
1710 1576 2000 1632 ridiculum

415 1671 520 1725 est,
574 1661 719 1733 quod
749 1663 913 1719 iidem
956 1674 1010 1719 et
1059 1665 1262 1736 aliquid
1299 1667 1353 1721 in
1385 1666 1670 1723 hominum
1695 1683 1817 1726 esse
1842 1679 1997 1741 pote-

416 1763 578 1820 state,
628 1763 684 1809 et
726 1756 923 1811 seriem
961 1766 1141 1812 tamen
1189 1774 1501 1831 nexumque
1544 1775 1836 1817 causarum
1878 1775 2002 1817 esse

2107 564 2305 635 μίγμα,
2351 562 2445 616 καὶ
2469 564 2502 633 ἡ
2540 560 2773 623 σύνοδος,
2800 557 2894 611 τοῦ
2925 556 3019 610 καὶ
3043 554 3135 608 ἐπὶ
3162 550 3602 625 τοῖςάνθρώποις
3626 566 3683 604 τι

2102 652 2263 723 εἶναι,
2285 655 2379 710 καὶ
2404 653 2592 726 εἱρμὸν
2624 651 2773 705 οὐδὲν
2800 645 2964 722 ἦττον
2989 644 3147 701 εἶναι.
3172 643 3555 717 Προσεοικέναι
3570 641 3683 713 γὰρ

2101 748 2282 813 αὐτὸν,
2333 747 2408 810 ὼς
2457 746 2705 815 λέγουσιν
2761 743 2812 797 οἱ
2845 740 3140 812 σοφώτεροι
3161 779 3176 804 ,
3226 736 3305 809 τῷ
3355 733 3683 807 Εὐριπιδείῳ

2102 841 2266 910 λόγῳ.
2294 837 2574 892 Τεκνῶσαι
2611 838 2710 907 μὲν
2740 836 2849 909 γὰρ
2881 832 3133 903 ἐθελῆσαι
3161 830 3252 884 τὸν
3280 828 3463 892 Λάϊον,
3477 826 3684 897 ’κύριον

2102 932 2241 989 εἶναι
2270 934 2363 986 τὸν
2385 932 2570 994 Λάϊον,
2594 931 2687 983 καὶ
2706 928 2880 998 τούτῳ
2895 938 2922 967 ι
2949 922 3345 994 ἐκπεφευγέναι
3363 920 3462 991 τὴν
3489 918 3684 971 Ἀπολ-

2101 1025 2300 1080 λωνίαν
2349 1023 2470 1093 6'ti
2496 1039 2509 1052 ·
2541 1020 2872 1075 τεκνώσαντι
2926 1017 2970 1070 δ’
3007 1014 3157 1085 αὐτῷ
3183 1016 3391 1067 ἐπεῖναι
3432 1011 3684 1081 ἀνάγκην

2102 1118 2344 1187 ἄφυκτον
2373 1115 2478 1168 ὑπὸ
2506 1113 2599 1167 τοῦ
2631 1112 2827 1182 φύντος
2856 1108 3017 1163 αὑτὸν
3045 1106 3354 1161 ἀποθανεῖν.
3381 1103 3566 1166 Οὕτως
3587 1098 3687 1155 οὖν

2100 1210 2199 1281 τὴν
2232 1210 2323 1262 ἐπὶ
2350 1208 2428 1279 τῷ
2453 1207 2697 1279 μέλλοντι
2719 1204 2964 1273 ἀνάγκην
2988 1201 3244 1272 παρέχειν
3262 1198 3343 1269 τῷ
3370 1196 3557 1269 μάντει
3581 1194 3685 1265 τὴν

2101 1301 2195 1356 τοῦ
2227 1299 2591 1371 γενησομένου
2626 1296 3003 1369 προαίσθησιν.
3030 1290 3138 1346 Ἦν
3164 1292 3220 1345 δέ
3245 1308 3348 1343 που
3389 1288 3484 1342 καὶ
3513 1288 3542 1340 ὀ
3576 1287 3683 1355 φὺς

2101 1397 2202 1466 τῆς
2233 1394 2368 1456 ιδίας
2393 1391 2701 1462 βουλήσεως
2728 1388 2935 1460 κύριος,
2966 1384 3155 1457 ὥσπερ
3185 1384 3212 1436 6
3242 1380 3447 1451 φύσας·
3475 1379 3571 1432 καὶ
3602 1376 3682 1443 ῶς

2102 1489 2307 1549 ἐκεῖνος
2333 1483 2426 1537 τοῦ
2448 1481 2717 1537 τεκνῶσαι
2754 1480 2846 1534 καὶ
2874 1478 2970 1550 μὴ,
2998 1476 3168 1538 οὕτως
3212 1470 3366 1536 οὗτος
3409 1469 3502 1523 τοῦ
3545 1471 3684 1522 ἀπο-

2103 1580 2308 1632 κτεῖναι
2359 1576 2453 1630 καὶ
2508 1575 2605 1646 μή.
2665 1571 2899 1626 Τοιαῦτα
2937 1569 2995 1623 δὲ
3039 1568 3192 1638 ὑμῶν
3225 1566 3294 1620 τά
3329 1562 3685 1635 μαντεύματα

2103 1669 2283 1722 πάντα
2301 1685 2315 1699 ·
2351 1668 2446 1721 καὶ
2468 1668 2497 1719 6
2536 1663 2875 1736 Εὐριπίδειος
2902 1660 3012 1733 (76)
3049 1658 3318 1713 Ἀπόλλων
3339 1655 3482 1710 τοῦτ’
3507 1655 3686 1707 ἐκεῖνα.

2101 1757 2170 1833 ἦν
2191 1761 2221 1813 6
2248 1761 2454 1827 ἔλεγεν,
2486 1757 2566 1811 τό·

411 1847 728 1904 defendant.
776 1847 986 1920 Quippe
1019 1851 1164 1907 hunc
1211 1852 1354 1908 enim
1381 1895 1398 1921 ,
1430 1863 1490 1910 ut
1531 1869 1721 1909 eorum
1758 1855 2148 1926 sapientissimi
2181 1856 2456 1918 dictitant,
2497 1867 2621 1906 cum
2678 1848 2955 1919 Euripidis
3014 1845 3325 1903 narratione
3356 1855 3679 1912 congruere.

414 1940 548 1994 Nam
583 1949 645 1994 ut
676 1938 844 1997 Laius
874 1943 1082 2013 prolem
1123 1946 1403 2015 suscipere
1444 1947 1643 2013 vellet,
1686 1948 1739 2003 id
1772 1949 1993 2019 quidem
2046 1950 2100 2004 in
2138 1948 2260 2004 Laii
2319 1954 2586 2018 potestate
2625 1944 2794 1999 situm
2843 1941 3045 2003 fuisse,
3080 1938 3226 2009 quod
3256 1947 3436 1993 tamen
3486 1934 3684 2004 Apollo

415 2050 525 2089 non
550 2035 816 2114 .viderit:
853 2038 901 2093 si
953 2053 1084 2092 vero
1111 2040 1433 2109 susciperet,
1486 2049 1601 2097 tum
1634 2041 1775 2110 ejus,
1825 2044 1919 2113 qui
1954 2053 2292 2108 nasceretur,
2328 2040 2585 2096 manibus
2622 2038 2800 2106 ipsum
2840 2032 3162 2090 inexorabili
3192 2030 3519 2085 necessitate
3558 2040 3685 2095 per-

413 2131 617 2183 iturum
659 2147 677 2210 ξ
714 2130 898 2201 itaque
938 2142 1112 2187 vatem
1148 2147 1217 2187 ex
1250 2133 1418 2189 l'uturi
1470 2136 1833 2204 necessitate,
1861 2136 1983 2206 ejus
2034 2133 2417 2207 przesentiendi
2448 2133 2555 2186 vim
2599 2146 2663 2184 ac
2708 2127 3018 2183 facultatem
3051 2125 3322 2179 hausisse.
3359 2119 3520 2191 Atqui
3565 2133 3679 2174 non

416 2223 599 2278 minus
643 2238 775 2279 sane
821 2224 967 2281 illius
1013 2228 1311 2283 voluntatis
1361 2245 1474 2284 sua:
1506 2230 1798 2297 dominus,
1835 2247 2000 2302 quam
2061 2241 2236 2303 pater,
2282 2237 2400 2285 erat
2433 2247 2447 2282 :
2511 2227 2753 2296 adeoque
2782 2234 2893 2278 tam
2932 2223 3140 2291 integra
3171 2218 3416 2290 parentis
3456 2217 3506 2273 ei
3540 2216 3682 2270 libe-

412 2329 579 2385 raque
623 2317 830 2385 caedes,
898 2334 1063 2389 quam
1112 2320 1206 2375 lilii
1259 2323 1565 2392 procreatio
1611 2325 1822 2395 parenti
1871 2323 1992 2380 fuit.
2034 2326 2212 2395 Atque
2274 2320 2590 2392 huiusmodi
2631 2326 2761 2375 sunt
2817 2316 3180 2373 divinationes
3226 2321 3419 2368 vestra:
3461 2322 3685 2366 omnes.

412 2410 524 2467 Nec
554 2413 798 2471 melioris
828 2424 970 2471 notae
997 2415 1120 2482 fuit,
1155 2419 1301 2489 quod
1331 2419 1479 2476 hunc
1508 2420 1562 2475 in
1590 2421 1813 2477 modum
1836 2419 2161 2492 Euripideus
2183 2419 2375 2490 Apollo
2401 2415 2700 2486 respondit,

413 2526 526 2581 Tua
549 2506 716 2584 omnis
742 2530 852 2585 alto
873 2533 1125 2598 sanguine
1154 2534 1359 2589 natabit
1384 2535 1593 2591 domus.

410 2637 620 2709 Quippe
648 2641 838 2697 oculos
866 2642 970 2699 διδί
1001 2643 1255 2700 videlicet
1288 2645 1431 2701 illius
1460 2662 1576 2703 suis
1601 2646 1719 2718 ipse
1739 2650 1994 2705 manibus

407 2731 708 2789 eﬂ‘ossurus
742 2739 916 2804 'erat,
981 2737 1175 2807 partim
1225 2747 1596 2795 maternarum
1655 2742 1991 2812 nuptiarum,

408 2825 604 2893 partim
633 2825 753 2895 ejus
777 2843 940 2897 quam
971 2829 1074 2884 sibi
1103 2830 1409 2901 tenigmatis
1448 2833 1722 2889 solutione
1750 2835 1993 2903 peperis-

409 2925 493 2969 set
519 2917 822 2987 tyrannidis
854 2918 1175 2988 indignitate
1220 2922 1534 2978 stimulatus
1579 2942 1592 2977 :
1646 2923 1839 2979 deinde
1870 2940 1993 2980 mu-

410 3014 517 3060 tua:
558 3005 862 3060 liberorum
910 3006 1153 3075 ejusdem
1199 3010 1406 3072 caedes,
1454 3010 1527 3064 ob
1574 3008 1799 3065 alterius
1824 3023 1994 3080 regno

410 3097 552 3167 pulsi
575 3098 851 3163 exsilium,
873 3099 1098 3156 alterius
1114 3102 1373 3170 regnandi
1392 3102 1772 3171 cupiditatem,
1801 3102 1995 3157 simul-

409 3203 516 3257 que
549 3187 619 3243 ob
639 3189 846 3245 exsulis
878 3190 1097 3260 nuptias
1129 3192 1289 3262 Argis
1314 3202 1644 3260 contractas,
1674 3203 1995 3264 septemque

408 3281 609 3334 ducum
639 3280 995 3336 ridiculorum
1029 3283 1259 3339 classem
1293 3301 1358 3341 ac
1384 3286 1815 3352 dimicationem,
1859 3302 1993 3341 con-

410 3383 702 3429 secuturm.
737 3370 1049 3438 Enimvero,
1087 3390 1211 3430 cum
1244 3376 1300 3430 in
1351 3377 1501 3433 varia
1536 3377 1785 3447 imperia,
1813 3377 1995 3433 diver-

411 3480 609 3537 sasque
632 3467 942 3537 provincias
964 3468 1223 3539 disjuncti
1248 3485 1313 3525 ac
1336 3470 1495 3526 divisi
1523 3480 1726 3535 essent,
1750 3472 1844 3542 qui
1873 3481 1992 3527 tan-

409 3558 531 3612 dem
583 3558 667 3614 vel
715 3574 780 3616 ea
823 3575 987 3617 nosse
1027 3561 1288 3631 potuisti,
1318 3562 1402 3617 vel
1441 3563 1612 3619 series
1655 3564 1748 3618 illa
1790 3580 1996 3621 nexus-

410 3665 517 3717 que
563 3665 853 3706 causarum
908 3653 1096 3708 eadem
1145 3654 1286 3709 inter
1335 3669 1456 3709 sese
1501 3655 1799 3727 colligare?
1855 3654 1993 3711 Nam

411 3741 455 3794 si
522 3738 765 3811 (Edipus
833 3743 919 3798 sui
985 3759 1203 3814 quoque
1265 3743 1409 3814 juris
1487 3760 1613 3801 cum
1684 3754 1862 3812 esset,
1917 3762 1997 3802 re-

412 3846 577 3897 gnum
604 3845 874 3902 occupare
906 3832 1204 3898 noluisset;
1253 3842 1347 3889 aut
1394 3835 1439 3889 si
1477 3835 1740 3891 voluisset
1773 3837 1992 3906 quidem
2022 3865 2063 3922 α

411 3941 477 3982 ac
525 3926 688 3984 simul
725 3939 1083 4001 occupasset,
1137 3931 1279 3987 idem
1323 3942 1502 3987 tamen
1535 3932 1813 3990 Jocastam
1864 3952 1999 3990 uxo-

413 4032 526 4071 rem
602 4034 711 4073 non
770 4031 1044 4089 optasset;
1079 4030 1175 4077 aut
1223 4023 1269 4078 si
1314 4037 1379 4078 ea
1422 4023 1647 4094 insuper
1695 4041 1867 4081 uxore
1892 4026 1997 4081 du-

410 4117 536 4173 cta,
597 4124 940 4180 nequaquam
1003 4122 1182 4168 tamen
1243 4115 1580 4184 aegritudinis
1627 4117 1998 4187 molestiaeque

414 4199 465 4255 vi
510 4210 666 4255 actus
703 4200 758 4256 in
795 4201 1034 4257 furorem
1069 4213 1235 4273 atque
1280 4205 1552 4261 insaniam
1597 4205 1825 4274 fuisset;
1859 4224 1997 4279 quo-

413 4292 578 4348 modo
614 4294 822 4364 reliqua
846 4295 1101 4367 deinceps
1124 4308 1419 4353 consecuta
1459 4301 1679 4355 essent?
1719 4304 1997 4371 quomodo

491 4460 517 4489 ι
545 4448 630 4501 ῑσ.
660 4449 841 4505 τοῦτο.

376 4608 379 4609 ⁷
439 4677 449 4681 _
483 4604 745 4681 (76)_Ka_2_
776 4610 808 4681 ό
843 4609 1239 4681 Εἰφιπίδειος.
1276 4610 1527 4681 Trajecta
1571 4615 1819 4668 nonnihil
1869 4631 1995 4671 ora-

415 4677 525 4745 tio;
569 4677 870 4745 simplicior
911 4677 1130 4739 futura.
1179 4683 1223 4735 si
1258 4677 1481 4742 diceret.
1517 4684 1612 4737 καὶ
1642 4685 1785 4738 τοῦτ’
1819 4688 1994 4741 ἐκεῖνο

408 4741 497 4815 ἦν,
550 4745 579 4798 6
627 4741 811 4822 ἔλεγεν
856 4747 886 4798 6
918 4748 1263 4822 Εὐριπίδειος
1319 4741 1611 4807 Ἀπόλλων.
1664 4754 1770 4809 Sed
1804 4756 1993 4812 isthaec

410 4827 611 4895 atnaut_
649 4817 851 4895 Attici.
902 4835 967 4875 ac
991 4817 1155 4895 _'_s:epe
1199 4836 1322 4875 cum
1361 4822 1547 4895 aliquo
1591 4826 1993 4895 perspicuitatis

410 4886 672 4961 periculo.
705 4886 1197 4961 Qujusmodirs'unt
1240 4894 1383 4961 apud
1431 4886 1733 4949 Aristidem.
1756 4898 1993 4953 maxime

408 4957 836 5034 quamplurima,
883 4973 1004 5034 qua:
1039 4960 1093 5034 in
1136 4957 1386 5034 errorem
1425 4965 1718 5034 aliquando
1748 4968 1992 5022 solertis-

410 5029 580 5106 simus
613 5027 938 5106 interpretes
966 5030 1317 5106 induxerunt.
1345 5031 1473 5088 Tale
1500 5027 1603 5098 est,
1628 5036 1771 5106 φέρε
1794 5040 1989 5103 εἰπεῖν,

409 5096 538 5179 illud
581 5111 647 5185 ex
689 5096 1090 5185 Prin'atnena‘ico
1126 5116 1143 5153 :
1182 5102 1445 5185 ςβπειτα,
1493 5107 1541 5157 εἰ
1586 5096 1827 5185 μέν’μῂ,
1863 5096 1991 5185 πρλᾷ

409 5165 517 5247 λῶν
551 5168 644 5247 κά).
666 5168 892 5247 χαλῶν,
919 5170 1024 5247 καὶ
1060 5171 1311 5247 μεγάλων
1351 5165 1518 5247 ὄντων
1561 5165 1824 5247 ούμενοῧν
1867 5177 1990 5231 οὔτε

408 5235 794 5318 ἀπαριθμῆσαι
807 5222 1042 5382 {sitsth
1830 5286 1845 5310 ,
2027 5222 2070 5277 υ

410 5311 490 5382 εἰς
514 5325 786 5382 τοσουτονῌ
879 5327 906 5363 ν
939 5312 1095 5366 πόλιν
1127 5313 1397 5382 ῂρκότων,
1425 5317 1485 5369 ἓν
1517 5335 1569 5371 τι
1603 5318 1695 5371 καὶ
1723 5317 1900 5380 τοῦτο,
1935 5318 1995 5371 τὸ

410 5311 490 5389 εἰς
514 5308 786 5397 τοσοῦτοντ
939 5312 1095 5397 ἥλω
1127 5308 1398 5397 ῂρκόῖεωνζ,
1425 5308 1485 5369 ἓν
1517 5335 1577 5397 τι,
1603 5318 1695 5371 καὶ
1723 5308 1900 5380 τοῦτο,
1935 5318 1995 5371 τὸ

409 5378 530 5460 τῶν
551 5378 726 5460 λόγων
758 5376 831 5460 ἦν
845 5376 1109 5460 ςάγαθὺν,
1128 5376 1227 5436 ὄύκ
1276 5384 1342 5438 ἂν
1377 5376 1506 5460 loco;
1550 5388 1788 5460 ἥρμοττε
1823 5376 1997 5460 παρα·

412 5404 518 5429 των
553 5404 726 5447 Αυγων
758 5404 826 5452 ην
872 5404 1093 5450 αγαυον,
1128 5404 1227 5436 ουκ
1276 5404 1342 5438 αν
1378 5404 1506 5451 ισως
1550 5404 1788 5511 ηρέιοττε
1823 5405 1992 5460 παρα-

412 5448 922 5531 κινδυνεύειν,ηάλλ’
956 5454 1393 5531 ἐᾷνβπως-ποΐ
1431 5453 1547 5531 εἶχε
1578 5476 1623 5531 -τ
1704 5458 1805 5531 τῆς
1835 5459 1992 5531 δόξης

410 5518 574 5589 αὐτῇ.
609 5518 733 5575 [hec
761 5518 1028 5594 canteru's
1061 5523 1136 5577 ita
1171 5518 1347 5580 reddit
1380 5518 1634 5594 :De'i'nde,
1665 5530 1714 5582 si
1757 5518 1850 5582 nec
1876 5518 1993 5582 nidi-

414 5604 557 5656 gna.
592 5606 681 5642 nec
723 5592 891 5667 multa
937 5604 1140 5661 essent,
1170 5595 1428 5667 facileque
1473 5598 1568 5652 sub
1620 5592 1893 5653 numerum
1940 5607 1991 5650 et

418 5672 725 5734 mensuram
747 5663 991 5734 caderent
1027 5681 1110 5726 ea,
1143 5663 1259 5734 qua:
1291 5663 1495 5720 tantum
1517 5669 1673 5721 decus
1697 5668 1988 5722 attulerunt

418 5727 656 5788 civitati;
708 5730 764 5783 in
816 5733 982 5802 iisque
1034 5727 1437 5789 numerarentur
1485 5738 1644 5789 etiam
1701 5740 1984 5802 orationes,

420 5809 522 5850 non
573 5810 705 5854 esset
752 5804 888 5873 quod
938 5807 1192 5858 audacius
1235 5805 1673 5874 periclitaremur,
1720 5821 1807 5865 aut
1842 5809 1982 5863 urbis

2023 2524 2066 2578 Β
2091 2535 2201 2591 Καὶ
2224 2533 2345 2601 πᾶς
2369 2533 2480 2599 σὸς
2507 2529 2669 2597 οἶκος
2684 2529 2947 2600 ,ϐήσεται
2970 2526 3044 2580 δι’
3073 2525 3337 2595 αἵματος.

2097 2653 2218 2706 Ὅτι
2244 2651 2493 2723 πήρωσις
2523 2646 2800 2720 μενέσται
2850 2642 3163 2714 αὐτοχειρία
3205 2642 3299 2695 τοῦ
3346 2638 3542 2708 φύντος
3583 2634 3682 2690 ἐπὶ

2092 2743 2257 2815 γάμῳ
2286 2742 2512 2814 μητρὸς,
2543 2739 2639 2793 καὶ
2667 2736 2947 2810 τυραννίδι
2969 2736 3037 2807 ἢν
3065 2732 3371 2805 παρέλαϐεν
3417 2730 3502 2784 ἐπ’
3542 2728 3684 2783 αἰνι-

2092 2850 2300 2903 γματος
2341 2830 2493 2883 λύσει
2516 2846 2530 2859 ο
2587 2827 2794 2882 παίδων
2826 2825 2883 2878 δὲ
2910 2823 3288 2909 άλληλοκτόνοι
3339 2821 3548 2890 σφαγαὶ
3583 2817 3682 2871 ἐπὶ

2094 2923 2240 2992 φυγῇ
2283 2919 2382 2990 μὶν
2425 2920 2491 2971 ἐκ
2514 2916 2615 2986 τῆς
2656 2916 2832 2985 ἀρχῆς
2876 2914 2970 2967 τοῦ
3004 2913 3226 2985 ἐτέρου,
3267 2910 3362 2965 τοῦ
3391 2910 3449 2965 δὲ
3491 2910 3681 2981 ἐτέρου

2094 3007 2378 3079 πλεονεξίᾳ
2402 3008 2497 3062 καὶ
2528 3007 2692 3077 γάμῳ
2712 3005 2804 3058 τοῦ
2826 3003 3063 3074 φυγάδος
3083 3005 3142 3056 ἐν
3162 2995 3377 3073 Ἄργει,
3396 3002 3493 3054 καὶ
3512 2999 3685 3069 στόλῳ

2096 3101 2417 3175 στρατηγῶν
2458 3097 2599 3151 ἑπτὰ
2632 3094 3072 3166 καταγελάστων,
3121 3094 3216 3146 καὶ
3263 3090 3528 3161 συμϐολῇ.
3578 3084 3683 3143 Ὧν

2094 3195 2187 3250 ἐπὶ
2213 3191 2413 3255 πολλὰς
2461 3188 2636 3262 ἀρχὰς
2674 3187 2769 3241 καὶ
2813 3186 3062 3251 ἐξουσίας
3100 3183 3513 3255 διαιρουμένων,
3559 3179 3681 3245 πῶς

2095 3282 2215 3361 ἂνῇ
2249 3303 2330 3339 σοι
2354 3281 2764 3351 ἐξεπίστασθαι,
2783 3280 2815 3351 ἢ
2834 3281 2863 3333 6
2883 3278 3074 3350 εἱρμὸς
3105 3276 3312 3330 συνδεῖν
3340 3274 3587 3337 δύναιτο;
3614 3273 3682 3326 El

2093 3376 2202 3449 γὰρ
2227 3372 2293 3430 αὖ
2324 3374 2438 3447 (77)
2468 3372 2656 3444 κύριος
2680 3368 2755 3422 ὢν
2788 3369 2862 3440 μὴ
2895 3365 3159 3438 ἐϐουλήθη
3182 3365 3458 3437 τυραννεῖν
3486 3365 3514 3416 ὁ
3539 3361 3685 3416 οεδι-

2096 3484 2259 3531 πους·
2311 3466 2344 3538 ἢ
2398 3464 2554 3520 τοῦτο
2588 3459 2869 3532 βουληθεὶς
2910 3460 3007 3512 καὶ
3053 3456 3286 3528 πράξας,
3336 3457 3531 3525 γαμεῖν
3578 3454 3684 3525 τὴν

2108 3558 2384 3626 Ἰοκάστην
2413 3555 2473 3609 οὐ
2504 3551 2866 3626 προείλετοοῆ
2894 3552 3081 3623 γήμας
3101 3549 3175 3621 μὴ
3204 3547 3529 3615 ἐτετύφωτο,
3555 3543 3682 3616 μηδ’

2092 3639 2161 3715 ἦν
2193 3643 2467 3713 δύσθυμος
2492 3642 2585 3696 καὶ
2606 3642 2955 3712 δυσάρεστος,
2980 3637 3098 3702 πῶς
3125 3638 3190 3691 ἂν
3211 3636 3279 3690 τὰ
3308 3635 3429 3690 καθ’
3471 3634 3681 3689 ἕκαστα

2096 3733 2344 3805 ἐπράχθη
2367 3751 2382 3800 ;
2413 3733 2531 3797 πῶς
2564 3733 2607 3786 δ’
2631 3732 2696 3786 ἃν
2718 3731 2824 3785 τῶν
2848 3728 3140 3801 ὀφθαλμῶν
3162 3728 3367 3798 ﬁda-:0;
3402 3724 3518 3787 πῶς
3539 3724 3586 3777 δ’
3611 3723 3682 3778 ἂν

2096 3830 2208 3890 τοῖς
2237 3826 2442 3883 ,παισὶν
2491 3825 2811 3895 ἐπηράσατο
2840 3821 2935 3894 τὴν
2986 3820 3275 3892 Εὐριπίδου
3308 3818 3403 3872 καὶ
3453 3816 3551 3888 τὴν
3579 3815 3683 3889 σὴν

2101 3920 2270 3990 ἀράν;
2299 3918 2369 3972 τά
2386 3935 2447 3970 τε
2477 3916 2603 3987 ἑξῆς
2628 3916 2830 3969 τούτων
2859 3914 2978 3967 τίνα
2999 3912 3063 3967 ἂν
3088 3912 3286 3986 τρόπον
3312 3910 3573 3979 ἐγεγόνει,
3600 3909 3681 3980 μὴ

2101 4008 2382 4081 προτέρων
2411 4005 2599 4060 αἰτιῶν
2630 4004 2965 4076 γιγνομένων
2986 4019 3001 4068 ;
3025 4002 3059 4073 ἢ
3085 4003 3149 4055 σὺ
3178 4001 3232 4054 τί
3260 3998 3516 4072 περὶτῶν
3548 3998 3683 4069 μελ-

2100 4100 2297 4155 λόντων
2331 4100 2511 4167 λέγειν
2540 4098 2803 4168 ἡδύνασο;
2840 4096 3008 4150 Πάλιν
3032 4095 3075 4147 6‘
3103 4089 3192 4158 αὖ,
3223 4095 3271 4146 εἱ
3301 4092 3606 4163 συμϐάντες
3627 4092 3681 4144 οἱ

2099 4189 2286 4252 παῖδες
2318 4187 2436 4258 ἅμα
2456 4187 2795 4241 ἐϐασίλευοψ
2832 4186 2864 4257 ἦ
2899 4188 2947 4239 εἰ
2973 4183 3288 4254 συνθέμενοι
3336 4182 3484 4255 παρὰ
3513 4182 3683 4255 μέρος

2099 4281 2290 4350 ἔμενον
2324 4282 2418 4334 ἐπὶ
2445 4284 2555 4343 τοῖς
2590 4280 2967 4350 συγκειμένοις
2986 4295 3002 4309 ⁸
3031 4279 3064 4351 ἢ
3099 4279 3147 4331 εἰ
3170 4278 3198 4330 ὁ
3225 4275 3517 4340 ἀπελαθεὶς
3535 4275 3682 4345 ἔγνω

2098 4623 2281 4677 laudes
2317 4632 2686 4675 tractaremus.
2717 4621 2849 4688 Quae
2890 4637 3105 4691 vereor,
3142 4638 3211 4675 ne
3240 4622 3397 4691 plane
3435 4621 3544 4675 sint
3575 4636 3683 4691 an-

2097 4694 2263 4748 ctoris
2315 4693 2481 4746 menti
2535 4694 2830 4747 contraria.
2872 4690 3203 4747 Oll'cnsionis
3241 4689 3432 4755 causa,
3474 4691 3534 4744 τὸ
3561 4689 3678 4760 μή,

2094 4765 2240 4832 quod
2292 4764 2383 4817 ille
2432 4778 2556 4816 cum
2616 4761 2826 4815 πολλῶν
2873 4761 3044 4815 ὄντων
3095 4764 3393 4825 contexuit,
3428 4776 3576 4824 cum,
3618 4773 3684 4817 ut

2094 4835 2370 4897 existimo,
2404 4834 2469 4886 ad
2503 4833 2562 4885 ἓν
2595 4850 2646 4884 τι
2679 4834 2824 4902 quod
2867 4834 3134 4902 sequitur,
3179 4833 3369 4886 referri
3402 4832 3676 4902 debuerit.

2094 4904 2192 4966 Ita,
2225 4905 2369 4972 quod
2419 4901 2725 4972 negandum
2771 4901 2952 4965 esset,
2985 4904 3313 4969 allirmatur;
3354 4901 3497 4971 quod
3533 4901 3679 4956 allir~

2094 4976 2353 5028 mandunt
2393 4983 2639 5041 negatur.
2673 4972 2933 5042 Equidem
2984 4974 3057 5025 ita
3090 4974 3272 5026 malim
3301 4989 3314 5025 :
3350 4972 3568 5029 Deinde.
3595 4973 3679 5026 si-

2093 5045 2307 5115 quidem
2354 5044 2409 5097 in
2459 5044 2665 5115 multis,
2707 5045 2874 5112 iisque
2917 5044 3215 5112 praeclaris,
3259 5054 3308 5096 et
3352 5043 3677 5111 ingentibus,

2093 5114 2309 5185 quaque
2345 5130 2433 5167 nec
2466 5114 2626 5182 facile
2658 5115 2960 5177 numerari,
2985 5130 3076 5166 nec
3107 5131 3203 5184 pro
3234 5114 3491 5183 dignitate
3521 5117 3680 5185 testi-

2096 5183 2235 5237 mari
2269 5187 2492 5254 possint,
2532 5200 2747 5253 quarque
2788 5185 2967 5254 urbem
2998 5185 3065 5236 ad
3112 5183 3238 5254 eam,
3268 5183 3676 5253 atiiplitudinen:

2098 5252 2475 5324 processerunt;
2523 5252 2618 5307 Iioc
2667 5255 2828 5307 etiam
2873 5253 3183 5323 eloquentim
3221 5252 3411 5306 bonum
3457 5254 3678 5307 minime

2098 5336 2394 5379 censeretur
2424 5339 2441 5376 :
2473 5324 2761 5377 absurdum
2792 5325 3038 5392 fortassis
3074 5333 3239 5385 esset,
3274 5334 3463 5377 temere
3500 5335 3679 5376 certa-

2097 5398 2257 5450 minis
2284 5395 2439 5464 hujus
2481 5395 2652 5447 aleam
2678 5393 2875 5459 subire,
2919 5397 3187 5464 satiusque
3235 5396 3389 5464 foret,
3437 5410 3556 5463 qua:
3603 5395 3674 5447 ad

2096 5467 2262 5535 ipsius
2326 5465 2536 5519 laudent
2585 5464 2870 5534 pertinent,
2918 5465 3236 5518 cuicuimodi
3282 5469 3409 5530 sint,
3467 5466 3676 5518 intacta

2096 5537 2404 5606 relinquere.

2168 5599 2278 5685 {77)
2329 5607 2399 5685 βὶ
2429 5605 2539 5674 γὰρ
2566 5599 2664 5659 αὗ.
2694 5601 2832 5685 Quid
2882 5603 2928 5658 si
2968 5605 3030 5685 si
3063 5605 3170 5677 γὰρ
3222 5603 3673 5685 αύτρῦζθίἱοιιυί

2095 5677 2241 5731 enim
2277 5675 2485 5745 κύριος,
2538 5690 2647 5729 non
2697 5677 2780 5746 sui
2838 5676 3032 5746 magis,
3082 5675 3246 5746 quam
3292 5675 3538 5739 alterius,
3574 5688 3672 5744 po-

2094 5755 2296 5802 tentem
2324 5744 2390 5801 ad
2420 5748 2698 5802 dominum
2734 5744 3022 5818 signiﬁcat.
