3894 6220
198 355 300 410 HI
1383 342 1706 401 PREPAR.
1752 343 2005 402 EVANG.
2048 341 2177 400 LIB.
2223 340 2312 399 VI.
3375 335 3484 389 “2

201 476 276 547 μὴ
305 475 389 537 είς
445 473 684 544 Ἄργος,
730 471 848 525 ἀλλ’
878 470 960 536 εἰς
1020 468 1230 542 Διϐύην
1255 507 1270 534 ,
1308 468 1343 542 ἢ
1392 467 1789 541 Ηεῤῥαιϐαίους

1929 477 1988 523 ut
2018 468 2208 524 oculos
2239 464 2343 522 sibi
2374 462 2630 528 eruisset,
2667 466 2759 514 aut
2787 458 2908 513 illas
2933 451 3210 524 Euripidis
3248 460 3485 520 tuasque

198 543 460 620 ἀπελθεῖν
479 583 494 596 θ
523 543 580 636 Ῠῆ
621 562 880 617 εἰσελθὼν
902 564 996 617 ἐπὶ
1038 563 1100 617 τὸ
1137 564 1362 635 Ἄργος,
1398 560 1541 631 ἔγνω
1568 578 1792 631 ταριχο-

1926 562 2046 615 iras
2092 559 2209 614 suis
2257 557 2374 627 ipse
2417 554 2603 609 liberis
2645 552 2975 622 imprecatus
3019 543 3246 601 fuisset?
3288 554 3484 598 caetera

200 657 429 721 πωλεῖν,
454 658 549 711 καὶ
584 656 659 728 μὴ
694 655 953 712 πλουσίαν
979 655 1163 709 λαϐεῖν
1194 658 1428 723 γυναῖκα
1447 694 1461 717 ,
1501 654 1637 707 ἀλλὰ
1664 669 1792 725 χερ-

1926 651 2064 722 ι59
2092 650 2360 719 denique,
2424 646 2514 702 ubi
2559 645 2770 715 priores
2810 644 3065 698 deessent
3103 650 3314 700 causae,
3375 646 3486 703 qua

202 748 359 818 νῆτίν
386 764 530 814 τινα,
556 724 597 818 ἢν
612 724 848 818 κάπηλιν
868 764 880 777 ·
904 747 939 817 ἢ
961 748 1010 800 εἰ
1034 747 1063 799 6
1092 746 1389 818 ’Ἄδραστος
1414 745 1487 816 μὴ
1510 724 1677 798 ἔδωκε
1697 741 1797 812 τὴν

1926 746 2117 801 andem
2147 747 2359 799 ratione
2390 743 2504 797 ﬁeri
2536 736 2883 812 potuissent?
2913 734 3044 804 quid
3077 740 3135 786 tu
3164 730 3302 799 ipse,
3335 724 3486 797 quod

1901 836 1971 891 de
2023 835 2206 890 futuro
2251 832 2667 904 pronuntiares,
2729 824 3056 883 habuisses?
3101 820 3403 880 Prmterea,
3436 814 3486 871 si

1902 925 2095 995 ()Etlipi
2129 925 2332 990 liberis,
2365 933 2460 977 aut
2485 921 2649 977 simul
2679 916 2985 988 conjunctis
3009 913 3209 969 animis
3237 922 3483 980 regnare,

206 839 487 911 θυγατέρα
531 840 682 911 αὑτῷ
702 857 715 870 ·
745 840 777 910 ἢ
806 842 854 894 εί
874 842 910 921 ‘6
935 839 1035 910 μὲν
1077 839 1277 893 ἔδωκεν
1297 877 1310 903 ,
1334 841 1362 892 6
1388 837 1434 889 δ’
1468 837 1570 889 οὐκ
1601 834 1799 889 ἐπεθύ-

207 949 354 1004 μησε
389 932 503 1006 (78)
534 934 633 1004 τῆς
662 931 843 987 οἴκαδε
866 931 1017 986 ὁδοῦ·
1051 932 1085 1003 ἢ
1111 933 1160 984 εί
1187 929 1533 1002 ἐπιθυμήσας
1562 929 1797 1000 ἐκράτη-

202 1041 297 1078 σεν
332 1022 562 1079 ἑαυτοῦ·
603 1023 636 1095 ἢ
668 1025 718 1077 εί
746 1024 822 1095 μὴ
852 1023 1154 1095 προσέσχεν
1194 1021 1345 1093 αὐτῷ
1379 1020 1619 1091 δεομένῳ
1662 1037 1799 1090 συμ-

204 1116 412 1187 μαχίας
442 1118 471 1170 6
504 1115 805 1188 Ἄδραστος
824 1134 838 1147 ·
868 1116 901 1187 ἢ
926 1118 975 1169 εί
1001 1114 1080 1186 τῷ
1114 1115 1395 1186 Ἀδράστῳ
1431 1118 1571 1186 μήτε
1597 1116 1626 1168 ὁ
1666 1115 1797 1184 Ἀμ-

202 1211 460 1284 φιάραος,
500 1212 638 1283 μήτε
668 1213 698 1265 6
721 1212 944 1277 Τυδεὺς,
979 1212 1112 1285 μηδὲ
1143 1213 1253 1266 τῶν
1286 1211 1461 1266 ἄλλων
1492 1211 1798 1282 ταξιάρχων

201 1304 439 1369 ἕκαστος
465 1304 822 1375 ἠκολούθουν·
859 1305 894 1377 ἢ
924 1306 973 1359 εἰ
1005 1308 1053 1359 οἱ
1079 1306 1175 1376 μὲν
1195 1304 1622 1378 συνηκολούθουν
1643 1342 1658 1369 ,
1685 1305 1714 1356 ὁ
1740 1302 1798 1356 δὲ

202 1397 377 1452 ἐλθὼν
411 1399 511 1452 οὐκ
534 1398 773 1470 ἐμάχετο
808 1398 886 1470 τῷ
914 1398 1149 1469 ἀδελφῷ,
1186 1399 1301 1453 ἀλλ’
1339 1400 1373 1471 ἢ
1410 1398 1630 1470 συμϐὰς
1667 1397 1799 1451 ἐϐα-

204 1490 456 1545 σίλευσεν
506 1490 626 1563 ἅμα
668 1490 917 1564 αὐτῷ,ἣ
974 1491 1050 1563 μὴ
1104 1491 1416 1564 βουλομένῳ
1462 1490 1799 1563 ἀνεχώρησε,

204 1581 456 1649 πεισθεὶς
486 1584 753 1657 Εὐριπίδῃ
776 1583 986 1654 λέγοντι
1011 1601 1024 1615 ·

1906 1029 2002 1074 aut
2027 1021 2161 1074 inito
2189 1017 2255 1071 de
2282 1026 2471 1071 mutua
2509 1013 2749 1069 vicissim
2791 1011 2848 1064 in
2879 1022 3104 1080 regnum
3133 1002 3486 1061 successione

1908 1122 2105 1183 pacto,
2157 1120 2303 1167 stare
2353 1100 2650 1179 placuisset
2681 1124 2695 1160 :
2733 1105 2972 1171 itemque
3021 1100 3067 1155 si
3106 1098 3297 1168 pulsus
3330 1094 3487 1158 alter,

1908 1221 2015 1260 non
2047 1205 2161 1273 jam
2187 1206 2359 1273 Argos
2381 1242 2397 1265 ,
2433 1200 2526 1255 sed
2555 1198 2638 1252 vel
2664 1198 2717 1251 in
2743 1195 2970 1266 Libyam
2992 1232 3008 1257 ,
3040 1191 3125 1245 vel
3158 1190 3224 1244 ad
3247 1187 3491 1242 Perrhae-

1909 1300 2058 1354 baeos
2085 1296 2321 1366 migrare
2345 1292 2659 1357 statuisset;
2698 1299 2793 1344 aut
2816 1288 2865 1343 si
2892 1287 3067 1357 Argos
3084 1283 3366 1354 appulsus,
3384 1280 3492 1334 sal-

1908 1390 2302 1446 samentarium
2336 1401 2497 1458 agere
2524 1384 2884 1447 decrevisset,
2931 1381 3173 1448 adeoque
3203 1391 3311 1431 non
3339 1374 3492 1429 locu-

1912 1485 2106 1554 pletem
2138 1480 2377 1551 aliquam
2406 1488 2460 1533 et
2488 1477 2800 1548 opulentam
2835 1488 3087 1536 uxorem,
3137 1470 3231 1526 sed
3262 1480 3497 1538 pauper-

1911 1577 2091 1634 culam
2122 1572 2436 1644 quamdam,
2472 1580 2525 1625 et
2554 1570 2756 1624 victum
2785 1582 3045 1622 manuum
3077 1565 3265 1620 labore
3296 1557 3496 1630 quaeri-

205 1681 441 1739 tantem,
470 1675 553 1730 vel
585 1675 862 1731 addictam
894 1675 1245 1745 cauponariae
1264 1675 1465 1731 ducere
1488 1674 1792 1729 voluisset:
1830 1679 1925 1724 aut
1955 1667 2003 1723 si
2031 1666 2199 1721 ﬁliam
2229 1663 2496 1719 Adrastus
2535 1676 2693 1717 suam
2748 1660 2801 1715 ei
2861 1665 3131 1729 negasset,
3163 1664 3258 1711 aut
3302 1656 3348 1710 si
3397 1655 3495 1710 de-

204 1768 383 1824 disset
415 1768 509 1824 ille
553 1770 1002 1840 quidem,-alius
1061 1779 1242 1825 tamen
1300 1772 1386 1826 vel
1418 1770 1610 1841 patriae
1672 1766 2007 1824 desiderium
2054 1761 2382 1832 abjeeisset,
2414 1759 2501 1814 vel
2538 1774 2604 1814 eo
2653 1765 2962 1813 commotus
3006 1755 3160 1821 licet,
3210 1768 3271 1808 se
3313 1752 3495 1822 ipsum

207 1863 570 1933 animumque
598 1862 821 1918 vicisset
854 1880 869 1917 :
906 1870 1003 1918 aut
1066 1863 1111 1919 si
1174 1863 1260 1918 vel
1304 1863 1571 1918 auxilium
1605 1861 1987 1932 implorantem
2051 1856 2318 1911 Adrastus
2348 1851 2662 1922 repulisset,
2691 1851 2775 1904 vel
2800 1849 3034 1903 Adrasto
3063 1862 3123 1903 se
3156 1847 3410 1901 comitem
3433 1858 3502 1900 ac

208 1953 426 2009 socium
446 1991 463 2015 ,
498 1967 680 2022 neque
709 1953 1111 2023 Amphiaraus,
1141 1969 1320 2025 neque
1356 1953 1608 2027 Tydeus,
1636 1968 1813 2023 neque
1852 1952 2052 2006 ducum
2084 1949 2316 2003 aliorum
2373 1945 2666 2016 quisquam
2697 1942 2994 2013 adjungere
3037 1940 3298 1995 voluisset
3327 1957 3341 1992 :
3404 1940 3501 1992 aut

211 2049 257 2105 si
279 2063 479 2103 eorum
531 2048 791 2104 societate
834 2048 1147 2119 impetrata,
1182 2066 1438 2106 reversus
1488 2050 1542 2104 in
1582 2050 1838 2120 patriam,
1876 2060 2073 2101 manus
2105 2042 2432 2099 cumfratre
2467 2056 2573 2095 non
2632 2037 3024 2102 conseruisset,
3073 2035 3164 2089 sed
3196 2034 3380 2103 potius
3413 2030 3501 2085 vel

212 2144 357 2201 facta
381 2160 516 2215 pace
539 2145 596 2199 in
623 2144 777 2215 regni
815 2160 942 2200 cum
967 2160 1035 2200 eo
1067 2146 1383 2202 societatem
1418 2146 1696 2214 venisset,
1747 2144 1833 2200 vel
1871 2143 2048 2200 eidem
2092 2138 2418 2211 repugnanti
2471 2136 2615 2192 ultro
2652 2134 2948 2198 cessisset,
2991 2128 3237 2199 Euripidi
3271 2128 3504 2183 obsecu-

214 2249 310 2295 tus
344 2240 493 2294 hunc
519 2239 573 2293 in
611 2238 834 2293 modum
867 2238 1245 2309 praecipienti:

226 2354 559 2418 Ἀσύνετος
583 2349 635 2405 δ’
667 2348 855 2422 ἦλθες
887 2352 986 2405 καὶ
1015 2350 1119 2416 σὺ,
1155 2350 1478 2420 πορθήσων
1511 2351 1745 2421 πάτραν
1764 2368 1777 2382 ’

1996 2324 2233 2380 Vesanus
2260 2321 2425 2376 etiam
2450 2319 2643 2389 patriae
2671 2328 2946 2386 oppressor
2974 2310 3152 2379 venis;

214 2468 248 2539 ἢ
290 2468 340 2520 εξ
366 2460 519 2530 οὗτος
544 2467 641 2537 μὲν
673 2466 770 2538 μὴ,
795 2467 824 2520 6
846 2466 891 2520 δ’
914 2466 1246 2541 ἓτερος,τῶν
1266 2465 1624 2539 Εὐριπιδείων
1642 2464 1810 2520 ἀκού-

218 2578 322 2624 σας
350 2560 799 2630 σοφιστευμάτων
826 2559 1051 2613 ἐκείνων
1085 2559 1194 2613 τῶν
1224 2557 1419 2614 ἄλλων·

216 2742 342 2798 Εἴθ’
370 2742 544 2810 ἣλιος
559 2742 679 2812 μὲν
701 2743 819 2808 νύξ
843 2760 907 2797 τε
934 2741 1250 2796 δουλεύειν
1267 2740 1531 2808 βροτοῖς,

222 2816 311 2872 Σὺ
334 2814 387 2867 δ’
411 2815 524 2868 οὐκ
552 2812 741 2885 ἀνέξῃ
778 2813 1062 2883 δωμάτων
1081 2812 1246 2882 ἔχειν
1278 2812 1454 2874 law;

220 2925 355 2990 Πῶς
404 2924 471 2978 ἂν
522 2925 818 2989 συστάντες
850 2925 1141 2995 ἐμάχοντο,
1186 2921 1281 2975 καὶ
1305 2923 1474 2975 Λαΐου
1521 2924 1631 2977 πᾶν
1661 2922 1821 2993 δῶμα

219 3019 328 3090 ἔϐη
362 3019 432 3072 δι’
456 3020 723 3090 αἵματοςς
770 3017 932 3071 Ἀλλά
969 3017 1077 3088 μὴν
1096 3056 1112 3082 ,
1155 3015 1371 3086 φήσεις,
1400 3015 1593 3083 γέγονε
1623 3015 1818 3069 ταῦτα.

218 3113 479 3182 Γέγονεν.
517 3110 682 3164 Ἀλλά
711 3110 775 3163 σὺ
809 3111 938 3182 ποίᾳ
967 3109 1072 3181 ὁδῷ
1097 3110 1344 3182 είοῆλθες
1369 3113 1447 3175 είς
1476 3108 1575 3182 τὴν
1615 3110 1819 3164 τούτων

218 3200 471 3269 εῐδησιν;
507 3200 577 3254 Ἦ
602 3201 702 3271 οὐχ
729 3200 884 3271 ὁρᾷς,
915 3199 992 3263 ὡς
1037 3200 1218 3254 πυκνά
1258 3200 1551 3271 διακέκοφε
1592 3201 1654 3254 τὸ
1684 3201 1821 3254 ὅλων

217 3294 417 3365 δρᾶμα
440 3295 474 3364 ἡ
503 3293 561 3346 ὲν
587 3294 720 3362 ἡμῖν
754 3292 870 3356 τοῖς
890 3301 913 3328 ⁸
946 3291 1008 3344 τὸ
1033 3292 1217 3363 δρᾶμα
1238 3292 1636 3364 συμπληροῦσοι
1664 3292 1824 3346 δύνα-

224 3403 366 3459 μις;
401 3384 560 3443 Οὕτω
604 3385 670 3458 δὴ
706 3384 803 3439 καὶ
847 3386 914 3456 ἢν
947 3384 1125 3455 βούλει
1162 3385 1419 3439 ὑπόθεσιν
1449 3367 1675 3449 λαϐὼν,
1704 3387 1822 3440 δια-

218 3477 385 3549 τεμῶ
409 3478 503 3531 τὸν
536 3476 727 3549 εἱρμὸν
756 3472 930 3548 ὑμῶν,
973 3476 1239 3546 ἀποφανῶ
1274 3494 1334 3529 τε
1380 3475 1641 3530 ἀδύνατον
1671 3475 1819 3530 ὄντα.

235 3569 412 3625 Ἀλλά
438 3570 504 3622 σὺ
536 3569 605 3623 τὰ
625 3573 727 3641 τῆς
748 3568 1057 3632 ὑποθέσεως
1087 3568 1294 3639 ἔσχατα
1328 3568 1528 3623 εἰδέναι
1552 3568 1759 3637 λέγεις·
1789 3568 1823 3638 ἡ

1913 2450 2011 2497 aut
2050 2441 2097 2497 si
2126 2454 2236 2494 non
2271 2437 2362 2492 ille
2406 2434 2657 2507 quidem,
2691 2430 2786 2487 sed
2828 2428 2998 2483 frater
3039 2424 3221 2496 potius
3251 2435 3421 2493 regno
3448 2435 3507 2476 se

1915 2535 2247 2597 abdicasset,
2282 2530 2406 2587 aliis
2435 2529 2588 2586 hisce
2624 2523 2869 2594 ejusdem
2905 2529 3077 2591 poeta:
3102 2515 3392 2588 praestigiis
3419 2513 3505 2569 fa-

1918 2627 2188 2691 scinatus,

1990 2739 2308 2795 Hominibus
2335 2751 2458 2805 ergo
2491 2731 2669 2802 solque
2698 2743 2903 2805 namque
2932 2723 3183 2804 serviant,

1991 2813 2187 2866 Parem
2208 2790 2672 2878 ‘mserqaentquhm
2706 2790 2843 2869 ferre
2877 2812 2981 2850 non
3002 2793 3170 2866 possis
3202 2790 3370 2844 domi.

1921 2917 2210 2987 Quomodo
2238 2912 2459 2971 tandem
2494 2919 2589 2965 aut
2619 2907 2865 2979 praelium
2892 2905 3033 2959 inter
3067 2916 3126 2958 se
3160 2898 3322 2953 ambo
3354 2912 3513 2953 com-

1922 3009 2238 3071 misissent,
2263 3012 2356 3059 aut
2378 3000 2647 3071 sanguine
2677 2998 2872 3051 obruta
2889 2993 3006 3049 Laii
3035 2993 3232 3048 domus
3259 2988 3512 3043 universa

1921 3084 2635 3175 periisseti'Verumtamen
2702 3089 2841 3152 haec,
2871 3084 3075 3157 inquis,
3111 3081 3295 3137 omnia
3333 3079 3513 3151 reipsa

1924 3169 2219 3263 contigere.
2277 3186 2538 3244 Omnino.
2602 3181 2709 3237 Sed
2760 3194 2948 3251 quaero
2999 3190 3179 3241 nunc,
3222 3187 3330 3244 qua
3356 3180 3413 3226 tu
3445 3169 3516 3225 ad

1924 3301 2108 3342 rerum
2136 3285 2367 3338 istarum
2397 3275 2828 3350 praesensionem
2858 3270 3103 3340 aspirare
3133 3268 3217 3322 via
3247 3264 3513 3338 potueris.

1923 3375 2044 3431 Non
2095 3374 2247 3429 vides
2294 3385 2458 3442 quam
2497 3382 2640 3437 saepe
2683 3372 2851 3420 totam
2895 3361 3134 3418 fabulam
3172 3354 3520 3428 interceperit

1925 3486 2010 3536 ea,
2046 3483 2169 3540 quae
2197 3479 2323 3520 vere
2346 3461 2587 3518 fabulam
2616 3461 2670 3514 in
2701 3459 2864 3513 nobis
2889 3464 3130 3527 potestas
3157 3451 3384 3522 implet?
3411 3448 3520 3519 Ego

1925 3577 2076 3626 vero,
2110 3558 2480 3630 quodcunque
2510 3561 2569 3608 tu
2598 3559 2980 3624 argumentum
3016 3545 3302 3616 delegeris,
3329 3542 3519 3598 eadem

222 3662 289 3716 δὲ
316 3659 574 3723 ὑπόθεσις
598 3631 951 3729 €x6tax01ﬁj;
972 3631 1475 3728 είρμούδυνὰμεως
1503 3657 1604 3728 ὅλη
1626 3631 1818 3711 συντέλ

1932 3652 2192 3707 facilitate
2253 3661 2455 3702 nexum
2504 3644 2651 3697 hunc
2688 3649 2929 3695 vestrum
2959 3635 3231 3701 incidam,
3277 3647 3377 3687 nec
3411 3631 3523 3685 ullo

2040 3746 2051 3749 _
2628 3735 2639 3747 ι
2792 3748 2795 3749 ,
2898 3730 3051 3749 ne---
3084 3725 3386 3749 -__--....._a!
3417 3740 3484 3749 ..Α

224 3770 454 3806 τακται.
483 3753 555 3806 Ἦ
577 3751 605 3805 ὃ
627 3752 769 3821 λέγω
791 3752 850 3804 ού
880 3725 1079 3816 συνιείς
1106 3752 1169 3818 b;
1217 3725 1376 3806 Ἀλλά
1424 3751 1542 3807 καθ’
1588 3725 1818 3825 έκάστην

1926 3746 2093 3802 modo
2122 3753 2268 3800 stare
2294 3755 2457 3811 posse
2483 3735 2828 3793 convincam.
2897 3730 3054 3785 Dices
3081 3725 3388 3800 argumenti
3416 3740 3520 3779 no-

226 3843 515 3908 ὑπόθεσιν,
548 3837 593 3896 ὦ
620 3842 800 3911 μάντι,
826 3842 895 3896 τὰ
925 3842 1062 3907 ζῶα,
1092 3845 1124 3914 ἢ
1154 3843 1340 3913 ὀλίγας
1368 3844 1627 3908 πολλάκις
1651 3843 1828 3917 ἀρχὰς

228 3938 540 4007 ποιούμενα
567 3935 702 4006 (79),
733 3933 767 4004 ἢ
797 3934 997 3999 πολλὰς
1029 3938 1089 3988 έν
1116 3936 1278 4006 αὐτῇ,
1307 3936 1372 3987 Ai
1408 3935 1465 3987 δὲ
1514 3935 1682 4006 ἀρχαὶ
1717 3935 1824 3999 ἀεὶ,

226 4029 308 4082 τὰ
340 4029 536 4100 μέχρις
560 4027 743 4081 αὐτῶν
804 4027 1151 4098 διακόψασαι,
1201 4027 1342 4081 αύτά
1378 4027 1513 4081 ἄλλα
1543 4027 1654 4100 (80)
1695 4045 1832 4100 προ-

231 4122 436 4189 άγουσι
466 4119 789 4190 πράγματα’
825 4119 895 4171 τὰ
926 4119 970 4171 δ’
999 4122 1091 4173 ἐπὶ
1118 4119 1371 4173 τοσοῦτον
1410 4122 1711 4192 προχωρεῖν
1743 4120 1831 4174 δύ-

233 4230 419 4279 ναται,
437 4214 525 4280 ἐφ’
545 4212 669 4265 ὅσον
696 4210 790 4264 ἐὰν
814 4210 889 4282 μὴ
910 4210 1019 4282 (8|)
1037 4211 1168 4283 ἄλλη
1186 4212 1349 4265 ποθὲν
1377 4213 1649 4266 ἐπιστᾶσα
1669 4212 1833 4284 ἀρχὴ,

234 4307 310 4359 τὰ
350 4307 470 4377 μετ’
503 4305 674 4376 αὐτὴν
699 4305 773 4375 μὴ
815 4306 927 4366 τοῖς
965 4303 1279 4376 ἔμπροσθεν
1323 4304 1669 4370 ἀκολουθεῖν,
1721 4304 1836 4357 ἀλλ’

239 4399 412 4468 ἑαυτῇ
443 4396 698 4470 κελεύσῃ.
735 4397 833 4468 Εἴη
860 4397 905 4476 δῖ
939 4396 1005 4451 ἂν
1034 4397 1198 4467 ἀρχὴ,
1226 4399 1321 4450 καὶ
1348 4397 1489 4464 ὄνος,
1528 4397 1621 4451 καὶ
1662 4396 1829 4461 κύων,

238 4491 340 4545 καὶ
358 4488 536 4559 φύλλα
555 4505 569 4520 ο
607 4490 669 4542 ού
694 4488 804 4561 γὰρ
829 4489 1162 4561 παραιρήσει
1203 4489 1326 4543 οὐδὲ
1354 4491 1451 4562 τῆς
1475 4489 1681 4560 ψύλλης
1697 4532 1713 4557 ,
1758 4490 1835 4561 μά

238 4584 336 4639 τὸν
378 4582 641 4648 Ἀπόλλω,
674 4582 775 4654 τὴν
798 4582 1078 4649 ἐξουσίαν·
1116 4582 1231 4636 ἀλλ’
1272 4584 1507 4654 ὁρμήσει
1547 4584 1668 4637 τινὰ
1700 4584 1836 4637 ίδίαν

239 4677 423 4750 ὁρμὴν
449 4677 483 4747 ἡ
513 4674 708 4746 φύλλα,
741 4674 798 4745 ἢ,
825 4676 922 4728 καὶ
949 4677 1064 4738 τοῖς
1110 4674 1468 4747 ἀνθρωπίνοις
1519 4676 1839 4747 πράγμασιν

1928 3837 2154 3893 vissima
2186 3834 2467 3904 explorata
2501 3828 2594 3883 tibi
2646 3841 2710 3881 ac
2739 3829 3019 3895 perspecta
3063 3834 3185 3875 esse
3224 3837 3237 3873 :
3273 3816 3424 3887 atqui
3455 3830 3525 3872 ex

1934 3929 2099 4000 hujus
2124 3940 2344 3997 quoque
2372 3936 2546 3976 nexus
2577 3919 2883 3984 interrupta
2907 3912 2958 3968 vi
2981 3917 3364 3982 argumentum
3389 3907 3522 3962 illud

1939 4026 2256 4081 universum
2282 4028 2468 4090 aptum
2504 4025 2608 4071 est.
2650 4013 2731 4067 An
2764 4010 2940 4074 forte,
2977 4005 3107 4077 quid
3144 4002 3359 4065 dicam,
3414 4013 3524 4052 non

1938 4116 2237 4188 intelligis?
2272 4113 2557 4168 Exsistunt
2594 4107 2887 4169 nimirum,
2920 4102 3061 4155 bone
3085 4104 3269 4159 vates,
3300 4093 3368 4147 ab
3394 4090 3530 4161 ipsis

1938 4208 2311 4267 animantibus
2359 4205 2415 4259 in
2464 4200 2661 4274 quovis
2705 4200 3033 4268 argumento
3069 4188 3222 4244 initia
3251 4184 3524 4256 quaedam,

1938 4303 2199 4374 pauciora
2227 4309 2644 4365 nonnunquam,
2673 4287 3054 4354 interdumque
3078 4282 3255 4351 plura.
3297 4273 3402 4332 Ubi
3430 4288 3529 4329 au-

1942 4371 2049 4451 tem
2083 4410 2146 4449 ea
2178 4405 2359 4447 rerum
2387 4388 2454 4443 ad
2478 4401 2601 4442 sese
2621 4379 3010 4454 pertinentium
3040 4371 3434 4429 connexionem
3462 4381 3531 4421 ac

1942 4489 2137 4543 seriem
2168 4480 2571 4541 interciderint,
2625 4477 2867 4546 ipsarum
2900 4482 3119 4542 quoque
3149 4464 3394 4519 rationes
3431 4474 3531 4514 na-

1947 4589 2237 4649 turamque
2274 4581 2510 4630 mutant.
2550 4569 2767 4625 Eaedem
2802 4580 2964 4636 porro
2990 4571 3217 4617 eatenus
3265 4557 3531 4612 duntaxat

1946 4646 2199 4743 progredi
2251 4672 2536 4738 poterunt,
2584 4662 2712 4717 dum
2763 4656 3091 4728 principium
3137 4650 3283 4706 aliud
3313 4646 3533 4703 aliunde

242 4767 421 4820 ἐνίοτε
448 4764 852 4835 συμπλακεῖσα,
882 4766 1059 4837 ἀρχὴν
1102 4764 1299 4835 ἑαυτὴν
1350 4763 1651 4836 παρέξεται
1695 4783 1818 4818 τινοι

1948 4763 2157 4817 nullum
2189 4762 2426 4831 ingruet,
2462 4754 2611 4827 quod
2651 4766 2862 4817 secum,
2911 4764 3019 4804 non
3064 4755 3245 4801 autem
3279 4757 3401 4799 cum
3439 4755 3534 4795 su-

240 4857 389 4912 ὀδοῦ.
424 4858 497 4911 Σὺ
525 4857 583 4911 δὲ
608 4856 890 4929 χρώμενος
921 4857 1022 4910 οὐκ
1050 4854 1214 4928 αἴσθῃ
1249 4854 1329 4926 τῷ
1354 4856 1503 4925 γένει
1536 4855 1731 4925 τούτῳ.

1948 4851 2256 4924 perioribus
2284 4846 2569 4919 sequentia
2593 4843 2868 4900 cohaerere
2892 4839 3103 4911 jubeat.
3135 4834 3299 4906 260
3330 4831 3534 4901 Finga-

242 4968 371 5007 mus
389 4968 518 5021 ergo
546 4950 766 5020 aliquod
796 4947 1067 5018 ejusmodi
1096 4946 1423 5018 principium
1447 4963 1569 5004 esse
1592 4948 1832 5013 asinum,
1873 4959 2088 5009 canem,
2123 4941 2393 5013 pulicem;
2432 4950 2608 5007 neque
2643 4934 2814 4993 enim.
2859 4946 2956 5000 per
3006 4927 3335 4998 Apollinem.
3376 4939 3534 4979 suam

243 5049 332 5113 vel
390 5048 555 5116 pulici
600 5046 913 5102 facultatem
961 5052 1016 5099 et
1056 5044 1379 5099 instinctum
1427 5044 1628 5115 eripias
1679 5061 1694 5098 :
1733 5059 1834 5099 suo
1872 5042 1988 5112 ipse
2021 5053 2240 5109 quoque
2289 5052 2354 5090 ac
2393 5030 2614 5104 proprio
2645 5028 2850 5084 feretur
2898 5025 3129 5094 impetu.
3172 5019 3417 5088 adeoque
3449 5032 3535 5071 re-

245 5146 352 5199 bus
374 5156 769 5213 nonnunquam
791 5140 1049 5195 humanis
1070 5140 1387 5209 implicitus,
1411 5140 1696 5210 cujusdam
1722 5154 1843 5194 sese
1883 5139 1981 5191 vite
2009 5136 2205 5191 ducem
2242 5129 2684 5203 principiumque
2724 5121 3040 5178 constituet.
3085 5115 3166 5171 Tu
3209 5124 3392 5169 autem
3436 5112 3537 5168 hoc

247 5240 351 5295 abs
381 5247 431 5292 te
461 5252 682 5307 quoque
727 5233 1048 5290 animalium
1096 5248 1295 5303 genere
1340 5233 1556 5287 consuli
1602 5249 1709 5287 non
1758 5229 2035 5301 intelligis.

323 5391 353 5420 δ
381 5378 471 5432 Ζσ.
514 5378 717 5441 αὐτοῖς.
785 5376 816 5417 ι)
850 5375 936 5430 ῑσ.
974 5372 1182 5443 συνίης.

324 5516 442 5589 (78)
486 5519 541 5571 '0
573 5519 627 5571 δ’
656 5519 777 5589 οῂκν
809 5487 1055 5586 ἐπεθύμ.
1096 5514 1172 5589 De
1219 5512 1478 5585 Polynice
1508 5512 1610 5589 ista
1650 5511 1848 5589 dicun-

254 5602 368 5651 tur,
403 5584 512 5642 non
543 5589 611 5644 de
645 5587 878 5659 (Edipo,
904 5584 1001 5660 qui
1019 5586 1207 5641 nescio
1233 5584 1343 5654 quo
1368 5594 1527 5655 pacto
1560 5584 1615 5637 in
1641 5584 1851 5638 versio-

255 5676 382 5715 nem
422 5660 722 5728 irrepserit.

328 5731 443 5800 (79)
469 5722 826 5800 Ποιούμενα.
856 5728 1194 5800 subauditur
1224 5723 1394 5800 ἐστίν,
1421 5732 1514 5800 aut
1539 5722 1843 5800 al._simile.

332 5793 449 5872 (80)
480 5793 867 5856 Αὐτᾶἇλλα.
896 5798 1218 5870 Legebatur,
1257 5796 1451 5868 opinor
1496 5796 1551 5850 in
1581 5793 1674 5849 alt.
1716 5809 1845 5859 ms.,

1958 5508 2121 5564 αὐταὶ
2165 5506 2332 5569 ἄλλα,
2379 5503 2471 5560 sed
2515 5511 2853 5573 postremum
2901 5505 3230 5553 elementum
3278 5493 3537 5573 abrasum

1956 5590 2059 5635 est.
2114 5564 2438 5645 Utrumque,
2494 5564 2618 5628 meo
2660 5571 2869 5644 judicio
2912 5577 3158 5637 rectum;
3211 5564 3308 5622 sed
3357 5571 3559 5623 tamen.

1956 5649 2096 5709 αὺτὰ
2119 5648 2292 5714 magis
2318 5647 2598 5714 probatur.

2026 5719 2138 5792 (8|)
2178 5711 2448 5786 Ἐὰιίμή.
2482 5714 2686 5782 Malim,
2716 5711 2782 5767 ἂν
2816 5711 2912 5783 μή.
