3894 6220
384 252 489 310 M3

382 365 426 442 ρ
459 364 642 442 Lo_rre,
663 367 989 442 Herculeum
1025 374 1164 442 [erro
1200 373 1449 428 Trichina
1482 378 1638 431 ruisu
1670 395 1688 432 :

377 432 624 515 Iuppiter
654 440 764 509 ipse
795 458 974 512 graves
1008 432 1149 497 ultra
1177 461 1271 511 pro
1299 447 1515 500 crimine
1540 463 1717 515 poenas

386 589 528 658 Quid
554 592 675 647 ais?
723 590 841 647 Non
871 594 1149 650 decretum
1197 596 1251 651 id
1297 595 1394 651 fati
1440 613 1471 652 a
1510 598 1667 656 vobis
1707 610 1862 665 erat,
1892 601 1969 656 uti

386 685 766 741 everteretur?
813 703 941 740 num
982 688 1147 757 hujus
1185 698 1441 746 auctores
1492 693 1687 747 excidii
1741 692 1969 757 fuimus,

388 793 454 833 ac
484 794 591 832 non
629 780 808 848 potius
840 789 1022 835 vestra
1072 782 1162 836 illa
1195 782 1532 837 necessitas?
1558 781 1863 852 lnjuriosus
1887 801 1968 847 es,

390 883 425 923 ο
456 870 647 938 Apollo
667 911 681 934 ,
729 886 831 925 nec
862 886 1051 925 verum
1092 881 1177 928 est
1219 886 1410 942 ptenas
1442 871 1541 925 abs
1572 882 1624 928 te
1655 873 1841 939 nobis,
1877 875 1971 943 qui

387 961 524 1014 nihil
551 962 920 1031 peccavimus,
947 963 1201 1035 irrogari.
1260 963 1397 1019 Nam
1426 974 1610 1020 vester
1635 966 1852 1034 quidem
1885 966 1973 1020 ille

383 1051 594 1121 Jupiter
624 1055 761 1121 (illa,
792 1054 1038 1126 inquam,
1057 1057 1400 1112 necessitatis
1417 1065 1610 1113 vestrae
1627 1058 1970 1126 necessitas),

384 1161 649 1214 quorsum
685 1147 739 1200 in
773 1161 895 1211 nos,
930 1162 995 1201 ac
1024 1162 1132 1201 non
1166 1148 1372 1218 potius,
1424 1150 1646 1220 quando
1681 1165 1870 1219 poenas
1907 1151 1972 1203 li-

384 1237 474 1291 bet
504 1237 740 1307 exigere,
767 1237 819 1290 in
844 1252 903 1293 se
930 1237 1111 1307 ipsum
1133 1237 1551 1306 animadvertat,
1577 1240 1673 1310 qui
1700 1239 1971 1309 ejusmodi

383 1343 505 1384 esse
536 1329 916 1383 necessitatem
948 1330 1288 1385 ostenderit?
1338 1330 1613 1397 Quorsum
1643 1347 1773 1385 vero
1815 1333 1972 1387 nobis

385 1424 671 1479 minatur?
703 1440 966 1495 quorsum
1001 1425 1126 1495 ipsi,
1157 1426 1316 1495 quasi
1341 1442 1404 1480 ea
1439 1442 1525 1482 res
1556 1428 1843 1497 potestatis
1875 1443 1973 1481 no-

385 1527 513 1572 strae
535 1516 719 1583 fuerit,
757 1515 901 1571 fame
923 1517 1401 1572 contabescimus?
1432 1516 1701 1572 Caeterum
1727 1518 1970 1588 ejusdem

387 1608 622 1663 civitatis
648 1608 853 1678 aliquid
884 1619 978 1663 aut
1010 1623 1039 1661 a
1065 1609 1223 1664 nobis
1255 1609 1674 1677 instaurabitur,
1698 1618 1793 1665 aut
1822 1627 1929 1666 non
1955 1630 1970 1666 ι

1054 251 1323 310 EUSEBH
1357 250 1844 307 CASSARIENSIS
1884 251 2033 308 OPP.
2071 252 2252 311 PARS
2294 255 2356 312 ΙΙ.
2402 289 2469 299 ——
2503 257 2983 317 APOLOGETICA

3535 268 3646 324 444

1999 382 2043 436 Α
2074 376 2293 449 Τριχῖιθ
2322 376 2555 449 ἐξεῖλες,
2584 378 2693 449 (82)
2721 380 2901 449 πόλιν
2942 380 3268 448 Ἡρακλῆος
3289 383 3470 449 θείου,

2073 441 2140 498 Ὦ
2163 441 2371 515 Ᾰοκρέ·
2406 449 2502 502 σοὶ
2531 441 2599 501 δέ
2623 441 2772 515 Ζεὺς
2792 441 3029 516 ἀλλαςῖ
3055 441 3190 505 diu?
3214 441 3316 521 ἡδί
3332 453 3420 509 ἑτι
3450 441 3651 510 δώσει.

2074 603 2138 655 Τὶ
2162 602 2303 675 φῄςς
2340 606 2400 659 οὑ
2431 606 2541 678 γὰρ
2573 606 2859 678 ἐπέπρωτο
2886 607 2978 677 ὑφ’
3004 608 3155 679 ὑμῶν
3188 609 3531 681 ἐξαιρεθῆναι
3555 614 3658 666 αύ-

2071 699 2206 762 τήν;
2237 694 2332 747 καὶ
2359 695 2414 747 τί
2436 695 2597 748 αἴτιοι
2618 696 2797 765 ἡμεῖς,
2834 695 2946 748 ἀλλ’
2966 696 3064 766 οὑχ
3084 699 3117 767 ἡ
3151 696 3390 767 ὑμετέρα
3413 697 3651 767 ἀνάγκῃ

2073 785 2148 838 Οὐ
2182 784 2365 837 δίκαια
2395 786 2588 846 ποιεῖς,
2624 777 2670 835 ὧ
2704 782 2996 847 Ἀπολλον,
3025 783 3135 836 οὐδ’
3174 782 3350 855 ὀρθῶς
3396 783 3656 852 ἐπιτιμᾷς

2071 877 2185 937 τοῖς
2208 873 2360 927 οὐδὲν
2391 871 2668 926 ἀδικοῦσιν
2697 873 2850 943 ἡμῖν.
2899 871 2956 924 ’0
2980 870 3037 924 δέ
3082 870 3219 934 Ζεὺς
3253 862 3407 932 οὗτος
3429 910 3444 934 ,
3474 871 3508 941 ἡ
3551 868 3657 937 τῆς

2073 966 2347 1037 ὑμετέρας
2380 964 2626 1033 ἀνάγκης
2670 963 2905 1033 ἀνάγκη,
2943 961 2997 1013 τί
3038 962 3185 1031 ἡμᾶς
3224 960 3497 1023 τίννυται,
3537 958 3658 1012 ἀλλ’

2072 1059 2175 1111 οὑκ
2205 1056 2397 1127 (εἰπερ
2417 1056 2552 1127 ἄρα)
2582 1054 2793 1115 ἑαυτὸν,
2809 1054 2892 1107 ὃτι
2917 1053 3173 1123 τοιαύτην
3193 1050 3495 1115 κατέδειξεν
3514 1048 3658 1103 εἶναι

2072 1150 2171 1221 τὴν
2201 1150 2480 1219 ἀνάγκην;
2517 1148 2582 1200 Τί
2615 1146 2671 1199 δὲ
2700 1148 2794 1200 καὶ
2816 1146 3029 1200 ἀπειλεῖ
3047 1147 3176 1216 ἡμῖν
3200 1161 3214 1209 ;
3246 1142 3279 1214 ἦ
3304 1143 3357 1197 τί
3383 1141 3659 1214 ήμεῖς,ὼς

2073 1243 2226 1305 ὄντες
2258 1240 2449 1294 τούτου
2472 1239 2673 1310 κύριοι,
2712 1237 3083 1309 λιμώττομεν;
3135 1236 3295 1289 Ἀλλὰ
3331 1237 3423 1289 καὶ
3464 1233 3587 1287 εἴτι
3628 1234 3657 1273 δ

2072 1332 2514 1405 ἁνοικισθήσεται
2541 1332 2677 1403 πρὸς
2705 1329 2883 1402 ἡμῶν,
2919 1331 2952 1401 ἦ
2987 1329 3077 1383 οὑ·
3121 1330 3376 1402 ὁπότερον
3407 1328 3452 1380 δ’
3489 1327 3557 1381 ἂν
3595 1323 3656 1399 ᾖ,

2073 1428 2232 1482 τοῦτο
2259 1429 2570 1499 πέπρωται.
2608 1425 2783 1497 Λῆξον
2808 1425 2893 1497 δὴ,
2927 1418 2973 1478 ὦ
3003 1422 3104 1478 Ζεῦ
3136 1422 3406 1494 λιμοποιὲ,
3436 1421 3530 1474 τοῦ
3564 1419 3662 1473 θυ-

2079 1520 2213 1590 μοῦσ
2252 1520 2368 1572 ἔστι
2411 1517 2519 1589 γὰρ
2575 1517 2603 1569 ὃ
2666 1516 2973 1588 πέπρωται,
3018 1516 3112 1568 καὶ
3150 1512 3307 1566 τοῦτο
3361 1510 3663 1583 προστέτα-

2076 1630 2200 1668 κται
2229 1615 2399 1666 ποιεῖν
2428 1614 2457 1665 ὁ
2490 1612 2581 1675 σὸς
2609 1610 2814 1681 εἰρμός·
2850 1611 3009 1681 ἡμεῖς
3038 1608 3094 1661 δὲ
3121 1606 3257 1678 πρὸς
3286 1605 3474 1658 τοῦτον
3504 1603 3659 1657 οὐδέν

388 1710 570 1754 utrum
602 1709 783 1754 autem
806 1701 1044 1765 eveniat,
1069 1701 1123 1755 in
1152 1699 1278 1756 fatis
1301 1700 1413 1769 jam
1443 1710 1548 1756 est.
1588 1701 1786 1757 Desine
1819 1717 1971 1771 ergo,

2079 1707 2263 1775 ἐσμεν.
2280 1703 2562 1757 Παῦσαιδὲ
2579 1703 2672 1756 καὶ
2696 1703 2781 1766 σὺ,
2804 1696 2849 1755 ὦ
2874 1700 3154 1763 Ἄπολλον,
3175 1698 3375 1769 μάταια
3395 1713 3652 1769 χρησμῳ-

384 1790 597 1860 Jupiter
634 1791 796 1847 lamis
828 1792 1146 1858 architecte,
1198 1793 1420 1863 gravius
1452 1794 1634 1849 irasci.
1683 1795 1777 1849 Est
1826 1795 1971 1849 enim

2079 1797 2184 1850 δῶν
2206 1815 2219 1826 ·
2245 1798 2395 1849 ἔσται
2427 1796 2556 1867 γὰρ,
2585 1795 2613 1848 ὃ
2641 1795 2705 1864 δὴ
2737 1794 2910 1857 ἔσται,
2946 1792 3049 1846 κᾶν
3086 1792 3149 1844 σὺ
3186 1790 3419 1860 σιωπᾷς.
3469 1789 3659 1858 Ἡμεῖς

386 1883 462 1950 id,
495 1883 638 1952 quod
674 1892 729 1938 ut
757 1890 925 1949 esset,
962 1882 1132 1938 l'atum
1159 1882 1282 1950 fuit,
1319 1896 1483 1956 atque
1506 1887 1558 1941 id
1591 1896 1718 1943 tuus
1750 1886 1853 1944 iste
1880 1902 1973 1942 ne-

2079 1888 2158 1952 δὲ,
2190 1883 2236 1943 ὦ
2260 1887 2362 1942 Ζεῦ
2387 1888 2483 1941 καὶ
2512 1886 2799 1949 Ἀπολλον,
2826 1885 2879 1938 τί
2912 1882 3193 1954 πάθωμεν,
3223 1880 3375 1934 οὐδὲν
3397 1880 3546 1943 ὄντες
3566 1880 3657 1934 αῖ-

385 1992 489 2031 xus
514 1976 773 2046 perlicere
800 1976 991 2044 jussus
1021 1985 1139 2032 est:
1173 1992 1272 2032 nos
1309 1992 1471 2043 vero,
1503 1979 1550 2033 si
1574 1994 1698 2034 cum
1722 1994 1788 2035 eo
1821 1994 1973 2034 com-

2079 1997 2183 2033 τιοι
2215 1980 2316 2051 τῆς
2338 1980 2611 2050 ὑμετέρας
2644 1976 3070 2047 νομοθετήσεως,
3117 1973 3393 2028 τουτέστιν
3424 1974 3661 2042 ἀναγκα-

388 2068 696 2134 mittamur,
730 2068 866 2123 nulli
900 2084 1116 2125 sumus.
1161 2068 1241 2123 Tu
1269 2085 1510 2140 quoque,
1542 2071 1754 2142 Apollo,
1774 2071 1973 2127 frustra

2081 2074 2386 2143 θετήσεως;
2416 2071 2481 2127 Τί
2513 2070 2558 2122 δ’
2599 2072 2729 2140 ἡμῖν
2755 2069 2849 2122 καὶ
2883 2070 3004 2131 ταῖς
3035 2066 3325 2137 ὑμετέραις
3357 2064 3512 2128 ἄταις
3537 2105 3552 2128 ,
3590 2062 3660 2127 ἃς

386 2158 672 2213 vaticinari
698 2159 906 2215 desine.
947 2159 1065 2215 Erit
1089 2162 1234 2215 enim
1268 2162 1317 2216 id
1352 2160 1616 2231 profecto,
1637 2165 1785 2233 quod
1819 2164 1971 2218 futu-

2081 2165 2236 2218 αὑτοὶ
2264 2164 2407 2234 ἔχειν
2430 2162 2627 2216 δίκαιοί
2655 2164 2797 2226 ἐστε,
2821 2161 2959 2232 ὑπὲρ
2999 2152 3075 2212 ὧν
3118 2160 3280 2231 ἡμεῖς
3310 2154 3657 2227 ἠναγκάσθηο

385 2266 513 2306 rum
547 2260 663 2316 est,
697 2262 757 2307 ut
786 2253 1024 2308 maxime
1050 2255 1304 2309 tacueris.
1362 2253 1472 2310 Nos
1496 2266 1676 2311 autem
1697 2297 1711 2322 ,
1742 2255 1971 2327 Jupiter,
2084 2274 2217 2328 μεν;

386 2356 556 2418 tuque
611 2347 830 2416 Apollo,
867 2349 997 2419 quid
1046 2364 1274 2421 agamus
1296 2390 1311 2414 ,
1344 2350 1439 2420 qui
1488 2351 1638 2407 nullo
1670 2352 1834 2407 modo
1892 2353 2158 2422 impositm
2184 2369 2214 2407 a
2238 2352 2392 2408 vobis
2423 2367 2531 2407 non
2563 2360 2671 2406 tam
2695 2350 2850 2422 legis,
2895 2364 3060 2420 quam
3119 2346 3460 2403 necessitatis
3490 2358 3658 2400 causa

382 2442 594 2498 simus?
631 2442 773 2509 Quid
805 2444 966 2500 nobis
1012 2459 1137 2500 cum
1191 2444 1389 2499 vestris
1440 2445 1545 2501 illis
1579 2448 1755 2523 pomis
1814 2463 1879 2503 ac
1934 2447 2111 2513 furiis,
2147 2465 2285 2520 quas
2327 2448 2428 2518 ipsi
2471 2446 2738 2519 profecto,
2776 2445 2848 2499 ob
2889 2459 2974 2508 ea,
3029 2443 3230 2514 quibus
3273 2456 3369 2512 per
3410 2439 3521 2493 vim
3560 2436 3661 2494 ob-

384 2537 559 2592 stricti
593 2552 809 2605 sumus,
839 2536 980 2592 ferre
1010 2538 1206 2593 merito
1238 2552 1302 2591 ac
1329 2539 1598 2595 sustinere
1620 2539 1904 2595 debeatis?

389 2651 468 2777 II:
497 2670 625 2779 popl
646 2652 833 2721 Oetaei,
869 2671 1006 2711 creco
1043 2673 1186 2713 mens
1213 2658 1461 2730 improba
1488 2667 1634 2714 motu

389 2766 397 2776 .
467 2740 605 2779 rma
634 2763 651 2779 .

381 2740 651 2793 damnat.

384 2813 550 2883 Atqui
601 2830 709 2869 non
764 2814 1127 2886 festinamus,
1170 2819 1364 2889 Apollo
1389 2861 1405 2887 ,
1460 2819 1552 2874 sed
1587 2820 1835 2891 agimur;
1871 2834 1972 2873 nec

388 2906 625 2961 amentia
651 2948 667 2974 ,
698 2908 791 2962 sed
820 2911 1146 2967 necessitate
1175 2921 1374 2967 vestra.
1416 2910 1535 2965 Jam
1570 2926 1695 2965 vero
1715 2952 1731 2976 ,
1768 2909 1973 2980 Lycur-

386 3012 513 3068 gum
534 3039 550 3065 ,
605 2999 831 3068 Apollo,
877 3002 1011 3071 quid
1043 3011 1168 3069 est,
1203 3003 1562 3073 quamobrem
1592 3003 1664 3057 ita
1691 3002 1970 3072 praedices,

385 3090 481 3158 qui
516 3105 624 3144 non
657 3101 851 3160 sponte
894 3107 994 3147 sua
1016 3132 1030 3158 ,
1079 3095 1163 3148 vel
1215 3094 1532 3149 inductione
1572 3093 1740 3148 animi
1772 3093 1976 3163 probus

385 3188 524 3245 erat,
554 3180 647 3235 sed
681 3182 844 3251 plane
874 3183 1120 3239 invitus?
1150 3186 1195 3240 si
1224 3194 1405 3240 tamen
1438 3185 1644 3256 probus
1682 3186 1975 3256 quisquam

386 3272 590 3329 invitus
616 3287 737 3328 esse
765 3282 964 3344 potest.
1037 3275 1269 3332 Perinde
1323 3277 1549 3332 omnino
1597 3279 1792 3350 agitis,
1835 3292 1900 3332 ac
1931 3277 1978 3331 si

385 3364 513 3434 quis
539 3365 813 3436 elegantes
848 3382 913 3422 ac
941 3366 1214 3424 formosos
1244 3369 1493 3425 laudaret
1524 3369 1873 3440 praemiisque
1898 3368 1979 3422 af-

387 3456 592 3523 ﬁceret,
621 3467 807 3529 turpes
837 3460 1171 3530 vituperaret
1199 3477 1263 3516 ac
1282 3462 1520 3532 puniret.
1556 3460 1747 3517 Merito
1779 3462 1979 3533 quippe

386 3549 544 3604 vobis
578 3548 808 3620 improbi
845 3552 1126 3622 objicient,
1181 3554 1436 3608 virtutem
1468 3555 1571 3609 sibi
1615 3569 1712 3624 per
1748 3570 1847 3609 vos
1878 3554 1982 3608 mi-

388 3644 537 3700 nime
559 3644 736 3700 colere
776 3646 1022 3713 licuisse,
1056 3646 1165 3701 imo
1192 3646 1349 3701 vobis
1374 3646 1694 3717 cogentibus
1724 3662 1845 3701 sese
1874 3646 1978 3699 im-

388 3739 594 3806 probos
647 3737 838 3795 luisse.
900 3737 1111 3794 Probos
1137 3753 1290 3804 vero,
1329 3738 1374 3793 si
1401 3739 1631 3793 nimium
1658 3739 1761 3792 sibi
1788 3738 1976 3808 placu-

387 3830 563 3897 erint,
610 3846 773 3885 nemo
800 3830 939 3886 ferat
970 3849 984 3885 :
1015 3831 1126 3885 imo
1157 3846 1266 3885 non
1294 3831 1419 3901 jure
1444 3831 1742 3887 succlamet
1780 3844 1975 3884 nemo:

387 3924 526 3976 Audi
545 3924 702 3995 261
733 3925 831 3989 sis,
865 3924 1185 3997 Chrysippe,
1216 3934 1405 3995 tuque,
1433 3940 1466 3980 o
1511 3925 1825 3991 Cleanthes,
1855 3940 1982 3977 vos-

389 4030 497 4083 que
524 4016 714 4070 eirculi
764 4005 1007 4089 ejusdem
1039 4017 1221 4071 caeteri
1254 4017 1429 4088 (vobis
1456 4017 1601 4071 enim
1650 4018 1978 4087 probitatem

390 4106 742 4179 attribuitis);
795 4108 1049 4177 equidem
1092 4108 1348 4164 virtutem
1396 4111 1589 4176 laudo,
1648 4128 1748 4166 vos
1798 4120 1980 4165 tamen

389 4198 554 4252 etiam
597 4198 797 4253 virtute
827 4200 1085 4268 prteditos
1116 4216 1226 4255 non
1262 4202 1446 4256 laudo.
1519 4201 1658 4269 Quin
1684 4202 1979 4272 Epicurum

2080 2652 2316 2718 Οἰταῖοι,
2344 2650 2430 2723 μὴ
2454 2647 2732 2705 σπεύδετ’
2757 2647 3165 2715 ἀτασθαλίῃσι
3192 2646 3375 2699 νόοιο.

2090 2829 2228 2881 Ἀλλ’
2256 2828 2316 2879 οὑ
2344 2825 2668 2894 σπεύδομεν,
2711 2816 2756 2875 ὧ
2801 2820 3067 2875 Ἄπολλον
3090 2860 3105 2884 ,
3147 2819 3261 2873 ἀλλ’
3302 2816 3656 2889 ἐλαυνόμεθα,

2076 2920 2196 2972 οὑδὲ
2230 2917 2599 2982 ἀτασθαλίαις,
2638 2913 2776 2968 ἀλλὰ
2821 2917 2888 2985 τῇ
2913 2914 3151 2984 ὑμετέρᾳ
3181 2912 3414 2982 ἀνάγκῃ.
3457 2911 3559 2963 Τὸν
3601 2910 3660 2963 δὲ

2076 3010 2393 3082 Λυκοῦργον
2419 3012 2622 3062 ἐκεῖνον
2647 3006 2784 3070 πῶς,
2808 3000 2853 3059 ὦ
2882 3004 3168 3069 Ἀπολλον,
3193 3006 3456 3068 ἐπαινεῖς,
3478 3002 3538 3067 ὃς
3558 3003 3659 3055 οὑκ

2075 3099 2143 3174 ἦν
2168 3102 2391 3172 ἀγαθὸς,
2413 3099 2537 3154 οὔτε
2560 3097 2722 3161 ἐκὼν,
2748 3098 2860 3151 οὗθ’
2892 3097 3166 3167 ἐλόμενος,
3192 3094 3327 3148 ἀλλὰ
3358 3094 3540 3158 ﬁxum);
3579 3092 3662 3146 εῐ-

2077 3210 2183 3265 περ
2238 3210 2341 3245 που
2382 3193 2477 3244 καὶ
2514 3188 2725 3259 γίνεταὶ
2772 3206 2857 3252 τις
2884 3187 3086 3256 ἀγαθὸς
3124 3185 3293 3240 ἄκων.
3338 3185 3520 3237 Ἐοικε
3549 3183 3607 3236 δέ
3633 3183 3664 3237 ὃ

2079 3285 2175 3339 νῦν
2211 3288 2437 3347 ποιεῖτε,
2479 3283 2555 3347 ὡς
2587 3282 2642 3336 εἴ
2668 3300 2752 3346 τις
2774 3282 2899 3345 τοὺς
2938 3281 3036 3351 μὲν
3079 3278 3278 3341 καλοὺς
3321 3276 3391 3331 τὰ
3438 3275 3668 3346 σώματα

2081 3377 2329 3446 ἐπαινοίη
2363 3376 2457 3429 καὶ
2504 3376 2773 3446 γεραίροι,
2807 3374 2933 3436 τοὺς
2975 3372 3031 3424 δὲ
3076 3370 3335 3442 αἰσχροὺς
3381 3367 3538 3438 ψέγοι
3570 3366 3666 3420 καὶ

2080 3470 2317 3533 κολάζοι.
2350 3469 2543 3521 Δίκαια
2571 3467 2679 3538 γὰρ
2707 3466 2910 3518 εἴποιεν
2953 3462 3018 3517 ἂν
3055 3461 3193 3533 πρὸς
3221 3461 3364 3532 ὑμᾶς
3412 3461 3461 3513 οἱ
3496 3475 3667 3529 πονη-

2083 3563 2186 3634 ροὶ,
2215 3562 2320 3624 ὅτι,
2350 3560 2464 3613 Οὐκ
2496 3556 2833 3628 ἐπετρέψατε
2861 3557 3014 3626 ἡμῖν,
3042 3547 3088 3607 ὧ
3118 3553 3249 3618 θεοὶ,
3275 3551 3500 3621 ἀγαθοῖς
3522 3549 3671 3620 γίνε-

2084 3654 2208 3707 σθαι
2229 3671 2241 3683 ’
2278 3653 2338 3705 οὑ
2387 3651 2545 3723 μόνον
2596 3650 2686 3713 δὲ,
2712 3646 2850 3702 ἀλλὰ
2879 3647 2974 3701 καὶ
2994 3644 3286 3700 ἐϐιάσασθε
3330 3640 3467 3697 εἶναι
3499 3659 3669 3713 πονη-

2085 3747 2214 3818 ρούς
2234 3763 2246 3775 ·
2276 3744 2330 3798 o't'
2358 3762 2417 3798 τε
2451 3740 2667 3812 ἀγαθοὶ,
2697 3742 2747 3794 εἰ
2789 3738 3255 3811 ἐξηγκωνισμένοι
3292 3736 3668 3807 περιπατοῖεν,

2082 3838 2181 3891 οὐκ
2221 3837 2502 3909 ἐπιτρέψει
2536 3852 2619 3898 τις
2644 3834 2847 3897 αὐτοῖς,
2877 3832 3012 3885 ἀλλὰ
3058 3831 3238 3901 φήσει·
3274 3823 3345 3879 ’Ὦ
3374 3822 3670 3896 Χρύσιππέ

2082 3948 2142 3983 τε
2176 3931 2269 3983 καὶ
2293 3928 2587 3992 Κλέανθες,
2617 3928 2713 3981 καὶ
2740 3927 2853 3978 ὅσοι
2880 3923 3070 3978 τούτου
3099 3920 3192 3975 τοῦ
3219 3918 3382 3992 χοροῦ
3402 3957 3417 3982 ,
3468 3917 3672 3988 (ὑμεῖς

2084 4020 2191 4092 γὰρ
2251 4020 2551 4090 πεποίησθε
2612 4013 2753 4071 εἶναι
2810 4013 3086 4085 ἀγαθοί·)
3146 4010 3256 4081 ἐγὼ
3314 4012 3410 4081 μὲν
3466 4006 3671 4079 ἀρετὴν

2085 4112 2315 4177 ἐπαινῶ,
2361 4113 2505 4183 ὑμᾶς
2536 4112 2593 4165 δὲ
2642 4113 2767 4174 τοὺς
2802 4107 3093 4178 ἐναρέτους
3118 4108 3219 4159 οὑκ
3245 4102 3469 4158 ἐπαινῶ.
3510 4098 3673 4153 Ἀλλὰ

2086 4205 2180 4258 καὶ
2210 4204 2300 4258 τὸν
2341 4203 2685 4274 Ἐπίκουρον,
2722 4203 2780 4256 ὃν
2814 4203 2877 4255 σὺ
2898 4199 3086 4263 πολλὰ,
3113 4192 3485 4269 ὦΧρύσιππε,
3512 4190 3674 4246 ἐϐλα-

393 4292 569 4357 illum,
597 4306 759 4361 quem
787 4301 841 4345 tu
864 4333 878 4357 ,
906 4292 1210 4364 Chrysippe
1240 4333 1254 4358 ,
1288 4295 1423 4349 adeo
1450 4298 1799 4350 vehementer
1836 4295 1973 4349 iuse-

2090 4299 2406 4370 σφήμησας,
2442 4295 2553 4365 ἐγὼ
2584 4297 2648 4349 τό
2680 4312 2743 4364 γε
2777 4295 2869 4348 ἐπὶ
2898 4292 2981 4346 σοὶ
3014 4293 3215 4361 ἀφίημι
3247 4288 3354 4342 τῶν
3385 4283 3673 4355 ἐγκλημά-

391 4384 581 4450 ctaris,
619 4384 664 4439 si
696 4398 811 4437 rem
836 4383 944 4437 tuis
969 4399 1036 4438 ex
1068 4384 1302 4440 decretis
1326 4386 1548 4451 deﬁnio,
1583 4387 1650 4441 ab
1693 4386 1843 4441 omni
1874 4386 1982 4440 cri-

392 4477 542 4533 tnine
570 4476 801 4530 liberum
832 4476 1205 4545 pronuntiem.
1270 4477 1411 4543 Quid
1439 4479 1583 4532 enim
1624 4484 1847 4549 ageret,
1888 4477 1982 4546 qui

2087 4405 2216 4442 των.
2255 4388 2320 4440 Τί
2348 4387 2455 4459 γὰρ
2487 4386 2655 4460 πάθῃ,
2681 4385 2739 4449 ὂς
2769 4386 2868 4455 οὑχ
2917 4380 3057 4437 ἐκὼν
3103 4376 3171 4452 ἦν
3227 4376 3466 4451 μαλακὸς
3489 4415 3504 4440 ,
3549 4373 3675 4427 οὑδὲ

2089 4479 2294 4544 ἄδικος,
2323 4478 2516 4550 ὥσπερ
2546 4477 2803 4540 πολλάκις
2837 4475 2999 4529 αὐτὸν
3030 4470 3404 4543 ἐλοιδόρησας;

393 4590 502 4629 nun
539 4579 734 4644 sponte
763 4587 861 4628 sua
884 4571 969 4626 vel
1000 4572 1067 4626 ad
1095 4572 1217 4626 vitae
1244 4573 1552 4642 mollitiem,
1602 4573 1688 4627 vel
1718 4573 1788 4629 ad
1818 4572 2221 4643 improbitatem
2269 4562 2707 4639 adhaeresceret,'
2730 4585 2840 4642 quo
2874 4578 2930 4624 tu
2971 4584 3095 4623 eum
3141 4565 3362 4620 nomine
3389 4558 3676 4617 criminari

394 4672 538 4726 soles
566 4671 589 4724 ?

397 4765 462 4825 In
484 4767 723 4835 placidos
755 4768 1025 4821 hominum
1050 4766 1315 4821 inclinant
1344 4765 1435 4833 pia
1463 4765 1682 4818 numina
1709 4780 1904 4831 mores,

394 4838 600 4892 Horum
625 4840 786 4891 etiam
813 4839 979 4904 cultu,
1003 4847 1053 4892 et
1080 4854 1232 4892 sacro
1261 4836 1514 4890 lwtanlur
1546 4838 1758 4889 honore.

393 4952 522 5008 Mihi
552 4952 772 5022 quidem
805 4953 963 5023 plane
989 4951 1316 5022 persuadeo,
1348 4949 1628 5020 nunquam
1661 4965 1761 5005 vos
1804 4950 1875 5003 ita
1903 4949 1984 5003 lo-

395 5054 622 5100 cuturos
655 5058 778 5098 esse
801 5084 817 5109 ,
870 5043 976 5097 nisi
1022 5042 1276 5097 homines
1306 5040 1373 5095 ad
1401 5055 1464 5094 ea
1498 5054 1620 5109 qua:
1657 5051 1978 5108 sequuntur,

398 5149 506 5189 non
537 5135 589 5188 vi
620 5135 752 5202 ulla,
787 5133 881 5190 sed
907 5134 1186 5188 voluntate
1215 5148 1314 5188 sua
1341 5132 1466 5187 duci
1496 5133 1809 5187 crederetis.
1853 5131 1988 5197 Quae

398 5241 564 5293 porro
592 5224 890 5280 voluntatis
924 5232 1128 5279 nostra:
1156 5225 1287 5287 sint,
1316 5239 1477 5277 nemo
1503 5237 1741 5292 unquam
1764 5263 1779 5287 ,
1809 5235 1985 5289 neque

471 5374 497 5401 ι
530 5378 618 5432 πο.
645 5363 833 5427 ἄττας.
914 5360 943 5400 ιι
974 5359 1059 5413 lo’.
1098 5359 1132 5430 ἦ
1162 5373 1233 5412 τι.

476 5495 587 5567 (82)
622 5497 833 5567 Τριχῒν’
863 5495 1110 5562 ἐξεῖλες.
1132 5492 1267 5548 Vide
1295 5508 1479 5567 supra.

478 5561 590 5639 (85)
636 5561 783 5622 ὀῦῖε
823 5568 1132 5634 ἅνθρωπος
1155 5605 1168 5627 ,
1200 5575 1303 5639 etc.
1333 5562 1506 5617 Voevs
1533 5561 1740 5639 aliquot
1766 5571 1989 5639 praeter-

408 5631 608 5692 missa’s
652 5640 720 5691 ita
775 5631 998 5707 supple,
1028 5651 1188 5705 neque
1233 5635 1421 5707 homo,
1457 5642 1513 5684 ut
1559 5635 1721 5707 etiam
1754 5631 1990 5707 sophista

411 5709 609 5779 fuerit,
639 5709 718 5764 his
749 5703 990 5781 juni'ita
1035 5703 1449 5770 demonstratis,
1494 5703 1826 5769 necessitati,
1881 5712 1986 5759 etc.

2087 4757 2407 4815 Εὐτάκτων·
2433 4751 2864 4824 θνητῶν-,ϐιοτῇ
2891 4751 3012 4806 θεοί
3040 4750 3200 4824 ἶνίαοί
3221 4753 3402 4824 είσιν,

2085 4828 2402 4885 Εὐσεϐἐων
2434 4828 2485 4883 θ’
2513 4820 2689 4897 ἁγίας
2714 4824 2933 4889 θυσίας
2962 4820 3134 4891 τιμάς
3155 4837 3219 4873 τε
3245 4821 3541 4891 δέχονται.

2091 4949 2309 5001 Δοκεῖτε
2340 4944 2399 4997 δέ
2437 4960 2527 5015 μοι
2577 4944 2677 4996 οὐκ
2702 4940 2767 4995 ἂν
2795 4940 2969 4994 ταῦτα
3006 4939 3220 5009 λέγειν,
3265 4938 3339 5011 μὴ
3377 4938 3683 5008 πεπεισμέ-

2094 5056 2196 5101 νοι,
2230 5039 2312 5091 ὅτι
2341 5037 2441 5090 οὑκ
2474 5035 2719 5099 ἄκοντες,
2747 5034 2881 5087 ἀλλὰ
2911 5031 3222 5103 βουλόμενοι
3257 5029 3547 5102 χωροῦσιν,
3590 5032 3682 5099 ἐφ’

2092 5130 2128 5185 ἃ
2157 5129 2445 5200 χωροῦσιν.
2480 5129 2547 5179 Ἃ
2574 5126 2619 5179 δ’
2643 5125 2710 5179 ἂν
2737 5124 3091 5196 βουληθῶσιν,
3130 5125 3251 5177 οὔτε
3274 5122 3413 5186 θεὸς,
3435 5121 3557 5174 οὕτε
3586 5122 3685 5175 ἄν.

2096 5222 2313 5294 θρωπος
2341 5220 2451 5293 (85)
2481 5218 2758 5288 σοφιστὴς,
2787 5216 2929 5270 οὕτω
2951 5214 3457 5288 προεληλεγμένων,
3483 5212 3684 5285 τολμή-

2096 5487 2210 5559 Nisi
2247 5486 2544 5559 malumus,
2579 5480 2733 5559 pham
2776 5477 3265 5559 προεληλεγμένος,
3303 5473 3682 5559 ,ειη-προελη-

2095 5557 2395 5628 λεγμένων,
2427 5566 2487 5609 ut
2528 5546 2601 5628 ad
2629 5546 2876 5628 deum_et
2916 5546 3192 5603 hominem
3223 5546 3529 5628 referatur,
3551 5561 3681 5628 non

2101 5614 2306 5682 adures
2358 5614 2525 5695 ipsas.
2557 5621 2887 5695 Utrumlibet
2931 5629 3175 5691 optetur,
3220 5614 3454 5687 ἔλλειψις
3500 5616 3684 5671 Attica

2100 5708 2203 5765 est,
2232 5692 2404 5769 eaque
2432 5711 2539 5752 non
2566 5692 2909 5762 infrequens.
