3894 6220
351 367 464 428 £45

1531 371 1857 430 PREPAR.
1899 372 2153 430 EVANG.
2199 372 2337 429 LIB.‘
2371 372 2457 431 Vl.

3533 370 3639 427 446

346 506 432 543 se:
463 488 665 557 λέγειν,
699 490 782 543 ὅτι
816 468 1203 545 ὑποτέτακται.
1259 491 1330 544 Ἢ
1376 489 1568 561 λόγους
1617 492 1715 563 μὲν
1753 492 1897 547 οὒκέπ

2010 545 2013 552 .
2041 491 2204 559 Deus,
2230 508 2410 564 neque
2436 492 2600 546 homo
2628 490 2940 547 necessitati
2962 490 3244 561 assignare
3274 489 3491 544 audeat.
3527 488 3638 544 Aut

342 582 483 653 πρὸς
530 582 693 637 αὐτὸν
725 582 1066 654 ποιησόμεθα
1091 624 1106 649 ,
1143 582 1340 647 σκῦτος
1372 583 1430 638 δέ
1464 601 1517 637 τι
1562 584 1671 638 τῶν
1704 586 1939 640 εὐτόνων

338 672 622 738 λαϐόντες,
679 672 756 737 ὡς
786 674 873 727 ἐπ’
900 674 1186 744 ἀνάγωγον
1233 675 1402 730 παῖδα
1453 676 1552 741 τὰς
1599 679 1841 751 πλευρὰς
1877 676 1937 735 εὖ

339 763 488 833 μάλα
522 764 830 830 καταξανοῦ
840 784 939 836 μεν
962 766 1148 820 αὐτοῦ.
1192 786 1212 819 ι
1247 766 1501 820 Τοσαῦτα
1526 768 1664 838 πρὸς
1686 769 1777 822 τὸν
1805 788 1938 843 χρη-

336 857 558 927 σμῳδὺν
595 860 624 911 ό
651 859 920 931 Οἰνόμαος
948 859 1294 914 ἀπετείνατο.
1333 861 1405 913 Σὺ
1440 861 1486 915 δ’
1519 861 1633 915 ἀλλ’
1664 864 1711 915 εἰ
1748 862 1824 933 μὴ
1857 862 1936 934 τῷ

332 948 524 1018 τοιῷδε
556 950 806 1021 χαίρεις,
849 950 1031 1004 λαϐὼν
1078 951 1354 1020 ἀνάγνωθι
1408 952 1478 1006 τὰ
1512 955 1577 1006 ὲκ
1603 952 1712 1007 τῶν
1759 953 1934 1007 ἄλλων

329 1039 645 1109 φιλοσόφων
679 1041 806 1113 περὶ
844 1042 1224 1114 εἱμαρμένης,
1260 1043 1320 1095 οὐ
1362 1043 1523 1113 μόνον
1556 1042 1666 1097 τῶν
1714 1060 1932 1115 προπα-

333 1128 674 1200 ρατεθέντων
718 1130 987 1203 χρησμῶν
1035 1131 1435 1201 ἀνατρεπτικὰ,
1489 1132 1624 1185 ἀλλὰ
1681 1134 1777 1186 καὶ
1822 1133 1932 1186 τῶν

327 1220 510 1274 ἄλλων
567 1220 798 1275 καθόλου
862 1223 990 1293 περὶ
1048 1222 1141 1275 τοῦ
1175 1222 1448 1293 δόγματος
1501 1224 1928 1294 ὲπινοουμένων.

340 1313 564 1385 Ἐπειδὴ
591 1313 701 1386 γὰρ
753 1315 827 1387 μὴ
863 1315 1022 1386 μόνον
1047 1314 1278 1386 ἀμαθεῖς
1312 1315 1403 1368 καὶ
1441 1316 1687 1381 ἰδιῶται,
1726 1316 1828 1387 ήδη
1869 1316 1927 1369 δὲ

324 1405 424 1457 καὶ
454 1406 549 1459 ἐπὶ
596 1406 846 1477 παιδεία,
893 1407 989 1460 καὶ
1031 1407 1321 1479 φιλοσοφίᾳ
1368 1407 1512 1479 μέγα
1557 1409 1928 1479 φρονήσαντες

324 1495 549 1561 πλείους
587 1498 969 1570 κατεσύρησαν
988 1499 1155 1571 ὁμόσε
1183 1498 1260 1570 τῷ
1283 1500 1534 1570 δόγματι,
1560 1500 1695 1571 ἡγοῦ
1705 1518 1798 1571 μαι
1817 1500 1927 1553 δεῖν

320 1590 641 1663 ἀναγκαίως
666 1589 766 1654 τὰς
795 1590 976 1644 αὐτῶν
1012 1591 1319 1661 φιλοσόφων
1359 1592 1497 1663 πρὸς
1540 1594 1683 1661 σφᾶς
1727 1592 1926 1656 αὐτοὺς

320 1656 676 1754 ἀντιρρήσεις
705 1682 993 1747 ἐκθέσθαι,
1021 1656 1100 1747 εἰς
1146 1656 1347 1756 ἀκριϐῆ
1394 1656 1487 1737 τοῦ
1539 1656 1924 1757 προϐλήματος

319 1773 626 1844 διάσκεψιν.
676 1774 877 1846 Πρῶτα
924 1774 988 1847 δὴ
1023 1771 1117 1829 οὖν
1162 1792 1243 1828 σοι
1284 1774 1787 1847 παραναγνὼσομαι
1815 1775 1924 1828 ἀπὸ

2048 585 2095 640 si
2126 585 2251 656 quis
2283 593 2465 639 tamen
2496 583 2601 638 erit
2640 583 2949 653 ejusmodi,
2997 598 3105 637 non
3136 581 3250 652 jam
3294 582 3478 637 verbis
3509 597 3632 636 cum

2043 688 2110 728 eo
2162 674 2584 739 contendamus,
2653 670 2750 726 sed
2804 679 3022 741 arrepta
3053 669 3136 741 (ut
3177 671 3231 724 in
3282 683 3633 725 contumaces

2040 781 2242 835 pueros
2286 765 2401 820 ﬁeri
2433 763 2616 835 solet),
2650 763 2873 817 duriore
2920 763 3154 826 scutica,
3184 761 3357 832 plagis
3383 763 3433 815 ei
3462 762 3630 815 latera

2038 856 2257 925 egregie
2300 855 2680 910 concidamus.
2714 871 2733 906 ι
2777 852 2955 920 Atque
3002 851 3093 906 illa
3138 859 3297 918 sunt,
3341 851 3541 920 quibus
3572 850 3630 906 in

2036 946 2244 1001 bonum
2276 957 2451 1000 vatem
2485 943 2800 998 (Enomaus
2834 943 3129 997 invehitur.
3198 942 3302 1008 Qui
3336 941 3381 996 si
3411 941 3506 995 tibi
3534 954 3626 995 sa-

2034 1035 2105 1090 tis
2152 1050 2264 1089 non
2306 1042 2428 1099 est,
2471 1035 2688 1104 perlege
2735 1048 2857 1102 qua:
2885 1047 2915 1086 a
2945 1032 3158 1086 caeteris
3189 1032 3529 1102 philosophis
3558 1032 3626 1087 de

2032 1124 2148 1180 fato
2177 1124 2455 1189 dicuntur,
2488 1140 2721 1195 qumque
2750 1139 2860 1178 non
2889 1124 3154 1194 producta
3186 1124 3346 1178 modo
3373 1123 3625 1193 superius

2034 1218 2281 1283 oracula,
2342 1218 2437 1272 sed
2466 1217 2630 1272 etiam
2657 1217 2921 1286 quidquid
2960 1232 3194 1285 usquam
3230 1216 3356 1270 huic
3382 1216 3621 1285 dogmati

2030 1310 2321 1367 statuendo
2350 1311 2648 1380 excogitari
2676 1310 2835 1375 solet,
2870 1308 3117 1363 funditus
3145 1315 3415 1362 evertunt.
3483 1305 3619 1361 Nam

2029 1416 2153 1455 cum
2182 1416 2291 1454 non
2321 1401 2487 1454 rudes
2514 1401 2691 1453 solum
2720 1409 2774 1455 et
2803 1398 3061 1465 imperiti,
3081 1398 3178 1453 sed
3207 1400 3370 1454 etiam
3402 1398 3498 1469 qui
3522 1398 3622 1453 do-

2028 1491 2328 1545 etrinarum
2359 1506 2423 1546 ac
2456 1491 2741 1561 sapientiae
2786 1490 2968 1545 studio
3024 1490 3262 1544 maxime
3289 1482 3617 1560 gloriantur,

2026 1584 2131 1638 hac
2158 1584 2324 1639 simul
2368 1584 2627 1653 opinione
2654 1583 2795 1638 trahi
2823 1583 2938 1653 jam
2973 1583 3218 1648 soleant,
3247 1591 3468 1636 mutuas
3493 1582 3618 1651 pbi-

2025 1677 2377 1747 losOphorum
2422 1677 2669 1746 ipsorum
2704 1692 2946 1745 pugnas,
2991 1690 3103 1744 quo
3134 1675 3426 1745 proposita:
3459 1690 3614 1744 quae-

2026 1769 2222 1825 stionis
2253 1770 2457 1824 veritas
2485 1777 2739 1823 accurate
2767 1768 3110 1837 dispiciatur,
3135 1768 3309 1822 oculis
3340 1766 3613 1837 subjicere

319 1862 418 1917 τοῦ
452 1866 797 1935 Διογενιανοῦ
850 1866 920 1920 τὰ
970 1867 1100 1939 περὶ
1134 1867 1500 1939 εἱμαρμένης,
1529 1863 1632 1921 ὧδέ
1675 1885 1792 1931 πως
1838 1867 1897 1938 τᾷ

2018 1863 2389 1917 necessarium
2418 1862 2679 1916 arbitror.
2715 1859 2960 1915 Primum
2987 1861 3172 1931 igitur,
3195 1876 3263 1916 ex
3289 1859 3609 1932 Diogeniani

318 1956 637 2029 Χρυσίππῳ
670 1959 1058 2031 ἀντειρημένα.

851 2158 1255 2212 ΚΕΦΑΛΑΙΟΝ
1289 2153 1371 2212 H'.

317 2248 445 2302 Ἐτι
479 2251 612 2317 περὶ
641 2250 746 2304 τοῦ
771 2250 959 2304 αὐτοῦ
990 2251 1109 2304 ἀπὸ
1140 2250 1258 2303 τῶν
1276 2248 1653 2319 Διογενιανοῦ
1674 2248 1781 2302 τοῦ
1810 2252 1912 2302 Πε-

377 2320 795 2387 ριπατητικοῦ,
833 2319 983 2388 πρὸς
1005 2321 1384 2389 Χρύσιππον,
1408 2321 1529 2389 ἅμα
1544 2322 1661 2389 μὲν
1679 2321 1908 2383 ,ϐουλό-

387 2406 575 2456 μενον
618 2389 829 2450 σώζειν
861 2390 978 2458 τὴν
1019 2391 1156 2458 παρ’
1213 2390 1372 2459 ἡμᾶς
1419 2393 1639 2454 αἰτίαν,
1682 2391 1804 2458 ἅμα
1840 2389 1908 2444 δὲ

387 2459 1006 2540 πάντᾳρκαθειμάρθᾳι
1044 2460 1330 2540 ,ξέγοντα-
1374 2462 1471 2540 καὶ
1507 2461 1596 2514 ὅτι
1630 2461 1779 2540 obde
1835 2462 1908 2514 τὰ

382 2531 660 2669 £5
668 2530 788 2599 ήρφ
829 2531 963 2599 περὶ
1014 2530 1135 2601 τῆς-⁷
1175 2531 1541 2601 εἱμαρμένης
1609 2533 1907 2600 λεγόμενα

385 2731 405 2764 ε
440 2712 624 2779 Ἀξιον
651 2714 708 2768 δὲ
735 2716 827 2769 ἐπὶ
858 2715 1071 2781 τούτοις
1115 2716 1288 2771 ἆπασι
1335 2714 1677 2788 παραθέσθαι
1718 2716 1811 2770 καὶ
1836 2717 1904 2771 τὰ

296 2804 563 2859 δοκοῦντα
587 2806 897 2879 Χρυσίππῳ
923 2807 1002 2879 τῷ
1033 2806 1257 2879 Στωϊκῷ
1291 2808 1419 2880 περὶ
1431 2807 1524 2861 τοῦ
1539 2808 1698 2877 λόγου
1726 2807 1899 2863 τοῦδε.

299 2890 474 2963 Οὗτος
505 2898 612 2971 γὰρ
658 2901 717 2953 ἐν
749 2899 828 2970 τῷ
858 2899 1061 2971 πρώτῳ
1102 2899 1244 2967 Περὶ
1288 2900 1649 2969 εἱμαρμένης
1684 2899 1895 2970 βιϐλίῳ,

299 2988 630 3059 βουλόμενος
682 2989 956 3044 δεικνύναι
998 2990 1062 3043 τὸ
1097 2989 1163 3062 δὴ
1189 2990 1347 3043 πάνθ’
1387 2992 1491 3044 ὑπὸ
1520 2991 1622 3061 τῆς
1653 2992 1899 3063 ἀνάγκης

296 3082 404 3151 τῆς
450 3081 794 3153 εἱμαρμένης
844 3082 1227 3154 κατειλῆφθαι,
1276 3084 1600 3155 μαρτυρίοις
1628 3084 1806 3147 ἄλλοις
1836 3103 1896 3138 τε

2016 1957 2295 2024 Operibns,
2330 1971 2452 2025 quae
2476 1956 2545 2009 ab
2565 1970 2632 2009 eo
2656 1963 2846 2008 contra
2876 1954 3242 2024 Chrysippum
3271 1953 3338 2008 de
3363 1952 3475 2009 fato
3501 1954 3611 2010 dis-

2013 2055 2293 2116 putantur,
2328 2046 2589 2102 recitabo.
2632 2044 2711 2100 lta
2742 2045 2963 2100 habent.

2592 2154 2823 2210 CAPUT
2880 2154 3012 2209 Vill.

2011 2244 2089 2300 De
2111 2247 2294 2301 eodem
2321 2264 2387 2301 ea;
2417 2246 2743 2319 Diogeniano
2766 2248 3125 2319 Peripatetico
3155 2249 3405 2303 adversus
3435 2247 3603 2319 Chry-

2081 2319 2420 2387 sippum,qui
2441 2318 2604 2371 simul
2625 2329 2674 2372 et
2701 2335 2915 2372 causam
2950 2318 3101 2372 nobis
3132 2335 3307 2372 rerum
3335 2318 3599 2375 vindicare

2080 2387 2405 2453 conabatur,
2440 2400 2488 2442 et
2525 2388 2638 2457 {ato
2690 2400 2867 2442 tamen
2917 2390 3097 2441 omnia
3130 2390 3260 2512 ﬁeri
3316 2390 3597 2444 contende-

2080 2458 2169 2510 bat
2199 2473 2219 2510 :
2253 2464 2494 2512 auodaue
2529 2475 2633 2512 non
2659 2462 2849 2512 ceperit
2876 2474 2995 2512 ante
3025 2459 3089 2511 ab
3186 2476 3360 2512 omero
3390 2461 3454 2512 de
3484 2460 3596 2512 fato

2078 2458 2169 2579 gat
2199 2473 2219 2510 :
2253 2464 2494 2528 quodque
2529 2475 2633 2512 non
2659 2462 2849 2530 ceperit
2876 2474 2995 2530 qute
3025 2459 3089 2511 ab
3130 2458 3360 2514 Homero
3390 2461 3454 2515 de
3482 2460 3596 2529 fato

2115 2537 2348 2579 tcuntur.

2115 2529 2348 2583 icuntnr.

2076 2724 2238 2795 262
2263 2743 2282 2777 ‹
2304 2723 2506 2780 Verum
2531 2740 2712 2796 operae
2739 2726 2973 2796 pretium
3000 2727 3184 2792 fuerit,
3205 2729 3402 2800 inquit,
3432 2744 3596 2800 supe-

2003 2816 2245 2872 rioribus
2267 2818 2526 2872 omnibus
2558 2817 2853 2890 Chrysippi
2882 2835 3105 2890 quoque
3148 2822 3392 2876 hominis
3422 2820 3591 2877 Stoici

2003 2906 2108 2959 hoc
2130 2907 2250 2961 loco
2276 2908 2602 2961 sententiam
2648 2907 2969 2979 adiungere.
3029 2908 3123 2965 Ille
3151 2911 3295 2965 enim
3322 2911 3501 2981 primo
3525 2913 3591 2964 li-

2000 2997 2101 3053 bro
2129 2998 2207 3052 De
2257 2998 2374 3067 fato
2401 3039 2416 3064 ,
2446 3015 2572 3055 cum
2618 3002 2965 3057 necessitatis
2996 3004 3180 3057 omnia
3216 3004 3426 3074 fatique
3458 3005 3591 3075 legi-

1998 3087 2103 3143 bus
2148 3087 2315 3143 teneri
2372 3090 2608 3159 probare
2654 3091 2853 3160 vellet,
2910 3108 3036 3147 cum
3081 3094 3205 3149 aliis
3233 3094 3584 3164 quibusdam,

294 3174 413 3226 τισὶ
444 3175 664 3246 χρῆται,
713 3175 807 3227 καὶ
848 3177 962 3238 τοῖς
998 3175 1200 3227 οὑτωσὶ
1250 3177 1380 3247 παρ’
1434 3174 1662 3248 Ὁμήρῳ
1696 3180 1893 3249 ποιητῇ

2010 3188 2114 3233 tum
2166 3181 2526 3250 sequentibus
2572 3178 2795 3237 Homeri
2855 3192 3028 3253 poeta:
3087 3184 3416 3241 testimoniis
3452 3200 3590 3242 usus

294 3266 632 3337 λεγομένοις·

608 3418 629 3431 .
666 3420 681 3434 .
726 3421 741 3435 .
787 3424 801 3436 .
856 3382 1018 3437 Ἀλλ’
1047 3382 1153 3452 ἐμὲ
1173 3380 1425 3452 μὲνκὴρ
1464 3382 1576 3452 (ει)

307 3449 643 3519 Ἀμςρέχανε
671 3452 956 3523 στυγερὴ,
980 3449 1133 3522 ἤπερ
1154 3449 1309 3523 λάχε
1324 3449 1677 3523 γεινόμενόν
1715 3466 1848 3521 περ.

294 3560 429 3614 Καί·

295 3710 372 3747 .‘.
417 3714 432 3726 .
464 3674 875 3747 Ὗστερον(85)
896 3674 1043 3732 αὖτε
1056 3678 1129 3732 τὰ
1154 3679 1446 3741 πείσεται,
1477 3680 1641 3733 ὄσσα
1656 3683 1708 3734 οἱ
1730 3677 1887 3735 Αἷσα

293 3744 635 3814 Pen-operm
665 3744 929 3817 ἐπένησε
944 3748 1116 3817 λίνῳ,
1135 3748 1234 3803 ὅτε
1253 3767 1363 3819 μιν
1378 3748 1515 3803 τέκε
1531 3751 1749 3819 μήτηρ.

288 3950 519 4019 Μοῖραν
546 3951 601 4005 δ’
624 3952 840 4009 οὔτινά
891 3972 1041 4026 φημι
1069 3956 1882 4100 πεφυγμένονῶμμενῗὲϐρν-

1519 4045 1645 4095 ρων
1794 4066 1807 4080 .

1519 4045 1645 4095 ρων
1673 4045 1807 4095 (δυ).

236 4194 241 4197 .
288 4133 366 4187 Οὐ
398 4133 646 4208 θεωρῶν,
674 4138 757 4191 ὅτι
783 4138 853 4192 τὰ
898 4138 1132 4209 ἀλλαχοῦ
1175 4139 1336 4193 πάλιν
1371 4138 1522 4211 παρὰ
1557 4137 1636 4210 τῷ
1682 4141 1878 4210 ποιητῇ

286 4222 556 4295 λεγόμενα
589 4226 798 4291 τούτοις
825 4228 1083 4299 ἄντικρυς
1115 4229 1442 4297 ἠναντίωται
1466 4246 1480 4259 ·
1532 4226 1613 4292 οἷς
1659 4230 1754 4282 καὶ
1783 4229 1882 4282 αύ-

282 4315 380 4380 τὺς
402 4318 463 4369 ὲν
493 4316 572 4389 τῷ
597 4318 835 4390 δευτέρῳ
868 4320 1059 4391 βιϐλίῳ
1092 4322 1323 4393 χρῆται,
1372 4318 1697 4390 βουλόμενος
1750 4338 1875 4375 συνμ-

282 4409 441 4481 ιστᾷν
458 4408 521 4463 τὸ
543 4410 637 4464 καὶ
669 4412 801 4483 παρ’
833 4414 981 4483 ἡμᾶς
1010 4412 1180 4466 πολλὰ
1200 4411 1475 4482 γίνεσθαι·
1511 4408 1624 4466 οἷον
1648 4412 1731 4466 τό·

275 4604 464 4660 Αὐτοὶ
494 4605 605 4676 γὰρ
631 4606 742 4679 (87)
778 4608 1149 4680 σφετέρῃσιν
1162 4611 1610 4682 ἀτασθαλίῃσιν
1629 4613 1865 4669 ὄλοντο.

276 4697 393 4753 Καὶ
421 4698 504 4763 τὸ,

365 4795 557 4867 ’πόποι
588 4795 721 4864 (88),
739 4792 870 4851 οἷον
888 4798 965 4867 δή
995 4816 1073 4852 νυ
1093 4798 1269 4865 θεοὺς
1287 4799 1497 4867 ,βροτοὶ
1514 4801 1871 4855 αἰτιόωνται]

290 4863 389 4929 Ἐξ
427 4866 628 4935 ἡμέων
781 4884 933 4937 φασι
952 4863 1106 4923 ’κάκ’
1150 4863 1416 4939 ἔμμεναι,
1446 4874 1505 4924 οὶ
1529 4870 1598 4923 δὲ
1630 4871 1729 5013 nisi
1763 4875 1869 4995 alw-

1706 4959 1772 4994 το

268 5003 521 5073 Σφῇσιν
546 5008 998 5078 ἀτασθαλίῃσιν
1022 5010 1177 5080 ὑπὲρ
1205 5012 1397 5080 μόρον
1431 5010 1595 5081 ἄλγε’
1627 5003 1862 5079 ἐὶουσι.

515 5119 680 5175 Ἀλλ’
736 5121 843 5191 ἐμὲ
887 5121 1007 5192 μὲν
1227 5121 1451 5180 Homer.
1516 5123 1710 5180 Ἰλιαό.
1771 5127 1860 5191 Ψ’,

272 5202 330 5244 ν.
363 5202 450 5242 19.

367 5258 458 5330 85)
486 5259 792 5330 Ὑστερον.
825 5261 991 5316 Iliad.
1024 5260 1100 5330 Υ’,
1130 5263 1223 5319 28.

366 5328 456 5398 86)
490 5328 668 5384 Iliad.
688 5334 764 5394 z',
790 5348 842 5386 ν.
870 5334 995 5388 488.

343 5399 457 5482 (87)
481 5401 664 5482 Αὐτοὶ
692 5401 822 5482 γάρ.
843 5402 1016 5482 liqd.
1041 5406 1117 5470 A',
1140 5404 1526 5482 499._Sed_pr:o
1554 5408 1707 5482 αὐτοὶ
1730 5409 1860 5482 γάρ,

266 5469 899 5550 Ιεεῃι]“ι·ιικείνοι’δέ.ΑΑ.ι
929 5473 1236 5550 Οάῃεεζᾼν,
1269 5476 1336 5550 7_,_
1361 5469 1539 5550 αὐτῶν
1572 5478 1701 5550 γάρ.

340 5537 453 5612 (88)
478 5537 545 5615 Ὦ
569 5544 771 5596 πόποι.
800 5542 994 5614 Odyss.
1015 5537 1098 5611 λ’,
1124 5537 1340 5609 δεζυω
1371 5537 1707 5615 Ευδιιιιιὶἰυέ,
1737 5566 1862 5608 cum

263 5608 626 5691 DiOge'niano
664 5608 922 5691 praeclare
975 5608 1326 5691 consentiens
1348 5659 1363 5684 ,
1400 5633 1464 5691 es
1520 5608 1705 5691 malis,
1737 5637 1863 5691 qua:

263 5682 764 5753 vitamrhominum
800 5682 1056 5739 infestam
1094 5682 1357 5753 habeant,
1388 5689 1491 5742 alia
1534 5682 1733 5745 divine
1756 5682 1860 5745 'vo-

257 5750 466 5805 luntati
521 5754 705 5828 (quam
758 5753 1127 5828 fatiunomine
1181 5750 1451 5828 intelligit)
1492 5758 1626 5814 citra
1678 5762 1848 5815 ullam

253 5828 452 5871 eorum
493 5825 709 5895 culpam
746 5825 1015 5893 attribuit,
1041 5827 1145 5882 alia
1178 5825 1462 5885 hominum
1495 5830 1739 5903 ipsorum
1766 5833 1850 5889 vel

1995 3278 2079 3327 est
2104 3290 2117 3325 :

2315 3427 2330 3441 .
2366 3424 2381 3439 .
2422 3426 2437 3457 ι
2476 3428 2491 3442 .
2533 3426 2546 3439 .
2592 3384 2679 3441 Me
2712 3386 2885 3457 fatum
2916 3387 3186 3441 absorbuit
3213 3397 3374 3443 atrox

1992 3455 2148 3519 Quod
2181 3472 2261 3510 me
2294 3456 2483 3511 vitales
2514 3455 2812 3512 nascentem
2842 3457 3028 3512 eduxit
3056 3460 3112 3512 in
3142 3474 3328 3514 auras.

1990 3564 2266 3636 Itemque:

2123 3718 2136 3730 .
2179 3721 2192 3733 .
2231 3719 2261 3751 ,Α
2291 3720 2306 3735 .
2348 3722 2361 3734 .
2402 3678 2545 3732 Exin
2575 3689 2765 3733 cuncta
2800 3680 2950 3750 feret,
2978 3698 3094 3751 qua:
3124 3683 3318 3737 necarit
3346 3682 3474 3738 olim

1987 3748 2165 3802 Parca
2193 3749 2315 3817 sibi,
2351 3752 2537 3803 matris
2569 3766 2687 3803 cum
2709 3748 2941 3820 primum
2972 3748 3140 3806 exiret
3166 3755 3231 3806 ab
3255 3753 3395 3810 alvo.

1985 3862 2053 3917 Et
2086 3880 2279 3919 rursus
2323 3882 2337 3919 :

1988 3953 2158 4008 Nemo
2182 3954 2453 4008 hominum
2484 3970 2594 4009 sese
2620 3953 2734 4024 fato
2761 3956 3074 4010 subduxerit
3101 3973 3351 4021 unquam.

1984 4131 2104 4199 Quo
2131 4133 2183 4186 in
2212 4147 2408 4204 genere
2430 4150 2540 4188 non
2570 4133 2725 4198 vidit,
2748 4134 2851 4190 alia
2877 4135 3133 4207 pleraque
3155 4138 3297 4208 apud
3320 4140 3574 4197 eumdem

1982 4235 2196 4295 poetam
2245 4234 2462 4280 exstare
2498 4227 2658 4293 loca,
2692 4243 2816 4298 qua:
2858 4243 2983 4282 cum
3031 4229 3152 4284 istis
3198 4231 3424 4287 omnino
3471 4248 3574 4303 pu-

1982 4326 2167 4386 gnent.
2193 4316 2405 4382 Quibus
2434 4325 2638 4381 tamen,
2662 4330 2921 4387 sequente
2948 4319 3109 4385 libro,
3142 4321 3209 4374 ad
3234 4323 3570 4392 probandam

1979 4405 2034 4458 in
2064 4405 2315 4474 plurimis
2368 4406 2666 4461 voluntatis
2712 4415 2915 4463 nostra:
2962 4410 3070 4462 vim
3119 4425 3183 4465 ac
3223 4420 3568 4483 potestatem,

1980 4496 2210 4566 ipsemet
2235 4498 2498 4553 abutitur.
2537 4498 2859 4570 Cujusmodi
2896 4501 3025 4557 illud
3052 4515 3171 4558 est:

1979 4607 2111 4663 Illos
2140 4611 2327 4680 quippe
2351 4611 2516 4664 animi
2541 4628 2732 4680 pravus
2759 4611 2896 4666 male
2922 4613 3152 4682 perdidit
3177 4630 3345 4669 error.

1976 4701 2222 4773 Itemque
2245 4705 2390 4774 quod
2426 4705 2673 4774 sequitur
2698 4723 2712 4761 :

1975 4795 2342 4872 I_’_roh_q‘nanta
2364 4794 2419 4848 in
2443 4816 2661 4868 superos
2694 4799 2946 4872 mortales
2990 4801 3215 4854 crimina
3244 4801 3493 4872 ﬁngunt!

1979 4867 2094 4940 1_Vos
2122 4867 2203 4921 illi
2233 4867 2531 4939 causasque
2560 4882 2766 4933 vocant,
2802 4870 3073 4940 fontesque
3100 4867 3361 4925 malorum
3384 4888 3404 4926 :

1973 4938 2107 5010 Qum
2136 4940 2325 4992 mentis
2356 4938 2505 5005 vitio,
2538 4941 2639 4993 sibi
2662 4938 2856 5009 praeter
2878 4938 2997 5010 fata
3027 4940 3235 4995 dolores

1970 5007 2164 5078 Sponte
2192 5019 2386 5066 creent.

1953 5127 2238 5191 socordia,
2270 5127 2355 5180 vel
2386 5126 2754 5196 improbitate,
2791 5141 2899 5180 non
2930 5133 3112 5181 tamen
3142 5133 3336 5195 praeter
3359 5126 3557 5184 divinae

1973 5198 2338 5253 Providentia:
2402 5198 2692 5251 consilium
2761 5198 2983 5251 evenire
3041 5198 3220 5251 docet.
3289 5196 3553 5253 Observat

1972 5268 2115 5323 idem
2152 5267 2863 5340 ρι’ωιετεεὶμτῶνῄπαλαιῶν
2909 5266 3351 5340 ἀκριϐεστέρους.
3384 5268 3553 5340 ύπέρ-

1975 5356 2140 5410 μορον
2174 5338 2507 5410 (“tumba-sp
2540 5338 2705 5408 μόρον
2732 5339 2909 5410 legere
2930 5336 3227 5410 gnialuisse.
3261 5336 3428 5410 Quod
3450 5336 3550 5410 an.

1973 5406 2079 5462 tem
2131 5406 2280 5463 addit
2329 5406 2675 5480 ὑπέρμορον,
2719 5406 2818 5480 vel
2850 5408 2988 5478 ὑπὲρ
3044 5407 3248 5480 μόρον,
3292 5406 3549 5480 explicari

1971 5480 2134 5550 etiam
2187 5494 2383 5550 posse,
2600 5478 2662 5530 τὸ
2695 5476 2969 5547 καθῆκον,
3006 5476 3150 5547 quod
3183 5476 3550 5550 popoginter-

1971 5548 2100 5603 dum
2133 5544 2253 5603 ἀντὶ
2278 5549 2372 5603 τοῦ
2397 5544 2750 5619 καθήκοντος,
2781 5544 3075 5615 uSurpetur
3107 5567 3119 5601 :
3161 5544 3217 5600 ut
3242 5544 3367 5619 alibi
3404 5544 3545 5619 forte

1968 5619 2150 5674 locum
2202 5621 2254 5673 id
2312 5616 2536 5683 habent,
2581 5620 2726 5672 hunc
2769 5627 2950 5671 tamen
2999 5633 3220 5672 sensum
3267 5618 3370 5669 hoc
3424 5616 3546 5671 loco

1966 5698 2139 5756 poeta
2167 5691 2325 5745 verba
2363 5706 2472 5744 non
2520 5688 2721 5744 ferunt.
2764 5685 2899 5740 Illud
2934 5686 3077 5740 enim
3118 5686 3427 5757 ὑπέρμορον
3459 5686 3543 5739 in.

1965 5763 2155 5836 texuit,
2189 5770 2249 5817 ut
2277 5762 2490 5836 culpam
2524 5759 2580 5815 in
2626 5757 2757 5817 deos
2794 5757 3067 5813 immerito
3090 5756 3323 5813 conferri
3355 5763 3541 5813 ostcn~

1961 5830 2130 5889 deret.
