3856 6224
315 306 419 362 H7

956 304 1230 362 EUSEBII
1270 300 1756 360 CESARIENSIS
1794 299 1944 359 OPP.
1984 296 2171 354 PARS
2205 294 2270 352 Π.
2313 324 2385 338 --
2421 291 2930 351 APOLOGETICA.

3467 291 3574 345 MS

311 428 412 483 liis
439 426 582 482 enim
617 423 862 496 proiecto
888 434 1053 496 atque
1081 427 1388 491 similibus.
1421 442 1532 481 non
1566 425 1749 481 omnia
1781 423 1894 478 lato

2013 418 2182 474 Γαῢτα
2212 416 2321 489 γὰρ
2346 417 2442 470 καὶ
2466 415 2534 469 τὰ
2574 413 2800 469 τοιαῦτα
2831 412 2907 484 τῷ
2948 412 3125 465 πάντα
3171 408 3417 479 γίνεσθαι
3453 409 3577 464 καθ’

313 519 431 574 ﬁeri
460 519 705 573 docetur.
746 515 861 570 lmo
890 531 957 570 ne
992 517 1095 571 hoc
1118 518 1333 587 quidem
1364 519 1546 572 videre
1578 517 1772 587 potuit,
1792 513 1897 568 Ηο-

314 624 527 665 merum
556 608 792 677 dogmati
842 621 966 671 suo,
1004 622 1347 677 nequaquam
1383 607 1756 677 superioribus
1785 606 1896 662 illis

314 699 565 754 versibus
587 696 896 766 sulfragari.
936 694 1048 751 Nec
1070 697 1214 752 enim
1246 697 1291 750 is
1324 698 1506 751 omnia
1527 740 1541 761 ,
1577 695 1671 752 sed
1714 695 1896 764 aliqua

314 795 526 842 tantum
555 787 667 842 fato
710 786 1036 858 assignanda
1077 801 1199 842 esse
1228 786 1400 856 ponit.
1441 784 1576 839 Nam
1610 786 1738 838 illud
1772 781 1897 853 qui-

313 877 439 933 dem
464 895 478 910 -

664 1116 678 1129 .
723 1116 736 1129 .
783 1115 797 1127 .
839 1115 853 1128 .
893 1073 977 1129 Me
1005 1074 1178 1144 fatum
1205 1074 1479 1128 absorbuit
1504 1084 1681 1140 atrox,

318 1145 472 1211 Quod
497 1162 579 1199 me
607 1145 787 1201 vitales
810 1154 1106 1198 nascentem
1133 1145 1317 1199 eduxit
1339 1147 1395 1198 in
1419 1162 1603 1212 auras,

316 1268 549 1315 mortem
578 1259 778 1327 solum,
824 1275 935 1314 non
965 1259 1150 1314 omnia
1194 1257 1307 1313 fato
1333 1259 1652 1330 contingere
1690 1259 1901 1330 signiﬁ-

315 1360 447 1407 cat:
483 1362 628 1406 recte
655 1352 707 1406 id
740 1352 985 1422 quidem,
1009 1351 1161 1406 omni
1187 1353 1333 1405 enim
1366 1350 1660 1417 animanti,
1687 1367 1752 1406 ex
1789 1367 1899 1420 quo

316 1440 603 1509 nascitur,
639 1443 901 1497 continuo
933 1440 1072 1496 mori
1119 1441 1293 1497 fatum
1342 1452 1443 1498 est.
1507 1441 1663 1510 Quod
1714 1443 1899 1514 sequi-

318 1543 444 1589 ωτι

319 1644 462 1719 Exin
489 1656 678 1701 cuncta
706 1648 855 1717 feret.
882 1664 1000 1719 qua
1021 1650 1213 1702 uenerit
1241 1649 1368 1702 olim
1398 1648 1558 1719 263

319 1714 499 1771 Parca
522 1719 645 1784 sibi,
673 1714 859 1772 matris
887 1714 1006 1772 cum
1034 1722 1265 1789 primum
1286 1714 1451 1773 exirFt
1465 1714 1547 1772 'ab
1570 1719 1687 1773 alvo
1707 1760 1722 1785 ,

317 1829 570 1883 eumdem
624 1830 783 1899 plane
817 1847 1038 1887 sensum
1072 1831 1253 1886 habet.
1316 1830 1425 1887 Nec
1452 1833 1596 1886 enim
1644 1848 1902 1903 quaecun-

319 1935 428 1990 que
459 1921 713 1992 deinceps
746 1921 928 1977 futura
956 1933 1162 1988 essent,
1197 1940 1260 1978 ea
1290 1922 1401 1977 fato
1442 1922 1624 1979 futura
1661 1941 1905 1995 pronun-

323 2012 421 2066 tiat
453 2013 658 2077 omnia,
688 2014 781 2069 sed
807 2030 997 2069 eorum
1025 2017 1284 2070 nonnulla
1306 2017 1571 2072 duntaxat
1594 2020 1904 2075 necessitati

320 2102 533 2157 tribuit.
575 2102 709 2158 Nam
740 2104 829 2158 illa
861 2106 1012 2160 vocis
1061 2107 1264 2178 hujus,
1313 2125 1667 2180 quacunque,
1717 2110 1907 2165 distin-

321 2193 467 2257 ctio,
499 2193 631 2263 quid
671 2196 891 2249 tandem
921 2197 1101 2262 aliud,
1138 2197 1241 2252 nisi
1274 2198 1376 2252 hoc
1403 2199 1580 2267 ipsum
1601 2240 1618 2265 ,
1662 2199 1907 2255 indicat?

321 2281 490 2338 Nobis
520 2300 706 2354 porro,
748 2286 826 2340 uti
853 2302 961 2341 non
992 2288 1196 2354 omnia,
1243 2288 1324 2344 sic
1350 2290 1608 2360 pleraque
1638 2293 1690 2346 vi
1715 2308 1909 2348 neces-

324 2371 504 2426 sitatis
537 2373 789 2443 ingruere
823 2384 1034 2429 certum
1058 2386 1160 2431 est.
1199 2377 1336 2432 Illud
1372 2379 1538 2433 etiam
1582 2398 1595 2433 :

325 2481 496 2539 Nemo
523 2484 793 2539 hominum
818 2502 929 2541 sese
949 2486 1061 2557 [ato
1090 2490 1401 2547 subduxerit
1442 2508 1700 2563 unquam,

322 2683 525 2753 optime
552 2683 760 2741 dictum
798 2695 903 2743 est.
969 2686 1105 2754 Quis
1132 2688 1279 2743 enim
1300 2704 1363 2745 ea
1388 2706 1510 2761 quae
1537 2692 1908 2751 animantibus

323 2776 580 2831 omnibus
631 2778 941 2834 necessario
988 2780 1290 2848 eveniunt,
1345 2782 1622 2840 declinare
1687 2785 1910 2855 possit?

322 2864 556 2921 Tantum
583 2867 748 2937 igitur
772 2869 948 2937 abest,
981 2880 1041 2926 ut
1066 2870 1341 2929 Homerus
1385 2874 1691 2947 Chrysippo
1722 2893 1907 2934 rerum

323 2959 568 3013 omnium
597 2960 838 3016 rationes
876 2961 930 3016 in
976 2961 1090 3018 fato
1132 2965 1421 3019 collocanti
1456 2966 1812 3037 suilragetur,
1848 2977 1909 3025 ut

322 3049 488 3103 etiam
531 3066 655 3105 cum
698 3066 766 3107 eo
807 3062 1044 3122 pugnet;
1107 3070 1245 3135 cum.
1283 3057 1373 3111 ille
1425 3060 1596 3115 multa
1648 3076 1790 3131 saepe
1845 3076 1909 3117 ac

324 3139 526 3196 diserte
543 3140 684 3210 juris
708 3140 1031 3211 arbitriique
1059 3144 1232 3199 nostri
1260 3143 1468 3214 fecerit,
1488 3163 1758 3220 nusquam
1780 3166 1910 3206 vero

328 3233 642 3287 necessitati
673 3234 857 3288 omnia
888 3236 1169 3306 conceptis
1212 3238 1391 3293 verbis
1433 3241 1747 3310 assignarit.
1793 3241 1912 3297 Cae-

329 3334 506 3379 terum
537 3336 712 3395 poeta:
759 3324 1033 3391 fortassis,
1073 3327 1165 3397 qui
1217 3344 1326 3383 non
1371 3329 1487 3400 jam
1528 3346 1711 3387 rerum
1753 3334 1913 3390 nobis

329 3430 631 3487 earumque
679 3425 891 3473 naturae
931 3420 1215 3475 veritatem
1250 3421 1532 3490 pollicetur
1552 3464 1568 3489 ,
1599 3424 1694 3479 sed
1726 3426 1912 3481 multi-

331 3506 501 3576 plices
532 3522 597 3563 ac
628 3508 811 3563 varias
841 3509 1123 3565 hominum
1154 3513 1596 3581 perturbationes
1615 3554 1629 3579 ,
1664 3531 1913 3571 morum-

332 3614 441 3668 que
483 3615 549 3654 ac
595 3600 986 3655 sententiarum
1019 3603 1259 3658 rationes
1306 3606 1586 3675 congerit,
1621 3609 1916 3678 pugnantia

335 3706 477 3761 saepe
500 3690 648 3761 loqui
681 3692 838 3747 liceat
868 3710 883 3746 :
918 3693 1306 3764 philosophum
1348 3696 1570 3767 quidem
1605 3715 1781 3770 neque
1810 3717 1914 3771 pu-

336 3783 557 3853 gnantia
583 3786 753 3854 loqui,
773 3801 950 3856 neque
976 3795 1256 3857 poetarum
1278 3787 1330 3841 in
1347 3803 1472 3844 eum
1491 3790 1652 3844 linem
1674 3792 1913 3847 testimo-

337 3875 443 3929 niis
469 3875 619 3930 abuti
642 3876 856 3931 deceat.
883 3897 902 3930 ι
927 3875 993 3932 Et
1020 3878 1300 3935 nonnullis
1330 3880 1629 3951 interjectis
1651 3901 1663 3937 :
1688 3902 1706 3934 ι
1734 3884 1915 3950 Aliud,

336 3965 534 4035 inquit,
570 3966 683 4021 fato
707 3968 950 4024 rebusin
984 3971 1241 4026 omnibus
1277 3973 1590 4041 statuendo,
1625 3984 1816 4043 potens
1864 3976 1919 4030 in

334 4057 531 4127 primis
557 4074 622 4113 ac
647 4059 881 4114 solidum
920 4070 1302 4130 argumentum
1329 4078 1451 4118 esse
1470 4062 1808 4136 Chrysippus
1835 4083 1923 4121 ar-

294 4140 299 4145 ’
335 4150 593 4213 hitratur,
628 4150 801 4219 ipsam
832 4153 1115 4206 nominum
1156 4153 1426 4219 ejusmodi
1453 4156 1741 4212 rationem.
1782 4156 1920 4212 Nam

337 4240 704 4313 πεπρωμένην
725 4241 966 4310 quidem,
989 4243 1210 4310 perinde
1224 4259 1287 4298 ac
1302 4246 1726 4316 πεπερασμένην
1740 4262 1925 4317 quam-

336 4332 487 4392 dam.
524 4335 627 4387 hoc
652 4342 755 4398 est,
784 4334 933 4387 omni
963 4350 1030 4388 ex
1059 4345 1215 4404 parte
1243 4338 1573 4392 cumulatam
1603 4337 1923 4407 perfectam-

1996 512 2337 584 εἱμαρμένην
2378 509 2723 581 ήναντίωται.
2762 508 2836 561 Ob
2871 506 2976 579 μὴν
3006 505 3111 559 οὐδ’
3140 507 3315 558 ἐκεῖνο
3349 504 3578 557 συνιδεῖν

1995 602 2254 675 ἠδυνήθη,
2299 602 2361 655 τδ
2392 598 2659 672 μηδαμῶς
2693 599 2786 651 τὸν
2816 598 3062 669 ’Όμηρον
3094 596 3214 667 μηδ’
3263 596 3321 648 ἐν
3350 596 3580 658 ἐκείνοις

1998 699 2110 758 τοῖς
2138 694 2291 747 ἔπεσι
2320 694 2730 764 συμμαρτυρεῖν
2762 688 2912 761 αὐτῷ
3071 688 3320 759 δόγματι.
3361 688 3435 741 Ob
3468 687 3578 759 γὰρ

1996 782 2057 835 τὸ
2082 783 2258 835 πάντα
2286 780 2532 850 γίνεσθαι
2556 779 2679 834 καθ’
2712 776 3082 850 εἱμαρμένην,
3117 776 3251 830 ἀλλὰ
3294 776 3491 847 μᾶλλον
3519 776 3581 828 τό

1996 889 2117 925 τινα
2151 872 2272 925 κατ’
2324 872 2538 941 ἐκείνην
2595 870 2910 941 συμϐαίνειν
2942 867 3001 936 ἐξ
3041 868 3219 922 αὑτῶν
3264 868 3578 922 ὑποϐάλλων

1997 962 2368 1035 εὑρεθήσεται.
2401 962 2474 1015 Τὸ
2502 960 2632 1034 γάρ·

2320 1116 2334 1130 .
2381 1117 2394 1130 .
2440 1116 2453 1130 .
2499 1116 2512 1129 .
2557 1115 2571 1128 .
2626 1075 2787 1129 Ἀλλ’
2822 1074 2926 1144 ἐμὲ
2943 1073 3059 1142 μὲν
3091 1072 3207 1142 κὴρ

2011 1146 2343 1217 Ἀμφέχιινε
2363 1145 2649 1215 στυγερὴ,
2686 1145 2816 1213 ἥτις
2843 1143 2995 1214 λάχε
3021 1145 3365 1214 γεινόμενόν
3392 1155 3525 1211 περ,

1998 1262 2097 1330 οὑχ
2124 1262 2205 1313 ὅτι
2242 1260 2417 1313 πάντα
2448 1258 2589 1312 κατὰ
2611 1259 2711 1328 τὴν
2739 1257 2885 1328 κῆρα
2908 1256 3225 1328 συμϐαίνειν
3254 1256 3463 1325 λέγοιτο
3491 1255 3583 1319 ἂν,

2000 1350 2114 1403 ἀλλ’
2142 1349 2273 1403 αὑτὸ
2301 1350 2363 1402 τὸ
2387 1348 2756 1420 τεθνήξεσθαι.
2777 1348 2887 1401 Καὶ
2908 1346 3037 1419 γὰρ,
3061 1346 3137 1410 ὡς
3160 1346 3393 1418 άληθῶς,
3422 1345 3587 1399 παντὶ

2002 1443 2246 1514 γεννητῷ
2276 1441 2399 1514 ζώῳ
2427 1441 2609 1496 θανεῖν
2639 1439 3029 1512 καθείμαρται.
3074 1439 3235 1493 Ἀλλὰ
3257 1438 3363 1492 μὶν
3386 1438 3479 1492 καὶ
3499 1436 3583 1490 τό-

2005 1677 2021 1695 .
2068 1681 2082 1694 .
2128 1681 2141 1693 .
2185 1680 2198 1694 .
2240 1641 2523 1707 Ὕστερον
2544 1635 2689 1695 αὖτε
2709 1639 2781 1694 τὰ
2810 1639 3103 1706 πείσεται,
3133 1639 3296 1693 ὅσσα
3339 1641 3395 1692 οἱ
3428 1634 3589 1692 Αἷσα

2006 1710 2341 1779 Γεινομέι·ῳ
2364 1710 2626 1777 ἐπένησε
2656 1711 2824 1774 λίνῳ,
2856 1709 2954 1763 ὅτε
2980 1727 3087 1779 μιν
3107 1712 3241 1763 τέκε
3269 1708 3480 1778 μήτηρ,

2003 1824 2063 1877 τὸ
2094 1824 2224 1878 αὑτὸ
2260 1823 2524 1895 βούλεται.
2550 1825 2624 1877 Οὐ
2651 1824 2781 1897 γὰρ,
2815 1827 2898 1880 ὅτι
2942 1824 3121 1878 πάντα
3154 1822 3304 1892 αὑτῴ
3351 1822 3473 1876 καθ’
3512 1822 3591 1874 εί·-

2008 1914 2294 1985 μαρμὲνην
2322 1915 2391 1968 τὰ
2426 1913 2563 1984 μετὰ
2586 1914 2761 1968 ταῦτα
2790 1915 3150 1987 συμϐήσεται,
3170 1913 3338 1980 λέγει,
3373 1912 3484 1966 ἀλλ’
3506 1912 3589 1965 ὅτι

2005 2008 2126 2061 κατ’
2161 2007 2410 2076 ἀνάγκην
2440 2006 2589 2077 αὑτῷ
2618 2024 2740 2061 τινα
2790 2006 3151 2079 συμϐήσεται.
3219 2008 3279 2059 'H
3302 2006 3410 2077 γὰρ
3455 2004 3550 2059 τοῦ
3570 2045 3588 2071 ,

2006 2099 2187 2159 ὅσσα.
2220 2098 2501 2171 διαστολὴ,
2555 2100 2609 2152 τί
2646 2117 2775 2153 ποτε
2808 2101 2993 2172 ἕτερον
3026 2099 3058 2171 ἢ
3096 2098 3256 2152 τοῦτο
3294 2098 3590 2170 σημαίνεις

2008 2189 2184 2243 Πολλὰ
2205 2190 2261 2243 δέ
2291 2190 2411 2243 κατ’
2435 2192 2680 2264 ἀνάγκην
2704 2194 2857 2263 ἡμῖν,
2897 2194 2945 2245 εἰ
2977 2193 3069 2245 καὶ
3103 2191 3178 2263 μὴ
3212 2190 3388 2244 πάντα
3416 2230 3432 2255 ,
3472 2190 3593 2243 ἐπί-

2006 2297 2203 2333 κειται.
2236 2281 2345 2334 Καὶ
2373 2282 2453 2334 τὸ’

2005 2498 2236 2568 Μοῖραν
2286 2500 2338 2552 δ’
2364 2500 2575 2555 οὔτινά
2612 2520 2761 2573 φημι
2802 2508 3190 2576 πεφυγμένον
3215 2505 3460 2648 ἕμιῗεὲναέ
3489 2506 3596 2561 ἀν-

3371 2593 3518 2644 ρων,

2008 2683 2208 2754 ἄριστα
2238 2685 2474 2757 εἴρηται.
2504 2686 2599 2749 Τίς
2626 2687 2735 2759 γὰρ
2755 2687 2822 2741 ἂν
2854 2687 3069 2743 δύναιτο
3104 2690 3182 2745 τὰ
3199 2693 3319 2744 κατ’
3347 2690 3597 2762 ἀνάγκην

2009 2777 2173 2829 παντὶ
2207 2775 2330 2847 ζώῳ
2358 2779 2736 2849 συγκυροῦντα
2756 2780 3077 2852 διαφυγεῖν;
3115 2784 3265 2835 Ὠστ’
3307 2783 3406 2854 οὑχ
3446 2784 3597 2848 ὅπως

2011 2865 2300 2936 σύμψηφον
2345 2867 2412 2920 ἂν
2450 2867 2565 2938 ἐχοι
2610 2869 2701 2921 τὸν
2752 2873 2999 2943 Ὅμηρον
3044 2871 3369 2944 Χρύσιππος
3407 2872 3466 2924 ἐν
3515 2872 3599 2944 τῷ

2011 2956 2187 3010 πάντα
2217 2955 2337 3008 καθ’
2368 2957 2710 3030 εἱμαρμένην
2735 2959 2981 3028 γίνεσθαι
3020 2959 3260 3032 νομίζειν
3283 3002 3297 3026 ,
3342 2962 3478 3017 ἀλλὰ
3502 2964 3600 3018 καὶ

2012 3046 2425 3119 ἐναντιούμενον
2447 3090 2462 3115 ,
2505 3048 2560 3102 εἴ
2595 3067 2658 3120 γε
2684 3052 2889 3116 ἐκεῖνος
2915 3054 3037 3123 μὲν,
3074 3054 3156 3106 ὅτι
3200 3054 3367 3108 πολλὰ
3389 3056 3598 3124 γίνεται

2015 3140 2143 3210 παρ’
2177 3141 2346 3210 ἡμᾶς,
2370 3140 2557 3210 σαφῶς
2576 3144 2668 3195 καὶ
2691 3143 2951 3207 πολλάκις
2972 3144 3182 3216 εἴρηκε,
3209 3146 3271 3198 τὸ
3291 3146 3334 3199 δ’
3360 3147 3440 3200 ὅτι
3458 3147 3602 3202 κατὰ

2015 3233 2260 3304 ἀνάγκην
2298 3233 2475 3287 πάντα
2500 3235 2804 3304 συμϐαίνει,
2840 3235 3077 3308 οὐδαμοῦ
3108 3237 3287 3308 ῥητῶς
3331 3237 3502 3306 λέγων
3532 3237 3602 3291 ἂν

2015 3325 2286 3398 εὑρεθείη.
2331 3325 2443 3380 Καὶ
2479 3326 2557 3397 τῷ
2595 3330 2793 3398 ποιητῇ
2826 3327 2959 3397 μὲν,
2994 3328 3089 3382 ἅτε
3112 3328 3173 3380 οὑ
3198 3329 3296 3401 τήν
3343 3329 3604 3399 ἀλήθειαν

2015 3421 2146 3491 ἡμῖν
2173 3420 2272 3490 τῆς
2300 3420 2409 3473 τῶν
2430 3421 2601 3476 ὄντων
2633 3420 2847 3490 φύσεως
2876 3420 3311 3491 ὑπισχνουμένῳ,
3347 3420 3483 3475 ἀλλὰ
3507 3438 3607 3492 με-

2020 3509 2269 3581 μιγμένῳ
2309 3510 2455 3581 πάθη
2501 3528 2561 3563 τε
2590 3511 2687 3565 καὶ
2714 3509 2841 3581 ἤθη,
2877 3512 2971 3564 καὶ
3005 3510 3163 3576 δόξας
3209 3512 3469 3575 παντοίας
3510 3514 3600 3567 ἀν-

2017 3598 2271 3670 θρώπων,
2308 3602 2580 3673 ἁρμόττον
2602 3599 2667 3654 ἂν
2689 3600 2773 3671 είη
2808 3600 2905 3653 καὶ
2935 3600 3002 3653 τὰ
3024 3599 3240 3653 ἐναντία
3266 3599 3447 3670 λέγειν
3474 3601 3605 3653 πολ-

2016 3686 2208 3752 λάκις·
2261 3689 2535 3760 φιλοσόφῳ
2571 3690 2630 3743 δὲ
2674 3689 2795 3743 οὑδέ
2840 3688 2911 3743 τὰ
2955 3690 3173 3745 ἐναντία
3219 3689 3431 3760 λέγειν,
3480 3691 3607 3745 οὑδὲ

2020 3785 2218 3854 ποιητῇ
2251 3783 2318 3835 δι’
2345 3783 2476 3835 αὑτὸ
2499 3782 2659 3835 τοῦτο
2698 3780 2933 3853 χρῆσθαι
2971 3782 3227 3853 μάρτυρι.
3264 3802 3283 3834 ι
3321 3784 3432 3836 Καὶ
3483 3783 3605 3850 μεθ’

2021 3874 2185 3945 ἕτερά
2237 3891 2404 3944 φησι·
2436 3894 2455 3925 ι
2491 3876 2802 3945 Τεκμήριον
2853 3873 2910 3926 δὲ
2964 3873 3093 3927 ἄλλο
3146 3873 3363 3945 ἰσχυρὸν
3416 3874 3608 3946 φέρειν

2022 3964 2347 4037 Χρύσιππος
2391 3966 2561 4018 οἴεται
2610 3965 2708 4035 τῆς
2740 3965 2797 4018 ἐν
2835 3964 3039 4018 ἅπασιν
3090 3965 3432 4037 εἱμαρμένης
3455 4006 3470 4031 ,
3503 3966 3609 4038 τὴν

2023 4057 2171 4111 θέσιν
2204 4058 2312 4110 τῶν
2340 4057 2599 4111 τοιούτων
2629 4056 2929 4127 ὀνομάτων.
2977 4057 3088 4129 Τήν
3132 4074 3192 4111 τε
3224 4058 3333 4129 γὰρ
3383 4076 3610 4130 πεπρω-

2027 4148 2193 4219 μένην
2224 4148 2333 4219 (89)
2375 4147 2807 4219 πεπερασμένην
2831 4146 2957 4201 τινά
2987 4165 3153 4220 φησιν
3183 4142 3323 4202 εἶναι
3357 4148 3453 4202 καὶ
3479 4166 3608 4202 συν-

2022 4241 2412 4311 τετελεσμένην
2435 4240 2719 4309 διοίκησιν,
2744 4242 2843 4311 τήν
2868 4258 2929 4294 τε
2955 4241 3294 4313 εἱμαρμένην
3318 4242 3609 4313 εἰρομένην

2022 4331 2164 4398 τινὰ,
2200 4334 2310 4385 εἴτε
2342 4333 2407 4385 ἐκ
2443 4332 2579 4385 Θεοῦ
2610 4332 2934 4404 βουλήσεως,
2970 4332 3082 4385 εἴτε
3107 4332 3166 4397 ἐξ
3197 4328 3267 4404 ἦς
3295 4333 3496 4403 δήποτε
3521 4335 3612 4386 ai-

336 4439 444 4494 que
472 4423 1021 4488 administrationem,
1053 4428 1373 4496 appellatam
1404 4444 1527 4484 esse
1554 4429 1671 4483 vult
1695 4447 1709 4485 z
1732 4431 1912 4504 εἱμαρ-

2025 4424 2167 4488 τίας.
2212 4424 2373 4477 Ἀλλὰ
2389 4425 2484 4478 καὶ
2514 4425 2612 4489 τὰς
2640 4425 2852 4496 Μοίρας
2874 4425 3189 4495 ὠνομάσθαι
3239 4426 3346 4479 ἀπὸ
3379 4425 3473 4479 τοῦ
3511 4443 3611 4496 με-

340 4518 509 4590 μένην
537 4534 666 4573 vero
690 4520 845 4589 quasi
873 4520 1181 4593 εἰρομένην,
1210 4523 1313 4579 hoc
1338 4532 1441 4589 est,
1467 4526 1617 4578 omni
1642 4540 1708 4579 ex
1736 4526 1912 4582 divina

2030 4517 2287 4588 μερίσθαι
2340 4517 2436 4569 καὶ
2487 4517 2961 4588 κατανενεμῆσθαί
3012 4534 3135 4571 τινα
3175 4517 3332 4587 ἡμῶν
3367 4518 3606 4588 ἑκάστῳ.

339 4612 634 4676 voluntate,
681 4618 776 4665 aut
816 4611 921 4665 alia
963 4614 1157 4681 quavis
1198 4629 1263 4668 ex
1303 4630 1469 4670 causa
1510 4631 1705 4671 nexam
1758 4626 1921 4687 atque

340 4713 541 4771 aptam.
572 4699 713 4767 Quin
738 4702 901 4755 etiam
925 4703 1134 4775 Μοίρας
1159 4702 1403 4776 (Parcas)
1426 4721 1490 4760 ex
1515 4722 1582 4762 eo
1603 4707 1777 4763 dictas
1804 4708 1921 4778 Opi-

340 4798 523 4853 natur,
556 4790 699 4858 quod
728 4789 1023 4860 unicuique
1067 4802 1313 4848 nostrum
1361 4811 1470 4850 una
1511 4812 1698 4852 earum
1738 4799 1918 4869 aliqua

342 4880 712 4952 μεμέρισται,
788 4883 1045 4938 attributa
1090 4885 1178 4939 sit.
1251 4887 1370 4942 lmo
1442 4904 1543 4944 nec
1603 4891 1822 4946 aliunde
1860 4892 1923 4945 τὸ

340 4973 515 5045 χρεών
542 4974 869 5043 appellatum
894 4990 1015 5030 esse
1038 5015 1053 5042 ,
1087 4992 1249 5046 quam
1274 4980 1421 5049 quod
1445 4979 1558 5034 fato
1580 4982 1699 5050 ipso
1722 4982 1919 5037 debea-

340 5080 450 5125 tur.
495 5064 615 5121 Jam
640 5065 937 5122 Parcarum
967 5084 1254 5123 numerum
1276 5110 1293 5137 ,
1337 5071 1511 5127 tribus
1537 5072 1644 5129 illis
1669 5075 1925 5145 tempori-

345 5160 682 5228 bus,quibus
704 5159 888 5213 omnia
915 5159 1206 5214 volvuntur
1234 5176 1299 5216 ac
1314 5162 1689 5231 perﬁciuntur,
1707 5181 1923 5223 accom-

345 5250 550 5305 modat.
600 5249 666 5305 Et
711 5250 977 5306 Lachesin
1021 5252 1241 5322 quidem
1285 5253 1360 5307 ita
1402 5256 1737 5311 nominatam
1779 5275 1922 5328 esse,

344 5340 491 5407 quod
514 5356 669 5395 suam
694 5342 891 5411 cuique
913 5352 1112 5397 sortem
1139 5343 1403 5417 λαγχάνῃ,
1435 5346 1696 5401 attribuat
1721 5365 1735 5402 :
1760 5349 1925 5406 Atro-

348 5446 455 5500 pon
494 5445 647 5496 vero,
690 5432 831 5487 κατὰ
856 5432 915 5487 τὸ
942 5433 1210 5504 ἄτρεπτον
1229 5473 1244 5498 ,
1286 5435 1429 5504 quod
1452 5451 1515 5491 ea
1539 5452 1660 5493 sors
1682 5455 1783 5494 nec
1808 5456 1929 5494 mu-

350 5519 453 5574 tari
496 5533 598 5575 nec
637 5520 896 5576 declinari
932 5523 1100 5592 possit
1133 5541 1146 5577 :
1175 5521 1372 5579 Clotho
1393 5525 1647 5591 denioue,
1692 5527 1842 5581 παρὰ
1865 5529 1928 5582 τὸ

2025 4608 2181 4661 Οὕτω
2219 4608 2278 4661 δὲ
2302 4609 2411 4661 ικαὶ
2457 4608 2519 4661 τὸ
2549 4607 2726 4680 χρεὼν
2771 4609 3042 4681 εἰρῆσθαι,
3081 4610 3143 4663 τὸ
3180 4609 3470 4662 ἐπιϐάλλον
3515 4611 3613 4663 καὶ

2026 4700 2264 4770 καθῆκον
2313 4699 2453 4753 κατὰ
2500 4701 2599 4770 τὴν
2627 4700 2987 4771 εἱμαρμένην.
3019 4700 3121 4768 Τόν
3152 4718 3210 4754 τε
3240 4701 3470 4772 ἀριθμὸν
3499 4701 3612 4754 τῶν

1965 4864 1969 4868 ς
2025 4791 2245 4862 Μοιρῶν
2270 4792 2394 4855 τοὺς
2424 4793 2574 4862 τρεῖς
2602 4792 2890 4846 ὑποϐάλλει
2918 4791 3163 4863 χρόνους,
3198 4797 3257 4846 ἐν
3282 4790 3364 4857 οἷς
3393 4794 3614 4847 κυκλεῖ-

2025 4901 2114 4937 ται
2145 4885 2213 4937 τὰ
2242 4884 2440 4947 πάντα,
2477 4886 2571 4938 καὶ
2598 4884 2665 4938 δι’
2704 4878 2779 4938 ὧν
2816 4885 3141 4938 ἐπιτελεῖται
3163 4903 3175 4915 ·
3228 4887 3323 4939 καὶ
3374 4887 3613 4957 Λάχεσιν

2033 4983 2130 5052 μὲν
2182 4980 2482 5052 κεκλῆσθαι
2531 4981 2683 5052 παρὰ
2728 4981 2789 5034 τὸ
2831 4980 3124 5051 λαγχάνειν
3159 4981 3374 5052 ἑκάστῳ
3410 4980 3471 5034 τὸ
3510 4996 3611 5034 πε-

2031 5075 2351 5146 πρωμένονο
2405 5076 2675 5148 Ἀτροπον
2730 5074 2787 5128 δὲ
2862 5074 3005 5127 κατὰ
3061 5074 3122 5126 τὸ
3185 5076 3453 5145 ἄτρεπτον
3515 5073 3612 5126 καὶ

2030 5166 2372 5236 ἀμετάϐατον
2395 5166 2489 5219 τοῦ
2528 5166 2795 5239 μερισμοῦ
2816 5183 2829 5196 ·
2870 5164 3080 5218 Κλωθὼ
3106 5165 3161 5218 δὲ
3194 5164 3343 5237 παρὰ
3380 5164 3443 5217 τὸ
3481 5180 3615 5233 συγ-

2031 5257 2338 5310 κεκλῶσθαι
2377 5258 2471 5310 καὶ
2524 5257 2869 5329 συνείρεσθαι
2928 5258 2997 5310 τὰ
3053 5257 3263 5321 πάντα,
3326 5257 3420 5311 καὶ
3481 5256 3614 5326 μίαν

2029 5349 2207 5403 αὑτῶν
2293 5349 2633 5421 τεταγμένην
2693 5349 2816 5403 τινὰ
2878 5350 3019 5403 εἶναι
3081 5350 3336 5416 διέξοδον.
3424 5347 3614 5401 Ταῦτα

2029 5440 2137 5510 γὰρ
2200 5441 2294 5493 καὶ
2325 5440 2394 5495 τὰ
2425 5441 2634 5506 τούτοις
2684 5441 3044 5514 παραπλήσια
3107 5440 3364 5512 φλυαρῶν
3388 5481 3404 5506 ,
3478 5442 3618 5493 ἀπο-

2029 5530 2300 5585 δεικνύναι
2336 5532 2434 5605 τὴν
2471 5535 2530 5587 ἐν
2562 5534 2765 5589 ἅπασιν
2795 5533 3041 5607 ἀνάγκην
3080 5532 3314 5605 νομίζει.
3376 5533 3529 5603 Ἐμοὶ
3557 5531 3643 5643 δέ⁸

305 5748 311 5753 .
364 5775 375 5780 Δ
563 5696 977 5780 Πεπρωμένην.
1014 5696 1366 5780 Theodoret._,
1396 5716 1447 5780 γι
1481 5700 1559 5757 De
1601 5700 1831 5761 (ἔνατον.
1877 5722 1910 5760 a

2016 5707 2169 5780 tiam,
2215 5711 2398 5769 locum
2435 5710 2600 5778 hunc,
2658 5709 2933 5780 praeterito
2992 5706 3314 5779 Diogemani
3370 5705 3618 5763 nomine.

361 5768 582 5825 totidem
613 5784 747 5839 pene
773 5772 952 5828 verbis
984 5778 1306 5837 conceptum
1339 5771 1517 5827 habet.
