3894 6220
239 270 346 326 M9

1414 251 1743 309 PREPAR.
1785 246 2038 304 EVANG.
2082 245 2213 301 LIB.
2253 242 2342 301 Vl.

3422 236 3530 292 450

245 382 550 456 θαυμάζειν
579 379 812 444 ἔπεισιν,
839 377 888 430 εί
940 373 1170 430 τοιαῦτα
1206 372 1381 440 λέγων
1430 371 1531 424 οὐκ
1573 368 1841 441 ᾐσθάνετο

1968 360 2385 432 πυγκεκλῶσθαι,
2434 355 2580 428 quod
2618 371 2728 411 uno
2773 353 2940 409 veluti
2985 365 3377 420 communique
3421 361 3533 405 sta.

240 482 340 552 τῆς
377 472 761 550 ματαιολογίας
813 469 916 541 τῆς
963 466 1181 523 ἑαυτοῦ.
1222 467 1405 519 Ἔστω
1464 463 1573 537 γὰρ
1606 460 1835 526 ταύταις

240 576 361 635 ταῖς
389 568 621 631 ἐννοίαις
649 562 1026 636 κεχρημένους
1049 560 1177 624 τοὺς
1216 557 1312 613 ἀνθ
1323 555 1556 629 ρώπους,
1586 554 1708 608 καθ’
1741 551 1836 617 οὓς

240 665 403 727 αὐτὸς
441 659 778 731 ὲτυμολογεῖ,
805 655 874 709 τὰ
919 654 1160 724 ὀνόματα
1217 648 1491 704 τεθεῖσθαι
1544 646 1613 699 τὰ
1658 644 1839 699 ἐκκεί-

247 772 406 828 μενα,
441 751 764 817 δοξάζοντας
793 746 862 799 τὰ
909 745 1087 799 πάντα
1132 740 1515 812 κατειληφέναι
1562 735 1838 808 εἱμαρμὲ⁴

240 865 365 919 νην,
400 846 497 899 καὶ
521 840 891 914 ἀμεταθέτους
931 833 1069 889 εἶναι
1096 835 1194 898 τὰς
1221 833 1281 898 ἐξ
1322 831 1516 894 αἰῶνος
1546 844 1841 901 προκατει-

242 917 533 1011 μμένας
565 933 678 1004 (90)
734 933 792 984 ὲν
827 931 955 982 πᾶσι
988 929 1102 990 τοῖς
1155 920 1275 978 οῦσί
1306 939 1365 975 τε
1409 921 1505 975 καὶ
1535 917 1841 989 γινομένοις

245 1010 463 1091 αἰτίοις.
493 1027 537 1079 Τ
544 1026 558 1077 ί
590 1020 684 1077 οὖν
721 1018 1052 1080 άκολουθεῖς,
1085 1011 1130 1069 ὦ
1151 1013 1467 1085 Χρύσιππε,
1488 1010 1690 1072 πάσαις
1721 1010 1842 1070 ταῖς

243 1121 358 1175 τῶν
388 1117 691 1192 ἀνθρώπων
720 1116 931 1178 δόξαιςς
962 1112 1058 1166 καὶ
1089 1107 1315 1178 οὐδεμία
1337 1123 1419 1159 σοι
1448 1103 1578 1175 περὶ
1631 1100 1844 1163 οὐδενὸς

248 1215 502 1284 φαίνεται
530 1206 929 1277 διεψευσμένης
997 1200 1159 1254 Ἀλλὰ
1196 1199 1397 1260 πάντες
1452 1198 1563 1284 τῆς
1586 1192 1845 1284 άληθείας

247 1283 359 1353 eici.
423 1294 780 1367 θεωρητικοί;
817 1292 941 1354 Πῶς
991 1286 1084 1343 οὖν
1134 1288 1326 1341 ούδένα
1375 1286 1481 1357 φῂς
1536 1283 1843 1354 ἄνθρωπον,

247 1391 309 1456 ὃς
336 1389 461 1459 οὐχὶ
500 1384 787 1459 μαίνεσθαί
822 1401 904 1437 σοι
927 1383 1073 1435 δοκεῖ
1096 1381 1214 1434 κατ’
1253 1378 1363 1431 ἴσον
1408 1376 1639 1448 Ὀρέστῃ
1667 1390 1727 1427 τε
1755 1372 1848 1426 καὶ

260 1482 623 1554 ’Δλκμαίωνι,
650 1478 791 1550 πλὴν
830 1475 923 1530 τοῦ
955 1474 1157 1542 σοφοῦ;
1204 1470 1302 1525 ’ἐνα
1363 1469 1421 1522 δὲ
1452 1469 1485 1540 ἢ
1528 1467 1621 1521 δύο
1656 1465 1849 1538 μόνους

252 1580 363 1649 φῂς
397 1553 596 1646 σοφοὺς
615 1574 918 1644 γεγονέναι,
958 1572 1087 1634 τοὺς
1137 1570 1193 1623 δὲ
1224 1568 1420 1631 ἄλλους
1438 1565 1504 1619 δι’
1536 1553 1878 1635 ἀφροσύνην’

254 1672 459 1741 ἐπίσης
486 1672 600 1732 τοῖς
631 1666 1053 1742 προειρημένοις
1092 1661 1427 1736 μεμηνέναι;
1460 1658 1587 1722 Πῶς
1614 1658 1671 1711 δὲ
1716 1657 1849 1711 ἀνα-

1939 457 2088 511 mine
2110 454 2273 509 ducta
2292 465 2648 520 connexaque
2665 447 2849 503 omnia
2876 445 3007 509 sint,
3024 454 3079 499 et
3104 459 3273 499 unum
3297 443 3533 514 aliquem

1940 549 2225 621 proprium
2252 563 2316 601 ae
2339 544 2673 615 singularem
2709 556 2934 597 cursum
2964 548 3019 594 et
3041 538 3248 592 exitum
3275 537 3533 591 habeant.

1939 641 2119 710 Atque
2149 640 2234 693 his
2258 636 2640 704 similibusque
2664 633 2825 703 nugis
2845 672 2860 694 ,
2883 646 3005 686 eam
3032 644 3090 685 se
3117 628 3212 683 fati
3238 627 3538 683 necessita-

1941 742 2076 796 tem,
2104 747 2227 800 qum
2252 730 2415 784 rebus
2439 728 2699 782 omnibus
2722 726 3058 782 dominetur.
3104 721 3408 778 confecisse
3434 736 3540 789 pu-

1942 832 2038 877 tat.
2087 822 2216 876 Mihi
2242 837 2371 876 vero
2394 821 2554 890 plane
2582 818 2769 873 mirari
2797 806 2961 888 265
2985 817 3152 880 subit,
3179 815 3540 886 quemadmo-

1942 914 2072 969 dum
2103 915 2240 985 ipse,
2294 913 2424 967 dum
2452 913 2553 965 ista
2578 910 2804 974 diceret,
2851 924 3016 978 quam
3054 908 3239 962 inania
3262 920 3540 976 quamque

1944 1006 2140 1062 frivola
2163 1007 2392 1071 diceret,
2423 1019 2531 1059 non
2557 1004 2811 1058 senserit.
2859 1001 2989 1056 Esto
3014 1000 3159 1055 enim
3183 1041 3198 1066 ,
3226 1000 3418 1053 demus
3443 1013 3540 1054 eos

1945 1107 2084 1163 tum,
2130 1112 2272 1168 quos
2303 1098 2359 1150 in
2384 1095 2641 1151 eruendis
2667 1093 3069 1148 ‘notationibus
3112 1093 3223 1147 illis
3265 1092 3540 1162 sequitur,

1947 1190 2234 1244 hominum
2283 1203 2480 1244 sensus
2523 1196 2579 1242 et
2622 1185 2983 1256 cogitationes
3008 1183 3197 1251 fuisse,
3244 1199 3368 1239 cum
3394 1185 3542 1253 ejus-

1947 1282 2096 1338 modi
2123 1280 2441 1335 nominibus
2465 1287 2749 1333 uterentur
2769 1319 2783 1343 ,
2830 1276 2975 1345 quod
3002 1274 3113 1329 fato
3138 1276 3308 1330 teneri
3334 1276 3542 1343 omnia,

1947 1383 2001 1428 et
2024 1372 2395 1426 immutabiles
2421 1386 2489 1424 ex
2513 1368 2664 1423 omni
2686 1382 2802 1422 arvo
2829 1382 3008 1421 rerum
3035 1381 3226 1421 earum
3251 1408 3266 1431 ,
3314 1381 3546 1436 qumque

1949 1472 2098 1531 sunt,
2144 1478 2377 1534 quaeque
2420 1460 2578 1527 ﬁunt,
2626 1459 2836 1530 positas
2882 1466 3009 1511 ante
3048 1472 3114 1512 ac
3135 1456 3390 1514 definitas
3423 1472 3547 1513 esse

1950 1572 2147 1611 causas
2198 1562 2472 1625 putarent.
2521 1551 2797 1620 Quorsum
2823 1565 2975 1621 ergo,
3000 1549 3325 1621 Chrysippe,
3350 1564 3544 1605 omnes

1952 1648 2051 1703 tibi
2080 1648 2365 1702 hominum
2391 1646 2681 1716 Opiniones
2704 1642 3051 1714 probantur?
3071 1657 3172 1697 cur
3192 1641 3329 1697 falsa
3353 1643 3465 1697 ullo
3490 1644 3542 1695 in

255 1733 551 1828 σκευάζεις
578 1733 758 1815 αὐτῶν
912 1757 1069 1824 δόξας
1090 1733 1306 1818 ὲκείνας
1342 1751 1418 1816 ὡς
1467 1747 1851 1822 διημαρτημέ-

1968 1755 2150 1811 genere
2195 1739 2411 1793 videtur
2457 1737 2653 1793 nulla?
2696 1735 2835 1791 Num
2882 1748 3072 1788 verum
3111 1733 3397 1790 arbitraris
3433 1748 3544 1788 non

254 1873 380 1920 νας,
415 1850 529 1908 οἷον
560 1852 659 1917 τὰς
684 1852 814 1923 περὶ
843 1850 1097 1913 πλούτου,
1132 1848 1225 1902 καὶ
1278 1845 1458 1918 δόξης,
1494 1844 1590 1898 καὶ
1645 1857 1849 1914 τυραν-

257 1948 426 2011 νίδος,
456 1945 689 2001 καθόλου
722 1963 784 1997 τε
829 1941 1048 2015 ἡδονῆς,
1083 1942 1228 2012 ἆπερ
1261 1938 1443 2009 ἀγαθὰ
1501 1936 1852 2007 νενομίκασιν

258 2040 314 2095 οἱ
337 2039 578 2092 πλεῖστοι
599 2054 614 2102 ;
639 2036 766 2100 Πῶς
792 2035 850 2089 δὲ
871 2035 999 2097 τοὺς
1051 2032 1336 2103 κειμένους
1382 2030 1582 2101 νόμους
1611 2028 1856 2100 ἡμαρτῆ-

262 2132 391 2184 σθαι
407 2132 515 2202 φῂς
549 2131 816 2193 ἅπαντας,
840 2127 934 2180 καὶ
962 2126 1063 2190 τὰς
1109 2123 1379 2187 πολιτείας
1401 2139 1416 2189 ;
1467 2120 1500 2193 ἢ
1525 2120 1614 2174 διὰ
1633 2120 1686 2173 τί
1712 2120 1854 2191 πλῆ-

264 2221 660 2287 θοςτοσούτων
714 2218 935 2289 βιϐλίων
988 2215 1354 2287 συνέγραψας,
1385 2217 1433 2267 εί
1468 2214 1595 2284 περὶ
1631 2209 1856 2283 μηδενὸς

265 2313 417 2389 εἶχον
444 2320 493 2371 οἱ
526 2316 805 2388 ἄνθρωποι
836 2314 995 2380 δόξας
1047 2311 1538 2385 διημαρτημένας;
1594 2310 1670 2363 Ού
1722 2308 1854 2380 γὰρ,

265 2412 400 2465 ὅταν
427 2410 525 2480 μὲν
557 2409 733 2462 ταύτά.
765 2424 849 2461 σοι
878 2404 1400 2478 δοξάζωσιν,εόρθῶς
1422 2405 1638 2476 φρονεῖν
1660 2401 1859 2464 αὐτοὺς

266 2503 540 2572 φήσομεν,
564 2501 695 2553 ὅταν
745 2498 803 2552 δὲ
835 2498 1093 2571 διάφορα,
1134 2495 1441 2569 μαίνεσθαι.
1488 2493 1711 2566 Πρῶτον
1761 2493 1860 2563 μὲν

266 2593 381 2664 γάρ
406 2592 527 2645 οὐδὲ
562 2593 626 2646 σὺ
654 2593 763 2664 φῂς
794 2591 959 2662 σοφὸν
993 2586 1133 2645 εἶναι
1163 2589 1408 2651 σεαυτὸν,
1454 2589 1652 2659 μήτιγε
1676 2586 1857 2657 ἡμεῖς,

269 2687 365 2741 ἶνα
391 2687 677 2759 κριτήριον
726 2684 1011 2756 ποιώμεθα
1042 2682 1137 2738 τοῦ
1163 2681 1346 2745 καλῶς
1397 2678 1688 2747 ctenim)
1722 2676 1863 2731 ὲκεί-

266 2796 398 2843 νους
430 2781 670 2851 φρονεῖν,
698 2776 779 2848 τῷ
809 2778 884 2849 μὴ
913 2778 981 2847 τῇ
1009 2778 1074 2847 σῇ
1098 2774 1226 2847 δόξῃ
1248 2773 1593 2846 συνδραμεῖν
1624 2770 1793 2824 ἔπειτ’
1813 2770 1861 2822 εί

269 2869 373 2924 καὶ
398 2868 556 2923 τοῦτο
576 2865 646 2941 ἦν
671 2869 891 2940 ἀληθὲς,
925 2869 979 2922 τί
1018 2867 1199 2935 λέγειν
1227 2868 1396 2936 ἐχρῆν
1423 2863 1708 2935 μαίνεσθαι
1730 2862 1866 2915 πάν-

269 2979 377 3026 τας
409 2962 627 3034 ἔπίσης,
663 2963 761 3015 κα)⁵
788 2962 930 3031 οὐχὶ,
967 2958 1107 3013 καθὸ
1151 2959 1248 3030 μὲν
1274 2958 1557 3027 ἐφαίνοντο
1580 2955 1752 3009 ταύτά
1785 2971 1866 3007 σοι

272 3055 617 3121 δοξάζοντες,
645 3052 787 3107 κατὰ
816 3052 975 3106 τοῦτο
1023 3052 1221 3114 αὐτοὺς
1274 3051 1539 3113 ἐπαινεῖν,
1572 3048 1647 3111 ὡς
1703 3045 1865 3119 ὀρθοῦ

273 3161 425 3208 τινος
455 3144 914 3216 ἐπειλημμένους·
948 3141 1086 3196 καθὸ
1143 3140 1200 3194 δὲ
1251 3139 1570 3208 διεφώνουν,
1614 3137 1865 3211 ἁμαρτά-

275 3254 394 3292 νειν
418 3237 617 3299 αὐτοὺς
677 3233 1118 3306 ὑπολαμϐάνειν;
1174 3230 1489 3303 Μαρτύριον
1547 3229 1730 3301 μέντοι
1769 3231 1868 3298 τῆς

276 3327 540 3400 ἀληθείας
575 3327 757 3382 ἱκανὸν
786 3327 1037 3398 ἡγεῖσθαι
1060 3324 1121 3378 τὸ
1140 3323 1331 3379 δοκοῦν
1352 3322 1600 3386 ἐκείνοις·
1634 3320 1753 3374 οὐδὲ
1783 3319 1871 3373 οῦ-

276 3436 391 3482 τως
409 3422 576 3491 ὲχρῆν
603 3418 763 3488 φύσει
784 3418 918 3488 (92),
956 3418 1052 3472 καὶ
1094 3417 1168 3488 μὴ
1198 3414 1507 3487 μαίνεσθαι,
1525 3412 1776 3484 καθάπερ
1805 3413 1869 3464 σὺ

277 3509 408 3573 οἴει,
437 3509 574 3564 ἀλλὰ
604 3509 738 3563 πολύ
765 3526 829 3578 γε
875 3507 1246 3579 ἀφεστηκέναι
1293 3506 1486 3577 σοφίας
1528 3506 1638 3570 πᾶς
1691 3504 1756 3557 ἄν
1788 3521 1872 3567 τις

278 3602 659 3673 ὁμολογήσειε.
720 3601 951 3665 Γελοίως
982 3597 1076 3655 οῦν
1139 3601 1234 3654 καὶ
1272 3601 1337 3654 σὺ
1402 3599 1581 3671 χρήσῃ
1635 3598 1872 3668 μάρτυσι

279 3693 496 3757 τούτοις
519 3693 608 3747 διὰ
637 3696 735 3764 τῆς
764 3693 964 3757 θέσεως
1015 3690 1122 3745 τῶν
1148 3691 1451 3762 ὀνομάτων,
1489 3687 1584 3751 οὓς
1634 3686 1784 3740 οὐδὲν
1807 3685 1874 3740 ἂν

281 3785 429 3840 κατά
451 3802 517 3854 γε
567 3784 783 3841 σύνεσιν
833 3784 1061 3838 σεαυτοῦ
1110 3767 1316 3855 φήσαις
1357 3781 1655 3852 διαφέρειν·
1697 3780 1745 3831 εί
1798 3777 1873 3849 μὴ

285 3877 399 3948 ἄρα
421 3876 549 3940 τοὺς
578 3875 639 3940 ἐξ
692 3876 870 3948 ἀρχῆς
900 3876 1161 3947 θεμένους
1213 3873 1387 3927 ταῦτα
1413 3872 1484 3925 τὰ
1509 3871 1751 3943 ὀνόματα
1789 3885 1878 3923 σο-

285 3971 425 4040 φοὺς
448 3963 591 4023 εἷναι
620 3968 989 4040 συμὸέὸηκεν,
1016 3968 1154 4039 ὅπερ
1174 3966 1426 4036 οὐδαμῶς
1449 3964 1620 4031 δεῖξαι
1645 3963 1872 4034 δυνήσῃ.

299 4060 465 4114 Ἀλλὰ
488 4060 599 4133 γὰρ
623 4059 856 4114 δεδόσθω
877 4077 959 4113 σοι
977 4057 1123 4113 τοῦθ’
1144 4058 1315 4120 οὕτως
1343 4057 1508 4129 ἔχειν,
1529 4056 1624 4110 καὶ
1665 4052 1735 4107 τὰ
1759 4052 1879 4107 ὀνό-

290 4171 440 4225 ματα
464 4156 649 4208 ἐκεῖνα
671 4152 916 4207 τίθεσθαι
942 4193 957 4216 ,
1007 4152 1084 4217 ὡς
1110 4155 1174 4207 σὺ
1240 4151 1441 4223 βούλει,
1472 4149 1571 4213 τὰς
1600 4145 1879 4220 σημασίας

287 4247 506 4319 ἔχοντα,
536 4247 634 4301 καὶ
660 4247 734 4319 μὴ
756 4247 900 4302 κατὰ
930 4245 1088 4313 δόξας
1114 4245 1332 4317 ψευδεῖς
1363 4244 1428 4298 τὸ
1450 4242 1689 4298 τοιοῦτον
1715 4253 1877 4310 γεγο-

288 4341 462 4395 νέναι.
494 4340 606 4394 Ποῦ
652 4341 832 4394 τοίνυν
881 4339 947 4394 δι’
975 4337 1155 4393 αὐτῶν
1205 4337 1528 4409 σημαίνεται
1584 4333 1653 4388 τὰ
1698 4332 1881 4387 πάντα

1954 1833 2237 1904 pervidere
2264 1830 2576 1886 neminem?
2596 1829 2711 1885 Cur
2732 1843 2884 1899 ergo,
2910 1837 3106 1899 praeter
3126 1842 3299 1883 unum
3326 1842 3383 1882 sa
3393 1827 3545 1896 pien-

1954 1934 2088 1993 tem,
2136 1926 2451 1980 mortalium
2498 1922 2777 1978 neminem
2821 1936 2934 1977 non
2969 1920 3278 1992 perindent
3300 1918 3550 1973 Orestem

1956 2028 2051 2073 aut
2073 2019 2441 2074 Alcmaaonem
2488 2015 2672 2071 furere
2717 2013 3035 2069 existimas?
3077 2011 3381 2081 sapientem
3418 2026 3550 2065 vero

1955 2124 2066 2164 non
2093 2109 2195 2163 nisi
2215 2123 2382 2162 unum
2402 2115 2495 2161 aut
2511 2106 2745 2160 alterum
2763 2103 3310 2172 exstitisse,reliquos
3332 2116 3549 2165 omnes,

1957 2216 2068 2256 non
2093 2202 2301 2255 minore
2324 2213 2490 2269 quam
2512 2197 2706 2251 ambos
2732 2195 2856 2250 illos
2879 2194 3096 2250 insania
3120 2193 3294 2249 teneri
3321 2207 3387 2248 ac
3408 2192 3554 2247 labo-

1958 2309 2082 2349 rare
2122 2291 2244 2348 vis?
2295 2288 2531 2355 Deinde,
2582 2284 3050 2357 quemadmodum
3095 2284 3383 2355 opiniones
3430 2282 3554 2339 illas

1961 2395 2220 2456 tanquam
2265 2382 2434 2439 falsas
2479 2379 2703 2443 evertis,
2747 2392 2889 2447 quas
2911 2378 2978 2432 de
3000 2377 3219 2447 Opibus,
3253 2376 3321 2431 de
3358 2374 3554 2446 gloria,

1960 2480 2027 2535 de
2052 2478 2305 2547 imperio,
2353 2475 2534 2545 deque
2576 2471 2728 2527 omni
2761 2470 3058 2541 voluptatis
3088 2483 3287 2541 genere
3320 2467 3555 2522 imbibe-

1961 2579 2110 2635 runt,
2155 2584 2294 2640 quas
2330 2582 2422 2622 res
2461 2565 2519 2619 in
2555 2562 2717 2619 bouis
2753 2562 3000 2633 plerique
3021 2559 3556 2629 ducunt?quorsum

1962 2664 2110 2734 leges
2151 2674 2365 2727 omnes,
2409 2658 2706 2727 omniaque
2773 2653 3306 2723 rerumpublicarum
3352 2664 3558 2722 genera

1962 2768 2248 2826 perperam
2292 2751 2545 2807 instituta
2571 2764 2697 2805 esse
2719 2746 3002 2803 defendis?
3053 2753 3150 2799 aut
3174 2745 3221 2798 si
3244 2744 3393 2797 nulla
3418 2742 3473 2797 in
3498 2757 3561 2797 re

1965 2860 2123 2901 secus
2148 2843 2396 2898 homines
2420 2840 2501 2897 illi
2524 2838 2859 2903 sentiebant,
2885 2848 3151 2906 quorsum
3177 2839 3257 2886 tot
3278 2830 3560 2885 volumina

1968 2933 2385 3006 eonscripsisti?
2427 2930 2616 3002 Neque
2637 2931 2784 2985 enim
2807 2971 2822 2995 ,
2849 2928 3047 2998 opinor
3064 2965 3081 2993 ,
3107 2938 3300 2995 sapere
3324 2932 3440 2977 tum
3465 2923 3562 2977 de-

1969 3045 2120 3084 mum
2146 3044 2242 3083 eos
2263 3025 2587 3091 dixerimus,
2636 3038 2760 3079 cum
2787 3022 2853 3076 ad
2879 3019 3193 3090 opinionem
3243 3030 3363 3072 sese
3408 3025 3560 3069 tuam

1970 3121 2341 3191 adjunxerint,
2392 3118 2486 3173 ubi
2533 3128 2715 3172 autem
2758 3114 2829 3169 ab
2849 3128 2911 3168 ea
2954 3110 3327 3176 discesserint,
3352 3107 3557 3163 furere.

1970 3210 2214 3265 Primum
2259 3209 2429 3274 enim,
2476 3208 2780 3277 sapientem
2825 3218 2896 3259 ne
2938 3212 2998 3257 tu
3042 3201 3265 3272 quidem
3295 3200 3473 3269 ipsum
3507 3206 3563 3253 te

1970 3301 2300 3372 pronuntias
2322 3341 2336 3364 ,
2379 3299 2579 3354 nedum
2623 3294 3041 3367 pronuntiemus
3064 3291 3188 3362 ipsi,
3219 3300 3280 3345 ut
3299 3305 3367 3345 ex
3388 3303 3454 3345 eo
3476 3302 3563 3342 re-

1971 3406 2059 3453 cte
2083 3395 2203 3449 illos
2228 3393 2501 3447 interdum
2530 3390 2734 3446 sentire
2753 3389 3066 3459 judieemus
3085 3428 3100 3453 ,
3146 3385 3292 3455 quod
3316 3395 3437 3439 sese
3462 3381 3564 3435 ali-

1972 3487 2193 3556 quando
2219 3485 2285 3539 ad
2310 3494 2461 3537 tuam
2506 3481 2832 3539 sententiam
2877 3476 3189 3550 aggregent.
3230 3475 3466 3538 Deinde,
3503 3480 3564 3527 ut

1972 3578 2029 3633 id
2053 3592 2273 3649 quoque
2300 3591 2490 3632 verum
2517 3575 2609 3640 sit,
2635 3574 2771 3644 quid
2795 3585 3019 3630 necesse
3044 3572 3146 3625 fuit
3171 3571 3394 3624 insanos
3417 3567 3564 3637 pari-

1974 3678 2057 3727 ter
2080 3685 2146 3725 ac
2169 3668 2495 3738 simpliciter
2533 3681 2727 3722 omnes
2751 3664 3062 3737 appellare?
3103 3662 3235 3733 quin
3264 3671 3323 3716 tu
3346 3675 3441 3715 eos
3464 3674 3565 3730 po-

1973 3762 2105 3827 tius,
2150 3770 2421 3830 quatenus
2468 3759 2525 3815 in
2569 3760 2783 3825 eadem,
2831 3774 2937 3829 qua
2962 3766 3043 3824 tu,
3085 3756 3352 3812 sententia
3378 3768 3565 3808 versa-

1974 3854 2195 3917 bantur,
2245 3852 2512 3907 laudabas
2557 3860 2821 3922 tanquam
2850 3851 2983 3906 recti
3008 3866 3073 3905 ac
3092 3849 3207 3904 veri
3246 3846 3451 3917 aliquid
3476 3860 3564 3900 se-

1976 3955 2134 4003 cutos
2180 3961 2194 4001 :
2242 3951 2517 4015 quatenus
2544 3959 2676 3999 vero
2699 3944 2767 3999 ab
2787 3958 2854 3999 ea
2895 3940 3311 4011 diserepabant,
3359 3938 3565 3992 erroris

1976 4055 2072 4096 eos
2095 4055 2160 4094 ac
2182 4038 2449 4102 stultitiae,
2496 4037 2541 4092 si
2583 4036 2656 4091 ita
2681 4035 2993 4101 videbatur,
3040 4031 3341 4103 arguebas?
3388 4029 3567 4085 Testi—

1978 4133 2225 4187 monium
2249 4130 2469 4201 quidem
2496 4129 2751 4185 veritatis
2782 4128 3041 4183 idoneum
3066 4138 3120 4181 et
3145 4126 3482 4196 exploratum
3509 4122 3565 4178 id

1978 4226 2203 4290 habere,
2251 4222 2398 4293 quod
2424 4222 2497 4277 ita
2522 4221 2806 4285 sentirent,
2856 4220 2910 4275 id
2936 4233 3065 4274 vero
3092 4218 3139 4275 si
3164 4233 3273 4273 non
3298 4215 3561 4281 insanire,

1980 4315 2127 4386 quod
2157 4323 2211 4369 tu
2237 4313 2306 4369 de
2332 4313 2443 4368 illis
2464 4312 2772 4377 existimas,
2800 4310 2993 4367 saltem
3020 4310 3090 4365 ab
3113 4308 3262 4363 omni
3296 4307 3565 4378 sapientia

288 4432 631 4500 ἁπαξαπλῶς
683 4433 805 4487 καθ’
832 4432 1178 4505 εἱμαρμένην
1208 4400 1366 4496 εἶναι,
1409 4431 1504 4485 καὶ
1534 4429 1608 4501 μὴ
1644 4427 1716 4497 (εἰ
1745 4425 1863 4498 ἄρα]

1981 4421 2211 4477 prorsus
2241 4405 2482 4459 alienum
2509 4418 2633 4459 esse
2656 4418 2817 4458 nemo
2842 4418 2948 4458 non
2968 4402 3092 4474 jure
3114 4400 3364 4457 fateatur.
3415 4401 3570 4456 Ridi-

287 4527 466 4583 ταῦτα
496 4526 634 4599 μόνα
680 4521 756 4581 ὧν
815 4528 964 4580 ἐστιν
1018 4526 1364 4598 εἱμαρμένη;
1398 4524 1466 4578 Ὅ
1510 4539 1569 4574 τε
1629 4521 1740 4591 γὰρ
1768 4517 1878 4571 τῶν

289 4620 518 4691 Μοιρῶν
545 4619 798 4692 ἀριθμὸς,
832 4621 927 4673 καὶ⁵
960 4620 1028 4675 τὰ
1072 4619 1314 4692 ὀνόματα
1357 4616 1558 4681 αὐτῶν,
1596 4616 1691 4669 καὶ
1721 4617 1749 4668 ὁ
1781 4612 1881 4681 τῆς

290 4710 552 4775 Κλωθοῦς
574 4713 865 4783 ἄτρακτος,
901 4712 997 4766 καὶ⁹
1031 4712 1092 4766 τὸ
1111 4709 1512 4781 ἐπειλημμένον
1535 4709 1683 4779 αὐτῷ
1706 4713 1769 4782 νῆ
1780 4729 1878 4783 μα,

289 4803 390 4856 καὶ
410 4802 475 4855 τὸ
497 4802 823 4873 ὲπίκλωσμα
860 4801 1071 4868 τούτου,
1101 4803 1197 4856 καὶ
1221 4803 1321 4856 ὅσα
1375 4799 1602 4855 τοιαῦτα
1630 4801 1765 4854 ἄλλα
1795 4801 1884 4854 λέ-

366 4953 482 5027 (90)
506 4957 1122 5027 Προκοττειλημμένας,
1144 4967 1247 5012 etc.
1266 4959 1371 5023 Au,
1390 4966 1451 5012 ut
1473 4957 1608 5012 alter
1630 4973 1694 5011 ex
1724 4972 1882 5024 mss.,

293 5024 935 5149 πιροκαταϐεδλημέναςῗ
968 5028 1115 5097 Elige
1139 5072 1153 5092 ,
1185 5029 1314 5110 dum
1366 5044 1599 5094 reponas
1645 5043 1708 5081 ex
1756 5028 1882 5081 eod.

293 5112 481 5149 ατιαε
522 5111 626 5149 ora
669 5098 882 5149 αἰτίοις.
928 5098 1481 5149 Ποοκαταὸάλλεσθαι
1527 5097 1627 5149 τὴν
1678 5096 1881 5149 αἰτίαν.

293 5096 481 5161 αἰτίας
522 5111 626 5165 pro
669 5096 882 5168 αἰτίοις.
928 5096 1481 5168 Προκαταὸάλλεσθαι
1527 5097 1627 5168 τὴν
1678 5096 1881 5163 αἰτίαν,

294 5175 383 5222 est
415 5167 896 5242 npodnoripeoﬂqt,
933 5167 1362 5242 προϋποστῆναι,
1405 5167 1802 5242 προϋπάρχειν’
1830 5176 1887 5222 at

295 5237 947 5311 προκαταλαμϐάνεοθαι,
972 5237 1056 5311 est
1080 5237 1538 5311 προδιορίζεσθάι,
1565 5237 1784 5311 ιιι-σέῤίρί
1821 5255 1886 5293 ac

293 5308 605 5379 praefiniri:
648 5318 942 5432 utrumqlue
975 5308 1289 5363 Stoicorum
1336 5308 1581 5376 dogma,
1605 5309 1757 5379 prius
1804 5318 1883 5362 ta-

298 5393 426 5432 men
466 5378 573 5432 hoc
621 5379 741 5432 loco
768 5395 855 5432 ma
882 5380 974 5432 im.
1011 5379 1222 5432 Causas
1253 5379 1375 5432 illas
1415 5379 1628 5432 Tullius
1668 5389 1883 5432 antecu—

298 5393 426 5432 men
466 5378 573 5433 hoc
621 5379 741 5435 loco
768 5378 974 5434 malim.
1011 5379 1222 5434 Causas
1253 5379 1375 5434 illas
1415 5378 1628 5434 Tullius
1668 5389 1886 5432 antecu—

295 5456 491 5503 dentes
511 5489 527 5513 ,
561 5458 928 5521 antegressas,
965 5452 1308 5520 praepositas,
1341 5451 1677 5521 antepositas
1703 5450 1883 5503 nomi-

296 5530 426 5600 nat,
440 5534 567 5600 qui:
595 5520 1025 5600 προηχούμεναι,
1051 5531 1144 5600 aut
1169 5520 1775 5600 προκαῖαδεὸλημέναι.

372 5588 488 5671 (9})
519 5588 871 5671 Τοιῖκὰλῶξ·
897 5607 1063 5671 ποτε.
1106 5588 1226 5671 Aut
1251 5588 1778 5671 καλῶςῐιιυιξιιόιιηι
1828 5589 1884 5644 in

297 5662 633 5732 xaxip'ig,_aut
678 5662 926 5730 sequenti
977 5663 1226 5732 membro
1271 5662 1485 5730 negatio
1541 5662 1614 5732 μή
1671 5676 1885 5728 expun-

298 5730 497 5801 genda.
528 5727 859 5787 Utrumlibet
901 5732 995 5787 fiat
1016 5773 1029 5798 ,
1064 5730 1140 5802 τῷ
1169 5732 1315 5803 quod
1343 5727 1704 5803 negationem
1735 5727 1882 5786 illam
1917 5748 1923 5759 ι

1983 4498 2141 4553 culus
2166 4512 2295 4567 ergo
2315 4511 2397 4562 es,
2435 4496 2565 4551 dum
2589 4504 2757 4549 testes
2781 4509 2877 4549 eos
2901 4494 2971 4549 ab
2992 4492 3259 4564 ejusmodi
3284 4492 3571 4547 nominum

1985 4588 2336 4658 impositione
2359 4587 2572 4652 laudas,
2606 4584 2806 4656 quibus
2830 4593 3013 4639 tamen
3053 4583 3189 4638 nihil
3215 4597 3454 4652 unquam
3474 4581 3570 4650 ju-

1985 4682 2129 4737 dicio
2155 4681 2348 4736 saltem
2374 4678 2774 4750 prudentiaque
2813 4678 3086 4732 concedas
3112 4694 3125 4730 :
3156 4675 3262 4732 nisi
3287 4690 3449 4740 vero,
3474 4673 3573 4743 qui

1985 4777 2056 4831 ab
2078 4775 2235 4831 initio
2286 4789 2459 4845 genus
2485 4773 2591 4828 hoc
2612 4772 2897 4828 nominum
2942 4770 3107 4826 rebus
3145 4769 3265 4825 istis
3306 4766 3572 4830 indidere,

1986 4954 2264 5027 praecedit,
2294 4954 2622 5027 mendosum
2654 4962 2758 5022 est,
2791 4954 3022 5025 ejusque
3048 4953 3169 5008 loco
3199 4948 3571 5021 reponendum

1985 5027 2067 5092 τό,
2103 5042 2227 5080 cum
2258 5026 2429 5080 altero
2456 5041 2733 5079 manuscr.

2060 5096 2167 5167 (9‘2)
2227 5094 2363 5167 Οὐδ’
2404 5095 2603 5167 ,οὕτως
2655 5090 3412 5167 ἐγρῆνῌφφύοξειηεΜεξηύιιηι
3472 5089 3569 5143 hic

1989 5161 2285 5238 agnoscere
2306 5166 2576 5238 facileest
2593 5183 2609 5238 ;γ
2624 5161 2820 5238 tollere
2843 5161 3077 5218 dillicile.
3107 5161 3217 5238 μου
3238 5164 3571 5238 membrana:

1990 5229 2160 5292 hilum
2191 5237 2403 5306 juvant.
2437 5233 2556 5290 Una
2593 5235 2890 5290 Montacut.
2926 5249 3035 5306 pro_
3057 5231 3379 5306 cptisaelegtt
3412 5229 3569 5306 φησί,

1993 5314 2097 5363 hoc
2158 5302 2210 5360 ui
2272 5305 2454 5372 fallor,
2515 5307 2704 5360 vitium
2770 5302 2955 5375 auget.
3004 5303 3142 5368 Quid
3190 5302 3245 5375 psi
3286 5302 3574 5375 rescriba-

1990 5388 2098 5438 tur,
2131 5377 2252 5431 οὐδέ
2282 5379 2362 5431 vel
2388 5370 2489 5447 οῦκ
2528 5375 2672 5447 ἔχειν
2702 5370 2869 5447 τοῦτο
2891 5374 3052 5447 φύσιν
3072 5413 3085 5438 ,
3111 5372 3212 5447 καὶ
3252 5372 3301 5423 εί
3329 5371 3425 5447 *μὴ*
3452 5370 3577 5447 μαίς

1990 5447 2206 5513 νεσθαι,
2238 5456 2346 5516 etc.
2392 5438 2591 5501 Νοιιιιίἱ
2621 5455 2725 5510 est,
2774 5438 2936 5516 φύσῖν
2968 5443 3273 5516 ούκγέχειν,
3317 5438 3464 5516 divét'
3482 5438 3574 5494 τοῦ

1991 5519 2220 5572 ἄτοπον
2281 5514 2476 5581 εἶναι,
2540 5517 2634 5570 καὶ
2703 5513 3005 5582 ἀπεοικός.
3078 5513 3167 5570 ua
3220 5513 3574 5568 Demostheni.

1995 5588 2213 5655 Olynth.
2246 5604 2308 5649 ll,
2350 5587 2486 5641 Ἀλλ’
2517 5586 2629 5640 οὔτ’
2665 5586 2905 5656 εὔλογον,
2950 5585 3062 5639 οὒτ’
3095 5585 3216 5657 ἕχον
3244 5585 3373 5657 εστὶ
3419 5582 3582 5657 φύσιν

1992 5654 2150 5714 τοῦτό
2177 5676 2260 5729 γε.
2289 5658 2546 5729 Herodot.
2581 5658 2674 5729 lib.
2703 5674 2768 5721 ιι,
2797 5654 2935 5729 Ἕνα
2965 5657 3095 5711 ὄντα
3124 5654 3213 5729 (de
3244 5654 3472 5729 Hercule
3502 5654 3581 5707 lo-

1993 5724 2221 5801 quitur),
2252 5729 2369 5793 πῶς
2401 5728 2561 5799 φύσιν
2590 5727 2703 5798 ἔχει
2738 5726 2940 5792 πολλὰς
2986 5727 3254 5798 μυριάδας
3290 5724 3581 5793 φονεῦσαις
