3856 6224
305 250 401 311 151

943 246 1216 303 EUSEBll
1252 244 1737 306 CAESARIENSIS
1774 244 1930 302 OPP.
1970 244 2153 302 PARS
2193 242 2260 302 11.
2298 276 2369 289 --
2406 245 2924 305 APOLOGETICA.

3473 255 3585 311 $59.

301 370 576 441 sapientes
597 368 759 425 iidem
789 382 921 424 casu
945 366 1131 437 aliquo
1158 366 1395 434 fuerint;
1427 366 1479 422 id
1504 366 1651 437 quod
1670 375 1728 422 tu
1755 381 1885 421 nun-

1991 383 2148 437 γεται
2181 369 2238 420 ἐν
2266 367 2529 431 ἐκείνοις,
2577 367 2915 422 ἐνδείκνυται
2980 370 3042 423 τὸ
3086 370 3443 441 ἀπαράϐατον
3494 376 3590 429 καὶ

301 481 467 536 quam
498 462 828 521 ostenderis.
893 460 1096 517 Verum
1146 460 1306 516 detur
1335 459 1502 514 etiam
1538 460 1664 525 hoc,
1699 474 1896 528 quam:

301 573 410 629 que
436 556 706 623 defendis,
741 571 807 611 ea
835 554 1152 609 nominibus
1195 552 1359 625 265
1406 552 1513 608 illis
1564 552 1895 624 signiﬁcatio

304 651 598 716 tribuatur,
627 664 728 704 nec
754 662 942 703 errore
962 645 1240 715 opinionis
1265 645 1376 699 ullo
1402 643 1608 700 factum
1636 645 1778 700 istud
1810 643 1899 698 fu—

301 743 427 799 erit.
464 741 751 809 Quomodo
776 748 956 794 tamen
981 739 1166 794 omnia
1190 753 1417 808 prorsus
1442 736 1557 792 fato
1582 737 1701 792 tieri
1733 737 1899 808 signi-

304 836 497 901 ficant,
544 851 608 890 ac
658 850 765 889 non
804 834 988 903 potius
1030 832 1112 903 (si
1171 848 1280 902 qua
1333 832 1619 886 nominum
1663 832 1895 887 istorum

304 927 387 982 vis
445 925 566 996 est)
621 940 684 980 ea
741 923 1122 979 tantummodo
1179 939 1302 993 quae
1359 922 1455 977 fati
1506 924 1624 994 lege
1680 931 1900 978 tenean-

303 1020 430 1074 tur?
476 1018 612 1073 Nam
639 1028 692 1073 et
725 1017 1023 1073 Parcarum
1064 1032 1353 1080 numerus,
1398 1016 1753 1086 ipsarumque
1793 1030 1895 1070 no—

301 1113 471 1176 mina,
506 1110 869 1166 etClothonis
893 1110 1072 1174 fusus,
1099 1118 1153 1163 et
1178 1109 1539 1177 glomeratum
1596 1109 1650 1161 in
1713 1123 1780 1163 eo
1835 1106 1897 1162 fi-

300 1205 436 1273 lum,
470 1205 727 1274 ductique
769 1219 835 1259 ex
877 1218 942 1257 eo
986 1204 1235 1258 staminis
1279 1202 1599 1267 necessitas,
1650 1209 1703 1257 et
1742 1216 1896 1271 quaa-

301 1313 519 1367 cunque
568 1297 844 1352 adduntur
867 1304 1154 1366 przeterea,
1200 1305 1409 1350 certum
1436 1293 1575 1349 forte
1601 1294 1894 1365 quemdam

303 1399 467 1458 atque
489 1404 553 1443 ex
581 1388 732 1443 omni
757 1387 1059 1444 :eternitate
1104 1395 1290 1457 aptum
1347 1403 1640 1441 causarum
1667 1387 1809 1441 inter
1837 1402 1896 1441 se

302 1495 502 1535 nexum
529 1480 597 1535 iis
620 1480 676 1533 in
704 1479 869 1534 rebus
895 1478 1207 1542 ostendant,
1233 1493 1356 1548 quae
1378 1477 1689 1533 necessario
1713 1478 1796 1531 vel
1822 1478 1894 1532 ita

298 1574 456 1639 fiant,
502 1574 587 1627 vel
634 1572 792 1627 aliter
820 1572 1023 1627 habere
1067 1586 1177 1626 non
1204 1571 1436 1640 possint.
1493 1570 1809 1640 Cujusmodi
1838 1579 1895 1625 ut

299 1681 423 1722 esse
468 1665 753 1734 plerasque
797 1662 1107 1729 fateamur;
1156 1679 1499 1734 quaecunque
1541 1670 1722 1718 tamen
1772 1664 1892 1733 ejus

298 1755 629 1813 conditionis
656 1773 763 1812 non
790 1763 939 1821 sunt,
986 1757 1054 1812 iis
1078 1756 1330 1812 homines
1354 1756 1550 1826 partim
1578 1755 1890 1811 moderato-

299 1865 390 1905 res
406 1859 766 1921 auctoresque
789 1850 921 1905 deos
945 1850 1334 1915 attribuerunt,
1365 1854 1565 1920 partim
1593 1868 1692 1909 nos
1715 1852 1885 1923 ipsos,

299 1942 496 2012 partim
550 1952 827 2006 naturam,
900 1950 1064 2012 atque
1122 1941 1400 1996 fortunam
1454 1956 1653 1998 causas
1697 1959 1886 1999 earum

298 2034 552 2105 pronrias
591 2049 713 2088 esse
755 2034 1068 2089 voluerunt.
1106 2032 1187 2087 Ac
1210 2031 1445 2088 fortunae
1466 2033 1689 2102 quidem
1720 2044 1779 2088 ut
1804 2033 1888 2087 in-

299 2126 549 2182 stabilem
584 2125 993 2195 volubilemque
1037 2133 1272 2187 motum,
1302 2135 1561 2195 perpetua
1585 2128 1888 2181 mutatione

299 2215 656 2286 conjunctum
682 2214 1055 2279 ostenderent,
1086 2229 1319 2284 eamque
1361 2230 1545 2270 rerum
1572 2215 1889 2269 inconstan-

299 2308 432 2361 tiam
467 2306 764 2361 simulacro
797 2305 1039 2376 quodam
1085 2304 1513 2388 adumbrarent,
1563 2304 1884 2361 insidentem

299 2398 461 2470 globo
508 2399 783 2452 fortunam
812 2412 1152 2467 expressere.
1207 2396 1349 2463 Quid
1374 2399 1419 2453 si
1445 2413 1513 2452 ne
1537 2397 1644 2453 ista
1666 2398 1884 2469 quidem

298 2490 445 2560 apud
488 2489 739 2544 homines
789 2488 894 2543 fixa
941 2489 1168 2543 omnino
1194 2500 1423 2559 rataque
1446 2490 1697 2544 videntur
1724 2491 1889 2546 esse?

298 2589 362 2637 ut
382 2582 529 2637 enim
561 2596 759 2637 causas
811 2582 1088 2637 interdum
1113 2581 1497 2651 principiaque
1537 2582 1885 2648 conturbent,

298 2690 530 2749 quasque
574 2676 661 2730 vel
703 2674 838 2741 fato,
864 2675 1101 2730 velcasu
1145 2674 1306 2739 fiunt,
1355 2688 1420 2729 ea
1446 2675 1632 2730 divino
1654 2673 1889 2729 Numine

298 2766 417 2822 fieri
451 2766 822 2833 arbitrentur;
849 2781 972 2836 qua:
1016 2781 1149 2821 vero
1193 2765 1407 2820 arbitrii
1455 2767 1633 2820 nostri
1678 2766 1888 2821 viribus

296 2858 624 2925 efﬁciuntur,
668 2859 858 2914 eadem
911 2857 1024 2913 fato
1069 2857 1402 2928 assignanda
1446 2865 1638 2927 putent
1687 2876 1702 2912 :
1752 2858 1887 2927 quin

297 2951 565 3023 principia
590 2960 772 3006 tamen
797 2952 983 3006 omnia
1009 2951 1173 3006 rebus
1203 2950 1337 3021 ipsis
1360 2950 1540 3005 inesse
1571 2951 1884 3020 opinentur,

1998 459 2058 523 ἐξ
2105 458 2299 521 αἰῶνος
2356 458 2598 530 καθῆκον
2649 460 2759 512 τῶν
2814 459 3028 523 αἰτιῶν,
3078 462 3180 516 ὅσα
3211 462 3414 518 οὑτωσὶ
3458 483 3593 520 κατ-

1995 555 2340 625 ηνάγκασται
2370 553 2647 622 γενέσθαι,
2682 554 2776 606 καὶ
2822 554 2923 607 ὅσα
2956 553 3132 619 ἄλλως
3157 555 3303 627 ἔχειν
3343 557 3591 612 κεκώλυ-

1996 662 2106 698 ται.
2137 644 2317 697 Πολλὰ
2336 644 2379 697 δ’
2411 643 2477 697 ἂν
2502 645 2587 716 εἴη
2619 645 2686 698 τὰ
2714 644 2957 698 τοιαῦτα·
2987 646 3093 699 ὃσα
3120 646 3179 699 δὲ
3209 647 3308 717 οὐχ
3341 646 3485 701 οὕτω
3511 649 3569 717 γί

1997 752 2169 799 νεται,
2195 734 2402 788 τούτων
2439 735 2550 788 τισὶ
2578 733 2677 804 μὲν
2705 736 2754 787 οἱ
2795 733 3072 806 ἄνθρωποι
3125 735 3279 800 θεοὺς
3307 738 3581 810 διοικητὰς

1998 828 2092 881 καὶ
2119 826 2484 899 δημιουργοὺς
2511 828 2881 898 ἐπεφήμισαν
2927 828 3089 883 τινῶν
3119 828 3178 882 δὲ
3210 830 3358 900 ἡμᾶς
3383 832 3582 897 αὐτοὺς

1996 919 2201 982 αἰτίους
2240 919 2528 972 ὑπέλαϐοψ
2561 919 2737 973 ἄλλων
2763 919 2820 971 δὲ
2843 914 2910 972 αὖ
2946 920 3110 974 πάλιν
3136 920 3235 993 τὴν
3257 921 3442 991 φύσιν,
3492 923 3559 977 ἄλ

1996 1012 2103 1066 λων
2129 1011 2226 1083 τὴν
2257 1011 2448 1083 τύχηψ
2480 1008 2547 1085 ἧς
2577 1012 2637 1065 τὸ
2677 1012 3042 1082 εὐμετάϐολον
3084 1015 3177 1068 καὶ
3208 1015 3461 1080 ἄστατον,
3489 1014 3579 1071 καὶ

1996 1102 2090 1157 νῦν
2125 1103 2223 1174 μὲν
2261 1104 2423 1169 οὓτω,
2456 1103 2550 1157 νῦν
2590 1104 2647 1157 δὲ
2687 1105 2858 1169 οὕτως
2918 1105 3040 1177 ἔχον
3093 1106 3428 1174 ἐνδείξασθαι
3463 1109 3573 1179 βουο

1995 1195 2231 1266 λὸμενοι,
2266 1197 2788 1270 εἰδωλοποιήσαντες
2817 1198 2878 1252 τὸ
2906 1200 3056 1253 ποιὸν
3080 1200 3238 1254 τοῦτο
3270 1201 3582 1274 σύμπτωμα

1994 1289 2103 1341 τῶν
2137 1290 2500 1361 πραγμάτων,
2530 1290 2623 1343 ἐπὶ
2654 1291 2891 1362 σφαίρας
2939 1291 3235 1362 βεϐηκυῖαν
3272 1293 3369 1365 τὴν
3414 1294 3583 1366 τύχην

1995 1384 2222 1450 ἔδειξαν,
2261 1386 2329 1437 Ἢ
2357 1384 2477 1455 οὐχὶ
2500 1383 2557 1437 δὲ
2601 1382 2916 1449 δεδόξασται
2951 1383 3103 1456 παρὰ
3132 1387 3244 1448 τοῖς
3271 1384 3582 1457 ἀνθρώποις

1995 1478 2090 1531 καὶ
2122 1478 2329 1543 ταῦτας
2357 1478 2465 1531 Καὶ
2490 1476 2598 1548 γὰρ
2621 1476 2707 1531 ἀεί
2743 1494 2873 1530 ποτε
2904 1476 3012 1548 (95)
3059 1478 3486 1549 συνταράττουσι
3513 1478 3584 1534 τὰ

1994 1570 2165 1635 αἴτια,
2192 1570 2287 1623 καὶ
2320 1572 2422 1623 ὅσα
2452 1570 2552 1640 μὲν
2578 1568 2697 1622 καθ’
2723 1570 3088 1641 εἱμαρμένην,
3145 1571 3179 1641 ἢ
3238 1570 3378 1625 κατὰ
3408 1571 3581 1643 τύχην

1995 1659 2222 1728 γίνεται,
2246 1660 2419 1713 ταῦτα
2444 1662 2509 1713 ὲκ
2541 1660 2692 1724 θείας
2722 1659 3005 1730 δυνάμεως
3044 1660 3291 1729 γίνεσθαι
3329 1662 3583 1733 νομίζου-

1995 1768 2097 1804 σιν·
2122 1751 2224 1804 ὄσα
2242 1751 2299 1804 δὲ
2328 1752 2456 1820 παρ’
2491 1751 2657 1820 ἡμᾶς,
2688 1750 2862 1803 ταῦτα
2892 1749 3014 1803 καθ’
3036 1750 3396 1822 εἱμαρμένην.
3440 1750 3579 1805 Ἀλλ’

1990 1843 2071 1895 ὅτι
2099 1859 2162 1910 γε
2189 1842 2366 1895 πάντα
2386 1841 2452 1894 τὰ
2476 1843 2623 1895 αἴτια
2645 1840 2821 1895 ταῦτα
2850 1840 2906 1893 ἐν
2939 1843 3052 1904 τοῖς
3092 1836 3211 1894 οὖσι
3252 1853 3278 1882 ι
3321 1839 3577 1905 δοξάζου-

1992 1952 2065 1998 σι,
2093 1932 2254 1987 παντί
2279 1950 2380 1987 που
2407 1933 2585 2004 δῆλον.
2630 1935 2791 1986 Ὥστε
2840 1932 2963 1986 οὐδὲ
3005 1931 3103 1996 τὰς
3126 1932 3235 1987 τῶν
3272 1933 3578 2002 ἀνθρώπων

1991 2028 2308 2098 ὑπολήψεις,
2335 2027 2455 2080 οὐδὲ
2506 2027 2605 2091 τὰς
2635 2026 2812 2091 θέσεις
2844 2026 2952 2080 τῶν
2998 2028 3258 2080 τοιούτων
3296 2026 3579 2097 ὀνομάτων

1991 2122 2403 2193 συμμαρτυρεῖν
2464 2123 2530 2192 τῇ
2602 2120 2929 2191 Χρυσίππου
3002 2117 3130 2192 δόξῃ
3193 2118 3571 2190 συμϐέϐηκε.»

1990 2217 2213 2280 Τούτοις
2245 2215 2372 2285 ἑξῆς
2429 2213 2696 2282 ἐπιλέγει·
2759 2232 2778 2263 ι
2813 2213 2901 2265 Ἐν
2958 2212 3057 2282 μὲν
3105 2207 3198 2265 οὖν
3246 2210 3323 2281 τῷ
3375 2209 3578 2281 πρώτῳ

1989 2310 2128 2377 Περὶ
2160 2306 2522 2378 εἱμαρμένης
2560 2305 2770 2376 βιϐλίῳ,
2805 2304 3082 2364 τοιαύταις
3126 2304 3269 2357 τισὶν
3298 2301 3579 2368 ἀποδείξε-

1991 2417 2074 2454 σιν
2105 2401 2396 2471 κέχρηται⁸
2432 2401 2488 2452 ὲν
2513 2398 2571 2451 δὲ
2619 2397 2698 2468 τῷ
2728 2397 2962 2469 δευτέρῳ
3019 2396 3165 2450 λύειν
3221 2398 3479 2467 πειρᾶται
3505 2392 3575 2447 τὰ

1990 2491 2301 2545 ἀκολουθεῖν
2333 2491 2595 2545 δοκοῦντα
2621 2490 2797 2545 ἄτοπα
2825 2488 2902 2559 τῷ
2929 2488 3072 2559 λόγῳ
3103 2488 3284 2542 πάντα
3309 2504 3577 2559 κατηναγ-

1989 2582 2191 2636 κάσθαι
2223 2582 2455 2651 λέγοντι,
2504 2581 2648 2653 ἆπερ
2674 2582 2768 2635 καὶ
2802 2583 2963 2652 ἡμεῖς
3013 2581 3136 2633 κατ’
3169 2580 3342 2651 ἀρχὰς
3402 2578 3578 2632 ἐτίθε-

1992 2692 2109 2746 μεν’
2139 2670 2252 2728 οἷον
2299 2675 2362 2728 τὸ
2399 2673 2739 2746 ἀναιρεῖσθαι
2759 2673 2827 2726 δι’
2856 2673 3021 2727 αὑτοῦ
3052 2673 3149 2744 τὴν
3184 2670 3243 2737 ἐξ
3272 2670 3429 2743 ἡμῶν
3473 2672 3576 2725 αύ-

1987 2767 2094 2821 τῶν
2146 2766 2454 2839 προθυμίαν
2515 2767 2643 2837 περὶ
2661 2764 2863 2833 ψόγους
2919 2782 2979 2817 τε
3013 2765 3107 2818 καὶ
3150 2763 3430 2830 ἐπαίνους,
3478 2765 3575 2820 καὶ

1988 2864 2326 2936 προτροπὰς,
2360 2865 2456 2916 καὶ
2508 2863 2669 2916 πάνθ’
2709 2865 2810 2916 ὅσα
2857 2862 3010 2935 παρὰ
3046 2864 3147 2934 τὴν
3175 2861 3456 2933 ἡμετέραν
3483 2859 3575 2912 αῖ-

1988 2958 2109 3013 τίαν
2140 2958 2402 3027 γινόμενα
2455 2956 2728 3026 φαίνεται.
2761 2956 2928 3025 Φησὶν
2960 2950 3053 3009 οὗν
3110 2957 3167 3008 ὲν
3211 2953 3289 3024 τῷ
3337 2952 3577 3024 δευτέρῳ

299 3058 460 3098 nemo
505 3060 613 3098 non
648 3043 812 3098 videt.
877 3042 1059 3109 Quare
1096 3056 1166 3096 ne
1206 3042 1517 3097 communis
1541 3042 1633 3096 illa
1667 3043 1885 3112 quidem

1993 3046 2182 3118 βιϐλίῳ
2203 3047 2264 3100 τὺ
2291 3045 2387 3118 μὲν
2421 3046 2480 3113 ἐξ
2525 3045 2686 3118 ἡμῶν
2741 3044 2913 3098 πολλὰ
2941 3043 3186 3113 γίνεσθαι
3211 3043 3368 3115 δῆλον
3407 3038 3573 3105 εἶναι,

298 3134 583 3190 hominum
617 3135 968 3201 existimatio,
992 3133 1077 3188 vel
1100 3132 1370 3203 ejusmodi
1393 3135 1678 3189 nominum
1710 3135 1886 3204 impo-

296 3228 425 3283 sitio
455 3226 744 3297 Chrysippi
775 3225 1060 3281 sententia:
1088 3224 1433 3296 suffragatur.
1469 3244 1491 3278 ι
1548 3225 1760 3294 Quibus
1787 3227 1884 3280 de-

298 3321 490 3391 inceps
535 3320 610 3373 ita
650 3319 834 3373 subdit
876 3337 890 3372 :
923 3336 943 3369 (
972 3319 1050 3372 Ac
1079 3319 1254 3388 primo
1283 3319 1534 3389 quidem,
1567 3320 1766 3390 inquit,
1808 3320 1885 3374 De

300 3413 402 3483 fati
455 3411 764 3466 necessitate
800 3410 961 3477 libro,
1010 3411 1065 3465 id
1106 3426 1280 3481 genus
1328 3411 1888 3467 demonstrationibus

299 3505 471 3559 utitur
516 3522 529 3557 :
579 3503 819 3559 secundo
847 3510 1028 3557 autem
1061 3503 1298 3557 absurda
1345 3503 1437 3556 illa
1472 3504 1682 3557 diluere
1716 3520 1888 3559 cona-

299 3604 388 3649 tur
409 3633 426 3661 ,
479 3610 601 3664 quas
631 3609 700 3649 ex
740 3608 806 3648 ea
848 3593 1103 3663 opinione
1126 3632 1143 3658 ,
1194 3607 1316 3663 quae
1345 3593 1530 3647 omnia
1564 3595 1890 3648 necessitate

299 3687 647 3757 constringit,
697 3686 1091 3755 consequentia
1122 3684 1437 3751 videantur,
1473 3700 1595 3754 quae
1620 3700 1719 3739 nos
1751 3700 1890 3754 quo-

300 3796 407 3850 que
449 3780 553 3835 sub
605 3779 995 3849 disputationis
1042 3776 1208 3847 hujus
1257 3777 1472 3832 initium
1533 3778 1820 3848 posuimus
1872 3797 1885 3833 :

298 3870 530 3940 exempli
560 3885 728 3925 causa
781 3868 898 3923 tolli
921 3866 1170 3923 funditus
1193 3882 1343 3933 eum,
1377 3867 1473 3936 qui
1504 3882 1536 3921 e
1566 3867 1726 3921 nobis
1755 3867 1889 3937 ipsis

297 3961 534 4026 exsistit,
561 3960 821 4029 impetum
843 3998 859 4024 ,
887 3974 986 4014 seu
1010 3958 1280 4026 vituperet
1303 3958 1574 4027 quispiam
1596 3998 1612 4023 ,
1646 3973 1743 4012 seu
1770 3958 1893 4012 lau-

298 4055 408 4120 det,
436 4068 532 4109 seu
566 4052 905 4117 cohortetur,
937 4065 1035 4106 seu
1066 4049 1199 4119 quid
1223 4049 1373 4104 aliud
1399 4064 1590 4103 eorum
1613 4049 1727 4115 fiat,
1760 4064 1870 4119 quo

298 4158 422 4198 rum
446 4158 613 4197 causa
642 4157 764 4197 esse
789 4142 1197 4197 consuevimus.
1234 4140 1421 4211 Itaque
1452 4141 1593 4196 libro
1625 4143 1893 4213 secundo,

298 4234 470 4288 multa
513 4233 731 4302 quidem
759 4232 916 4286 nobis
946 4232 1265 4286 auctoribus
1295 4230 1411 4285 fieri
1434 4269 1452 4298 ,
1486 4241 1652 4301 atque
1693 4232 1745 4287 id
1769 4249 1892 4301 per-

300 4324 551 4393 spicuum
571 4336 710 4387 esse,
738 4322 881 4376 ultro
901 4319 1104 4376 fatetur
1131 4339 1145 4375 :
1180 4322 1369 4376 eadem
1398 4330 1579 4377 tamen
1609 4325 1890 4378 communi

367 4470 395 4500 α
418 4461 501 4514 τον.
536 4455 661 4510 add.
690 4451 850 4510 εἶναι.
926 4457 955 4496 h
974 4456 1059 4510 ἷσ.
1088 4455 1191 4512 del.
1214 4458 1285 4511 εί.

371 4586 482 4659 (93)
522 4586 632 4639 Ἀει
655 4602 830 4659 noce.
849 4586 1085 4659 Omnino
1117 4586 1323 4641 εἴποτε
1356 4603 1551 4659 sensus
1600 4590 1875 4658 postulat;

298 4657 545 4730 sequitur
592 4659 737 4712 enim
786 4657 898 4710 ἀλλ’
928 4659 1116 4727 ὅτιγε,
1159 4667 1263 4712 etc.
1293 4658 1440 4728 quod
1487 4657 1670 4715 minus
1703 4657 1880 4730 possit

297 4744 422 4784 cum
450 4727 558 4793 ἀεί,
594 4730 905 4781 convenire.

370 4797 1040 4870 (94)_£vrxaQetydp0ai,
1072 4808 1179 4853 etc.
1225 4799 1590 4869 Sophisticam
1629 4800 1790 4865 hanc,
1823 4810 1879 4858 et

300 4868 654 4941 ματαιολόγον
706 4868 994 4941 Chrysippi
1038 4868 1317 4941 rationem
1385 4872 1586 4926 diserte
1664 4870 1877 4928 Tullius

296 4938 527 5008 explicat
580 4940 674 4993 lib.
709 4938 783 4991 De
818 4938 965 5008 fato,
999 4940 1088 4994 ubi
1141 4941 1255 4995 haec
1306 4943 1445 4995 inter
1475 4950 1709 4997 caetera:
1749 4943 1878 4997 Han:

298 5011 460 5073 ratio,
496 5010 671 5083 inquit
709 5009 900 5080 (ἀργός
928 5011 1014 5083 ille
1029 5009 1223 5083 λόγος,
1264 5021 1323 5065 ut
1348 5012 1685 5083 Chrysippus
1716 5028 1879 5067 voca-

298 5083 420 5145 bat;
459 5081 550 5150 sed
587 5088 703 5134 erat
744 5096 871 5134 vere
917 5082 982 5134 ad
1029 5080 1282 5134 Proteum
1314 5080 1876 5150 liunc'constringen-

298 5149 616 5225 dnm,_j.tét)._a
640 5152 858 5225 ἐνεργός
884 5168 984 5225 τις,
1014 5151 1107 5203 καὶ
1125 5152 1562 5225 ,ἐνεργητικόςλᾳ
1584 5149 1875 5225 Chrysippo

300 5221 715 5288 reprelienditur.
749 5222 1008 5285 Quasdam
1052 5223 1189 5274 enim
1227 5221 1378 5279 sunt.
1406 5221 1604 5290 inquit,
1636 5221 1705 5274 ini
1723 5225 1874 5277 rebus

298 5291 583 5359 simplicia,
617 5292 860 5361 quwdam
898 5291 1165 5361 copulata.
1210 5290 1446 5361 Simplex
1472 5301 1587 5345 est:
1619 5312 1638 5344 ι
1683 5291 1870 5346 Morie-

300 5369 387 5411 tur
416 5377 474 5432 eo
503 5362 588 5412 die
630 5359 899 5416 Socrates.
949 5380 967 5411 ι
1003 5359 1143 5414 Huic
1165 5402 1180 5426 ,
1220 5359 1333 5414 sive
1358 5363 1483 5432 quid
1532 5362 1733 5431 fecerit,
1768 5364 1875 5417 sive

300 5446 403 5483 non
434 5430 637 5502 fecerit,
671 5432 851 5502 ﬁnitus
880 5440 956 5483 est
982 5432 1240 5502 moriendi
1265 5430 1395 5485 dies.
1429 5433 1494 5483 At
1519 5430 1564 5484 si
1594 5433 1671 5485 ita
1702 5433 1873 5502 fatum

298 5501 444 5571 sint
479 5498 745 5571 Nascetur
762 5500 1000 5567 (Edipus
1034 5500 1166 5554 Laio
1201 5520 1219 5552 ι
1247 5518 1351 5555 non
1379 5503 1571 5571 poterit
1605 5498 1733 5568 dici,
1768 5506 1875 5557 sive

302 5570 460 5643 fuerit
492 5569 654 5622 Laius
688 5587 807 5623 cum
837 5571 1072 5643 muliere,
1114 5574 1220 5625 sive
1246 5588 1347 5625 non
1380 5569 1578 5643 fuerit;
1623 5573 1873 5642 copulata

298 5640 440 5713 enim
479 5654 556 5692 res
597 5650 692 5706 cst,
731 5642 1128 5713 et‘coufalglis.
1172 5643 1247 5696 sic
1282 5640 1424 5696 enim
1472 5640 1702 5713 appellat
1744 5645 1872 5705 (hoc

299 5708 480 5776 ipsum
527 5719 611 5764 est
669 5711 811 5781 quod
864 5708 951 5765 hic
1005 5711 1370 5783 Diogenianus
1429 5708 1873 5787 αἱιουγκαθει-

1985 3139 2109 3193 οὐδὲ
2136 3139 2192 3193 δὲ
2219 3134 2379 3210 ἦττον
2409 3136 2881 3207 συγκαθειμάρθαι
2905 3136 3016 3207 (94)
3043 3136 3135 3189 καὶ
3178 3134 3353 3187 ταῦτα
3376 3136 3441 3204 τῇ
3465 3132 3577 3186 τῶν

1986 3233 2123 3287 ὅλων
2153 3232 2436 3303 διοικήσει·
2472 3231 2735 3304 κέχρηταί
2776 3248 2835 3283 τε
2860 3228 3266 3300 παραδείγμασι
3312 3223 3575 3288 τοιούτοις

1987 3322 2117 3376 τισί.
2148 3323 2223 3375 Τὸ
2263 3322 2373 3394 γὰρ
2426 3322 2500 3394 μὴ
2545 3319 2884 3384 ἀπολεῖσθαι,
2936 3319 3089 3389 φησὶ,
3136 3316 3432 3386 θοιμάτιον,
3473 3313 3574 3384 οὐχ

1987 3414 2177 3479 ἁπλῶς
2212 3414 2569 3486 καθείμαρτο,
2595 3414 2731 3468 ἀλλὰ
2762 3412 2903 3484 μετὰ
2932 3410 3027 3464 τοῦ
3061 3408 3442 3480 φυλάττεσθαν
3479 3408 3577 3460 καὶ

1989 3508 2049 3561 τὸ
2080 3510 2145 3561 ἐκ
2182 3506 2290 3560 τῶν
2345 3507 2619 3577 πολεμίοιν
2671 3503 3015 3577 σωθήσεσθαι
3042 3502 3195 3556 τόνδε
3246 3501 3389 3564 τινὰ,
3433 3498 3575 3571 μετὰ

1988 3599 2083 3653 τοῦ
2109 3600 2220 3669 (95)
2257 3598 2475 3668 φεύγειν
2519 3598 2681 3654 αὑτὸν
2709 3598 2837 3661 τοὺς
2865 3594 3175 3667 πολεμίους·
3208 3594 3302 3648 καὶ
3335 3593 3397 3646 τὸ
3421 3592 3577 3662 γενέ-

1992 3690 2115 3744 σθαι
2148 3690 2362 3753 παῖδας,
2408 3688 2545 3760 μετὰ
2588 3689 2681 3743 τοῦ
2707 3686 2990 3759 βούλεσθαι
3024 3687 3301 3739 κοινωνεῖν
3328 3682 3572 3753 γυναικί.

1993 3784 2202 3851 ’Ὠσπερ
2227 3781 2354 3851 γὰρ,
2378 3782 2563 3851 φησιν,
2601 3780 2693 3833 sib
2712 3825 2725 3843 ,
2760 3776 3007 3846 λέγοντός
3036 3792 3177 3839 τινος
3228 3774 3575 3845 Ἡγήσαρχον

1990 3876 2081 3929 τὸν
2111 3875 2323 3946 πύκτην
2342 3870 2724 3940 ἐξελεύσεσθαι
2767 3870 2862 3924 τοῦ
2910 3870 3120 3938 ἀγῶνος
3152 3867 3370 3931 πάντως
3399 3865 3575 3936 ἄπλη-

1992 3983 2139 4028 κτον,
2168 3966 2382 4027 ἀτόπως
2408 3963 2474 4018 ἆν
2509 3981 2593 4027 τις
2619 3961 2772 4032 ἠξίου
2802 3960 3062 4014 καθιέντα
3112 3960 3211 4023 τὰς
3247 3960 3439 4029 χεῖρας
3480 3954 3575 4008 τὸν

2004 4059 2349 4128 Ἠγήσαρχον
2395 4056 2505 4127 (96)
2574 4054 2865 4126 μάχεσθαι,
2922 4054 3044 4107 ἐπεὶ
3104 4052 3379 4122 ἄπληκτον
3409 4046 3573 4103 αὐτὸν

1992 4150 2243 4204 ἀπελθεῖν
2271 4148 2623 4220 καθείμαρτο,
2644 4147 2737 4200 τοῦ
2762 4147 2859 4218 τὴν
2879 4146 3151 4216 ἀπόφασιν
3180 4142 3573 4214 ποιησαμένου,

1992 4243 2080 4297 διὰ
2110 4242 2208 4314 τὴν
2235 4242 2626 4313 περιττοτέραν
2684 4237 3005 4311 τάνθρώπου
3046 4237 3181 4308 πρὸς
3208 4235 3269 4288 τδ
3297 4233 3371 4305 μὴ
3402 4232 3575 4302 πλήτ-

1994 4333 2179 4388 τεσθαι
2206 4333 2475 4404 φυλακὴν,
2508 4330 2667 4387 τοῦτο
2708 4332 2974 4395 εἰπόντος·
3009 4328 3153 4384 οὕτω
3202 4327 3298 4381 καὶ
3344 4325 3438 4379 ἐπὶ
3461 4322 3575 4377 τῶν

1974 4588 2234 4659 μάρθαι).
2298 4588 2484 4660 Pergit
2524 4607 2536 4641 :
2582 4586 2641 4642 Si
2695 4597 2829 4641 esset
2874 4587 3075 4660 dictum
3118 4601 3189 4660 ενι
3258 4582 3575 4660 Luctabitur

1981 4655 2242 4729 Olympiis
2290 4655 2437 4721 Milo:
2476 4677 2494 4708 ι
2538 4668 2587 4711 et
2622 4660 2849 4729 referret
2899 4657 3101 4729 aliquis,
3145 4657 3280 4729 (hoc
3307 4665 3416 4729 est,
3449 4655 3572 4729 κατ’

1979 4724 2358 4799 ἀνθυποφορὰν
2394 4724 2799 4797 συλλογίζοιτο),
2831 4746 2851 4778 ι
2888 4724 3030 4799 Ergo
3056 4728 3163 4799 sive
3191 4724 3432 4778 habuerit
3474 4726 3575 4777 ad-

1979 4796 2292 4864 versarium,
2324 4801 2430 4853 sire
2463 4796 2571 4854 non)
2616 4800 2881 4862 habuerit,
2929 4796 3242 4860 luctabitur,
3277 4816 3295 4845 ι
3327 4803 3569 4857 erraret;

1979 4881 2055 4923 est
2084 4871 2223 4923 enim
2250 4870 2575 4939 copulatum,
2608 4870 2925 4931 luctabitur,
2951 4875 3079 4937 quia
3119 4869 3233 4920 sine
3263 4866 3570 4939 adversario

1980 4940 2130 4993 nulla
2166 4936 2385 4993 luctatio
2410 4949 2506 4993 est.
2541 4939 2732 4995 Omnes
2759 4940 2923 5008 igitur
2951 4936 3103 5008 istius
3131 4936 3571 5008 generiscaptic—

1980 5027 2068 5063 nes
2112 5011 2291 5063 eodem
2340 5011 2493 5063 modo
2544 5006 2902 5073 refelluntur:
2939 5027 2958 5057 ι
3013 5007 3130 5062 Sive
3174 5018 3230 5060 tu
3263 5006 3571 5059 adhibueris

1979 5081 2265 5145 medicum,
2298 5081 2402 5133 sive
2431 5097 2534 5133 non
2558 5080 2885 5140 adhibueris,
2921 5077 3271 5136 convalesces.
3305 5095 3324 5127 ι
3360 5076 3572 5145 captio-

1978 5166 2132 5213 sum;
2173 5159 2278 5203 tam
2313 5152 2451 5203 enim
2489 5160 2565 5204 est
2594 5150 2780 5219 fatale,
2813 5149 3073 5219 medicum
3112 5148 3381 5219 adhibere,
3407 5161 3571 5219 quam

1979 5220 2353 5274 convalescere.
2389 5215 2633 5289 Hcccput
2665 5220 2801 5281 dixi.
2838 5218 3133 5289 confatalia
3183 5215 3562 5289 ille‘appeltat.

2050 5290 2160 5361 (95)
2193 5291 2352 5345 Μετὰ
2380 5290 2507 5345 τοῦ.
2551 5288 2630 5345 lta
2663 5298 2807 5345 recte
2854 5287 2959 5344 ms.
2991 5289 3176 5344 Altera
3218 5287 3406 5353 editio,
3440 5301 3567 5356 per-

1978 5377 2187 5447 peram,
2218 5361 2361 5447 μετα
2393 5361 2474 5415 τό.

2051 5430 2159 5501 t96)
2218 5429 2609 5501 'Hriicmpzor.
2655 5429 2865 5502 Pugilis
2923 5430 3090 5498 hujus
3139 5431 3282 5502 inter
3307 5436 3570 5502 _c:_eteros

1976 5496 2602 5556 Pausanias'honoriiice
2629 5496 2897 5561 meminit.
2940 5496 3161 5557 'Hltax.
3195 5500 3271 5553 B'.
3306 5496 3569 5552 Tritaaen-

1977 5587 2090 5626 sem
2122 5572 2273 5625 illum
2308 5569 2457 5638 facit,
2491 5571 2835 5627 Haemostrati
2872 5572 3068 5635 lilium,
3095 5586 3259 5641 quem
3293 5568 3449 5641 testis
3480 5576 3561 5620 est

1977 5642 2209 5711 publicis
2236 5651 2471 5712 quatuor
2515 5642 2907 5699 certaminibus
2952 5639 3164 5698 nobiles
3207 5639 3564 5711 insignesque

1975 5712 2188 5783 palmas
2222 5712 2493 5768 retulisse.
