3894 6220
169 283 276 340 ιεδ

1338 277 1662 335 ΡΒΕΡΑΒ.
1707 277 1962 335 EVANG.
2004 277 2135 333 LIB.
2187 279 2277 335 Vl.

3353 281 3460 338 454

170 405 349 459 ἀλλων
378 403 513 475 ἔχει.
549 401 729 457 Πολλά
756 401 865 475 γὰρ
892 401 1152 457 δύνασθαι
1209 414 1237 444 ι
1283 402 1536 473 γενέσθαι
1601 402 1761 475 χωρὶς

1876 401 1988 459 l'ato
2016 419 2082 458 ex
2112 402 2355 459 universi
2396 402 2871 459 administratione
2902 414 3027 476 apta
3059 421 3179 462 esse
3209 422 3462 478 nexaque

170 494 266 551 τοῦ
297 496 394 549 καὶ
422 496 571 567 ἡμᾶς
602 494 908 565 βούλεσθαι,
959 496 1058 551 καὶ
1097 494 1487 564 ὲκτενεστάτην
1542 511 1607 564 γε
1633 496 1761 567 περὶ

172 588 313 641 αὐτὰ
342 586 652 660 προθυμίαν
673 604 734 640 τε
765 588 860 641 καὶ
889 585 1127 658 σπουδὴν
1179 587 1531 659 ἐκφέρεσθαι,
1572 586 1759 657 ἐπειδὴ

176 680 316 751 μετά
335 679 549 743 τούτου,
582 678 768 751 φησὶν,
819 678 961 733 αύτά
984 678 1237 748 γενέσθαι
1258 678 1613 750 καθείμαρτο.
1646 678 1761 731 Πά-

171 772 254 824 λιν
280 766 374 825 οὖν
397 770 677 825 κάνταῦθα
706 770 1007 843 θαυμάσειέ
1031 789 1113 835 τις
1146 770 1469 843 τάνθρώπου
1499 770 1559 823 τὸ
1585 770 1761 824 ἀθεώ-

174 881 339 935 ρητον
377 863 472 917 καὶ
511 862 941 932 ἀνεπιλόγιστον,
993 865 1091 917 καὶ
1139 864 1248 918 τῶν
1286 863 1583 936 ὲναργειῶν
1625 862 1756 932 (97),

172 953 267 1006 καὶ
298 953 399 1024 τῆς
436 952 544 1006 τῶν
565 954 721 1032 ⁶ἰδίων
751 954 926 1024 λόγων
979 955 1391 1019 ἀνακολουθίας.
1430 952 1598 1027 Οἶμαι
1624 955 1756 1028 γὰρ,

171 1046 275 1109 ὅτι,
312 1045 565 1116 καθάπερ
604 1046 666 1099 τὺ
692 1046 1025 1119 καλούμενον
1063 1047 1235 1117 γλυκὺ
1257 1090 1272 1115 ,
1311 1048 1389 1120 τῷ
1440 1049 1758 1119 καλουμένῳ

170 1139 354 1210 πικρῷ
385 1138 732 1210 συμϐέϐηκεν
760 1139 1152 1195 ἐναντιώτατον
1184 1136 1346 1205 εἶναι,
1382 1139 1461 1211 τῷ
1488 1158 1547 1194 τε
1578 1141 1758 1212 λευκῷ

168 1232 230 1286 τὸ
261 1233 451 1304 μέλαν,
480 1234 573 1287 καὶ
598 1232 677 1305 τῷ
703 1233 899 1307 ψυχρῷ
929 1234 990 1286 τὸ
1014 1233 1235 1305 θερμόνο
1261 1234 1464 1287 οὑτωσὶ
1491 1233 1549 1286 δὲ
1582 1235 1676 1287 καὶ
1698 1233 1758 1287 τὸ

167 1327 465 1398 παρ’ήμᾶς
481 1325 558 1397 τῷ
591 1325 713 1380 καθ’
740 1326 1107 1398 εἱμαρμένηνο
1166 1328 1306 1396 εἴγε
1339 1327 1460 1381 καθ’
1484 1327 1757 1398 εἱμαρμέ-

165 1434 265 1487 νην
291 1418 389 1488 μὲν
414 1419 595 1471 ἐκεῖνα
625 1417 813 1472 καλεῖν
848 1418 1196 1490 προείληφεν,
1227 1419 1327 1472 ὅσα
1371 1418 1465 1472 καὶ
1522 1418 1758 1472 ἑκόντων

165 1508 326 1580 ⁴ἡμῶν
351 1510 447 1562 καὶ⁸
472 1510 716 1564 ἀκόντων
762 1509 981 1575 πάντως
1041 1510 1270 1579 γίνεται·
1331 1510 1461 1581 παρ’
1520 1512 1667 1581 ἡμᾶς
1699 1510 1757 1563 δὲ

164 1601 267 1655 ὅσα
291 1603 357 1654 ὲκ
386 1601 479 1655 τοῦ
514 1601 837 1666 σπουδάζειν
868 1603 1018 1673 ἡμᾶς
1045 1603 1141 1655 καὶ
1167 1604 1412 1673 ἐνεργεῖν
1470 1603 1563 1655 ἐπὶ
1603 1602 1757 1665 τέλος

165 1691 409 1763 ἔρχεται,
438 1692 470 1764 ἦ
497 1693 647 1765 παρά
673 1695 735 1748 τὸ
758 1694 980 1766 ἀμελεῖν
1010 1695 1105 1748 καὶ
1131 1694 1395 1766 ῥᾳθυμεῖν
1441 1694 1543 1747 οὐκ
1573 1696 1755 1747 ἐπιτε-

162 1761 359 1837 λεῖται.
405 1761 531 1839 Ἐάν
562 1761 746 1839 τοίνυν
769 1761 834 1839 ὲκ
862 1785 956 1839 τοῦ
987 1761 1313 1850 σπουδάζειν
1353 1786 1454 1857 ἐμὲ
1478 1785 1758 1856 θοιμάτιον
1788 1761 1832 1815 Β

164 1877 457 1945 φυλάττειν
488 1879 666 1932 ἐκεῖνο
696 1877 957 1951 σώζηται,
987 1880 1081 1932 καὶ
1136 1881 1201 1932 ἐκ
1226 1877 1322 1932 τοῦ
1370 1877 1656 1949 βούλεσθαι
1688 1880 1755 1951 τῇ

163 1968 389 2035 γυναικὶ
414 1968 737 2040 πλησιάζειν
760 1969 829 2024 τά
855 1971 1023 2024 τέκνα
1050 1970 1291 2041 γίνηται,
1316 1971 1413 2024 καὶ
1434 1972 1499 2024 ἐκ
1519 1969 1615 2023 τοῦ
1644 1969 1762 2040 βού-

164 2052 355 2107 λεσθαι
380 2054 601 2125 φεύγειν
631 2059 761 2122 τοὺς
816 2058 1110 2130 πολεμίους
1146 2059 1208 2112 τὸ
1273 2058 1349 2131 μὴ
1396 2059 1760 2132 ἀποθνήσκειν

167 2145 260 2199 ὑπ’
294 2147 498 2213 αὐτῶν,
524 2149 619 2202 καὶ
647 2152 713 2203 ὲκ
752 2149 848 2204 τοῦ
896 2150 1261 2222 διαμάχεσθαι
1291 2152 1430 2222 πρὸς
1462 2152 1554 2205 τὸν
1591 2153 1760 2205 ἀντα-

165 2238 438 2309 γωνιστὴν
488 2239 770 2311 ἀνδρείως,
817 2241 1180 2310 φυλάττεσθαί
1230 2259 1291 2296 τε
1321 2242 1488 2296 αὑτοῦ
1530 2242 1630 2307 τὰς
1651 2243 1761 2297 τῶν

164 2327 369 2399 χειρῶν
402 2330 681 2398 ἐπιϐολὰς,
710 2332 770 2387 τὺ
805 2331 1085 2405 ἄπληκτον
1119 2335 1184 2388 ὲκ
1208 2334 1302 2388 τοῦ
1344 2334 1557 2404 ἀγῶνος
1583 2333 1761 2388 ἀπαλ-

164 2422 484 2479 λάσσεσθαι·
525 2427 644 2490 πῶς
665 2427 724 2480 τὸ
774 2429 894 2482 καθ’
925 2431 1268 2503 εἱμαρμένην
1323 2430 1559 2486 ἐνταῦθα
1588 2431 1761 2505 σωθή-

166 2531 363 2582 σεται;
390 2518 452 2571 El
487 2519 589 2588 μὲν
630 2520 738 2593 γάρ
801 2524 922 2576 κατ’
955 2525 1174 2596 ἐκείνην
1217 2522 1391 2577 ταῦτα
1445 2522 1757 2596 συμϐαίνει,

166 2610 305 2681 παρ’
338 2611 488 2680 ἡμᾶς
538 2612 638 2666 οὐκ
682 2611 750 2666 ἂν
807 2613 1019 2683 λέγοιτο
1073 2614 1416 2686 συμϐαίνειν
1461 2615 1595 2669 εἰδὲ
1626 2615 1760 2688 παρ’

163 2702 338 2771 ἡμᾶς,
363 2701 466 2755 οὑκ
499 2702 563 2757 ἂν
600 2708 720 2757 κατ’
745 2705 958 2778 ἐκείνην
989 2706 1214 2779 δηλαδὴ,
1240 2707 1328 2761 διὰ
1379 2707 1442 2761 τὸ
1499 2708 1573 2779 μὴ
1602 2707 1762 2761 δύνα⁹

165 2792 295 2846 σθαι
319 2794 646 2865 συνδραμεῖν
676 2795 849 2849 ταῦτα
908 2797 1179 2870 ἀλλήλοις.
1232 2799 1392 2853 Ἀλλὰ
1454 2803 1585 2873 παρ’
1610 2801 1762 2871 ἡμᾶς

164 2882 272 2959 μὲν
305 2884 478 2948 ἔσται,
523 2887 677 2956 φησὶ,
745 2888 1214 2960 περιειλημμένου
1270 2891 1453 2960 μέντοι
1502 2890 1597 2944 τοῦ
1628 2893 1760 2964 παρ’

161 2978 319 3049 ἡμᾶς
343 2976 448 3030 ὑπὸ
468 2979 565 3047 τῆς
594 2978 959 3049 εἱμαρμένης.
994 2979 1104 3030 Καὶ
1137 2978 1275 3043 πῶς,
1310 2979 1517 3051 εἴποιμ’
1546 2979 1634 3046 ἂν,
1664 2997 1762 3035 πε-

1864 495 2170 550 couteudit.
2212 494 2391 566 Atque
2424 495 2471 549 is
2498 495 2604 551 hoc
2630 496 2685 551 in
2719 512 2951 567 genere,
2985 497 3300 566 huiusmodi
3332 499 3459 571 qui-

1862 587 2093 642 busdam
2137 588 2399 659 exemplis
2426 588 2620 643 utitur.
2666 587 2802 643 Nam
2844 598 2905 645 ut
2949 591 3076 661 quis
3110 600 3317 647 vestem
3346 607 3455 647 non

1862 679 2099 743 amittat,
2140 679 2341 750 inquit,
2366 681 2530 752 266
2573 681 2893 752 simpliciter
2937 684 2990 737 in
3048 683 3161 739 fato
3213 700 3325 739 non
3352 692 3458 752 est,

1863 771 1957 825 sed
1982 786 2043 825 ea
2072 770 2292 827 demum
2339 774 2673 838 conditione,
2706 774 2749 829 si
2775 774 3059 846 diligenter
3087 790 3207 829 eam
3238 791 3461 831 conser-

1862 871 1990 918 vet:
2028 864 2129 930 sic,
2182 874 2242 919 ut
2267 881 2409 921 unus
2441 867 2642 937 aliquis
2670 882 2736 921 ex
2768 867 3008 922 hostium
3042 869 3297 925 manibus
3321 870 3462 925 libe-

1860 967 2040 1022 retur,
2092 958 2137 1011 si
2170 958 2333 1012 modo
2357 958 2425 1013 ab
2453 960 2521 1015 iis
2547 960 2650 1013 sibi
2676 969 2906 1014 caveat:
2939 961 3051 1025 sic,
3095 970 3154 1016 ut
3177 962 3301 1031 quis
3326 962 3461 1018 libe-

1861 1062 1955 1103 ros
1992 1049 2293 1119 suscipiat,
2340 1051 2384 1106 si
2411 1052 2615 1106 versari
2644 1061 2824 1108 tamen
2854 1069 2977 1108 cum
3007 1070 3177 1109 uxore
3201 1056 3458 1112 voluerit.

1861 1138 2335 1206 Quemadmodum
2381 1144 2565 1209 enim,
2611 1144 2823 1214 inquit,
2862 1147 3098 1202 absurde
3138 1145 3341 1203 faceret
3365 1148 3461 1219 qui

1861 1229 2268 1301 Hegesarchum
2317 1235 2577 1305 pugilem,
2633 1237 2780 1306 quod
2808 1251 2934 1291 eum
2969 1253 3198 1308 prorsus
3229 1239 3458 1294 illaesum

1860 1342 1890 1382 e
1917 1329 2217 1384 certamine
2260 1329 2635 1384 discessurum
2685 1330 2974 1392 audiissct,
3028 1330 3283 1385 demissis
3309 1331 3461 1401 ahje-

1859 1418 2071 1490 ctisque
2100 1420 2358 1475 manibus
2389 1436 2634 1491 pugnare
2659 1422 2853 1486 vellet,
2904 1422 3349 1492 quandoquidem
3378 1422 3461 1477 l'a-

1860 1519 1975 1566 tum
2001 1510 2071 1565 ab
2104 1511 2252 1564 omni
2274 1516 2409 1564 'eum
2438 1511 2592 1581 plaga
2640 1526 2896 1565 securum
2930 1520 3216 1581 praestaret
3263 1530 3278 1567 :
3331 1527 3457 1567 cum

1860 1602 1930 1669 is,
1961 1602 2121 1673 cujus
2149 1618 2213 1658 ea
2242 1617 2343 1656 vox
2375 1611 2542 1665 esset,
2586 1603 2637 1657 id
2665 1612 2872 1657 tantum
2898 1603 2969 1657 ob
2997 1603 3265 1674 insignem
3294 1613 3460 1673 atque

1862 1694 2190 1764 singularem
2247 1692 2489 1747 hominis
2539 1693 2592 1746 in
2639 1692 2976 1748 declinandis
3012 1692 3210 1748 ictibus
3248 1693 3461 1748 cautio-

1860 1800 1984 1838 nem
2007 1826 2021 1849 ,
2062 1783 2306 1839 futurum
2351 1784 2601 1838 dixisset.
2665 1782 2741 1838 lta
2768 1786 2978 1840 caeteris
3001 1784 3054 1839 in
3080 1785 3244 1840 rebus
3267 1785 3460 1840 eodem

1860 1874 2021 1945 plane
2069 1875 2234 1929 modo
2281 1874 2783 1944 philosophandum
2810 1890 2951 1930 esse.
3011 1874 3461 1947 Quippe,multa

1859 1967 2041 2037 plane,
2093 1967 2198 2022 nisi
2225 1976 2280 2021 et
2311 1983 2372 2021 ea
2402 1969 2656 2033 velimus,
2688 1975 2741 2021 et
2768 1967 2822 2021 in
2847 1968 3037 2023 eadem
3078 1970 3345 2024 acerrima
3376 1969 3458 2024 si-

1862 2060 1976 2114 mul
2007 2062 2358 2116 contentione
2389 2077 2454 2117 ac
2485 2062 2971 2118 vehementissimo
3013 2065 3196 2119 studio
3246 2065 3462 2119 incum-

1860 2150 2093 2216 bamus,
2133 2150 2251 2206 fleri
2284 2152 2435 2206 nullo
2467 2152 2630 2207 modo
2674 2168 2873 2223 posse,
2927 2162 3118 2224 utpote
3144 2171 3265 2224 quae
3288 2154 3459 2209 fatum

1861 2244 1934 2299 sit
1975 2259 2100 2299 cum
2146 2259 2210 2300 ea
2262 2254 2476 2300 tantum
2511 2246 2829 2301 conditione
2874 2245 3014 2302 ﬁeri.
3057 2245 3156 2301 Hic
3185 2262 3314 2302 vero
3335 2248 3463 2317 quis

1861 2352 1969 2390 non
2006 2336 2205 2391 iterum
2254 2337 2624 2394 inconsultam
2655 2346 2709 2393 et
2733 2337 2973 2408 ineptam
3012 2338 3253 2394 hominis
3285 2339 3464 2409 philo-

1861 2430 2135 2499 sophiam,
2169 2430 2254 2485 vel
2296 2431 2369 2485 ob
2412 2430 2711 2485 novitatem
2759 2430 3138 2499 probationum
3165 2433 3251 2487 vel
3278 2433 3346 2487 ob
3370 2448 3461 2487 ar-

1859 2528 2243 2589 gumentorum
2290 2519 2582 2575 discidium
2621 2519 2748 2589 jure
2773 2520 3041 2575 miretur?
3084 2519 3348 2591 Equidem
3379 2522 3463 2576 sic

1861 2611 2137 2677 existimo,
2159 2610 2329 2665 nihilo
2354 2610 2530 2681 magis
2554 2611 2720 2665 rebus
2748 2611 2836 2677 iis,
2854 2626 2977 2681 qua:
3000 2609 3115 2666 fato
3150 2612 3309 2679 ﬁunt,
3328 2627 3456 2667 cum

1862 2701 1952 2768 iis,
1999 2718 2123 2772 qua:
2168 2711 2356 2757 nostra
2400 2717 2467 2755 ex
2512 2702 2793 2756 voluntate
2824 2704 3079 2771 pendent,
3111 2718 3273 2770 quam
3313 2703 3462 2760 dulci

1862 2811 1987 2852 cum
2018 2795 2240 2858 acerbo,
2273 2794 2356 2847 vel
2381 2793 2541 2863 nigro
2570 2809 2695 2848 cum
2729 2793 2874 2857 albo,
2898 2794 2980 2848 vel
3007 2793 3187 2848 calido
3211 2810 3339 2849 cum
3367 2794 3464 2849 l‘ri-

1863 2888 1991 2957 gido
2024 2890 2336 2941 convenire.
2396 2884 2535 2940 Nam
2586 2895 2647 2940 ut
2679 2901 2741 2940 ea
2790 2885 2901 2940 fato
2944 2887 3215 2956 assignari
3243 2887 3462 2958 vulgata

1864 2987 2090 3041 notione
2131 2984 2344 3052 solent,
2390 3000 2515 3055 quae
2556 2985 2792 3039 velimus
2839 2985 3145 3040 nolimusve
3181 2985 3344 3051 ﬁant;
3381 2986 3463 3041 sic

164 3068 561 3143 ριειλημμένου
581 3084 596 3132 ;
620 3066 675 3119 εἴ
700 3084 764 3137 γε
791 3068 885 3122 καὶ
916 3068 979 3122 τὸ
1010 3069 1302 3138 φυλάττειν
1339 3071 1638 3142 θοιμάτιον,
1664 3071 1757 3127 καὶ

1865 3081 2149 3151 potestatis
2182 3096 2245 3135 ea
2282 3091 2486 3135 nostra:
2527 3088 2842 3145 censentur,
2896 3094 3019 3147 qua:
3047 3080 3129 3134 vel
3162 3080 3343 3135 studio
3376 3080 3462 3136 la-

160 3164 227 3217 τδ
265 3162 343 3233 μὴ
405 3159 728 3230 φυλάττειν,
789 3161 896 3214 ἀπὸ
943 3164 1041 3234 τῆς
1097 3161 1348 3227 ἐξουσίας
1402 3164 1613 3232 ἐγίνετο
1658 3163 1759 3235 τῆς

161 3254 335 3326 ὲμῆςο
366 3251 512 3306 οὕτω
560 3252 672 3324 γάρ
719 3253 814 3307 καὶ
856 3252 953 3306 τοῦ
990 3250 1261 3318 σώζεσθαι
1309 3255 1470 3308 τοῦτο
1520 3255 1762 3326 δηλονότι

162 3349 361 3420 κύριος
399 3345 466 3400 ἂν
491 3345 610 3417 εἴην
640 3345 770 3415 ἐγώ.
802 3346 913 3400 Καὶ
941 3343 1002 3411 ἐξ
1028 3347 1199 3418 αὐτῆς
1230 3348 1286 3401 δὲ
1326 3350 1426 3420 τῆς
1453 3348 1759 3421 διαστολῆς,

162 3444 233 3513 ἢν
273 3441 510 3492 ποιεῖται
554 3437 899 3510 Χρύσιππος,
931 3438 1090 3507 δῆλον
1141 3438 1351 3508 γίνεται
1398 3440 1761 3495 ἀπολελύσθαι

162 3534 269 3604 τῆς
296 3530 641 3603 εἱμαρμένης
675 3530 771 3602 τὴν
801 3532 932 3602 παρ’
958 3532 1109 3601 ἡμᾶς
1141 3531 1340 3584 αἰτίαν.
1376 3531 1762 3604 Καθείμαρται

164 3624 303 3696 γὰρ,
362 3623 519 3693 φησι,
575 3620 813 3693 σωθῆναι
847 3620 1148 3692 θοιμάτιον,
1184 3623 1232 3674 εί
1264 3622 1553 3693 φυλάττοις
1580 3622 1761 3677 τοῦτο⁶

166 3718 266 3771 καὶ
294 3714 493 3778 παῖδας
522 3713 762 3778 ἔσεσθαι,
803 3715 852 3767 εί
884 3714 980 3767 καὶ
1012 3715 1076 3769 σὺ
1107 3714 1449 3786 βουληθείης·
1474 3716 1648 3779 ἄλλως
1682 3715 1758 3781 δὲ,

170 3810 249 3882 μὴ
285 3809 352 3863 ἀν
381 3807 602 3862 ἔσεσθαί
624 3826 678 3862 τι
704 3809 929 3866 τούτων.
986 3810 1110 3863 Ἐπὶ
1154 3809 1210 3863 δὲ
1263 3809 1372 3863 τῶν
1405 3810 1512 3863 ὑπὸ
1560 3809 1657 3880 τῆς
1686 3810 1763 3861 εί-

172 3905 467 3977 μαρμένης
492 3904 1055 3976 προκατειλημμένων
1088 3905 1189 3958 οὐκ
1221 3903 1287 3959 ἀν
1320 3921 1455 3959 ποτε
1499 3904 1764 3974 ὑποτιμή-

170 4015 292 4052 σεσι
312 3997 593 4061 τοιαύταις
612 3997 977 4069 χρησαίμεθα.
1005 3994 1215 4053 Οὐκοῦν
1240 3999 1269 4038 ι)
1302 4015 1483 4069 φαμεν
1508 3998 1761 4069 τεθνήξε-

172 4090 300 4144 σθαι
323 4088 504 4143 πάντα
529 4089 835 4162 ἄνθρωπον,
869 4092 918 4143 εἰ
939 4090 1059 4143 τόδε
1097 4106 1151 4143 τι
1203 4090 1432 4159 γένοιτο·
1473 4090 1547 4161 μὴ
1583 4089 1764 4162 τεθνή-

174 4180 363 4246 ξεσθαι
392 4180 469 4248 δὲ,
506 4182 554 4234 εἰ
599 4181 673 4254 μὴ
705 4183 937 4252 γένοιτο·
993 4181 1108 4235 ἀλλ’
1154 4181 1342 4246 ἁπλῶς
1383 4181 1759 4252 τεθνήξεσθαι,

174 4274 280 4329 κᾶν
304 4272 487 4328 ὁτιοῦν
509 4274 647 4347 πρὸς
673 4276 734 4329 τὸ
762 4275 835 4347 μὴ
863 4274 1227 4346 ἀποθνήσκειν
1272 4275 1501 4329 καθόλου
1535 4275 1759 4344 γίνοιτο.

174 4367 247 4420 Ἦ
270 4366 348 4438 μὴ
393 4366 685 4439 ἀλγηδόνος
732 4367 951 4422 ἔσεσθαι
1008 4369 1257 4423 δεκτικὸν
1300 4368 1584 4441 ἄνθρωπόν
1616 4386 1759 4435 τινα,

1866 3175 2108 3243 boreque
2140 3182 2331 3227 nostro
2363 3172 2738 3243 perducantur
2768 3171 2833 3225 ad
2865 3170 3051 3237 linem,
3082 3172 3166 3225 vel
3195 3173 3467 3242 negligen-

1865 3264 1938 3318 tia
1973 3272 2161 3317 nostra
2196 3261 2512 3332 imperfecta
2564 3270 2902 3316 remaneant.
2970 3259 3026 3314 Si
3061 3277 3191 3331 ergo
3230 3271 3460 3330 vestem,

1864 3356 2011 3425 quod
2037 3355 2269 3425 diligens
2304 3354 2357 3407 in
2390 3369 2454 3409 ea
2477 3354 2849 3409 conservanda
2879 3351 3096 3419 fuerim,
3122 3370 3229 3407 non
3256 3354 3417 3411 amisi
3443 3374 3456 3410 :

1864 3449 1909 3503 si
1941 3449 2039 3502 abs
2069 3463 2155 3502 me
2178 3446 2334 3501 liberi
2362 3446 2759 3515 suscipiuntur,
2790 3445 2936 3515 qu'od
2968 3461 3082 3499 rem
3110 3445 3311 3501 habere
3335 3462 3461 3502 cum

1863 3559 2035 3598 uxore
2058 3542 2323 3597 voluerim
2354 3541 2434 3595 :si
2468 3540 2612 3610 quod
2646 3540 2778 3593 mihi
2809 3539 2878 3593 ab
2903 3539 3156 3594 hostibus
3196 3540 3458 3607 caverim,

1863 3651 2054 3689 eorum
2083 3633 2337 3689 manibus
2363 3647 2471 3686 non
2505 3631 2686 3685 interii
2715 3649 2728 3685 :
2762 3629 2808 3685 si
2829 3631 2973 3700 quod
3003 3629 3215 3685 fortiter
3237 3647 3301 3686 ac
3326 3641 3463 3687 stre-

1864 3741 1971 3779 nue
2004 3740 2128 3779 cum
2156 3722 2475 3778 adversario
2508 3721 2853 3785 certaverim,
2906 3721 3135 3791 ejusque
3168 3723 3463 3792 petitiones

1863 3832 2055 3871 omnes
2085 3814 2330 3886 diligenti
2348 3814 2601 3869 cautione
2624 3813 2906 3878 eluserim,
2934 3812 3127 3867 eodem
3154 3814 3462 3870 certamine

1863 3909 1982 3963 sine
2010 3908 2169 3978 plaga
2214 3906 2507 3961 defunctus
2553 3920 2677 3967 sum
2710 3923 2724 3959 :
2754 3904 2848 3975 qui
2876 3903 3030 3959 locus
3062 3903 3118 3958 in
3164 3904 3251 3959 bis
3293 3905 3462 3963 rebus

1863 3999 1975 4054 fato
2007 3998 2379 4069 relinquitur?
2431 3996 2726 4052 Enimvero
2754 3996 2799 4051 si
2835 3994 2949 4050 fato
2975 3995 3092 4050 haec
3118 3995 3302 4050 omnia
3331 4012 3465 4051 con-

1863 4093 2102 4163 tingunt,
2135 4091 2324 4145 eadem
2370 4090 2421 4143 vi
2458 4097 2645 4143 nostra
2693 4087 2990 4158 contigisse
3025 4101 3187 4141 nemo
3218 4087 3343 4157 jure
3376 4086 3463 4142 di-

1862 4186 2005 4239 xerit
2051 4183 2186 4238 :siu
2229 4192 2412 4237 autem
2464 4182 2516 4235 vi
2560 4189 2771 4245 nostra,
2818 4178 2988 4233 l‘atum
3022 4178 3267 4248 profecto
3295 4177 3462 4235 simul

1862 4276 2208 4342 excludatur,
2252 4274 2398 4344 quod
2445 4273 2656 4327 nullum
2701 4272 2844 4326 inter
2880 4286 3000 4327 sese
3023 4271 3281 4326 duo‘ista
3308 4287 3462 4327 com-

1864 4368 2129 4425 mercium
2158 4367 2361 4421 habere
2399 4364 2634 4435 possint.
2677 4363 2813 4429 lmo,
2849 4364 3049 4433 inquit,
3096 4364 3146 4418 vi
3177 4364 3341 4419 simul
3365 4381 3460 4420 vo-

174 4459 281 4512 κᾶν
305 4458 427 4512 ταδὶ
474 4459 731 4532 πράσσοι·
778 4460 915 4516 ἀλλά
966 4461 1121 4515 πάντ’
1154 4462 1439 4534 ἄνθρωπον
1473 4462 1761 4534 ἀλγηδόνος

1866 4461 2093 4517 luutatis
2138 4468 2341 4514 nostrte
2378 4457 2543 4524 lient,
2574 4457 2720 4528 quod
2747 4472 2812 4511 ea
2856 4456 2939 4511 vis
2978 4454 3322 4529 facultasque
3356 4472 3459 4513 no-

175 4549 314 4605 εἶναι
337 4552 610 4616 δεκτικὸν,
641 4551 735 4606 ἐάν
762 4571 821 4607 τε
869 4553 1147 4626 βούληται,
1179 4555 1272 4608 ἐάν
1303 4571 1363 4607 τε
1394 4557 1490 4626 μή.
1525 4555 1635 4608 Kal.
1663 4555 1763 4607 ὅσα

177 4645 313 4698 ἀλλα
369 4644 592 4707 οὑτωσὶ,
656 4647 751 4700 καὶ
802 4645 876 4717 μὴ
929 4645 1123 4710 ἄλλως,
1186 4645 1328 4717 ἔχειν
1374 4645 1760 4718 καθείμαρται.

182 4739 345 4791 Ὥστε
380 4738 476 4791 καὶ
506 4750 530 4777 ο
562 4737 623 4791 τὸ
650 4739 904 4808 γενέσθαι
928 4739 1049 4792 τόδε
1086 4756 1140 4792 τι
1167 4739 1461 4808 ἀναγκαῖόν
1492 4741 1661 4799 ἐστιν,
1715 4739 1764 4791 εἰ

183 4830 578 4903 βουληθείημεν
601 4833 782 4903 ἡμεῖς,
805 4832 980 4895 ἄλλως
1008 4831 1087 4897 δὲ,
1131 4833 1274 4904 οὐχί⁸
1306 4832 1560 4905 φανερὸν,
1590 4833 1672 4886 ὅτι
1704 4831 1765 4883 τὸ

179 4925 329 4994 ἡμᾶς
364 4922 689 4995 βουληθῆναι
720 4940 775 4976 τι
808 4925 902 4978 καὶ
933 4924 1006 4996 μὴ
1040 4923 1364 4996 βουληθῆναι
1391 4925 1481 4977 ὑπ’
1511 4923 1768 4995 οὐδεμιᾶς

182 5015 377 5087 ἐτέρας
409 5014 585 5078 αίτίας
612 5015 1026 5086 προκατείχετο,
1059 5015 1172 5069 ἀλλ’
1194 5011 1262 5087 ἦν
1304 5014 1675 5080 αὐτεξούσιον.
1703 5015 1767 5068 El

181 5107 237 5160 δὲ
260 5107 422 5160 τοῦτο
441 5107 926 5176 ἀκατανάγκαστον
952 5104 1041 5180 ἦν,
1069 5108 1165 5162 xui.
1184 5108 1245 5162 τὸ
1266 5108 1517 5177 γενέσθαι
1537 5107 1655 5161 τόδε
1693 5124 1770 5170 τι,

182 5199 359 5272 δῆλον,
394 5192 470 5262 ὡς
509 5199 605 5252 ἀπ’
638 5199 833 5263 αἰῶνος
860 5201 920 5252 ού
958 5200 1371 5272 προκατείχετοο
1402 5200 1451 5251 εί
1485 5200 1559 5270 μή
1593 5216 1647 5251 τι
1676 5198 1772 5251 καὶ

182 5293 311 5346 αὐτὸ
344 5291 407 5345 τὸ
438 5289 723 5362 βούλεσθαι
755 5292 1046 5362 φυλάττειν
1066 5292 1365 5363 θοιμάτιον,
1392 5291 1427 5363 ἢ
1467 5291 1542 5363 μὴ
1585 5290 1771 5361 βούλε-

170 5460 176 5487 ξ
249 5417 275 5447 ι
306 5423 403 5477 π).
439 5404 517 5476 μὴ
543 5404 659 5458 δύν.
736 5405 767 5445 ι»
799 5422 888 5475 π).
921 5402 1136 5459 οὔκουν.
1212 5414 1235 5443 α
1267 5403 1352 5458 Ζσ.
1389 5403 1457 5456 εί.

101 5597 116 5611 _
250 5536 364 5613 (97)
409 5541 524 5613 Kal
576 5539 696 5613 τῶῖ
737 5537 1372 5613 ὲναργειῷνηνετθοτη
1402 5548 1461 5593 ut
1514 5537 1761 5613 ist:e_vel

186 5608 632 5683 Chrysippi,_vel
669 5608 981 5683 Diogeniani
1015 5610 1296 5683 ένάργιιαι
1329 5608 1761 5683 siut_admodum

186 5676 453 5756 ἐναργεῖς.
484 5680 615 5735 libi
634 5676 855 5756 quidem
884 5676 1238 5756 subobscura;
1266 5687 1414 5735 sunt.
1442 5676 1764 5756 Existimavi

187 5748 366 5809 tamen
415 5766 591 5812 novas
631 5748 1149 5811 hominiserationes
1184 5750 1266 5806 sic
1309 5748 1591 5820 appellari,
1624 5762 1764 5817 quas

1867 4563 1978 4609 stra
2007 4554 2127 4622 ipso
2154 4564 2371 4622 quoque
2399 4546 2511 4603 fato
2533 4548 2722 4602 clausa
2759 4555 3028 4601 teneatur.
3072 4546 3210 4615 Ain,
3252 4547 3346 4602 tu?
3381 4554 3463 4601 te-

1867 4646 2100 4699 neatur!
2153 4639 2259 4707 Qui
2309 4640 2426 4694 lieri
2478 4639 2693 4709 possit?
2739 4653 2866 4693 nam
2910 4638 2956 4693 si
2995 4648 3202 4694 vestem
3247 4647 3303 4693 et
3330 4653 3462 4693 con-

1869 4751 2129 4800 servare,
2180 4742 2235 4789 et
2286 4748 2393 4786 non
2459 4747 2828 4800 conservare,
2887 4730 3157 4787 libertatis
3215 4731 3459 4786 arbitrii-

1869 4844 1977 4897 que
2014 4827 2121 4881 mei
2162 4835 2245 4881 est
2289 4844 2302 4880 :
2342 4836 2489 4880 certe
2526 4833 2587 4879 ut
2624 4825 2811 4880 eadem
2877 4834 3252 4889 conservetur,
3297 4823 3461 4895 267

1870 4921 1926 4974 in
1983 4934 2105 4991 mea
2175 4934 2393 4989 quoque
2448 4924 2716 4988 potestate
2768 4915 2932 4971 situm
2991 4922 3094 4970 est.
3154 4912 3257 4969 Sed
3310 4915 3459 4968 enim

1871 5009 2161 5065 manifeste
2216 5009 2301 5063 vel
2349 5024 2414 5063 ex
2479 5008 2594 5077 ipsa
2637 5005 2924 5076 Chrysippi
2984 5003 3334 5059 distinctione
3372 5017 3460 5057 se-

1872 5102 2091 5171 quitur,
2150 5101 2557 5156 antecedentem
2610 5098 2663 5151 in
2728 5097 2886 5151 nobis
2931 5108 3155 5149 causam
3205 5093 3274 5147 ab
3308 5092 3457 5147 omni

1872 5193 1986 5249 fato
2015 5194 2242 5247 liberam
2268 5209 2333 5248 ac
2363 5192 2602 5247 solutam
2627 5205 2767 5245 esse.
2794 5186 3027 5256 Quippe,
3053 5192 3259 5239 vestem
3286 5184 3457 5250 enim,

1876 5287 2075 5357 inquit,
2112 5285 2430 5341 conservari
2481 5284 2652 5338 fatum
2701 5291 2815 5346 est,
2859 5280 2906 5334 si
2950 5292 3069 5333 eam
3114 5276 3455 5343 servaveris;

1869 5539 1987 5606 ipse
2034 5534 2668 5607 perspicuascrederet,
2718 5539 2975 5607 tanquam
3014 5545 3085 5607 ex
3138 5525 3462 5607 quotidiana

1870 5599 2055 5661 rerum
2085 5616 2139 5664 et
2159 5599 2544 5675 'exemplorum
2591 5617 2695 5662 usu
2726 5599 3173 5671 experientiaqué
3205 5599 3454 5670 isprom-

1870 5687 2014 5748 ptas.
