3856 6224
304 230 509 301 ,ιεει

1378 136 1435 151 ...ν

1036 231 1308 291 EUSEBII
1346 235 1831 297 CAESARIENSIS
1870 241 2023 297 OPP.
2067 243 2256 301 PARS
2293 244 2358 301 Il.
2398 275 2471 288 -—
2506 243 3011 308 APOLOGETICA.

3564 257 3683 314 ιεσ

406 347 614 418 suscipi
650 347 748 404 abs
781 357 838 405 te
870 349 1099 414 liberos.
1132 352 1178 407 si
1208 354 1475 412 volueris:
1515 371 1698 423 secus,
1728 367 1984 416 neutrum

2091 363 2236 430 σθαι,
2267 364 2420 436 παρά
2443 382 2566 419 τινα
2615 366 2977 439 εἱμαρμένην,
3011 368 3107 423 καὶ
3152 386 3298 425 κατα
3327 372 3506 425 αἰτίαν
3541 372 3679 437 ἐξῶ-

404 441 543 497 flcri.
577 443 646 498 At
667 444 722 497 in
753 443 842 509 iis,
866 460 989 515 quae
1012 444 1108 500 fati
1138 448 1444 506 necessitas
1473 459 1818 521 occupasset,
1856 468 1988 508 con-

362 554 370 560 ·
403 535 706 592 ditionibus
733 537 852 592 istis
882 553 1165 609 nunquam
1202 549 1504 597 uteremur.
1535 540 1646 598 Nec
1684 545 1831 599 enim
1873 561 1990 600 mo-

403 624 639 682 riturum
674 628 973 697 quemlibet
1004 631 1281 686 hominem
1337 633 1597 703 dicimus,
1637 636 1685 692 si
1710 636 1861 708 .quid
1902 637 1988 693 fa-

406 730 557 774 etum
589 721 725 786 erit;
759 737 867 775 non
893 723 1247 791 moriturum,
1276 725 1321 780 si
1345 724 1552 781 factum
1584 744 1694 783 non
1720 730 1858 784 erit:
1894 729 1992 786 sed

404 814 566 884 plane
596 830 662 868 ac
694 816 1018 884 simpliciter
1055 818 1409 885 moriturum,
1452 820 1719 889 quidquid
1768 823 1991 879 demum

403 905 471 960 ad
507 915 734 961 mortem
786 909 1135 964 devitandam
1193 911 1398 966 factum
1448 914 1573 968 erit.
1617 912 1729 969 Nec
1781 925 1991 971 certum

404 997 662 1066 aliquem,
695 998 741 1053 si
776 1000 883 1053 hoc
906 999 1110 1055 illudve
1143 1000 1357 1067 fecerit,
1389 1005 1458 1059 ab
1485 1005 1635 1058 omni
1665 1004 1854 1060 dolore
1883 1007 1990 1061 im-

405 1105 627 1143 munem
684 1090 964 1157 futurum;
1003 1101 1059 1146 at
1096 1094 1440 1163 simpliciter,
1476 1095 1752 1150 hominem
1802 1113 1995 1167 quem-

405 1181 558 1248 libet,
589 1182 719 1237 velit
766 1184 924 1248 nolit,
962 1185 1135 1240 dolori
1168 1202 1290 1240 esse
1331 1187 1654 1242 obnoxium.
1704 1188 1882 1258 Atque
1919 1190 1993 1244 ita

402 1273 470 1327 de
515 1267 728 1328 caneris
776 1275 1051 1341 omnibus,
1094 1292 1217 1345 quae
1258 1277 1363 1333 hoc
1406 1278 1592 1344 modo,
1638 1294 1748 1332 non
1808 1279 1989 1345 aliter,

404 1364 607 1419 habere
641 1381 760 1421 sese
809 1365 981 1420 fatum
1014 1380 1117 1421 est.
1161 1367 1343 1434 Quare
1380 1369 1426 1424 si
1480 1369 1692 1440 aliquid
1744 1372 1863 1427 ﬁeri
1896 1388 1994 1426 ne-

403 1471 556 1512 cesse
586 1468 697 1523 est,
732 1459 895 1512 modo
934 1458 987 1513 id
1032 1460 1309 1527 velimus;
1366 1476 1528 1517 secus
1577 1472 1785 1531 autem,
1826 1464 1990 1518 mini-

403 1564 521 1603 me:
560 1550 731 1620 liquet
762 1552 1009 1617 omnino,
1065 1564 1123 1607 ut
1173 1554 1306 1609 illud
1356 1556 1539 1625 ipsum
1582 1565 1680 1611 aut
1726 1556 1990 1612 vellemus

405 1649 502 1697 aut
532 1644 825 1711 nollemus,
874 1662 1096 1702 causam
1141 1648 1306 1702 aliam
1367 1650 1780 1706 antecedentem
1821 1649 1992 1706 fuisse

2092 453 2185 508 θεν
2218 456 2530 525 ἀναγκαίαν
2577 458 2803 526 ἐγίνετο.
2865 460 3004 513 Ἀλλ’
3053 461 3194 516 οὕτω
3225 462 3408 516 τέλεον
3458 465 3492 534 ἡ
3548 466 3681 537 παρ’

2090 550 2237 621 ἡμᾶς
2263 547 2644 621 ὲξουσιαστικὴ
2667 550 2893 622 δύναμις
2928 554 3234 625 ἀναιρεῖται
3256 596 3271 619 ,
3329 556 3422 610 καὶ
3466 558 3567 611 οὐκ
3597 556 3681 612 ἔτι

2094 638 2319 704 σώζοιτο
2350 640 2417 695 ἂν
2449 641 2728 712 θοιμάτιον
2763 645 2913 717 παρά
2961 647 3060 716 τὴν
3117 647 3294 701 αἰτίαν
3321 649 3420 719 τὴν
3449 648 3610 721 ἐμὴν,
3640 649 3678 722 ἦ

2094 732 2438 787 ἀπολλύοιτο’
2469 733 2549 787 διὸ
2582 736 2677 789 καὶ
2725 736 2843 807 εἴην
2900 737 2966 792 ἂν
3014 738 3125 808 ἐγὼ
3174 741 3270 793 καὶ
3304 741 3679 812 ἀπολλυμένου

2092 823 2303 887 τούτου,
2335 824 2478 878 κατά
2502 825 2660 893 λόγον
2680 825 2744 879 ἂν
2766 829 3087 900 ὲπιτίμητος
3109 843 3135 872 ι
3169 831 3323 903 (άλλη
3359 833 3468 904 γὰρ
3489 834 3617 888 ἄλλο
3653 835 3682 875 δ

2092 931 2178 978 τις
2214 915 2495 969 ἀπώλλυεν
2525 916 2743 985 αἰτία,),
2776 920 2869 972 καὶ
2907 919 3214 991 σωζομένου
3242 923 3402 976 πάλιν
3431 924 3684 995 οὐδαμῶς

2094 1005 2501 1077 ἐπαινούμενος,
2530 1008 2611 1061 ὅτι
2647 1009 2779 1079 μηδὲ
2803 1009 2962 1063 τοῦτο
2990 1011 3320 1083 εἰργαζόμην
3349 1012 3476 1082 ἐγώ.
3509 1016 3580 1069 Σὺ
3601 1015 3682 1080 δὲ,

2094 1099 2169 1162 ὡς
2192 1099 2365 1153 σῶσαι
2394 1102 2571 1155 πάντα
2602 1102 2917 1174 δυνάμενος,
2952 1105 3124 1170 οὕτως
3176 1108 3453 1160 ἀνετείνου
3488 1107 3567 1178 τῷ
3594 1107 3686 1160 λό-

2095 1206 2231 1260 γῳ.»
2266 1190 2455 1245 Ταῦτα
2486 1192 2586 1262 μὲν
2617 1196 2645 1247 ὁ
2700 1194 3067 1265 προδηλωθείς
3105 1196 3261 1267 ἀνὴρ.
3320 1197 3583 1268 Συνήφθω
3623 1198 3686 1252 δὲ

2094 1283 2305 1346 τούτοις
2334 1284 2428 1337 καὶ
2466 1284 2535 1337 τὰ
2564 1286 2673 1338 ἀπὸ
2731 1285 2838 1339 τῶν
2878 1287 3225 1361 Ἀλεξάνδρου
3273 1289 3367 1342 τοῦ
3435 1290 3686 1362 Ἀφροδι-

2096 1374 2277 1437 σιέως,
2309 1374 2500 1445 ἀνδρὸς
2528 1371 2586 1429 εὖ
2648 1377 2794 1446 μάλα
2825 1377 3116 1448 διαφανοῦς
3140 1382 3198 1433 ὲν
3225 1384 3338 1444 τοῖς
3367 1381 3507 1435 κατά
3533 1381 3685 1450 φιλο-

2097 1464 2289 1533 σοφίαν
2317 1464 2517 1533 λόγοις,
2549 1464 2607 1526 ὃς
2640 1467 2734 1520 καὶ
2766 1467 2928 1531 αὐτὸς
2950 1470 3006 1521 ὲν
3022 1472 3129 1532 τοῖς
3155 1469 3294 1537 Περὶ
3327 1472 3685 1540 εἱμαρμένης

2095 1555 2316 1609 τοιαῖσδ’
2343 1557 2615 1628 ἐχρήσατο
2644 1560 2849 1626 φωναῖς
2882 1561 2960 1622 εἰς
2997 1560 3305 1631 ἀνασκευὴν
3356 1560 3450 1613 τοῦ
3482 1560 3684 1631 δόγμα-

2094 1666 2207 1713 τος.

403 1735 643 1802 nullam;
682 1738 776 1793 sed
813 1748 1108 1810 utrumque
1146 1758 1375 1812 prorsus
1406 1744 1461 1798 in
1494 1752 1682 1799 nostra
1730 1753 2002 1816 potestate
2037 1745 2225 1800 situm.
2266 1744 2423 1811 Quod
2472 1744 2520 1799 si
2547 1743 2694 1798 nulla
2727 1744 2780 1799 id
2809 1744 3131 1801 necessitate
3185 1746 3542 1801 constrictum
3564 1755 3685 1826 est,

404 1837 464 1882 ut
503 1832 635 1905 certi
679 1835 843 1886 etiam
879 1834 1084 1903 aliquid
1129 1835 1245 1898 ﬁat,
1299 1845 1674 1907 antegressam
1732 1854 1801 1893 ex
1838 1837 2141 1893 aeternitate
2199 1852 2420 1893 causam
2479 1838 2685 1893 nullam
2740 1853 2863 1893 esse
2895 1847 3143 1894 constat:
3201 1839 3307 1894 nisi
3341 1839 3500 1903 forte,
3534 1839 3684 1908 quod

400 1928 606 1975 vestem
654 1938 981 1979 conservare
1015 1932 1110 1979 aut
1144 1925 1481 1984 voluerimus
1515 1938 1613 1983 aut
1654 1928 2017 1994 uoluerimus,
2061 1928 2165 1984 hoc
2213 1932 2391 1999 ipsum
2430 1928 2542 1985 fato
2570 1930 2828 2001 quodam,
2881 1939 2935 1985 et
2978 1944 3158 1986 causa:
3209 1931 3440 2001 alicujus
3477 1931 3683 1987 extrin-

402 2032 562 2073 secus
593 2027 924 2090 antegrcssa:
950 2023 1275 2079 necessitate
1305 2023 1510 2081 factum
1544 2026 1780 2082 dicatur.
1814 2026 2002 2096 Atqui,
2045 2024 2293 2081 funditus
2349 2026 2453 2082 hoc
2497 2028 2661 2083 modo
2691 2025 2968 2083 facultatis
2996 2036 3051 2082 et
3099 2027 3309 2083 arbitrii
3339 2028 3510 2083 nostri
3541 2028 3685 2083 ratio

402 2114 726 2171 tolleretur:
760 2132 863 2172 nec
891 2117 1004 2186 jam
1041 2119 1096 2173 in
1130 2135 1217 2175 me
1243 2122 1413 2178 vestis
1441 2131 1539 2177 aut
1566 2124 1971 2189 conservandae,
2015 2131 2110 2177 aut
2147 2124 2457 2179 amittendae
2477 2138 2647 2180 causa
2693 2124 3073 2179 antecederet:
3123 2123 3367 2193 adeoque
3418 2131 3479 2178 ut
3504 2123 3682 2190 omni,

405 2208 489 2264 vel
524 2224 590 2264 ea
639 2210 874 2279 perdita,
943 2214 1369 2282 reprehensione
1406 2219 1605 2273 merito
1652 2233 1894 2273 carerem
1943 2218 2071 2289 (alia
2122 2220 2266 2273 enim
2319 2221 2660 2275 extrinsecus
2698 2220 2926 2290 jactura:
2968 2234 3135 2275 causa
3178 2218 3550 2290 praefuisset):
3599 2221 3686 2275 sic

402 2304 596 2359 eadem
628 2312 973 2373 conservata;
1005 2307 1166 2364 laude
1201 2311 1349 2366 nulla
1379 2311 1580 2382 dignus
1613 2328 1815 2375 essem.
1847 2313 1994 2384 quod
2029 2328 2127 2383 per
2180 2329 2266 2368 me
2290 2323 2614 2370 conservata
2667 2331 2772 2369 non
2806 2315 3021 2371 fuisset.
3070 2312 3151 2369 Tu
3186 2330 3335 2380 vero,
3372 2313 3593 2383 perinde
3622 2325 3684 2370 ut

411 2397 462 2453 si
500 2397 619 2453 haec
663 2399 848 2454 omnia
891 2400 1184 2458 defendere
1244 2420 1351 2458 una
1400 2420 1614 2474 posses,
1655 2407 1729 2460 ita
1774 2407 2021 2462 oratione
2057 2407 2409 2463 contendisti.
2442 2427 2460 2459 ι
2492 2406 2618 2464 Haec
2647 2408 3035 2478 Diogenianus.
3091 2404 3210 2461 Jam
3250 2421 3380 2462 vero
3432 2406 3685 2475 superio-

400 2493 555 2550 ribus
592 2495 701 2552 illis
746 2495 1114 2553 Alexandrum
1150 2499 1550 2570 Aphrodiscum
1591 2503 1975 2573 adjungamus,
2012 2501 2107 2572 qui
2140 2511 2195 2557 et
2249 2503 2365 2574 ipse
2420 2504 2573 2561 libris
2625 2504 2716 2571 iis,
2745 2520 2886 2573 quos
2942 2503 3019 2557 De
3052 2502 3165 2571 fato
3206 2502 3392 2569 edidit,
3440 2502 3587 2558 hunc
3623 2501 3684 2559 in

414 2590 641 2644 modum
683 2592 1013 2647 sententiam
1047 2593 1207 2649 istam
1240 2596 1565 2653 confutavit.

916 2686 1083 2757 233
1110 2687 1343 2745 CAPUT
1373 2690 1466 2747 ιχ.

518 2772 598 2830 De
626 2776 829 2845 eodem,
869 2795 936 2833 ea:
967 2780 1262 2835 Alexandri
1300 2784 1617 2853 Aphrodisei
1648 2786 1876 2856 scriptis.

478 2952 496 2986 :
542 2934 771 3005 Eorum,
810 2938 1011 3008 inquit,
1044 2941 1317 3007 omnium,
1347 2956 1471 3010 qua:
1500 2941 1669 3008 fiunt,
1725 2938 1986 3010 principia

401 3027 458 3082 in
486 3040 746 3098 quatuor,
774 3039 832 3084 ut
865 3031 1085 3086 divinus
1115 3032 1434 3087 Aristoteles
1453 3033 1660 3100 docuit,
1694 3047 1985 3088 causarum

402 3133 601 3186 genera
630 3119 969 3174 dividuntur.
1010 3120 1417 3191 Principiorum
1447 3124 1592 3178 enim
1625 3125 1729 3178 alia
1767 3126 1874 3179 vim
1907 3124 1987 3179 ef-

400 3206 640 3272 ficiendi,
683 3208 788 3261 alia
817 3210 1066 3264 materia;
1093 3212 1363 3267 rationem
1399 3213 1622 3266 habent.
1655 3212 1751 3267 His
1778 3214 1989 3269 accedit

402 3312 571 3353 causa
609 3297 879 3363 formalis,
918 3314 985 3354 ac
1018 3309 1215 3370 pneter
1244 3303 1366 3357 illas
1396 3314 1526 3369 tres,
1562 3314 1821 3372 quartum
1846 3318 1988 3373 quo-

402 3405 510 3460 que
540 3391 888 3461 principium,
910 3392 1055 3458 ﬁnis,
1087 3394 1336 3464 inquam,
1360 3396 1519 3466 cujus
1545 3397 1717 3465 gratia
1735 3395 1814 3458 ﬁt,
1834 3397 1979 3465 quod

401 3482 652 3551 edicitur,
703 3487 982 3541 numerari
1011 3486 1190 3543 debet.
1222 3488 1302 3542 Ac
1332 3497 1410 3541 tot
1433 3488 1652 3557 quidem
1691 3488 1986 3558 principio-

401 3587 527 3626 rum
579 3577 901 3632 discrimina
952 3587 1097 3634 recte
1147 3587 1486 3633 statuuntur.
1534 3576 1810 3647 Quidquid
1839 3579 1985 3632 enim

403 3675 485 3729 rei
515 3674 897 3742 cujuscunque
920 3670 1251 3742 principium
1285 3678 1388 3732 est,
1420 3670 1564 3724 idem
1596 3674 1663 3725 ad
1691 3686 1984 3726 causarum

404 3767 632 3821 istarum
673 3764 912 3834 aliquam
945 3763 1218 3831 pertinere
1247 3763 1509 3832 reperies.
1550 3759 1712 3828 Nam,
1760 3771 1820 3816 ut
1863 3777 1986 3832 qua:

402 3857 559 3923 ﬁunt,
591 3865 673 3911 tot
699 3856 885 3912 causis
922 3872 1030 3909 non
1063 3856 1343 3924 indigeant
1385 3854 1607 3920 omnia;
1644 3869 1766 3924 qua:
1804 3864 1982 3910 tamen

402 3950 651 4020 pluribus
681 3948 945 4017 indigent,
983 3962 1045 4001 ea
1073 3961 1357 4015 nunquam
1402 3946 1739 4015 assignatum
1787 3962 1981 4000 nume-

2631 2687 3029 2743 ΚΕΦΑΛΑΙΟΝ
3075 2686 3153 2742 Θ’.

2098 2783 2232 2838 Ἔτι
2264 2777 2529 2848 περὶτοῦ
2557 2778 2743 2832 αὑτοῦ
2781 2777 2898 2832 ἀπὸ
2960 2776 3081 2848 τῶν
3124 2775 3519 2845 Ἀλεξάνδρου
3569 2775 3684 2845 τοῦ

2673 2847 3111 2917 Ἀφροδισιέως.

2167 2960 2187 2993 ι
2220 2941 2518 3011 Διαιρεῖται
2552 2938 2610 2991 δὲ
2642 2938 2710 2991 τὰ
2746 2937 2857 2992 τῶν
2884 2938 3185 3009 γινομένων
3235 2938 3387 2992 αἴτια
3438 2940 3521 3003 εἰς
3548 2938 3683 3011 τρό-

2091 3049 2226 3096 πους
2254 3031 2444 3087 αἰτιῶν
2476 3031 2769 3102 τέσσαρας,
2806 3029 2992 3095 καθὼς
3055 3034 3084 3085 ὁ
3116 3031 3258 3095 θεῖος
3299 3031 3683 3103 Ἀριστοτέλης

2086 3124 2314 3195 δέδειχε.
2352 3122 2472 3176 Τῶν
2509 3122 2619 3193 γὰρ
2658 3122 2845 3175 αἰτίων
2873 3121 2942 3174 τὰ
2989 3122 3088 3192 μὲν
3113 3120 3227 3175 ἔστι
3268 3121 3489 3192 ποιητὰ,
3520 3119 3594 3174 τά
3620 3120 3685 3175 δὲ

2089 3216 2220 3288 ὕλης
2254 3215 2519 3286 ἐπέχοντα
2548 3214 2725 3282 λόγον.
2758 3215 2917 3268 Ἔστι
2970 3213 3029 3268 δέ
3058 3231 3144 3278 τις
3186 3216 3244 3268 ἐν
3291 3215 3474 3277 αὐτοῖς
3511 3212 3608 3267 καὶ
3641 3214 3681 3285 ἡ

2088 3311 2231 3363 κατὰ
2262 3304 2400 3371 εἶδος
2426 3308 2594 3361 αἰτίαι
2636 3307 2786 3379 παρά
2838 3307 2894 3359 δὲ
2920 3306 3018 3371 τὰς
3068 3309 3217 3379 τρεῖς
3246 3306 3447 3370 ταύτας
3472 3304 3680 3370 αἰτίας,

2088 3402 2235 3455 ἔστιν
2270 3403 2327 3454 ὲν
2368 3401 2552 3463 αὐτοῖς
2595 3400 2766 3453 αἴτιον
2789 3399 2884 3453 καὶ
2911 3399 3085 3463 τέλος,
3125 3390 3185 3451 οὗ
3243 3398 3401 3470 χάριν
3434 3397 3495 3451 τὸ
3524 3396 3680 3466 γινό-

2092 3508 2251 3563 μενον
2278 3490 2504 3560 γίνεται.
2543 3490 2655 3544 Καὶ
2687 3488 2946 3543 τοσαῦται
2983 3490 3080 3560 μὲν
3108 3491 3165 3543 αἰ
3206 3489 3313 3543 τῶν
3350 3490 3538 3543 αἰτίων
3563 3488 3681 3543 δια-

2087 3584 2271 3654 φοραί.
2297 3584 2365 3637 "O
2393 3600 2444 3636 τι
2478 3584 2587 3653 γὰρ
2620 3582 2686 3635 ἂν
2719 3582 2891 3635 αἴτιον
3010 3598 3175 3645 τινος,
3213 3582 3318 3635 ὑπό
3369 3598 3422 3634 τι
3463 3580 3679 3636 τούτων

2086 3674 2192 3727 τῶν
2219 3673 2408 3727 αἰτιῶν
2428 3691 2492 3743 γε
2520 3673 2893 3744 εὑρεθήσεται.
2918 3672 3029 3725 Καὶ
3065 3672 3173 3745 γὰρ
3200 3674 3248 3725 εἰ
3285 3672 3359 3744 μὴ
3399 3671 3575 3726 πάντα
3602 3672 3678 3726 τά

2085 3764 2348 3835 γινόμενα
2375 3764 2647 3818 τοσούτων
2676 3763 2868 3818 αἰτιῶν
2895 3764 3086 3827 δεῖται,
3122 3762 3258 3817 ἀλλὰ
3306 3764 3377 3818 τά
3422 3780 3487 3832 γε
3516 3762 3675 3816 πλεί-

2088 3871 2226 3907 στων
2259 3854 2491 3925 δεόμενα
2519 3855 2619 3924 οὐχ
2641 3852 2960 3921 ὑπερϐαίνει
2989 3853 3078 3907 τὸν
3104 3853 3391 3925 εἰρημένον
3414 3852 3672 3925 ἀριθμόν.

2086 3944 2493 4016 Γνωριμωτέρα
2513 3945 2557 3997 δ’
2589 3943 2655 3998 ἂν
2687 3943 2867 3996 αὐτῶν
2905 3946 2938 4016 ἡ
2983 3944 3215 4016 διαφορὰ
3247 3943 3474 4011 γένοιτο,
3503 3944 3551 3996 εἰ
3577 3943 3676 3997 ἐπὶ

404 4057 527 4095 rum
558 4047 843 4110 superant.
882 4036 1083 4091 Verum
1129 4037 1397 4091 illustrior
1427 4038 1611 4091 futura
1656 4046 1741 4092 est
1788 4053 1977 4092 earum

2089 4038 2531 4111 παραδείγματὸς
2560 4056 2702 4103 τινος
2729 4039 2835 4094 τῶν
2859 4038 3161 4109 γινομένων
3213 4035 3454 4108 ὁραθείη.
3488 4036 3676 4090 Ἔστω

403 4131 737 4186 diversitatis
777 4130 940 4194 ratio,
979 4130 1024 4183 si
1058 4129 1112 4181 in
1151 4138 1303 4182 certo
1329 4125 1566 4194 quodam
1602 4141 1818 4192 eorum,
1860 4141 1982 4196 qua:

405 4222 563 4287 fiunt,
608 4221 857 4291 exemplo
898 4229 1171 4275 cernetur.
1199 4216 1440 4273 Exsistat
1472 4233 1600 4287 ergo
1642 4232 1672 4269 a
1706 4218 1879 4279 ,nobis
1925 4216 1980 4270 in

405 4322 608 4376 statua,
648 4312 1040 4381 principiorum
1080 4311 1241 4364 allata
1288 4310 1588 4365 distinctio.
1626 4308 1834 4363 Statua:
1879 4310 1980 4380 igi-

404 4415 495 4461 tur
533 4405 772 4460 eiiiciens
809 4403 1138 4474 principium
1164 4401 1363 4456 artifex
1399 4402 1514 4471 ipse
1536 4410 1640 4464 est,
1672 4416 1832 4471 quem
1860 4417 1982 4471 pro—

402 4513 587 4570 pterea
636 4497 967 4551 statuarium
1020 4495 1391 4565 appellamus:
1437 4494 1680 4563 ejusdem
1730 4495 1976 4558 materia,

382 4607 498 4655 .zes,
526 4589 671 4660 quod
708 4589 809 4643 arti
842 4587 1152 4657 subjicitur,
1183 4595 1279 4641 aut
1308 4587 1467 4653 lapis,
1500 4594 1597 4639 aut
1645 4586 1791 4640 aliud
1829 4585 1980 4655 ejus-

403 4682 551 4737 modi
580 4680 810 4751 aliquid,
836 4680 981 4750 quod
1006 4678 1143 4733 artis
1181 4694 1247 4733 ex
1276 4678 1731 4748 praeceptionibus
1758 4677 1981 4732 confor-

402 4782 582 4827 metur
607 4790 621 4825 :
648 4786 773 4825 nam
801 4770 851 4822 id
878 4783 1095 4838 quoque
1118 4778 1312 4822 statua:
1336 4767 1629 4823 cxsistendi
1655 4768 1979 4837 principium

401 4871 506 4917 est.
543 4860 764 4916 Accedit
805 4859 1024 4928 utrique
1065 4857 1263 4921 forma,
1299 4872 1420 4927 quae
1449 4858 1517 4911 ab
1558 4856 1766 4912 artiﬁce
1798 4857 1983 4926 subje-

401 4962 544 5006 ctam
579 4950 633 5004 in
659 4950 942 5005 materiam
974 4947 1271 5012 inducitur,
1303 4963 1532 5017 quaeque
1560 4948 1766 5017 pariter
1787 4958 1980 5002 statua:

399 5042 730 5111 principium
761 5052 864 5097 est.
907 5039 1089 5107 Quare
1119 5038 1206 5093 vel
1236 5039 1447 5094 discum
1479 5039 1757 5108 jacientis,
1782 5040 1862 5093 vel
1887 5039 1978 5108 ja-

400 5132 638 5187 culantis
670 5132 723 5184 in
747 5145 978 5195 morem,
1009 5129 1055 5184 si
1084 5127 1316 5182 formam
1350 5137 1583 5198 spectes,
1607 5128 1693 5182 vel
1712 5128 1817 5182 alia
1843 5143 1980 5196 qua—

402 5223 531 5279 libet
566 5222 826 5293 peculiari
868 5220 1243 5291 singularique
1280 5218 1453 5289 figura
1487 5219 1841 5273 simulacrum
1881 5234 1977 5273 ex-

401 5330 653 5383 pressqu
683 5322 785 5368 est.
805 5311 917 5367 Nec
951 5314 1054 5367 ista
1086 5312 1263 5368 solum
1287 5310 1585 5366 conﬂandae
1608 5320 1803 5366 statuae
1824 5311 1978 5380 prin-

402 5404 543 5471 cipia
574 5412 734 5471 sunt;
778 5403 912 5457 nulli
946 5402 1217 5472 siquidem
1256 5415 1467 5460 eorum.
1507 5400 1612 5454 hoc
1658 5400 1713 5453 in
1755 5415 1972 5469 genere,

401 5493 528 5549 fluis
556 5496 645 5548 ille
673 5496 836 5556 cedit,
868 5495 1026 5563 cujus
1059 5494 1236 5564 gratia
1267 5493 1614 5558 elaboratur;
1659 5492 1973 5563 cuiusmodi

401 5584 483 5637 vel
513 5584 794 5648 cujusdam
828 5586 1022 5650 lionOr,
1042 5585 1122 5639 vel
1143 5600 1270 5653 erga
1301 5581 1471 5637 Deum
1498 5584 1687 5656 religio
1717 5594 1818 5641 cst.
1846 5584 1972 5642 llaec

470 5687 497 5717 ι
533 5677 618 5732 la.
647 5678 1049 5751 ἀνεπιτίμητος.
1124 5680 1153 5721 ὶ)
1188 5680 1275 5735 ῑσ.
1311 5677 1516 5734 ἄλλοτε.

2083 4129 2148 4201 δὴ
2178 4129 2264 4181 ἐπ’
2304 4130 2620 4201 ἀνδριάντος
2665 4132 2797 4201 ημῖν
2855 4131 2888 4200 ἡ
2930 4129 3039 4184 τῶν
3101 4128 3288 4183 αἰτίων
3343 4127 3675 4200 δεικνυμένη

2080 4221 2363 4292 διαίρεσις.
2393 4221 2500 4274 Τοῦ
2534 4221 2591 4274 δὲ
2622 4221 2934 4293 ἀνδριάντος
2959 4220 3035 4285 ὡς
3064 4219 3162 4291 μὲν
3186 4216 3463 4289 ποιητικὸν
3495 4215 3676 4271 αἴτιον

2082 4313 2111 4364 ὁ
2146 4314 2381 4383 ποιήσας
2413 4313 2680 4384 τεχνίτης,
2710 4312 2768 4367 ὃν
2792 4310 3229 4383 ἀνδριαντοποιὸν
3258 4308 3549 4380 καλοῦμεψ
3591 4308 3677 4371 ὡς

2082 4402 2139 4454 δὲ
2169 4402 2266 4472 ὕλη
2307 4403 2335 4455 ὁ
2363 4401 2719 4472 ὑποκείμενος
2751 4401 2971 4471 χαλκὸς,
3002 4400 3036 4471 ἦ
3065 4398 3287 4471 λίθος,ῆ
3316 4400 3345 4453 ὃ
3375 4401 3429 4452 τί
3455 4398 3502 4450 τ’
3542 4395 3609 4450 ἂν
3632 4392 3673 4472 ᾗ

2081 4493 2143 4547 τὸ
2168 4494 2273 4546 ὑπὸ
2295 4491 2388 4546 τοῦ
2411 4492 2655 4563 τεχνίτου
2687 4491 3151 4563 σχηματιζόμενον
3167 4488 3307 4543 κατά
3331 4489 3430 4575 τὴν
3444 4488 3670 4558 τέχνην·

2084 4583 2256 4637 αἴτιον
2287 4582 2396 4655 γὰρ
2425 4583 2520 4635 καὶ
2552 4583 2710 4636 τοῦτο
2741 4583 2834 4636 τοῦ
2878 4582 3162 4651 γεγονέναι
3184 4599 3245 4635 τε
3280 4580 3375 4634 καὶ
3402 4575 3542 4632 εῖναι
3576 4579 3675 4633 τὸν

2084 4674 2393 4747 ἀνδριάντα.
2428 4676 2585 4727 Ἔστι
2625 4674 2682 4727 δὲ
2706 4675 2800 4728 καὶ
2830 4674 2892 4727 τὸ
2930 4672 3088 4739 εἶδος,
3143 4673 3204 4727 τὸ
3235 4674 3293 4725 ὲν
3338 4671 3417 4743 τῷ
3449 4672 3673 4725 ὑποκει-

2086 4766 2233 4837 μένῳ
2264 4764 2437 4835 τούτῳ
2465 4765 2758 4836 γενόμενον
2798 4763 2904 4817 ὑπὸ
2956 4763 3052 4817 τοῦ
3082 4762 3349 4835 τεχνίτου,
3404 4760 3499 4813 καὶ
3527 4759 3673 4813 αὐτὸ

2080 4855 2175 4909 τοῦ
2205 4855 2515 4926 ἀνδριάντος
2542 4854 2732 4908 αἴτιον.
2750 4853 2841 4907 Διὸ
2862 4848 3000 4917 εἶδός
3022 4855 3137 4907 ἐστι
3169 4849 3439 4914 δισκεῢον,
3454 4848 3489 4921 ἢ
3507 4850 3662 4903 ἀκον-

2080 4946 2249 5011 τίζον,
2282 4946 2315 5018 ἢ
2354 4948 2438 4999 ἐπ’
2496 4946 2655 5001 ἄλλου
2712 4945 2857 5009 τινὸς
2893 4945 3199 5017 ὡρισμένου
3231 4944 3525 5014 σχήματος.
3585 4942 3667 4997 Οὐ

2084 5039 2242 5111 μόνον
2270 5038 2329 5091 δὲ
2356 5038 2533 5091 ταῦτα
2562 5038 2659 5108 τῆς
2688 5036 2780 5090 τοῦ
2835 5037 3149 5108 ἀνδριάντος
3177 5034 3442 5104 γενέσεως
3486 5031 3666 5086 αἴτια·

2077 5129 2193 5184 ἀλλ’
2223 5128 2368 5183 ἔστιν
2407 5128 2617 5192 οὐδενὸς
2645 5127 2753 5182 τῶν
2802 5127 2990 5182 αἰτίων
3020 5130 3120 5201 τῆς
3171 5127 3439 5196 γενέσεως
3490 5124 3664 5179 αὐτοῦ

2078 5220 2328 5293 δεύτερον
2346 5222 2407 5275 τὸ
2445 5222 2616 5285 τέλος,
2641 5216 2705 5275 οὗ
2728 5220 2887 5292 χάριν
2916 5220 3128 5290 γέγονε,
3156 5220 3431 5273 τουτέστιν
3460 5219 3493 5290 ἢ
3520 5219 3663 5290 τιμὴ

2081 5330 2245 5376 τινος,
2274 5312 2308 5383 ἢ
2350 5314 2428 5375 εἰς
2460 5312 2592 5365 Θεὸν
2622 5312 2873 5366 εὐσέϐειά
2894 5330 2998 5376 τις.
3029 5313 3190 5365 Ἀνευ
3228 5312 3337 5383 γάρ
3368 5311 3466 5382 τῆς
3482 5309 3663 5364 τοιαύο

2008 5368 2053 5424 D
2080 5420 2180 5472 της
2204 5368 2383 5467 αἰτίας
2399 5368 2509 5456 οὐδ’
2534 5402 2599 5457 ἂν
2629 5404 2729 5475 τὴν
2757 5368 2979 5475 ἀρχὴνδ
3004 5368 3501 5475 ἀνδριὰςγέγονέν.
3536 5404 3661 5455 Ὄνι

2078 5510 2185 5547 των
2204 5495 2381 5549 τοίνυν
2419 5495 2687 5550 τοσούτων
2718 5495 2827 5550 τῶν
2878 5495 3087 5561 αἰτίων,
3129 5495 3222 5548 καὶ
3267 5494 3364 5564 τὴν
3402 5493 3539 5566 πρὸς
3570 5493 3668 5548 ἄλο

2078 5584 2215 5658 ληλα
2245 5587 2507 5660 διαφορὰν
2558 5588 2790 5659 ἐχόντων
2833 5587 3130 5659 γνώριμον,
3163 5587 3259 5659 τὴν
3312 5586 3661 5657 εἱμαρμένην
