3894 6220
190 341 295 397 457

1337 347 1664 406 ΡΒιΕΡΛΒ.
1708 348 1960 408 EVANG.
2005 350 2131 408 LIB.
2173 351 2263 408 VI.

3358 362 3464 416 458

188 457 249 510 ἐν
280 458 398 522 τοῖς
440 460 747 530 ποιητικοῖς
794 458 991 523 αἰτίοις
1038 458 1264 525 δικαίως
1309 460 1377 516 ἂν
1429 460 1762 533 καταριθμοί

1889 463 2037 518 enim
2087 479 2255 521 causa
2305 464 2350 521 si
2388 464 2624 534 deesset,
2669 481 2739 523 ne
2793 465 2988 523 affecta
3019 468 3239 538 quidem
3281 481 3339 526 et
3381 474 3469 529 in-

190 566 317 620 μεν,
351 549 647 619 ἀναλογίαν
675 549 956 616 σώζουσαν
990 552 1127 624 πρὸς
1166 552 1233 608 τά
1253 553 1514 625 γινόμενα
1539 556 1661 607 κατ’
1687 554 1785 607 αύ-

186 639 287 710 τὴν
318 642 385 712 τῇ
409 638 505 693 τοῦ
546 640 864 712 ἀνδριάντος
894 641 1214 715 δημιουργῷ
1271 644 1462 718 τέχνῃ.
1495 643 1699 698 Τούτου
1725 644 1784 698 δὲ

183 731 362 795 οὕτως
395 732 634 804 ἔχοντος,
662 733 957 788 ἀκόλουθον
981 734 1048 790 ἂν
1077 734 1164 808 εἴη
1198 736 1327 809 περὶ
1355 736 1465 791 τῶν
1484 736 1782 808 ποιητικῶν

181 823 376 877 αἰτίων
410 824 742 894 ποιήσασθαι
772 827 863 881 τὸν
887 826 1066 896 λόγον’
1092 825 1238 881 οὕτω
1265 826 1374 898 γὰρ
1402 827 1553 882 ἔσται
1579 826 1781 899 γνώρι-

186 931 288 986 μον
314 916 427 968 εἴτε
463 916 684 970 πάντων
714 917 822 971 τῶν
882 918 1184 989 γινομένων
1219 918 1325 991 χρὴ
1353 918 1450 991 τὴν
1502 920 1781 992 εἱμαρμέ-

181 1023 282 1077 νην
309 1007 610 1074 αἰτιᾶσθαι,
651 1007 765 1063 εἴτε
794 1009 858 1082 δὴ
898 1011 993 1063 καὶ
1052 1009 1235 1074 ἄλλοις
1267 1010 1379 1064 τισὶ
1423 1011 1575 1082 παρὰ
1620 1010 1778 1083 τήνδε

182 1103 513 1172 συγχωρεῖν,
541 1101 617 1165 ὡς
646 1097 768 1155 οὖσι
802 1104 1108 1173 ποιητικοῖς
1129 1119 1295 1157 τινων
1327 1103 1539 1166 αἰτίοις.
1591 1104 1781 1158 Ἀπάν-

177 1207 288 1244 των
316 1192 382 1263 δὴ
406 1190 516 1246 τῶν
548 1193 852 1264 γινομένων
911 1193 1290 1266 Ἀριστοτέλης
1334 1193 1657 1265 ποιούμενος
1680 1194 1778 1266 τὴν

178 1286 467 1358 διαίρεσιν,
496 1286 565 1341 τὰ
603 1288 702 1359 μὲν
748 1286 929 1341 αὐτῶν
954 1306 1100 1354 τινος
1143 1289 1303 1361 χάριν
1327 1290 1574 1359 γίνεσθαι
1605 1289 1775 1359 λέγει,

178 1378 384 1432 σκοπόν
411 1396 534 1433 τινα
569 1381 666 1433 καὶ
696 1380 849 1444 τέλος
902 1379 1010 1434 τῶν
1057 1381 1362 1452 γινομένων
1416 1381 1776 1454 προκείμενον

175 1467 396 1540 ἔχοντος
446 1470 543 1523 τοῦ
590 1470 871 1535 ποιοῦντος
899 1472 1059 1527 αὐτά·
1104 1475 1173 1527 τά
1219 1472 1278 1526 δὲ
1318 1473 1553 1538 οὐδενὸς,
1588 1473 1687 1528 ὅσα
1712 1475 1773 1528 ού

176 1565 323 1617 κατὰ
348 1564 611 1636 πρόθεσιν
644 1581 767 1619 τινα
808 1565 903 1619 τοῦ
944 1565 1226 1630 ποιοῦντος
1271 1565 1503 1635 γίνεται,
1532 1566 1642 1620 οὐδ’
1681 1567 1774 1620 ἐπὶ

171 1656 330 1721 τέλος
357 1657 665 1729 ὡρισμένον
683 1657 796 1729 ἔχει
820 1658 921 1729 τὴν
965 1657 1264 1731 ἀναφοράν
1318 1657 1565 1721 τοιαῦτα,
1596 1652 1707 1714 οἷόν
1744 1671 1771 1700 ι

170 1751 292 1804 ἐστι
320 1750 551 1822 καρφῶν
574 1750 636 1804 τέ
656 1767 818 1805 τινων
837 1750 1242 1823 διακρατήσεις,
1262 1750 1358 1804 καὶ
1386 1750 1768 1822 περιστροφαὶ,

170 1845 270 1898 καὶ
294 1843 501 1915 τριχῶν
523 1843 733 1913 ὲπαφαί
770 1860 830 1896 τε
864 1843 959 1897 καὶ
990 1842 1267 1908 ἐκτάσεις,
1300 1842 1396 1897 καὶ
1430 1843 1533 1896 ὅσα
1560 1842 1772 1907 τούτοις

167 1934 375 2006 ὁμοίως
398 1936 631 2004 γίνεται.
677 1936 803 1989 Ὀτι
837 1937 934 2007 μὲν
960 1934 1070 2006 γὰρ
1088 1934 1300 2004 γίνεται
1329 1936 1423 1989 καὶ
1445 1934 1606 1998 αὐτὰ,
1638 1934 1772 2003 γνὼ-

171 2044 353 2097 ριμονο
388 2028 449 2081 οὐ
475 2028 581 2099 μὴν
604 2027 717 2099 ἔχει
750 2027 847 2099 τὴν
878 2030 1022 2083 κατὰ
1042 2028 1102 2082 τὸ
1133 2028 1285 2092 τέλος
1330 2030 1426 2082 καὶ
1456 2028 1555 2100 τὴν
1583 2022 1644 2083 οὗ
1669 2028 1769 2098 χά-

169 2134 259 2189 ριν
287 2119 489 2172 αἰτίαν.
519 2118 601 2172 Τὰ
634 2120 732 2190 μὲν
754 2114 847 2173 οὖν
884 2119 1029 2174 οὕτω
1069 2119 1354 2190 γινόμενα,
1391 2120 1651 2183 ἀσκόπως
1678 2121 1771 2174 καί⁵

166 2211 361 2275 ἁπλῶς
408 2211 693 2281 γινόμενα,
750 2211 1009 2283 οὐδεμίαν
1058 2211 1283 2281 εὔλογον
1339 2210 1451 2282 ἔχει
1480 2211 1764 2284 διαίρεσινο

163 2301 276 2355 τῶν
303 2302 362 2355 δὲ
382 2302 475 2354 ὲπί
501 2318 553 2354 τι
580 2300 681 2372 τὴν
709 2302 989 2374 ἀναφορὰν
1015 2303 1271 2373 ἐχόντων,
1316 2301 1412 2377 καί
1451 2320 1595 2366 τινος
1624 2320 1771 2372 γινο-

167 2395 351 2465 μένων
380 2394 563 2465 χάριν,
595 2394 667 2448 τὰ
699 2394 798 2465 μὲν
823 2394 965 2448 κατὰ
997 2394 1180 2464 φύσιν,
1214 2394 1283 2448 τά
1333 2394 1390 2448 δὲ
1441 2395 1581 2450 κατὰ
1612 2394 1768 2464 λόγον

160 2486 404 2553 γίνεται.
430 2485 513 2538 Τά
539 2501 600 2538 τε
628 2485 739 2555 γὰρ
792 2485 955 2554 φύσιν
991 2485 1170 2540 αἰτίαν
1225 2485 1419 2556 ἔχοντα
1468 2488 1568 2557 τῆς
1618 2488 1768 2554 γενέ-

162 2596 306 2643 σεως
332 2581 478 2634 κατά
498 2598 650 2645 τινας
689 2580 957 2653 ἀριθμοὺς
991 2579 1086 2632 καὶ
1118 2577 1271 2645 τάξιν
1297 2578 1610 2650 ὡρισμένην
1640 2578 1765 2650 πρό-

157 2688 306 2726 εισιν
326 2672 420 2726 ἐπί
444 2691 499 2726 τι
528 2673 702 2737 τέλος,
724 2676 782 2726 ὲν
885 2673 1148 2743 γινόμενα
1171 2670 1265 2725 τοῦ
1293 2670 1539 2740 γίνεσθαι
1573 2672 1767 2725 παύον-

155 2783 276 2830 ται,
310 2767 358 2817 εί
385 2765 458 2836 μή
487 2782 540 2818 τι
566 2767 750 2828 αὐτοῖς
779 2765 975 2819 ὲνστὰν
1007 2763 1260 2835 ἐμποδὼν
1291 2763 1496 2834 γίνοιτο
1523 2766 1589 2835 τῇ
1622 2763 1766 2819 κατά

154 2857 328 2927 φύσιν
362 2857 544 2910 αὐτῶν
578 2858 671 2909 ἐπὶ
694 2857 756 2910 τὸ
779 2857 1142 2927 προκείμενον
1378 2854 1540 2908 Ἀλλὰ
1565 2856 1661 2908 καὶ
1694 2855 1764 2910 τά

153 2948 305 3003 κατὰ
351 2948 512 3017 λόγον
559 2949 826 3019 γινόμενα
860 2948 974 3019 ἔχει
1005 2966 1057 3001 τι
1086 2947 1262 3011 τέλος.
1323 2947 1492 3001 Οὐδὲν
1552 2946 1663 3018 γάρ
1687 2947 1764 3010 ὡς

153 3040 323 3111 ἔτυχε
360 3040 474 3093 τῶν
506 3038 652 3093 κατὰ
677 3038 836 3108 λόγον
889 3038 1191 3109 γινομένων
1245 3037 1474 3107 γίνεται,
1515 3038 1630 3091 ἀλλ’
1670 3038 1762 3091 ἐπί

1887 555 2084 611 choata
2110 565 2291 613 statua
2320 556 2535 614 fuisset.
2567 557 2671 614 Tot
2704 574 2835 630 ergo
2873 575 3000 616 cum
3034 562 3146 616 sint
3173 564 3470 635 principio-

1886 662 2007 701 rum
2051 662 2271 717 genera,
2321 663 2559 718 quorum
2611 650 2908 706 discrimen
2951 652 3156 707 nemini
3195 669 3307 709 non
3343 670 3467 725 per-

1885 736 2139 807 spicuum
2170 746 2276 802 est,
2320 737 2496 794 fatum
2527 740 2668 795 inter
2705 740 2999 797 efﬁcientia
3046 742 3172 813 jure
3218 746 3465 801 censebio

1884 845 2030 895 mus,
2062 846 2189 885 cum
2223 830 2279 885 in
2324 831 2490 886 rebus
2529 831 2618 896 iis,
2656 847 2779 902 quae
2812 831 2928 887 fato
2969 832 3132 899 ﬁunt,
3175 850 3300 889 cum
3345 846 3463 894 arte

1883 923 2138 979 statuarii
2171 924 2527 993 proportione
2555 933 2925 994 comparetur.
2968 924 3086 982 Hoc
3122 935 3305 982 autem
3334 943 3461 983 cum

1881 1014 1956 1069 ita
2006 1030 2067 1070 se
2111 1015 2343 1078 habeat,
2391 1024 2822 1071 consentaneum
2869 1015 3036 1072 fuerit
3078 1018 3146 1073 de
3177 1018 3462 1090 principiis

1879 1106 2244 1163 efﬁcientibus
2265 1107 2689 1177 disputationem
2739 1108 3044 1164 instituere.
3074 1107 3168 1167 Sic
3198 1110 3344 1165 enim
3377 1110 3432 1167 fa
3459 1148 3462 1151 η

1879 1201 2038 1257 cilius
2065 1201 2418 1272 intelligetur,
2461 1202 2805 1268 omniumne,
2837 1216 2961 1272 quae
2981 1203 3140 1269 ﬁunt,
3166 1204 3458 1273 assignan-

1877 1293 1946 1349 da
1986 1292 2100 1349 fato
2131 1309 2297 1350 causa
2331 1295 2423 1359 sit,
2452 1309 2523 1348 an
2545 1293 2668 1349 aliis
2696 1293 2863 1365 269
2879 1303 3139 1365 praeterea
3170 1296 3458 1351 nonnullis

1876 1386 2307 1451 concedendum,
2332 1394 2393 1441 ut
2411 1385 2702 1441 efﬁcientia
2730 1402 2915 1441 rerum
2936 1387 3296 1455 quarumdam
3313 1389 3459 1457 prin-

1875 1479 2019 1550 cipia
2048 1488 2398 1535 censeantur.
2429 1479 2752 1533 Aristoteles
2791 1476 2978 1548 igitur,
3011 1493 3136 1533 cum
3180 1480 3450 1544 omnium,

1875 1586 1999 1640 quae
2027 1569 2186 1637 ﬁunt,
2208 1571 2558 1640 partitionem
2586 1568 2918 1633 institueret,
2949 1569 3211 1624 nonnulla
3231 1570 3447 1640 quidem

1877 1664 2113 1735 alicujus
2143 1664 2220 1720 rei
2246 1665 2421 1735 gratia
2459 1663 2577 1719 ﬁeri
2611 1663 2818 1727 docuit,
2865 1679 2993 1719 cum
3036 1663 3281 1733 ipsorum
3316 1664 3452 1720 arti-

1874 1757 1962 1812 ﬁci
1989 1772 2191 1827 scopus
2215 1757 2399 1826 operis
2436 1756 2658 1827 quidam
2693 1764 2778 1810 est
2811 1754 3048 1826 ﬁnisque
3092 1755 3447 1825 propositus:

1872 1848 1979 1903 alia
2019 1863 2150 1903 vero
2176 1847 2403 1914 nullius,
2445 1846 2755 1918 cujusmodi
2782 1853 2933 1907 sunt,
2965 1861 3305 1917 quaecunque
3349 1863 3451 1901 au-

1869 1948 1993 1997 ctor
2049 1940 2202 1996 nullo
2268 1937 2503 1995 consilio
2564 1936 2788 2001 fecerit,
2844 1937 3167 2007 nullumque
3222 1937 3451 2006 proinde

1870 2040 2082 2089 certum
2119 2031 2186 2086 ad
2235 2030 2400 2086 ﬁnem
2453 2030 2849 2101 propriumque
2895 2027 3162 2083 retulerit.
3205 2027 3449 2098 Exempli

1868 2138 2036 2178 causa
2071 2123 2256 2192 paleas
2289 2122 2455 2177 modo
2498 2122 2758 2188 retinere,
2792 2120 2955 2176 modo
2981 2134 3234 2187 versare;
3275 2122 3448 2192 capil-

1868 2217 1954 2273 los
1996 2217 2077 2272 vel
2126 2225 2418 2272 attrectare
2454 2217 2542 2271 vel
2574 2216 2889 2283 extendere,
2924 2228 3156 2286 quaeque
3195 2221 3324 2270 sunt
3350 2229 3447 2284 ge-

1868 2308 2019 2364 neris
2047 2307 2315 2378 ejusdem.
2356 2304 2495 2362 Nam
2544 2308 2648 2363 ista
2690 2321 2912 2378 quoque
2942 2306 3058 2360 ﬁeri
3096 2305 3445 2376 perspicuum

1867 2402 2157 2466 est,ﬁnem
2192 2409 2375 2456 tamen
2407 2415 2495 2470 ea,
2531 2415 2847 2463 causamve,
2884 2398 3046 2464 cujus
3070 2399 3244 2471 gratia
3282 2399 3442 2462 ﬁant,

1866 2492 2071 2547 nullam
2118 2491 2339 2546 habent.
2381 2488 2580 2546 Verum
2613 2491 2717 2546 hoc
2748 2505 2934 2545 rerum
2965 2505 3156 2560 genus,
3190 2490 3332 2560 quod
3361 2491 3446 2545 in.-

1864 2585 2214 2655 considerate
2248 2600 2313 2639 ac
2338 2592 2544 2639 temere
2566 2583 2681 2649 ﬁat,
2712 2597 2893 2638 causa:
2930 2582 3065 2636 nihil
3107 2594 3215 2647 est,
3254 2599 3353 2638 cur
3377 2584 3447 2638 de

1864 2676 2153 2734 statuenda
2188 2673 2453 2746 peculiari
2484 2674 2605 2742 ejus
2632 2682 2759 2727 nota
2787 2681 2841 2726 et
2867 2671 3081 2726 ratione
3103 2672 3442 2728 laboremus.

1863 2768 1999 2836 Quae
2024 2782 2155 2823 vero
2178 2766 2246 2821 ad
2279 2766 2414 2820 certi
2445 2763 2727 2835 quidpiam
2757 2761 3095 2826 referuntur,
3128 2772 3183 2816 et
3207 2762 3443 2831 alicujus

1862 2861 2037 2933 gratia
2064 2859 2223 2923 ﬁunt,
2255 2858 2453 2912 horum
2505 2856 2611 2910 alia
2665 2862 2878 2909 naturae
2924 2852 3091 2908 ductu
3127 2852 3292 2918 ﬁunt,
3336 2853 3443 2910 alia

1864 2952 2116 3008 rationis.
2142 2948 2281 3005 Nam
2311 2958 2367 3004 et
2399 2964 2523 3019 quae
2554 2945 2858 3002 naturalem
2900 2953 3054 2999 ortus
3091 2943 3176 2999 sui
3217 2958 3441 2999 causam

1863 3044 2087 3113 habent,
2132 3056 2196 3097 ea
2223 3042 2391 3096 certis
2432 3037 2762 3109 quibusdam
2796 3038 3061 3101 numeris,
3088 3046 3339 3107 statuque
3378 3051 3443 3093 ac

151 3148 290 3186 τινα
319 3132 524 3185 σκοπὸν
557 3134 591 3203 ἡ
626 3131 878 3204 ἀναφορὰ
909 3133 1076 3185 πᾶσιν
1104 3130 1307 3194 αὐτοῖς.
1341 3131 1497 3184 Ἔστι
1529 3130 1585 3183 δὲ
1618 3129 1762 3184 κατὰ

1863 3136 2088 3194 deﬁnito
2135 3132 2330 3188 ordine
2387 3129 2721 3201 singularem
2761 3129 2829 3183 ad
2874 3127 3039 3183 ﬁnem
3091 3128 3437 3199 perveniunt.

149 3224 323 3292 λόγον
344 3221 628 3293 γινόμενα,
648 3223 752 3276 ὅσα
781 3221 886 3275 ὑπὸ
928 3220 1038 3274 τῶν
1084 3218 1383 3274 ποιούντων
1430 3219 1570 3272 αὑτά
1613 3219 1758 3287 γίνε-

1863 3242 2023 3301 quem
2065 3224 2155 3279 ubi
2214 3230 2467 3278 assecuta
2521 3227 2670 3284 sunt,
2714 3228 2833 3275 tum
2874 3219 3095 3275 demum
3135 3220 3252 3274 ﬁeri
3295 3220 3441 3275 desi-

149 3331 271 3378 ται,
302 3312 675 3384 λογιζομένων
724 3312 783 3364 δὲ
815 3311 946 3384 περὶ
1004 3310 1207 3374 αὐτῶν,
1250 3310 1346 3365 καὶ
1377 3309 1755 3375 συντιθέντων,

150 3406 284 3460 καθ’
316 3406 378 3458 ὃν
402 3405 468 3460 ἂν
503 3406 707 3477 τρόπον
734 3404 970 3473 γένοιτο,
994 3403 1140 3457 οὕτω
1162 3403 1394 3473 γίνεται·
1431 3402 1500 3457 τά
1518 3419 1579 3455 τε
1615 3401 1758 3456 κατὰ

149 3498 256 3561 τὰς
284 3496 483 3567 τέχνας
533 3498 797 3568 γινόμενα
842 3495 1042 3559 πάντα,
1082 3496 1177 3550 καί⁸
1211 3494 1353 3549 κατὰ
1399 3494 1752 3566 προαίρεσιν

150 3592 189 3647 ἃ.
215 3592 476 3663 διαφέρει
504 3592 614 3644 τῶν
640 3590 943 3661 γινομένων
990 3586 1173 3658 φύσει,
1214 3585 1292 3658 τῷ
1333 3585 1400 3640 τὰ
1450 3585 1550 3657 μὲν
1596 3584 1756 3655 φύσει

148 3682 423 3753 γινόμενα
453 3682 512 3733 ἐν
538 3681 722 3742 αὐτοῖς
743 3678 889 3749 ἔχειν
907 3678 1008 3748 τὴν
1038 3678 1214 3749 ἀρχήν
1241 3693 1302 3729 τε
1324 3677 1421 3731 καὶ
1456 3676 1555 3739 τὰς
1578 3675 1756 3738 αἰτίας

147 3773 256 3842 τῆς
278 3770 540 3843 τοιαύτης
566 3770 834 3840 γενέσεως
864 3767 1142 3840 (τοιοῦτον
1185 3767 1296 3839 γὰρ
1338 3768 1372 3839 ἡ
1423 3764 1628 3836 φύσις)⁶
1661 3766 1755 3820 καὶ

150 3863 409 3933 γίνεσθαι
445 3862 545 3934 μὲν
584 3861 726 3916 κατὰ
753 3858 909 3926 τάξιν
936 3860 1083 3927 τινὰ,
1113 3860 1174 3913 ού
1224 3858 1332 3929 μὴν
1358 3857 1459 3928 τῆς
1496 3857 1756 3927 ποιούσης

150 3955 302 4011 αὐτὰ
330 3954 549 4025 φύσεως
574 3953 779 4024 ὁμοίως
806 3956 928 4017 ταῖς
954 3953 1176 4024 τέχναις
1216 3948 1465 4020 λογισμῷ
1491 3949 1620 4020 περὶ
1658 3949 1757 4002 αὐ-

150 4047 268 4103 τῶν
297 4047 613 4119 χρωμένης
640 4046 711 4100 τὰ
737 4046 795 4099 δὲ
820 4046 1085 4116 γινόμενα
1140 4043 1285 4097 κατὰ
1313 4042 1509 4113 τέχνην
1565 4058 1625 4094 τε
1657 4040 1755 4093 καὶ

152 4140 509 4212 προαίρεσιν,
538 4137 740 4204 ἔξωθεν
763 4138 878 4209 ἔχει
901 4138 1003 4209 τὴν
1020 4136 1200 4208 ἀρχὴν
1225 4138 1323 4204 τῆς
1346 4136 1634 4206 κινήσεως,
1660 4133 1756 4186 καὶ

149 4234 257 4305 τὴν
284 4233 470 4287 αἰτίαν
499 4232 599 4303 τὴν
622 4231 903 4286 ποιοῦσαν·
941 4230 1055 4284 ἀλλ’
1086 4230 1189 4283 οὐκ
1211 4230 1268 4281 έν
1302 4227 1486 4289 αὐτοῖς
1510 4226 1606 4279 καὶ
1651 4223 1754 4294 τῆς

152 4324 433 4392 γενέσεως
454 4323 637 4377 αὐτῶν
664 4325 693 4376 ό
723 4321 816 4376 τοῦ
836 4321 1120 4384 ποιοῦντος
1154 4322 1372 4389 ἡγεῖται
1410 4317 1540 4388 περὶ
1572 4314 1752 4368 αὐτῶν

153 4415 444 4487 λογισμός.
479 4415 677 4489 Τρίτον
710 4414 768 4468 δέ
798 4416 947 4468 ἐστιν
981 4416 1039 4467 ὲν
1074 4416 1188 4477 τοῖς
1220 4411 1384 4466 ἕνεκά
1405 4427 1497 4463 του
1528 4405 1752 4478 γινομέ-

1859 3326 2033 3384 nunt;
2067 3314 2174 3371 nisi
2200 3312 2333 3384 quid
2356 3312 2425 3367 iis
2462 3320 2737 3378 occurrat,
2777 3310 2927 3380 quod
2954 3310 3261 3365 naturalem
3289 3310 3440 3380 ipso.

1859 3427 1981 3466 rum
2021 3410 2089 3465 ad
2126 3409 2203 3473 id,
2234 3405 2383 3478 quod
2425 3404 2532 3461 sibi
2564 3404 2908 3475 propositum
2940 3412 3045 3472 est,
3073 3418 3297 3459 cursum
3329 3403 3435 3456 ini-

1856 3503 2059 3574 pediat.
2116 3498 2380 3555 Similiter
2433 3511 2556 3567 qua:
2604 3495 2817 3550 ratione
2866 3493 3024 3561 ﬁunt,
3071 3492 3310 3552 aliquem
3366 3492 3465 3548 ad.

1856 3595 2020 3651 ﬁnem
2070 3598 2338 3663 spectant.
2375 3586 2524 3642 Nihil
2557 3586 2729 3650 enim,
2761 3584 2906 3653 quod
2940 3584 3152 3638 ratione
3198 3582 3313 3651 ﬁat,
3354 3590 3438 3638 te—

1856 3702 2006 3743 mere
2038 3685 2157 3741 ﬁeri
2191 3693 2390 3755 potest.
2437 3679 2715 3750 Quidquid
2745 3676 3014 3744 ejusmodi
3060 3686 3164 3741 est,
3208 3690 3435 3745 scopum

1857 3780 1924 3835 ad
1956 3778 2196 3847 aliquem
2240 3773 2511 3830 referatur
2545 3785 2771 3826 necesse
2812 3777 2917 3825 est.
2951 3767 3072 3823 Jam
3125 3783 3187 3823 ea
3224 3769 3436 3823 ratione

1856 3867 1976 3924 ﬁeri
2014 3866 2295 3931 dicuntur,
2335 3877 2459 3933 qua:
2506 3855 2624 3916 suis
2665 3860 2734 3914 ab
2778 3859 3116 3926 auctoribus,
3165 3857 3434 3927 quemad-

1856 3959 2079 4015 modum
2108 3956 2350 4026 quidque
2379 3953 2495 4010 ﬁeri
2534 3950 2750 4016 debeat,
2801 3957 3060 4004 accurate
3099 3962 3287 4002 secum
3316 3962 3433 4002 ma-

1854 4062 2084 4122 tureque
2112 4047 2502 4119 cogitantibus,
2520 4044 2859 4100 efﬁciuntur.
2903 4040 3080 4110 Atque
3117 4039 3433 4110 hujusmodi

1854 4152 2004 4207 sunt,
2035 4157 2159 4197 cum
2188 4154 2276 4205 ea,
2311 4152 2436 4207 qua:
2476 4136 2610 4190 artis
2639 4131 3118 4204 prmceptionibus,
3156 4138 3271 4183 tum
3311 4143 3433 4198 qua

1853 4234 2134 4288 voluntate
2156 4228 2521 4297 consilioque
2560 4224 2720 4283 ﬁunt.
2754 4223 3027 4279 Caeterum
3063 4221 3179 4276 haec
3210 4221 3351 4275 inter
3380 4228 3432 4273 et

1853 4340 1917 4379 ea
1944 4339 2066 4394 quae
2106 4331 2361 4376 naturam
2385 4324 2712 4387 sequuntur,
2743 4314 2848 4368 hoc
2870 4312 3127 4377 interest;
3160 4309 3303 4381 quod
3341 4308 3430 4363 illa

1854 4414 2185 4487 principium
2237 4413 2293 4466 in
2343 4426 2403 4466 se
2450 4409 2586 4479 ipsis
2625 4415 2782 4462 ortus
2828 4405 2914 4460 sui
2947 4418 3256 4472 causasque
3302 4416 3430 4472 pro~

152 4525 270 4572 νοις
292 4508 396 4561 καί⁵
421 4506 492 4560 τὰ
518 4507 628 4560 ἀπὸ
650 4506 822 4578 τύχης
841 4523 901 4560 τε
925 4505 1022 4560 καὶ
1051 4505 1147 4559 τοῦ
1165 4504 1474 4574 αὐτομάτου
1504 4499 1752 4570 γίνεσθαι

1863 4509 2005 4579 prias
2033 4506 2271 4561 habeant
2294 4504 2440 4575 (talis
2469 4502 2614 4557 enim
2646 4516 2714 4555 ex
2739 4513 2859 4554 sese
2886 4508 3081 4552 natura
3108 4495 3241 4566 est);
3276 4509 3430 4549 cum-

152 4599 594 4671 πεπιστευμένα*
625 4598 801 4671 ταύτῃ
840 4598 952 4653 τῶν
984 4596 1415 4667 προηγουμένως
1447 4594 1611 4647 ἕνεκά
1655 4608 1750 4645 του

152 4692 464 4763 γινομένων
492 4692 838 4762 διαφέροντα,
943 4691 1033 4743 ἐπ’
1054 4689 1279 4742 ἐκείνων
1303 4687 1402 4758 μὲν
1428 4684 1498 4738 τά
1527 4683 1634 4755 πρὸ
1655 4681 1749 4737 τοῦ

153 4783 368 4849 τέλους,
406 4782 504 4838 τοῦ
531 4784 716 4846 τέλους
765 4784 926 4854 χάριν
958 4782 1188 4851 γίνεται*
1218 4780 1313 4832 ἐπὶ
1356 4778 1414 4831 δὲ
1445 4776 1650 4829 τούτων
1683 4772 1754 4827 τὰ

159 4877 262 4931 μὲν
292 4877 555 4947 γινόμενα
600 4876 707 4948 πρὸ
746 4874 842 4927 τοῦ
892 4873 1078 4935 τέλους
1103 4872 1267 4926 ἄλλου
1300 4869 1463 4941 χάριν
1518 4867 1749 4936 γίνεται,

156 4969 378 5040 ἀπαντᾷ
395 4968 456 5021 δὲ
485 4969 670 5030 αὐτοῖς
699 4965 863 5020 ἄλλου
895 4965 1055 5036 χάριν
1097 4962 1424 5034 γινομένοις,
1468 4959 1546 5023 ὡς
1576 4957 1750 5022 τέλος,

154 5060 219 5112 τὸ
251 5060 578 5131 αὐτομάτως
598 5076 659 5111 τε
692 5058 788 5112 καὶ
820 5058 930 5110 ἀπὸ
962 5056 1134 5126 τύχης
1166 5053 1412 5122 γίνεσθαι
1438 5049 1748 5120 λεγόμενον.

156 5152 381 5207 Τούτων
408 5154 466 5205 δὲ
493 5154 664 5216 οὕτως
696 5153 952 5222 ἐχόντων,
993 5150 1088 5203 καὶ
1136 5148 1354 5202 πάντων
1384 5145 1493 5197 τῶν
1529 5141 1750 5212 γινομέ-

155 5261 267 5299 νων
298 5246 379 5309 εἰς
396 5244 621 5308 τούτους
639 5246 767 5309 τοὺς
790 5245 1047 5316 τρόπους,
1072 5238 1480 5321 νενεμημένων,
1527 5235 1753 5290 ἀκόλου-

155 5335 254 5393 θον
282 5339 377 5392 ἐπὶ
406 5355 619 5401 τούτοις
655 5337 803 5401 ἰδεῖν,
835 5340 894 5390 ὲν
925 5335 1032 5389 τίνι
1055 5332 1165 5387 τῶν
1219 5327 1517 5400 ποιητικῶν
1564 5325 1752 5379 αἰτίων

157 5430 266 5503 χρὴ
294 5430 502 5483 τιθέναι
530 5431 625 5500 τὴν
651 5429 1013 5501 εἱμαρμένην.
1037 5421 1187 5497 τΑρά
1207 5440 1272 5493 γε
1307 5425 1364 5474 ὲν
1400 5423 1514 5484 τοῖς
1541 5417 1752 5481 οὐδενὸς

158 5523 468 5593 γινομένοις
493 5522 652 5594 χάριν
678 5538 692 5588 ;
722 5522 756 5593 ἢ
784 5519 943 5575 τοῦτο
994 5518 1094 5589 μὲν
1142 5516 1485 5570 παντάπασιν
1530 5509 1749 5579 ᾶλογον;

158 5614 248 5666 ἀεὶ
296 5614 408 5686 γάρ
438 5616 533 5667 ἐπὶ
589 5614 777 5677 τέλους
825 5611 971 5675 τινος
993 5610 1072 5681 τῷ
1122 5609 1222 5680 τῆς
1270 5603 1610 5677 εἱμαρμένης
1637 5601 1751 5655 ὀνό-

160 5720 295 5777 ματι
320 5705 609 5777 χρώμεθα,
637 5705 759 5760 καθ’
784 5704 1123 5776 εἱμαρμένην
1140 5717 1200 5753 τε
1223 5698 1355 5753 αὐτὸ
1382 5697 1628 5767 λέγοντες
1654 5709 1748 5748 νε-

231 5806 261 5838 α
300 5796 389 5852 la.
415 5795 528 5853 οὖν.

653 5894 921 5954 Parnm.
958 5890 1076 5953 Gn.
1110 5888 1280 5950 XXI.

1851 4613 1959 4669 que
1984 4606 2134 4651 certo
2169 4595 2406 4665 quodam
2445 4590 2638 4647 ordine
2680 4589 2799 4645 ﬁeri
2829 4589 3064 4653 soleant,
3109 4601 3301 4642 eorum
3340 4594 3427 4638 ta-

1853 4704 1979 4742 men
2015 4685 2257 4742 effectrix
2301 4692 2520 4748 natura,
2571 4696 2683 4738 non
2730 4680 2844 4749 jam
2884 4677 3328 4741 ratiocinatione,
3369 4684 3429 4731 ut

1852 4779 1916 4834 ﬁt
1952 4781 2005 4833 in
2038 4779 2268 4844 artibus,
2298 4775 2354 4830 in
2388 4774 2583 4830 iisdem
2615 4771 2919 4827 efﬁciendis
2950 4778 3169 4825 utatur:
3219 4777 3275 4822 at
3305 4782 3428 4837 qua:

1853 4871 1939 4927 vel
1966 4880 2083 4925 arte
2113 4870 2199 4925 vel
2233 4866 2471 4924 consilio
2499 4866 2658 4931 ﬁunt,
2690 4865 2759 4919 iis
2797 4878 2899 4919 nec
2942 4863 2998 4918 in
3040 4877 3099 4917 se
3145 4860 3298 4931 ipsis,
3332 4859 3426 4913 sed

1853 4964 2196 5019 extrinsecus
2225 4969 2281 5015 et
2309 4968 2491 5014 motus
2526 4956 2877 5028 principium,
2913 4961 2968 5008 et
2995 4967 3162 5007 causa
3184 4949 3426 5005 efﬁciens

1854 5053 2162 5117 antecedat,
2195 5062 2249 5107 et
2285 5066 2479 5107 eorum
2527 5047 2801 5104 eﬁ‘ectioni
2831 5044 3075 5101 auctoris
3107 5040 3427 5096 deliberatio

1854 5152 2075 5214 praeeat.
2120 5140 2244 5197 Jam
2284 5155 2466 5195 rerum
2510 5139 2764 5204 istarum,
2814 5152 2938 5207 quae
2973 5134 3207 5203 alicujus
3251 5130 3427 5201 gratia

1854 5235 2013 5299 ﬁunt,
2044 5233 2264 5287 tertium
2291 5230 2567 5300 quoddam
2597 5244 2769 5295 genus
2791 5242 2859 5282 ex
2883 5226 2952 5282 iis
2970 5222 3277 5287 constituit,
3306 5236 3426 5289 quae

1852 5339 1986 5381 casu
2016 5340 2083 5380 ac
2129 5332 2331 5379 temere
2356 5322 2476 5378 ﬁeri
2513 5322 2844 5377 creduntur:
2882 5319 2989 5374 hoc
3032 5326 3213 5372 tamen
3264 5310 3426 5383 270

1852 5420 1924 5475 ab
1953 5419 2063 5474 illis
2095 5416 2435 5484 discrimine,
2466 5430 2612 5485 quae,
2643 5428 2753 5468 non
2787 5412 2894 5466 nisi
2926 5410 3132 5473 causis,
3179 5406 3248 5462 ob
3289 5418 3427 5474 quas

1852 5512 2004 5576 ﬁant,
2049 5508 2403 5580 antegressis,
2447 5506 2741 5571 exsistunt,
2785 5501 2932 5572 quod
2970 5500 3024 5553 in
3059 5497 3167 5554 illis
3199 5510 3323 5565 qua:
3363 5492 3419 5547 ﬁ-

1850 5618 1978 5659 nem
2023 5601 2377 5665 antecedunt,
2424 5614 2489 5655 ea
2528 5610 2750 5667 quoque
2777 5593 2903 5648 ﬁnis
2950 5589 3125 5660 gratia
3169 5586 3335 5641 ﬁant:
3368 5583 3425 5638 in

1852 5691 1993 5759 istis,
2029 5704 2153 5761 quae
2199 5689 2364 5744 ﬁnem
2408 5684 2887 5757 antegrediuntur,
2933 5692 2998 5734 ea
3040 5689 3165 5730 cum
3199 5669 3426 5726 alterius

3031 5859 3108 5921 15
