  <div class='ocr_page' id='page_1' title='image "/cluster/home/n/w/nwhite01/storage/ocr_20150623/21/nnc1.0046978437/371.png"; bbox 0 0 3894 6220; ppageno 0'>
   <div class='ocr_carea' id='block_1_1' title="bbox 474 309 3727 379">
    <p class='ocr_par' dir='ltr' id='par_1_1' title="bbox 474 309 3727 379">
     <span class='ocr_line' id='line_1_1' title="bbox 474 309 3727 379; baseline 0.003 -11"><span class='ocrx_word' id='word_1_1' title='bbox 474 309 584 369; x_wconf 69' lang='lat'><strong>159</strong></span> <span class='ocrx_word' id='word_1_2' title='bbox 1118 312 1392 372; x_wconf 82' lang='lat' dir='ltr'><strong>EUSEBil</strong></span> <span class='ocrx_word' id='word_1_3' title='bbox 1430 313 1922 376; x_wconf 66' lang='lat' dir='ltr'><strong>CESARIENSIS</strong></span> <span class='ocrx_word' id='word_1_4' title='bbox 1960 318 2111 377; x_wconf 83' lang='lat' dir='ltr'><strong>OPP.</strong></span> <span class='ocrx_word' id='word_1_5' title='bbox 2154 319 2338 378; x_wconf 85' lang='lat' dir='ltr'><strong>PARS</strong></span> <span class='ocrx_word' id='word_1_6' title='bbox 2368 319 2434 376; x_wconf 86' lang='lat' dir='ltr'><strong>ll.</strong></span> <span class='ocrx_word' id='word_1_7' title='bbox 2474 352 2545 363; x_wconf 90' lang='lat'><strong><em>—</em></strong></span> <span class='ocrx_word' id='word_1_8' title='bbox 2581 318 3086 379; x_wconf 76' lang='lat' dir='ltr'><strong>APOLOGETICA.</strong></span> <span class='ocrx_word' id='word_1_9' title='bbox 3620 320 3727 377; x_wconf 74' lang='grc' dir='ltr'><strong>ιδο</strong></span> 
     </span>
    </p>
   </div>
   <div class='ocr_carea' id='block_1_2' title="bbox 467 426 2029 506">
    <p class='ocr_par' dir='ltr' id='par_1_2' title="bbox 467 426 2029 500">
     <span class='ocr_line' id='line_1_2' title="bbox 467 426 2029 500; baseline 0.006 -18"><span class='ocrx_word' id='word_1_10' title='bbox 467 439 633 482; x_wconf 85' lang='lat' dir='ltr'><strong>causa</strong></span> <span class='ocrx_word' id='word_1_11' title='bbox 671 426 822 492; x_wconf 88' lang='lat' dir='ltr'><strong>ﬁant,</strong></span> <span class='ocrx_word' id='word_1_12' title='bbox 864 436 981 483; x_wconf 91' lang='lat' dir='ltr'><strong>tum</strong></span> <span class='ocrx_word' id='word_1_13' title='bbox 1032 426 1226 484; x_wconf 81' lang='lat' dir='ltr'><strong>iisdem</strong></span> <span class='ocrx_word' id='word_1_14' title='bbox 1282 445 1415 486; x_wconf 85' lang='lat' dir='ltr'><strong>vero</strong></span> <span class='ocrx_word' id='word_1_15' title='bbox 1468 432 1600 487; x_wconf 90' lang='lat' dir='ltr'><strong>dum</strong></span> <span class='ocrx_word' id='word_1_16' title='bbox 1645 433 1719 488; x_wconf 91' lang='lat' dir='ltr'><strong>ita</strong></span> <span class='ocrx_word' id='word_1_17' title='bbox 1761 432 1921 500; x_wconf 89' lang='lat' dir='ltr'><strong>ﬁunt,</strong></span> <span class='ocrx_word' id='word_1_18' title='bbox 1966 436 2029 491; x_wconf 64' lang='lat' dir='ltr'><strong>sit</strong></span> 
     </span>
    </p>
   </div>
   <div class='ocr_carea' id='block_1_3' title="bbox 2131 426 3729 506">
    <p class='ocr_par' dir='ltr' id='par_1_3' title="bbox 2149 433 3729 506">
     <span class='ocr_line' id='line_1_3' title="bbox 2149 433 3729 506; baseline -0.001 -15"><span class='ocrx_word' id='word_1_19' title='bbox 2149 438 2382 506; x_wconf 81' lang='grc' dir='ltr'><strong>γονέναι’</strong></span> <span class='ocrx_word' id='word_1_20' title='bbox 2414 438 2496 493; x_wconf 84' lang='grc' dir='ltr'><strong>διὸ</strong></span> <span class='ocrx_word' id='word_1_21' title='bbox 2517 440 2577 493; x_wconf 82' lang='grc' dir='ltr'><strong>ὲν</strong></span> <span class='ocrx_word' id='word_1_22' title='bbox 2601 440 2713 500; x_wconf 88' lang='grc' dir='ltr'><strong>τοῖς</strong></span> <span class='ocrx_word' id='word_1_23' title='bbox 2738 434 2903 489; x_wconf 75' lang='grc' dir='ltr'><strong>ἕνεκά</strong></span> <span class='ocrx_word' id='word_1_24' title='bbox 2938 452 3033 489; x_wconf 86' lang='grc' dir='ltr'><strong>του</strong></span> <span class='ocrx_word' id='word_1_25' title='bbox 3075 433 3381 506; x_wconf 81' lang='grc' dir='ltr'><strong>γινομένοις</strong></span> <span class='ocrx_word' id='word_1_26' title='bbox 3431 435 3729 505; x_wconf 82' lang='grc' dir='ltr'><strong>ἀναγκαῖον</strong></span> 
     </span>
    </p>
   </div>
   <div class='ocr_carea' id='block_1_4' title="bbox 467 522 2029 602">
    <p class='ocr_par' dir='ltr' id='par_1_4' title="bbox 467 522 2029 595">
     <span class='ocr_line' id='line_1_4' title="bbox 467 522 2029 595; baseline 0.002 -17"><span class='ocrx_word' id='word_1_27' title='bbox 467 529 725 594; x_wconf 84' lang='lat' dir='ltr'><strong>tanquam</strong></span> <span class='ocrx_word' id='word_1_28' title='bbox 749 523 876 579; x_wconf 81' lang='lat' dir='ltr'><strong>linis</strong></span> <span class='ocrx_word' id='word_1_29' title='bbox 901 524 1123 594; x_wconf 90' lang='lat' dir='ltr'><strong>quidam</strong></span> <span class='ocrx_word' id='word_1_30' title='bbox 1152 522 1203 578; x_wconf 91' lang='lat' dir='ltr'><strong>id</strong></span> <span class='ocrx_word' id='word_1_31' title='bbox 1233 531 1509 590; x_wconf 76' lang='lat' dir='ltr'><strong>occurrat,</strong></span> <span class='ocrx_word' id='word_1_32' title='bbox 1537 525 1685 595; x_wconf 90' lang='lat' dir='ltr'><strong>quod</strong></span> <span class='ocrx_word' id='word_1_33' title='bbox 1720 534 1923 581; x_wconf 78' lang='lat' dir='ltr'><strong>temere</strong></span> <span class='ocrx_word' id='word_1_34' title='bbox 1952 542 2029 581; x_wconf 91' lang='lat' dir='ltr'><strong>ca-</strong></span> 
     </span>
    </p>
   </div>
   <div class='ocr_carea' id='block_1_5' title="bbox 2131 522 3729 602">
    <p class='ocr_par' dir='ltr' id='par_1_5' title="bbox 2145 524 3729 602">
     <span class='ocr_line' id='line_1_5' title="bbox 2145 524 3729 602; baseline -0.002 -19"><span class='ocrx_word' id='word_1_35' title='bbox 2145 529 2351 583; x_wconf 87' lang='grc' dir='ltr'><strong>τιθέναι</strong></span> <span class='ocrx_word' id='word_1_36' title='bbox 2382 529 2481 602; x_wconf 81' lang='grc' dir='ltr'><strong>τὴν</strong></span> <span class='ocrx_word' id='word_1_37' title='bbox 2514 528 2911 601; x_wconf 74' lang='grc' dir='ltr'><strong>εἱμαρμένην.»</strong></span> <span class='ocrx_word' id='word_1_38' title='bbox 2945 524 3132 580; x_wconf 82' lang='grc' dir='ltr'><strong>Ταῦτα</strong></span> <span class='ocrx_word' id='word_1_39' title='bbox 3183 526 3369 589; x_wconf 83' lang='grc' dir='ltr'><strong>αὐτοῖς</strong></span> <span class='ocrx_word' id='word_1_40' title='bbox 3411 526 3643 598; x_wconf 80' lang='grc' dir='ltr'><strong>ῥήμασιν</strong></span> <span class='ocrx_word' id='word_1_41' title='bbox 3700 530 3729 580; x_wconf 84' lang='grc' dir='ltr'><strong><em>ὁ</em></strong></span> 
     </span>
    </p>
   </div>
   <div class='ocr_carea' id='block_1_6' title="bbox 467 613 2029 691">
    <p class='ocr_par' dir='ltr' id='par_1_6' title="bbox 467 613 2029 684">
     <span class='ocr_line' id='line_1_6' title="bbox 467 613 2029 684; baseline -0.001 -12"><span class='ocrx_word' id='word_1_42' title='bbox 467 628 645 684; x_wconf 77' lang='lat' dir='ltr'><strong>suque</strong></span> <span class='ocrx_word' id='word_1_43' title='bbox 682 613 799 669; x_wconf 83' lang='lat' dir='ltr'><strong>ﬁeri</strong></span> <span class='ocrx_word' id='word_1_44' title='bbox 844 613 1062 669; x_wconf 91' lang='lat' dir='ltr'><strong>dicitur.</strong></span> <span class='ocrx_word' id='word_1_45' title='bbox 1101 613 1313 680; x_wconf 84' lang='lat' dir='ltr'><strong>Quibus</strong></span> <span class='ocrx_word' id='word_1_46' title='bbox 1353 615 1503 670; x_wconf 87' lang='lat' dir='ltr'><strong>hunc</strong></span> <span class='ocrx_word' id='word_1_47' title='bbox 1550 616 1603 670; x_wconf 92' lang='lat' dir='ltr'><strong>in</strong></span> <span class='ocrx_word' id='word_1_48' title='bbox 1661 617 1881 671; x_wconf 90' lang='lat' dir='ltr'><strong>modum</strong></span> <span class='ocrx_word' id='word_1_49' title='bbox 1910 633 2029 673; x_wconf 90' lang='lat' dir='ltr'><strong>con-</strong></span> 
     </span>
    </p>
   </div>
   <div class='ocr_carea' id='block_1_7' title="bbox 2131 613 3728 691">
    <p class='ocr_par' dir='ltr' id='par_1_7' title="bbox 2148 616 3728 691">
     <span class='ocr_line' id='line_1_7' title="bbox 2148 616 3728 691; baseline 0.001 -20"><span class='ocrx_word' id='word_1_50' title='bbox 2148 618 2520 691; x_wconf 80' lang='grc' dir='ltr'><strong>προδηλωθεὶς</strong></span> <span class='ocrx_word' id='word_1_51' title='bbox 2548 618 2686 691; x_wconf 80' lang='grc' dir='ltr'><strong>ἀνὴρ</strong></span> <span class='ocrx_word' id='word_1_52' title='bbox 2715 616 2925 681; x_wconf 86' lang='grc' dir='ltr'><strong>διελὼν,</strong></span> <span class='ocrx_word' id='word_1_53' title='bbox 2977 616 3065 671; x_wconf 84' lang='grc' dir='ltr'><strong>διὰ</strong></span> <span class='ocrx_word' id='word_1_54' title='bbox 3106 616 3366 671; x_wconf 88' lang='grc' dir='ltr'><strong>πλειόνων</strong></span> <span class='ocrx_word' id='word_1_55' title='bbox 3415 618 3542 691; x_wconf 76' lang='grc' dir='ltr'><strong>ἑξῆς</strong></span> <span class='ocrx_word' id='word_1_56' title='bbox 3601 634 3728 672; x_wconf 87' lang='grc' dir='ltr'><strong>συν-</strong></span> 
     </span>
    </p>
   </div>
   <div class='ocr_carea' id='block_1_8' title="bbox 467 704 2029 784">
    <p class='ocr_par' dir='ltr' id='par_1_8' title="bbox 467 704 2029 776">
     <span class='ocr_line' id='line_1_8' title="bbox 467 704 2029 776; baseline 0.001 -17"><span class='ocrx_word' id='word_1_57' title='bbox 467 705 693 767; x_wconf 87' lang='lat' dir='ltr'><strong>stitutis,</strong></span> <span class='ocrx_word' id='word_1_58' title='bbox 744 713 905 776; x_wconf 89' lang='lat' dir='ltr'><strong>atque</strong></span> <span class='ocrx_word' id='word_1_59' title='bbox 933 705 1212 770; x_wconf 90' lang='lat' dir='ltr'><strong>omnibus,</strong></span> <span class='ocrx_word' id='word_1_60' title='bbox 1244 720 1364 776; x_wconf 73' lang='lat' dir='ltr'><strong>qua:</strong></span> <span class='ocrx_word' id='word_1_61' title='bbox 1400 704 1558 773; x_wconf 93' lang='lat' dir='ltr'><strong>ﬁunt,</strong></span> <span class='ocrx_word' id='word_1_62' title='bbox 1590 706 1692 762; x_wconf 90' lang='lat' dir='ltr'><strong>bos</strong></span> <span class='ocrx_word' id='word_1_63' title='bbox 1727 707 1782 761; x_wconf 92' lang='lat' dir='ltr'><strong>in</strong></span> <span class='ocrx_word' id='word_1_64' title='bbox 1818 707 2029 761; x_wconf 75' lang='lat' dir='ltr'><strong>ordines</strong></span> 
     </span>
    </p>
   </div>
   <div class='ocr_carea' id='block_1_9' title="bbox 2131 704 3730 784">
    <p class='ocr_par' dir='ltr' id='par_1_9' title="bbox 2148 707 3730 784">
     <span class='ocr_line' id='line_1_9' title="bbox 2148 707 3730 784; baseline -0.001 -19"><span class='ocrx_word' id='word_1_65' title='bbox 2148 712 2359 784; x_wconf 89' lang='grc' dir='ltr'><strong>ίστησιν</strong></span> <span class='ocrx_word' id='word_1_66' title='bbox 2396 711 2505 764; x_wconf 83' lang='grc' dir='ltr'><strong>οὐδ’</strong></span> <span class='ocrx_word' id='word_1_67' title='bbox 2527 710 2655 765; x_wconf 81' lang='grc' dir='ltr'><strong>ἄλλο</strong></span> <span class='ocrx_word' id='word_1_68' title='bbox 2689 728 2742 764; x_wconf 92' lang='grc' dir='ltr'><strong>τι</strong></span> <span class='ocrx_word' id='word_1_69' title='bbox 2774 707 3034 780; x_wconf 74' lang='grc' dir='ltr'><strong>εἶναιτὴν</strong></span> <span class='ocrx_word' id='word_1_70' title='bbox 3052 708 3396 781; x_wconf 79' lang='grc' dir='ltr'><strong>εἱμαρμένην</strong></span> <span class='ocrx_word' id='word_1_71' title='bbox 3421 710 3455 782; x_wconf 80' lang='grc' dir='ltr'>ἢ</span> <span class='ocrx_word' id='word_1_72' title='bbox 3488 710 3558 764; x_wconf 86' lang='grc' dir='ltr'><strong>τά</strong></span> <span class='ocrx_word' id='word_1_73' title='bbox 3586 711 3730 765; x_wconf 87' lang='grc' dir='ltr'><strong>κατά</strong></span> 
     </span>
    </p>
   </div>
   <div class='ocr_carea' id='block_1_10' title="bbox 466 796 2029 874">
    <p class='ocr_par' dir='ltr' id='par_1_10' title="bbox 466 796 2029 869">
     <span class='ocr_line' id='line_1_10' title="bbox 466 796 2029 869; baseline 0.001 -17"><span class='ocrx_word' id='word_1_74' title='bbox 466 811 533 852; x_wconf 83' lang='lat' dir='ltr'><strong>ac</strong></span> <span class='ocrx_word' id='word_1_75' title='bbox 576 811 776 866; x_wconf 86' lang='lat' dir='ltr'><strong>genera</strong></span> <span class='ocrx_word' id='word_1_76' title='bbox 805 796 1140 863; x_wconf 86' lang='lat' dir='ltr'><strong>distributis,</strong></span> <span class='ocrx_word' id='word_1_77' title='bbox 1173 796 1421 867; x_wconf 81' lang='lat' dir='ltr'><strong>sequitur</strong></span> <span class='ocrx_word' id='word_1_78' title='bbox 1456 798 1733 869; x_wconf 87' lang='lat' dir='ltr'><strong>deinceps,</strong></span> <span class='ocrx_word' id='word_1_79' title='bbox 1773 801 1850 853; x_wconf 82' lang='lat' dir='ltr'><strong>uti</strong></span> <span class='ocrx_word' id='word_1_80' title='bbox 1879 815 2029 869; x_wconf 84' lang='lat' dir='ltr'><strong>quan:</strong></span> 
     </span>
    </p>
   </div>
   <div class='ocr_carea' id='block_1_11' title="bbox 2131 796 3730 874">
    <p class='ocr_par' dir='ltr' id='par_1_11' title="bbox 2145 799 3730 874">
     <span class='ocr_line' id='line_1_11' title="bbox 2145 799 3730 874; baseline -0.002 -17"><span class='ocrx_word' id='word_1_81' title='bbox 2145 804 2305 872; x_wconf 88' lang='grc' dir='ltr'><strong>φύσιν</strong></span> <span class='ocrx_word' id='word_1_82' title='bbox 2324 803 2602 873; x_wconf 87' lang='grc' dir='ltr'><strong>γινόμενα·</strong></span> <span class='ocrx_word' id='word_1_83' title='bbox 2636 802 2711 874; x_wconf 87' lang='grc' dir='ltr'><strong>μὴ</strong></span> <span class='ocrx_word' id='word_1_84' title='bbox 2739 801 2849 873; x_wconf 85' lang='grc' dir='ltr'><strong>γὰρ</strong></span> <span class='ocrx_word' id='word_1_85' title='bbox 2869 801 2929 854; x_wconf 80' lang='grc' dir='ltr'><strong>ἐν</strong></span> <span class='ocrx_word' id='word_1_86' title='bbox 2965 802 3079 863; x_wconf 87' lang='grc' dir='ltr'><strong>τοῖς</strong></span> <span class='ocrx_word' id='word_1_87' title='bbox 3125 799 3267 853; x_wconf 82' lang='grc' dir='ltr'><strong>κατὰ</strong></span> <span class='ocrx_word' id='word_1_88' title='bbox 3310 800 3566 871; x_wconf 86' lang='grc' dir='ltr'><strong>λογισμὸν</strong></span> <span class='ocrx_word' id='word_1_89' title='bbox 3592 801 3730 872; x_wconf 76' lang='grc' dir='ltr'><strong>ἠμέ-</strong></span> 
     </span>
    </p>
   </div>
   <div class='ocr_carea' id='block_1_12' title="bbox 464 888 2040 959">
    <p class='ocr_par' dir='ltr' id='par_1_12' title="bbox 464 888 2040 959">
     <span class='ocr_line' id='line_1_12' title="bbox 464 888 2040 959; baseline 0.003 -16"><span class='ocrx_word' id='word_1_90' title='bbox 464 889 532 943; x_wconf 80' lang='lat' dir='ltr'><strong>ad</strong></span> <span class='ocrx_word' id='word_1_91' title='bbox 566 888 962 959; x_wconf 86' lang='lat' dir='ltr'><strong>principiorum</strong></span> <span class='ocrx_word' id='word_1_92' title='bbox 992 888 1346 946; x_wconf 82' lang='lat' dir='ltr'><strong>efﬁcientium</strong></span> <span class='ocrx_word' id='word_1_93' title='bbox 1390 890 1623 945; x_wconf 86' lang='lat' dir='ltr'><strong>classem</strong></span> <span class='ocrx_word' id='word_1_94' title='bbox 1664 892 1911 946; x_wconf 84' lang='lat' dir='ltr'><strong>revocari</strong></span> <span class='ocrx_word' id='word_1_95' title='bbox 1957 891 2040 947; x_wconf 81' lang='lat' dir='ltr'><strong>fa—</strong></span> 
     </span>
    </p>
   </div>
   <div class='ocr_carea' id='block_1_13' title="bbox 464 978 2045 1052">
    <p class='ocr_par' dir='ltr' id='par_1_13' title="bbox 464 978 2045 1052">
     <span class='ocr_line' id='line_1_13' title="bbox 464 978 2045 1052; baseline 0.002 -16"><span class='ocrx_word' id='word_1_96' title='bbox 464 988 579 1036; x_wconf 87' lang='lat' dir='ltr'><strong>tum</strong></span> <span class='ocrx_word' id='word_1_97' title='bbox 606 979 802 1036; x_wconf 86' lang='lat' dir='ltr'><strong>debeat</strong></span> <span class='ocrx_word' id='word_1_98' title='bbox 830 980 1138 1037; x_wconf 79' lang='lat' dir='ltr'><strong>videamus.</strong></span> <span class='ocrx_word' id='word_1_99' title='bbox 1173 978 1372 1035; x_wconf 87' lang='lat' dir='ltr'><strong>Utrum</strong></span> <span class='ocrx_word' id='word_1_100' title='bbox 1403 980 1569 1051; x_wconf 83' lang='lat' dir='ltr'><strong>igitur</strong></span> <span class='ocrx_word' id='word_1_101' title='bbox 1595 982 1661 1034; x_wconf 89' lang='lat' dir='ltr'><strong>ad</strong></span> <span class='ocrx_word' id='word_1_102' title='bbox 1684 995 1897 1046; x_wconf 91' lang='lat' dir='ltr'><strong>eorum,</strong></span> <span class='ocrx_word' id='word_1_103' title='bbox 1922 998 2045 1052; x_wconf 69' lang='lat' dir='ltr'><strong>quas</strong></span> 
     </span>
    </p>
   </div>
   <div class='ocr_carea' id='block_1_14' title="bbox 463 1073 2044 1146">
    <p class='ocr_par' dir='ltr' id='par_1_14' title="bbox 463 1073 2044 1146">
     <span class='ocr_line' id='line_1_14' title="bbox 463 1073 2044 1146; baseline 0 -16"><span class='ocrx_word' id='word_1_104' title='bbox 463 1073 670 1130; x_wconf 87' lang='lat' dir='ltr'><strong>nullius</strong></span> <span class='ocrx_word' id='word_1_105' title='bbox 710 1075 785 1130; x_wconf 88' lang='lat' dir='ltr'><strong>rei</strong></span> <span class='ocrx_word' id='word_1_106' title='bbox 820 1089 987 1131; x_wconf 88' lang='lat' dir='ltr'><strong>causa</strong></span> <span class='ocrx_word' id='word_1_107' title='bbox 1026 1074 1203 1130; x_wconf 84' lang='lat' dir='ltr'><strong>ﬁunt?</strong></span> <span class='ocrx_word' id='word_1_108' title='bbox 1232 1090 1301 1130; x_wconf 91' lang='lat' dir='ltr'><strong>an</strong></span> <span class='ocrx_word' id='word_1_109' title='bbox 1336 1076 1521 1146; x_wconf 86' lang='lat' dir='ltr'><strong>potius</strong></span> <span class='ocrx_word' id='word_1_110' title='bbox 1559 1074 1613 1129; x_wconf 91' lang='lat' dir='ltr'><strong>id</strong></span> <span class='ocrx_word' id='word_1_111' title='bbox 1660 1078 1823 1146; x_wconf 87' lang='lat' dir='ltr'><strong>plane</strong></span> <span class='ocrx_word' id='word_1_112' title='bbox 1850 1077 2044 1133; x_wconf 87' lang='lat' dir='ltr'><strong>absur-</strong></span> 
     </span>
    </p>
   </div>
   <div class='ocr_carea' id='block_1_15' title="bbox 461 1166 2031 1234">
    <p class='ocr_par' dir='ltr' id='par_1_15' title="bbox 461 1166 2031 1234">
     <span class='ocr_line' id='line_1_15' title="bbox 461 1166 2031 1234; baseline -0.001 -11"><span class='ocrx_word' id='word_1_113' title='bbox 461 1167 591 1223; x_wconf 91' lang='lat' dir='ltr'><strong>dum</strong></span> <span class='ocrx_word' id='word_1_114' title='bbox 624 1166 898 1234; x_wconf 91' lang='lat' dir='ltr'><strong>videatur,</strong></span> <span class='ocrx_word' id='word_1_115' title='bbox 943 1182 1069 1223; x_wconf 85' lang='lat' dir='ltr'><strong>cum</strong></span> <span class='ocrx_word' id='word_1_116' title='bbox 1117 1174 1174 1222; x_wconf 86' lang='lat' dir='ltr'><strong>et</strong></span> <span class='ocrx_word' id='word_1_117' title='bbox 1210 1166 1311 1221; x_wconf 80' lang='lat' dir='ltr'><strong>fati</strong></span> <span class='ocrx_word' id='word_1_118' title='bbox 1362 1167 1585 1221; x_wconf 90' lang='lat' dir='ltr'><strong>nomine</strong></span> <span class='ocrx_word' id='word_1_119' title='bbox 1634 1167 1702 1221; x_wconf 92' lang='lat' dir='ltr'><strong>ad</strong></span> <span class='ocrx_word' id='word_1_120' title='bbox 1748 1167 1909 1223; x_wconf 88' lang='lat' dir='ltr'><strong>ﬁnem</strong></span> <span class='ocrx_word' id='word_1_121' title='bbox 1943 1168 2031 1223; x_wconf 86' lang='lat' dir='ltr'><strong>ali-</strong></span> 
     </span>
    </p>
   </div>
   <div class='ocr_carea' id='block_1_16' title="bbox 461 1259 2042 1331">
    <p class='ocr_par' dir='ltr' id='par_1_16' title="bbox 461 1259 2042 1331">
     <span class='ocr_line' id='line_1_16' title="bbox 461 1259 2042 1331; baseline 0.001 -17"><span class='ocrx_word' id='word_1_122' title='bbox 461 1274 624 1329; x_wconf 87' lang='lat' dir='ltr'><strong>quem</strong></span> <span class='ocrx_word' id='word_1_123' title='bbox 685 1260 1085 1331; x_wconf 77' lang='lat' dir='ltr'><strong>designandum</strong></span> <span class='ocrx_word' id='word_1_124' title='bbox 1133 1267 1451 1315; x_wconf 86' lang='lat' dir='ltr'><strong>constanter</strong></span> <span class='ocrx_word' id='word_1_125' title='bbox 1502 1259 1580 1313; x_wconf 85' lang='lat' dir='ltr'><strong>uti</strong></span> <span class='ocrx_word' id='word_1_126' title='bbox 1637 1260 1944 1327; x_wconf 87' lang='lat' dir='ltr'><strong>soleamus,</strong></span> <span class='ocrx_word' id='word_1_127' title='bbox 1987 1270 2042 1315; x_wconf 92' lang='lat' dir='ltr'><strong>et</strong></span> 
     </span>
    </p>
   </div>
   <div class='ocr_carea' id='block_1_17' title="bbox 461 1350 2040 1423">
    <p class='ocr_par' dir='ltr' id='par_1_17' title="bbox 461 1350 2040 1423">
     <span class='ocr_line' id='line_1_17' title="bbox 461 1350 2040 1423; baseline 0.001 -19"><span class='ocrx_word' id='word_1_128' title='bbox 461 1350 626 1407; x_wconf 88' lang='lat' dir='ltr'><strong>ﬁnem</strong></span> <span class='ocrx_word' id='word_1_129' title='bbox 658 1351 837 1423; x_wconf 89' lang='lat' dir='ltr'><strong>ipsum</strong></span> <span class='ocrx_word' id='word_1_130' title='bbox 872 1351 986 1407; x_wconf 80' lang='lat' dir='ltr'><strong>fato</strong></span> <span class='ocrx_word' id='word_1_131' title='bbox 1035 1351 1335 1423; x_wconf 78' lang='lat' dir='ltr'><strong>contigisse</strong></span> <span class='ocrx_word' id='word_1_132' title='bbox 1378 1351 1673 1406; x_wconf 86' lang='lat' dir='ltr'><strong>dicamus?</strong></span> <span class='ocrx_word' id='word_1_133' title='bbox 1712 1350 1899 1420; x_wconf 81' lang='lat' dir='ltr'><strong>Itaque</strong></span> <span class='ocrx_word' id='word_1_134' title='bbox 1942 1366 2040 1407; x_wconf 90' lang='lat' dir='ltr'><strong>su-</strong></span> 
     </span>
    </p>
   </div>
   <div class='ocr_carea' id='block_1_18' title="bbox 450 1442 2039 1512">
    <p class='ocr_par' dir='ltr' id='par_1_18' title="bbox 450 1442 2039 1512">
     <span class='ocr_line' id='line_1_18' title="bbox 450 1442 2039 1512; baseline 0 -14"><span class='ocrx_word' id='word_1_135' title='bbox 450 1452 662 1511; x_wconf 82' lang='lat' dir='ltr'><strong>perest,</strong></span> <span class='ocrx_word' id='word_1_136' title='bbox 703 1453 764 1500; x_wconf 91' lang='lat' dir='ltr'><strong>ut</strong></span> <span class='ocrx_word' id='word_1_137' title='bbox 821 1444 876 1498; x_wconf 93' lang='lat' dir='ltr'><strong>in</strong></span> <span class='ocrx_word' id='word_1_138' title='bbox 935 1444 1006 1499; x_wconf 91' lang='lat' dir='ltr'><strong>iis</strong></span> <span class='ocrx_word' id='word_1_139' title='bbox 1042 1442 1213 1498; x_wconf 77' lang='lat' dir='ltr'><strong>fatum</strong></span> <span class='ocrx_word' id='word_1_140' title='bbox 1256 1449 1602 1507; x_wconf 86' lang='lat' dir='ltr'><strong>numeretur,</strong></span> <span class='ocrx_word' id='word_1_141' title='bbox 1646 1457 1770 1512; x_wconf 66' lang='lat' dir='ltr'><strong>quae</strong></span> <span class='ocrx_word' id='word_1_142' title='bbox 1808 1442 2039 1512; x_wconf 83' lang='lat' dir='ltr'><strong>alicujus</strong></span> 
     </span>
    </p>
   </div>
   <div class='ocr_carea' id='block_1_19' title="bbox 460 1532 2039 1607">
    <p class='ocr_par' dir='ltr' id='par_1_19' title="bbox 460 1532 2039 1607">
     <span class='ocr_line' id='line_1_19' title="bbox 460 1532 2039 1607; baseline 0.001 -17"><span class='ocrx_word' id='word_1_143' title='bbox 460 1535 635 1607; x_wconf 88' lang='lat' dir='ltr'><strong>gratia</strong></span> <span class='ocrx_word' id='word_1_144' title='bbox 663 1534 821 1590; x_wconf 89' lang='lat' dir='ltr'><strong>ﬁunt.</strong></span> <span class='ocrx_word' id='word_1_145' title='bbox 852 1553 871 1587; x_wconf 83' lang='grc'><strong>›</strong></span> <span class='ocrx_word' id='word_1_146' title='bbox 908 1532 1035 1590; x_wconf 69' lang='lat' dir='ltr'><strong>Haec</strong></span> <span class='ocrx_word' id='word_1_147' title='bbox 1060 1536 1284 1590; x_wconf 86' lang='lat' dir='ltr'><strong>totidem</strong></span> <span class='ocrx_word' id='word_1_148' title='bbox 1306 1534 1487 1591; x_wconf 89' lang='lat' dir='ltr'><strong>verbis</strong></span> <span class='ocrx_word' id='word_1_149' title='bbox 1500 1535 1824 1602; x_wconf 78' lang='lat' dir='ltr'><strong>Alexander,</strong></span> <span class='ocrx_word' id='word_1_150' title='bbox 1841 1536 2039 1607; x_wconf 92' lang='lat' dir='ltr'><strong>quibus</strong></span> 
     </span>
    </p>
   </div>
   <div class='ocr_carea' id='block_1_20' title="bbox 460 1626 2035 1697">
    <p class='ocr_par' dir='ltr' id='par_1_20' title="bbox 460 1626 2035 1697">
     <span class='ocr_line' id='line_1_20' title="bbox 460 1626 2035 1697; baseline 0.002 -16"><span class='ocrx_word' id='word_1_151' title='bbox 460 1627 767 1697; x_wconf 74' lang='lat' dir='ltr'><strong>explicatis,</strong></span> <span class='ocrx_word' id='word_1_152' title='bbox 804 1626 1091 1681; x_wconf 85' lang='lat' dir='ltr'><strong>conﬁrmat</strong></span> <span class='ocrx_word' id='word_1_153' title='bbox 1124 1626 1320 1682; x_wconf 91' lang='lat' dir='ltr'><strong>deinde</strong></span> <span class='ocrx_word' id='word_1_154' title='bbox 1382 1627 1634 1697; x_wconf 88' lang='lat' dir='ltr'><strong>pluribus</strong></span> <span class='ocrx_word' id='word_1_155' title='bbox 1678 1626 1850 1682; x_wconf 82' lang='lat' dir='ltr'><strong>fatum</strong></span> <span class='ocrx_word' id='word_1_156' title='bbox 1891 1628 2035 1684; x_wconf 86' lang='lat' dir='ltr'><strong>aliud</strong></span> 
     </span>
    </p>
   </div>
   <div class='ocr_carea' id='block_1_21' title="bbox 460 1716 2033 1788">
    <p class='ocr_par' dir='ltr' id='par_1_21' title="bbox 460 1716 2033 1788">
     <span class='ocr_line' id='line_1_21' title="bbox 460 1716 2033 1788; baseline 0.001 -15"><span class='ocrx_word' id='word_1_157' title='bbox 460 1730 588 1773; x_wconf 89' lang='lat' dir='ltr'><strong>esse</strong></span> <span class='ocrx_word' id='word_1_158' title='bbox 619 1716 778 1783; x_wconf 90' lang='lat' dir='ltr'><strong>nihil,</strong></span> <span class='ocrx_word' id='word_1_159' title='bbox 820 1732 986 1787; x_wconf 91' lang='lat' dir='ltr'><strong>quam</strong></span> <span class='ocrx_word' id='word_1_160' title='bbox 1041 1732 1163 1787; x_wconf 74' lang='lat' dir='ltr'><strong>qua:</strong></span> <span class='ocrx_word' id='word_1_161' title='bbox 1214 1727 1412 1772; x_wconf 92' lang='lat' dir='ltr'><strong>natura</strong></span> <span class='ocrx_word' id='word_1_162' title='bbox 1460 1718 1617 1783; x_wconf 91' lang='lat' dir='ltr'><strong>ﬁunt,</strong></span> <span class='ocrx_word' id='word_1_163' title='bbox 1666 1720 1815 1788; x_wconf 91' lang='lat' dir='ltr'><strong>quod</strong></span> <span class='ocrx_word' id='word_1_164' title='bbox 1850 1719 1904 1774; x_wconf 91' lang='lat' dir='ltr'><strong>in</strong></span> <span class='ocrx_word' id='word_1_165' title='bbox 1944 1720 2033 1787; x_wconf 88' lang='lat' dir='ltr'><strong>iis,</strong></span> 
     </span>
    </p>
   </div>
   <div class='ocr_carea' id='block_1_22' title="bbox 460 1808 2037 1880">
    <p class='ocr_par' dir='ltr' id='par_1_22' title="bbox 460 1808 2037 1880">
     <span class='ocr_line' id='line_1_22' title="bbox 460 1808 2037 1880; baseline 0.002 -17"><span class='ocrx_word' id='word_1_166' title='bbox 460 1824 584 1880; x_wconf 70' lang='lat' dir='ltr'><strong>quae</strong></span> <span class='ocrx_word' id='word_1_167' title='bbox 602 1808 921 1879; x_wconf 80' lang='lat' dir='ltr'><strong>provisione</strong></span> <span class='ocrx_word' id='word_1_168' title='bbox 944 1818 1133 1865; x_wconf 87' lang='lat' dir='ltr'><strong>nostra</strong></span> <span class='ocrx_word' id='word_1_169' title='bbox 1169 1808 1515 1879; x_wconf 90' lang='lat' dir='ltr'><strong>consilioque</strong></span> <span class='ocrx_word' id='word_1_170' title='bbox 1542 1810 1880 1880; x_wconf 87' lang='lat' dir='ltr'><strong>perﬁcimus,</strong></span> <span class='ocrx_word' id='word_1_171' title='bbox 1904 1826 2037 1866; x_wconf 89' lang='lat' dir='ltr'><strong>nus-</strong></span> 
     </span>
    </p>
   </div>
   <div class='ocr_carea' id='block_1_23' title="bbox 464 1899 2032 1973">
    <p class='ocr_par' dir='ltr' id='par_1_23' title="bbox 464 1899 2032 1973">
     <span class='ocr_line' id='line_1_23' title="bbox 464 1899 2032 1973; baseline 0.001 -17"><span class='ocrx_word' id='word_1_172' title='bbox 464 1916 627 1972; x_wconf 83' lang='lat' dir='ltr'><strong>quam</strong></span> <span class='ocrx_word' id='word_1_173' title='bbox 661 1915 889 1971; x_wconf 65' lang='lat' dir='ltr'><strong>ea,quae</strong></span> <span class='ocrx_word' id='word_1_174' title='bbox 920 1899 1015 1955; x_wconf 81' lang='lat' dir='ltr'><strong>fati</strong></span> <span class='ocrx_word' id='word_1_175' title='bbox 1047 1902 1269 1971; x_wconf 88' lang='lat' dir='ltr'><strong>propria</strong></span> <span class='ocrx_word' id='word_1_176' title='bbox 1295 1910 1399 1963; x_wconf 88' lang='lat' dir='ltr'><strong>est,</strong></span> <span class='ocrx_word' id='word_1_177' title='bbox 1433 1902 1730 1958; x_wconf 85' lang='lat' dir='ltr'><strong>necessitas</strong></span> <span class='ocrx_word' id='word_1_178' title='bbox 1754 1912 2032 1973; x_wconf 87' lang='lat' dir='ltr'><strong>appareat.</strong></span> 
     </span>
    </p>
   </div>
   <div class='ocr_carea' id='block_1_24' title="bbox 460 1991 2039 2064">
    <p class='ocr_par' dir='ltr' id='par_1_24' title="bbox 460 1991 2039 2064">
     <span class='ocr_line' id='line_1_24' title="bbox 460 1991 2039 2064; baseline 0.002 -18"><span class='ocrx_word' id='word_1_179' title='bbox 460 1991 626 2048; x_wconf 69' lang='lat' dir='ltr'><strong>Addit</strong></span> <span class='ocrx_word' id='word_1_180' title='bbox 663 2002 948 2064; x_wconf 68' lang='lat' dir='ltr'><strong>praeterea,</strong></span> <span class='ocrx_word' id='word_1_181' title='bbox 998 2007 1189 2046; x_wconf 89' lang='lat' dir='ltr'><strong>eorum</strong></span> <span class='ocrx_word' id='word_1_182' title='bbox 1245 1994 1669 2063; x_wconf 87' lang='lat' dir='ltr'><strong>quamplurima,</strong></span> <span class='ocrx_word' id='word_1_183' title='bbox 1719 2010 1841 2064; x_wconf 69' lang='lat' dir='ltr'><strong>quae</strong></span> <span class='ocrx_word' id='word_1_184' title='bbox 1879 2004 2039 2049; x_wconf 91' lang='lat' dir='ltr'><strong>natu-</strong></span> 
     </span>
    </p>
   </div>
   <div class='ocr_carea' id='block_1_25' title="bbox 456 2083 2039 2155">
    <p class='ocr_par' dir='ltr' id='par_1_25' title="bbox 456 2083 2039 2155">
     <span class='ocr_line' id='line_1_25' title="bbox 456 2083 2039 2155; baseline 0.002 -17"><span class='ocrx_word' id='word_1_185' title='bbox 456 2097 580 2138; x_wconf 84' lang='lat' dir='ltr'><strong>ram</strong></span> <span class='ocrx_word' id='word_1_186' title='bbox 614 2089 950 2153; x_wconf 87' lang='lat' dir='ltr'><strong>sequuntur,</strong></span> <span class='ocrx_word' id='word_1_187' title='bbox 978 2083 1232 2138; x_wconf 87' lang='lat' dir='ltr'><strong>obicibus</strong></span> <span class='ocrx_word' id='word_1_188' title='bbox 1275 2083 1605 2153; x_wconf 90' lang='lat' dir='ltr'><strong>quibusdam</strong></span> <span class='ocrx_word' id='word_1_189' title='bbox 1634 2084 1892 2150; x_wconf 88' lang='lat' dir='ltr'><strong>inhiberi,</strong></span> <span class='ocrx_word' id='word_1_190' title='bbox 1917 2101 2039 2155; x_wconf 70' lang='lat' dir='ltr'><strong>qua:</strong></span> 
     </span>
    </p>
   </div>
   <div class='ocr_carea' id='block_1_26' title="bbox 459 2176 2036 2248">
    <p class='ocr_par' dir='ltr' id='par_1_26' title="bbox 459 2176 2036 2248">
     <span class='ocr_line' id='line_1_26' title="bbox 459 2176 2036 2248; baseline 0.003 -19"><span class='ocrx_word' id='word_1_191' title='bbox 459 2182 660 2244; x_wconf 67' lang='lat' dir='ltr'><strong>praeter</strong></span> <span class='ocrx_word' id='word_1_192' title='bbox 690 2184 948 2230; x_wconf 89' lang='lat' dir='ltr'><strong>naturam</strong></span> <span class='ocrx_word' id='word_1_193' title='bbox 990 2177 1176 2231; x_wconf 90' lang='lat' dir='ltr'><strong>vocari</strong></span> <span class='ocrx_word' id='word_1_194' title='bbox 1210 2176 1444 2241; x_wconf 87' lang='lat' dir='ltr'><strong>soleant,</strong></span> <span class='ocrx_word' id='word_1_195' title='bbox 1480 2177 1941 2248; x_wconf 88' lang='lat' dir='ltr'><strong>quemadmodum</strong></span> <span class='ocrx_word' id='word_1_196' title='bbox 1982 2180 2036 2234; x_wconf 90' lang='lat' dir='ltr'><strong>in</strong></span> 
     </span>
    </p>
   </div>
   <div class='ocr_carea' id='block_1_27' title="bbox 460 2265 2037 2341">
    <p class='ocr_par' dir='ltr' id='par_1_27' title="bbox 460 2265 2037 2341">
     <span class='ocr_line' id='line_1_27' title="bbox 460 2265 2037 2341; baseline 0.004 -22"><span class='ocrx_word' id='word_1_197' title='bbox 460 2265 531 2321; x_wconf 90' lang='lat' dir='ltr'><strong>iis</strong></span> <span class='ocrx_word' id='word_1_198' title='bbox 572 2280 693 2336; x_wconf 68' lang='lat' dir='ltr'><strong>quas</strong></span> <span class='ocrx_word' id='word_1_199' title='bbox 723 2274 842 2322; x_wconf 89' lang='lat' dir='ltr'><strong>arte</strong></span> <span class='ocrx_word' id='word_1_200' title='bbox 891 2266 1059 2332; x_wconf 89' lang='lat' dir='ltr'><strong>ﬁunt,</strong></span> <span class='ocrx_word' id='word_1_201' title='bbox 1095 2276 1294 2337; x_wconf 68' lang='lat' dir='ltr'><strong>praeter</strong></span> <span class='ocrx_word' id='word_1_202' title='bbox 1342 2278 1512 2323; x_wconf 90' lang='lat' dir='ltr'><strong>artem</strong></span> <span class='ocrx_word' id='word_1_203' title='bbox 1547 2271 1805 2341; x_wconf 85' lang='lat' dir='ltr'><strong>pleraque</strong></span> <span class='ocrx_word' id='word_1_204' title='bbox 1845 2271 2037 2326; x_wconf 89' lang='lat' dir='ltr'><strong>dicun-</strong></span> 
     </span>
    </p>
   </div>
   <div class='ocr_carea' id='block_1_28' title="bbox 459 2359 2036 2430">
    <p class='ocr_par' dir='ltr' id='par_1_28' title="bbox 459 2359 2036 2430">
     <span class='ocr_line' id='line_1_28' title="bbox 459 2359 2036 2430; baseline 0.003 -17"><span class='ocrx_word' id='word_1_205' title='bbox 459 2366 571 2414; x_wconf 91' lang='lat' dir='ltr'><strong>tur.</strong></span> <span class='ocrx_word' id='word_1_206' title='bbox 605 2359 763 2426; x_wconf 81' lang='lat' dir='ltr'><strong>Quod</strong></span> <span class='ocrx_word' id='word_1_207' title='bbox 797 2359 845 2415; x_wconf 89' lang='lat' dir='ltr'><strong>si</strong></span> <span class='ocrx_word' id='word_1_208' title='bbox 886 2359 1055 2416; x_wconf 87' lang='lat' dir='ltr'><strong>semel</strong></span> <span class='ocrx_word' id='word_1_209' title='bbox 1095 2370 1294 2430; x_wconf 72' lang='lat' dir='ltr'><strong>praeter</strong></span> <span class='ocrx_word' id='word_1_210' title='bbox 1327 2369 1581 2421; x_wconf 85' lang='lat' dir='ltr'><strong>naturam</strong></span> <span class='ocrx_word' id='word_1_211' title='bbox 1619 2360 1734 2416; x_wconf 89' lang='lat' dir='ltr'><strong>ﬁeri</strong></span> <span class='ocrx_word' id='word_1_212' title='bbox 1773 2362 2036 2417; x_wconf 86' lang='lat' dir='ltr'><strong>nonnulla</strong></span> 
     </span>
    </p>
   </div>
   <div class='ocr_carea' id='block_1_29' title="bbox 459 2450 2031 2522">
    <p class='ocr_par' dir='ltr' id='par_1_29' title="bbox 459 2450 2031 2522">
     <span class='ocr_line' id='line_1_29' title="bbox 459 2450 2031 2522; baseline 0.003 -16"><span class='ocrx_word' id='word_1_213' title='bbox 459 2450 699 2519; x_wconf 89' lang='lat' dir='ltr'><strong>dabitur,</strong></span> <span class='ocrx_word' id='word_1_214' title='bbox 731 2452 888 2508; x_wconf 89' lang='lat' dir='ltr'><strong>detur</strong></span> <span class='ocrx_word' id='word_1_215' title='bbox 917 2452 1081 2507; x_wconf 90' lang='lat' dir='ltr'><strong>etiam</strong></span> <span class='ocrx_word' id='word_1_216' title='bbox 1122 2467 1321 2522; x_wconf 66' lang='lat' dir='ltr'><strong>praeter</strong></span> <span class='ocrx_word' id='word_1_217' title='bbox 1351 2451 1521 2508; x_wconf 82' lang='lat' dir='ltr'><strong>fatum</strong></span> <span class='ocrx_word' id='word_1_218' title='bbox 1552 2456 1754 2509; x_wconf 78' lang='lat' dir='ltr'><strong>eadem</strong></span> <span class='ocrx_word' id='word_1_219' title='bbox 1787 2454 1902 2510; x_wconf 87' lang='lat' dir='ltr'><strong>ﬁeri</strong></span> <span class='ocrx_word' id='word_1_220' title='bbox 1937 2471 2031 2511; x_wconf 84' lang='lat' dir='ltr'><strong>ne-</strong></span> 
     </span>
    </p>
   </div>
   <div class='ocr_carea' id='block_1_30' title="bbox 458 2546 2033 2619">
    <p class='ocr_par' dir='ltr' id='par_1_30' title="bbox 458 2546 2033 2619">
     <span class='ocr_line' id='line_1_30' title="bbox 458 2546 2033 2619; baseline 0.002 -18"><span class='ocrx_word' id='word_1_221' title='bbox 458 2561 611 2601; x_wconf 89' lang='lat' dir='ltr'><strong>cesse</strong></span> <span class='ocrx_word' id='word_1_222' title='bbox 632 2554 737 2611; x_wconf 89' lang='lat' dir='ltr'><strong>est,</strong></span> <span class='ocrx_word' id='word_1_223' title='bbox 773 2546 819 2601; x_wconf 88' lang='lat' dir='ltr'><strong>si</strong></span> <span class='ocrx_word' id='word_1_224' title='bbox 851 2546 1120 2617; x_wconf 92' lang='lat' dir='ltr'><strong>quidquid</strong></span> <span class='ocrx_word' id='word_1_225' title='bbox 1142 2557 1358 2601; x_wconf 71' lang='lat' dir='ltr'><strong>naturae</strong></span> <span class='ocrx_word' id='word_1_226' title='bbox 1391 2548 1668 2615; x_wconf 85' lang='lat' dir='ltr'><strong>tribtﬁtur,</strong></span> <span class='ocrx_word' id='word_1_227' title='bbox 1691 2548 1822 2613; x_wconf 84' lang='lat' dir='ltr'><strong>illud</strong></span> <span class='ocrx_word' id='word_1_228' title='bbox 1854 2550 2033 2619; x_wconf 89' lang='lat' dir='ltr'><strong>ipsum</strong></span> 
     </span>
    </p>
   </div>
   <div class='ocr_carea' id='block_1_31' title="bbox 461 2628 2036 2703">
    <p class='ocr_par' dir='ltr' id='par_1_31' title="bbox 461 2628 2036 2703">
     <span class='ocr_line' id='line_1_31' title="bbox 461 2628 2036 2703; baseline -0.004 -17"><span class='ocrx_word' id='word_1_229' title='bbox 461 2640 566 2697; x_wconf 89' lang='lat' dir='ltr'><strong>est,</strong></span> <span class='ocrx_word' id='word_1_230' title='bbox 593 2630 738 2701; x_wconf 88' lang='lat' dir='ltr'><strong>quod</strong></span> <span class='ocrx_word' id='word_1_231' title='bbox 768 2630 880 2687; x_wconf 80' lang='lat' dir='ltr'><strong>fato</strong></span> <span class='ocrx_word' id='word_1_232' title='bbox 919 2634 1035 2687; x_wconf 88' lang='lat' dir='ltr'><strong>ﬁeri</strong></span> <span class='ocrx_word' id='word_1_233' title='bbox 1068 2634 1285 2688; x_wconf 88' lang='lat' dir='ltr'><strong>dicitur.</strong></span> <span class='ocrx_word' id='word_1_234' title='bbox 1325 2652 1344 2685; x_wconf 77' lang='grc' dir='ltr'><strong>ι</strong></span> <span class='ocrx_word' id='word_1_235' title='bbox 1376 2632 1441 2687; x_wconf 84' lang='grc' dir='ltr'><strong>Ει</strong></span> <span class='ocrx_word' id='word_1_236' title='bbox 1469 2646 1669 2702; x_wconf 90' lang='lat' dir='ltr'><strong>corpus</strong></span> <span class='ocrx_word' id='word_1_237' title='bbox 1710 2630 1929 2703; x_wconf 84' lang='lat' dir='ltr'><strong>quidem</strong></span> <span class='ocrx_word' id='word_1_238' title='bbox 1958 2628 2036 2681; x_wconf 57' lang='lat' dir='ltr'><strong>vi.</strong></span> 
     </span>
    </p>
   </div>
   <div class='ocr_carea' id='block_1_32' title="bbox 458 2724 2039 2795">
    <p class='ocr_par' dir='ltr' id='par_1_32' title="bbox 458 2724 2039 2795">
     <span class='ocr_line' id='line_1_32' title="bbox 458 2724 2039 2795; baseline -0.003 -16"><span class='ocrx_word' id='word_1_239' title='bbox 458 2724 674 2790; x_wconf 90' lang='lat' dir='ltr'><strong>demus,</strong></span> <span class='ocrx_word' id='word_1_240' title='bbox 711 2724 908 2795; x_wconf 88' lang='lat' dir='ltr'><strong>inquit,</strong></span> <span class='ocrx_word' id='word_1_241' title='bbox 942 2726 1087 2794; x_wconf 92' lang='lat' dir='ltr'><strong>quod</strong></span> <span class='ocrx_word' id='word_1_242' title='bbox 1116 2727 1220 2782; x_wconf 92' lang='lat' dir='ltr'><strong>hoc</strong></span> <span class='ocrx_word' id='word_1_243' title='bbox 1250 2726 1409 2779; x_wconf 91' lang='lat' dir='ltr'><strong>illove</strong></span> <span class='ocrx_word' id='word_1_244' title='bbox 1436 2724 1604 2779; x_wconf 85' lang='lat' dir='ltr'><strong>modo</strong></span> <span class='ocrx_word' id='word_1_245' title='bbox 1634 2737 1664 2777; x_wconf 91' lang='lat' dir='ltr'><strong>a</strong></span> <span class='ocrx_word' id='word_1_246' title='bbox 1696 2731 1890 2777; x_wconf 90' lang='lat' dir='ltr'><strong>natura</strong></span> <span class='ocrx_word' id='word_1_247' title='bbox 1918 2734 2039 2775; x_wconf 89' lang='lat' dir='ltr'><strong>sese</strong></span> 
     </span>
    </p>
   </div>
   <div class='ocr_carea' id='block_1_33' title="bbox 459 2810 2036 2887">
    <p class='ocr_par' dir='ltr' id='par_1_33' title="bbox 459 2810 2036 2887">
     <span class='ocr_line' id='line_1_33' title="bbox 459 2810 2036 2887; baseline -0.004 -16"><span class='ocrx_word' id='word_1_248' title='bbox 459 2816 678 2883; x_wconf 88' lang='lat' dir='ltr'><strong>habeat,</strong></span> <span class='ocrx_word' id='word_1_249' title='bbox 714 2817 923 2872; x_wconf 89' lang='lat' dir='ltr'><strong>morbis</strong></span> <span class='ocrx_word' id='word_1_250' title='bbox 944 2818 1107 2871; x_wconf 90' lang='lat' dir='ltr'><strong>etiam</strong></span> <span class='ocrx_word' id='word_1_251' title='bbox 1136 2826 1299 2887; x_wconf 91' lang='lat' dir='ltr'><strong>atque</strong></span> <span class='ocrx_word' id='word_1_252' title='bbox 1329 2815 1491 2870; x_wconf 91' lang='lat' dir='ltr'><strong>morti</strong></span> <span class='ocrx_word' id='word_1_253' title='bbox 1522 2829 1621 2884; x_wconf 87' lang='lat' dir='ltr'><strong>pro</strong></span> <span class='ocrx_word' id='word_1_254' title='bbox 1645 2810 1878 2866; x_wconf 82' lang='lat' dir='ltr'><strong>naturali</strong></span> <span class='ocrx_word' id='word_1_255' title='bbox 1907 2819 2036 2865; x_wconf 88' lang='lat' dir='ltr'><strong>tem-</strong></span> 
     </span>
    </p>
   </div>
   <div class='ocr_carea' id='block_1_34' title="bbox 456 2901 2036 2979">
    <p class='ocr_par' dir='ltr' id='par_1_34' title="bbox 456 2901 2036 2979">
     <span class='ocr_line' id='line_1_34' title="bbox 456 2901 2036 2979; baseline -0.005 -16"><span class='ocrx_word' id='word_1_256' title='bbox 456 2910 739 2979; x_wconf 87' lang='lat' dir='ltr'><strong>peratione</strong></span> <span class='ocrx_word' id='word_1_257' title='bbox 764 2910 1063 2966; x_wconf 80' lang='lat' dir='ltr'><strong>obnoxium</strong></span> <span class='ocrx_word' id='word_1_258' title='bbox 1112 2910 1250 2964; x_wconf 88' lang='lat' dir='ltr'><strong>ﬁeri.</strong></span> <span class='ocrx_word' id='word_1_259' title='bbox 1281 2907 1607 2977; x_wconf 86' lang='lat' dir='ltr'><strong>Quanquam</strong></span> <span class='ocrx_word' id='word_1_260' title='bbox 1641 2920 1709 2959; x_wconf 91' lang='lat' dir='ltr'><strong>ne</strong></span> <span class='ocrx_word' id='word_1_261' title='bbox 1737 2903 1791 2957; x_wconf 90' lang='lat' dir='ltr'><strong>id</strong></span> <span class='ocrx_word' id='word_1_262' title='bbox 1816 2901 2036 2972; x_wconf 88' lang='lat' dir='ltr'><strong>quidem</strong></span> 
     </span>
    </p>
   </div>
   <div class='ocr_carea' id='block_1_35' title="bbox 455 2995 2034 3072">
    <p class='ocr_par' dir='ltr' id='par_1_35' title="bbox 455 2995 2034 3072">
     <span class='ocr_line' id='line_1_35' title="bbox 455 2995 2034 3072; baseline -0.006 -15"><span class='ocrx_word' id='word_1_263' title='bbox 455 3002 515 3057; x_wconf 89' lang='lat' dir='ltr'><strong>in</strong></span> <span class='ocrx_word' id='word_1_264' title='bbox 543 3003 799 3058; x_wconf 86' lang='lat' dir='ltr'><strong>omnibus</strong></span> <span class='ocrx_word' id='word_1_265' title='bbox 824 3017 891 3057; x_wconf 81' lang='lat' dir='ltr'><strong>ex</strong></span> <span class='ocrx_word' id='word_1_266' title='bbox 921 3017 1100 3072; x_wconf 75' lang='lat' dir='ltr'><strong>:equo,</strong></span> <span class='ocrx_word' id='word_1_267' title='bbox 1140 3001 1221 3055; x_wconf 88' lang='lat' dir='ltr'><strong>vel</strong></span> <span class='ocrx_word' id='word_1_268' title='bbox 1270 2998 1581 3054; x_wconf 90' lang='lat' dir='ltr'><strong>necessario</strong></span> <span class='ocrx_word' id='word_1_269' title='bbox 1618 2997 1797 3051; x_wconf 89' lang='lat' dir='ltr'><strong>locum</strong></span> <span class='ocrx_word' id='word_1_270' title='bbox 1830 2995 2034 3067; x_wconf 84' lang='lat' dir='ltr'><strong>habet:</strong></span> 
     </span>
    </p>
   </div>
   <div class='ocr_carea' id='block_1_36' title="bbox 456 3088 2099 3181">
    <p class='ocr_par' dir='ltr' id='par_1_36' title="bbox 456 3088 2099 3181">
     <span class='ocr_line' id='line_1_36' title="bbox 456 3088 2099 3181; baseline -0.006 -30"><span class='ocrx_word' id='word_1_271' title='bbox 456 3096 604 3166; x_wconf 91' lang='lat' dir='ltr'><strong>quod</strong></span> <span class='ocrx_word' id='word_1_272' title='bbox 633 3094 905 3165; x_wconf 86' lang='lat' dir='ltr'><strong>ejusmodi</strong></span> <span class='ocrx_word' id='word_1_273' title='bbox 939 3094 1160 3149; x_wconf 88' lang='lat' dir='ltr'><strong>habitus</strong></span> <span class='ocrx_word' id='word_1_274' title='bbox 1188 3092 1385 3163; x_wconf 84' lang='lat' dir='ltr'><strong>partim</strong></span> <span class='ocrx_word' id='word_1_275' title='bbox 1428 3105 1559 3146; x_wconf 91' lang='lat' dir='ltr'><strong>cura</strong></span> <span class='ocrx_word' id='word_1_276' title='bbox 1598 3098 1651 3145; x_wconf 89' lang='lat' dir='ltr'><strong>et</strong></span> <span class='ocrx_word' id='word_1_277' title='bbox 1680 3088 1882 3154; x_wconf 89' lang='lat' dir='ltr'><strong>studio,</strong></span> <span class='ocrx_word' id='word_1_278' title='bbox 1909 3103 2038 3158; x_wconf 89' lang='lat' dir='ltr'><strong>par-</strong></span> <span class='ocrx_word' id='word_1_279' title='bbox 2057 3123 2099 3181; x_wconf 64' lang='grc' dir='ltr'>ο</span> 
     </span>
    </p>
   </div>
   <div class='ocr_carea' id='block_1_37' title="bbox 454 3183 2037 3255">
    <p class='ocr_par' dir='ltr' id='par_1_37' title="bbox 454 3183 2037 3255">
     <span class='ocr_line' id='line_1_37' title="bbox 454 3183 2037 3255; baseline -0.006 -11"><span class='ocrx_word' id='word_1_280' title='bbox 454 3188 555 3245; x_wconf 91' lang='lat' dir='ltr'><strong>tim</strong></span> <span class='ocrx_word' id='word_1_281' title='bbox 612 3186 914 3243; x_wconf 89' lang='lat' dir='ltr'><strong>mutatione</strong></span> <span class='ocrx_word' id='word_1_282' title='bbox 950 3187 1162 3254; x_wconf 88' lang='lat' dir='ltr'><strong>victus,</strong></span> <span class='ocrx_word' id='word_1_283' title='bbox 1214 3186 1412 3255; x_wconf 87' lang='lat' dir='ltr'><strong>partim</strong></span> <span class='ocrx_word' id='word_1_284' title='bbox 1454 3183 1789 3239; x_wconf 89' lang='lat' dir='ltr'><strong>medicorum</strong></span> <span class='ocrx_word' id='word_1_285' title='bbox 1834 3195 2037 3252; x_wconf 81' lang='lat' dir='ltr'><strong>praece-</strong></span> 
     </span>
    </p>
   </div>
   <div class='ocr_carea' id='block_1_38' title="bbox 452 3272 2036 3354">
    <p class='ocr_par' dir='ltr' id='par_1_38' title="bbox 452 3272 2036 3354">
     <span class='ocr_line' id='line_1_38' title="bbox 452 3272 2036 3354; baseline -0.007 -17"><span class='ocrx_word' id='word_1_286' title='bbox 452 3281 764 3354; x_wconf 82' lang='lat' dir='ltr'><strong>ptionibus,</strong></span> <span class='ocrx_word' id='word_1_287' title='bbox 796 3280 995 3350; x_wconf 89' lang='lat' dir='ltr'><strong>partim</strong></span> <span class='ocrx_word' id='word_1_288' title='bbox 1031 3278 1266 3348; x_wconf 90' lang='lat' dir='ltr'><strong>denique</strong></span> <span class='ocrx_word' id='word_1_289' title='bbox 1295 3276 1481 3332; x_wconf 89' lang='lat' dir='ltr'><strong>divino</strong></span> <span class='ocrx_word' id='word_1_290' title='bbox 1512 3274 1746 3331; x_wconf 90' lang='lat' dir='ltr'><strong>consilio</strong></span> <span class='ocrx_word' id='word_1_291' title='bbox 1792 3272 2036 3344; x_wconf 87' lang='lat' dir='ltr'><strong>superari</strong></span> 
     </span>
    </p>
   </div>
   <div class='ocr_carea' id='block_1_39' title="bbox 451 3366 2036 3447">
    <p class='ocr_par' dir='ltr' id='par_1_39' title="bbox 451 3366 2036 3447">
     <span class='ocr_line' id='line_1_39' title="bbox 451 3366 2036 3447; baseline -0.006 -17"><span class='ocrx_word' id='word_1_292' title='bbox 451 3384 637 3447; x_wconf 91' lang='lat' dir='ltr'><strong>queat.</strong></span> <span class='ocrx_word' id='word_1_293' title='bbox 684 3373 826 3428; x_wconf 87' lang='lat' dir='ltr'><strong>idem</strong></span> <span class='ocrx_word' id='word_1_294' title='bbox 868 3372 1032 3427; x_wconf 90' lang='lat' dir='ltr'><strong>etiam</strong></span> <span class='ocrx_word' id='word_1_295' title='bbox 1072 3372 1124 3425; x_wconf 90' lang='lat' dir='ltr'><strong>in</strong></span> <span class='ocrx_word' id='word_1_296' title='bbox 1167 3371 1353 3425; x_wconf 89' lang='lat' dir='ltr'><strong>animo</strong></span> <span class='ocrx_word' id='word_1_297' title='bbox 1386 3385 1488 3425; x_wconf 90' lang='lat' dir='ltr'><strong>usu</strong></span> <span class='ocrx_word' id='word_1_298' title='bbox 1534 3367 1720 3423; x_wconf 90' lang='lat' dir='ltr'><strong>venire</strong></span> <span class='ocrx_word' id='word_1_299' title='bbox 1767 3366 1938 3433; x_wconf 89' lang='lat' dir='ltr'><strong>solet,</strong></span> <span class='ocrx_word' id='word_1_300' title='bbox 1975 3372 2036 3421; x_wconf 91' lang='lat' dir='ltr'><strong>ut</strong></span> 
     </span>
    </p>
   </div>
   <div class='ocr_carea' id='block_1_40' title="bbox 450 3457 2033 3537">
    <p class='ocr_par' dir='ltr' id='par_1_40' title="bbox 450 3457 2033 3537">
     <span class='ocr_line' id='line_1_40' title="bbox 450 3457 2033 3537; baseline -0.007 -17"><span class='ocrx_word' id='word_1_301' title='bbox 450 3474 648 3537; x_wconf 67' lang='lat' dir='ltr'><strong>praeter</strong></span> <span class='ocrx_word' id='word_1_302' title='bbox 687 3465 1015 3535; x_wconf 80' lang='lat' dir='ltr'><strong>singularem</strong></span> <span class='ocrx_word' id='word_1_303' title='bbox 1042 3470 1253 3516; x_wconf 84' lang='lat' dir='ltr'><strong>naturae</strong></span> <span class='ocrx_word' id='word_1_304' title='bbox 1291 3461 1398 3514; x_wconf 88' lang='lat' dir='ltr'><strong>vim</strong></span> <span class='ocrx_word' id='word_1_305' title='bbox 1426 3468 1481 3513; x_wconf 88' lang='lat' dir='ltr'><strong>et</strong></span> <span class='ocrx_word' id='word_1_306' title='bbox 1513 3457 1902 3522; x_wconf 90' lang='lat' dir='ltr'><strong>conditionem,</strong></span> <span class='ocrx_word' id='word_1_307' title='bbox 1935 3469 2033 3511; x_wconf 86' lang='lat' dir='ltr'><strong>va-</strong></span> 
     </span>
    </p>
   </div>
   <div class='ocr_carea' id='block_1_41' title="bbox 448 3548 2032 3628">
    <p class='ocr_par' dir='ltr' id='par_1_41' title="bbox 448 3548 2032 3628">
     <span class='ocr_line' id='line_1_41' title="bbox 448 3548 2032 3628; baseline -0.008 -14"><span class='ocrx_word' id='word_1_308' title='bbox 448 3557 548 3614; x_wconf 59' lang='lat' dir='ltr'><strong>riat</strong></span> <span class='ocrx_word' id='word_1_309' title='bbox 569 3557 911 3628; x_wconf 87' lang='lat' dir='ltr'><strong>singulorum</strong></span> <span class='ocrx_word' id='word_1_310' title='bbox 960 3555 1150 3626; x_wconf 80' lang='lat' dir='ltr'><strong>agendi</strong></span> <span class='ocrx_word' id='word_1_311' title='bbox 1185 3552 1511 3622; x_wconf 84' lang='lat' dir='ltr'><strong>vivendique</strong></span> <span class='ocrx_word' id='word_1_312' title='bbox 1546 3550 1806 3613; x_wconf 84' lang='lat' dir='ltr'><strong>rationes,</strong></span> <span class='ocrx_word' id='word_1_313' title='bbox 1833 3548 2032 3619; x_wconf 86' lang='lat' dir='ltr'><strong>partim</strong></span> 
     </span>
    </p>
   </div>
   <div class='ocr_carea' id='block_1_42' title="bbox 448 3640 2030 3717">
    <p class='ocr_par' dir='ltr' id='par_1_42' title="bbox 448 3640 2030 3717">
     <span class='ocr_line' id='line_1_42' title="bbox 448 3640 2030 3717; baseline -0.008 -10"><span class='ocrx_word' id='word_1_314' title='bbox 448 3649 839 3708; x_wconf 82' lang='lat' dir='ltr'><strong>exercitatione</strong></span> <span class='ocrx_word' id='word_1_315' title='bbox 874 3657 1036 3717; x_wconf 89' lang='lat' dir='ltr'><strong>atque</strong></span> <span class='ocrx_word' id='word_1_316' title='bbox 1063 3648 1332 3713; x_wconf 90' lang='lat' dir='ltr'><strong>doctrina,</strong></span> <span class='ocrx_word' id='word_1_317' title='bbox 1371 3644 1567 3715; x_wconf 88' lang='lat' dir='ltr'><strong>partim</strong></span> <span class='ocrx_word' id='word_1_318' title='bbox 1603 3640 2030 3712; x_wconf 85' lang='lat' dir='ltr'><strong>sapientioribus</strong></span> 
     </span>
    </p>
   </div>
   <div class='ocr_carea' id='block_1_43' title="bbox 446 3734 2033 3807">
    <p class='ocr_par' dir='ltr' id='par_1_43' title="bbox 446 3734 2033 3807">
     <span class='ocr_line' id='line_1_43' title="bbox 446 3734 2033 3807; baseline -0.008 -7"><span class='ocrx_word' id='word_1_319' title='bbox 446 3743 691 3800; x_wconf 87' lang='lat' dir='ltr'><strong>consiliis</strong></span> <span class='ocrx_word' id='word_1_320' title='bbox 742 3741 994 3797; x_wconf 85' lang='lat' dir='ltr'><strong>meliores</strong></span> <span class='ocrx_word' id='word_1_321' title='bbox 1046 3740 1199 3794; x_wconf 89' lang='lat' dir='ltr'><strong>ﬁant.</strong></span> <span class='ocrx_word' id='word_1_322' title='bbox 1260 3740 1447 3807; x_wconf 87' lang='lat' dir='ltr'><strong>Itaque</strong></span> <span class='ocrx_word' id='word_1_323' title='bbox 1510 3752 1635 3791; x_wconf 90' lang='lat' dir='ltr'><strong>cum</strong></span> <span class='ocrx_word' id='word_1_324' title='bbox 1689 3735 1755 3789; x_wconf 91' lang='lat' dir='ltr'><strong>de</strong></span> <span class='ocrx_word' id='word_1_325' title='bbox 1809 3734 2033 3788; x_wconf 86' lang='lat' dir='ltr'><strong>Socrate</strong></span> 
     </span>
    </p>
   </div>
   <div class='ocr_carea' id='block_1_44' title="bbox 448 3823 2027 3905">
    <p class='ocr_par' dir='ltr' id='par_1_44' title="bbox 448 3823 2027 3905">
     <span class='ocr_line' id='line_1_44' title="bbox 448 3823 2027 3905; baseline -0.008 -16"><span class='ocrx_word' id='word_1_326' title='bbox 448 3836 774 3905; x_wconf 88' lang='lat' dir='ltr'><strong>philosopho</strong></span> <span class='ocrx_word' id='word_1_327' title='bbox 812 3833 1055 3904; x_wconf 87' lang='lat' dir='ltr'><strong>Zopyrus</strong></span> <span class='ocrx_word' id='word_1_328' title='bbox 1095 3830 1534 3902; x_wconf 80' lang='lat' dir='ltr'><strong>Physiognomon</strong></span> <span class='ocrx_word' id='word_1_329' title='bbox 1574 3826 1752 3881; x_wconf 87' lang='lat' dir='ltr'><strong>aliena</strong></span> <span class='ocrx_word' id='word_1_330' title='bbox 1778 3823 2027 3894; x_wconf 66' lang='lat' dir='ltr'><strong>quaedam</strong></span> 
     </span>
    </p>
   </div>
   <div class='ocr_carea' id='block_1_45' title="bbox 440 3919 2030 3998">
    <p class='ocr_par' dir='ltr' id='par_1_45' title="bbox 440 3919 2030 3998">
     <span class='ocr_line' id='line_1_45' title="bbox 440 3919 2030 3998; baseline -0.009 -14"><span class='ocrx_word' id='word_1_331' title='bbox 440 3938 499 3984; x_wconf 88' lang='lat' dir='ltr'><strong>et</strong></span> <span class='ocrx_word' id='word_1_332' title='bbox 541 3927 834 3998; x_wconf 83' lang='lat' dir='ltr'><strong>plurimum</strong></span> <span class='ocrx_word' id='word_1_333' title='bbox 892 3942 921 3979; x_wconf 90' lang='lat' dir='ltr'><strong>a</strong></span> <span class='ocrx_word' id='word_1_334' title='bbox 979 3925 1220 3977; x_wconf 76' lang='lat' dir='ltr'><strong>Socratis</strong></span> <span class='ocrx_word' id='word_1_335' title='bbox 1258 3923 1511 3975; x_wconf 84' lang='lat' dir='ltr'><strong>instituto</strong></span> <span class='ocrx_word' id='word_1_336' title='bbox 1554 3919 1788 3988; x_wconf 65' lang='lat' dir='ltr'><strong>vitaeque</strong></span> <span class='ocrx_word' id='word_1_337' title='bbox 1832 3930 2030 3986; x_wconf 84' lang='lat' dir='ltr'><strong>genere</strong></span> 
     </span>
    </p>
   </div>
   <div class='ocr_carea' id='block_1_46' title="bbox 447 4001 2025 4073">
    <p class='ocr_par' dir='ltr' id='par_1_46' title="bbox 447 4001 2025 4073">
     <span class='ocr_line' id='line_1_46' title="bbox 447 4001 2025 4073; baseline 0.002 -18"><span class='ocrx_word' id='word_1_338' title='bbox 447 4001 815 4072; x_wconf 87' lang='lat' dir='ltr'><strong>discrepantia</strong></span> <span class='ocrx_word' id='word_1_339' title='bbox 845 4003 1193 4072; x_wconf 87' lang='lat' dir='ltr'><strong>conjecisset,</strong></span> <span class='ocrx_word' id='word_1_340' title='bbox 1242 4018 1421 4073; x_wconf 88' lang='lat' dir='ltr'><strong>eaque</strong></span> <span class='ocrx_word' id='word_1_341' title='bbox 1468 4004 1535 4057; x_wconf 89' lang='lat' dir='ltr'><strong>de</strong></span> <span class='ocrx_word' id='word_1_342' title='bbox 1567 4008 1755 4067; x_wconf 83' lang='lat' dir='ltr'><strong>causa,</strong></span> <span class='ocrx_word' id='word_1_343' title='bbox 1801 4006 1914 4058; x_wconf 88' lang='lat' dir='ltr'><strong>risu</strong></span> <span class='ocrx_word' id='word_1_344' title='bbox 1957 4004 2025 4058; x_wconf 90' lang='lat' dir='ltr'><strong>ab</strong></span> 
     </span>
    </p>
   </div>
   <div class='ocr_carea' id='block_1_47' title="bbox 446 4089 2026 4166">
    <p class='ocr_par' dir='ltr' id='par_1_47' title="bbox 446 4089 2026 4166">
     <span class='ocr_line' id='line_1_47' title="bbox 446 4089 2026 4166; baseline 0.005 -23"><span class='ocrx_word' id='word_1_345' title='bbox 446 4089 516 4146; x_wconf 88' lang='lat' dir='ltr'><strong>iis</strong></span> <span class='ocrx_word' id='word_1_346' title='bbox 547 4091 643 4162; x_wconf 89' lang='lat' dir='ltr'><strong>qui</strong></span> <span class='ocrx_word' id='word_1_347' title='bbox 683 4106 807 4146; x_wconf 92' lang='lat' dir='ltr'><strong>cum</strong></span> <span class='ocrx_word' id='word_1_348' title='bbox 851 4090 1076 4148; x_wconf 88' lang='lat' dir='ltr'><strong>Socrate</strong></span> <span class='ocrx_word' id='word_1_349' title='bbox 1121 4100 1300 4161; x_wconf 90' lang='lat' dir='ltr'><strong>erant,</strong></span> <span class='ocrx_word' id='word_1_350' title='bbox 1347 4100 1607 4162; x_wconf 83' lang='lat' dir='ltr'><strong>exceptus</strong></span> <span class='ocrx_word' id='word_1_351' title='bbox 1640 4103 1824 4160; x_wconf 87' lang='lat' dir='ltr'><strong>esset,</strong></span> <span class='ocrx_word' id='word_1_352' title='bbox 1861 4112 2026 4166; x_wconf 80' lang='lat' dir='ltr'><strong>nega—</strong></span> 
     </span>
    </p>
   </div>
   <div class='ocr_carea' id='block_1_48' title="bbox 445 4179 2026 4253">
    <p class='ocr_par' dir='ltr' id='par_1_48' title="bbox 445 4179 2026 4253">
     <span class='ocr_line' id='line_1_48' title="bbox 445 4179 2026 4253; baseline 0.004 -20"><span class='ocrx_word' id='word_1_353' title='bbox 445 4179 525 4234; x_wconf 90' lang='lat' dir='ltr'><strong>vit</strong></span> <span class='ocrx_word' id='word_1_354' title='bbox 550 4179 802 4237; x_wconf 87' lang='lat' dir='ltr'><strong>Socrates</strong></span> <span class='ocrx_word' id='word_1_355' title='bbox 829 4182 1100 4253; x_wconf 84' lang='lat' dir='ltr'><strong>Zopyrum</strong></span> <span class='ocrx_word' id='word_1_356' title='bbox 1128 4180 1270 4248; x_wconf 79' lang='lat' dir='ltr'><strong>falli;</strong></span> <span class='ocrx_word' id='word_1_357' title='bbox 1308 4182 1467 4237; x_wconf 85' lang='lat' dir='ltr'><strong>talem</strong></span> <span class='ocrx_word' id='word_1_358' title='bbox 1492 4183 1638 4237; x_wconf 89' lang='lat' dir='ltr'><strong>enim</strong></span> <span class='ocrx_word' id='word_1_359' title='bbox 1668 4198 1790 4238; x_wconf 89' lang='lat' dir='ltr'><strong>sese</strong></span> <span class='ocrx_word' id='word_1_360' title='bbox 1814 4193 2026 4239; x_wconf 60' lang='lat' dir='ltr'><strong>natura:</strong></span> 
     </span>
    </p>
   </div>
   <div class='ocr_carea' id='block_1_49' title="bbox 448 4270 2024 4343">
    <p class='ocr_par' dir='ltr' id='par_1_49' title="bbox 448 4270 2024 4343">
     <span class='ocr_line' id='line_1_49' title="bbox 448 4270 2024 4343; baseline 0.004 -19"><span class='ocrx_word' id='word_1_361' title='bbox 448 4272 606 4342; x_wconf 78' lang='lat'><strong>2&#39;71</strong></span> <span class='ocrx_word' id='word_1_362' title='bbox 645 4272 695 4327; x_wconf 90' lang='lat' dir='ltr'><strong>vi</strong></span> <span class='ocrx_word' id='word_1_363' title='bbox 725 4270 966 4327; x_wconf 84' lang='lat' dir='ltr'><strong>futurum</strong></span> <span class='ocrx_word' id='word_1_364' title='bbox 995 4288 1139 4340; x_wconf 88' lang='lat' dir='ltr'><strong>esse,</strong></span> <span class='ocrx_word' id='word_1_365' title='bbox 1175 4274 1279 4328; x_wconf 90' lang='lat' dir='ltr'><strong>nisi</strong></span> <span class='ocrx_word' id='word_1_366' title='bbox 1310 4273 1669 4343; x_wconf 66' lang='lat' dir='ltr'><strong>philosophiae</strong></span> <span class='ocrx_word' id='word_1_367' title='bbox 1695 4276 1892 4331; x_wconf 85' lang='lat' dir='ltr'><strong>studiis</strong></span> <span class='ocrx_word' id='word_1_368' title='bbox 1924 4293 2024 4331; x_wconf 88' lang='lat' dir='ltr'><strong>na-</strong></span> 
     </span>
    </p>
   </div>
   <div class='ocr_carea' id='block_1_50' title="bbox 447 4363 2022 4435">
    <p class='ocr_par' dir='ltr' id='par_1_50' title="bbox 447 4363 2022 4435">
     <span class='ocr_line' id='line_1_50' title="bbox 447 4363 2022 4435; baseline 0.003 -18"><span class='ocrx_word' id='word_1_369' title='bbox 447 4372 583 4418; x_wconf 58' lang='lat' dir='ltr'><strong>tura:</strong></span> <span class='ocrx_word' id='word_1_370' title='bbox 622 4363 754 4418; x_wconf 88' lang='lat' dir='ltr'><strong>vitia</strong></span> <span class='ocrx_word' id='word_1_371' title='bbox 798 4374 1129 4434; x_wconf 85' lang='lat' dir='ltr'><strong>superasset.</strong></span> <span class='ocrx_word' id='word_1_372' title='bbox 1166 4384 1193 4416; x_wconf 75' lang='grc' dir='ltr'><strong>-ι</strong></span> <span class='ocrx_word' id='word_1_373' title='bbox 1219 4364 1396 4435; x_wconf 87' lang='lat' dir='ltr'><strong>Atque</strong></span> <span class='ocrx_word' id='word_1_374' title='bbox 1422 4364 1733 4434; x_wconf 88' lang='lat' dir='ltr'><strong>hujusmodi</strong></span> <span class='ocrx_word' id='word_1_375' title='bbox 1763 4381 1827 4420; x_wconf 89' lang='lat' dir='ltr'><strong>ea</strong></span> <span class='ocrx_word' id='word_1_376' title='bbox 1872 4376 2022 4435; x_wconf 91' lang='lat' dir='ltr'><strong>sunt,</strong></span> 
     </span>
    </p>
   </div>
   <div class='ocr_carea' id='block_1_51' title="bbox 2142 891 3728 965">
    <p class='ocr_par' dir='ltr' id='par_1_51' title="bbox 2142 891 3728 965">
     <span class='ocr_line' id='line_1_51' title="bbox 2142 891 3728 965; baseline 0 -20"><span class='ocrx_word' id='word_1_377' title='bbox 2142 910 2321 965; x_wconf 83' lang='grc' dir='ltr'>τερον,</span> <span class='ocrx_word' id='word_1_378' title='bbox 2355 894 2451 949; x_wconf 72' lang='grc' dir='ltr'><strong>καὶ</strong></span> <span class='ocrx_word' id='word_1_379' title='bbox 2470 894 2612 948; x_wconf 88' lang='grc' dir='ltr'><strong>κατά</strong></span> <span class='ocrx_word' id='word_1_380' title='bbox 2637 893 2833 964; x_wconf 86' lang='grc' dir='ltr'><strong>τέχνην</strong></span> <span class='ocrx_word' id='word_1_381' title='bbox 2884 891 3341 964; x_wconf 73' lang='grc' dir='ltr'><strong>ἐπιτελουμένοις,</strong></span> <span class='ocrx_word' id='word_1_382' title='bbox 3375 892 3475 964; x_wconf 84' lang='grc' dir='ltr'><strong>τὴν</strong></span> <span class='ocrx_word' id='word_1_383' title='bbox 3510 893 3610 963; x_wconf 79' lang='grc' dir='ltr'><strong>τῆς</strong></span> <span class='ocrx_word' id='word_1_384' title='bbox 3646 893 3728 945; x_wconf 87' lang='grc' dir='ltr'><strong>εἱ·-</strong></span> 
     </span>
    </p>
   </div>
   <div class='ocr_carea' id='block_1_52' title="bbox 2147 983 3729 1058">
    <p class='ocr_par' dir='ltr' id='par_1_52' title="bbox 2147 983 3729 1058">
     <span class='ocr_line' id='line_1_52' title="bbox 2147 983 3729 1058; baseline 0.001 -20"><span class='ocrx_word' id='word_1_385' title='bbox 2147 986 2433 1058; x_wconf 87' lang='grc' dir='ltr'><strong>μαρμένης</strong></span> <span class='ocrx_word' id='word_1_386' title='bbox 2465 986 2713 1057; x_wconf 88' lang='grc' dir='ltr'><strong>ἀνάγκην</strong></span> <span class='ocrx_word' id='word_1_387' title='bbox 2743 983 3179 1056; x_wconf 81' lang='grc' dir='ltr'><strong>ἐπιθεωρεῖσθαι.</strong></span> <span class='ocrx_word' id='word_1_388' title='bbox 3207 985 3346 1057; x_wconf 77' lang='grc' dir='ltr'><strong>Φησὶ</strong></span> <span class='ocrx_word' id='word_1_389' title='bbox 3373 984 3429 1038; x_wconf 86' lang='grc' dir='ltr'><strong>δὲ</strong></span> <span class='ocrx_word' id='word_1_390' title='bbox 3453 985 3563 1038; x_wconf 83' lang='grc' dir='ltr'><strong>τῶν</strong></span> <span class='ocrx_word' id='word_1_391' title='bbox 3586 986 3729 1040; x_wconf 81' lang='grc' dir='ltr'><strong>κατὰ</strong></span> 
     </span>
    </p>
   </div>
   <div class='ocr_carea' id='block_1_53' title="bbox 2143 1073 3730 1147">
    <p class='ocr_par' dir='ltr' id='par_1_53' title="bbox 2143 1073 3730 1147">
     <span class='ocr_line' id='line_1_53' title="bbox 2143 1073 3730 1147; baseline 0.001 -20"><span class='ocrx_word' id='word_1_392' title='bbox 2143 1074 2303 1143; x_wconf 89' lang='grc' dir='ltr'><strong>φύσιν</strong></span> <span class='ocrx_word' id='word_1_393' title='bbox 2330 1075 2556 1129; x_wconf 82' lang='grc' dir='ltr'><strong>πλεῖστα</strong></span> <span class='ocrx_word' id='word_1_394' title='bbox 2588 1074 2973 1147; x_wconf 71' lang='grc' dir='ltr'><strong>ἐμποδίζεσθαι</strong></span> <span class='ocrx_word' id='word_1_395' title='bbox 3025 1074 3363 1146; x_wconf 75' lang='grc' dir='ltr'><strong>συμϐαίνειν,</strong></span> <span class='ocrx_word' id='word_1_396' title='bbox 3407 1073 3443 1129; x_wconf 74' lang='grc' dir='ltr'>ἃ</span> <span class='ocrx_word' id='word_1_397' title='bbox 3483 1075 3579 1128; x_wconf 79' lang='grc' dir='ltr'><strong>καὶ</strong></span> <span class='ocrx_word' id='word_1_398' title='bbox 3625 1093 3730 1129; x_wconf 86' lang='grc' dir='ltr'><strong>κα-</strong></span> 
     </span>
    </p>
   </div>
   <div class='ocr_carea' id='block_1_54' title="bbox 2142 1165 3728 1238">
    <p class='ocr_par' dir='ltr' id='par_1_54' title="bbox 2142 1165 3728 1238">
     <span class='ocr_line' id='line_1_54' title="bbox 2142 1165 3728 1238; baseline 0.001 -21"><span class='ocrx_word' id='word_1_399' title='bbox 2142 1165 2348 1219; x_wconf 88' lang='grc' dir='ltr'><strong>λεῖσθαι</strong></span> <span class='ocrx_word' id='word_1_400' title='bbox 2384 1167 2538 1238; x_wconf 88' lang='grc' dir='ltr'><strong>παρά</strong></span> <span class='ocrx_word' id='word_1_401' title='bbox 2588 1166 2769 1237; x_wconf 87' lang='grc' dir='ltr'><strong>φύσιν,</strong></span> <span class='ocrx_word' id='word_1_402' title='bbox 2819 1166 3010 1238; x_wconf 81' lang='grc' dir='ltr'><strong>ὥσπερ</strong></span> <span class='ocrx_word' id='word_1_403' title='bbox 3063 1165 3159 1219; x_wconf 78' lang='grc' dir='ltr'><strong>καὶ</strong></span> <span class='ocrx_word' id='word_1_404' title='bbox 3186 1167 3245 1219; x_wconf 81' lang='grc' dir='ltr'><strong>ἐν</strong></span> <span class='ocrx_word' id='word_1_405' title='bbox 3300 1168 3414 1230; x_wconf 89' lang='grc' dir='ltr'><strong>τοῖς</strong></span> <span class='ocrx_word' id='word_1_406' title='bbox 3450 1166 3591 1220; x_wconf 88' lang='grc' dir='ltr'><strong>κατά</strong></span> <span class='ocrx_word' id='word_1_407' title='bbox 3625 1166 3728 1238; x_wconf 82' lang='grc' dir='ltr'><strong>τὴν</strong></span> 
     </span>
    </p>
   </div>
   <div class='ocr_carea' id='block_1_55' title="bbox 2140 1256 3728 1330">
    <p class='ocr_par' dir='ltr' id='par_1_55' title="bbox 2140 1256 3728 1330">
     <span class='ocr_line' id='line_1_55' title="bbox 2140 1256 3728 1330; baseline 0.002 -22"><span class='ocrx_word' id='word_1_408' title='bbox 2140 1256 2335 1327; x_wconf 88' lang='grc' dir='ltr'><strong>τέχνην</strong></span> <span class='ocrx_word' id='word_1_409' title='bbox 2367 1259 2434 1312; x_wconf 84' lang='grc' dir='ltr'><strong>τὰ</strong></span> <span class='ocrx_word' id='word_1_410' title='bbox 2469 1259 2621 1330; x_wconf 89' lang='grc' dir='ltr'><strong>παρά</strong></span> <span class='ocrx_word' id='word_1_411' title='bbox 2675 1260 2774 1329; x_wconf 83' lang='grc' dir='ltr'><strong>τὴν</strong></span> <span class='ocrx_word' id='word_1_412' title='bbox 2804 1258 3001 1329; x_wconf 81' lang='grc' dir='ltr'><strong>τέχνην</strong></span> <span class='ocrx_word' id='word_1_413' title='bbox 3052 1257 3323 1325; x_wconf 89' lang='grc' dir='ltr'><strong>λέγεσθαι.</strong></span> <span class='ocrx_word' id='word_1_414' title='bbox 3380 1259 3444 1311; x_wconf 80' lang='lat' dir='ltr'><strong>Ei</strong></span> <span class='ocrx_word' id='word_1_415' title='bbox 3493 1258 3550 1312; x_wconf 84' lang='grc' dir='ltr'><strong>δὲ</strong></span> <span class='ocrx_word' id='word_1_416' title='bbox 3588 1257 3728 1322; x_wconf 85' lang='grc' dir='ltr'><strong>ὅλως</strong></span> 
     </span>
    </p>
   </div>
   <div class='ocr_carea' id='block_1_56' title="bbox 2141 1350 3727 1422">
    <p class='ocr_par' dir='ltr' id='par_1_56' title="bbox 2141 1350 3727 1422">
     <span class='ocr_line' id='line_1_56' title="bbox 2141 1350 3727 1422; baseline 0.003 -20"><span class='ocrx_word' id='word_1_417' title='bbox 2141 1350 2292 1422; x_wconf 89' lang='grc' dir='ltr'><strong>παρά</strong></span> <span class='ocrx_word' id='word_1_418' title='bbox 2323 1350 2384 1403; x_wconf 82' lang='grc' dir='ltr'><strong>τὸ</strong></span> <span class='ocrx_word' id='word_1_419' title='bbox 2410 1350 2555 1404; x_wconf 87' lang='grc' dir='ltr'><strong>κατά</strong></span> <span class='ocrx_word' id='word_1_420' title='bbox 2606 1350 2768 1420; x_wconf 85' lang='grc' dir='ltr'><strong>φύσιν</strong></span> <span class='ocrx_word' id='word_1_421' title='bbox 2813 1350 3022 1421; x_wconf 87' lang='grc' dir='ltr'><strong>γίνεταί</strong></span> <span class='ocrx_word' id='word_1_422' title='bbox 3081 1369 3222 1415; x_wconf 87' lang='grc' dir='ltr'><strong>τινα,</strong></span> <span class='ocrx_word' id='word_1_423' title='bbox 3270 1350 3465 1420; x_wconf 83' lang='grc' dir='ltr'><strong>γένοιτ’</strong></span> <span class='ocrx_word' id='word_1_424' title='bbox 3520 1351 3587 1405; x_wconf 85' lang='grc' dir='ltr'><strong>ἂν</strong></span> <span class='ocrx_word' id='word_1_425' title='bbox 3628 1352 3727 1406; x_wconf 75' lang='grc' dir='ltr'><strong>καὶ</strong></span> 
     </span>
    </p>
   </div>
   <div class='ocr_carea' id='block_1_57' title="bbox 2141 1440 3723 1514">
    <p class='ocr_par' dir='ltr' id='par_1_57' title="bbox 2141 1440 3723 1514">
     <span class='ocr_line' id='line_1_57' title="bbox 2141 1440 3723 1514; baseline 0.004 -23"><span class='ocrx_word' id='word_1_426' title='bbox 2141 1440 2293 1510; x_wconf 80' lang='grc' dir='ltr'><strong>παρὰ</strong></span> <span class='ocrx_word' id='word_1_427' title='bbox 2314 1441 2413 1511; x_wconf 85' lang='grc' dir='ltr'><strong>τὴν</strong></span> <span class='ocrx_word' id='word_1_428' title='bbox 2437 1443 2799 1513; x_wconf 89' lang='grc' dir='ltr'><strong>εἱμαρμένην,</strong></span> <span class='ocrx_word' id='word_1_429' title='bbox 2829 1444 2987 1514; x_wconf 75' lang='grc' dir='ltr'><strong>εἴπερ</strong></span> <span class='ocrx_word' id='word_1_430' title='bbox 3033 1442 3102 1495; x_wconf 85' lang='grc' dir='ltr'><strong>τά</strong></span> <span class='ocrx_word' id='word_1_431' title='bbox 3134 1442 3275 1496; x_wconf 88' lang='grc' dir='ltr'><strong>κατά</strong></span> <span class='ocrx_word' id='word_1_432' title='bbox 3327 1442 3511 1511; x_wconf 86' lang='grc' dir='ltr'><strong>φύσιν,</strong></span> <span class='ocrx_word' id='word_1_433' title='bbox 3546 1441 3723 1497; x_wconf 78' lang='grc' dir='ltr'><strong>ταῦτά</strong></span> 
     </span>
    </p>
   </div>
   <div class='ocr_carea' id='block_1_58' title="bbox 2140 1531 3723 1604">
    <p class='ocr_par' dir='ltr' id='par_1_58' title="bbox 2140 1531 3723 1604">
     <span class='ocr_line' id='line_1_58' title="bbox 2140 1531 3723 1604; baseline 0.004 -23"><span class='ocrx_word' id='word_1_434' title='bbox 2140 1531 2256 1583; x_wconf 78' lang='grc' dir='ltr'><strong>ἐστι</strong></span> <span class='ocrx_word' id='word_1_435' title='bbox 2316 1531 2387 1585; x_wconf 88' lang='grc' dir='ltr'><strong>τά</strong></span> <span class='ocrx_word' id='word_1_436' title='bbox 2420 1532 2540 1586; x_wconf 86' lang='grc' dir='ltr'><strong>καθ’</strong></span> <span class='ocrx_word' id='word_1_437' title='bbox 2569 1532 2938 1604; x_wconf 83' lang='grc' dir='ltr'><strong>εἱμαρμένην,</strong></span> <span class='ocrx_word' id='word_1_438' title='bbox 2973 1551 2993 1584; x_wconf 75' lang='grc' dir='ltr'><strong>ι</strong></span> <span class='ocrx_word' id='word_1_439' title='bbox 3042 1532 3289 1604; x_wconf 83' lang='grc' dir='ltr'><strong>Ὁρῶμεν</strong></span> <span class='ocrx_word' id='word_1_440' title='bbox 3338 1532 3490 1602; x_wconf 81' lang='grc' dir='ltr'><strong>γοῦν,</strong></span> <span class='ocrx_word' id='word_1_441' title='bbox 3533 1534 3723 1604; x_wconf 68' lang='grc' dir='ltr'><strong>φησιν,</strong></span> 
     </span>
    </p>
   </div>
   <div class='ocr_carea' id='block_1_59' title="bbox 2138 1619 3729 1694">
    <p class='ocr_par' dir='ltr' id='par_1_59' title="bbox 2138 1619 3729 1694">
     <span class='ocr_line' id='line_1_59' title="bbox 2138 1619 3729 1694; baseline 0.002 -20"><span class='ocrx_word' id='word_1_442' title='bbox 2138 1621 2220 1674; x_wconf 85' lang='grc' dir='ltr'><strong>ὅτι</strong></span> <span class='ocrx_word' id='word_1_443' title='bbox 2265 1623 2438 1677; x_wconf 80' lang='grc' dir='ltr'><strong>καὶτὸ</strong></span> <span class='ocrx_word' id='word_1_444' title='bbox 2481 1624 2661 1693; x_wconf 81' lang='grc' dir='ltr'><strong>σῶμα,</strong></span> <span class='ocrx_word' id='word_1_445' title='bbox 2713 1623 2791 1693; x_wconf 80' lang='grc' dir='ltr'><strong>τῷ</strong></span> <span class='ocrx_word' id='word_1_446' title='bbox 2858 1623 3063 1677; x_wconf 86' lang='grc' dir='ltr'><strong>τοιόνδε</strong></span> <span class='ocrx_word' id='word_1_447' title='bbox 3116 1623 3386 1694; x_wconf 78' lang='grc' dir='ltr'><strong>ἣτοιόνδε</strong></span> <span class='ocrx_word' id='word_1_448' title='bbox 3439 1619 3576 1677; x_wconf 77' lang='grc' dir='ltr'><strong>εἴναι</strong></span> <span class='ocrx_word' id='word_1_449' title='bbox 3621 1623 3729 1694; x_wconf 82' lang='grc' dir='ltr'><strong>τὴν</strong></span> 
     </span>
    </p>
   </div>
   <div class='ocr_carea' id='block_1_60' title="bbox 2141 1712 3724 1787">
    <p class='ocr_par' dir='ltr' id='par_1_60' title="bbox 2141 1712 3724 1787">
     <span class='ocr_line' id='line_1_60' title="bbox 2141 1712 3724 1787; baseline 0.001 -21"><span class='ocrx_word' id='word_1_450' title='bbox 2141 1712 2323 1782; x_wconf 86' lang='grc' dir='ltr'><strong>φύσιν,</strong></span> <span class='ocrx_word' id='word_1_451' title='bbox 2358 1715 2415 1767; x_wconf 83' lang='grc' dir='ltr'><strong>ὲν</strong></span> <span class='ocrx_word' id='word_1_452' title='bbox 2467 1714 2635 1779; x_wconf 67' lang='grc' dir='ltr'><strong>νόσοις</strong></span> <span class='ocrx_word' id='word_1_453' title='bbox 2682 1714 2777 1768; x_wconf 81' lang='grc' dir='ltr'><strong>καὶ</strong></span> <span class='ocrx_word' id='word_1_454' title='bbox 2831 1713 3061 1786; x_wconf 83' lang='grc' dir='ltr'><strong>φθοραῖς</strong></span> <span class='ocrx_word' id='word_1_455' title='bbox 3091 1714 3401 1778; x_wconf 82' lang='grc' dir='ltr'><strong>ἀκολούθως</strong></span> <span class='ocrx_word' id='word_1_456' title='bbox 3425 1718 3492 1786; x_wconf 81' lang='grc' dir='ltr'><strong>τῇ</strong></span> <span class='ocrx_word' id='word_1_457' title='bbox 3518 1717 3724 1787; x_wconf 81' lang='grc' dir='ltr'><strong>φυσικῇ</strong></span> 
     </span>
    </p>
   </div>
   <div class='ocr_carea' id='block_1_61' title="bbox 2142 1805 3727 1879">
    <p class='ocr_par' dir='ltr' id='par_1_61' title="bbox 2142 1805 3727 1879">
     <span class='ocr_line' id='line_1_61' title="bbox 2142 1805 3727 1879; baseline 0.003 -21"><span class='ocrx_word' id='word_1_458' title='bbox 2142 1805 2471 1859; x_wconf 83' lang='grc' dir='ltr'><strong>καταστάσει</strong></span> <span class='ocrx_word' id='word_1_459' title='bbox 2501 1806 2729 1875; x_wconf 89' lang='grc' dir='ltr'><strong>γίνεται.</strong></span> <span class='ocrx_word' id='word_1_460' title='bbox 2765 1808 2838 1861; x_wconf 88' lang='grc' dir='ltr'><strong>Ού</strong></span> <span class='ocrx_word' id='word_1_461' title='bbox 2867 1809 2974 1879; x_wconf 78' lang='grc' dir='ltr'><strong>μὴν</strong></span> <span class='ocrx_word' id='word_1_462' title='bbox 3000 1808 3203 1878; x_wconf 86' lang='grc' dir='ltr'><strong>ὁμοίως</strong></span> <span class='ocrx_word' id='word_1_463' title='bbox 3232 1808 3324 1861; x_wconf 78' lang='grc' dir='ltr'><strong>ἐπὶ</strong></span> <span class='ocrx_word' id='word_1_464' title='bbox 3346 1807 3727 1869; x_wconf 77' lang='grc' dir='ltr'><strong>πάντων,ούδὲ</strong></span> 
     </span>
    </p>
   </div>
   <div class='ocr_carea' id='block_1_62' title="bbox 2139 1895 3728 1969">
    <p class='ocr_par' dir='ltr' id='par_1_62' title="bbox 2139 1895 3728 1969">
     <span class='ocr_line' id='line_1_62' title="bbox 2139 1895 3728 1969; baseline 0.001 -21"><span class='ocrx_word' id='word_1_465' title='bbox 2139 1896 2197 1962; x_wconf 78' lang='grc' dir='ltr'>ἐξ</span> <span class='ocrx_word' id='word_1_466' title='bbox 2227 1896 2488 1966; x_wconf 77' lang='grc' dir='ltr'><strong>ἀνάγκηςο</strong></span> <span class='ocrx_word' id='word_1_467' title='bbox 2549 1897 2733 1950; x_wconf 85' lang='grc' dir='ltr'><strong>ἱκαναὶ</strong></span> <span class='ocrx_word' id='word_1_468' title='bbox 2791 1897 2899 1969; x_wconf 92' lang='grc' dir='ltr'><strong>γάρ</strong></span> <span class='ocrx_word' id='word_1_469' title='bbox 2950 1896 3247 1969; x_wconf 78' lang='grc' dir='ltr'><strong>ἐκκροῦσαι</strong></span> <span class='ocrx_word' id='word_1_470' title='bbox 3307 1895 3565 1958; x_wconf 87' lang='grc' dir='ltr'><strong>πολλάκις</strong></span> <span class='ocrx_word' id='word_1_471' title='bbox 3621 1896 3728 1967; x_wconf 81' lang='grc' dir='ltr'><strong>τὴν</strong></span> 
     </span>
    </p>
   </div>
   <div class='ocr_carea' id='block_1_63' title="bbox 2136 1986 3730 2060">
    <p class='ocr_par' dir='ltr' id='par_1_63' title="bbox 2136 1986 3730 2060">
     <span class='ocr_line' id='line_1_63' title="bbox 2136 1986 3730 2060; baseline 0.001 -20"><span class='ocrx_word' id='word_1_472' title='bbox 2136 1986 2341 2041; x_wconf 82' lang='grc' dir='ltr'><strong>τοιάνδε</strong></span> <span class='ocrx_word' id='word_1_473' title='bbox 2370 1986 2481 2052; x_wconf 76' lang='grc' dir='ltr'><strong>ἕξιν</strong></span> <span class='ocrx_word' id='word_1_474' title='bbox 2542 1988 2877 2058; x_wconf 82' lang='grc' dir='ltr'><strong>ἐπιμέλειαι,</strong></span> <span class='ocrx_word' id='word_1_475' title='bbox 2940 1989 3034 2042; x_wconf 74' lang='grc' dir='ltr'><strong>καὶ</strong></span> <span class='ocrx_word' id='word_1_476' title='bbox 3076 1989 3207 2060; x_wconf 85' lang='grc' dir='ltr'><strong>βίων</strong></span> <span class='ocrx_word' id='word_1_477' title='bbox 3265 1987 3595 2057; x_wconf 81' lang='grc' dir='ltr'><strong>ὑπαλλαγαὶ,</strong></span> <span class='ocrx_word' id='word_1_478' title='bbox 3627 1989 3730 2041; x_wconf 75' lang='grc' dir='ltr'><strong>καὶ</strong></span> 
     </span>
    </p>
   </div>
   <div class='ocr_carea' id='block_1_64' title="bbox 2137 2077 3727 2154">
    <p class='ocr_par' dir='ltr' id='par_1_64' title="bbox 2137 2077 3727 2154">
     <span class='ocr_line' id='line_1_64' title="bbox 2137 2077 3727 2154; baseline 0.003 -22"><span class='ocrx_word' id='word_1_479' title='bbox 2137 2077 2461 2151; x_wconf 79' lang='grc' dir='ltr'><strong>προστάξεις</strong></span> <span class='ocrx_word' id='word_1_480' title='bbox 2497 2082 2715 2152; x_wconf 83' lang='grc' dir='ltr'><strong>ίατρῶν,</strong></span> <span class='ocrx_word' id='word_1_481' title='bbox 2772 2082 2867 2135; x_wconf 79' lang='grc' dir='ltr'><strong>καὶ</strong></span> <span class='ocrx_word' id='word_1_482' title='bbox 2900 2082 3225 2154; x_wconf 78' lang='grc' dir='ltr'><strong>συμϐουλίαι</strong></span> <span class='ocrx_word' id='word_1_483' title='bbox 3281 2082 3441 2137; x_wconf 82' lang='grc' dir='ltr'><strong>θεῶν.</strong></span> <span class='ocrx_word' id='word_1_484' title='bbox 3479 2083 3638 2137; x_wconf 86' lang='grc' dir='ltr'><strong>Κατά</strong></span> <span class='ocrx_word' id='word_1_485' title='bbox 3663 2082 3727 2136; x_wconf 85' lang='grc' dir='ltr'><strong>δὲ</strong></span> 
     </span>
    </p>
   </div>
   <div class='ocr_carea' id='block_1_65' title="bbox 2135 2169 3729 2248">
    <p class='ocr_par' dir='ltr' id='par_1_65' title="bbox 2135 2169 3729 2248">
     <span class='ocr_line' id='line_1_65' title="bbox 2135 2169 3729 2248; baseline 0.004 -26"><span class='ocrx_word' id='word_1_486' title='bbox 2135 2169 2226 2223; x_wconf 86' lang='grc' dir='ltr'><strong>τὸν</strong></span> <span class='ocrx_word' id='word_1_487' title='bbox 2252 2171 2416 2225; x_wconf 80' lang='grc' dir='ltr'><strong>αὐτὸν</strong></span> <span class='ocrx_word' id='word_1_488' title='bbox 2461 2172 2660 2244; x_wconf 82' lang='grc' dir='ltr'><strong>τρόπον</strong></span> <span class='ocrx_word' id='word_1_489' title='bbox 2697 2174 2791 2226; x_wconf 77' lang='grc' dir='ltr'><strong>καὶ</strong></span> <span class='ocrx_word' id='word_1_490' title='bbox 2835 2175 2929 2227; x_wconf 80' lang='grc' dir='ltr'><strong>ἐπὶ</strong></span> <span class='ocrx_word' id='word_1_491' title='bbox 2966 2175 3066 2244; x_wconf 84' lang='grc' dir='ltr'><strong>τῆς</strong></span> <span class='ocrx_word' id='word_1_492' title='bbox 3114 2174 3292 2245; x_wconf 69' lang='grc' dir='ltr'><strong>ψυχῆς</strong></span> <span class='ocrx_word' id='word_1_493' title='bbox 3342 2174 3493 2248; x_wconf 77' lang='grc' dir='ltr'><strong>εὖροι</strong></span> <span class='ocrx_word' id='word_1_494' title='bbox 3537 2192 3622 2239; x_wconf 86' lang='grc' dir='ltr'><strong>τις</strong></span> <span class='ocrx_word' id='word_1_495' title='bbox 3656 2174 3729 2229; x_wconf 83' lang='grc' dir='ltr'><strong>ἂν</strong></span> 
     </span>
    </p>
   </div>
   <div class='ocr_carea' id='block_1_66' title="bbox 2138 2259 3730 2339">
    <p class='ocr_par' dir='ltr' id='par_1_66' title="bbox 2138 2259 3730 2339">
     <span class='ocr_line' id='line_1_66' title="bbox 2138 2259 3730 2339; baseline 0.005 -27"><span class='ocrx_word' id='word_1_496' title='bbox 2138 2259 2290 2332; x_wconf 87' lang='grc' dir='ltr'><strong>παρὰ</strong></span> <span class='ocrx_word' id='word_1_497' title='bbox 2322 2262 2421 2333; x_wconf 84' lang='grc' dir='ltr'><strong>τὴν</strong></span> <span class='ocrx_word' id='word_1_498' title='bbox 2448 2263 2682 2335; x_wconf 83' lang='grc' dir='ltr'><strong>φυσικὴν</strong></span> <span class='ocrx_word' id='word_1_499' title='bbox 2713 2266 3061 2337; x_wconf 83' lang='grc' dir='ltr'><strong>κατασκευὴν</strong></span> <span class='ocrx_word' id='word_1_500' title='bbox 3087 2266 3378 2338; x_wconf 80' lang='grc' dir='ltr'><strong>διαφόρους</strong></span> <span class='ocrx_word' id='word_1_501' title='bbox 3428 2268 3486 2320; x_wconf 82' lang='grc' dir='ltr'><strong>ὲν</strong></span> <span class='ocrx_word' id='word_1_502' title='bbox 3507 2267 3730 2339; x_wconf 78' lang='grc' dir='ltr'><strong>ἑκάστῳ</strong></span> 
     </span>
    </p>
   </div>
   <div class='ocr_carea' id='block_1_67' title="bbox 2137 2354 3731 2431">
    <p class='ocr_par' dir='ltr' id='par_1_67' title="bbox 2137 2354 3731 2431">
     <span class='ocr_line' id='line_1_67' title="bbox 2137 2354 3731 2431; baseline 0.005 -27"><span class='ocrx_word' id='word_1_503' title='bbox 2137 2354 2486 2424; x_wconf 83' lang='grc' dir='ltr'><strong>προαιρέσεις</strong></span> <span class='ocrx_word' id='word_1_504' title='bbox 2536 2356 2629 2408; x_wconf 74' lang='grc' dir='ltr'><strong>καὶ</strong></span> <span class='ocrx_word' id='word_1_505' title='bbox 2672 2355 2900 2427; x_wconf 80' lang='grc' dir='ltr'><strong>πράξεις</strong></span> <span class='ocrx_word' id='word_1_506' title='bbox 2961 2356 3056 2410; x_wconf 75' lang='grc' dir='ltr'><strong>καὶ</strong></span> <span class='ocrx_word' id='word_1_507' title='bbox 3099 2357 3267 2427; x_wconf 88' lang='grc' dir='ltr'><strong>βίους,</strong></span> <span class='ocrx_word' id='word_1_508' title='bbox 3320 2356 3381 2422; x_wconf 75' lang='grc' dir='ltr'><strong>ἐξ</strong></span> <span class='ocrx_word' id='word_1_509' title='bbox 3435 2359 3731 2431; x_wconf 85' lang='grc' dir='ltr'><strong>ἀσκήσεως</strong></span> 
     </span>
    </p>
   </div>
   <div class='ocr_carea' id='block_1_68' title="bbox 2139 2443 3729 2520">
    <p class='ocr_par' dir='ltr' id='par_1_68' title="bbox 2139 2443 3729 2520">
     <span class='ocr_line' id='line_1_68' title="bbox 2139 2443 3729 2520; baseline 0.005 -24"><span class='ocrx_word' id='word_1_510' title='bbox 2139 2443 2235 2496; x_wconf 74' lang='grc' dir='ltr'><strong>καὶ</strong></span> <span class='ocrx_word' id='word_1_511' title='bbox 2267 2445 2374 2498; x_wconf 74' lang='grc' dir='ltr'><strong>ἀπὸ</strong></span> <span class='ocrx_word' id='word_1_512' title='bbox 2403 2444 2760 2517; x_wconf 84' lang='grc' dir='ltr'><strong>μαθημάτων,</strong></span> <span class='ocrx_word' id='word_1_513' title='bbox 2797 2448 2891 2500; x_wconf 75' lang='grc' dir='ltr'><strong>καὶ</strong></span> <span class='ocrx_word' id='word_1_514' title='bbox 2932 2448 3041 2502; x_wconf 78' lang='grc' dir='ltr'><strong>ἀπὸ</strong></span> <span class='ocrx_word' id='word_1_515' title='bbox 3064 2447 3237 2517; x_wconf 82' lang='grc' dir='ltr'><strong>λόγων</strong></span> <span class='ocrx_word' id='word_1_516' title='bbox 3261 2449 3585 2520; x_wconf 87' lang='grc' dir='ltr'><strong>κρειττόνων</strong></span> <span class='ocrx_word' id='word_1_517' title='bbox 3610 2451 3729 2520; x_wconf 79' lang='grc' dir='ltr'><strong>βελ-</strong></span> 
     </span>
    </p>
   </div>
   <div class='ocr_carea' id='block_1_69' title="bbox 2134 2536 3727 2613">
    <p class='ocr_par' dir='ltr' id='par_1_69' title="bbox 2134 2536 3727 2613">
     <span class='ocr_line' id='line_1_69' title="bbox 2134 2536 3727 2613; baseline 0.004 -25"><span class='ocrx_word' id='word_1_518' title='bbox 2134 2536 2452 2607; x_wconf 85' lang='grc' dir='ltr'><strong>τιουμένων.</strong></span> <span class='ocrx_word' id='word_1_519' title='bbox 2481 2539 2741 2603; x_wconf 77' lang='grc' dir='ltr'><strong>Εἰπόντος</strong></span> <span class='ocrx_word' id='word_1_520' title='bbox 2773 2539 2903 2608; x_wconf 78' lang='grc' dir='ltr'><strong>γοῦν</strong></span> <span class='ocrx_word' id='word_1_521' title='bbox 2965 2557 3094 2593; x_wconf 88' lang='grc' dir='ltr'><strong>ποτε</strong></span> <span class='ocrx_word' id='word_1_522' title='bbox 3139 2540 3232 2594; x_wconf 83' lang='grc' dir='ltr'><strong>τοῦ</strong></span> <span class='ocrx_word' id='word_1_523' title='bbox 3276 2541 3727 2613; x_wconf 77' lang='grc' dir='ltr'><strong>Φυσιογνώμονθς</strong></span> 
     </span>
    </p>
   </div>
   <div class='ocr_carea' id='block_1_70' title="bbox 2136 2628 3726 2702">
    <p class='ocr_par' dir='ltr' id='par_1_70' title="bbox 2136 2628 3726 2702">
     <span class='ocr_line' id='line_1_70' title="bbox 2136 2628 3726 2702; baseline 0.004 -22"><span class='ocrx_word' id='word_1_524' title='bbox 2136 2629 2264 2700; x_wconf 78' lang='grc' dir='ltr'><strong>περὶ</strong></span> <span class='ocrx_word' id='word_1_525' title='bbox 2292 2628 2386 2682; x_wconf 83' lang='grc' dir='ltr'><strong>τοῦ</strong></span> <span class='ocrx_word' id='word_1_526' title='bbox 2420 2631 2743 2701; x_wconf 81' lang='grc' dir='ltr'><strong>Σωκράτους</strong></span> <span class='ocrx_word' id='word_1_527' title='bbox 2767 2631 2860 2685; x_wconf 77' lang='grc' dir='ltr'><strong>τοῦ</strong></span> <span class='ocrx_word' id='word_1_528' title='bbox 2888 2631 3177 2702; x_wconf 75' lang='grc' dir='ltr'><strong>φιλοσόφου</strong></span> <span class='ocrx_word' id='word_1_529' title='bbox 3224 2633 3400 2688; x_wconf 83' lang='grc' dir='ltr'><strong>ἀτοπά</strong></span> <span class='ocrx_word' id='word_1_530' title='bbox 3443 2651 3586 2698; x_wconf 88' lang='grc' dir='ltr'><strong>τινα,</strong></span> <span class='ocrx_word' id='word_1_531' title='bbox 3624 2635 3726 2688; x_wconf 78' lang='grc' dir='ltr'><strong>καὶ</strong></span> 
     </span>
    </p>
   </div>
   <div class='ocr_carea' id='block_1_71' title="bbox 2132 2714 3725 2798">
    <p class='ocr_par' dir='ltr' id='par_1_71' title="bbox 2132 2714 3725 2798">
     <span class='ocr_line' id='line_1_71' title="bbox 2132 2714 3725 2798; baseline 0.004 -25"><span class='ocrx_word' id='word_1_532' title='bbox 2132 2720 2382 2774; x_wconf 88' lang='grc' dir='ltr'><strong>πλεῖστον</strong></span> <span class='ocrx_word' id='word_1_533' title='bbox 2431 2722 2718 2790; x_wconf 83' lang='grc' dir='ltr'><strong>ἀφεστῶτα</strong></span> <span class='ocrx_word' id='word_1_534' title='bbox 2784 2723 2886 2794; x_wconf 77' lang='grc' dir='ltr'><strong>τῆς</strong></span> <span class='ocrx_word' id='word_1_535' title='bbox 2957 2724 3332 2796; x_wconf 88' lang='grc' dir='ltr'><strong>προαιρέσεως</strong></span> <span class='ocrx_word' id='word_1_536' title='bbox 3389 2714 3553 2779; x_wconf 78' lang='grc' dir='ltr'><strong>αὐτοῦ</strong></span> <span class='ocrx_word' id='word_1_537' title='bbox 3619 2727 3725 2798; x_wconf 77' lang='grc' dir='ltr'><strong>τῆς</strong></span> 
     </span>
    </p>
   </div>
   <div class='ocr_carea' id='block_1_72' title="bbox 2131 2811 3722 2886">
    <p class='ocr_par' dir='ltr' id='par_1_72' title="bbox 2131 2811 3722 2886">
     <span class='ocr_line' id='line_1_72' title="bbox 2131 2811 3722 2886; baseline 0.005 -23"><span class='ocrx_word' id='word_1_538' title='bbox 2131 2811 2273 2864; x_wconf 87' lang='grc' dir='ltr'><strong>κατά</strong></span> <span class='ocrx_word' id='word_1_539' title='bbox 2317 2812 2407 2865; x_wconf 85' lang='grc' dir='ltr'><strong>τὸν</strong></span> <span class='ocrx_word' id='word_1_540' title='bbox 2444 2812 2577 2881; x_wconf 83' lang='grc' dir='ltr'><strong>βίον,</strong></span> <span class='ocrx_word' id='word_1_541' title='bbox 2630 2815 2723 2868; x_wconf 77' lang='grc' dir='ltr'><strong>καὶ</strong></span> <span class='ocrx_word' id='word_1_542' title='bbox 2760 2815 2851 2868; x_wconf 75' lang='grc' dir='ltr'><strong>ἐπὶ</strong></span> <span class='ocrx_word' id='word_1_543' title='bbox 2899 2815 3106 2879; x_wconf 77' lang='grc' dir='ltr'><strong>τούτοις</strong></span> <span class='ocrx_word' id='word_1_544' title='bbox 3141 2816 3245 2868; x_wconf 84' lang='grc' dir='ltr'><strong>ὑπὸ</strong></span> <span class='ocrx_word' id='word_1_545' title='bbox 3274 2816 3377 2870; x_wconf 82' lang='grc' dir='ltr'><strong>τῶν</strong></span> <span class='ocrx_word' id='word_1_546' title='bbox 3415 2817 3543 2886; x_wconf 77' lang='grc' dir='ltr'><strong>περὶ</strong></span> <span class='ocrx_word' id='word_1_547' title='bbox 3601 2818 3722 2871; x_wconf 88' lang='grc' dir='ltr'><strong>Σω-</strong></span> 
     </span>
    </p>
   </div>
   <div class='ocr_carea' id='block_1_73' title="bbox 2131 2897 3723 2975">
    <p class='ocr_par' dir='ltr' id='par_1_73' title="bbox 2131 2897 3723 2975">
     <span class='ocr_line' id='line_1_73' title="bbox 2131 2897 3723 2975; baseline 0.002 -23"><span class='ocrx_word' id='word_1_548' title='bbox 2131 2900 2341 2971; x_wconf 86' lang='grc' dir='ltr'><strong>κράτην</strong></span> <span class='ocrx_word' id='word_1_549' title='bbox 2388 2901 2861 2969; x_wconf 85' lang='grc' dir='ltr'><strong>καταγελωμένου,</strong></span> <span class='ocrx_word' id='word_1_550' title='bbox 2923 2901 3074 2954; x_wconf 76' lang='grc' dir='ltr'><strong>οὐδὲν</strong></span> <span class='ocrx_word' id='word_1_551' title='bbox 3116 2897 3271 2955; x_wconf 81' lang='grc' dir='ltr'><strong>εἶπεν</strong></span> <span class='ocrx_word' id='word_1_552' title='bbox 3328 2905 3356 2956; x_wconf 86' lang='grc' dir='ltr'><strong><em>ὁ</em></strong></span> <span class='ocrx_word' id='word_1_553' title='bbox 3418 2902 3723 2975; x_wconf 84' lang='grc' dir='ltr'><strong>Σωκράτης</strong></span> 
     </span>
    </p>
   </div>
   <div class='ocr_carea' id='block_1_74' title="bbox 2130 2985 3723 3061">
    <p class='ocr_par' dir='ltr' id='par_1_74' title="bbox 2130 2985 3723 3061">
     <span class='ocr_line' id='line_1_74' title="bbox 2130 2985 3723 3061; baseline 0.001 -19"><span class='ocrx_word' id='word_1_554' title='bbox 2130 2989 2397 3058; x_wconf 73' lang='grc' dir='ltr'><strong>ἐσφάλθαι</strong></span> <span class='ocrx_word' id='word_1_555' title='bbox 2426 2990 2517 3042; x_wconf 85' lang='grc' dir='ltr'><strong>τὸν</strong></span> <span class='ocrx_word' id='word_1_556' title='bbox 2545 2988 2824 3061; x_wconf 83' lang='grc' dir='ltr'><strong>Ζώπυρον·</strong></span> <span class='ocrx_word' id='word_1_557' title='bbox 2855 2985 2923 3061; x_wconf 81' lang='grc' dir='ltr'><strong>ἦν</strong></span> <span class='ocrx_word' id='word_1_558' title='bbox 2955 2989 3064 3060; x_wconf 83' lang='grc' dir='ltr'><strong>γὰρ</strong></span> <span class='ocrx_word' id='word_1_559' title='bbox 3091 2989 3156 3042; x_wconf 84' lang='grc' dir='ltr'><strong>ἂν</strong></span> <span class='ocrx_word' id='word_1_560' title='bbox 3178 2988 3437 3053; x_wconf 83' lang='grc' dir='ltr'><strong>τοιοῦτος,</strong></span> <span class='ocrx_word' id='word_1_561' title='bbox 3467 2991 3591 3044; x_wconf 79' lang='grc' dir='ltr'><strong>ὅσον</strong></span> <span class='ocrx_word' id='word_1_562' title='bbox 3626 2992 3723 3044; x_wconf 72' lang='grc' dir='ltr'><strong>ἐπὶ</strong></span> 
     </span>
    </p>
   </div>
   <div class='ocr_carea' id='block_1_75' title="bbox 2132 3080 3723 3153">
    <p class='ocr_par' dir='ltr' id='par_1_75' title="bbox 2132 3080 3723 3153">
     <span class='ocr_line' id='line_1_75' title="bbox 2132 3080 3723 3153; baseline -0.009 -17"><span class='ocrx_word' id='word_1_563' title='bbox 2132 3083 2198 3152; x_wconf 83' lang='grc' dir='ltr'><strong>τῇ</strong></span> <span class='ocrx_word' id='word_1_564' title='bbox 2224 3080 2404 3151; x_wconf 83' lang='grc' dir='ltr'><strong>φύσει,</strong></span> <span class='ocrx_word' id='word_1_565' title='bbox 2438 3082 2487 3134; x_wconf 87' lang='grc' dir='ltr'><strong>εἱ</strong></span> <span class='ocrx_word' id='word_1_566' title='bbox 2517 3082 2594 3152; x_wconf 85' lang='grc' dir='ltr'><strong>μὴ</strong></span> <span class='ocrx_word' id='word_1_567' title='bbox 2617 3081 2705 3134; x_wconf 85' lang='grc' dir='ltr'><strong>διὰ</strong></span> <span class='ocrx_word' id='word_1_568' title='bbox 2725 3083 2822 3153; x_wconf 83' lang='grc' dir='ltr'><strong>τὴν</strong></span> <span class='ocrx_word' id='word_1_569' title='bbox 2855 3082 2918 3133; x_wconf 86' lang='grc' dir='ltr'><strong>ὲκ</strong></span> <span class='ocrx_word' id='word_1_570' title='bbox 2941 3081 3257 3151; x_wconf 75' lang='grc' dir='ltr'><strong>φιλοσοφίας</strong></span> <span class='ocrx_word' id='word_1_571' title='bbox 3299 3080 3531 3151; x_wconf 78' lang='grc' dir='ltr'><strong>ἄσκησιν</strong></span> <span class='ocrx_word' id='word_1_572' title='bbox 3556 3082 3723 3152; x_wconf 74' lang='grc' dir='ltr'><strong>ἀμεί-</strong></span> 
     </span>
    </p>
   </div>
   <div class='ocr_carea' id='block_1_76' title="bbox 2132 3171 3722 3243">
    <p class='ocr_par' dir='ltr' id='par_1_76' title="bbox 2132 3171 3722 3243">
     <span class='ocr_line' id='line_1_76' title="bbox 2132 3171 3722 3243; baseline 0.001 -16"><span class='ocrx_word' id='word_1_573' title='bbox 2132 3190 2237 3227; x_wconf 91' lang='grc' dir='ltr'><strong>νων</strong></span> <span class='ocrx_word' id='word_1_574' title='bbox 2270 3173 2369 3242; x_wconf 82' lang='grc' dir='ltr'><strong>τῆς</strong></span> <span class='ocrx_word' id='word_1_575' title='bbox 2394 3171 2608 3242; x_wconf 87' lang='grc' dir='ltr'><strong>φύσεως</strong></span> <span class='ocrx_word' id='word_1_576' title='bbox 2631 3172 2868 3241; x_wconf 77' lang='grc' dir='ltr'><strong>ἐγένετο.</strong></span> <span class='ocrx_word' id='word_1_577' title='bbox 2887 3192 2905 3224; x_wconf 75' lang='grc' dir='ltr'><strong>ι</strong></span> <span class='ocrx_word' id='word_1_578' title='bbox 2939 3174 3050 3227; x_wconf 83' lang='grc' dir='ltr'><strong>Καὶ</strong></span> <span class='ocrx_word' id='word_1_579' title='bbox 3097 3173 3319 3226; x_wconf 78' lang='grc' dir='ltr'><strong>τοιαῦτα</strong></span> <span class='ocrx_word' id='word_1_580' title='bbox 3350 3173 3447 3243; x_wconf 83' lang='grc' dir='ltr'><strong>μὲν</strong></span> <span class='ocrx_word' id='word_1_581' title='bbox 3471 3174 3540 3226; x_wconf 84' lang='grc' dir='ltr'><strong>τὰ</strong></span> <span class='ocrx_word' id='word_1_582' title='bbox 3572 3175 3722 3228; x_wconf 88' lang='grc' dir='ltr'><strong>κατά</strong></span> 
     </span>
    </p>
   </div>
   <div class='ocr_carea' id='block_1_77' title="bbox 2131 3264 3723 3338">
    <p class='ocr_par' dir='ltr' id='par_1_77' title="bbox 2131 3264 3723 3338">
     <span class='ocr_line' id='line_1_77' title="bbox 2131 3264 3723 3338; baseline 0.001 -21"><span class='ocrx_word' id='word_1_583' title='bbox 2131 3264 2314 3335; x_wconf 86' lang='grc' dir='ltr'><strong>φύσιν,</strong></span> <span class='ocrx_word' id='word_1_584' title='bbox 2337 3265 2372 3318; x_wconf 84' lang='grc' dir='ltr'><strong>ἀ</strong></span> <span class='ocrx_word' id='word_1_585' title='bbox 2400 3265 2494 3319; x_wconf 79' lang='grc' dir='ltr'><strong>καὶ</strong></span> <span class='ocrx_word' id='word_1_586' title='bbox 2533 3265 2699 3335; x_wconf 87' lang='grc' dir='ltr'><strong>μηδέν</strong></span> <span class='ocrx_word' id='word_1_587' title='bbox 2745 3282 2879 3335; x_wconf 86' lang='grc' dir='ltr'><strong>φησι</strong></span> <span class='ocrx_word' id='word_1_588' title='bbox 2930 3265 3209 3335; x_wconf 80' lang='grc' dir='ltr'><strong>διαφέρειν</strong></span> <span class='ocrx_word' id='word_1_589' title='bbox 3240 3266 3349 3322; x_wconf 85' lang='grc' dir='ltr'><strong>τῶν</strong></span> <span class='ocrx_word' id='word_1_590' title='bbox 3371 3265 3502 3319; x_wconf 83' lang='grc' dir='ltr'><strong>καθ’</strong></span> <span class='ocrx_word' id='word_1_591' title='bbox 3522 3267 3723 3338; x_wconf 88' lang='grc' dir='ltr'><strong>εἱμαρ-</strong></span> 
     </span>
    </p>
   </div>
   <div class='ocr_carea' id='block_1_78' title="bbox 2133 3356 3722 3428">
    <p class='ocr_par' dir='ltr' id='par_1_78' title="bbox 2133 3356 3722 3428">
     <span class='ocr_line' id='line_1_78' title="bbox 2133 3356 3722 3428; baseline 0 -18"><span class='ocrx_word' id='word_1_592' title='bbox 2133 3357 2300 3428; x_wconf 84' lang='grc' dir='ltr'><strong>μένην</strong></span> <span class='ocrx_word' id='word_1_593' title='bbox 2322 3374 2336 3388; x_wconf 87' lang='grc'><strong>·</strong></span> <span class='ocrx_word' id='word_1_594' title='bbox 2364 3356 2433 3410; x_wconf 89' lang='grc' dir='ltr'><strong>τά</strong></span> <span class='ocrx_word' id='word_1_595' title='bbox 2462 3356 2518 3409; x_wconf 84' lang='grc' dir='ltr'><strong>δὲ</strong></span> <span class='ocrx_word' id='word_1_596' title='bbox 2548 3357 2655 3410; x_wconf 83' lang='grc' dir='ltr'><strong>ἀπὸ</strong></span> <span class='ocrx_word' id='word_1_597' title='bbox 2686 3356 2856 3427; x_wconf 80' lang='grc' dir='ltr'><strong>τύχης</strong></span> <span class='ocrx_word' id='word_1_598' title='bbox 2902 3357 3147 3422; x_wconf 81' lang='grc' dir='ltr'><strong>τοιαῦτα,</strong></span> <span class='ocrx_word' id='word_1_599' title='bbox 3204 3358 3331 3410; x_wconf 77' lang='grc' dir='ltr'><strong>ὅταν</strong></span> <span class='ocrx_word' id='word_1_600' title='bbox 3379 3357 3539 3411; x_wconf 83' lang='grc' dir='ltr'><strong>ἄλλου</strong></span> <span class='ocrx_word' id='word_1_601' title='bbox 3568 3358 3722 3422; x_wconf 72' lang='grc' dir='ltr'><strong>τινὸς</strong></span> 
     </span>
    </p>
   </div>
   <div class='ocr_carea' id='block_1_79' title="bbox 2129 3443 3719 3523">
    <p class='ocr_par' dir='ltr' id='par_1_79' title="bbox 2129 3443 3719 3523">
     <span class='ocr_line' id='line_1_79' title="bbox 2129 3443 3719 3523; baseline 0.001 -20"><span class='ocrx_word' id='word_1_602' title='bbox 2129 3450 2288 3522; x_wconf 85' lang='grc' dir='ltr'><strong>χάριν</strong></span> <span class='ocrx_word' id='word_1_603' title='bbox 2315 3450 2591 3522; x_wconf 84' lang='grc' dir='ltr'><strong>γενομένῳ</strong></span> <span class='ocrx_word' id='word_1_604' title='bbox 2623 3450 2730 3503; x_wconf 78' lang='grc' dir='ltr'><strong>τινὶ</strong></span> <span class='ocrx_word' id='word_1_605' title='bbox 2784 3450 2861 3521; x_wconf 86' lang='grc' dir='ltr'><strong>μὴ</strong></span> <span class='ocrx_word' id='word_1_606' title='bbox 2910 3448 3070 3503; x_wconf 74' lang='grc' dir='ltr'><strong>τοῦτο</strong></span> <span class='ocrx_word' id='word_1_607' title='bbox 3125 3451 3436 3523; x_wconf 77' lang='grc' dir='ltr'><strong>ἀπαντήσῃ,</strong></span> <span class='ocrx_word' id='word_1_608' title='bbox 3462 3443 3523 3502; x_wconf 73' lang='grc' dir='ltr'><strong>οὗ</strong></span> <span class='ocrx_word' id='word_1_609' title='bbox 3552 3451 3719 3522; x_wconf 85' lang='grc' dir='ltr'><strong>χάριν</strong></span> 
     </span>
    </p>
   </div>
   <div class='ocr_carea' id='block_1_80' title="bbox 2129 3541 3716 3619">
    <p class='ocr_par' dir='ltr' id='par_1_80' title="bbox 2129 3541 3716 3619">
     <span class='ocr_line' id='line_1_80' title="bbox 2129 3541 3716 3619; baseline 0.003 -26"><span class='ocrx_word' id='word_1_610' title='bbox 2129 3542 2365 3619; x_wconf 75' lang='grc' dir='ltr'><strong>ἐγένετο,</strong></span> <span class='ocrx_word' id='word_1_611' title='bbox 2416 3541 2542 3596; x_wconf 81' lang='grc' dir='ltr'><strong>ἄλλο</strong></span> <span class='ocrx_word' id='word_1_612' title='bbox 2571 3542 2629 3595; x_wconf 87' lang='grc' dir='ltr'><strong>δέ</strong></span> <span class='ocrx_word' id='word_1_613' title='bbox 2666 3559 2719 3595; x_wconf 88' lang='grc' dir='ltr'><strong>τι</strong></span> <span class='ocrx_word' id='word_1_614' title='bbox 2747 3542 2885 3612; x_wconf 85' lang='grc' dir='ltr'><strong>ὅπερ</strong></span> <span class='ocrx_word' id='word_1_615' title='bbox 2916 3542 3013 3613; x_wconf 85' lang='grc' dir='ltr'><strong>τὴν</strong></span> <span class='ocrx_word' id='word_1_616' title='bbox 3058 3542 3233 3615; x_wconf 83' lang='grc' dir='ltr'><strong>ἀρχὴν</strong></span> <span class='ocrx_word' id='word_1_617' title='bbox 3263 3542 3386 3595; x_wconf 82' lang='grc' dir='ltr'><strong>οὐδὲ</strong></span> <span class='ocrx_word' id='word_1_618' title='bbox 3429 3541 3716 3610; x_wconf 71' lang='grc' dir='ltr'><strong>ἠλπίζετο.</strong></span> 
     </span>
    </p>
   </div>
   <div class='ocr_carea' id='block_1_81' title="bbox 2127 3633 3717 3706">
    <p class='ocr_par' dir='ltr' id='par_1_81' title="bbox 2127 3633 3717 3706">
     <span class='ocr_line' id='line_1_81' title="bbox 2127 3633 3717 3706; baseline 0.001 -20"><span class='ocrx_word' id='word_1_619' title='bbox 2127 3633 2410 3705; x_wconf 83' lang='grc' dir='ltr'><strong>Θησαυρόν</strong></span> <span class='ocrx_word' id='word_1_620' title='bbox 2435 3650 2495 3686; x_wconf 89' lang='grc' dir='ltr'><strong>τε</strong></span> <span class='ocrx_word' id='word_1_621' title='bbox 2539 3633 2648 3705; x_wconf 87' lang='grc' dir='ltr'><strong>γάρ</strong></span> <span class='ocrx_word' id='word_1_622' title='bbox 2683 3650 2848 3705; x_wconf 88' lang='grc' dir='ltr'><strong>φησιν</strong></span> <span class='ocrx_word' id='word_1_623' title='bbox 2880 3634 2988 3687; x_wconf 85' lang='grc' dir='ltr'><strong>ἀπὸ</strong></span> <span class='ocrx_word' id='word_1_624' title='bbox 3029 3633 3519 3706; x_wconf 77' lang='grc' dir='ltr'><strong>τύχηςιεὺρηκέναι</strong></span> <span class='ocrx_word' id='word_1_625' title='bbox 3566 3633 3717 3701; x_wconf 76' lang='grc' dir='ltr'><strong>τινά,</strong></span> 
     </span>
    </p>
   </div>
   <div class='ocr_carea' id='block_1_82' title="bbox 2127 3725 3719 3798">
    <p class='ocr_par' dir='ltr' id='par_1_82' title="bbox 2127 3725 3719 3798">
     <span class='ocr_line' id='line_1_82' title="bbox 2127 3725 3719 3798; baseline 0.001 -21"><span class='ocrx_word' id='word_1_626' title='bbox 2127 3725 2254 3778; x_wconf 83' lang='grc' dir='ltr'><strong>ὅταν</strong></span> <span class='ocrx_word' id='word_1_627' title='bbox 2285 3725 2443 3780; x_wconf 82' lang='grc' dir='ltr'><strong>ἄλλου</strong></span> <span class='ocrx_word' id='word_1_628' title='bbox 2477 3725 2636 3797; x_wconf 88' lang='grc' dir='ltr'><strong>χάριν</strong></span> <span class='ocrx_word' id='word_1_629' title='bbox 2691 3725 2958 3798; x_wconf 82' lang='grc' dir='ltr'><strong>ὀρύσσων,</strong></span> <span class='ocrx_word' id='word_1_630' title='bbox 2995 3725 3132 3779; x_wconf 87' lang='grc' dir='ltr'><strong>ἀλλά</strong></span> <span class='ocrx_word' id='word_1_631' title='bbox 3170 3725 3244 3798; x_wconf 83' lang='grc' dir='ltr'><strong>μὴ</strong></span> <span class='ocrx_word' id='word_1_632' title='bbox 3301 3725 3395 3779; x_wconf 80' lang='grc' dir='ltr'><strong>τοῦ</strong></span> <span class='ocrx_word' id='word_1_633' title='bbox 3442 3726 3719 3796; x_wconf 78' lang='grc' dir='ltr'><strong>θησαυρὸν</strong></span> 
     </span>
    </p>
   </div>
   <div class='ocr_carea' id='block_1_83' title="bbox 2128 3816 3721 3890">
    <p class='ocr_par' dir='ltr' id='par_1_83' title="bbox 2128 3816 3721 3890">
     <span class='ocr_line' id='line_1_83' title="bbox 2128 3816 3721 3890; baseline 0 -20"><span class='ocrx_word' id='word_1_634' title='bbox 2128 3818 2327 3889; x_wconf 82' lang='grc' dir='ltr'><strong>εὑρεῖν,</strong></span> <span class='ocrx_word' id='word_1_635' title='bbox 2359 3816 2619 3889; x_wconf 87' lang='grc' dir='ltr'><strong>θησαυρῷ</strong></span> <span class='ocrx_word' id='word_1_636' title='bbox 2644 3818 2938 3890; x_wconf 84' lang='grc' dir='ltr'><strong>περιπέσῃ.</strong></span> <span class='ocrx_word' id='word_1_637' title='bbox 2974 3819 3085 3870; x_wconf 77' lang='grc' dir='ltr'><strong>Καὶ</strong></span> <span class='ocrx_word' id='word_1_638' title='bbox 3111 3818 3173 3870; x_wconf 84' lang='grc' dir='ltr'><strong>τὸ</strong></span> <span class='ocrx_word' id='word_1_639' title='bbox 3198 3817 3458 3889; x_wconf 81' lang='grc' dir='ltr'><strong>ἀργύριον</strong></span> <span class='ocrx_word' id='word_1_640' title='bbox 3485 3818 3597 3870; x_wconf 83' lang='grc' dir='ltr'><strong>ἀπὸ</strong></span> <span class='ocrx_word' id='word_1_641' title='bbox 3622 3816 3721 3871; x_wconf 78' lang='grc' dir='ltr'><strong>τύο</strong></span> 
     </span>
    </p>
   </div>
   <div class='ocr_carea' id='block_1_84' title="bbox 2128 3909 3719 3982">
    <p class='ocr_par' dir='ltr' id='par_1_84' title="bbox 2128 3909 3719 3982">
     <span class='ocr_line' id='line_1_84' title="bbox 2128 3909 3719 3982; baseline 0.001 -20"><span class='ocrx_word' id='word_1_642' title='bbox 2128 3926 2229 3979; x_wconf 88' lang='grc' dir='ltr'><strong>χης</strong></span> <span class='ocrx_word' id='word_1_643' title='bbox 2259 3909 2581 3981; x_wconf 83' lang='grc' dir='ltr'><strong>κεκομίσθαι</strong></span> <span class='ocrx_word' id='word_1_644' title='bbox 2611 3910 2733 3963; x_wconf 72' lang='grc' dir='ltr'><strong>τινὰ</strong></span> <span class='ocrx_word' id='word_1_645' title='bbox 2764 3909 3035 3978; x_wconf 89' lang='grc' dir='ltr'><strong>λέγουσιν,</strong></span> <span class='ocrx_word' id='word_1_646' title='bbox 3086 3912 3215 3965; x_wconf 82' lang='grc' dir='ltr'><strong>ὅταν</strong></span> <span class='ocrx_word' id='word_1_647' title='bbox 3257 3913 3339 3974; x_wconf 88' lang='grc' dir='ltr'><strong>εἱς</strong></span> <span class='ocrx_word' id='word_1_648' title='bbox 3371 3910 3469 3981; x_wconf 83' lang='grc' dir='ltr'><strong>τὴν</strong></span> <span class='ocrx_word' id='word_1_649' title='bbox 3505 3910 3719 3982; x_wconf 76' lang='grc' dir='ltr'><strong>ἀγορὰν</strong></span> 
     </span>
    </p>
   </div>
   <div class='ocr_carea' id='block_1_85' title="bbox 2128 4000 3719 4075">
    <p class='ocr_par' dir='ltr' id='par_1_85' title="bbox 2128 4000 3719 4075">
     <span class='ocr_line' id='line_1_85' title="bbox 2128 4000 3719 4075; baseline 0.003 -23"><span class='ocrx_word' id='word_1_650' title='bbox 2128 4001 2405 4072; x_wconf 85' lang='grc' dir='ltr'><strong>προελθὼν</strong></span> <span class='ocrx_word' id='word_1_651' title='bbox 2438 4000 2597 4056; x_wconf 84' lang='grc' dir='ltr'><strong>ἄλλου</strong></span> <span class='ocrx_word' id='word_1_652' title='bbox 2618 4002 2765 4066; x_wconf 84' lang='grc' dir='ltr'><strong>τινὸς</strong></span> <span class='ocrx_word' id='word_1_653' title='bbox 2813 4002 2995 4074; x_wconf 88' lang='grc' dir='ltr'><strong>χάριν,</strong></span> <span class='ocrx_word' id='word_1_654' title='bbox 3020 4003 3284 4074; x_wconf 87' lang='grc' dir='ltr'><strong>ἀργύριον</strong></span> <span class='ocrx_word' id='word_1_655' title='bbox 3327 4003 3502 4073; x_wconf 78' lang='grc' dir='ltr'><strong>ἔχοντι</strong></span> <span class='ocrx_word' id='word_1_656' title='bbox 3558 4020 3719 4075; x_wconf 86' lang='grc' dir='ltr'><strong>περι-</strong></span> 
     </span>
    </p>
   </div>
   <div class='ocr_carea' id='block_1_86' title="bbox 2127 4093 3719 4169">
    <p class='ocr_par' dir='ltr' id='par_1_86' title="bbox 2127 4093 3719 4169">
     <span class='ocr_line' id='line_1_86' title="bbox 2127 4093 3719 4169; baseline 0.003 -23"><span class='ocrx_word' id='word_1_657' title='bbox 2127 4093 2308 4148; x_wconf 87' lang='grc' dir='ltr'><strong>πεσὼν</strong></span> <span class='ocrx_word' id='word_1_658' title='bbox 2356 4095 2433 4166; x_wconf 85' lang='grc' dir='ltr'><strong>τῷ</strong></span> <span class='ocrx_word' id='word_1_659' title='bbox 2480 4097 2730 4169; x_wconf 82' lang='grc' dir='ltr'><strong>χρεώστῃ</strong></span> <span class='ocrx_word' id='word_1_660' title='bbox 2760 4098 2819 4150; x_wconf 78' lang='grc' dir='ltr'><strong>τὸ</strong></span> <span class='ocrx_word' id='word_1_661' title='bbox 2848 4095 3198 4166; x_wconf 85' lang='grc' dir='ltr'><strong>ὀφειλόμενον</strong></span> <span class='ocrx_word' id='word_1_662' title='bbox 3255 4095 3499 4165; x_wconf 75' lang='grc' dir='ltr'><strong>λήψαιτο.</strong></span> <span class='ocrx_word' id='word_1_663' title='bbox 3540 4097 3656 4149; x_wconf 77' lang='grc' dir='ltr'><strong>Καὶ</strong></span> <span class='ocrx_word' id='word_1_664' title='bbox 3689 4100 3719 4151; x_wconf 87' lang='grc' dir='ltr'><strong>ὁ</strong></span> 
     </span>
    </p>
   </div>
   <div class='ocr_carea' id='block_1_87' title="bbox 2128 4185 3719 4258">
    <p class='ocr_par' dir='ltr' id='par_1_87' title="bbox 2128 4185 3719 4258">
     <span class='ocr_line' id='line_1_87' title="bbox 2128 4185 3719 4258; baseline 0.004 -21"><span class='ocrx_word' id='word_1_665' title='bbox 2128 4185 2291 4249; x_wconf 85' lang='grc' dir='ltr'><strong>ἵππος</strong></span> <span class='ocrx_word' id='word_1_666' title='bbox 2316 4185 2373 4238; x_wconf 84' lang='grc' dir='ltr'><strong>δὲ</strong></span> <span class='ocrx_word' id='word_1_667' title='bbox 2422 4187 2745 4258; x_wconf 83' lang='grc' dir='ltr'><strong>αὐτομάτως</strong></span> <span class='ocrx_word' id='word_1_668' title='bbox 2798 4188 2911 4240; x_wconf 77' lang='grc' dir='ltr'><strong>τισὶ</strong></span> <span class='ocrx_word' id='word_1_669' title='bbox 2956 4187 3171 4256; x_wconf 88' lang='grc' dir='ltr'><strong>λέγεται</strong></span> <span class='ocrx_word' id='word_1_670' title='bbox 3230 4186 3519 4251; x_wconf 82' lang='grc' dir='ltr'><strong>σεσῶσθαι,</strong></span> <span class='ocrx_word' id='word_1_671' title='bbox 3584 4190 3719 4243; x_wconf 77' lang='grc' dir='ltr'><strong>ὅταν</strong></span> 
     </span>
    </p>
   </div>
   <div class='ocr_carea' id='block_1_88' title="bbox 2125 4277 3720 4354">
    <p class='ocr_par' dir='ltr' id='par_1_88' title="bbox 2125 4277 3720 4354">
     <span class='ocr_line' id='line_1_88' title="bbox 2125 4277 3720 4354; baseline 0.004 -26"><span class='ocrx_word' id='word_1_672' title='bbox 2125 4278 2331 4349; x_wconf 84' lang='grc' dir='ltr'><strong>τροφῆς</strong></span> <span class='ocrx_word' id='word_1_673' title='bbox 2363 4277 2462 4348; x_wconf 86' lang='grc' dir='ltr'><strong>μὲν</strong></span> <span class='ocrx_word' id='word_1_674' title='bbox 2491 4279 2688 4344; x_wconf 79' lang='grc' dir='ltr'><strong>ἐλπίδι,</strong></span> <span class='ocrx_word' id='word_1_675' title='bbox 2742 4279 2775 4351; x_wconf 84' lang='grc' dir='ltr'>ἢ</span> <span class='ocrx_word' id='word_1_676' title='bbox 2826 4280 2985 4334; x_wconf 82' lang='grc' dir='ltr'><strong>ἄλλου</strong></span> <span class='ocrx_word' id='word_1_677' title='bbox 3036 4279 3181 4342; x_wconf 81' lang='grc' dir='ltr'><strong>τινὸς</strong></span> <span class='ocrx_word' id='word_1_678' title='bbox 3230 4279 3410 4350; x_wconf 89' lang='grc' dir='ltr'><strong>χάριν,</strong></span> <span class='ocrx_word' id='word_1_679' title='bbox 3450 4280 3720 4354; x_wconf 68' lang='grc' dir='ltr'><strong>ἀποφύγῃ</strong></span> 
     </span>
    </p>
   </div>
   <div class='ocr_carea' id='block_1_89' title="bbox 2125 4368 3717 4443">
    <p class='ocr_par' dir='ltr' id='par_1_89' title="bbox 2125 4368 3717 4443">
     <span class='ocr_line' id='line_1_89' title="bbox 2125 4368 3717 4443; baseline 0.003 -25"><span class='ocrx_word' id='word_1_680' title='bbox 2125 4368 2253 4430; x_wconf 86' lang='grc' dir='ltr'><strong>τοὺς</strong></span> <span class='ocrx_word' id='word_1_681' title='bbox 2280 4369 2608 4438; x_wconf 84' lang='grc' dir='ltr'><strong>κατέχοντας</strong></span> <span class='ocrx_word' id='word_1_682' title='bbox 2630 4370 2813 4435; x_wconf 84' lang='grc' dir='ltr'><strong>αὐτὸν,</strong></span> <span class='ocrx_word' id='word_1_683' title='bbox 2845 4371 3134 4442; x_wconf 75' lang='grc' dir='ltr'><strong>ἀπαντήσῃ</strong></span> <span class='ocrx_word' id='word_1_684' title='bbox 3179 4369 3237 4423; x_wconf 82' lang='grc' dir='ltr'><strong>δὲ</strong></span> <span class='ocrx_word' id='word_1_685' title='bbox 3268 4369 3434 4423; x_wconf 78' lang='grc' dir='ltr'><strong>αὐτοῦ</strong></span> <span class='ocrx_word' id='word_1_686' title='bbox 3466 4373 3533 4441; x_wconf 80' lang='grc' dir='ltr'><strong>τῇ</strong></span> <span class='ocrx_word' id='word_1_687' title='bbox 3565 4376 3717 4443; x_wconf 82' lang='grc' dir='ltr'><strong>φυγῇ</strong></span> 
     </span>
    </p>
   </div>
   <div class='ocr_carea' id='block_1_90' title="bbox 443 4456 2029 4533">
    <p class='ocr_par' dir='ltr' id='par_1_90' title="bbox 443 4456 2022 4529">
     <span class='ocr_line' id='line_1_90' title="bbox 443 4456 2022 4529; baseline 0.004 -22"><span class='ocrx_word' id='word_1_688' title='bbox 443 4469 566 4524; x_wconf 70' lang='lat' dir='ltr'><strong>quae</strong></span> <span class='ocrx_word' id='word_1_689' title='bbox 599 4465 849 4510; x_wconf 90' lang='lat' dir='ltr'><strong>naturam</strong></span> <span class='ocrx_word' id='word_1_690' title='bbox 882 4465 1188 4525; x_wconf 89' lang='lat' dir='ltr'><strong>sequuntur</strong></span> <span class='ocrx_word' id='word_1_691' title='bbox 1208 4496 1223 4520; x_wconf 96' lang='lat'><strong>,</strong></span> <span class='ocrx_word' id='word_1_692' title='bbox 1253 4472 1485 4526; x_wconf 71' lang='lat' dir='ltr'><strong>quaeque</strong></span> <span class='ocrx_word' id='word_1_693' title='bbox 1511 4456 1648 4509; x_wconf 90' lang='lat' dir='ltr'><strong>nihil</strong></span> <span class='ocrx_word' id='word_1_694' title='bbox 1674 4457 1747 4512; x_wconf 90' lang='lat' dir='ltr'><strong>ab</strong></span> <span class='ocrx_word' id='word_1_695' title='bbox 1774 4458 1842 4513; x_wconf 93' lang='lat' dir='ltr'><strong>iis</strong></span> <span class='ocrx_word' id='word_1_696' title='bbox 1860 4497 1877 4524; x_wconf 93' lang='lat'><strong>,</strong></span> <span class='ocrx_word' id='word_1_697' title='bbox 1901 4475 2022 4529; x_wconf 74' lang='lat' dir='ltr'><strong>quae</strong></span> 
     </span>
    </p>
   </div>
   <div class='ocr_carea' id='block_1_91' title="bbox 2131 4456 3719 4533">
    <p class='ocr_par' dir='ltr' id='par_1_91' title="bbox 2131 4456 3719 4533">
     <span class='ocr_line' id='line_1_91' title="bbox 2131 4456 3719 4533; baseline 0.004 -22"><span class='ocrx_word' id='word_1_698' title='bbox 2131 4459 2219 4512; x_wconf 76' lang='grc' dir='ltr'><strong>καὶ</strong></span> <span class='ocrx_word' id='word_1_699' title='bbox 2247 4459 2325 4530; x_wconf 80' lang='grc' dir='ltr'><strong>τῷ</strong></span> <span class='ocrx_word' id='word_1_700' title='bbox 2355 4460 2540 4532; x_wconf 84' lang='grc' dir='ltr'><strong>δρόμῳ</strong></span> <span class='ocrx_word' id='word_1_701' title='bbox 2568 4463 2629 4515; x_wconf 85' lang='grc' dir='ltr'><strong>τὸ</strong></span> <span class='ocrx_word' id='word_1_702' title='bbox 2653 4465 2765 4526; x_wconf 84' lang='grc' dir='ltr'><strong>τοῖς</strong></span> <span class='ocrx_word' id='word_1_703' title='bbox 2794 4463 3084 4526; x_wconf 82' lang='grc' dir='ltr'><strong>δεσπόταις</strong></span> <span class='ocrx_word' id='word_1_704' title='bbox 3118 4465 3453 4533; x_wconf 86' lang='grc' dir='ltr'><strong>περιπεσεῖν.</strong></span> <span class='ocrx_word' id='word_1_705' title='bbox 3486 4456 3587 4515; x_wconf 78' lang='grc' dir='ltr'><strong>’Ὧν</strong></span> <span class='ocrx_word' id='word_1_706' title='bbox 3624 4464 3719 4518; x_wconf 78' lang='grc' dir='ltr'><strong>οὖ-</strong></span> 
     </span>
    </p>
   </div>
   <div class='ocr_carea' id='block_1_92' title="bbox 441 4543 2019 4613">
    <p class='ocr_par' dir='ltr' id='par_1_92' title="bbox 441 4543 2019 4613">
     <span class='ocr_line' id='line_1_92' title="bbox 441 4543 2019 4613; baseline 0.004 -15"><span class='ocrx_word' id='word_1_707' title='bbox 441 4543 558 4601; x_wconf 82' lang='lat' dir='ltr'><strong>fato</strong></span> <span class='ocrx_word' id='word_1_708' title='bbox 603 4544 759 4613; x_wconf 86' lang='lat' dir='ltr'><strong>ﬁunt,</strong></span> <span class='ocrx_word' id='word_1_709' title='bbox 807 4544 1030 4603; x_wconf 74' lang='lat' dir='ltr'><strong>diﬁ‘erre</strong></span> <span class='ocrx_word' id='word_1_710' title='bbox 1075 4548 1373 4603; x_wconf 90' lang='lat' dir='ltr'><strong>contendit.</strong></span> <span class='ocrx_word' id='word_1_711' title='bbox 1410 4546 1546 4613; x_wconf 73' lang='lat' dir='ltr'><strong>Quae</strong></span> <span class='ocrx_word' id='word_1_712' title='bbox 1581 4562 1711 4602; x_wconf 87' lang='lat' dir='ltr'><strong>vero</strong></span> <span class='ocrx_word' id='word_1_713' title='bbox 1739 4562 1868 4605; x_wconf 84' lang='lat' dir='ltr'><strong>casu</strong></span> <span class='ocrx_word' id='word_1_714' title='bbox 1903 4550 2019 4605; x_wconf 83' lang='lat' dir='ltr'><strong>ﬁeri</strong></span> 
     </span>
    </p>
   </div>
   <div class='ocr_carea' id='block_1_93' title="bbox 443 4636 2020 4710">
    <p class='ocr_par' dir='ltr' id='par_1_93' title="bbox 443 4636 2020 4710">
     <span class='ocr_line' id='line_1_93' title="bbox 443 4636 2020 4710; baseline 0.004 -19"><span class='ocrx_word' id='word_1_715' title='bbox 443 4636 736 4704; x_wconf 90' lang='lat' dir='ltr'><strong>dicuntur,</strong></span> <span class='ocrx_word' id='word_1_716' title='bbox 780 4639 847 4695; x_wconf 88' lang='lat' dir='ltr'><strong>de</strong></span> <span class='ocrx_word' id='word_1_717' title='bbox 892 4639 963 4695; x_wconf 89' lang='lat' dir='ltr'><strong>iis</strong></span> <span class='ocrx_word' id='word_1_718' title='bbox 995 4640 1068 4694; x_wconf 89' lang='lat' dir='ltr'><strong>ita</strong></span> <span class='ocrx_word' id='word_1_719' title='bbox 1100 4638 1291 4695; x_wconf 90' lang='lat' dir='ltr'><strong>statuit</strong></span> <span class='ocrx_word' id='word_1_720' title='bbox 1326 4656 1341 4691; x_wconf 89' lang='lat'><strong>:</strong></span> <span class='ocrx_word' id='word_1_721' title='bbox 1370 4648 1430 4692; x_wconf 90' lang='lat' dir='ltr'><strong>ut</strong></span> <span class='ocrx_word' id='word_1_722' title='bbox 1452 4639 1528 4703; x_wconf 91' lang='lat' dir='ltr'><strong>si,</strong></span> <span class='ocrx_word' id='word_1_723' title='bbox 1572 4653 1692 4693; x_wconf 88' lang='lat' dir='ltr'><strong>cum</strong></span> <span class='ocrx_word' id='word_1_724' title='bbox 1723 4641 1853 4710; x_wconf 85' lang='lat' dir='ltr'><strong>quid</strong></span> <span class='ocrx_word' id='word_1_725' title='bbox 1883 4642 2020 4697; x_wconf 88' lang='lat' dir='ltr'><strong>alte-</strong></span> 
     </span>
    </p>
   </div>
   <div class='ocr_carea' id='block_1_94' title="bbox 439 4729 2019 4802">
    <p class='ocr_par' dir='ltr' id='par_1_94' title="bbox 439 4729 2019 4802">
     <span class='ocr_line' id='line_1_94' title="bbox 439 4729 2019 4802; baseline 0.003 -18"><span class='ocrx_word' id='word_1_726' title='bbox 439 4729 561 4785; x_wconf 85' lang='lat' dir='ltr'><strong>rius</strong></span> <span class='ocrx_word' id='word_1_727' title='bbox 582 4730 661 4785; x_wconf 88' lang='lat' dir='ltr'><strong>rei</strong></span> <span class='ocrx_word' id='word_1_728' title='bbox 686 4730 858 4801; x_wconf 86' lang='lat' dir='ltr'><strong>gratia</strong></span> <span class='ocrx_word' id='word_1_729' title='bbox 891 4730 1063 4796; x_wconf 88' lang='lat' dir='ltr'><strong>ﬁeret,</strong></span> <span class='ocrx_word' id='word_1_730' title='bbox 1093 4729 1278 4784; x_wconf 89' lang='lat' dir='ltr'><strong>minus</strong></span> <span class='ocrx_word' id='word_1_731' title='bbox 1299 4729 1353 4783; x_wconf 90' lang='lat' dir='ltr'><strong>id</strong></span> <span class='ocrx_word' id='word_1_732' title='bbox 1384 4729 1506 4798; x_wconf 91' lang='lat' dir='ltr'><strong>ipsi,</strong></span> <span class='ocrx_word' id='word_1_733' title='bbox 1532 4730 1690 4800; x_wconf 88' lang='lat' dir='ltr'><strong>cujus</strong></span> <span class='ocrx_word' id='word_1_734' title='bbox 1719 4733 1894 4802; x_wconf 87' lang='lat' dir='ltr'><strong>gratia</strong></span> <span class='ocrx_word' id='word_1_735' title='bbox 1923 4733 2019 4788; x_wconf 71' lang='lat' dir='ltr'><strong>ﬁe~</strong></span> 
     </span>
    </p>
   </div>
   <div class='ocr_carea' id='block_1_95' title="bbox 441 4818 2019 4891">
    <p class='ocr_par' dir='ltr' id='par_1_95' title="bbox 441 4818 2019 4891">
     <span class='ocr_line' id='line_1_95' title="bbox 441 4818 2019 4891; baseline 0.001 -15"><span class='ocrx_word' id='word_1_736' title='bbox 441 4819 557 4886; x_wconf 84' lang='lat' dir='ltr'><strong>bat,</strong></span> <span class='ocrx_word' id='word_1_737' title='bbox 576 4821 907 4889; x_wconf 86' lang='lat' dir='ltr'><strong>occurrerit,</strong></span> <span class='ocrx_word' id='word_1_738' title='bbox 960 4821 1057 4876; x_wconf 82' lang='lat' dir='ltr'><strong>sed</strong></span> <span class='ocrx_word' id='word_1_739' title='bbox 1099 4819 1248 4875; x_wconf 92' lang='lat' dir='ltr'><strong>aliud</strong></span> <span class='ocrx_word' id='word_1_740' title='bbox 1275 4818 1581 4890; x_wconf 76' lang='lat' dir='ltr'><strong>quidpiam,</strong></span> <span class='ocrx_word' id='word_1_741' title='bbox 1610 4821 1757 4891; x_wconf 85' lang='lat' dir='ltr'><strong>quod</strong></span> <span class='ocrx_word' id='word_1_742' title='bbox 1794 4831 2019 4878; x_wconf 88' lang='lat' dir='ltr'><strong>eventu-</strong></span> 
     </span>
    </p>
   </div>
   <div class='ocr_carea' id='block_1_96' title="bbox 439 4911 2015 4984">
    <p class='ocr_par' dir='ltr' id='par_1_96' title="bbox 439 4911 2015 4984">
     <span class='ocr_line' id='line_1_96' title="bbox 439 4911 2015 4984; baseline 0.003 -19"><span class='ocrx_word' id='word_1_743' title='bbox 439 4926 564 4967; x_wconf 90' lang='lat' dir='ltr'><strong>rum</strong></span> <span class='ocrx_word' id='word_1_744' title='bbox 610 4911 767 4967; x_wconf 91' lang='lat' dir='ltr'><strong>initio</strong></span> <span class='ocrx_word' id='word_1_745' title='bbox 811 4926 974 4967; x_wconf 91' lang='lat' dir='ltr'><strong>nemo</strong></span> <span class='ocrx_word' id='word_1_746' title='bbox 1026 4914 1309 4984; x_wconf 78' lang='lat' dir='ltr'><strong>cogitaret.</strong></span> <span class='ocrx_word' id='word_1_747' title='bbox 1371 4912 1463 4969; x_wconf 90' lang='lat' dir='ltr'><strong>Sic</strong></span> <span class='ocrx_word' id='word_1_748' title='bbox 1513 4914 1582 4970; x_wconf 90' lang='lat' dir='ltr'><strong>ab</strong></span> <span class='ocrx_word' id='word_1_749' title='bbox 1628 4930 1693 4970; x_wconf 92' lang='lat' dir='ltr'><strong>eo</strong></span> <span class='ocrx_word' id='word_1_750' title='bbox 1737 4914 2015 4970; x_wconf 90' lang='lat' dir='ltr'><strong>inventum</strong></span> 
     </span>
    </p>
   </div>
   <div class='ocr_carea' id='block_1_97' title="bbox 435 5003 2018 5077">
    <p class='ocr_par' dir='ltr' id='par_1_97' title="bbox 435 5003 2018 5077">
     <span class='ocr_line' id='line_1_97' title="bbox 435 5003 2018 5077; baseline 0 -18"><span class='ocrx_word' id='word_1_751' title='bbox 435 5018 569 5060; x_wconf 84' lang='lat' dir='ltr'><strong>casu</strong></span> <span class='ocrx_word' id='word_1_752' title='bbox 591 5003 907 5060; x_wconf 86' lang='lat' dir='ltr'><strong>thesaurum</strong></span> <span class='ocrx_word' id='word_1_753' title='bbox 932 5019 1054 5060; x_wconf 91' lang='lat' dir='ltr'><strong>esse</strong></span> <span class='ocrx_word' id='word_1_754' title='bbox 1076 5006 1416 5075; x_wconf 88' lang='lat' dir='ltr'><strong>pronuntiat,</strong></span> <span class='ocrx_word' id='word_1_755' title='bbox 1438 5006 1553 5077; x_wconf 89' lang='lat' dir='ltr'><strong>qui,</strong></span> <span class='ocrx_word' id='word_1_756' title='bbox 1581 5020 1707 5060; x_wconf 90' lang='lat' dir='ltr'><strong>cum</strong></span> <span class='ocrx_word' id='word_1_757' title='bbox 1729 5006 1837 5060; x_wconf 88' lang='lat' dir='ltr'><strong>alio</strong></span> <span class='ocrx_word' id='word_1_758' title='bbox 1861 5021 2018 5073; x_wconf 90' lang='lat' dir='ltr'><strong>pror-</strong></span> 
     </span>
    </p>
   </div>
   <div class='ocr_carea' id='block_1_98' title="bbox 434 5095 2013 5166">
    <p class='ocr_par' dir='ltr' id='par_1_98' title="bbox 434 5095 2013 5166">
     <span class='ocr_line' id='line_1_98' title="bbox 434 5095 2013 5166; baseline 0.001 -15"><span class='ocrx_word' id='word_1_759' title='bbox 434 5109 532 5152; x_wconf 78' lang='lat' dir='ltr'><strong>sus</strong></span> <span class='ocrx_word' id='word_1_760' title='bbox 560 5110 724 5166; x_wconf 87' lang='lat' dir='ltr'><strong>quam</strong></span> <span class='ocrx_word' id='word_1_761' title='bbox 755 5095 1065 5151; x_wconf 89' lang='lat' dir='ltr'><strong>inveniendi</strong></span> <span class='ocrx_word' id='word_1_762' title='bbox 1106 5097 1345 5153; x_wconf 88' lang='lat' dir='ltr'><strong>thesauri</strong></span> <span class='ocrx_word' id='word_1_763' title='bbox 1392 5098 1572 5153; x_wconf 89' lang='lat' dir='ltr'><strong>animo</strong></span> <span class='ocrx_word' id='word_1_764' title='bbox 1603 5097 1787 5154; x_wconf 86' lang='lat' dir='ltr'><strong>fodere</strong></span> <span class='ocrx_word' id='word_1_765' title='bbox 1813 5098 2013 5166; x_wconf 74' lang='lat' dir='ltr'><strong>ccepis-</strong></span> 
     </span>
    </p>
   </div>
   <div class='ocr_carea' id='block_1_99' title="bbox 435 5186 2016 5251">
    <p class='ocr_par' dir='ltr' id='par_1_99' title="bbox 435 5186 2016 5251">
     <span class='ocr_line' id='line_1_99' title="bbox 435 5186 2016 5251; baseline 0.001 -10"><span class='ocrx_word' id='word_1_766' title='bbox 435 5194 538 5251; x_wconf 85' lang='lat' dir='ltr'><strong>set,</strong></span> <span class='ocrx_word' id='word_1_767' title='bbox 584 5186 644 5240; x_wconf 83' lang='lat' dir='ltr'><strong>in</strong></span> <span class='ocrx_word' id='word_1_768' title='bbox 686 5186 1005 5242; x_wconf 82' lang='lat' dir='ltr'><strong>thesaurum</strong></span> <span class='ocrx_word' id='word_1_769' title='bbox 1059 5187 1331 5243; x_wconf 91' lang='lat' dir='ltr'><strong>inciderit.</strong></span> <span class='ocrx_word' id='word_1_770' title='bbox 1373 5187 1636 5243; x_wconf 89' lang='lat' dir='ltr'><strong>Similiter</strong></span> <span class='ocrx_word' id='word_1_771' title='bbox 1687 5203 1821 5243; x_wconf 89' lang='lat' dir='ltr'><strong>casu</strong></span> <span class='ocrx_word' id='word_1_772' title='bbox 1868 5201 2016 5243; x_wconf 88' lang='lat' dir='ltr'><strong>rece-</strong></span> 
     </span>
    </p>
   </div>
   <div class='ocr_carea' id='block_1_100' title="bbox 432 5277 2013 5350">
    <p class='ocr_par' dir='ltr' id='par_1_100' title="bbox 432 5277 2013 5350">
     <span class='ocr_line' id='line_1_100' title="bbox 432 5277 2013 5350; baseline 0 -18"><span class='ocrx_word' id='word_1_773' title='bbox 432 5285 580 5347; x_wconf 77' lang='lat' dir='ltr'><strong>ptam</strong></span> <span class='ocrx_word' id='word_1_774' title='bbox 614 5277 686 5333; x_wconf 88' lang='lat' dir='ltr'><strong>ab</strong></span> <span class='ocrx_word' id='word_1_775' title='bbox 714 5293 779 5333; x_wconf 89' lang='lat' dir='ltr'><strong>eo</strong></span> <span class='ocrx_word' id='word_1_776' title='bbox 807 5278 1117 5349; x_wconf 90' lang='lat' dir='ltr'><strong>pecuniam,</strong></span> <span class='ocrx_word' id='word_1_777' title='bbox 1142 5280 1233 5350; x_wconf 92' lang='lat' dir='ltr'><strong>qui</strong></span> <span class='ocrx_word' id='word_1_778' title='bbox 1269 5295 1392 5335; x_wconf 93' lang='lat' dir='ltr'><strong>cum</strong></span> <span class='ocrx_word' id='word_1_779' title='bbox 1417 5278 1522 5334; x_wconf 88' lang='lat' dir='ltr'><strong>alia</strong></span> <span class='ocrx_word' id='word_1_780' title='bbox 1544 5287 1727 5334; x_wconf 90' lang='lat' dir='ltr'><strong>mente</strong></span> <span class='ocrx_word' id='word_1_781' title='bbox 1751 5279 1805 5333; x_wconf 89' lang='lat' dir='ltr'><strong>in</strong></span> <span class='ocrx_word' id='word_1_782' title='bbox 1831 5277 2013 5333; x_wconf 88' lang='lat' dir='ltr'><strong>forum</strong></span> 
     </span>
    </p>
   </div>
   <div class='ocr_carea' id='block_1_101' title="bbox 428 5368 2013 5442">
    <p class='ocr_par' dir='ltr' id='par_1_101' title="bbox 428 5368 2013 5442">
     <span class='ocr_line' id='line_1_101' title="bbox 428 5368 2013 5442; baseline 0.001 -19"><span class='ocrx_word' id='word_1_783' title='bbox 428 5368 669 5424; x_wconf 89' lang='lat' dir='ltr'><strong>venisset</strong></span> <span class='ocrx_word' id='word_1_784' title='bbox 690 5408 706 5435; x_wconf 96' lang='lat'><strong>,</strong></span> <span class='ocrx_word' id='word_1_785' title='bbox 733 5368 979 5426; x_wconf 90' lang='lat' dir='ltr'><strong>incidens</strong></span> <span class='ocrx_word' id='word_1_786' title='bbox 1010 5369 1064 5423; x_wconf 93' lang='lat' dir='ltr'><strong>in</strong></span> <span class='ocrx_word' id='word_1_787' title='bbox 1090 5370 1411 5437; x_wconf 86' lang='lat' dir='ltr'><strong>debitorem,</strong></span> <span class='ocrx_word' id='word_1_788' title='bbox 1443 5370 1537 5442; x_wconf 89' lang='lat' dir='ltr'><strong>qui</strong></span> <span class='ocrx_word' id='word_1_789' title='bbox 1564 5378 1885 5440; x_wconf 66' lang='lat' dir='ltr'><strong>praesentem</strong></span> <span class='ocrx_word' id='word_1_790' title='bbox 1916 5370 2013 5425; x_wconf 89' lang='lat' dir='ltr'><strong>ba-</strong></span> 
     </span>
    </p>
   </div>
   <div class='ocr_carea' id='block_1_102' title="bbox 428 5458 2011 5533">
    <p class='ocr_par' dir='ltr' id='par_1_102' title="bbox 428 5458 2011 5533">
     <span class='ocr_line' id='line_1_102' title="bbox 428 5458 2011 5533; baseline 0.002 -20"><span class='ocrx_word' id='word_1_791' title='bbox 428 5458 581 5514; x_wconf 88' lang='lat' dir='ltr'><strong>beret</strong></span> <span class='ocrx_word' id='word_1_792' title='bbox 606 5460 918 5530; x_wconf 86' lang='lat' dir='ltr'><strong>pecuniam,</strong></span> <span class='ocrx_word' id='word_1_793' title='bbox 936 5464 1019 5517; x_wconf 86' lang='lat' dir='ltr'><strong>ab</strong></span> <span class='ocrx_word' id='word_1_794' title='bbox 1045 5475 1133 5528; x_wconf 91' lang='lat' dir='ltr'><strong>eo,</strong></span> <span class='ocrx_word' id='word_1_795' title='bbox 1167 5462 1312 5533; x_wconf 92' lang='lat' dir='ltr'><strong>quod</strong></span> <span class='ocrx_word' id='word_1_796' title='bbox 1340 5462 1443 5517; x_wconf 90' lang='lat' dir='ltr'><strong>sibi</strong></span> <span class='ocrx_word' id='word_1_797' title='bbox 1459 5461 1770 5527; x_wconf 86' lang='lat' dir='ltr'><strong>deberetur,</strong></span> <span class='ocrx_word' id='word_1_798' title='bbox 1785 5476 2011 5531; x_wconf 89' lang='lat' dir='ltr'><strong>accepe-</strong></span> 
     </span>
    </p>
   </div>
   <div class='ocr_carea' id='block_1_103' title="bbox 426 5548 2009 5625">
    <p class='ocr_par' dir='ltr' id='par_1_103' title="bbox 426 5548 2009 5625">
     <span class='ocr_line' id='line_1_103' title="bbox 426 5548 2009 5625; baseline 0.007 -23"><span class='ocrx_word' id='word_1_799' title='bbox 426 5549 517 5603; x_wconf 88' lang='lat' dir='ltr'><strong>rit.</strong></span> <span class='ocrx_word' id='word_1_800' title='bbox 556 5548 702 5617; x_wconf 82' lang='lat' dir='ltr'><strong>Quin</strong></span> <span class='ocrx_word' id='word_1_801' title='bbox 725 5559 781 5606; x_wconf 91' lang='lat' dir='ltr'><strong>et</strong></span> <span class='ocrx_word' id='word_1_802' title='bbox 811 5567 941 5609; x_wconf 88' lang='lat' dir='ltr'><strong>casu</strong></span> <span class='ocrx_word' id='word_1_803' title='bbox 968 5557 1181 5607; x_wconf 86' lang='lat' dir='ltr'><strong>salvum</strong></span> <span class='ocrx_word' id='word_1_804' title='bbox 1207 5570 1237 5608; x_wconf 89' lang='lat' dir='ltr'><strong>a</strong></span> <span class='ocrx_word' id='word_1_805' title='bbox 1264 5554 1596 5624; x_wconf 88' lang='lat' dir='ltr'><strong>quibusdam</strong></span> <span class='ocrx_word' id='word_1_806' title='bbox 1626 5571 1826 5625; x_wconf 92' lang='lat' dir='ltr'><strong>equum</strong></span> <span class='ocrx_word' id='word_1_807' title='bbox 1854 5558 2009 5613; x_wconf 90' lang='lat' dir='ltr'><strong>illum</strong></span> 
     </span>
    </p>
   </div>
   <div class='ocr_carea' id='block_1_104' title="bbox 425 5638 2061 5716">
    <p class='ocr_par' dir='ltr' id='par_1_104' title="bbox 425 5638 2061 5716">
     <span class='ocr_line' id='line_1_104' title="bbox 425 5638 2061 5716; baseline 0.007 -24"><span class='ocrx_word' id='word_1_808' title='bbox 425 5638 532 5694; x_wconf 88' lang='lat' dir='ltr'><strong>dici</strong></span> <span class='ocrx_word' id='word_1_809' title='bbox 565 5643 935 5707; x_wconf 83' lang='lat' dir='ltr'><strong>consuevisse,</strong></span> <span class='ocrx_word' id='word_1_810' title='bbox 970 5644 1059 5699; x_wconf 88' lang='lat' dir='ltr'><strong>cui</strong></span> <span class='ocrx_word' id='word_1_811' title='bbox 1088 5660 1211 5700; x_wconf 89' lang='lat' dir='ltr'><strong>cum</strong></span> <span class='ocrx_word' id='word_1_812' title='bbox 1240 5653 1336 5699; x_wconf 83' lang='lat' dir='ltr'><strong>aut</strong></span> <span class='ocrx_word' id='word_1_813' title='bbox 1380 5645 1562 5715; x_wconf 82' lang='lat' dir='ltr'><strong>pabuli</strong></span> <span class='ocrx_word' id='word_1_814' title='bbox 1605 5661 1719 5716; x_wconf 85' lang='lat' dir='ltr'><strong>spe,</strong></span> <span class='ocrx_word' id='word_1_815' title='bbox 1751 5657 1846 5703; x_wconf 88' lang='lat' dir='ltr'><strong>aut</strong></span> <span class='ocrx_word' id='word_1_816' title='bbox 1871 5649 2008 5704; x_wconf 89' lang='lat' dir='ltr'><strong>alte-</strong></span> <span class='ocrx_word' id='word_1_817' title='bbox 2060 5694 2061 5697; x_wconf 53' lang='grc' dir='ltr'><strong>η</strong></span> 
     </span>
    </p>
   </div>
   <div class='ocr_carea' id='block_1_105' title="bbox 424 5733 2005 5812">
    <p class='ocr_par' dir='ltr' id='par_1_105' title="bbox 424 5733 2005 5812">
     <span class='ocr_line' id='line_1_105' title="bbox 424 5733 2005 5812; baseline 0.006 -26"><span class='ocrx_word' id='word_1_818' title='bbox 424 5746 542 5786; x_wconf 77' lang='lat' dir='ltr'><strong>rtus</strong></span> <span class='ocrx_word' id='word_1_819' title='bbox 566 5733 857 5803; x_wconf 84' lang='lat' dir='ltr'><strong>cujuslibet</strong></span> <span class='ocrx_word' id='word_1_820' title='bbox 901 5737 976 5791; x_wconf 90' lang='lat' dir='ltr'><strong>rei</strong></span> <span class='ocrx_word' id='word_1_821' title='bbox 1007 5737 1249 5808; x_wconf 86' lang='lat' dir='ltr'><strong>appetitu</strong></span> <span class='ocrx_word' id='word_1_822' title='bbox 1273 5778 1288 5805; x_wconf 93' lang='lat'><strong>,</strong></span> <span class='ocrx_word' id='word_1_823' title='bbox 1322 5753 1446 5794; x_wconf 90' lang='lat' dir='ltr'><strong>cum</strong></span> <span class='ocrx_word' id='word_1_824' title='bbox 1469 5754 1535 5793; x_wconf 82' lang='lat' dir='ltr'><strong>ex</strong></span> <span class='ocrx_word' id='word_1_825' title='bbox 1558 5754 1746 5794; x_wconf 89' lang='lat' dir='ltr'><strong>eorum</strong></span> <span class='ocrx_word' id='word_1_826' title='bbox 1771 5779 1786 5805; x_wconf 92' lang='lat'><strong>,</strong></span> <span class='ocrx_word' id='word_1_827' title='bbox 1816 5756 1849 5796; x_wconf 91' lang='lat' dir='ltr'><strong>a</strong></span> <span class='ocrx_word' id='word_1_828' title='bbox 1882 5743 2005 5812; x_wconf 87' lang='lat' dir='ltr'><strong>qui-</strong></span> 
     </span>
    </p>
   </div>
   <div class='ocr_carea' id='block_1_106' title="bbox 495 5824 918 5902">
    <p class='ocr_par' dir='ltr' id='par_1_106' title="bbox 495 5824 918 5902">
     <span class='ocr_line' id='line_1_106' title="bbox 495 5824 918 5902; baseline 0.017 -25"><span class='ocrx_word' id='word_1_829' title='bbox 495 5835 521 5864; x_wconf 81' lang='grc' dir='ltr'>ι</span> <span class='ocrx_word' id='word_1_830' title='bbox 544 5824 629 5884; x_wconf 78' lang='grc' dir='ltr'><strong>ἵσ.</strong></span> <span class='ocrx_word' id='word_1_831' title='bbox 666 5827 918 5902; x_wconf 79' lang='grc' dir='ltr'><strong>ὁποτέρᾳ.</strong></span> 
     </span>
    </p>
   </div>
   <div class='ocr_carea' id='block_1_107' title="bbox 2126 4553 3718 4627">
    <p class='ocr_par' dir='ltr' id='par_1_107' title="bbox 2126 4553 3718 4627">
     <span class='ocr_line' id='line_1_107' title="bbox 2126 4553 3718 4627; baseline 0.006 -24"><span class='ocrx_word' id='word_1_832' title='bbox 2126 4568 2234 4612; x_wconf 88' lang='grc' dir='ltr'><strong>τως</strong></span> <span class='ocrx_word' id='word_1_833' title='bbox 2264 4553 2516 4621; x_wconf 80' lang='grc' dir='ltr'><strong>ἐχόντων,</strong></span> <span class='ocrx_word' id='word_1_834' title='bbox 2548 4555 2663 4608; x_wconf 81' lang='grc' dir='ltr'><strong>οὐδὲ</strong></span> <span class='ocrx_word' id='word_1_835' title='bbox 2711 4555 2884 4608; x_wconf 80' lang='grc' dir='ltr'><strong>ταῦτα</strong></span> <span class='ocrx_word' id='word_1_836' title='bbox 2929 4555 2994 4609; x_wconf 84' lang='grc' dir='ltr'><strong>ἂν</strong></span> <span class='ocrx_word' id='word_1_837' title='bbox 3026 4557 3111 4627; x_wconf 82' lang='grc' dir='ltr'><strong>εἴη</strong></span> <span class='ocrx_word' id='word_1_838' title='bbox 3170 4554 3292 4608; x_wconf 77' lang='grc' dir='ltr'><strong>καθ’</strong></span> <span class='ocrx_word' id='word_1_839' title='bbox 3346 4556 3718 4627; x_wconf 80' lang='grc' dir='ltr'><strong>εἱμαρμένην.</strong></span> 
     </span>
    </p>
   </div>
   <div class='ocr_carea' id='block_1_108' title="bbox 2125 4642 3720 4719">
    <p class='ocr_par' dir='ltr' id='par_1_108' title="bbox 2125 4642 3720 4719">
     <span class='ocr_line' id='line_1_108' title="bbox 2125 4642 3720 4719; baseline 0.007 -26"><span class='ocrx_word' id='word_1_840' title='bbox 2125 4642 2236 4694; x_wconf 75' lang='grc' dir='ltr'><strong>Καὶ</strong></span> <span class='ocrx_word' id='word_1_841' title='bbox 2257 4643 2426 4714; x_wconf 78' lang='grc' dir='ltr'><strong>ἄδηλα</strong></span> <span class='ocrx_word' id='word_1_842' title='bbox 2452 4645 2511 4697; x_wconf 88' lang='grc' dir='ltr'><strong>δέ</strong></span> <span class='ocrx_word' id='word_1_843' title='bbox 2539 4645 2654 4698; x_wconf 80' lang='grc' dir='ltr'><strong>ἐστί</strong></span> <span class='ocrx_word' id='word_1_844' title='bbox 2684 4664 2803 4699; x_wconf 89' lang='grc' dir='ltr'><strong>τινα</strong></span> <span class='ocrx_word' id='word_1_845' title='bbox 2844 4651 2993 4705; x_wconf 81' lang='grc' dir='ltr'><strong>αἴτια</strong></span> <span class='ocrx_word' id='word_1_846' title='bbox 3032 4646 3356 4718; x_wconf 82' lang='grc' dir='ltr'><strong>ἀνθρωπίνῳ</strong></span> <span class='ocrx_word' id='word_1_847' title='bbox 3382 4647 3653 4719; x_wconf 84' lang='grc' dir='ltr'><strong>λογισμῷ,</strong></span> <span class='ocrx_word' id='word_1_848' title='bbox 3680 4650 3720 4704; x_wconf 74' lang='grc' dir='ltr'>ἃ</span> 
     </span>
    </p>
   </div>
   <div class='ocr_carea' id='block_1_109' title="bbox 2126 4732 3720 4809">
    <p class='ocr_par' dir='ltr' id='par_1_109' title="bbox 2126 4732 3720 4809">
     <span class='ocr_line' id='line_1_109' title="bbox 2126 4732 3720 4809; baseline 0.009 -27"><span class='ocrx_word' id='word_1_849' title='bbox 2126 4732 2268 4785; x_wconf 89' lang='grc' dir='ltr'><strong>κατά</strong></span> <span class='ocrx_word' id='word_1_850' title='bbox 2288 4749 2442 4796; x_wconf 84' lang='grc' dir='ltr'><strong>τινας</strong></span> <span class='ocrx_word' id='word_1_851' title='bbox 2459 4733 2811 4799; x_wconf 84' lang='grc' dir='ltr'><strong>ἀντιπαθείας</strong></span> <span class='ocrx_word' id='word_1_852' title='bbox 2834 4736 3079 4804; x_wconf 83' lang='grc' dir='ltr'><strong>γίνεσθαι</strong></span> <span class='ocrx_word' id='word_1_853' title='bbox 3099 4739 3473 4803; x_wconf 83' lang='grc' dir='ltr'><strong>πεπίστευται,</strong></span> <span class='ocrx_word' id='word_1_854' title='bbox 3491 4743 3720 4809; x_wconf 67' lang='grc' dir='ltr'><strong>ἀγνοουι</strong></span> 
     </span>
    </p>
   </div>
   <div class='ocr_carea' id='block_1_110' title="bbox 2128 4821 3720 4904">
    <p class='ocr_par' dir='ltr' id='par_1_110' title="bbox 2128 4821 3720 4904">
     <span class='ocr_line' id='line_1_110' title="bbox 2128 4821 3720 4904; baseline 0.01 -31"><span class='ocrx_word' id='word_1_855' title='bbox 2128 4821 2294 4892; x_wconf 86' lang='grc' dir='ltr'><strong>μένης</strong></span> <span class='ocrx_word' id='word_1_856' title='bbox 2325 4824 2423 4894; x_wconf 82' lang='grc' dir='ltr'><strong>τῆς</strong></span> <span class='ocrx_word' id='word_1_857' title='bbox 2477 4824 2674 4889; x_wconf 84' lang='grc' dir='ltr'><strong>αἰτίας,</strong></span> <span class='ocrx_word' id='word_1_858' title='bbox 2729 4827 2797 4880; x_wconf 89' lang='grc' dir='ltr'><strong>δι’</strong></span> <span class='ocrx_word' id='word_1_859' title='bbox 2819 4827 2885 4898; x_wconf 80' lang='grc' dir='ltr'><strong>ἣν</strong></span> <span class='ocrx_word' id='word_1_860' title='bbox 2933 4830 3162 4897; x_wconf 75' lang='grc' dir='ltr'><strong>γίνεταιο</strong></span> <span class='ocrx_word' id='word_1_861' title='bbox 3217 4833 3377 4885; x_wconf 84' lang='grc' dir='ltr'><strong>ὁποῖα</strong></span> <span class='ocrx_word' id='word_1_862' title='bbox 3431 4834 3720 4904; x_wconf 85' lang='grc' dir='ltr'><strong>περίαπτά</strong></span> 
     </span>
    </p>
   </div>
   <div class='ocr_carea' id='block_1_111' title="bbox 2123 4918 3720 4992">
    <p class='ocr_par' dir='ltr' id='par_1_111' title="bbox 2123 4918 3720 4992">
     <span class='ocr_line' id='line_1_111' title="bbox 2123 4918 3720 4992; baseline 0.011 -27"><span class='ocrx_word' id='word_1_863' title='bbox 2123 4928 2243 4967; x_wconf 88' lang='grc' dir='ltr'><strong>τινα</strong></span> <span class='ocrx_word' id='word_1_864' title='bbox 2264 4918 2436 4969; x_wconf 83' lang='grc' dir='ltr'><strong>ποιεῖν</strong></span> <span class='ocrx_word' id='word_1_865' title='bbox 2462 4918 2841 4988; x_wconf 87' lang='grc' dir='ltr'><strong>προείληπται,</strong></span> <span class='ocrx_word' id='word_1_866' title='bbox 2876 4921 3132 4992; x_wconf 74' lang='grc' dir='ltr'><strong>οὐδεμίαν</strong></span> <span class='ocrx_word' id='word_1_867' title='bbox 3172 4922 3389 4992; x_wconf 76' lang='grc' dir='ltr'><strong>εὔλογον</strong></span> <span class='ocrx_word' id='word_1_868' title='bbox 3424 4926 3517 4980; x_wconf 79' lang='grc' dir='ltr'><strong>καὶ</strong></span> <span class='ocrx_word' id='word_1_869' title='bbox 3542 4926 3720 4982; x_wconf 85' lang='grc' dir='ltr'><strong>πιθα-</strong></span> 
     </span>
    </p>
   </div>
   <div class='ocr_carea' id='block_1_112' title="bbox 2122 5005 3716 5084">
    <p class='ocr_par' dir='ltr' id='par_1_112' title="bbox 2122 5005 3716 5084">
     <span class='ocr_line' id='line_1_112' title="bbox 2122 5005 3716 5084; baseline 0.01 -26"><span class='ocrx_word' id='word_1_870' title='bbox 2122 5005 2218 5077; x_wconf 79' lang='grc' dir='ltr'><strong>νὴν</strong></span> <span class='ocrx_word' id='word_1_871' title='bbox 2247 5007 2425 5061; x_wconf 80' lang='grc' dir='ltr'><strong>αἰτίαν</strong></span> <span class='ocrx_word' id='word_1_872' title='bbox 2446 5008 2540 5062; x_wconf 80' lang='grc' dir='ltr'><strong>τοῦ</strong></span> <span class='ocrx_word' id='word_1_873' title='bbox 2572 5009 2744 5063; x_wconf 76' lang='grc' dir='ltr'><strong>ταῦτα</strong></span> <span class='ocrx_word' id='word_1_874' title='bbox 2785 5014 2956 5065; x_wconf 83' lang='grc' dir='ltr'><strong>ποιεῖν</strong></span> <span class='ocrx_word' id='word_1_875' title='bbox 3006 5014 3215 5084; x_wconf 78' lang='grc' dir='ltr'><strong>ἔχοντα,</strong></span> <span class='ocrx_word' id='word_1_876' title='bbox 3242 5015 3322 5070; x_wconf 75' lang='grc' dir='ltr'><strong>ἔτι</strong></span> <span class='ocrx_word' id='word_1_877' title='bbox 3350 5016 3407 5069; x_wconf 81' lang='grc' dir='ltr'><strong>δὲ</strong></span> <span class='ocrx_word' id='word_1_878' title='bbox 3434 5019 3716 5082; x_wconf 75' lang='grc' dir='ltr'><strong>ἐπαοιδαὶ,</strong></span> 
     </span>
    </p>
   </div>
   <div class='ocr_carea' id='block_1_113' title="bbox 2122 5098 3714 5182">
    <p class='ocr_par' dir='ltr' id='par_1_113' title="bbox 2122 5098 3714 5182">
     <span class='ocr_line' id='line_1_113' title="bbox 2122 5098 3714 5182; baseline 0.009 -31"><span class='ocrx_word' id='word_1_879' title='bbox 2122 5099 2216 5151; x_wconf 66' lang='grc' dir='ltr'><strong>καὶ⁴</strong></span> <span class='ocrx_word' id='word_1_880' title='bbox 2246 5098 2493 5153; x_wconf 75' lang='grc' dir='ltr'><strong>τοιαῦταί</strong></span> <span class='ocrx_word' id='word_1_881' title='bbox 2546 5119 2690 5166; x_wconf 88' lang='grc' dir='ltr'><strong>τινες</strong></span> <span class='ocrx_word' id='word_1_882' title='bbox 2725 5109 3075 5175; x_wconf 87' lang='grc' dir='ltr'><strong>μαγγανεῖαι.</strong></span> <span class='ocrx_word' id='word_1_883' title='bbox 3114 5107 3331 5161; x_wconf 85' lang='grc' dir='ltr'><strong>Τούτων</strong></span> <span class='ocrx_word' id='word_1_884' title='bbox 3363 5108 3474 5182; x_wconf 82' lang='grc' dir='ltr'><strong>γὰρ</strong></span> <span class='ocrx_word' id='word_1_885' title='bbox 3510 5111 3714 5180; x_wconf 84' lang='grc' dir='ltr'><strong>ὁμολο-</strong></span> 
     </span>
    </p>
   </div>
   <div class='ocr_carea' id='block_1_114' title="bbox 2120 5189 3717 5268">
    <p class='ocr_par' dir='ltr' id='par_1_114' title="bbox 2120 5189 3717 5268">
     <span class='ocr_line' id='line_1_114' title="bbox 2120 5189 3717 5268; baseline 0.009 -28"><span class='ocrx_word' id='word_1_886' title='bbox 2120 5189 2297 5256; x_wconf 89' lang='grc' dir='ltr'><strong>γεῖται</strong></span> <span class='ocrx_word' id='word_1_887' title='bbox 2325 5190 2424 5260; x_wconf 89' lang='grc' dir='ltr'><strong>μὲν</strong></span> <span class='ocrx_word' id='word_1_888' title='bbox 2455 5192 2560 5247; x_wconf 86' lang='grc' dir='ltr'><strong>ὑπὸ</strong></span> <span class='ocrx_word' id='word_1_889' title='bbox 2594 5194 2813 5248; x_wconf 87' lang='grc' dir='ltr'><strong>πάντων</strong></span> <span class='ocrx_word' id='word_1_890' title='bbox 2845 5195 3038 5266; x_wconf 84' lang='grc' dir='ltr'><strong>ἄδηλος</strong></span> <span class='ocrx_word' id='word_1_891' title='bbox 3061 5192 3200 5251; x_wconf 84' lang='grc' dir='ltr'><strong>εἷναι</strong></span> <span class='ocrx_word' id='word_1_892' title='bbox 3244 5201 3276 5268; x_wconf 83' lang='grc' dir='ltr'>ἠ</span> <span class='ocrx_word' id='word_1_893' title='bbox 3308 5200 3476 5253; x_wconf 78' lang='grc' dir='ltr'><strong>αἰτία’</strong></span> <span class='ocrx_word' id='word_1_894' title='bbox 3503 5199 3583 5252; x_wconf 82' lang='grc' dir='ltr'><strong>διὸ</strong></span> <span class='ocrx_word' id='word_1_895' title='bbox 3612 5205 3717 5257; x_wconf 72' lang='grc' dir='ltr'><strong>καὶ</strong></span> 
     </span>
    </p>
   </div>
   <div class='ocr_carea' id='block_1_115' title="bbox 2118 5281 3798 5365">
    <p class='ocr_par' dir='ltr' id='par_1_115' title="bbox 2118 5281 3798 5365">
     <span class='ocr_line' id='line_1_115' title="bbox 2118 5281 3798 5365; baseline 0.009 -31"><span class='ocrx_word' id='word_1_896' title='bbox 2118 5281 2531 5353; x_wconf 85' lang='grc' dir='ltr'><strong>ἀναιτιολόγητα</strong></span> <span class='ocrx_word' id='word_1_897' title='bbox 2578 5284 2828 5354; x_wconf 85' lang='grc' dir='ltr'><strong>λέγουσιν</strong></span> <span class='ocrx_word' id='word_1_898' title='bbox 2871 5288 3033 5342; x_wconf 80' lang='grc' dir='ltr'><strong>αὐτά·</strong></span> <span class='ocrx_word' id='word_1_899' title='bbox 3086 5290 3256 5344; x_wconf 88' lang='grc' dir='ltr'><strong>πολλά</strong></span> <span class='ocrx_word' id='word_1_900' title='bbox 3289 5289 3332 5344; x_wconf 72' lang='grc' dir='ltr'><strong>δ’</strong></span> <span class='ocrx_word' id='word_1_901' title='bbox 3365 5287 3505 5346; x_wconf 77' lang='grc' dir='ltr'><strong>εἶναι</strong></span> <span class='ocrx_word' id='word_1_902' title='bbox 3554 5295 3719 5365; x_wconf 79' lang='grc' dir='ltr'><strong>παρὰ</strong></span> <span class='ocrx_word' id='word_1_903' title='bbox 3774 5285 3798 5290; x_wconf 54' lang='grc'><em>”</em></span> 
     </span>
    </p>
   </div>
   <div class='ocr_carea' id='block_1_116' title="bbox 2116 5371 3709 5454">
    <p class='ocr_par' dir='ltr' id='par_1_116' title="bbox 2116 5371 3709 5454">
     <span class='ocr_line' id='line_1_116' title="bbox 2116 5371 3709 5454; baseline 0.009 -30"><span class='ocrx_word' id='word_1_904' title='bbox 2116 5371 2410 5437; x_wconf 79' lang='grc' dir='ltr'><strong>ταῦτα,κα“ι</strong></span> <span class='ocrx_word' id='word_1_905' title='bbox 2422 5377 2801 5449; x_wconf 77' lang='grc' dir='ltr'><strong>ἐνδεχομένως,</strong></span> <span class='ocrx_word' id='word_1_906' title='bbox 2816 5380 2910 5433; x_wconf 69' lang='grc' dir='ltr'><strong>καὶ</strong></span> <span class='ocrx_word' id='word_1_907' title='bbox 2934 5382 3170 5454; x_wconf 83' lang='grc' dir='ltr'><strong>ὁπότερα</strong></span> <span class='ocrx_word' id='word_1_908' title='bbox 3186 5396 3211 5425; x_wconf 82' lang='grc' dir='ltr'>ι</span> <span class='ocrx_word' id='word_1_909' title='bbox 3236 5384 3391 5454; x_wconf 81' lang='grc' dir='ltr'><strong>ἔτυχε</strong></span> <span class='ocrx_word' id='word_1_910' title='bbox 3422 5385 3709 5454; x_wconf 84' lang='grc' dir='ltr'><strong>γινόμενα,</strong></span> 
     </span>
    </p>
   </div>
   <div class='ocr_carea' id='block_1_117' title="bbox 2117 5462 3719 5547">
    <p class='ocr_par' dir='ltr' id='par_1_117' title="bbox 2117 5462 3719 5547">
     <span class='ocr_line' id='line_1_117' title="bbox 2117 5462 3719 5547; baseline 0.011 -32"><span class='ocrx_word' id='word_1_911' title='bbox 2117 5462 2153 5517; x_wconf 82' lang='grc' dir='ltr'><strong>ἀ</strong></span> <span class='ocrx_word' id='word_1_912' title='bbox 2179 5465 2297 5517; x_wconf 74' lang='grc' dir='ltr'><strong>οὐδὲ</strong></span> <span class='ocrx_word' id='word_1_913' title='bbox 2333 5467 2485 5520; x_wconf 78' lang='grc' dir='ltr'><strong>ταῦτ’</strong></span> <span class='ocrx_word' id='word_1_914' title='bbox 2515 5468 2581 5521; x_wconf 89' lang='grc' dir='ltr'><strong>ἂν</strong></span> <span class='ocrx_word' id='word_1_915' title='bbox 2612 5471 2697 5540; x_wconf 87' lang='grc' dir='ltr'><strong>εἱή</strong></span> <span class='ocrx_word' id='word_1_916' title='bbox 2725 5472 2847 5525; x_wconf 87' lang='grc' dir='ltr'><strong>καθ’</strong></span> <span class='ocrx_word' id='word_1_917' title='bbox 2878 5475 3243 5547; x_wconf 83' lang='grc' dir='ltr'><strong>εἱμαρμένην.</strong></span> <span class='ocrx_word' id='word_1_918' title='bbox 3274 5479 3507 5546; x_wconf 83' lang='grc' dir='ltr'><strong>Λέγεται</strong></span> <span class='ocrx_word' id='word_1_919' title='bbox 3527 5478 3585 5531; x_wconf 87' lang='grc' dir='ltr'><strong>δὲ</strong></span> <span class='ocrx_word' id='word_1_920' title='bbox 3620 5481 3719 5532; x_wconf 79' lang='grc' dir='ltr'><strong>ὲν-</strong></span> 
     </span>
    </p>
   </div>
   <div class='ocr_carea' id='block_1_118' title="bbox 2115 5555 3721 5639">
    <p class='ocr_par' dir='ltr' id='par_1_118' title="bbox 2115 5555 3721 5639">
     <span class='ocr_line' id='line_1_118' title="bbox 2115 5555 3721 5639; baseline 0.01 -31"><span class='ocrx_word' id='word_1_921' title='bbox 2115 5555 2421 5627; x_wconf 83' lang='grc' dir='ltr'><strong>δεχομένως</strong></span> <span class='ocrx_word' id='word_1_922' title='bbox 2448 5560 2691 5628; x_wconf 89' lang='grc' dir='ltr'><strong>γίνεσθαι</strong></span> <span class='ocrx_word' id='word_1_923' title='bbox 2721 5562 2917 5627; x_wconf 76' lang='grc' dir='ltr'><strong>ταῦτα,</strong></span> <span class='ocrx_word' id='word_1_924' title='bbox 2971 5566 3058 5635; x_wconf 75' lang='grc' dir='ltr'><strong>ἐφ’</strong></span> <span class='ocrx_word' id='word_1_925' title='bbox 3091 5559 3166 5619; x_wconf 83' lang='grc' dir='ltr'><strong>ὧν</strong></span> <span class='ocrx_word' id='word_1_926' title='bbox 3214 5568 3307 5619; x_wconf 77' lang='grc' dir='ltr'><strong>καὶ</strong></span> <span class='ocrx_word' id='word_1_927' title='bbox 3338 5567 3398 5621; x_wconf 86' lang='grc' dir='ltr'><strong>τὸ</strong></span> <span class='ocrx_word' id='word_1_928' title='bbox 3449 5570 3522 5639; x_wconf 87' lang='grc' dir='ltr'><strong>μὴ</strong></span> <span class='ocrx_word' id='word_1_929' title='bbox 3551 5571 3721 5636; x_wconf 86' lang='grc' dir='ltr'><strong>γενέ-</strong></span> 
     </span>
    </p>
   </div>
   <div class='ocr_carea' id='block_1_119' title="bbox 2118 5647 3721 5731">
    <p class='ocr_par' dir='ltr' id='par_1_119' title="bbox 2118 5647 3721 5731">
     <span class='ocr_line' id='line_1_119' title="bbox 2118 5647 3721 5731; baseline 0.009 -30"><span class='ocrx_word' id='word_1_930' title='bbox 2118 5647 2239 5702; x_wconf 89' lang='grc' dir='ltr'><strong>σθαι</strong></span> <span class='ocrx_word' id='word_1_931' title='bbox 2270 5648 2452 5722; x_wconf 84' lang='grc' dir='ltr'><strong>χώραν</strong></span> <span class='ocrx_word' id='word_1_932' title='bbox 2476 5650 2608 5722; x_wconf 74' lang='grc' dir='ltr'><strong>ἔχει,</strong></span> <span class='ocrx_word' id='word_1_933' title='bbox 2636 5653 2712 5717; x_wconf 82' lang='grc' dir='ltr'><strong>ὡς</strong></span> <span class='ocrx_word' id='word_1_934' title='bbox 2739 5656 2831 5708; x_wconf 73' lang='lat' dir='ltr'><strong>xai.</strong></span> <span class='ocrx_word' id='word_1_935' title='bbox 2853 5655 2985 5708; x_wconf 75' lang='grc' dir='ltr'><strong>αὐτὸ</strong></span> <span class='ocrx_word' id='word_1_936' title='bbox 3016 5657 3076 5711; x_wconf 80' lang='grc' dir='ltr'><strong>τὸ</strong></span> <span class='ocrx_word' id='word_1_937' title='bbox 3103 5658 3340 5731; x_wconf 81' lang='grc' dir='ltr'><strong>ὁπότερα</strong></span> <span class='ocrx_word' id='word_1_938' title='bbox 3365 5658 3525 5730; x_wconf 76' lang='grc' dir='ltr'><strong>ἔτυχε</strong></span> <span class='ocrx_word' id='word_1_939' title='bbox 3558 5660 3721 5728; x_wconf 85' lang='grc' dir='ltr'><strong>λεγό-</strong></span> 
     </span>
    </p>
   </div>
   <div class='ocr_carea' id='block_1_120' title="bbox 2119 5742 3718 5821">
    <p class='ocr_par' dir='ltr' id='par_1_120' title="bbox 2119 5742 3718 5821">
     <span class='ocr_line' id='line_1_120' title="bbox 2119 5742 3718 5821; baseline 0.009 -28"><span class='ocrx_word' id='word_1_940' title='bbox 2119 5757 2296 5811; x_wconf 88' lang='grc' dir='ltr'><strong>μενον,</strong></span> <span class='ocrx_word' id='word_1_941' title='bbox 2327 5745 2471 5795; x_wconf 88' lang='grc' dir='ltr'><strong>ποιεῖ</strong></span> <span class='ocrx_word' id='word_1_942' title='bbox 2488 5744 2781 5815; x_wconf 83' lang='grc' dir='ltr'><strong>γνώριμον.</strong></span> <span class='ocrx_word' id='word_1_943' title='bbox 2809 5742 2933 5800; x_wconf 79' lang='grc' dir='ltr'><strong>υἷον</strong></span> <span class='ocrx_word' id='word_1_944' title='bbox 2956 5747 3017 5801; x_wconf 84' lang='grc' dir='ltr'><strong>τὸ</strong></span> <span class='ocrx_word' id='word_1_945' title='bbox 3051 5750 3267 5821; x_wconf 78' lang='grc' dir='ltr'><strong>κινῆσαί</strong></span> <span class='ocrx_word' id='word_1_946' title='bbox 3295 5768 3348 5805; x_wconf 88' lang='grc' dir='ltr'><strong>τι</strong></span> <span class='ocrx_word' id='word_1_947' title='bbox 3375 5753 3485 5807; x_wconf 84' lang='grc' dir='ltr'><strong>τῶν</strong></span> <span class='ocrx_word' id='word_1_948' title='bbox 3504 5751 3718 5808; x_wconf 75' lang='grc' dir='ltr'><strong>ἑαυτοῦ</strong></span> 
     </span>
    </p>
   </div>
  </div>
