3894 6220
231 350 335 406 ιοι

1372 354 1693 411 ΡΒΔΕΡΑΒ.
1735 355 1991 414 EVANG.
2028 357 2157 414 LIB.
2194 357 2284 413 Vl.

3390 360 3498 415 462

231 467 439 543 μερῶν,
463 470 559 525 καὶ
579 468 677 543 τὴν
703 471 972 541 τυχοῦσαν
994 472 1089 528 τοῦ
1119 474 1391 546 τραχήλου
1421 477 1801 549 περιστροφὴν

1929 479 2031 534 bus
2054 478 2360 544 tenebatur,
2385 476 2637 533 manibus
2661 474 2982 550 aufugisset,
3009 477 3062 532 in
3088 474 3214 547 fuga
3237 475 3354 546 ipsa
3375 491 3501 532 cur-

227 562 323 616 καὶ
350 561 451 632 τὴν
478 562 573 616 τοῦ
620 562 884 617 δακτύλου
947 563 1189 630 ἔκτασιν,
1233 566 1330 620 καὶ
1388 565 1451 618 τὸ
1501 567 1704 640 ἐπᾶραι
1748 569 1820 622 τά

227 651 497 725 βλέφαρα,
527 655 622 708 καὶ
649 654 741 709 τὸν
768 655 1131 727 καθεζόμενον
1162 656 1380 726 στῆσαι,
1405 657 1615 713 καὶτὸν
1647 658 1822 712 κινού-

227 759 390 814 μενον
420 745 718 817 ἠρεμῆσαι,
750 746 845 800 καὶ
892 746 985 799 τὸν
1018 745 1285 800 λαλοῦντα
1315 746 1561 817 σιγῆσαι,
1598 748 1693 802 καὶ
1724 750 1819 802 ἐπὶ

227 835 439 907 μυρίων
469 835 620 907 εὖροι
651 854 735 900 τις
762 837 828 891 ἂν
856 837 1086 908 δύναμίν
1118 855 1240 892 τινα
1271 838 1684 910 ἐνυπάρχουσαν
1704 840 1814 895 τῶν

221 926 483 981 ἐναντίων
513 927 790 999 δεκτικὴν,
818 928 856 982 ἃ
887 929 989 982 ούκ
1022 929 1089 984 ἂν
1116 930 1327 998 γένοιτο
1364 930 1425 995 ἐξ
1450 930 1811 1003 εἱμαρμένηςο

220 1016 294 1071 τά
317 1016 429 1089 γὰρ
458 1017 516 1086 ἐξ
549 1019 729 1090 αὐτῆς
771 1021 834 1074 ού
857 1021 1076 1093 δέχεται
1125 1022 1222 1076 τοῦ
1259 1025 1318 1076 ἐν
1350 1015 1394 1091 ᾧ
1416 1026 1533 1076 ἐστι
1568 1023 1815 1078 τὺ’ἐναν-

221 1111 357 1165 τίον.
397 1112 560 1166 Ἀλλὰ
596 1114 690 1166 καὶ
715 1112 777 1166 τὸ
803 1113 1152 1184 βουλεύεσθαι
1182 1114 1277 1168 τὸν
1304 1113 1589 1186 ἄνθρωπον
1609 1114 1709 1168 ούκ
1733 1116 1815 1178 είς

224 1204 408 1276 μάτην
432 1205 582 1277 αὐτῷ
606 1205 865 1277 ὑπάρχειο
891 1201 960 1278 ἦν
985 1206 1029 1260 δ’
1053 1206 1119 1261 ἂν
1146 1207 1227 1271 εἱς
1250 1207 1424 1278 μάτην
1447 1206 1809 1277 βουλευτικὸς,

219 1294 273 1347 εί
304 1292 365 1359 ἐξ
396 1295 645 1367 ἀνάγκης
679 1295 917 1368 ἔπραττε
966 1295 1035 1350 τά
1083 1297 1452 1368 πραττόμενα.
1487 1297 1809 1369 Ἀλλ’-ἐναρ-

218 1385 334 1455 γῶς
360 1386 610 1455 φαίνεται
662 1387 772 1441 τῶν
813 1386 988 1442 ἄλλων
1044 1386 1198 1453 ζώων
1247 1390 1276 1442 ό
1333 1388 1619 1462 ἄνθρωπος
1654 1390 1813 1461 μόνος

217 1478 382 1532 τοῦτο
405 1478 555 1551 παρὰ
579 1479 682 1550 τῆς
728 1481 944 1550 φύσεως
1001 1480 1141 1551 ἔχων
1170 1481 1353 1546 πλέον,
1393 1481 1455 1534 τὸ
1510 1482 1585 1554 μὴ
1612 1484 1813 1552 ὁμοίως

218 1569 455 1635 ἐκείνοις
507 1576 630 1635 ταῖς
677 1573 1002 1641 φαντασίαις
1056 1572 1304 1635 ἕπεσθαι,
1364 1572 1480 1627 ἀλλ’
1510 1572 1654 1643 ἐχειν
1702 1572 1812 1626 τῶν

218 1664 673 1735 προσπιπτόντων
699 1665 892 1737 κριτὴν
914 1666 1006 1719 τὸν
1035 1665 1211 1734 λόγον·
1247 1659 1291 1734 ᾧ
1314 1665 1614 1738 χρώμενος,
1640 1668 1688 1719 εἱ
1713 1666 1812 1738 μὲν

219 1755 587 1826 ἐξεταζόμενα
632 1756 702 1810 τὰ
726 1756 1122 1826 φαντασθέντα,
1155 1753 1243 1811 οἷα
1275 1758 1374 1829 τὴν
1404 1759 1579 1832 ἀρχὴν
1613 1759 1807 1832 ἐφάνη,

217 1847 316 1903 καὶ
345 1846 481 1913 ἐστι,
505 1848 958 1917 συγκατατίθεται
985 1852 1051 1921 τῇ
1077 1849 1368 1921 φαντασίᾳ,
1395 1850 1489 1904 καὶ
1509 1852 1651 1905 οὕτω
1682 1852 1809 1923 μέτ-

217 1952 363 1989 εισιν
421 1936 583 1990 αὐτά*
622 1937 754 1990 είδὲ
779 1937 967 1992 ἀλλοῖα
993 1939 1262 2007 φαίνεται,
1310 1940 1412 1994 οὐκ
1462 1940 1544 1994 ἔτι
1593 1942 1809 2013 ἔμεινεν

218 2024 316 2077 ἐπὶ
343 2025 442 2097 τῆς
465 2026 810 2098 προλήψεως,
840 2026 1159 2097 ἐλέγξαντος
1187 2028 1327 2083 αὐτὰ
1369 2028 1463 2083 τοῦ
1499 2030 1679 2100 λόγου,
1720 2031 1810 2086 διὰ

216 2121 285 2175 τὸ
317 2110 824 2193 συμϐουλεύσασθαι
856 2124 985 2194 περὶ
1028 2124 1227 2179 αὐτῶν.
1275 2126 1651 2197 Βουλευόμεθα
1677 2127 1808 2197 γοῦν

218 2211 353 2282 περὶ
385 2210 583 2282 μόνων,
607 2204 682 2266 ὧν
707 2212 985 2284 δυνάμεθα
1039 2215 1321 2285 πράττειν’
1369 2219 1417 2270 εί
1476 2217 1533 2270 δέ
1564 2234 1695 2271 ποτε
1731 2220 1805 2292 μὴ

218 2300 645 2373 βουλευσάμενοι
702 2305 1059 2377 πράττοιμεν,
1107 2306 1369 2371 πολλάκις
1417 2309 1802 2380 μετανοοῦμεν,

217 2393 319 2447 καὶ
340 2394 668 2465 μεμφόμεθα
697 2397 911 2461 ἑαυτοῖς
930 2397 1031 2467 τῆς
1066 2397 1347 2461 ἀϐουλίας.
1390 2400 1549 2454 Ἀλλὰ
1581 2400 1686 2455 κᾶν
1712 2400 1807 2454 άλ-

214 2486 347 2550 λθυς
404 2488 603 2558 ἴδωμεν
650 2488 894 2552 ἀϐούλως
949 2490 1308 2562 πράττοντας,
1352 2490 1691 2564 ἐγκαλοῦμεν
1728 2494 1806 2559 ὡς

212 2576 665 2648 ἁμαρτήσαντας,
686 2578 945 2649 ἀξιοῦμέν
972 2597 1033 2633 τε
1087 2581 1410 2652 συμϐούλοις
1456 2582 1631 2636 τοῖσδε
1667 2583 1805 2655 χρῆ-

212 2667 364 2732 σθαι,
394 2668 471 2748 ῶς
500 2669 585 2738 ἐφ’
607 2670 737 2740 ἡμῖν
765 2670 935 2724 ὄντων
965 2670 1073 2725 τῶν
1105 2672 1384 2727 τοιούτοιν.
1427 2674 1550 2727 Ὀτι
1580 2672 1639 2725 δὲ
1680 2672 1807 2741 ψευ-

209 2757 317 2829 δὴς
346 2754 417 2829 ἦν
437 2758 616 2813 αὐτῶν
645 2762 673 2813 ό
699 2762 830 2832 περὶ
857 2761 1200 2833 εἱμαρμένης
1247 2762 1426 2832 λόγος,
1458 2763 1640 2818 ἱκανὸν
1662 2780 1804 2834 μαρ-

206 2847 406 2919 τύριον
433 2850 498 2903 τὸ
525 2851 648 2921 μηδ’
677 2853 879 2918 αὐτοὺς
927 2855 1056 2918 τοὺς
1113 2853 1430 2926 προστάτας
1456 2855 1619 2909 αὐτοῦ
1648 2855 1807 2910 δύνα-

209 2940 345 2993 σθαι
366 2941 649 2996 πείθεσθαι
673 2947 787 3007 τοῖς
833 2946 924 2997 ὑπ’
954 2945 1132 2999 αὑτῶν
1177 2945 1511 3017 λεγομένοις.
1554 2948 1666 3000 Καὶ
1695 2946 1804 3020 γάρ

206 3033 312 3085 καὶ
326 3034 658 3106 προτρέπειν
685 3036 780 3088 καὶ
806 3035 1076 3091 διδάσκειν
1103 3037 1549 3106 ἐπαγγέλλονται,
1567 3037 1663 3091 καὶ
1679 3053 1807 3107 μαν-

206 3124 425 3189 θάνειν,
441 3126 536 3179 καὶ
556 3127 907 3181 παιδεύεσθαι
936 3128 1416 3199 συμϐουλεύουσιν,
1435 3129 1729 3201 ἐπιτιμῶσι
1742 3146 1804 3183 τε

204 3215 313 3269 καὶ
339 3217 733 3288 ἐπιπλήττουσι
764 3222 878 3285 τοῖς
900 3220 959 3273 οὐ
983 3219 1052 3273 τά
1094 3222 1443 3293 προσήκοντα
1459 3220 1680 3293 δρῶσιν,
1726 3222 1802 3283 ὡς

206 3307 363 3362 κατὰ
389 3314 713 3382 προαίρεσιν
737 3313 874 3367 ἰδίαν
896 3315 1323 3387 ἁμαρτάνουσιν.
1353 3313 1516 3368 Ἀλλά
1545 3316 1639 3368 καὶ
1668 3331 1803 3384 συγ-

204 3398 522 3471 γράμματα
548 3401 775 3456 πλεῖστα
805 3404 1209 3472 καταλείπουσι,
1247 3406 1316 3459 δι’
1342 3402 1418 3459 ὧν
1442 3405 1651 3472 ἀξιοῦσι
1676 3423 1804 3461 παι-

204 3491 469 3545 δεύεσθαι
495 3495 623 3557 τοὺς
649 3494 822 3560 νέους.
860 3496 1200 3552 Ἐπαύσαντο
1242 3498 1286 3551 δ’
1309 3497 1375 3551 ἂν
1420 3497 1522 3567 τῆς
1580 3499 1639 3551 ἐν
1690 3500 1802 3561 τοῖς

204 3581 396 3650 λόγοις
442 3584 752 3657 φιλοτιμίας
792 3589 842 3641 εἱ
892 3588 1213 3661 προσέσχον,
1241 3590 1324 3642 ὃτι
1350 3590 1445 3643 καὶ
1473 3589 1802 3662 συγγνώμης

200 3673 425 3739 ἀξιοῦσι
440 3678 566 3740 τοὺς
582 3678 851 3741 ἀκουσίως
866 3680 1305 3751 ἁμαρτάνοντας,
1326 3681 1452 3746 τοὺς
1468 3681 1524 3735 δὲ
1540 3684 1665 3735 ἐκου
1673 3682 1797 3745 σὶω..

206 3766 320 3839 πλη
330 3768 670 3838 μμελοῦντας
685 3769 954 3835 κολάσεως
974 3772 1158 3838 ἀξίους
1173 3768 1311 3827 εἷναί
1329 3773 1588 3842 (pasti),th
1605 3775 1690 3826 ἐπ’
1709 3775 1803 3828 αὐ-

203 3861 325 3922 τοῖς
345 3860 697 3932 δηλονότιτοῦ
722 3881 783 3916 τε
808 3865 1144 3935 ἁμαρτάνειν
1170 3866 1264 3919 καὶ
1292 3866 1384 3919 τοῦ
1421 3866 1495 3937 μὴ
1524 3867 1795 3938 κειμένου.

206 3954 379 4007 ὀττε
395 3955 489 4007 καί¹
512 3955 633 4009 κατ’
663 3957 860 4021 αὐτοὺς
882 3959 1224 4030 ἀναιρεῖσθαι
1243 3961 1342 4028 τὴν
1368 3960 1428 4025 ἐξ
1455 3961 1798 4032 εἱμαρμένης

206 4047 482 4119 ἀνάγκην,
501 4048 851 4103 συνίστασθαι
880 4051 937 4104 δὲ
953 4053 1096 4105 κατὰ
1116 4052 1275 4121 φύσιν
1300 4055 1430 4124 ἡμῖν
1461 4052 1724 4123 ὑπάρχειν
1736 4051 1797 4104 τὸ

205 4145 582 4212 αὐτεξούσιον·
633 4145 772 4218 μετὰ
799 4145 895 4200 τοῦ
927 4146 1158 4201 πλεῖστα
1187 4144 1326 4201 εἶναι
1377 4149 1470 4201 καὶ
1495 4147 1564 4201 τὰ
1603 4147 1677 4220 μὴ
1707 4148 1794 4218 ἐφ’

205 4238 364 4309 ἡμῖν,
382 4235 571 4309 ὥσπερ
586 4237 654 4291 τὰ
668 4237 808 4291 κατὰ
825 4237 1004 4307 φύσιν,
1018 4237 1195 4291 καὶτὰ
1206 4239 1271 4291 ἐκ
1285 4238 1473 4310 τύχης,
1487 4238 1651 4308 ἕτερα
1667 4238 1795 4292 ὄντα

204 4332 306 4385 καὶ
328 4331 471 4385 αὐτὰ
504 4331 657 4402 παρὰ
709 4332 799 4386 τὸν
829 4334 929 4403 τῆς
984 4334 1329 4405 εἱμαρμένης
1386 4332 1564 4402 λόγον,
1612 4331 1794 4397 καθὼς

206 4419 608 4491 προδέδεικται.
632 4420 851 4474 Τούτων
896 4423 1026 4492 ἡμῖν
1056 4421 1164 4475 ἀπὸ
1194 4421 1465 4474 πλείστων
1499 4423 1795 4492 ἐπιτετμη-

1920 584 2094 640 suque
2122 569 2480 639 contingeret,
2532 580 2591 623 ut
2624 569 2679 623 in
2717 584 2846 624 suos
2870 569 2987 639 ipse
3011 568 3267 625 dominos
3294 568 3501 624 incide-

1917 669 2019 715 ret.
2072 658 2256 725 Quare
2305 673 2466 714 nemo
2514 661 2618 713 ista
2670 656 2784 713 fato
2825 658 2950 728 jure
3005 658 3278 713 tribuerit.
3327 656 3500 714 Porro

1916 758 2065 803 certa
2093 763 2274 803 rerum
2302 749 2663 818 quarumdam
2690 747 2955 818 principia
2971 756 3101 803 sunt
3127 749 3381 803 humanae
3410 763 3499 802 ra-

1915 840 2049 894 tioni
2081 854 2307 910 prorsus
2329 839 2583 902 obscura,
2616 854 2738 910 quae
2762 838 2906 909 quod
2935 854 3124 895 earum
3152 854 3319 894 causa
3342 839 3497 909 igno-

1915 942 2085 998 retur,
2117 932 2417 1003 antipathia
2441 932 2673 1001 quadam
2705 931 2924 987 evenire
2950 932 3266 987 creduntur.
3303 930 3499 1001 Cujus-

1914 1024 2061 1077 modi
2095 1039 2158 1078 ea
2182 1033 2311 1079 sunt
2337 1037 2461 1093 quae
2493 1022 2749 1078 amuletis
2776 1022 3104 1092 quibusdam
3139 1022 3258 1077 fieri
3288 1023 3498 1078 invete-

1913 1123 2031 1170 rata
2057 1115 2241 1185 opinio
2275 1123 2379 1181 est,
2425 1130 2552 1170 cum
2599 1114 2795 1169 idonea
2840 1114 3146 1185 similisque
3174 1129 3303 1169 vero
3328 1129 3496 1171 causa

1912 1207 1996 1262 vis
2024 1206 2241 1261 illorum
2275 1205 2566 1262 efl‘ectricis
2595 1205 2865 1276 assignari
2901 1206 3049 1260 nulla
3074 1205 3268 1276 possit.
3336 1204 3496 1262 Tales

1910 1311 2131 1366 quoque
2156 1306 2285 1350 sunt
2315 1295 2620 1361 cautiones,
2654 1303 2972 1365 caeteraeque
3000 1295 3053 1349 id
3080 1309 3252 1365 genus
3277 1295 3494 1365 praesti-

1911 1390 2030 1461 giae.
2096 1389 2232 1446 Nam
2292 1392 2526 1447 istorum
2578 1391 2825 1446 omnium
2874 1391 3091 1463 ignotas
3132 1406 3254 1448 esse
3296 1406 3494 1447 causas

1911 1494 2073 1535 nemo
2114 1495 2225 1535 non
2265 1478 2498 1546 fatetur,
2556 1480 2857 1552 eademque
2885 1490 3169 1552 propterea
3202 1483 3498 1537 ἀναιτιολό-

1911 1585 2086 1640 γητα,
2116 1570 2221 1627 hoc
2253 1579 2368 1635 est,
2419 1571 2692 1642 ejusmodi
2739 1586 2973 1642 quorum
3022 1568 3287 1643 explicari
3327 1588 3493 1629 causa

1914 1675 2021 1715 non
2068 1662 2275 1729 possit,
2313 1663 2473 1733 vulgo
2507 1663 2783 1718 dicuntur.
2825 1663 2907 1718 Ad
2951 1663 3065 1719 hac
3098 1664 3355 1735 pleraque
3384 1673 3496 1719 sta-

1912 1753 2018 1807 tuit
2054 1763 2342 1825 utramque
2394 1755 2450 1809 in
2493 1763 2703 1825 partem
2758 1754 3072 1825 promiscue
3100 1755 3491 1825 contingentia,

1840 1830 1883 1885 Β
1911 1859 2067 1916 quae,
2100 1855 2259 1913 prout
2302 1860 2392 1901 res
2421 1845 2635 1911 tulerit,
2668 1846 2923 1901 eveniant
2943 1887 2960 1908 ,
2997 1861 3119 1916 quae
3143 1845 3241 1901 fati
3273 1860 3493 1917 quoque

1908 1933 2220 1989 necessitati
2268 1932 2618 1990 subducenda
2664 1942 2822 2005 putat
2871 1938 3078 1990 omnia.
3131 1934 3209 1990 Ea
3242 1951 3407 2007 porro
3434 1936 3490 1989 in

1907 2035 2201 2097 utramque
2242 2035 2452 2098 partem
2484 2027 2856 2097 contingentia
2897 2036 3165 2084 vocantur
3185 2069 3200 2095 ,
3228 2043 3353 2099 quae
3377 2037 3490 2083 tam

1906 2132 2016 2172 non
2040 2118 2157 2173 fieri
2190 2127 2437 2190 possunt,
2464 2135 2627 2189 quam
2651 2119 2791 2187 fieri,
2810 2117 3272 2189 quemadmodum
3302 2133 3371 2173 ex
3397 2132 3485 2184 eo,

1906 2211 2053 2279 quod
2078 2211 2313 2279 additur,
2349 2222 2514 2282 prout
2540 2226 2628 2267 res
2653 2211 2861 2276 tulerit,
2897 2210 3237 2281 intelligitur.
3294 2208 3492 2264 Exem-

1905 2304 1979 2372 pli
2014 2319 2182 2359 causa
2225 2312 2436 2374 partem
2484 2303 2734 2374 corporis
2762 2302 3003 2372 aliquam
3034 2316 3288 2368 movere,
3318 2302 3493 2356 cervi-

1904 2404 1997 2445 ces
2026 2399 2229 2446 temere
2266 2392 2374 2446 huc
2418 2391 2615 2447 illucve
2659 2400 2998 2458 convertere,
3045 2381 3276 2461 digitum
3302 2399 3492 2446 exten-

1903 2483 2051 2547 dere,
2081 2484 2267 2539 tollere
2297 2484 2609 2553 supercilia,
2642 2492 2789 2539 stare
2811 2497 2936 2537 cum
2966 2491 3091 2537 ante
3115 2482 3333 2537 sederes
3352 2522 3368 2546 ,
3395 2491 3493 2537 aut

1903 2592 2029 2632 cum
2072 2577 2221 2646 prius
2262 2578 2557 2633 movereris
2580 2618 2595 2644 ,
2630 2577 2933 2647 quiescere,
2966 2584 3062 2630 aut
3110 2583 3324 2638 tacere,
3360 2590 3486 2630 cum

1903 2677 2029 2724 ante
2062 2670 2400 2738 loquereris:
2435 2670 2651 2738 aliaque
2682 2675 2975 2723 sexcenta:
2997 2666 3200 2737 quibus
3230 2667 3285 2721 in
3311 2667 3492 2722 omni-

1904 2761 2007 2816 bus
2038 2776 2164 2816 cum
2194 2760 2304 2814 vim
2347 2761 2639 2830 quamdam
2675 2774 2943 2829 agnoscas
2980 2759 3269 2813 contrariis
3312 2760 3491 2814 susci-

1902 2851 2114 2923 piendis
2146 2852 2434 2916 idoneam,
2481 2860 2594 2905 tum
2641 2866 2771 2906 vero
2813 2849 2908 2905 fati
2951 2851 3155 2905 nullam
3196 2851 3487 2921 invenias;

1903 2946 2049 3016 quod
2098 2960 2219 3015 qua:
2247 2944 2359 2999 fato
2393 2944 2566 3010 fiunt,
2616 2944 2671 2998 id
2719 2943 3035 3023 suscipere,
3094 2946 3146 2998 in
3179 2959 3289 3014 quo
3321 2944 3487 3000 simul

1901 3038 2065 3093 etiam
2100 3036 2372 3093 contrario
2400 3036 2553 3091 locus
2584 3043 2688 3101 est,
2723 3034 2875 3088 nullo
2900 3034 3061 3089 modo
3093 3034 3324 3103 possint.
3363 3032 3486 3097 Jam

1903 3145 2032 3185 vero
2058 3128 2393 3184 deliberandi
2416 3138 2563 3183 certe
2596 3125 3026 3195 consulendique
3061 3124 3318 3180 facultate
3342 3141 3485 3195 prae--

1901 3223 2050 3278 ditus
2071 3222 2234 3277 homo
2253 3220 2458 3276 frustra
2484 3234 2595 3274 non
2614 3228 2717 3285 est,
2744 3226 2996 3288 essetque
3020 3225 3224 3283 tamen,
3255 3218 3301 3272 si
3325 3217 3487 3287 quid-

1901 3315 2032 3386 quid
2073 3313 2214 3385 agit,
2259 3321 2443 3385 ageret
2479 3310 2824 3367 necessitate.
2874 3308 3166 3364 Enimvero
3192 3309 3356 3379 272
3389 3310 3484 3363 uni

1903 3409 2031 3472 hoc,
2058 3406 2206 3477 quod
2239 3406 2415 3462 oculis
2445 3407 2578 3476 ipsis
2608 3412 2844 3467 tenetur,
2899 3402 3104 3456 homini
3132 3416 3243 3472 prae
3273 3403 3483 3458 caneris

1900 3498 2273 3562 animantibus
2302 3497 2563 3551 eximium
2595 3510 2660 3550 ac
2688 3493 2966 3566 singulare
3008 3500 3204 3547 natura
3237 3491 3480 3558 donavit,

1900 3591 1981 3646 uti
2012 3605 2122 3645 non
2147 3591 2424 3661 quomodo
2470 3589 2579 3644 illis
2625 3604 2726 3643 usu
2770 3587 2951 3653 venit,
2989 3586 3201 3641 oblatas
3229 3586 3483 3642 sensibus

1898 3684 2258 3753 impulsiones
2302 3692 2697 3751 consequatur,
2741 3679 2836 3735 sed
2881 3680 2936 3733 in
2962 3679 3065 3745 iis,
3099 3694 3221 3749 quae
3248 3679 3481 3734 subinde

1899 3782 2241 3844 contingunt,
2272 3772 2503 3831 rationis
2518 3771 2788 3840 judicium
2817 3769 3074 3837 adhibere
3102 3770 3297 3839 possit.
3355 3768 3477 3836 Quo

1897 3866 2027 3921 dum
2058 3867 2174 3935 ipse
2197 3865 2388 3930 utitur,
2419 3863 2464 3918 si
2499 3878 2622 3933 quae
2650 3877 2813 3917 sensu
2843 3870 2898 3916 et
2925 3861 3257 3932 cogitatione
3284 3875 3476 3930 perce«

1896 3957 2017 4027 pit,
2072 3957 2262 4013 eadem
2311 3969 2546 4011 excussa
2586 3952 2938 4024 diligentius,
2998 3952 3307 4023 cujus-modi
3359 3954 3475 4009 visa

1895 4059 2073 4114 erant,
2111 4048 2381 4120 ejusmodi
2418 4064 2475 4103 re
2498 4047 2617 4116 ipsa
2647 4060 2770 4101 esse
2807 4044 3126 4114 comperiat,
3156 4045 3213 4099 in
3242 4044 3474 4115 phanta-

1897 4141 1992 4197 siac
2011 4139 2220 4210 judicio
2245 4138 2566 4208 acquiescit,
2621 4150 2794 4204 eaque
2827 4134 3196 4205 persequitur.
3251 4133 3350 4188 Sin
3377 4150 3474 4189 ea-

1894 4233 2017 4287 dem
2049 4231 2207 4286 aliter
2246 4245 2307 4285 se
2351 4229 2552 4283 habere
2577 4227 2873 4296 intelligat,
2912 4240 3021 4280 non
3053 4225 3220 4281 haeret
3250 4225 3305 4279 in
3334 4238 3475 4295 prae-

1894 4332 2049 4395 cepta
2089 4322 2417 4393 cogitatione
2460 4320 2700 4384 diutius,
2751 4318 2898 4389 quod
2942 4333 3130 4373 eorum
3179 4316 3470 4371 falsitatem

1893 4416 2033 4470 ratio
2080 4412 2320 4469 adhibita
2364 4410 2766 4468 consultatione
2807 4408 3244 4478 deprehenderit.
3306 4407 3473 4477 Atqui

209 4510 413 4581 μένων,
443 4509 523 4581 τῷ
542 4510 710 4565 πολὺν
735 4506 875 4565 εἶναι
899 4513 992 4564 τὸν
1022 4512 1150 4582 περὶ
1194 4510 1291 4565 τοῦ
1334 4510 1679 4577 αὐτεξουσίου
1706 4511 1790 4564 λό-

1900 4505 1961 4559 de
1985 4504 2148 4560 rebus
2173 4510 2382 4558 tantum
2414 4502 2503 4569 iis,
2537 4516 2660 4572 qua:
2680 4499 2797 4556 fieri
2820 4515 2849 4553 a
2881 4500 3040 4555 nobis
3072 4508 3323 4570 possunt,
3346 4515 3474 4555 cou-

204 4617 305 4670 γον
326 4602 387 4654 ἐν
410 4603 525 4664 τοῖς
562 4600 683 4655 καθ’
710 4602 858 4673 ἡμᾶς
901 4601 1188 4672 δόγμασιν*
1232 4594 1277 4669 ᾧ
1316 4601 1412 4655 καὶ
1437 4601 1546 4655 τῶν
1578 4600 1793 4671 φιλοσό-

206 4709 326 4762 φων
372 4692 708 4765 συνέδραμον
762 4693 819 4747 αἱ
868 4694 1262 4766 παρατεθεῖσαι
1305 4694 1501 4763 φωναὶ,
1547 4696 1659 4757 τοῖς
1693 4693 1792 4764 μὲν

205 4783 327 4838 καθ’
358 4786 509 4856 ἡμᾶς
530 4784 696 4847 θείοις
726 4784 1050 4856 γράμμασιν
1084 4785 1576 4858 ἐπιμαρτυροῢσαι,
1609 4785 1709 4850 τὰς
1735 4784 1792 4838 δὲ

206 4876 339 4949 περὶ
370 4875 733 4947 εἱμαρμένης,
771 4877 833 4929 ού
866 4877 1024 4946 μόνον
1070 4876 1179 4931 τῶν
1216 4876 1426 4930 πολλῶν
1465 4877 1787 4950 ἀνθρώπων,

203 4967 344 5022 ἀλλά
364 4968 461 5020 καὶ
488 4967 600 5020 τῶν
618 4968 956 5040 χρησμῳδῶν
1006 4966 1116 5021 τῶν
1145 4967 1475 5039 θαυμαστῶν
1521 4968 1658 5023 θεῶν
1689 4968 1789 5032 τὰς

201 5058 366 5126 δόξας
387 5058 603 5129 ψευδεῖς
617 5058 784 5125 οὔσας
810 5060 1231 5131 άπελέγχουσαιο
1271 5060 1367 5113 κα)⁸
1403 5059 1511 5113 τῶν
1540 5062 1634 5133 μὲν
1654 5059 1788 5131 πρὸς

200 5152 330 5214 τοὺς
353 5151 637 5219 γενναίους
687 5155 969 5223 χρησμοὺς
997 5149 1359 5222 κυνικώτερον
1391 5151 1785 5216 ἀποτεθέντων,

200 5238 314 5291 τῶν
340 5238 400 5291 δὲ
433 5239 573 5310 πρὸς
602 5241 731 5303 τοὺς
760 5239 1107 5311 θαυμαστοὺς
1148 5240 1472 5310 φιλοσόφους
1502 5241 1655 5313 παρά
1677 5242 1786 5296 τῶν

200 5330 388 5394 αὐτοῖς
439 5331 733 5401 γνωρίμων
779 5331 1206 5403 ἀντειρημένωνο
1269 5330 1387 5401 ὥρα
1444 5331 1538 5384 καὶ
1587 5332 1695 5386 τῶν
1726 5333 1785 5402 ἐξ

197 5424 561 5494 ἀστρολογίας
616 5425 754 5495 πρὸς
800 5425 930 5488 τοὺς
969 5421 1371 5487 Χαλδαῖξοντας
1423 5422 1532 5477 τῶν
1563 5423 1660 5495 τὴν
1689 5442 1786 5478 κα-

200 5516 458 5587 κότεχνον
488 5514 690 5588 ταύτην
742 5516 996 5587 γοητείαν
1036 5515 1112 5578 ὡς
1163 5517 1222 5569 ἐν
1277 5514 1433 5585 μέρει
1464 5516 1785 5586 μαθήματος

198 5606 689 5679 ἐπαγγελλομένων
708 5609 835 5671 τοὺς
852 5607 1044 5677 λόγους
1076 5606 1498 5676 ἐπισκέψασθαι·
1534 5606 1785 5679 παραθή-

200 5718 367 5773 σομαι
392 5700 453 5755 δέ
490 5718 573 5755 σοι
604 5702 699 5755 καὶ
716 5701 885 5755 τῶνδε
911 5700 1012 5763 τὰς
1039 5698 1345 5765 ἀποδείξεις
1374 5698 1434 5763 ἐξ
1470 5698 1660 5771 ἀνδρὸς
1682 5698 1783 5752 Σύ-

198 5807 297 5863 ρου
326 5793 427 5865 μὶν
456 5791 519 5845 τὸ
541 5792 716 5860 γένος,
769 5790 857 5844 ἐπ’
881 5790 1049 5861 ἀκρον
1081 5789 1140 5842 δὲ
1194 5789 1294 5859 τῆς
1323 5786 1633 5859 Χαλὼῖκῆς
1660 5789 1782 5842 ἐπι-

1897 4591 2242 4648 sultationem
2288 4590 2661 4657 instituimus;
2711 4604 2851 4659 quas
2890 4588 2937 4643 si
2970 4590 3190 4659 quando
3228 4591 3471 4660 neglecta

1893 4684 2283 4740 deliberatione
2311 4681 2626 4747 fecerimus,
2661 4682 2979 4751 pmtiitentia
3023 4698 3165 4752 saepe
3201 4682 3352 4738 ducti
3393 4694 3473 4737 te-

1891 4776 2159 4833 meritatis
2205 4774 2310 4846 ipsi
2335 4789 2436 4829 nos
2465 4789 2531 4829 ac
2561 4774 2805 4829 stultitiae
2836 4789 3182 4829 accusamus.
3243 4774 3391 4840 lmo,
3423 4773 3469 4828 si

1891 4869 2030 4924 alios
2060 4882 2280 4938 quoque
2301 4865 2449 4920 nullo
2473 4865 2540 4920 ad
2567 4880 2655 4920 res
2689 4864 2928 4935 agendas
2957 4865 3187 4920 consilio
3211 4866 3470 4920 accedere

1889 4961 2195 5023 videamus,
2227 4973 2343 5022 eos,
2375 4957 2537 5028 quasi
2566 4956 2864 5026 peccarint,
2902 4955 3297 5025 reprehendere
3327 4955 3470 5009 sole-

1888 5068 2047 5118 mus,
2094 5038 2305 5121 hOsque
2347 5058 2443 5104 aut
2485 5049 2608 5105 illos
2635 5048 2921 5103 consulere
2951 5047 3205 5102 volumus
3226 5087 3240 5112 ,
3267 5047 3469 5117 quippe

1888 5144 1981 5216 qui
2032 5159 2121 5199 res
2168 5142 2290 5197 illas
2330 5149 2516 5196 nostra
2548 5140 2603 5194 in
2635 5146 2901 5210 potestate
2942 5138 3075 5193 sitas
3105 5152 3225 5192 esse
3260 5138 3467 5193 sentia-

1886 5253 2030 5292 mus.
2089 5235 2357 5291 Cceterum
2407 5247 2571 5303 quam
2622 5245 2759 5284 vana
2790 5230 2862 5284 sit
2888 5244 3075 5285 eorum
3103 5229 3169 5283 de
3199 5228 3309 5284 fato
3339 5244 3467 5284 sen—

1887 5333 2073 5398 tentia,
2106 5332 2193 5386 vel
2218 5346 2284 5386 ex
2315 5345 2377 5385 eo
2399 5326 2689 5383 manifeste
2711 5327 2891 5397 quivis
2917 5325 3365 5396 intelligat,quod
3394 5341 3464 5380 ne

1884 5423 1988 5493 ipsi
2008 5422 2230 5492 quidem
2255 5420 2374 5491 ejus
2405 5429 2701 5473 assertores
2738 5419 2965 5473 decretis
2994 5417 3317 5487 placitisque
3346 5416 3461 5471 suis

1883 5518 2259 5585 obtemperare
2305 5512 2536 5583 possint.
2594 5509 2728 5564 Nam
2773 5520 2827 5565 et
2856 5511 3164 5567 hortatores
3195 5526 3255 5565 se
3279 5510 3461 5566 docto-

1883 5618 2079 5673 resque
2102 5603 2424 5673 profitentur
2441 5641 2456 5666 ,
2489 5600 2721 5669 aliisque
2748 5608 3002 5655 auctores
3025 5608 3189 5668 sunt,
3213 5613 3273 5657 ut
3297 5602 3460 5656 disci-

1881 5698 2027 5768 pliua
2051 5697 2252 5751 erudiri
2287 5705 2408 5752 sese
2435 5694 2830 5766 informarique
2856 5695 3167 5764 patiantur,
3214 5694 3459 5765 adeoque

1881 5790 2116 5862 graviter
2165 5804 2260 5845 eos
2294 5804 2359 5845 ac
2389 5787 2737 5844 vehementer
2776 5788 3060 5855 increpant
3083 5830 3098 5850 ,
3147 5789 3240 5853 qui
3283 5787 3459 5844 ofﬁcio
