3856 6224
236 924 255 951 ι

421 340 525 396 iss
1044 344 1316 404 EUSEBII
1354 347 1834 405 cmsamsusrs
1881 347 2032 406 ore.
2074 348 2259 405 PARS
2295 349 2361 406 ιι.
2401 378 2472 393 -
2512 347 3016 406 APOLOGETICA.
3578 330 3684 387 464

411 471 585 526 functi
610 486 712 527 suo
746 488 853 527 non
883 473 1103 539 fuerint,
1141 479 1327 543 utique
1353 478 1497 544 quod
1528 488 1625 527 sua
1654 474 1753 542 ipsi
1798 482 1987 540 ενοιιιιο

2111 480 2323 551 στήμης
2343 479 2689 550 ὲληλακότος.
2723 475 3058 547 Βαρδισανης
3092 472 3265 545 ὄνομα
3299 469 3378 543 τῷ
3421 472 3595 545 ἀνδρὶ,
3629 473 3686 538 ὃς

414 575 478 662 ac
508 562 786 618 voluntate
815 568 1173 634 peccaverint.
1235 565 1376 632 Quid
1417 565 1564 636 quod
1601 567 1874 620 volumina
1905 578 1988 617 re-

2111 571 2161 624 ὲν
2192 574 2305 635 τοῖς
2331 570 2468 643 πρὸς
2497 570 2626 634 τοὺς
2655 568 2904 639 ἑταίρους
2933 564 3239 636 Διαλόγοις
3277 562 3403 618 τάδε
3435 580 3511 635 πη
3551 581 3687 636 μνη-

413 651 669 720 linquunt
706 655 806 724 ipsi
851 658 1103 725 plurima,
1153 659 1355 728 quibus
1378 658 1626 725 juniores
1655 656 1866 713 institui
1898 672 1980 712 ve-

2111 660 2385 734 μονεύεται
2417 660 2595 729 φάναι.

422 758 559 811 lint?
586 772 749 828 quam
795 756 870 809 illi
919 754 1163 824 profecto
1221 753 1449 807 docendi
1481 751 1836 806 ambitionem
1871 750 2201 814 omitterent,
2253 752 2297 806 si
2347 763 2399 807 et
2459 753 2671 806 veniam
2703 753 2808 818 iis,
2871 751 2965 819 qui
2996 749 3145 803 inviti
3180 758 3347 818 atque
3375 746 3694 816 impruden-

423 858 504 906 tes
532 849 849 912 offendunt,
888 854 986 906 abs
1029 863 1148 904 sese
1195 848 1348 912 dari,
1382 854 1437 901 et
1501 846 1594 915 qui
1629 845 1880 899 consulto
1943 854 2187 913 peccant,
2225 859 2323 900 eos
2379 860 2540 915 paena
2564 845 2759 915 dignos
2824 843 3163 914 pronuntiari
3194 842 3513 911 cogitarent,
3542 836 3693 908 quod

423 947 491 1003 iis
510 959 736 1018 peccare
762 944 846 999 vel
875 958 985 998 non
1015 955 1240 1013 peccare
1270 940 1540 1010 integrum
1569 935 1787 991 fuisset.
1818 934 2001 1002 Quare
2056 944 2111 989 et
2172 934 2268 989 fati
2292 935 2672 991 necessitatem
2706 941 2956 988 evertunt
2982 933 3084 1003 ipsi
3115 946 3354 1003 quoque,
3380 939 3436 984 et
3462 930 3693 985 liberam

422 1040 633 1099 arbitrii
692 1045 1018 1110 potestatem
1105 1034 1263 1089 nobis
1311 1048 1339 1086 a
1390 1040 1584 1085 natura
1639 1029 1818 1083 inesse
1863 1025 2187 1082 conﬁrmant
2255 1046 2269 1081 :
2337 1025 2796 1097 quemadmodum
2840 1039 2972 1080 sane
3014 1024 3276 1094 pleraque
3316 1020 3459 1092 juris
3515 1020 3691 1075 nostri

418 1151 528 1192 non
556 1142 704 1196 sunt,
734 1142 794 1188 ut
820 1146 942 1203 quae
966 1130 1051 1186 vel
1078 1138 1272 1185 natura
1294 1133 1378 1183 vel
1409 1142 1538 1182 casu
1565 1125 1722 1188 ﬁunt,
1751 1124 1845 1179 sed
1875 1139 1996 1194 qua:
2034 1124 2206 1177 nihilo
2270 1124 2454 1179 verius
2518 1122 2787 1192 assignari
2820 1119 2932 1175 fato
2960 1120 3191 1191 possint,
3222 1126 3283 1172 ut
3314 1117 3693 1187 superioribus

419 1227 757 1300 argumentis
799 1227 1226 1281 demonstratum
1269 1227 1373 1275 est.
1438 1217 1616 1287 Atque
1658 1215 1744 1270 his
1774 1230 1804 1269 a
1843 1214 2000 1269 nobis
2035 1229 2229 1284 magna
2262 1229 2329 1269 ex
2388 1213 2737 1269 multitudine
2799 1211 2854 1266 in
2895 1210 3169 1280 epitomen
3202 1208 3324 1264 ideo
3367 1207 3693 1271 contractis,

419 1321 565 1391 quod
600 1320 835 1392 plurima
885 1318 1088 1373 nostris
1136 1316 1188 1369 in
1231 1312 1425 1369 litteris
1474 1313 1543 1367 de
1583 1311 1795 1365 arbitrii
1867 1310 2039 1363 nostri
2080 1308 2335 1363 facultate
2379 1307 2684 1364 habeantur
2730 1306 2970 1378 (quibus
3011 1305 3269 1374 producta
3335 1304 3695 1373 philosopho-

419 1436 542 1475 rum
584 1418 898 1474 testimonia
949 1414 1324 1477 consentiunt,
1374 1412 1502 1463 dum
1566 1420 1619 1462 et
1649 1420 1930 1461 sacrarum
1964 1405 2031 1459 ad
2070 1405 2424 1475 paginarum,
2458 1405 2659 1474 quibus
2720 1403 2957 1467 utimur,
2992 1400 3365 1454 auctoritatem
3398 1398 3693 1461 accedunt,

416 1526 472 1571 et
503 1516 634 1572 istas
677 1516 745 1569 de
794 1512 904 1567 fato
950 1526 1056 1566 non
1098 1508 1387 1564 tralatitias
1432 1507 1576 1574 vulgi
1608 1511 1819 1557 tantum
1852 1540 1867 1564 ,
1910 1501 2002 1556 sed
2040 1501 2383 1571 egregiorum
2445 1501 2606 1554 etiam
2671 1497 3129 1565 fatidicorumque
3160 1494 3443 1548 numinum
3476 1494 3697 1563 opinio-

419 1624 517 1664 nes
541 1607 664 1663 falsi
694 1614 998 1678 coarguunt
1021 1606 1061 1673 ),
1126 1601 1287 1673 273
1323 1611 1544 1669 totaque
1570 1600 1620 1652 vi
1650 1596 2031 1666 disputationis
2070 1595 2265 1666 partim
2326 1596 2380 1649 in
2430 1594 2690 1665 praeclara
2740 1594 2962 1647 oracula
2991 1589 3366 1646 vehementius
3414 1588 3697 1658 asperius-

417 1719 525 1774 que
565 1700 782 1767 collata,
812 1699 1009 1770 partim
1058 1697 1322 1751 adversus
1385 1692 1616 1749 eximios
1655 1688 2028 1759 philosophos,
2064 1703 2171 1742 non
2219 1687 2363 1755 aliis,
2416 1702 2580 1756 quam
2628 1700 2821 1740 eorum
2861 1685 3124 1754 ipsorum,
3157 1695 3296 1751 quos
3323 1694 3497 1750 usque
3554 1679 3698 1732 adeo

418 1804 643 1859 norunt,
669 1791 957 1849 sententiis
984 1787 1275 1859 verbisque
1292 1794 1566 1842 contexta.
1620 1781 1784 1837 Juvat
1827 1797 2018 1836 eorum
2058 1781 2335 1851 deinceps,
2380 1796 2518 1850 quos
2548 1778 2849 1849 astrologos
2889 1776 3196 1841 nominant,
3259 1774 3522 1829 adversus
3554 1772 3698 1828 istos

416 1888 795 1943 Chaldaeorum
840 1892 1156 1951 sectatores,
1200 1882 1294 1951 qui
1334 1881 1413 1936 sic
1459 1881 1593 1935 artis
1651 1878 1870 1933 nefariae
1918 1877 2259 1948 prazstigias,
2326 1885 2587 1946 tanquam
2656 1874 2918 1930 doctrinae
2988 1881 3196 1943 partem
3243 1870 3482 1940 aliquam
3532 1872 3702 1939 proli-

417 1993 621 2052 tentur,
673 1984 914 2038 rationes
955 1980 1279 2050 expendere.
1339 1976 1489 2044 Quas
1561 1975 1779 2046 quidem
1822 1991 1887 2029 ex
1936 1975 2153 2029 homine
2180 1972 2355 2045 Syro,
2418 1973 2512 2043 qui
2557 1987 2827 2027 summam
2881 1968 3184 2026 Chaldaica:
3254 1967 3515 2023 doctrinae
3566 1983 3698 2038 per-

420 2080 714 2137 fectionem
746 2088 802 2135 et
832 2077 1233 2134 absolutionem
1273 2075 1500 2145 adeptus
1539 2082 1691 2139 erat,
1740 2080 1845 2127 hoc
1892 2072 2011 2126 loco
2049 2069 2407 2140 proferemus.
2464 2073 2799 2124 Bardesanes
2858 2071 2906 2123 is
2946 2064 3068 2132 fuit,
3102 2080 3265 2136 quem
3296 2064 3351 2120 in
3381 2065 3516 2133 suis,
3549 2080 3696 2135 quos

365 3666 369 3669 _
421 3602 761 3657 ulciscuntur
808 3616 821 3651 :

418 2177 486 2234 ad
509 2176 807 2247 disciplinae
833 2174 1010 2231 socios
1041 2172 1279 2241 scripsit,
1310 2170 1581 2240 Dialogis,
1626 2169 1770 2225 hunc
1794 2168 1849 2223 in
1874 2166 2094 2222 modum
2123 2166 2498 2237 phiIOSOphari
2530 2170 2859 2219 memorant.

1050 2263 1278 2320 CAPUT
1317 2264 1386 2318 Χ.

419 2364 506 2420 Ea:
552 2362 938 2418 mathematicis
991 2360 1153 2413 etiam
1204 2356 1537 2425 disciplinis,
1581 2354 1683 2424 fati
1718 2352 2004 2407 vanitatem

634 2434 852 2503 coargui
878 2446 1046 2501 posse.
1086 2428 1170 2481 Ea:
1196 2427 1519 2481 Bardesanis
1552 2425 1785 2493 scriptis.

495 2608 515 2642 ι
549 2587 769 2643 Natura:
791 2587 1023 2657 legibus.
1061 2584 1258 2654 inquit,
1287 2591 1580 2654 generatur
1609 2581 1797 2647 homo,
1820 2579 2003 2646 alitur,

418 2683 648 2746 crescit,
679 2688 934 2750 generat,
965 2677 1235 2741 comedit,
1264 2675 1438 2742 bibit,
1479 2673 1719 2735 dormit,
1748 2672 2004 2737 senescit,

418 2775 682 2830 moritur:
701 2780 861 2841 atque
879 2770 931 2824 id
955 2768 1103 2824 omni
1121 2783 1226 2822 non
1244 2765 1451 2820 homini
1472 2772 1705 2825 tantum,
1730 2762 1825 2818 sed
1841 2761 2003 2815 etiam

416 2866 627 2937 experti
652 2864 879 2919 rationis
906 2859 1170 2916 animanti
1201 2872 1493 2914 commune
1514 2864 1618 2910 est.
1650 2852 1854 2908 Verum
1888 2851 2008 2906 ani-

418 2964 630 3012 mantes
659 2962 887 3015 caterua,
919 2951 1063 3022 quod
1097 2957 1290 3020 praeter
1320 2960 1542 3001 sensum
1574 2943 1712 2997 nihil
1743 2941 2003 3005 habeant,

417 3049 674 3121 quodque
703 3055 832 3102 totae
856 3043 1025 3098 maris
1059 3056 1124 3096 ac
1150 3039 1368 3094 feminae
1424 3035 1811 3105 congressione
1840 3047 2004 3104 gene-

418 3149 647 3201 rentur,
689 3144 899 3189 naturae
948 3144 1167 3201 quoque
1214 3128 1268 3181 in
1305 3126 1561 3180 omnibus
1613 3123 2002 3195 propemodum

419 3231 625 3299 impetu
656 3226 965 3297 rapiuntur.
997 3221 1106 3275 Leo
1137 3234 1303 3274 carne
1337 3217 1606 3282 vescitur;
1643 3214 1807 3280 idem,
1837 3214 1883 3270 si
1909 3214 2006 3268 lae-

420 3321 528 3387 dis,
564 3319 892 3375 ulciscitur:
928 3315 1116 3384 itaque
1161 3313 1349 3367 leones
1390 3325 1584 3364 omnes
1629 3317 1683 3363 et
1726 3323 1890 3362 carne
1919 3321 2007 3360 ve-

422 3425 669 3476 scuntur,
689 3420 742 3466 et
763 3409 1124 3470 ulciscuntur,
1144 3405 1189 3461 si
1220 3403 1390 3458 laedis.
1418 3398 1560 3456 Oves
1587 3401 1752 3455 herba
1776 3415 2008 3455 vescun-

421 3518 530 3573 tur,
578 3519 771 3561 carnes
815 3518 884 3557 nc
930 3500 1204 3570 attingunt
1232 3496 1474 3567 quidem,
1524 3509 1663 3561 nec,
1699 3494 1744 3548 si
1779 3493 2004 3559 laeseris,

420 3691 734 3749 communis
757 3698 862 3745 est.
917 3685 1180 3756 Scorpius
1200 3693 1255 3739 et
1283 3691 1484 3739 terram
1511 3681 1769 3745 comedit,
1804 3688 1858 3734 et
1882 3678 2004 3734 illos

420 3787 606 3850 etiam,
658 3799 689 3838 a
734 3782 933 3853 quibus
982 3779 1120 3834 nihil
1162 3777 1278 3847 ipse
1313 3776 1475 3830 laesus
1505 3773 1687 3837 fuerit,
1740 3780 2005 3826 venenato

422 3878 646 3935 stimulo
706 3876 989 3939 vulnerat;
1044 3886 1152 3940 qua
1204 3868 1553 3938 improbitate
1613 3878 1783 3935 genus
1844 3876 2006 3916 omne

420 3970 760 4040 scorpiorum
806 3968 1040 4021 laborat.
1074 3962 1325 4018 Formica
1356 3960 1408 4015 id
1436 3974 1466 4013 a
1497 3966 1693 4012 natura
1731 3956 1910 4021 habet,
1946 3965 2007 4009 ut

420 4063 658 4118 hiemem
680 4059 967 4114 imminere
999 4053 1334 4125 praesentiat,
1363 4065 1538 4120 eoque
1566 4058 1735 4104 totam
1759 4055 2003 4101 aestatem

423 4152 647 4209 assiduo
672 4150 859 4204 labore
888 4156 1099 4212 terens,
1131 4144 1388 4198 alimenta
1418 4148 1647 4210 reponat
1668 4139 1770 4193 sibi
1808 4155 1821 4190 :
1856 4136 2002 4207 quod

422 4245 492 4301 ab
523 4242 780 4300 omnibus
824 4238 1070 4294 formicis
1118 4237 1238 4291 ﬁeri
1291 4234 1561 4287 videmus.
1623 4231 1756 4300 Apis
1795 4244 1919 4284 cum
1947 4230 2003 4283 in

421 4335 758 4395 elaborando
802 4333 958 4388 melle
990 4329 1222 4395 versari,
1258 4336 1368 4382 tum
1397 4325 1561 4380 etiam
1592 4324 1779 4377 eodem
1808 4321 1876 4376 ali
1913 4336 2005 4375 so-

421 4430 496 4486 let
531 4448 546 4485 :
584 4441 754 4499 quare
785 4423 841 4479 id
869 4422 1107 4479 studium
1141 4419 1396 4473 omnibus
1430 4417 1487 4471 iu
1523 4414 1715 4483 apibus
1741 4412 2001 4467 cernitur.

424 4521 644 4578 Possem
692 4518 944 4589 equidem
974 4514 1077 4569 alia
1112 4512 1368 4583 pleraque
1418 4506 1779 4563 animantium
1808 4516 2003 4574 genera

421 4614 725 4687 producere
747 4652 762 4677 ,
794 4623 916 4679 quae
946 4606 1089 4677 quod
1113 4601 1403 4675 peculiaris
1445 4606 1653 4653 naturae
1676 4595 1787 4650 vim
1813 4602 1867 4649 et
1896 4595 2003 4649 im-

420 4717 605 4779 petum
654 4703 903 4758 deserere
945 4704 1240 4766 nequeant,
1282 4709 1347 4748 eo
1373 4692 1492 4762 ipso
1519 4690 1677 4744 nobis
1706 4687 2002 4758 plurimum

421 4778 860 4854 admirabilitatis
892 4791 1095 4848 habere
1140 4788 1475 4842 viderentur.
1533 4780 1637 4837 Sed
1669 4780 1911 4835 futurum
1948 4778 2001 4832 id

421 4893 557 4948 satis
610 4885 941 4949 existimavi,
1005 4881 1051 4939 si
1096 4879 1402 4951 vulgarium
1456 4886 1510 4932 et
1555 4873 2000 4947 quotidianorum

874 3611 937 3650 ac
980 3593 1075 3648 toti
1126 3593 1310 3646 ovium
1348 3589 1531 3661 generi
1576 3588 1870 3643 instinctus
1905 3586 2006 3640 iste
2035 3623 2073 3677 ϐ

2638 2253 3042 2309 ΚΕΦΑΛΑΙΟΝ
3062 2254 3120 2306 I'.

2118 2350 2216 2416 Ὧς
2245 2349 2342 2403 καί
2371 2313 2488 2403 ἀπό
2522 2347 2633 2415 τῆς
2657 2342 3069 2415 μαθηματικῆς
3112 2343 3356 2416 θεωρίας
3379 2348 3412 2398 ό
3439 2344 3573 2416 περὶ
3604 2348 3695 2416 ei-

2169 2412 2479 2560 μαριὶξέἷις
2528 2412 2835 2488 ἐλέγχετάί
2885 2416 3087 2485 λόγος,
3140 2415 3209 2467 ἐκ
3247 2412 3367 2468 τῶν
3402 2412 3697 2483 Βαρδισά-

2177 2508 2289 2545 ’νου
2435 2529 2448 2542 .

2183 2602 2203 2635 ι
2239 2581 2398 2636 Κατά
2431 2581 2589 2651 φύσιν
2642 2582 2671 2634 ὁ
2719 2579 3005 2652 ἄνθρωπος
3054 2577 3345 2648 γεννᾶται,
3403 2576 3691 2649 τρέφεται,

2105 2675 2364 2746 ἀκμάζει,
2390 2675 2574 2744 γεννᾷ,
2612 2671 2801 2735 ὲσθίει,
2829 2671 2993 2737 πίνει,
3018 2672 3299 2740 κοιμᾶται,
3356 2671 3525 2742 γηρᾷ,
3552 2671 3696 2723 ἀπο-

2106 2768 2349 2839 θνήσκει’
2386 2767 2480 2820 καὶ
2527 2765 2685 2818 τοῦτο
2717 2763 2919 2826 παντὸς
2971 2761 3280 2834 ἀνθρώπου,
3336 2762 3432 2816 καὶ
3486 2762 3695 2825 παντὸς

2106 2859 2298 2928 ἀλόγου
2327 2857 2486 2923 ζὼου.
2518 2857 2630 2910 Καὶ
2658 2857 2727 2908 τὰ
2763 2856 2861 2925 μὲν
2887 2855 3022 2908 ἄλλα
3051 2855 3165 2919 ζῶα
3188 2853 3397 2925 ψυχικά
3426 2853 3576 2916 ὄντα,
3596 2855 3694 2907 καὶ

2104 2952 2280 3005 διόλου
2338 2949 2478 3003 κατὰ
2510 2947 2826 3018 συμπλοκὴν
2870 2945 3232 3016 γεγενημένα,
3285 2945 3457 2999 διόλου
3499 2946 3693 3015 σχεδὸν

2106 3043 2246 3096 κατά
2273 3041 2434 3110 φύσιν
2465 3041 2708 3112 φέρεται.
2743 3039 2894 3092 Λέων
2941 3040 3299 3108 σαρκοφαγεῖ,
3351 3037 3445 3091 καὶ
3485 3038 3695 3107 ἀμύνε-

2106 3153 2216 3201 ται,
2243 3135 2296 3188 εῐ
2312 3153 2365 3188 τι
2392 3134 2645 3204 ἀδικηθῇ·
2682 3133 2777 3186 καὶ
2809 3131 2897 3185 διά
2943 3132 3102 3184 τοῦτο
3156 3133 3356 3195 πάντες
3382 3133 3431 3185 οἱ
3473 3131 3693 3196 λέοντες

2110 3226 2518 3298 σαρκοφαγοῦσι
2546 3226 2641 3279 καὶ
2662 3223 2976 3295 ἀμύνονται.
3013 3222 3124 3276 Καὶ
3149 3222 3386 3293 ἀμνάδες
3423 3239 3696 3294 χορτοφα-

2106 3317 2286 3385 γοῦσι,
2310 3318 2404 3370 καὶ
2424 3316 2602 3386 κρεῶν
2634 3315 2732 3386 οὐχ
2755 3315 3036 3379 ἅπτονται,
3070 3314 3165 3368 καὶ
3208 3313 3558 3383 ἀδικούμεναι
3587 3315 3695 3367 οὐκ

2107 3405 2425 3476 ἀμύνονται·
2452 3405 2545 3459 καὶ
2574 3406 2602 3458 ὁ
2630 3404 2791 3467 αὐτὸς
2820 3402 3021 3475 τρόπος
3047 3404 3226 3474 πάσης
3250 3403 3505 3474 ἀμνάδος.
3529 3404 3697 3475 Σκορο

2111 3495 2230 3559 πίος
2258 3497 2361 3567 γῆν
2386 3496 2577 3559 ἐσθίει,
2595 3496 2689 3549 καὶ¹
2715 3497 2839 3559 τοὺς
2865 3496 2939 3567 μὴ
2969 3495 3332 3565 ἀδικήσαντας
3352 3493 3544 3557 ἀδικεῖ,
3564 3493 3694 3548 κέν·-

2108 3603 2222 3659 τρῳ
2258 3586 2448 3658 ίοϐόλῳ
2495 3587 2771 3658 πλήσσων.
2821 3587 2930 3640 Καὶ
2981 3587 3014 3657 ἡ
3071 3584 3208 3654 αὐτὴ
3260 3584 3425 3637 κακία
3472 3584 3694 3638 πάντων

2112 3678 2406 3750 σκορπίων.
2431 3675 2671 3747 Μύρμηξ
2694 3675 2832 3729 κατὰ
2863 3675 3024 3744 φύσιν
3047 3671 3155 3728 οἶδε
3184 3673 3450 3745 χειμῶνος
3483 3690 3696 3743 παρου-

2109 3769 2250 3831 σίαν,
2285 3769 2377 3821 καὶ
2397 3767 2461 3819 δι’
2483 3766 2608 3838 ὅλης
2637 3766 2851 3838 θερείας
2888 3767 3109 3836 κάμνων
3151 3764 3465 3818 ἀποτίθεται
3511 3765 3694 3837 ἐαυτῷ

2105 3862 2330 3934 τροφάς·
2362 3860 2457 3914 καὶ⁸
2489 3858 2693 3929 ὁμοίως
2752 3859 2953 3921 πάντες
3005 3857 3297 3929 μύρμηκες
3339 3857 3690 3930 ἐργάζονται.

2107 3949 2352 4002 Μέλισσα
2383 3946 2505 4019 μέλι
2534 3950 2790 4020 γεωργεῖ,
2841 3945 2901 4012 eg
2949 3940 3009 4000 οὗ
3053 3949 3148 4001 καὶ
3199 3946 3479 4018 τρέφεται*
3531 3947 3627 4001 καὶ
3656 3949 3691 4019 ἡ

2107 4042 2242 4112 αὑτὴ
2277 4042 2524 4114 γεωργία
2555 4040 2758 4105 πάσαις
2787 4041 3090 4111 μελίσσαις.
3129 4040 3244 4093 Καὶ
3277 4034 3346 4110 ἦν
3370 4037 3540 4092 πολλά
3572 4038 3694 4111 εἴδη

2106 4133 2359 4187 ἐκθέσθαι
2391 4135 2522 4204 ἡμῖν
2544 4133 2653 4186 τῶν
2689 4130 2865 4195 ζώων,
2915 4131 3092 4194 ἆτινα,
3118 4130 3218 4202 τῆς
3252 4129 3468 4200 φύσεως
3496 4128 3571 4201 μὴ
3603 4130 3695 4183 δυ-

2105 4226 2310 4295 νάμενα
2334 4202 2615 4294 ἐκστῆναι,
2645 4223 2813 4277 πολὺν
2850 4222 3176 4294 θαυμασμὸν
3219 4223 3524 4294 παρασχεῖν
3555 4222 3689 4290 ὑμῖν
3734 4202 3741 4209 ’

2106 4320 2345 4374 ὲδύνατο’
2370 4319 2483 4372 ἀλλ’
2505 4318 2754 4389 αὐτάρκη
2782 4317 3078 4388 ἡγησάμην
3106 4318 3170 4370 ὲκ
3203 4314 3309 4369 τῶν
3338 4314 3693 4385 παρακειμέ-

2106 4428 2211 4465 νων
2231 4411 2331 4480 τὴν
2377 4409 2653 4474 ἀπόδειξιν
2688 4407 3037 4480 ποιήσασθαι,
3066 4408 3148 4461 ὃτι
3180 4406 3248 4461 τὰ
3279 4406 3378 4477 μὲν
3406 4404 3541 4460 ἄλλα
3574 4403 3693 4469 ζῶα

2105 4501 2246 4556 κατὰ
2263 4500 2361 4573 τὴν
2391 4501 2700 4571 κοινότητα,
2737 4500 2833 4552 καὶ
2865 4499 2964 4569 τὴν
3010 4497 3294 4569 διαφορὰν,
3336 4495 3478 4549 κατά
3522 4493 3692 4563 φύσιν

2103 4594 2347 4648 δοθεῖσαν
2371 4593 2610 4663 ἑκάστῳ,
2667 4591 2728 4656 ἐξ
2757 4592 3002 4663 ἀνάγκης
3047 4590 3217 4662 ἡδέως
3274 4588 3518 4660 φέρεται.
3558 4590 3693 4640 Ἂν-

2106 4688 2313 4764 θρωποι
2344 4686 2422 4751 δὲ,
2458 4686 2607 4757 μόνοι
2657 4685 2718 4738 τὸ
2750 4683 3024 4753 ἐξαίρετον
3054 4681 3288 4750 ἔχοντες,
3342 4677 3433 4730 τόν
3469 4692 3527 4729 τε
3562 4676 3692 4729 νοῦν

2105 4782 2199 4834 καὶ
2228 4780 2321 4834 τὸν
2346 4782 2410 4833 ὲκ
2436 4777 2622 4831 τούτου
2647 4775 3054 4848 προφερόμενον
3085 4771 3260 4839 λόγον,
3290 4768 3432 4822 κατὰ
3458 4768 3557 4839 μὲν
3589 4771 3691 4840 τὴν

2104 4873 2387 4944 κοινότητα
2411 4871 2633 4923 ἓπονται
2659 4871 2725 4938 τῇ
2769 4867 2926 4937 φύσει
2967 4877 2982 4934 (
3006 4865 3081 4926 ὼς
3113 4864 3371 4934 προεῖπον
3393 4865 3432 4922 l,
3460 4859 3604 4913 κατά
3632 4860 3693 4915 δὲ

419 4981 669 5051 exemplo
700 4979 972 5037 docerem,
1003 4972 1308 5025 animantes
1330 4967 1549 5038 quidem
1572 4973 1816 5025 caeteras,
1841 4969 2001 5032 prout

2111 4968 2168 5019 τὸ
2191 4964 2464 5035 ἐξαίρετον
2496 4962 2556 5014 οὐ
2591 4959 2731 5013 κατά
2763 4958 2923 5029 φύσιν
2969 4954 3361 5009 πολιτεύονται.
3391 4950 3527 5005 Οὐδὲ
3578 4948 3691 5019 γὰρ

492 5093 602 5166 (98)
640 5093 735 5145 Ἐκ
752 5089 870 5144 τῶν
899 5081 1299 5154 Βαρδισάνου.
1331 5079 1756 5166 altereicmssp
1791 5074 2001 5166 Βαρδη-

2111 5079 2303 5166 ξίφει-ει
2314 5073 2697 5166 ξ’ἑνηηξτξξοιξίε
2719 5070 2986 5166 item:
2996 5068 3173 5166 122‘s:
3218 5061 3542 5166 εὶῖθξῐίὲιέᾶν
3577 5073 3690 5166 ".2."

423 5148 608 5230 adibo;
658 5178 754 5233 per
786 5178 861 5233 η,
907 5148 1029 5233 qua:
1068 5151 1416 5233 communior
1461 5148 1895 5233 scriptura~est3
1941 5148 1999 5198 S.

419 5215 757 5306 Epiphanius
785 5215 975 5285 It'aere'si
992 5240 1157 5281 xxxvr
1178 5237 1318 5306 ,αἴρας
1344 5222 1481 5305 alias
1502 5215 1609 5283 Lvi,
1630 5215 2003 5306 βαρξησιάνην

420 5285 863 5375 vdeat-Eiusque
902 5285 1198 5375 sectatores
1218 5285 1925 5375 ’Βαρδησιανιστάς.¹“ῌοιίος
1950 5286 1996 5339 is

831 5372 950 5425 luce
983 5371 1239 5445 indigeat.
1287 5356 1669 5443 Fragmentum
1697 5356 1799 5446 Ihicl
1829 5356 1995 5408 habes

419 5426 810 5518 elegalntissuni
839 5453 891 5518 et
912 5426 1540 5518 accuratissirrti'op'eris,
1568 5426 1710 5495 quod
1737 5426 1997 5518 adversus

421 5495 1025 5581 bedamivastrologum
1048 5549 1062 5573 ,
1101 5508 1184 5581 vir
1219 5495 1441 5574 Syriaca
1469 5498 1787 5581 (ill‘teca‘quel
1814 5495 1998 5574 lingua

421 5564 833 5639 disertissimus
863 5564 1203 5636 efaboravit,
1261 5564 1334 5627 ἰιι
1393 5568 1600 5639 scribit
1637 5564 1993 5639 Epiphanius.

423 5637 663 5708 Librum
698 5637 1050 5721 inscripscrat
1103 5645 1418 5705 Antonino,
1457 5649 1519 5721 ut
1563 5637 1761 5717 Euseb.
1811 5644 1997 5688 noster

427 5724 631 5777 Hister.
661 5723 753 5777 lib.
787 5708 930 5787 tv,'c.
968 5721 1065 5782 ult,
1093 5722 1410 5787 aucturiest.
1443 5708 1991 5787 Antoninunlporro,

421 5774 749 5855 tio—nimium,
768 5774 862 5845 sed
901 5774 1096 5843 Verum
1138 5785 1396 5855 intellige,
1443 5791 1502 5855 ut
1548 5774 1993 5855 monetEpipha-

420 5845 858 5923 ἱᾹίίίέξΕἱίίιίιιθιη
909 5859 1272 5928 Hieronymus
1304 5845 1395 5910 lib.
1443 5850 1517 5904 De
1549 5849 1793 5917 scriptor.
1833 5845 1993 5900 eccle—

2148 5131 2365 5201 raedicat
2392 5144 2576 5201 modo.
2605 5144 2699 5197 sed
2729 5142 2890 5195 etiam
2937 5131 3186 5193 miratur.
3214 5135 3286 5187 At
3314 5148 3437 5187 cum
3468 5131 3692 5201 illeve-

2148 5165 2365 5201 raeorcat
2392 5165 2576 5201 mouo.
2605 5165 2699 5197 seu
2729 5165 2890 5195 etiam
2937 5165 3186 5193 miratur.
3214 5165 3286 5187 ιιι
3314 5165 3437 5187 buu-
3468 5165 3558 5183 ιιιυ
3606 5165 3689 5182 νυ-

2108 5165 2334 5272 ﬁemens
2365 5216 2501 5269 adeo
2528 5214 2691 5269 fuerit
2713 5213 2804 5266 fati
2831 5219 3192 5279 oppugnator,
3221 5200 3689 5279 quemadmodum

2103 5271 2244 5356 apud
2280 5285 2341 5338 B.
2374 5286 2762 5356 Augustinum,
2788 5271 3005 5356 inpr-esi
3035 5271 3202 5340 xxxvi,
3227 5271 3524 5356 irrepserit
3558 5285 3670 5324 ne-

2106 5341 2243 5422 scio,
2293 5357 2439 5411 hunc
2462 5341 2553 5409 vad
2590 5341 2861 5407 Valentini
2895 5364 3130 5422 errores,
3167 5344 3447 5422 addidisse
3474 5341 3539 5394 de
3568 5355 3689 5422 anno,

2105 5441 2162 5483 ut
2226 5408 2338 5494 i’ato
2405 5427 2687 5479 ascriberet
2742 5421 3159 5494 conversationes
3214 5415 3506 5468 hominum.
3580 5408 3687 5464 Sed

2105 5489 2485 5567 manuscripti
2518 5496 2676 5550 codd.
2743 5492 3079 5567 clausulam.
3116 5489 3276 5567 istam
3339 5489 3684 5567 expunlgunt.

2106 5550 2244 5622 lluic
2278 5550 2444 5637 portio
2472 5564 2807 5637 Bardesanis
2822 5559 3175 5637 disputationi
3226 5550 3439 5637 gemina
3472 5550 3566 5632 illa
3606 5558 3693 5637 est

2107 5620 2359 5708 quam'in
2386 5620 2562 5708 simili
2588 5649 2758 5708 causa
2797 5620 2933 5708 bene
2981 5631 3197 5698 longam
3212 5620 3498 5708 [Caesarqu
3524 5620 3689 5675 insti-

2105 5690 2413 5772 ιῖιίίῖὶάιῆό
2436 5706 2455 5757 l
2478 5704 2814 5759 Bibliotheca:
2833 5690 3105 5772 Patrum;
3120 5692 3431 5772 novaeedit.
3459 5690 3690 5772 Graece-

2100 5759 2221 5835 Lat:
2250 5759 2477 5851 ﬂcio,
2506 5776 2722 5845 dialogo
2752 5788 2809 5841 ιι,
2841 5759 3198 5841 responsione
3228 5765 3297 5823 ad
3326 5770 3526 5836 quaest.
3558 5759 3686 5843 109.
