3856 6224
250 260 356 315 465

1423 258 1750 315 ΡΚίΕΡΑΒ.
1792 258 2045 317 EVANG.
2087 258 2217 317 LIB.
2259 259 2346 314 Vl.

3408 251 3513 310 ιθδ

249 381 343 452 μία
369 379 573 452 βρῶσις
610 381 645 452 ἡ
676 380 787 433 τῶν
844 378 1115 434 ἁπάντων·
1158 379 1308 433 ἄλλοι
1361 381 1460 452 μὲν
1503 379 1645 435 κατὰ
1699 381 1815 445 τοὺς

1926 395 2020 436 eas
2044 380 2127 436 vel
2152 379 2293 435 inter
2321 393 2383 435 se
2411 378 2802 436 communione
2829 375 3133 448 conjunxit,
3161 376 3243 431 vel
3273 375 3515 430 dissimi-

243 473 460 535 λέοντας
483 470 793 542 τρέφονται,
822 470 972 524 ἄλλοι
1011 470 1068 524 δὲ
1118 470 1259 524 κατὰ
1291 470 1391 536 τὰς
1433 472 1696 543 ἀμνάδας·
1731 471 1830 543 οὐχ

246 565 299 615 ἓν
327 576 354 603 α
385 562 600 633 ἔχοντες
630 563 815 633 σχῆμα
844 565 1209 635 φορημάτων,,
1235 565 1336 617 οὐκ
1368 564 1492 629 ἔθος
1517 563 1596 629 ἓν,
1626 564 1725 634 οὐχ
1748 560 1830 628 εἷς

245 654 401 725 νόμος
427 654 703 717 πολιτείας
734 655 791 706 ὲν
810 653 1014 719 αὐτοῖς,
1060 655 1121 708 οὐ
1161 655 1257 726 μία
1282 656 1496 727 κίνησις
1532 654 1830 727 ἐπιθυμίας

244 752 347 803 τῶν
389 750 751 822 πραγμάτων·
784 748 899 803 ἀλλ’
929 750 1158 815 ἕκαστος
1203 751 1311 805 τῶν
1346 750 1652 824 ἀνθρώπων
1684 752 1829 806 κατὰ

249 842 335 912 τὴν
369 842 508 895 ίδίαν
540 841 758 912 θέλησιν
809 841 1041 912 αἱρεῖται
1085 841 1265 911 ἐαυτῷ
1297 841 1430 912 βίον,
1466 842 1558 895 τὸν
1600 840 1829 913 πλησίον

246 933 315 1002 μὴ
341 929 699 1001 μιμούμενος,
728 930 866 1002 πλὴν
917 933 976 983 ὲν
1028 926 1111 994 οἷς
1143 931 1408 1001 βούλεται.
1438 930 1511 984 Τὸ
1539 930 1648 1003 γὰρ
1676 930 1829 985 ὲλεύ-

243 1021 395 1093 θερον
423 1021 589 1075 αὑτοῦ
614 1023 714 1093 οὐχ
740 1022 1022 1075 ὑπόκειται
1053 1022 1287 1093 δουλείᾳ·
1325 1023 1418 1075 καὶ
1445 1023 1500 1075 εί
1526 1040 1656 1076 ποτε
1681 1021 1825 1076 ἑκὼν

240 1113 534 1178 δουλεύσει,
561 1115 655 1168 καὶ
685 1112 843 1166 τοῦτο
889 1115 992 1185 τῆς
1036 1113 1347 1185 ἐλευθερίας
1385 1113 1548 1167 αὐτοῦ
1599 1115 1736 1181 ἐστι,
1764 1113 1826 1168 τὸ

239 1206 497 1260 δύνασθαι
525 1206 800 1260 δουλεύειν
856 1206 1072 1262 ἑκόντα.
1130 1207 1293 1260 Πόσοι
1342 1205 1452 1260 τῶν
1495 1205 1824 1279 ἀνθρώπων,

239 1298 328 1351 καὶ
355 1299 591 1369 μάλιστα
611 1297 721 1352 τῶν
772 1298 1068 1353 ’Ᾱλαναίων
1095 1298 1229 1369 (99),
1250 1298 1328 1362 ὡς
1361 1297 1431 1351 τὰ
1476 1297 1645 1369 ἄγρια
1685 1296 1820 1363 ζῶα,

238 1389 622 1461 κρεοδοροῦσιν
672 1391 836 1463 ἄρτου
865 1390 939 1461 μὴ
970 1390 1263 1461 γευόμενα,
1314 1389 1409 1442 καὶ
1435 1390 1496 1442 οὐ
1531 1388 1618 1443 διὰ
1649 1389 1711 1442 τὺ
1744 1388 1820 1460 μὴ

238 1480 399 1552 ἔχειν,
431 1481 568 1535 ἀλλὰ
588 1481 677 1535 διὰ
718 1482 781 1534 τὸ
811 1482 885 1553 μὴ
921 1480 1136 1547 θέλειν;
1174 1481 1359 1534 Ἀλλοι
1404 1481 1581 1554 κρεῶν
1602 1483 1663 1536 οὐ
1696 1482 1824 1552 γεύ-

236 1590 407 1637 ονται,
440 1573 517 1636 ὡς
540 1571 611 1625 τὰ
631 1573 818 1645 ἥμερα
863 1572 999 1637 ζῶαι
1022 1571 1172 1626 ἄλλοι
1219 1571 1604 1643 ίχθυοφαγοῦσι
1640 1573 1817 1644 μόνον’

234 1666 411 1737 ἕτεροι
443 1665 501 1718 δὲ
524 1664 722 1734 ἰχθύων
766 1665 829 1717 οὐ
881 1663 1153 1734 γεύονται,
1203 1665 1310 1717 οὐδ’
1335 1664 1401 1720 ἂν
1446 1664 1812 1737 λιμώσσωσιν.

235 1756 296 1808 Οί
324 1732 425 1826 μὲν
456 1732 861 1825 ὑδροτιοτοῦσιν,
886 1732 936 1807 οἱ
955 1753 1011 1806 δὲ
1037 1751 1427 1819 οίνοποτοῢσιν,
1456 1732 1517 1808 οἱ⁷
1534 1755 1592 1809 δὲ
1624 1756 1818 1828 σίκερα
1849 1732 1890 1786 Β

235 1846 469 1899 πίνουσι.
497 1847 607 1899 Καὶ
659 1844 846 1909 ἁπλῶς
893 1843 1059 1916 πολλὴ
1105 1844 1337 1916 διαφορὰ
1387 1845 1692 1917 βρωμάτων
1723 1850 1821 1902 καὶ

236 1939 497 2008 πομάτων
547 1939 606 1990 ἐν
662 1940 728 2010 τῇ
778 1936 1178 2009 ἁνθρωπότητι,
1211 1938 1372 2011 μέχρι
1401 1940 1497 1993 καὶ
1521 1942 1580 1994 ὲν
1611 1944 1679 2012 τῇ
1713 1941 1821 1996 τῶν

234 2029 481 2100 λαχάνιον
530 2031 626 2084 καὶ
667 2029 901 2103 ὀπωρῶν
951 2029 1150 2103 βρώσει
1200 2024 1601 2103 διαφερόμενοι.
1660 2032 1821 2088 Ἀλλὰ

236 2122 327 2175 καὶ
354 2123 405 2174 οἱ
434 2123 554 2191 μὲν,
576 2124 652 2186 ὡς
685 2121 955 2192 σκορπίοι,
988 2124 1082 2176 καὶ
1131 2124 1207 2187 ὼς
1239 2125 1485 2192 ἀσπίδες,
1524 2128 1599 2199 μὴ
1631 2128 1821 2200 ἀδικη-

235 2212 422 2277 θέντες
450 2214 747 2269 ἀδικοῦσιν·
790 2218 840 2270 οἱ
896 2218 973 2285 δὲ,
1018 2218 1093 2282 ὡς
1123 2218 1194 2272 τὰ
1223 2218 1393 2288 ἄλογα
1425 2217 1560 2284 ζῶα,
1603 2219 1819 2275 ἀδικού-

238 2320 386 2373 μενοι
419 2303 733 2374 ἀμύνονται·
753 2306 927 2379 ἕτεροι
944 2307 1021 2371 δὲ,
1046 2308 1120 2372 ὡς
1137 2308 1322 2376 λύκοι,
1351 2308 1677 2381 ἁρπάζουσι,
1700 2313 1816 2379 καὶ,

233 2392 309 2456 ὡς
331 2392 516 2460 γαλαῖ,
551 2394 892 2449 κλέπτουσιν·
919 2396 1065 2451 ἄλλοι
1091 2396 1167 2463 δὲ,
1201 2397 1277 2460 ὡς
1306 2396 1543 2467 ἀμνάδες
1594 2398 1688 2452 καὶ
1711 2416 1818 2470 μη-

231 2483 416 2547 κὰδες,
460 2484 568 2537 ὑπὸ
619 2484 728 2538 τῶν
760 2487 1104 2557 ὁμοιοπαθῶν
1166 2487 1497 2552 ἐλαύνονται,
1554 2489 1645 2542 καὶ
1698 2492 1819 2554 τοὺς

232 2573 556 2639 ἀδικοῦντας
587 2577 686 2628 οὐκ
720 2575 981 2631 ἀδικοῦσι.
1017 2579 1125 2632 Καὶ
1176 2580 1224 2632 οἱ
1274 2580 1371 2633 μὲν
1401 2578 1646 2648 λέγονται
1678 2583 1818 2651 ἀγα-

232 2661 335 2729 θοὶ,
368 2664 696 2730 οίδὲκακοὶ,
740 2668 789 2719 ot
821 2666 877 2718 δὲ
920 2667 1139 2721 δίκαιοι.
1200 2667 1363 2722 Ὅθεν
1418 2669 1533 2722 ἔστι
1573 2672 1709 2723 νοεῖν
1743 2670 1817 2742 μὴ

231 2755 452 2818 πάντως
481 2756 621 2809 κατὰ
653 2756 815 2825 φύσιν
880 2757 1108 2825 ἄγεσθαι
1164 2756 1255 2810 τὸν
1304 2756 1588 2830 ἄνθρωπον
1638 2758 1817 2828 (ποίαν

231 2845 339 2915 γὰρ
397 2846 567 2899 αὑτοῦ
599 2846 831 2918 ἐροῦμεν
860 2846 1085 2917 φύσινς)
1139 2846 1276 2901 ἀλλὰ
1323 2846 1401 2917 πὴ
1443 2848 1541 2919 μὲν
1593 2844 1816 2921 φέρεται

232 2935 373 2989 κατὰ
406 2935 589 3004 φύσιν,
612 2936 692 3007 πὴ
727 2938 784 2991 δὲ
816 2939 957 2991 κατὰ
1011 2936 1348 3008 προαίρεσιν.
1398 2937 1490 2991 Διὸ
1535 2938 1625 2993 τὸν
1657 2939 1815 2994 ἔπαι-

231 3029 465 3131 νον,.καὶ
492 3029 590 3131 τὸν
627 3028 823 3131 ψόγον,
867 3029 965 3131 atat“:
994 3028 1094 3100 τὴν
1126 3029 1426 3102 καταδίκην
1450 3030 1563 3101 ἔχει
1611 3032 1671 3086 ὲν
1702 3036 1814 3097 τοῖς
1839 3069 1884 3131 c

232 3118 375 3173 κατὰ
426 3118 766 3190 προαίρεσιν·
806 3118 867 3171 ὲν
919 3116 978 3169 δὲ
1023 3120 1136 3182 τοῖς
1181 3119 1326 3172 κατὰ
1382 3119 1543 3189 φύσιν
1572 3122 1685 3193 ἔχει
1711 3123 1811 3193 τὴν

229 3211 594 3282 ἁνεγκλησίαν
625 3212 687 3264 οὐ
719 3211 859 3266 κατὰ
905 3210 1071 3276 ἔλεος,
1101 3211 1236 3265 ἀλλὰ
1281 3213 1423 3267 κατὰ
1463 3213 1670 3284 λόγον.»
1702 3216 1814 3269 Καὶ

232 3302 356 3373 ἑξῆς
384 3319 539 3374 φησι*
570 3322 589 3354 ι
615 3302 829 3373 Νόμους
856 3302 1040 3356 ἔθεντο
1059 3302 1351 3375 διαφόρους
1376 3307 1424 3358 οί
1451 3306 1727 3378 ἄνθρωποι
1755 3310 1812 3361 ὲν

232 3394 435 3466 ἑκάστῃ
461 3392 636 3466 χώρᾳ,
658 3394 809 3458 τινὰς
861 3397 1302 3467 γεγραμμένους,
1363 3399 1510 3463 τινὰς
1561 3399 1616 3453 δὲ
1643 3400 1815 3472 ἀγρά-

233 3502 384 3554 φους,
414 3485 476 3549 ἐξ
499 3478 573 3539 ὧν
604 3486 954 3557 διηγήσομαι,
986 3487 1063 3552 t'o;
1088 3485 1346 3553 οἷδα,-καὶ
1393 3482 1470 3544 ὧν
1502 3490 1810 3563 μέμνημαι,

233 3575 534 3646 ἀρξάμενος
560 3576 626 3628 ὲκ
644 3576 743 3646 τῆς
762 3576 854 3630 τοῦ
882 3578 1090 3649 κόσμου
1112 3580 1307 3651 ἀρχῆς.
1325 3580 1507 3650 Νόμος
1533 3581 1648 3634 ἐστὶ
1663 3581 1816 3653 παρὰ

233 3668 433 3739 Σήραις
454 3668 531 3739 (1)
566 3668 773 3739 μηδένα
806 3668 1071 3736 φονεύειν,
1122 3671 1261 3742 μήτε
1313 3671 1620 3743 πορνεύειν,
1678 3674 1813 3744 μήτε

232 3758 502 3825 κλέπτειν,
541 3761 679 3831 μήτε
730 3759 890 3824 ξόανα
919 3764 1261 3833 προσκυνεῖν.
1304 3763 1415 3815 Καὶ
1443 3765 1501 3816 ὲν
1532 3763 1716 3835 ἐκείνῃ
1746 3765 1811 3835 τῇ

235 3849 465 3922 μεγίστῃ
502 3850 656 3921 χώρᾳ
677 3850 737 3903 οὐ
759 3854 881 3907 ναόν
915 3853 1059 3906 ἐστιν
1107 3852 1253 3919 ίδείν,
1280 3852 1341 3906 οὐ
1364 3856 1597 3922 γυναῖκα
1622 3871 1813 3925 πορνι-

232 3940 351 4011 κὴν,
377 3942 438 3994 οὐ
466 3940 753 4011 μοιχαλίδα
803 3942 1232 4016 ὀνομαζομένην,
1283 3946 1344 3998 οὐ
1384 3945 1626 4017 κλέπτην
1657 3946 1813 4001 ἑλκό-

235 4045 390 4099 μενον
430 4030 526 4084 ἐπὶ
576 4029 754 4103 δίκην,
778 4033 879 4085 οὐκ
910 4033 1258 4104 ἀνδροφόνον,
1298 4035 1359 4088 οὐ
1387 4037 1809 4108 πεφονευμένον.

124 4171 132 4180 ,
232 4119 459 4184 Οὐδενὸς
477 4121 586 4194 γὰρ
606 4123 667 4175 τὸ
693 4123 1036 4188 αὐτεξούσιον
1070 4126 1379 4196 ἠνάγκασεν
1436 4129 1467 4180 ό
1505 4128 1599 4182 τοῦ
1654 4146 1815 4201 πυρι-

231 4212 476 4283 λαμπέος
508 4215 702 4286 Ἀρεος
749 4216 924 4288 ἀστὴρ
980 4219 1329 4290 μεσουρανῶν
1376 4219 1543 4290 ἄνδρα
1611 4221 1813 4291 σιδήρῳ

230 4304 459 4357 ἀνελεῖν·
488 4306 550 4357 οὐ
592 4305 810 4377 Κύπρις
840 4309 937 4361 σὺν
972 4309 1128 4379 Ἀρει
1152 4304 1413 4380 τυχοῦσα,
1436 4309 1693 4383 ἀλλοτρίᾳ
1716 4327 1812 4379 γυ-

1931 469 2159 525 litudine
2206 479 2401 525 natura
2443 469 2715 534 distinxit,
2769 468 2888 539 ejus
2935 469 3159 524 ductum
3202 466 3513 522 necessario

1930 562 2096 634 274
2123 562 2342 632 quidem
2363 603 2378 629 ,
2415 562 2509 618 sed
2540 570 2720 617 tamen
2746 560 2990 631 jucunde
3030 558 3183 630 sequi
3210 576 3224 614 :
3261 557 3514 614 homines

1928 670 2091 722 vero,
2125 671 2220 726 qui
2265 655 2546 726 proprium
2588 654 2793 725 aliquid
2819 655 2923 711 soli
2957 669 3025 710 ac
3064 652 3371 724 singulare,
3407 652 3513 707 hoc

1929 755 2010 802 est
2035 754 2274 801 mentem
2295 785 2311 811 ,
2348 760 2580 815 quaeque
2622 743 2984 815 proficiscitur
3007 758 3072 798 ex
3098 752 3313 811 mente,
3347 743 3517 798 ratio-

1927 854 2053 894 nem
2081 839 2338 906 habeant,
2393 850 2451 894 ut
2482 840 2537 893 in
2567 839 2653 903 iis,
2679 853 2803 909 quae
2829 837 2897 893 ad
2920 838 3360 893 communionem
3387 852 3510 908 per-

1927 931 2118 995 tinent,
2149 932 2396 986 eamdem
2431 940 2683 986 naturam
2709 938 3027 1001 sequantur,
3051 928 3510 999 quemadmodum

1922 1021 2035 1092 jam
2065 1032 2192 1077 ante
2216 1023 2364 1091 dixi;
2409 1024 2464 1077 in
2491 1023 2560 1078 iis
2589 1032 2796 1086 tamen,
2830 1037 2952 1092 quae
3000 1022 3259 1092 peculiari
3297 1036 3361 1076 ex
3387 1021 3512 1092 jure

1925 1131 1991 1171 ac
2027 1113 2285 1171 facultate
2310 1116 2580 1186 pendent,
2612 1115 2679 1170 ad
2706 1129 3050 1171 communem
3084 1114 3230 1169 illam
3257 1124 3509 1169 naturam

1925 1204 2111 1260 minus
2156 1205 2557 1261 adhaerescunt.
2609 1203 2720 1260 Nec
2743 1204 2889 1259 enim
2913 1205 3102 1260 eodem
3130 1219 3322 1260 omnes
3352 1214 3511 1259 utun-

1925 1301 2016 1349 tur
2044 1295 2187 1360 cibo,
2240 1309 2365 1350 cum
2410 1293 2502 1348 alii
2552 1293 2794 1358 leonum,
2823 1291 3006 1347 ovium
3037 1291 3128 1346 alii
3161 1291 3266 1344 ritu
3291 1304 3510 1345 vescan-

1924 1393 2013 1442 tur
2043 1399 2060 1440 :
2095 1401 2204 1440 non
2237 1386 2418 1441 cultus
2449 1384 2590 1440 idem
2622 1384 2902 1448 omnibus,
2932 1397 3040 1438 non
3074 1397 3216 1447 mos,
3248 1396 3358 1437 non
3386 1380 3509 1437 vita:

1922 1477 2009 1533 lex
2036 1488 2090 1533 et
2115 1478 2255 1535 ratio
2286 1477 2485 1548 placet,
2506 1491 2614 1532 non
2638 1477 2954 1532 earumdem
2980 1490 3173 1530 omnes
3197 1490 3380 1530 rerum
3413 1490 3509 1529 cu-

1924 1569 2153 1640 piditate
2178 1569 2457 1625 ducuntur
2493 1588 2506 1624 :
2540 1583 2642 1624 suo
2688 1569 2923 1639 quisque
2954 1568 3087 1622 vivit
3109 1567 3369 1633 arbitrio,
3407 1581 3510 1624 nec

1923 1661 2166 1718 vicinum
2222 1662 2557 1732 quisquam,
2609 1662 2715 1717 nisi
2764 1670 3036 1731 quatenus
3090 1660 3269 1716 visum
3321 1658 3507 1728 fuerit,

1920 1755 2230 1811 aemulatur.
2274 1754 2371 1810 Est
2403 1754 2551 1809 enim
2580 1769 2643 1809 ea
2673 1753 2922 1809 libertate
2946 1752 3226 1823 praeditus,
3248 1767 3370 1821 quae
3399 1766 3514 1808 ser-

1920 1847 2147 1904 vitutem
2179 1848 2291 1919 pati
2326 1862 2437 1903 non
2467 1847 2659 1918 possit.
2703 1845 2857 1914 Quod
2900 1848 2946 1902 si
2986 1847 3174 1903 volens
3214 1845 3508 1915 aliquando

1920 1937 2203 2009 libensque
2254 1937 2474 2003 serviat,
2530 1936 2636 1991 hoc
2690 1937 2870 2006 ipsum
2924 1937 3189 1993 libertatis
3237 1936 3359 2006 ejus
3398 1945 3504 2002 est,

1918 2028 2065 2099 quod
2115 2028 2321 2083 servire
2366 2026 2539 2081 libere
2582 2027 2774 2096 possit.
2842 2025 3015 2093 Quam
3046 2026 3202 2081 multi
3231 2026 3505 2092 homines,

1918 2120 2266 2176 Alanzeorum
2313 2120 2616 2191 praesertim
2664 2135 2729 2175 ex
2762 2134 2991 2191 genere,
3048 2120 3231 2175 crudis
3267 2117 3504 2174 ferarum

1918 2227 2074 2268 more
2097 2212 2355 2268 carnibus
2383 2220 2682 2268 vescuntur
2706 2253 2721 2279 ,
2762 2227 2957 2281 panem
2986 2227 3055 2266 ne
3085 2211 3361 2282 attingunt
3387 2210 3506 2281 qui-

1919 2303 2064 2370 dem,
2109 2318 2219 2359 non
2251 2302 2503 2373 penuria.
2549 2304 2645 2360 sed
2674 2303 2988 2358 voluntate?
3048 2301 3153 2357 Alii
3183 2301 3408 2373 perinde
3440 2317 3506 2357 ac

1919 2395 2131 2451 cicures
2179 2396 2483 2453 animantes
2534 2396 2794 2453 carnibus
2850 2395 3144 2465 abstinent.
3202 2395 3310 2450 Alii
3371 2396 3505 2453 solis

1921 2492 2149 2538 utuntur
2199 2484 2478 2554 piscibus,
2512 2500 2652 2555 quos
2676 2485 2803 2552 alii,
2854 2495 2913 2538 ut
2941 2485 3180 2539 maxime
3209 2482 3382 2541 fames
3415 2500 3504 2541 ur-

1919 2585 2061 2646 geat,
2094 2584 2314 2645 gustare
2340 2592 2449 2631 non
2474 2588 2721 2647 possunt.
2769 2578 2875 2631 Alii
2906 2593 3129 2647 aquam,
3165 2578 3354 2633 vinum
3386 2578 3500 2645 alii,

1918 2666 2008 2719 alii
2039 2666 2271 2720 siceram
2323 2667 2537 2737 bibunt.
2605 2667 2849 2737 Denique
2896 2685 3091 2739 magna
3123 2677 3207 2724 est
3234 2669 3291 2724 in
3325 2668 3503 2725 homi-

1918 2772 2049 2811 num
2079 2772 2276 2827 genere
2315 2759 2422 2812 cibi
2458 2768 2730 2829 potusque
2755 2759 3041 2814 diversitas
3062 2798 3077 2823 ,
3112 2775 3277 2829 quam
3308 2760 3364 2813 in
3394 2762 3505 2815 ole.

1916 2863 2039 2901 rum
2064 2849 2227 2903 etiam
2261 2864 2324 2904 ac
2350 2864 2639 2919 pomorum
2673 2865 2776 2905 usu
2810 2851 2994 2905 videre
3027 2851 3171 2906 licet.
3243 2849 3500 2905 Nonnulli

1916 2947 2200 3008 praeterea,
2234 2941 2510 3008 quomodo
2544 2939 2745 3009 scorpii
2781 2940 3105 3009 aspidesque
3138 2939 3333 3005 solent,
3352 2939 3502 2994 nulla

1917 3030 2121 3101 injuria
2167 3031 2403 3087 lacessiti
2441 3031 2674 3095 laedunt,
2710 3032 2887 3087 illatas
2938 3032 3032 3086 alii
3074 3032 3359 3087 brutarum
3392 3032 3506 3091 ani-

1915 3123 2180 3175 mantium
2228 3124 2335 3176 ritu
2378 3129 2782 3192 persequuntur
2812 3120 3062 3191 injurias.
3129 3119 3269 3175 Sunt
3292 3120 3381 3191 qui
3410 3135 3502 3175 ra-
3540 3116 3545 3129 ”

1912 3214 2144 3283 pacitate
2183 3213 2367 3283 lupos,
2402 3213 2536 3269 feles
2569 3222 2624 3268 et
2645 3224 2799 3269 catos
2831 3212 3121 3268 furacitate
3166 3212 3450 3268 imitentur
3481 3230 3494 3270 :

1912 3313 2042 3360 sunt
2066 3313 2276 3370 contra,
2314 3304 2408 3375 qui
2452 3315 2716 3374 tauquam
2746 3320 2877 3360 oves
2907 3312 3003 3359 aut
3049 3318 3260 3374 capreae
3283 3320 3315 3359 a
3345 3305 3495 3361 simi-

1896 3395 2055 3452 .libus
2082 3397 2303 3465 impune
2335 3406 2621 3462 vexentur,
2647 3406 3008 3467 acceptaeque
3037 3396 3266 3467 injurias
3286 3395 3501 3466 patien-

1913 3495 1996 3542 ter
2022 3487 2218 3544 ferant.
2276 3488 2466 3558 Itaque
2495 3488 2586 3542 alii
2621 3488 2787 3555 boni,
2820 3489 3056 3559 improbi
3083 3489 3212 3556 alii,
3241 3488 3333 3544 alii
3362 3488 3499 3559 justi

1915 3587 2197 3634 vocantur.
2231 3580 2410 3650 Atque
2440 3579 2569 3634 hinc
2594 3596 2753 3635 nemo
2775 3596 2885 3636 non
2911 3580 3183 3650 intelligit,
3216 3580 3494 3652 hominem

1914 3671 2077 3726 rebus
2115 3671 2167 3727 in
2193 3673 2450 3727 omnibus
2476 3682 2671 3726 natura
2700 3671 2927 3727 minime
2952 3671 3079 3727 ferri
3112 3674 3308 3742 (quam
3349 3673 3496 3726 enim

1913 3774 2010 3818 aut
2050 3764 2360 3835 cujusmodi
2415 3764 2690 3835 propriam
2741 3764 2861 3834 ejus
2897 3772 3147 3819 naturam
3194 3778 3317 3818 esse
3347 3764 3496 3819 dice-

1914 3855 2129 3921 mus?),
2160 3855 2254 3911 sed
2290 3856 2487 3924 partim
2527 3867 2748 3920 natura,
2774 3856 2973 3926 partim
3009 3855 3304 3910 voluntate.
3340 3854 3394 3909 ln
3427 3854 3497 3910 iis

1912 3962 2079 4017 ergo,
2114 3962 2237 4018 quae
2269 3947 2567 4003 voluntatis
2593 3957 2759 4013 sunt,
2808 3948 2969 4002 modo
3004 3947 3196 4013 laude,
3230 3946 3395 4003 modo
3417 3948 3500 4002 vi-

1913 4036 2149 4105 tuperio,
2184 4035 2348 4090 modo
2377 4049 2537 4105 poena
2567 4036 2765 4106 dignus
2793 4044 2877 4091 est
2902 4054 2916 4103 ;
2953 4045 3010 4091 at
3035 4036 3093 4092 in
3121 4035 3212 4102 iis,
3243 4051 3366 4106 qua:
3394 4052 3497 4091 na-

1915 4135 2050 4180 turae
2078 4124 2211 4180 vitio
2238 4126 2397 4189 ﬁunt,
2429 4124 2579 4179 omni
2611 4125 3031 4194 reprehensione
3070 4139 3259 4180 carere
3295 4124 3492 4192 debet;

1914 4226 2077 4287 atque
2106 4216 2159 4271 id
2182 4216 2452 4286 judicium
2503 4230 2614 4270 non
2639 4215 3018 4273 misericordia
3038 4254 3054 4282 ,
3107 4215 3203 4272 sed
3238 4216 3377 4272 ratio
3405 4216 3495 4271 di-

1914 4318 2043 4364 ctat.
2067 4328 2085 4360 ι
2108 4305 2233 4362 Haec
2262 4307 2371 4373 ille,
2401 4307 2601 4378 quibus
2619 4307 2782 4374 idem,
2801 4323 2923 4378 quae
2949 4316 3273 4378 sequuntur,
3299 4306 3495 4377 adjun-

230 4398 375 4450 ναικὶ
413 4397 638 4468 μιγῆναί
666 4416 786 4453 τινα
813 4401 939 4471 παρ’
959 4401 1185 4465 ἐκείνοις
1210 4402 1427 4466 πάντως
1459 4403 1605 4475 πάσῃ
1631 4403 1812 4475 ἡμέρᾳ

1919 4400 2016 4470 git.
2064 4419 2082 4451 ι
2124 4397 2333 4462 Varias,
2371 4398 2574 4470 inquit,
2608 4398 2751 4469 leges
2799 4398 3026 4470 singulis
3054 4399 3110 4453 in
3157 4399 3491 4470 regionibus,

233 4491 693 4561 μεσουρανοῦντος
756 4492 849 4546 τοῦ
917 4495 1131 4564 Ἄρεος,
1183 4496 1277 4549 καὶ
1327 4496 1474 4568 πάσῃ
1549 4496 1667 4569 ὥρᾳ
1714 4497 1807 4550 καὶ

228 4579 412 4651 ἡμέρᾳ
433 4581 786 4651 γεννωμένων
809 4583 917 4637 τῶν
947 4584 1159 4656 Σηρῶν.
1185 4585 1345 4658 Παρὰ
1382 4588 1561 4651 Ἰνδοῖς
1586 4590 1680 4641 καὶ
1710 4588 1813 4643 Βά-

230 4685 414 4741 κτροις
442 4672 550 4724 εἰσὶ
572 4672 809 4743 χιλιάδες
843 4675 1033 4730 πολλαὶ
1076 4675 1185 4730 τῶν
1226 4677 1529 4749 λεγομένων
1553 4678 1811 4751 Βραχμά-

229 4776 333 4815 νων
352 4761 453 4833 (2),
480 4762 677 4828 οἵτινες
705 4766 850 4821 κατὰ
900 4767 1197 4838 παράδοσιν
1242 4768 1353 4821 τῶν
1395 4770 1673 4839 προγόνων
1716 4771 1810 4823 καὶ

294 4907 323 4937 ι
347 4895 438 4950 Ζσ.
465 4896 571 4951 del.
600 4896 678 4951 ἓν.

296 5009 411 5082 (99)
466 5012 802 5086 Ἀλαναίῳν.
851 5011 928 5069 De
974 5014 1209 5071 Alanaeis
1256 5017 1392 5071 nihil
1444 5018 1567 5086 legi.
1621 5018 1808 5074 Simile

226 5094 356 5157 vero
389 5087 618 5157 est_non_
650 5083 788 5137 alios
830 5099 951 5157 esse
977 5102 1155 5157 quam
1191 5086 1414 5151 Alanos,
1451 5083 1683 5157 quorum
1715 5088 1808 5144 Jo-

226 5152 448 5224 sephus,
488 5149 785 5224 Lucianus,
818 5154 909 5207 alii
940 5149 1183 5224 plerique
1207 5149 1591 5211 meminerunt.

294 5222 370 5291 (1)
402 5224 568 5289 Παρὰ
592 5222 829 5291 Σήραις.
865 5222 953 5278 An
983 5222 1129 5279 Seras
1161 5241 1192 5279 a
1237 5226 1462 5282 Seribus
1492 5228 1623 5281 alii?
1647 5227 1808 5285 Seres

227 5293 443 5369 quidem
479 5308 510 5345 a
558 5292 799 5369 _Caes_ario
848 5296 1245 5369 nominantur:
1289 5297 1712 5369 Σῆρεςηὶηηηίῐ,
1752 5300 1805 5352 oi

224 5362 281 5415 τὸ
322 5363 493 5443 ἄκρον
524 5361 625 5443 τῇς
670 5363 881 5443 Χέρσου
937 5365 1231 5443 οἰκοῦντες,
1269 5361 1433 5443 νόμον
1483 5361 1707 5443 ἔχοντες
1747 5369 1807 5443 τρ

225 5431 477 5509 πατρῷον
530 5431 695 5509 ἑθοςη
719 5431 792 5509 μὴ
848 5431 1234 5506 ὲταιρίξεσθαιέ
1282 5431 1432 5509 ᾼμῆδὲ
1485 5431 1647 5509 5:61;"
1668 5431 1701 5509 ’ί
1732 5438 1806 5509 μὴ

227 5502 538 5576 peribea},
565 5503 641 5576 μὴ
670 5502 878 5569 ξοάνοις
910 5502 1250 5576 προσκυνεῖν,
1336 5502 1803 5561 ποτνιᾶσθαιδὰίέ

225 5573 530 5648 μοσι,ᾉμηδ’
559 5573 695 5648 ὅλως
717 5576 774 5626 ὲν
799 5573 991 5648 αύτοῖς-
1015 5573 1549 5648 ύπάρχεινείδωλον,
1584 5578 1616 5648 ἢ
1659 5580 1806 5631 ἑταῖ-

258 5660 338 5717 ᾳν,
438 5642 755 5717 μοιχαλίδα,
779 5646 880 5717 *οὐκ
913 5642 1276 5717 συλώτην,ὀύ
1304 5647 1489 5716 φονέα,
1523 5648 1582 5701 ού
1606 5642 1806 5702 ’λωπο-

251 5712 403 5778 ύτην,
433 5712 565 5771 οισι.
593 5712 916 5771 Eusebianis
966 5712 1194 5774 prorsus
1238 5712 1439 5773 allinia.
1476 5717 1710 5774 Eosdem
1741 5717 1798 5774 S.

1912 4492 2109 4563 partim
2169 4495 2440 4563 scriptas,
2496 4493 2693 4563 partim
2758 4507 2865 4547 non
2945 4492 3178 4563 scriptas
3242 4492 3494 4548 homines

1913 4586 2177 4650 tulerunt,
2214 4601 2245 4640 e
2273 4585 2474 4656 quibus
2500 4601 2595 4640 eas
2615 4625 2632 4651 ,
2661 4599 2782 4653 qua:
2813 4593 2955 4639 notae
2982 4584 3118 4638 mihi
3148 4592 3311 4652 sunt,
3345 4599 3493 4654 quae-

1910 4689 2017 4745 que
2066 4675 2118 4729 in
2162 4676 2478 4730 memoriam
2512 4675 2581 4729 ab
2613 4674 2763 4728 orbis
2805 4673 3026 4729 conditu
3078 4674 3351 4741 subeunt,
3388 4675 3492 4728 hoc

1911 4770 2033 4823 loco
2068 4766 2364 4838 proferam.
2430 4766 2586 4837 Apud
2640 4764 2801 4821 Seras
2862 4766 2948 4820 lex
2980 4774 3082 4833 est,
3137 4780 3245 4836 qua
3294 4765 3489 4831 caedes,

1912 5018 2269 5088 Epiphanius,
2300 5016 2617 5088 pag._lO9l,
2632 5016 2737 5088 ubi
2767 5016 2928 5088 etiam
2957 5014 3287 5088 dediversis
3313 5013 3491 5068 diver-

1913 5084 2098 5144 sarum
2132 5084 2371 5158 gentium
2404 5084 2839 5158 ritibu_s,2npoug
2868 5084 3122 5158 appellat.

2005 5159 2061 5227 2)
2113 5153 2499 5226 Βραχμάνων.
2558 5153 2831 5227 Caesarius
2889 5153 3269 5227 Bpaypavoﬁg
3295 5163 3487 5220 vocat;

1913 5225 2006 5284 sed
2035 5225 2097 5281 τὸ
2129 5225 2183 5298 χ,
2221 5225 2403 5288 eredo,
2438 5227 2499 5298 in,
2517 5242 2572 5294 γ,
2619 5226 2829 5298 succisa
2859 5226 3005 5298 tibiae
3036 5233 3209 5294 parte,
3239 5225 3490 5298 decurta-

1913 5307 2026 5353 tum
2078 5294 2162 5353 est
2192 5312 2206 5350 :
2238 5298 2441 5367 Νόμος,
2490 5296 2701 5367 inquit,
2740 5295 2890 5367 παρὰ
2932 5294 3323 5367 Βακτριανοῖς,
3368 5294 3488 5367 ἡτοι

1908 5369 2263 5440 Βραγμανοῖς
2293 5366 2465 5437 (atqui
2491 5366 2651 5440 latius
2682 5366 2954 5440 Bactriani
2982 5375 3188 5440 patent,
3220 5380 3321 5417 nec
3353 5366 3486 5440 alte-

1908 5433 2048 5493 rum
2070 5433 2176 5506 'pro
2219 5433 2401 5492 altero
2424 5434 3086 5506 promiscue_sumitu_r),ﬁ
3109 5436 3173 5488 ὲκ
3204 5433 3486 5506 προγόνων

1909 5502 2124 5591 παιδεία
2158 5510 2297 5591 (lege
2317 5548 2353 5591 ,_
2371 5509 2404 5576 ἡ
2425 5502 2527 5591 "Exn
2549 5575 2561 5590 '
2587 5502 3085 5591 np‘oyév;‘7:!a't§sta)'
3128 5507 3200 5591 μὴ
3252 5502 3483 5591 μεθύειν

1936 5573 2201 5648 interpres
2233 5573 2475 5647 legitppiq
2502 5573 2842 5648 θύειν),μηδὲ
2864 5573 3085 5648 ἀψύχων
3120 5573 3483 5648 ἀπογεύεσθαι

1936 5581 2201 5648 interpres
2233 5580 2378 5647 legit,
2402 5580 2475 5647 μὴ
2502 5580 2691 5640 θύειν),
2711 5580 2842 5645 μηδὲ
2864 5580 3085 5646 ἀψύχων
3120 5580 3482 5642 ἀπογεύεσθαι

1911 5580 2133 5717 (novum
2188 5651 2369 5718 plane
2399 5663 2571 5716 genus
2617 5646 2829 5716 ἀποχῆς
2848 5685 2863 5711 ,
2909 5658 2963 5701 et
2989 5645 3353 5718 Pythagorea:
3406 5644 3482 5718 illi

1910 5715 2313 5788 ἀντικειμένης.
2348 5715 2488 5788 Lege
2508 5733 2630 5772 cum
2659 5715 2869 5785 no'stro,
2902 5716 3026 5787 μηδ’
3049 5715 3357 5788 ἐμψύχων)·
3384 5715 3483 5767 οὐκ
