3878 6220
238 202 339 257 469

1398 198 1721 255 ΡΒᾹὶΡΑΚ.
1766 197 2023 257 EVANG.
2068 197 2197 254 LIB.
2239 196 2330 252 Vl.

3397 190 3504 246 470

229 334 330 381 κας
352 318 636 388 γεωργεῖν,
676 318 766 371 καὶ
805 318 1128 389 οἰκοδομεῖν,
1185 317 1279 371 καὶ
1334 317 1514 373 πάντα
1538 318 1606 374 τὰ
1642 318 1811 391 ὲργα-

1931 318 2147 374 :aedium
2180 314 2549 380 immanitate,
2598 310 2683 368 vel
2712 308 3037 383 indignitate
3069 308 3384 381 nuptiarum
3410 309 3506 366 be-

224 408 352 461 τικὰ
380 408 671 480 πράσσειν,
696 411 792 463 καὶ
830 414 1109 465 κοινωνεῖν
1163 406 1245 475 οἷς
1282 410 1350 466 ἂν
1380 411 1693 483 βούλωνται·
1717 413 1812 467 καὶ

225 501 302 571 μὴ
334 502 681 569 ἐγκαλεῖσθαι
702 502 807 556 ὑπὸ
831 502 940 556 τῶν
965 502 1196 575 ἀνδρῶν,
1224 504 1362 575 μήτε
1394 504 1673 559 καλεῖσθαί
1691 521 1814 561 τινα

225 592 530 662 μοιχαλίδα,
556 592 635 665 τῷ
667 594 847 658 πάσας
871 596 1171 666 ὲργατικὰς
1202 591 1365 662 εἶναι,
1414 597 1508 650 καὶ
1539 598 1672 651 πᾶσι
1700 615 1813 651 κοι-

223 682 438 747 νωνεῖν,
473 681 712 753 μάλιστα
734 682 792 736 δὲ
813 687 927 747 τοῖς
953 684 1145 750 ξένοις.
1180 686 1290 739 Καὶ
1332 686 1457 739 οὔτε
1496 687 1811 759 μυρίζονται

220 770 479 842 Γήλισσαι
510 778 788 842 γυναῖκες,
823 777 922 848 οὐχ
951 778 1141 849 ἱμάτια
1185 780 1368 850 βαπτὰ
1404 782 1682 853 φοροῦσιν,
1716 785 1810 838 άν-

220 863 481 936 υπόδητοι
498 864 556 919 δέ
583 867 689 920 εἰσι
723 869 912 921 πᾶσαι·
937 870 1115 924 καίτοι
1157 868 1261 924 τῶν
1289 872 1477 944 Γήλων
1502 873 1708 945 ἀνδρῶν
1732 892 1817 929 κο-

225 956 550 1027 σμουμένων
584 960 643 1012 ὲν
675 962 958 1032 φορήμασι
1012 962 1276 1033 μαλακοῖς
1319 965 1414 1021 καὶ
1439 968 1496 1019 ὲν
1540 966 1814 1039 διαφόροις

222 1048 500 1121 χρώμασι,
556 1052 652 1105 καὶ
697 1057 1201 1126 χρυσοφορούντων,
1265 1059 1360 1112 καὶ
1415 1058 1811 1130 μυριζομένωνο

223 1145 320 1196 καὶ
348 1144 410 1197 οὐ
436 1147 579 1200 κατά
607 1163 729 1200 τινα
759 1147 926 1219 ἄλλην
963 1149 1255 1219 μαλακίαν,
1290 1154 1397 1206 είσὶ
1422 1154 1531 1227 γὰρ
1558 1154 1813 1226 ἀνδρεῖοι,

223 1237 320 1289 καὶ
367 1238 821 1309 πολεμικώτατοι,
879 1242 975 1295 καὶ
1036 1244 1556 1315 κυνηγετικώτατοι.
1589 1247 1699 1301 Καὶ
1752 1249 1812 1301 ού

223 1332 398 1385 πᾶσαι
418 1333 473 1385 αί
506 1333 614 1385 τῶν
642 1334 828 1406 Γήλων
853 1339 1112 1403 γυναῖκες
1145 1338 1338 1411 ἔλαχον
1364 1342 1422 1393 ὲν
1456 1341 1813 1412 Αίγοκέρωτι,

224 1420 257 1491 ἦ
283 1423 342 1474 ἐν
382 1421 685 1494 Ὑδρηχόῳ,
711 1425 1215 1496 κακοδαιμονοῦσαν
1243 1428 1341 1499 τὴν
1364 1428 1601 1501 Κύπριν’
1626 1429 1737 1483 οὗθ’
1765 1432 1815 1484 οἱ

223 1511 421 1582 ἄνδρες
452 1512 633 1568 αύτῶν
650 1515 852 1579 πάντες
879 1515 1093 1586 ἔχουσιν
1117 1520 1173 1570 ἐν
1203 1518 1358 1590 Κριῷ
1389 1520 1486 1573 σὺν
1521 1521 1677 1591 "Aps:
1716 1520 1814 1593 τὴν

225 1600 466 1672 Παφίην,
507 1602 638 1657 ἔνθα
657 1605 784 1669 τοὺς
811 1607 1091 1678 ἀνδρείους
1138 1610 1233 1663 καὶ
1269 1610 1574 1674 σπατάλους
1593 1612 1644 1664 oi
1671 1611 1817 1665 Χαλ-

1919 409 2090 465 neﬁca
2138 408 2318 463 sidera
2354 420 2613 462 revocare
2634 443 2649 470 ,
2685 418 2788 460 nec
2823 411 2891 458 ad
2918 403 3100 459 scelus
3127 404 3503 459 Brachmanas

1920 502 2135 571 adigere
2164 499 2406 555 maleﬁca
2450 504 2763 568 potuerunt.
2813 494 2966 565 Apud
3014 494 3214 551 Persas
3244 494 3330 549 lex
3357 502 3497 561 erat,

1920 609 2023 663 qua
2051 607 2160 647 non
2188 591 2327 646 ﬁlias
2352 598 2563 645 tantum
2592 596 2690 643 aut
2711 601 2950 653 sorores,
2975 587 3069 643 s'ed
3097 587 3247 656 ipsas
3281 598 3505 656 quoque

1920 697 2125 740 matres
2170 698 2355 738 secum
2387 680 2739 736 matrimonio
2781 679 3012 749 jungere
3040 678 3257 733 licebat.
3311 675 3425 732 Nec
3448 678 3508 735 in

1920 791 1982 833 ea
2010 776 2230 847 regione
2262 784 2497 839 tantum,
2524 788 2659 829 eove
2710 773 2979 828 duntaxat
3008 771 3062 825 in
3093 771 3333 834 climate,
3368 768 3511 825 ince-

1922 878 2037 925 stas
2080 868 2200 924 illas
2229 865 2410 922 Persae
2444 866 2663 936 nuptias
2705 866 3138 931 contrahebant;
3200 864 3295 918 sed
3341 862 3504 917 etiam

1921 968 2192 1029 quotqu0t
2214 972 2404 1013 eorum
2432 971 2463 1012 e
2484 953 2708 1011 Perside
2740 955 2849 1010 alio
2874 954 3333 1025 commigrarunt,
3367 966 3509 1023 quos

1922 1050 2225 1120 Maguszeos
2251 1055 2469 1111 vocant,
2497 1046 2690 1102 iisdem
2713 1046 2931 1118 flagitiis
2980 1044 3228 1101 obstricti
3264 1050 3508 1106 manent,

1920 1143 2266 1214 posterisque
2288 1142 2405 1197 suis
2432 1139 2777 1195 baereditario
2800 1138 2959 1208 quasi
2984 1137 3109 1209 jure
3124 1136 3269 1208 leges
3298 1145 3353 1191 et
3379 1148 3512 1189 con-

1923 1234 2242 1290 suetudines
2276 1232 2493 1287 easdem
2525 1230 2862 1300 relinquunt.
2932 1228 3110 1298 Atque
3139 1228 3302 1299 hujus
3329 1226 3511 1283 natio-

1921 1325 2009 1378 nis
2041 1322 2260 1394 plurimi
2287 1323 2611 1387 etiamnum,
2646 1321 2700 1375 in
2730 1319 2902 1374 Media
2923 1360 2937 1384 ,
2963 1318 3220 1390 Egypto,
3250 1317 3509 1391 Phrygia,

1922 1413 2134 1470 Galatia
2168 1414 2533 1484 reperiuntur.
2559 1412 2747 1483 Neque
2767 1420 2947 1466 tamen
2980 1408 3268 1476 Venerem,
3293 1411 3511 1481 opinor,

1921 1508 2214 1579 quisquam
2259 1507 2480 1573 dixerit,
2514 1505 2568 1559 in
2603 1505 2845 1561 omnium
2890 1520 2953 1559 ac
2984 1504 3327 1573 singulorum
3366 1512 3511 1567 ortu.

1923 1602 2003 1655 sic
2033 1601 2086 1655 in
2112 1600 2313 1655 ﬁnibus
2335 1601 2652 1670 aedibusque
2675 1599 2896 1655 Saturni
2920 1598 3257 1665 constitisse,
3288 1611 3344 1655 ut
3368 1599 3515 1657 Mars

223 1693 502 1759 δαῖζοντες
533 1695 775 1765 λέγουσι.
818 1700 980 1772 Παρὰ
1035 1701 1304 1774 Βάκτροις
1344 1703 1421 1774 (7)
1479 1705 1536 1758 αἱ
1565 1707 1821 1774 γυναῖκες

1931 1709 2045 1747 cum
2078 1694 2266 1748 eodem
2302 1692 2540 1747 Saturno
2570 1697 2947 1753 comitaretur.
3002 1694 3159 1765 Apud
3183 1693 3347 1750 Gelos
3377 1709 3512 1749 cau-

226 1786 391 1839 παντὶ
416 1788 609 1861 κόσμῳ
628 1789 959 1862 διαφέροντι,
997 1795 1092 1847 καὶ
1135 1796 1299 1849 παντὶ
1346 1795 1504 1868 μύρῳ
1560 1796 1822 1869 χρῶνται,

225 1878 666 1950 ὑπηρετούμεναι
696 1883 802 1936 ὑπὸ
826 1884 1146 1949 παιδίσκων,
1163 1886 1259 1939 καὶ
1279 1886 1575 1941 νεανίσκων
1604 1888 1822 1958 μᾶλλον,

226 1968 262 2040 ἦ
288 1971 338 2023 οἱ
373 1969 586 2042 ἄνδρες·
634 1976 1038 2046 προερχόμεναι
1094 1976 1233 2047 μετὰ
1283 1977 1484 2049 πολλῆς
1524 1978 1825 2048 φαντασίας

226 2060 480 2131 ἔφιπποι,
508 2066 812 2136 κοσμοῦσαι
841 2067 1023 2139 πολλῷ
1045 2068 1232 2140 χρυσῷ
1259 2070 1352 2123 καὶ
1405 2069 1575 2135 λίθοις
1609 2070 1827 2143 βαρυτί-

230 2172 355 2226 μοις
381 2158 510 2221 τοὺς
537 2158 763 2224 ἵππους.
788 2160 901 2214 Καὶ
928 2161 990 2213 ού
1027 2160 1423 2232 σωφρονοῦσιν,
1474 2160 1588 2215 ἀλλ’
1609 2161 1829 2231 ἀδιαφό-

228 2267 342 2322 ρως
380 2252 698 2307 κοινωνοῦσι
720 2255 834 2318 τοῖς
856 2254 1065 2318 δούλοις
1111 2256 1207 2308 καὶ
1234 2259 1348 2318 τοῖς
1397 2255 1587 2321 ξένοις·
1644 2256 1827 2311 ἄδειαν

225 2343 748 2419 ἕχουσαιτοιαύτην,
775 2347 872 2401 καὶ
909 2346 1014 2400 ὑπὸ
1043 2347 1153 2402 τῶν
1204 2348 1417 2420 ἀνδρῶν
1455 2349 1531 2420 μὴ
1564 2349 1827 2417 ἐγκαλού-

229 2456 413 2511 μεναι,
446 2439 634 2509 σχεδὸν
668 2440 1017 2512 κυριεύουσιν
1051 2441 1254 2495 αὐτῶν.
1280 2443 1393 2497 Καὶ
1426 2443 1487 2495 ού
1519 2442 1737 2507 πάντως
1769 2445 1826 2497 ὲν

227 2532 385 2605 πάσῃ
405 2534 618 2601 γενέσει
639 2532 749 2586 τῶν
774 2536 833 2587 ὲν
866 2534 1114 2607 Βακτρίᾳ
1176 2535 1452 2603 γυναικῶν
1499 2538 1829 2609 μεσουρανεῖ

227 2626 374 2697 μετὰ
406 2627 527 2689 Διὸς
583 2629 678 2681 καὶ⁸
702 2628 899 2699 ’Ἄρεος
954 2629 1013 2681 ὲν
1067 2626 1218 2693 ίδίοις
1268 2630 1418 2701 ὅροις
1460 2629 1493 2699 ἡ
1533 2627 1827 2697 φιλόγελως

237 2716 556 2789 Ἀφροδίτη.
619 2719 708 2771 Ἐν
739 2718 795 2772 δὲ
824 2721 893 2790 τῇ
945 2718 1176 2790 Ἀραϐίᾳ
1216 2718 1292 2788 (8)
1321 2718 1417 2772 καὶ
1440 2719 1507 2789 τῇ
1561 2718 1825 2791 Ὀσροηνῇ

226 2807 292 2861 οὐ
328 2808 488 2880 μόνον
518 2811 577 2862 αἱ
608 2810 916 2881 μοιχαλίδες
949 2810 1285 2879 φονεύονται,
1311 2809 1449 2865 ἀλλὰ
1488 2812 1583 2865 καὶ
1615 2813 1672 2865 αἱ
1699 2812 1831 2865 ὑπο-

225 2900 568 2970 πτευόμεναι
616 2902 716 2954 οὐκ
766 2902 1022 2970 ἀφίενται
1058 2901 1422 2974 ἀτιμώρητοι.
1466 2903 1625 2975 Παρὰ
1679 2904 1830 2976 Πάρ·

226 2990 346 3055 θοις
374 2992 450 3063 (9)
471 2995 567 3047 καὶ
607 2994 915 3065 Ἀρμενίοις
946 2995 997 3047 οἱ
1042 2997 1227 3065 φονεῖς
1285 2995 1653 3069 ἀναιροῦνται,
1696 2998 1829 3052 ποτὲ

231 3085 336 3158 μὲν
360 3085 469 3140 ὑπὸ
499 3085 610 3141 τῶν
640 3087 934 3155 δικαστῶν,
966 3088 1100 3141 ποτὲ
1155 3088 1212 3142 δὲ
1251 3088 1357 3142 ὑπὸ
1405 3090 1513 3144 τῶν
1546 3091 1824 3160 συγγενῶν

228 3178 343 3232 τῶν
370 3180 772 3250 φονευομένων.
810 3181 921 3234 Καὶ
955 3181 1050 3235 ὲάν
1072 3199 1156 3246 τις
1190 3181 1425 3254 φονεύσῃ
1464 3185 1699 3252 γυναῖκα
1728 3184 1826 3238 αύ-

228 3269 352 3335 τοῦ,
379 3272 415 3343 ἢ
442 3272 672 3342 ἀδελφὸν
696 3274 941 3339 ἄτεκνον,
967 3274 1000 3346 ἦ
1027 3275 1260 3346 ἀδελφὴν
1291 3276 1526 3347 ἄγαμον,
1562 3277 1595 3348 ἢ
1622 3278 1757 3340 υἱὸν,
1791 3277 1824 3349 ἢ

229 3363 536 3437 θυγατέρα,
564 3366 664 3419 οὐκ
702 3366 1015 3436 ἐγκαλεῖται
1044 3368 1150 3421 ὐπό
1180 3385 1330 3432 τινος
1368 3368 1534 3440 νόμου
1582 3368 1827 3423 τοιούτου

230 3456 579 3529 ὑπάρχοντος
608 3460 667 3511 ὲν
703 3461 825 3522 ταῖς
854 3456 1064 3531 χώραις
1107 3459 1365 3524 ἐκείναις·
1425 3461 1558 3533 παρ’
1602 3461 1828 3532 Ἕλλησι

232 3549 290 3603 δὲ
320 3550 417 3603 καὶ
459 3550 752 3620 Ῥωμαίοις
814 3551 1023 3623 μείζονι
1071 3552 1313 3625 τιμωρίᾳ
1357 3552 1747 3607 ὑποϐάλλονται
1778 3555 1827 3606 οί

232 3641 346 3695 τῶν
379 3642 598 3695 οίκείων
636 3644 730 3696 καὶ
778 3642 1058 3713 συγγενῶν
1114 3645 1387 3713 φονευταί.
1428 3646 1516 3698 Ἐν
1553 3646 1773 3718 Ἀτροις
1801 3647 1831 3698 ὁ

235 3733 492 3787 κλέπτων
511 3751 564 3787 τι
594 3734 783 3788 ὀϐολοῦ
833 3735 984 3800 ἄξιον
1014 3734 1319 3801 λιθάζεταιο
1357 3736 1511 3809 παρὰ
1562 3737 1830 3809 Βάκτροις

235 3826 399 3895 ὀλίγα
434 3825 684 3880 κλέπτων
718 3826 1041 3898 ὲμπτύεταυ
1087 3827 1242 3900 παρὰ
1279 3828 1571 3900 Ῥωμαίοις
1596 3828 1831 3900 πληγαῖς

237 3916 554 3982 αἰκίζεται⁸
608 3917 845 3972 τοιοῦτοι
899 3917 1012 3991 γὰρ
1052 3920 1103 3972 οἱ
1153 3919 1328 3991 νόμοι.
1371 3920 1505 3974 Ἀπὸ
1545 3920 1830 3993 Εὐφράτου

239 4008 517 4082 ποταμοῦ,
552 4010 845 4083 καὶμέχρι
896 4009 994 4064 τοῦ
1040 4011 1316 4077 Ὠκεανοῦ,
1354 4013 1432 4077 ὡς
1490 4013 1583 4067 ἐπὶ
1635 4014 1830 4067 ἀνατο-

239 4103 363 4169 λὰς,
389 4105 419 4157 ὁ
444 4103 849 4177 λοιδορούμενος
879 4104 955 4169 ὼς
1006 4107 1222 4175 φονεὺς,
1273 4107 1307 4177 ἢ
1357 4106 1432 4171 ὼς
1479 4107 1738 4179 κλέπτης,
1768 4109 1829 4161 οὐ

239 4282 582 4356 νοθεύονται,
627 4290 732 4356 etc.
778 4283 958 4356 ρίᾘδὲ
1009 4283 1202 4356 ἄνδρες
1234 4283 1598 4356 Δστιϐάζονται
1645 4286 1832 4356 ἐσθῆτι

246 4306 582 4347 νοσευονται,
627 4306 732 4338 etc.
780 4306 845 4337 Ut
897 4306 958 4337 οε
1009 4306 1202 4356 ανορες
1254 4306 1598 4350 στιοαςονται
1645 4306 1739 4340 εσυ
1779 4306 1832 4342 τι

246 4354 503 4427 μαλακῇ,
554 4352 651 4427 καὶ
703 4353 991 4425 ἁνθοϐάφῳ
1039 4353 1335 4427 περιϐολῇ,
1362 4364 1440 4427 κει
1489 4364 1702 4427 caetera.
1742 4306 1834 4413 1i)e

242 4425 528 4481 stellarum
568 4425 623 4478 in
653 4440 845 4479 eorum
875 4435 996 4479 ortu
1027 4425 1473 4480 concurrentium
1495 4426 1827 4483 diversitate.

244 4495 593 4566 Epiphanius
622 4495 740 4550 loco
762 4495 874 4566 jam
908 4495 1151 4562 laudato,
1189 4511 1342 4566 num.
1380 4496 1470 4563 10,
1498 4495 1703 4565 Γηλούς
1734 4513 1833 4553 no-

244 4565 454 4632 minat,
504 4565 687 4636 itidem
734 4574 795 4619 ut
839 4565 1178 4620 Bardesanes
1216 4574 1270 4620 et
1318 4565 1685 4636 Ptolemaeus;
1736 4569 1831 4624 sed

245 4638 353 4692 hoc
383 4636 454 4691 iis
479 4635 993 4707 singularegtribuit,
1029 4644 1089 4690 ut
1112 4636 1260 4707 apud
1293 4636 1442 4706 ipsos
1478 4640 1527 4690 ot
1560 4637 1630 4691 τὰ
1655 4635 1833 4707 φαῦλα

245 4707 505 4778 δρῶντες,
524 4704 680 4778 ,πρὸς
706 4704 815 4760 τῶν
847 4707 1032 4778 νόμων
1050 4704 1239 4778 αὐτῶν
1258 4704 1641 4778 ἐπαινοῦνται.
1668 4704 1834 4764 Celas

294 4779 463 4832 linius
499 4776 596 4832 lib.
635 4793 709 4841 vi,
756 4792 874 4846 cap.
918 4776 1009 4849 16,
1047 4776 1628 4849 interAaliosHyrcani
1663 4779 1833 4835 maris

250 4849 469 4904 accolas
497 4856 942 4918 numerat,_quos
968 4846 1144 4918 Graeci
1178 4846 1457 4918 Cadusios
1488 4849 1830 4918 appellarint.

251 4918 414 4974 Gelas
446 4930 625 4971 tamen
672 4932 704 4972 a
742 4915 1248 4989 iCailusiisStrabo
1292 4915 1580 4989 distinguit
1609 4919 1701 4974 lib.
1735 4936 1830 4988 x1;

250 4990 447 5044 ambos
474 4997 656 5058 tamen
691 4988 758 5042 ad
798 4986 1033 5058 Hyrcani
1065 5002 1163 5042 seu
1209 4987 1393 5058 Caspii
1444 4986 1617 5056 maris
1652 4986 1835 5044 orien-L

250 5060 414 5114 talem
441 5100 458 5124 ,
502 5069 564 5130 et
591 5057 791 5130 _Tauri
841 5057 1046 5112 montis
1084 5057 1574 5130 septentrionalem
1618 5060 1832 5130 plagam

253 5128 560 5184 constituit.
590 5127 972 5197 TheOphanes,
1002 5129 1096 5197 qui
1128 5127 1369 5197 Pompeii
1399 5140 1580 5185 castra
1615 5127 1835 5187 secutus

251 5210 391 5264 erat,
427 5199 574 5268 apud
619 5201 870 5253 eumdem
919 5198 1299 5262 Strabonem,
1329 5200 1632 5269 eodemque
1670 5201 1831 5261 libro.

254 5273 569 5324 Amazonas
628 5269 768 5342 int_er
814 5279 867 5323 et
924 5269 1200 5342 Albanos__
1220 5269 1451 5342 collocat
1504 5270 1684 5342 Γήλας
1741 5271 1836 5325 καὶ

253 5342 480 5410 Δήγας,
514 5354 655 5410 quos
690 5337 935 5410 zonaras
966 5349 1117 5393 torno
1156 5336 1231 5410 Π,
1260 5340 1474 5410 minus,
1513 5336 1579 5393 ut
1616 5341 1832 5410 opinor,

252 5408 420 5472 reetc,
450 5408 1314 5481 Peucini.Aiyuagnorninat.
1358 5408 1601 5481 Denique
1635 5408 1836 5466 Cedre-

255 5495 361 5551 nus
410 5494 538 5551 pag.
584 5479 709 5545 127,
753 5478 980 5534 Caesarii
1025 5479 1205 5551 locum
1236 5478 1535 5551 συντόμως
1577 5480 1832 5546 aﬁ‘erens,

254 5549 547 5620 Γηλαίους,
599 5564 728 5617 non,
781 5556 841 5602 ut
887 5558 973 5605 est
1021 5550 1165 5619 apud
1221 5549 1516 5618 Orteliu'm,
1575 5551 1835 5616 Gellwos;

256 5620 432 5676 multo
468 5621 801 5691 _minus,g_ut
839 5628 925 5675 est
949 5620 1109 5691 apud
1134 5620 1535 5691 interpretem,
1576 5622 1832 5691 Agelms,

258 5701 439 5748 vocat.
464 5689 650 5761 Itaque
673 5688 854 5761 Γῆλοι,
877 5689 984 5759 vel,
1005 5688 1069 5746 ut
1094 5690 1187 5746 alii
1209 5688 1392 5765 Γηλοὶ,
1414 5691 1602 5764 Γῆλαι,
1621 5688 1830 5763 remi,

1923 1792 2040 1839 tum
2067 1785 2184 1856 lege
2206 1794 2308 1849 est,
2328 1785 2407 1839 uti
2439 1786 2697 1842 mulieres
2721 1796 2921 1842 terram
2947 1789 3149 1855 colant,
3168 1788 3364 1843 domos
3389 1786 3517 1843 aedi-

1925 1877 2118 1942 ﬁcent,
2154 1892 2218 1931 ac
2248 1877 2474 1949 reliquis
2505 1878 2823 1948 hujusmodi
2850 1880 3111 1950 operibus
3134 1887 3370 1946 vacent,
3402 1880 3515 1934 imo

1923 1971 2250 2040 quibuscum
2304 1971 2437 2041 ipsa:
2487 1972 2785 2038 voluerint,
2855 1974 3077 2044 impune
3125 1982 3510 2029 consuescant.

1925 2063 2021 2130 Ita,
2054 2079 2155 2118 nec
2199 2065 2523 2133 reprehendi
2559 2080 2590 2121 a
2614 2064 2768 2131 viris,
2802 2080 2905 2121 nec
2930 2066 3193 2121 adulterae
3212 2066 3398 2121 vocari
3424 2078 3517 2121 so—

1923 2154 2055 2219 lent,
2088 2154 2235 2223 quod
2287 2169 2481 2209 omnes
2511 2155 2717 2225 pariter
2743 2156 2873 2210 etin
2901 2148 3165 2211 similium
3191 2157 3395 2212 artium
3426 2170 3517 2213 oc-

1926 2245 2213 2314 cupatione
2239 2255 2549 2314 versentur,
2568 2254 2623 2301 et
2652 2263 2778 2302 cum
2804 2249 3062 2305 omnibus
3088 2249 3422 2321 promiscue,
3452 2264 3518 2304 ac

1925 2336 2225 2406 praesertim
2255 2352 2378 2392 cum
2410 2337 2710 2407 peregrinis
2742 2338 3172 2409 conjungantur.
3243 2337 3514 2394 Praeterea

1926 2444 2028 2483 nec
2064 2438 2465 2499 unguentorum
2482 2429 2710 2485 Gelissis
2743 2430 3087 2499 mulieribus,
3106 2446 3208 2487 nec
3222 2431 3515 2487 tinctarum

1927 2521 2158 2575 vestium
2175 2537 2310 2577 usus
2328 2530 2411 2577 est
2432 2540 2445 2575 :
2471 2522 2582 2576 imo
2604 2522 2766 2577 nudis
2783 2538 3003 2593 quoque
3018 2523 3246 2594 pedibus
3261 2522 3519 2579 incedunt

1928 2612 2097 2684 276
2126 2628 2352 2680 omnes;
2390 2629 2514 2669 cum
2562 2614 2767 2669 interea
2806 2614 2907 2668 viri
2942 2630 3053 2671 non
3080 2614 3267 2669 mollia
3296 2622 3512 2671 tantum

1930 2719 1994 2759 ac
2016 2705 2279 2770 delicata,
2309 2706 2401 2760 sed
2429 2705 2593 2760 etiam
2624 2713 2679 2759 et
2705 2705 2889 2759 colore
2912 2704 3167 2762 distincta
3198 2706 3511 2777 multiplici,

1930 2803 1986 2851 et
2009 2810 2146 2850 auro
2180 2796 2510 2851 eollucentia
2534 2795 2860 2851 vestimenta
2891 2794 3056 2863 ferre,
3086 2806 3250 2867 atque
3275 2814 3520 2869 unguen-

1929 2883 2002 2939 tis
2033 2882 2286 2954 perfundi
2316 2883 2725 2940 consueverint.
2757 2881 2913 2950 Quod
2946 2885 3050 2955 ipsi
3080 2894 3263 2941 tamen
3287 2901 3388 2957 pro
3420 2901 3520 2945 sua

1933 2976 2166 3046 quadam
2192 2975 2466 3046 insitaque
2495 2977 2806 3032 animorum
2835 2978 3049 3049 ignavia
3083 2993 3195 3034 non
3225 2978 3417 3049 utique
3445 2977 3520 3034 fa-

1929 3068 2094 3135 ciant,
2126 3082 2250 3123 cum
2308 3075 2364 3123 et
2410 3066 2696 3123 fortissimi
2724 3068 2856 3135 sint,
2892 3082 2945 3125 et
2973 3069 3241 3125 bellorum
3274 3070 3521 3127 venatio-

1930 3158 2127 3228 nisque
2154 3157 2495 3228 peritissimi.
2554 3155 2666 3214 Nec
2713 3157 2932 3214 feminae
2968 3159 3114 3230 apud
3141 3160 3263 3215 illos
3286 3201 3301 3226 ,
3332 3169 3431 3215 aut
3460 3161 3518 3216 in

1928 3255 2285 3327 Capricorno,
2316 3263 2411 3309 aut
2439 3254 2494 3309 in
2520 3254 2763 3325 Aquario
2796 3254 3093 3310 infaustam
3127 3268 3323 3311 omnes
3351 3251 3521 3310 Vene-

1928 3365 2044 3404 rem
2082 3348 2447 3420 infestamque
2499 3348 2707 3404 sortitze
2759 3357 2889 3404 sunt
2941 3366 2955 3402 :
3015 3362 3119 3404 nec
3164 3362 3361 3404 rursus
3414 3345 3519 3401 viri

1930 3456 2122 3497 omnes
2166 3441 2413 3496 eamdem
2448 3440 2503 3495 in
2548 3438 2733 3495 Ariete
2785 3456 2909 3495 cum
2943 3438 3116 3495 Marte
3168 3440 3518 3510 coniunctam

1932 3531 2173 3598 habent,
2198 3546 2308 3601 quo
2337 3531 2628 3602 utriusque
2652 3532 2762 3587 situ
2787 3574 2802 3598 ,
2848 3531 3015 3588 t‘nrtes
3040 3531 3206 3588 simul
3236 3547 3300 3587 ac
3322 3531 3521 3587 delica-

1932 3629 2018 3677 tos
2052 3622 2205 3677 nasci
2235 3621 2616 3679 Chaldaeorum
2668 3630 2963 3679 sectatores
2999 3630 3306 3679 autumant.
3361 3621 3520 3693 Apud

1932 3715 2182 3783 Bactros,
2216 3717 2475 3771 mulieres
2504 3717 2654 3772 omni
2686 3717 2867 3773 cultus
2900 3732 2965 3772 ac
3010 3715 3198 3771 mundi
3228 3715 3516 3786 elegantia,

1931 3809 2192 3878 omnique
2222 3817 2622 3879 unguentorum
2657 3823 2854 3879 genere
2902 3808 2980 3862 uti
3029 3807 3240 3874 solent,
3274 3806 3520 3877 adeoque

1933 3900 2208 3970 pluribus,
2242 3915 2409 3971 quam
2440 3900 2565 3964 viri,
2598 3900 2924 3956 ancillarum
2949 3914 3013 3956 ac
3036 3913 3333 3970 puerorum
3360 3898 3520 3954 obse-

1933 3991 2082 4063 quiis
2111 3991 2412 4062 ofﬁciisque
2442 3992 2569 4047 coli.
2596 3990 2878 4048 Prodeunt
2906 3991 2961 4046 in
2987 3991 3166 4063 equis,
3181 4006 3322 4061 quos
3350 3990 3520 4047 multo

1934 4099 2073 4139 auro
2102 4083 2441 4155 gemmisque
2474 4083 2885 4155 pretiosissimis
2936 4082 3247 4156 phaleratos
3296 4082 3517 4151 habent,

1935 4286 2168 4347 Γελαῖοι,
2204 4285 2347 4355 apud
2381 4285 2627 4356 diversos
2664 4295 2915 4341 auctores
2960 4298 3191 4356 prorsus
3224 4285 3413 4352 iidem,
3448 4286 3519 4340 li~

1863 4388 1911 4448 Β
1938 4366 2026 4448 get
2070 4356 2258 4438 Γέλλαι
2298 4364 2352 4448 et
2380 4355 2590 4448 Γιῇξιῖοι
2640 4355 3517 4448 curruprumhnonlennxideatur:

1937 4427 2177 4482 Feminae
2223 4437 2402 4481 autem
2436 4426 2694 4497 Γήλισσαι
2729 4424 3069 4497 dicebantur.
3101 4425 3170 4480 At
3197 4424 3419 4493 Γελῶοι,
3453 4426 3521 4497 de

1932 4499 2137 4568 quibus
2173 4512 2340 4568 supra
2387 4496 2511 4568 pag;
2545 4497 2675 4568 2'53,
2707 4496 3300 4568 quil‘eia‘t’ousmpius,
3331 4507 3387 4568 et
3412 4496 3517 4552 ali-

1933 4565 2154 4638 quando
2186 4565 2454 4638 Γέλλαϊοι,
2481 4565 2693 4638 Latinis
2710 4566 2918 4638 Gelani
2953 4574 3009 4621 et
3040 4565 3317 4638 Galenus!
3349 4567 3522 4638 inter-

1933 4634 2174 4709 dumque
2201 4636 2518 4709 _Geltenses,
2552 4638 2607 4691 in
2663 4636 2850 4709 Sicilia
2884 4646 3041 4709 sunt.
3095 4634 3232 4709 Nam
3275 4636 3520 4709 Γελώους

1934 4706 2140 4765 frustra
2195 4706 2507 4769 Stephanus
2560 4706 2827 4777 repudiat.
2883 4706 3125 4778 Γελῶνοι
3167 4707 3405 4778 denique
3461 4707 3519 4762 in

1936 4780 2229 4845 Sarmatia,
2264 4780 2462 4848 partim
2494 4778 2780 4848 Europaaa,
2808 4778 3006 4848 partim
3040 4777 3301 4834 Asiatica.

2007 4850 2085 4933 (_7)
2117 4847 2638 4933 μαρὰ-βάκτροις..
2658 4847 2987 4933 "Caesarius.
3016 4848 3138 4929 loco
3182 4850 3277 4933 cit.
3317 4847 3520 4933 delia-

1936 4916 2164 4978 ctrianis
2207 4916 2529 4974 mulieribus
2559 4918 2729 4983 nihil;
2766 4928 2822 4974 at
2863 4916 3114 4973 Susianis
3142 4916 3331 4973 eadem
3358 4920 3519 4973 attri-

1936 4992 2055 5047 buit
2099 5008 2113 5044 :
2150 4991 2240 5043 Ἐν
2293 4988 2351 5042 δὲ
2399 4987 2642 5054 Σούσοις,
2679 4990 2885 5059 inquit,
2921 4989 3023 5059 τῆς
3063 4987 3403 5059 Βαϐυλῶνος,
3460 4991 3517 5043 al

1935 5063 2192 5139 γυναῖκες
2232 5060 2393 5139 παντὶ
2430 5059 2586 5131 μύρῳ
2633 5058 2961 5139 διαφέροντι,
2982 5058 3093 5113 καὶ
3122 5058 3311 5139 κόσμῳ
3336 5058 3515 5139 χρῶν-

1934 5128 2046 5195 ται,
2095 5128 2567 5203 ὑπηρετούμεναι,
2605 5131 2701 5183 καὶ
2736 5128 2988 5203 ςφαιδρῶς
3042 5128 3327 5202 προϊοῦσαι
3343 5128 3385 5196 ,⁷
3418 5130 3517 5186 σὺν

1939 5199 2235 5323 βλωσυρὲφ,
2270 5199 2635 5282 καῖ’διαχύσει
2665 5199 2856 5323 namq1
2881 5199 2892 5203 ⁷
3051 5270 3062 5281 _

2010 5272 2087 5323 (8)
2149 5272 2162 5291 ’
2206 5287 2246 5323 ν
2278 5269 2348 5323 δὲ
2396 5288 2469 5323 τη
2512 5271 2758 5323 Ἀραϐία.
2857 5285 2956 5323 eae
3002 5268 3062 5323 Τι

2010 5272 2087 5343 (8)
2114 5268 2348 5343 ξἘνῃδὲ
2396 5268 2758 5343 τῆξἉραϐΙᾳ.
2804 5268 3396 5343 LegeuTiraquellum,
3443 5270 3516 5328 ad

1937 5340 2046 5413 leg.
2068 5340 2222 5397 illam
2251 5340 2282 5393 7
2309 5342 2549 5397 connub.
2588 5342 2705 5397 haec
2745 5350 2800 5395 et
2846 5340 3044 5396 similia
3076 5340 3325 5412 pluribus
3356 5357 3513 5398 exse-

1976 5422 2215 5468 uentem.

1938 5427 2278 5554 qufsgliigba
2302 5481 2581 5552 Πάρθοις.
2610 5479 2865 5554 Cruenta:
2892 5480 3058 5552 hujus
3084 5490 3139 5537 et
3171 5484 3353 5554 impiae
3380 5498 3514 5540 con-

1940 5552 2246 5608 suetudinis
2278 5554 2609 5609 mentionem
2650 5552 2778 5605 alibi
2826 5567 2934 5605 non
2983 5554 3214 5621 reperio.
3244 5552 3411 5610 Multa
3443 5554 3514 5609 de

1938 5622 2269 5678 Parthorum
2343 5623 2589 5678 moribus
2644 5621 2701 5676 in
2760 5621 3036 5677 historicis
3101 5625 3512 5682 commentariis

1940 5692 2139 5751 Strabo
2169 5695 2481 5765 scripserat,
2515 5699 2576 5750 ut
2598 5692 2693 5749 lib.
2724 5690 3015 5764 Geograph.
3042 5708 3104 5762 ll,
3132 5694 3421 5766 signiﬁcat.
