3878 6220
277 243 347 298 73
1410 243 1733 300 eumn.
1776 218 2033 299 EVANG.
2074 243 2205 299 LIB.
2247 243 2339 300 vr.

3400 242 3503 299 ΠΛ

234 373 349 414 που
378 362 573 432 κρατεῖ
594 360 651 415 δὲ
678 362 734 415 ὲν
761 361 967 437 ἑκάστῃ
1003 361 1168 436 μοίρᾳ
1193 363 1301 418 τῶν
1333 364 1633 437 ἀνθρώπων
1657 366 1779 437 νόμε

1883 402 1893 424 ι
1923 362 2056 429 fetu,
2089 364 2387 434 eodemque
2440 362 2748 419 necessario
2780 370 3045 432 tempore,
3080 370 3244 432 prout
3275 361 3362 417 lex
3412 377 3508 416 na-

232 451 333 502 καὶ
371 449 513 514 ἔθος,
542 451 633 505 διὰ
654 451 714 505 τὸ
739 451 1085 518 αὐτεξούσιον
1114 452 1206 507 τοῦ
1243 455 1339 507 ἀνθ
1351 455 1550 526 ρώπου.
1577 456 1687 509 Καὶ
1721 455 1820 508 ούκ

231 545 532 611 ἀναγκάζει
552 546 586 616 ἡ
617 546 829 614 γένεσις
849 548 974 610 τοὺς
1016 547 1196 618 Σῆρας
1225 546 1298 618 μὴ
1347 547 1596 610 θέλοντας
1628 547 1819 617 φονεύ-

230 653 336 701 ειν,
367 636 399 707 ἣ
430 636 557 700 τοὺς
610 638 938 709 Βραχμᾶνας
984 641 1338 709 κρεοφαγεῖν,
1365 638 1397 709 ἦ
1430 641 1554 701 τοὺς
1600 639 1817 711 Πέρσας

228 728 507 799 ἀθεμίτως
537 729 611 801 μὴ
634 732 854 801 γαμεῖν,
892 729 926 801 ἦ
970 731 1096 792 τοὺς
1136 730 1330 792 Ἰνδοὺς
1362 733 1434 803 μὴ
1469 732 1740 795 καίεσθαι,
1780 732 1812 804 ἢ

228 821 358 884 τοὺς
384 821 603 893 Μήδους
638 821 711 895 μὴ
762 822 1038 877 ἐσθίεσθαι
1065 823 1171 878 ὑπὸ
1220 825 1418 890 κυνῶν,
1451 824 1483 896 ἦ
1521 826 1648 887 τοὺς
1673 824 1815 897 Πάρ·

226 912 356 977 θους
375 915 451 985 μὴ
470 915 830 987 πολυγαμεῖν,
861 916 893 988 ἢ
936 917 1038 979 τὰς
1069 917 1127 969 ὲν
1172 921 1238 990 τῇ
1281 918 1681 989 Μεσοποταμίᾳ
1713 935 1812 986 γυ-

222 1008 420 1069 ναῖκας
454 1007 530 1078 μὴ
559 1011 876 1077 σωφρονεῖν,
910 1008 943 1078 ἢ
969 1009 1094 1074 τοὺς
1124 1009 1390 1079 Ἕλληνας
1428 1009 1506 1081 μῆ
1533 1009 1810 1081 γυμνάζε-

222 1095 351 1149 σθαι
388 1100 615 1168 γυμνοῖς
656 1101 770 1162 τοῖς
828 1097 1095 1170 σώμασιν,
1143 1100 1176 1172 ἢ
1211 1102 1336 1164 τοὺς
1397 1101 1702 1172 Ῥωμαίους
1734 1100 1809 1173 μὴ

217 1188 521 1260 κρατεῖν,ἢ
560 1190 687 1253 τοὺς
737 1189 974 1254 Γάλλους
1001 1190 1075 1262 μὴ
1104 1193 1419 1263 γαμεῖσθαι,
1473 1195 1506 1265 ἦ
1564 1193 1635 1247 τὰ
1673 1192 1807 1248 ἀλλα

217 1277 473 1351 βάρϐαρα
502 1279 645 1350 ἔθνη.
673 1282 794 1345 ταῖς
841 1281 946 1334 ὑπὸ
999 1283 1108 1338 τῶν
1172 1283 1438 1347 Ἑλλήνων
1483 1284 1805 1356 λεγομέναις

213 1368 464 1433 Μούσαις
514 1376 811 1425 κοινωνεῖν.
878 1372 1039 1439 Ἀλλ’,
1107 1374 1184 1438 ὡς
1230 1377 1521 1447 προεῖπον,
1575 1377 1803 1431 ἕκαστον

212 1461 389 1527 ἔἹνος,
416 1466 513 1517 καὶ
539 1464 770 1528 ἕκαστος
800 1464 907 1518 τῶν
928 1465 1233 1538 ἀνθρώπων
1264 1468 1461 1539 χρῆται
1505 1472 1569 1541 τῇ
1607 1472 1801 1525 ἑαυτοῦ

208 1555 516 1628 ἐλευθερίᾳ,
548 1557 624 1621 ὡς
655 1557 903 1629 βούλεται
957 1559 1052 1612 κοιλ⁹
1085 1561 1175 1613 ὅτε
1216 1559 1489 1629 βούλεται,
1538 1562 1633 1615 καὶ
1681 1564 1802 1616 δου-

204 1645 358 1701 λεύει
387 1653 453 1721 τῇ
483 1651 693 1719 γενέσει
725 1652 816 1704 καὶ
841 1654 906 1721 τῇ
938 1651 1117 1721 φύσει,
1150 1654 1217 1706 δι’
1246 1656 1309 1725 ἦν
1342 1655 1648 1726 περίκειται
1676 1657 1799 1728 σάρυ

1922 464 2060 511 turae
2090 456 2217 519 fert,
2279 456 2441 511 simul
2470 470 2662 511 omnes
2689 456 2912 525 pariunt
2941 473 2954 509 :
2982 455 3075 510 sed
3104 454 3363 525 projectis
3388 470 3508 509 ma-

1921 548 2095 611 ribus,
2128 548 2274 602 solas
2299 548 2605 617 suscipiunt
2638 547 2899 617 aluntque
2927 546 3179 602 feminas.
3244 544 3383 600 Sunt
3405 561 3506 600 au-

1920 653 2026 695 tem
2057 640 2331 695 bellicosa:
2364 655 2574 705 omnes,
2606 647 2658 693 et
2705 640 2759 693 in
2800 639 2949 694 omni
2973 639 3380 693 exercitationis
3412 655 3504 709 ge-

1916 749 2047 788 nere
2069 735 2347 804 praeeipuo‘
2373 735 2555 789 studio
2585 749 2825 802 curaque
2852 740 3162 787 versantur.
3217 730 3339 787 Jam
3367 730 3505 785 Mer-

1914 825 2127 880 curium
2163 824 2346 880 ferunt
2375 826 2492 881 suis
2527 827 2580 880 in
2626 826 2836 881 aedibus
2888 840 3013 880 cum
3044 825 3253 881 Venere
3279 838 3503 896 congre-

1912 918 2150 972 dientem
2181 918 2435 982 ﬁctores,
2467 918 2704 987 pictores
2727 958 2743 982 ,
2773 918 3208 984 nummularios;
3239 928 3295 972 at
3320 919 3374 972 in
3405 916 3502 972 Ve-

1911 1009 2060 1065 neris
2084 1010 2312 1075 aedibus,
2364 1011 2781 1080 unguentarios,
2820 1011 3151 1080 phonascos,
3203 1010 3498 1067 histriones

1909 1100 2139 1157 eﬂiccre.
2171 1101 2334 1172 Atqui
2368 1103 2510 1172 apud
2540 1102 2742 1158 Tainos
2768 1112 2822 1158 et
2850 1101 3176 1166 Saracenos,
3206 1118 3271 1158 ac
3295 1111 3405 1156 tam
3441 1103 3495 1156 in

1909 1180 2191 1262 superiore
2223 1190 2415 1265 Libya,
2451 1209 2616 1264 quam
2650 1195 2793 1264 apud
2820 1194 3060 1259 Mauros,
3088 1210 3188 1250 nec
3214 1209 3322 1249 non
3351 1194 3495 1266 apud

1907 1278 2182 1337 Nomadas
2203 1283 2360 1348 illos,
2392 1284 2484 1353 qui
2512 1282 2714 1338 Oceani
2744 1286 2946 1339 ostium
2979 1286 3270 1351 accolunt,
3302 1286 3497 1340 simul-

1905 1388 2012 1444 que
2037 1383 2147 1429 tam
2183 1375 2237 1429 in
2266 1377 2537 1431 exteriore
2562 1376 2881 1441 Germania,
2937 1392 3101 1446 quam
3131 1378 3185 1431 in
3221 1378 3494 1434 Sarmatia

1904 1465 2210 1534 superiore,
2268 1466 2489 1537 Scythia
2546 1483 2789 1537 quoque,
2838 1483 2904 1522 ac
2950 1468 3163 1523 caeteris
3211 1470 3494 1536 omnibus,

1902 1572 2025 1625 qua:
2049 1556 2116 1610 ad
2146 1558 2599 1626 septentrionales
2640 1557 2797 1612 Ponti
2828 1570 3012 1627 partes
3042 1560 3289 1613 habitant
3320 1562 3496 1631 genti-

1902 1648 2037 1714 bus;
2073 1648 2300 1719 insuper
2349 1658 2459 1703 tota
2512 1652 2715 1719 passim
2744 1651 2935 1704 Alania
2958 1693 2973 1719 ,
3004 1652 3229 1707 Albania
3250 1694 3265 1717 ,
3298 1650 3490 1721 Otene,

204 1756 304 1802 κα,
338 1715 567 1812 ἠμὲν
615 1743 691 1807 ὼς
741 1715 1010 1813 βούλεται,
1049 1744 1124 1816 πή
1172 1745 1228 1798 δὲ
1267 1715 1350 1810 ’ὼς
1405 1715 1480 1818 μὴ
1526 1715 1774 1819 βούλετσίι

1905 1737 2108 1794 Saunia
2128 1781 2143 1804 ,
2177 1750 2231 1795 et
2253 1756 2419 1795 aurea
2442 1739 2783 1795 Chersoneso
2804 1780 2818 1804 ,
2851 1757 3027 1810 neque
3061 1744 3490 1800 nummularium

202 1830 470 1902 Πανταχῆ
499 1833 609 1905 γὰρ
665 1835 760 1887 καὶ
810 1837 867 1888 ὲν
901 1837 1065 1889 παντὶ
1100 1836 1241 1890 ἔθνει
1268 1840 1374 1892 εἰσ).
1427 1839 1673 1893 πλούσιοι
1703 1841 1796 1894 καὶ

202 1925 461 1997 πένητες,
499 1926 594 1980 καὶ
623 1926 882 1998 ἄρχοντες
910 1929 1004 1982 καὶ
1056 1930 1368 2001 ἀρχόμενοι,
1407 1933 1500 1986 καὶ
1549 1933 1795 2004 ἐρρωμέ-

198 2032 284 2069 νοι
309 2017 405 2070 καὶ
429 2015 733 2083 νοσοῦντες,
765 2018 995 2082 ἕκαστος
1022 2019 1160 2072 κατὰ
1209 2022 1335 2084 τοὺς
1380 2022 1479 2091 τῆς
1528 2023 1793 2091 γενέσεως

196 2106 368 2161 αὑτοῦ
405 2108 661 2181 κλήρους.
728 2108 935 2175 Ταῦτα,
970 2104 1015 2163 ὦ
1049 2111 1376 2184 Βαρδισάνη,
1414 2114 1599 2185 ἄκρως
1645 2115 1792 2185 ἡμᾶς

195 2198 457 2264 πέπεικε,
485 2201 629 2272 φημὶ
657 2198 826 2271 αὐτῷ.
862 2204 925 2255 Οἱ
963 2203 1019 2255 δὲ
1045 2205 1369 2275 ἀστρονόμοι
1405 2206 1537 2275 φασὶ
1563 2207 1662 2277 τὴν
1688 2206 1791 2278 γῆν

189 2292 405 2361 ταύτην
455 2294 785 2365 μεμερίσθαι
842 2299 922 2360 εἰς
974 2296 1115 2350 ἑπτὰ
1144 2296 1404 2367 κλίματα,
1459 2299 1553 2350 καὶ
1602 2298 1790 2369 ἄρχειν

188 2385 431 2438 ἑκάστου
471 2386 735 2458 κλίματος
761 2388 856 2442 ἕνα
879 2387 988 2442 τῶν
1028 2389 1167 2443 ἐπτά
1221 2388 1487 2459 ἀστέρωνι
1524 2391 1618 2442 καὶ
1665 2391 1790 2454 τοὺς

184 2477 485 2549 διαφόρους
518 2480 715 2550 νόμους
733 2481 805 2552 μή
839 2482 965 2545 τοὺς
991 2480 1311 2554 ἀνθρώπους
1334 2481 1636 2535 τεθεικέναι
1671 2484 1791 2535 ἐαυ-

182 2572 328 2633 τοῖς,
366 2570 482 2623 ἀλλ’
509 2571 741 2625 ἑκάστου
796 2574 1056 2646 ἄρχοντος
1091 2574 1406 2639 πλεονάζειν
1456 2575 1516 2628 τὸ
1575 2575 1787 2648 θέλημα

181 2665 247 2716 ἐν
276 2665 342 2734 τῇ
369 2663 476 2734 ἰδίᾳ
509 2662 684 2735 χῴρα,
709 2664 767 2718 ὃν
797 2666 962 2735 νόμον
1019 2665 1367 2736 νενομίκασιν
1407 2666 1455 2718 οί
1483 2667 1787 2738 κρατούμε-

178 2775 290 2811 νοι.
327 2757 687 2829 Ἀπεκρίνατο
711 2758 822 2829 (12)
857 2760 958 2812 οὐκ
1002 2758 1208 2831 ἀληθὴς
1240 2761 1272 2830 ἡ
1302 2758 1592 2830 ἀπόκρισις
1621 2760 1781 2832 αὕτη,

175 2842 507 2904 ὧΦίλιππε.
529 2850 593 2903 Et
619 2849 729 2922 γάρ
754 2849 1113 2922 καὶδιῄρηται
1138 2853 1171 2923 ἡ
1195 2837 1491 2924 οἰκουμένη
1520 2855 1601 2917 είς
1639 2854 1779 2927 μέρη

175 2940 350 3005 ἑπτὰ,
384 2940 502 2994 ἀλλ’
529 2936 622 2996 οὖν
649 2958 713 3011 γε
742 2944 799 2994 ἐν
834 2944 935 3013 μιᾷ
996 2943 1174 3015 μερίδι
1225 2943 1551 3016 εὑρίσκομεν
1582 2946 1781 3011 πολλὰς

172 3034 449 3108 διαφορὰς
476 3036 677 3107 νόμων.
709 3037 843 3091 Οὐδὲ
870 3036 979 3108 γάρ
1003 3038 1145 3091 ἑπτὰ
1177 3038 1332 3109 νόμοι
1359 3040 1466 3092 εἰσὶ
1488 3041 1629 3094 κατὰ
1653 3044 1778 3106 τοὺς
1806 3059 1847 3115 (;

173 3128 323 3182 ἑπτὰ
343 3128 607 3199 ἀστέρας,
628 3128 749 3182 οὐδὲ
776 3126 984 3183 δώδεκα
1013 3129 1156 3182 κατὰ
1175 3129 1244 3182 τά
1263 3129 1447 3197 ζώδια,
1478 3132 1598 3186 οὐδὲ
1633 3150 1781 3204 τρια-

174 3217 432 3283 κονταὲξ,
458 3218 603 3272 κατὰ
635 3220 762 3279 τοὺς
789 3218 1048 3283 δεκανοὺς
1071 3219 1205 3290 (l5),
1233 3221 1370 3275 ἀλλά
1400 3223 1602 3295 μυρίοι.
1632 3226 1780 3297 Μνη-

175 3311 435 3383 μονεύειν
476 3329 541 3365 τε
592 3311 835 3381 ὀφείλετε
889 3305 967 3366 ὧν
1023 3315 1305 3382 προεῖπον,
1363 3315 1445 3368 ὅτι
1499 3317 1593 3370 καὶ
1614 3319 1671 3370 ὲν
1695 3319 1777 3372 ἑνὶ

170 3406 427 3476 κλίματι,
479 3405 662 3459 καὶέν
722 3407 822 3477 μιᾷ
872 3404 1027 3478 χώρᾳ
1096 3408 1204 3461 τῶν
1274 3407 1451 3461 Ἰνδῶν
1497 3411 1634 3463 εἰσιν
1679 3411 1774 3463 ἀν-

170 3497 534 3570 θρωποφάγοι
600 3497 790 3563 Ἰνδοὶ,
854 3499 949 3553 καί
1019 3500 1157 3554 εἰσιν
1224 3502 1274 3555 οἱ
1328 3500 1587 3573 ἐμψύχων
1669 3504 1777 3557 ἀπ-

168 3590 462 3661 εχόμενον
533 3591 629 3644 καὶ
691 3591 774 3644 ὅτι
829 3591 879 3643 οἱ
933 3592 1274 3660 Μαγουσαῖοι
1355 3594 1455 3646 οὐκ
1519 3595 1577 3647 ὲν
1634 3594 1775 3667 Περ-

166 3683 277 3737 σίόι
339 3682 482 3756 μόνῃ
532 3681 633 3746 τὰς
689 3683 995 3756 θυγατέρας
1031 3685 1302 3757 γαμοῦσιν
1327 3728 1342 3752 ,
1403 3686 1541 3739 ἀλλά
1581 3688 1677 3741 καὶ
1711 3689 1771 3743 ὲν

165 3777 337 3830 παντὶ
377 3775 541 3839 ἔθνει,
571 3777 704 3829 ὅπου
738 3776 804 3830 ἂν
833 3779 1099 3849 οἰκήσωσι
1120 3818 1134 3842 ,
1170 3780 1297 3843 τοὺς
1339 3779 1447 3832 τῶν
1489 3781 1772 3850 προγόνων

164 3867 540 3937 φυλάσσοντες
571 3866 790 3938 νόμους,
831 3868 926 3920 καὶ
955 3868 1063 3922 τῶν
1092 3868 1408 3941 μυστηρίων
1459 3871 1639 3924 αὐτῶν
1672 3871 1770 3936 τὰς

160 3959 413 4022 τελετάς.
454 3959 614 4012 Ἀλλά
654 3961 751 4013 καὶ
784 3960 955 4015 πολλά
990 3961 1245 4034 βάρϐαρα
1295 3962 1422 4034 ἔθνη
1476 3964 1769 4030 κατελέξα-

164 4070 292 4123 μεν,
318 4051 395 4106 τά
415 4069 475 4105 τε
501 4053 629 4106 ὅντα
650 4052 709 4106 ὲν
742 4054 1080 4127 μεσημϐρίᾳ,
1106 4056 1199 4109 καὶ
1222 4055 1393 4119 δύσει,
1426 4057 1520 4111 καὶ
1534 4057 1764 4130 ἀνατολῇ

159 4145 261 4197 καὶ
294 4144 509 4215 ἄρκτῳ,
540 4144 817 4199 τουτέστιν
843 4148 901 4199 ὲν
926 4147 1201 4218 διαφόροις
1233 4146 1494 4217 κλίμασι,
1534 4150 1608 4222 μὴ
1644 4167 1768 4221 μετ-

156 4234 366 4307 έχοντα
408 4236 715 4307 Ἐρμαῖκῆς
776 4240 1107 4310 ἐπιστήμης.
1142 4240 1326 4302 Πόσοι,
1358 4239 1638 4311 νομίζετε,
1674 4259 1765 4294 σο·-

158 4328 256 4398 φοὶ
287 4327 488 4400 ἄνδρες
526 4330 849 4400 παρήγαγον
868 4330 996 4393 τοὺς
1024 4330 1211 4395 κακῶς
1230 4332 1514 4402 κειμένους
1541 4333 1758 4404 νόμους;

1900 1832 2069 1886 ullum
2104 1833 2315 1899 videas,
2349 1848 2525 1903 neque
2556 1833 2830 1899 ﬁctorem,
2864 1849 3040 1902 neque
3064 1836 3327 1904 pictorem
3355 1876 3369 1901 ,
3396 1852 3492 1893 ne-

1896 1938 2002 1993 que
2030 1925 2388 1979 architectum
2420 1967 2434 1990 ,
2466 1942 2641 1995 neque
2676 1934 3005 1996 geometram
3027 1968 3041 1990 ,
3078 1942 3254 1996 neque
3283 1927 3491 1996 phona-

1897 2030 2074 2080 scum,
2101 2031 2276 2086 neque
2308 2016 2635 2071 histrionem
2669 2035 2683 2068 :
2726 2016 2819 2071 sed
2859 2016 3065 2069 ambitu
3096 2016 3188 2070 illo
3218 2027 3486 2072 terrarum

1899 2107 2181 2174 universo,
2238 2109 2319 2163 vis
2370 2108 2472 2163 ista
2518 2106 2773 2163 Mercurii
2815 2107 3153 2179 Venerisque
3190 2109 3337 2163 nulla
3380 2123 3485 2166 est.

1892 2202 2035 2258 Medi
2064 2218 2257 2257 omnes
2285 2202 2537 2267 cani-bus,
2570 2218 2712 2272 quos
2743 2202 2949 2273 ingenti
2979 2204 3134 2257 alunt
3160 2204 3358 2268 studio,
3387 2203 3487 2258 ad-

1892 2296 2000 2351 huc
2056 2297 2321 2367 spirantia
2380 2296 2837 2351 moribundorum
2890 2312 3123 2367 corpora
3177 2297 3486 2367 objiciunt;

1892 2403 2069 2458 neque
2093 2399 2275 2443 tamen
2305 2405 2496 2444 omnes
2525 2391 2708 2445 lunam
2737 2400 2899 2460 atque
2921 2389 3148 2443 Martem
3176 2391 3229 2444 in
3251 2390 3486 2457 Cancro,

1889 2482 2073 2535 diurni
2103 2490 2259 2536 ortus
2288 2481 2550 2552 praesides
2597 2483 2702 2537 sub
2731 2492 2931 2536 terram
2967 2482 3226 2536 habuere.
3282 2480 3399 2536 Indi
3433 2490 3488 2536 et

1890 2582 2232 2627 mortuorum
2279 2573 2568 2638 cadavera,
2596 2581 2652 2627 et
2679 2572 2898 2627 illorum
2949 2588 3150 2627 uxores
3194 2573 3338 2626 ultro
3364 2586 3487 2627 sese

1888 2664 2174 2719 offerentes
2198 2665 2529 2719 comburunt
2557 2683 2571 2719 :
2600 2680 2777 2734 neque
2807 2672 3298 2734 tamen,quolquot
3341 2665 3485 2733 apud

1886 2757 2007 2812 illos
2062 2757 2199 2810 vivae
2245 2757 2508 2812 mulieres
2565 2757 2987 2822 comburuntur,
3057 2756 3239 2809 Solem
3291 2770 3483 2810 omnes

1885 2847 2085 2903 Leonis
2117 2849 2170 2903 in
2204 2849 2416 2905 aedibus
2440 2842 2473 2915 ,⁷
2500 2847 2801 2917 Martisque
2832 2846 3067 2914 ﬁnibus,
3118 2846 3222 2900 sub
3278 2854 3480 2900 terram

1884 2956 2008 2995 cum
2041 2941 2231 2995 eodem
2262 2939 2437 2995 Marte
2479 2939 2860 3009 conjunctum,
2889 2948 3013 2993 ortu
3060 2948 3332 2994 nocturno
3360 2954 3482 2994 sor-

1884 3033 1993 3087 titae
2030 3042 2178 3086 sunt.
2216 3032 2474 3087 Germani
2507 3033 2777 3103 plerique,
2824 3033 3009 3089 fractis
3035 3034 3233 3103 laqueo
3260 3032 3482 3088 cervici-

1883 3126 1986 3179 bus
2019 3126 2186 3196 278
2212 3126 2525 3180 moriuntur
2558 3144 2571 3179 :
2604 3142 2705 3180 nec
2735 3134 2915 3181 tamen
2936 3126 3335 3182 Germanorum
3366 3129 3480 3183 uti-

1882 3233 1989 3286 que
2019 3219 2315 3273 multitudo
2364 3226 2515 3272 tanta
2538 3260 2552 3285 ,
2587 3219 2771 3272 lunam
2803 3220 3106 3289 horamque
3152 3220 3409 3276 nascendi
3442 3236 3476 3276 a

1883 3308 2123 3363 Saturno
2148 3309 2430 3380 Marteque
2462 3312 2814 3381 interceptam
2842 3312 3043 3367 habere
3065 3315 3262 3383 potuit.
3292 3312 3476 3368 Enim-

1879 3417 2008 3455 vero
2031 3402 2293 3472 quotidie,
2311 3404 2573 3474 omnique
2598 3406 2858 3460 nascendi
2879 3407 3253 3476 genere,apud
3280 3422 3474 3463 omnes

1876 3500 2128 3568 populos,
2160 3511 2462 3555 nascuntur
2490 3501 2774 3568 homines;
2806 3502 3036 3555 vincunt
3061 3502 3265 3571 ubique
3286 3511 3469 3557 tamen

1876 3591 2161 3645 hominum
2194 3593 2436 3661 ipsorum
2468 3592 2632 3663 leges.
2678 3609 2884 3658 mores,
2908 3593 3251 3662 liberumque
3276 3593 3472 3647 volun-

1877 3683 2002 3737 tatis
2034 3683 2346 3738 arhitrium.
2382 3684 2570 3753 Itaque
2600 3700 2697 3739 nec
2726 3683 2888 3739 Seres
2922 3682 2989 3737 ad
3021 3681 3339 3747 homicidia,
3367 3697 3470 3738 nec

1873 3773 2242 3827 Brachmancs
2268 3773 2333 3825 ad
2360 3788 2512 3827 esum
2569 3774 2843 3837 carnium,
2881 3787 2981 3826 nec
3010 3771 3190 3827 Persa:
3216 3773 3283 3826 ad
3314 3772 3465 3827 ince—

1872 3865 1972 3920 stis
2001 3866 2206 3935 nuptiis
2232 3866 2644 3932 abstinendum,
2675 3881 2776 3920 nec
2806 3865 2918 3919 Indi
2946 3865 3010 3920 ad
3039 3879 3233 3934 rogum
3262 3863 3470 3933 fugien-

1869 3961 2038 4027 dum,
2090 3975 2192 4014 nec
2239 3959 2376 4013 Medi
2423 3959 2491 4013 ad
2542 3975 2741 4013 canum
2791 3959 2983 4012 dentes
3009 3956 3329 4022 evitandus,
3364 3971 3467 4011 nec

1868 4050 2055 4105 Parthi
2120 4052 2186 4106 ad
2239 4067 2474 4105 uxorum
2508 4050 2862 4105 multitudine
2891 4047 3303 4114 abalinendum,
3362 4062 3466 4102 nec

1866 4141 2274 4213 Mesopotamiae
2340 4141 2599 4196 mulieres
2671 4141 2736 4195 ad
2784 4137 3305 4209 intemperantiam,
3360 4152 3463 4192 nec

1866 4232 2037 4288 Graeci
2076 4234 2145 4287 ad
2178 4234 2546 4304 repudiandas
2596 4232 2870 4286 nudorum
2920 4246 3217 4300 corporum
3250 4232 3463 4285 excrci-

1868 4326 2124 4389 tationes,
2173 4341 2275 4379 nec
2327 4324 2563 4379 Romani
2610 4324 2677 4377 ad
2727 4323 3021 4393 imperium
3058 4323 3461 4392 abjiciendum,

156 4422 324 4475 πὸσοι
358 4420 417 4474 δὲ
449 4420 602 4492 νόμοι
635 4422 742 4475 ὑπὸ
765 4423 864 4494 τῆς
893 4422 1124 4493 ἀπορίας
1156 4424 1568 4497 κατελύθησαν;
1601 4427 1759 4482 πόσοι

1883 4434 1967 4473 iec
1996 4419 2134 4474 Galli
2169 4420 2237 4477 ad
2267 4418 2585 4489 fugiendum
2616 4417 2965 4471 muliebrium
2996 4420 3307 4485 nuptiarum
3341 4425 3462 4471 tur-

158 4512 442 4583 βασιλεῖς,
497 4514 871 4585 κρατήσαντες
906 4514 1075 4568 ἐθνῶν
1096 4555 1111 4578 ,
1146 4518 1465 4588 παρήγαγον
1495 4518 1621 4583 τοὺς
1648 4519 1754 4590 πρὸ

154 4603 347 4658 αὐτῶν
377 4603 595 4673 νόμους,
620 4603 714 4656 καὶ
746 4603 928 4657 ἔθεντο
951 4606 1077 4668 τοὺς
1106 4604 1306 4670 ίδίους;
1335 4608 1427 4660 καὶ
1451 4607 1625 4672 οὐδεὶς
1646 4608 1752 4663 τῶν

154 4692 410 4766 ἀστέρων
439 4692 688 4747 ἀπώλεσε
712 4694 775 4747 τὸ
809 4693 937 4748 ἴδιον
961 4695 1153 4767 κλίμα.
1189 4697 1331 4761 Χθὲς
1379 4702 1427 4752 ot
1467 4700 1747 4770 Ῥωμαῖοι,

154 4785 260 4856 τῆς
307 4784 568 4855 Ἀραϐίας
595 4787 969 4857 κρατήσαντες
991 4827 1005 4850 ,
1041 4789 1169 4852 τοὺς
1203 4788 1311 4842 τῶν
1346 4790 1637 4863 βαρϐάρων
1666 4792 1751 4846 νό-

156 4894 298 4948 μους
325 4875 584 4947 ἥλλαξαν.
620 4877 853 4930 Ἔπεται
881 4878 991 4949 γὰρ
1015 4878 1075 4931 τὺ
1104 4878 1450 4944 αὐτεξούσιον
1480 4880 1558 4952 τῷ
1615 4883 1749 4937 αὑτ-

155 4966 408 5037 εξουσίῳ.
439 4966 513 5020 Τὸ
556 4967 613 5021 δὲ
634 4961 944 5039 δυνάμενον
964 4972 1149 5023 πεῖσαι
1192 4972 1287 5025 καὶ
1324 4973 1452 5035 τοὺς
1488 4972 1749 5038 ἀπίστους

153 5058 467 5130 ἐκθήσομαι
508 5059 660 5130 ὑμῖν.
725 5059 969 5115 Ἰουδαῖοι
1029 5061 1232 5126 πάντες
1281 5064 1330 5116 οἱ
1373 5063 1462 5117 διὰ
1501 5064 1746 5131 Μωσέως

150 5147 439 5219 δεξάμενοι
466 5149 649 5220 νόμον,
677 5150 804 5213 τοὺς
830 5150 1205 5222 γεννωμένους
1222 5152 1457 5225 ἄρρενας
1479 5155 1672 5220 παῖδας
1688 5157 1745 5210 ὲν

150 5244 218 5312 τῇ
252 5240 421 5315 ὀγδόῃ
439 5242 624 5314 ἡμέρᾳ
639 5242 967 5314 αἱμάσσουσι
997 5245 1437 5315 περιτέμνοντες,
1461 5247 1561 5300 οὐκ
1585 5247 1743 5301 ἀστέ-

220 5441 338 5513 (l2)
375 5442 774 5515 Ἀπεκρίνατο.
805 5444 1017 5511 Aliena,
1056 5462 1242 5513 creao,
1268 5466 1393 5503 vox.
1423 5447 1561 5515 Quid
1592 5452 1737 5506 enim

147 5511 251 5575 est,
279 5511 580 5583 ἀπόκρισις
620 5515 986 5584 ἀπεκρίνατο;
1016 5532 1078 5572 ea
1128 5519 1175 5573 si
1212 5511 1406 5583 aberit,
1435 5511 1627 5577 clarus
1656 5521 1741 5575 in-

146 5591 413 5652 tegerque
440 5584 614 5637 locus.

216 5652 1114 5733 (15).Κατεξ.τοὺς-δεκανρύς.
1162 5656 1383 5733 Utique.
1438 5659 1733 5718 Duodecim

148 5724 294 5777 enim
354 5722 408 5777 in
462 5722 686 5780 zodiaco
737 5722 1100 5799 signazsigni
1152 5722 1418 5802 cujusque
1466 5741 1650 5801 partes
1704 5750 1734 5788 a

1861 4508 2184 4577 pitudinem,
2212 4524 2314 4563 nec
2348 4506 2575 4576 reliqua).
2605 4507 2858 4561 nationes
2888 4505 3158 4573 barbarae,
3185 4505 3253 4560 ad
3282 4504 3461 4560 Musa-

1859 4613 1982 4651 rum
2017 4597 2177 4666 (quas
2203 4598 2374 4654 Graeci
2422 4597 2646 4669 vocant)
2679 4598 3157 4663 consuetudinem,
3190 4607 3345 4654 ortus
3369 4596 3457 4652 sui

1859 4687 2190 4756 conditione,
2208 4689 2391 4743 invitae
2420 4689 2781 4758 nolentesque
2805 4697 3097 4758 coguntur.
3132 4686 3238 4743 Sed
3262 4704 3456 4759 quem-

1859 4781 2151 4835 admodum
2183 4790 2307 4835 ante
2328 4781 2591 4847 diximus,
2620 4780 2847 4850 singula:
2874 4781 3147 4847 nationes,
3173 4780 3455 4837 homines-

1857 4880 1964 4935 que
1992 4865 2216 4934 singuli,
2244 4881 2343 4920 sua
2383 4866 2487 4935 ipsi
2515 4867 2788 4932 libertate,
2818 4866 2912 4922 ubi
2947 4867 3271 4936 quotiesque
3305 4867 3451 4921 libu-

1855 4955 1979 5018 erit,
2006 4963 2236 5010 utuntur
2288 4974 2302 5009 :
2358 4957 2575 5012 tametsi
2606 4957 2805 5025 partim
2834 4958 3093 5014 nascendi
3119 4957 3448 5027 conditioni,

1854 5045 2053 5121 partim
2079 5061 2291 5107 naturae
2321 5053 2556 5122 quisque
2592 5068 2725 5117 suae,
2744 5068 2868 5123 qua:
2898 5067 3001 5107 suo
3029 5067 3305 5122 quemque
3328 5068 3448 5107 cor-

1852 5158 1986 5213 pore
2014 5143 2228 5208 induit,
2260 5143 2440 5199 libens
2480 5159 2876 5213 nonnunquam
2905 5152 3069 5214 atque
3097 5144 3286 5198 volens
3305 5185 3320 5210 ,
3356 5142 3444 5196 in-

1855 5235 2068 5290 terdum
2098 5235 2294 5292 nolens
2325 5241 2381 5290 et
2409 5235 2611 5291 invitus
2666 5236 3020 5306 obtemperet.
3079 5233 3290 5306 Quippe
3319 5236 3441 5291 ubi-

1852 5450 2209 5523 genethliacis
2252 5450 2477 5521 triginta
2525 5453 2837 5506 constituta:
2874 5467 2888 5503 :
2926 5465 2990 5523 ac
3035 5459 3146 5507 tres
3177 5452 3237 5523 _i_n
3271 5452 3438 5508 decu-

1849 5520 1963 5576 rias
1994 5523 2236 5589 tributae,
2285 5520 2517 5592 quarum
2565 5522 2843 5591 principes
2872 5560 2887 5585 ,
2912 5521 3126 5589 decani,
3172 5520 3437 5578 Romana!

1847 5608 1914 5646 ex
1955 5593 2168 5650 militiae
2211 5609 2316 5649 usu
2365 5592 2673 5662 nominati;
2709 5605 2902 5649 omnes
2952 5594 3181 5663 proinde
3213 5595 3435 5665 triginta

1846 5679 1962 5718 διες.
