3878 6220
452 220 561 276 475

1089 215 1362 274 EUSEBll
1400 210 1885 271 CESARIENSIS
1916 208 2066 267 OPP.
2110 204 2292 262 PARS
2326 206 2389 262 ll.
2434 237 2504 248 —
2541 201 3046 261 APOLOGETICA.

3617 198 3717 254 £76

452 350 561 406 que
592 343 860 389 terrarum
883 374 897 398 ,
930 342 1094 405 atque
1137 333 1278 404 apud
1307 347 1498 387 omnes
1529 331 1755 385 omnino
1786 327 1995 399 populo:

2100 339 2238 392 ιρος
2279 320 2581 393 παρουσίαν
2633 318 3014 389 ἀναμένοντες,
3066 316 3127 370 οὑ
3171 314 3431 386 κλίματος
3485 313 3718 379 ἐξουσίαν

452 405 648 480 divites
677 427 881 495 pariter
908 435 963 479 et
995 426 1208 494 inopes,
1261 424 1556 493 principes,
1590 421 1995 491 principibusqu

2137 414 2531 485 ἐκτρεπόμενοι
2563 412 2699 483 (Μ),
2732 411 2831 482 οὑχ
2869 410 2975 464 ὑπὸ
3002 409 3167 480 νόμου
3210 405 3497 480 ἀλλοτρίας
3540 408 3719 479 χώρας

453 518 694 583 subditi,
748 518 1022 581 valentes,
1062 517 1382 586 morbisqtte
1428 515 1606 569 vexati
1665 520 2030 583 reperiuntur,

449 619 614 680 prout
639 618 795 662 ortus
826 609 1092 676 cujusque
1118 621 1240 661 sors
1270 616 1322 660 et
1346 605 1487 659 ratio
1516 601 1718 658 tulerit.
1761 599 1908 665 Haec,
1944 602 2031 654 in-

449 716 652 770 quam,
684 713 717 752 o
752 698 1092 762 Bardesaue,
1130 696 1295 766 hujus
1341 695 1474 749 mihi
1518 692 1800 748 sententia?
1834 691 2030 745 verita-

446 802 555 847 tem
586 792 802 847 abunde
840 790 1185 860 persuadent.
1249 789 1319 843 At
1362 790 1505 844 enim
1555 786 1853 844 astronomi
1896 783 2029 838 Ter-

447 900 564 938 ram
608 883 761 938 aiunt
793 882 844 936 in
882 891 1088 951 septem
1120 881 1339 935 climata
1382 880 1614 936 divisam
1642 894 1797 943 esse,
1824 876 2026 947 quibus

444 974 677 1043 singulis
709 975 907 1043 singuli
952 973 1433 1044 planetaepraesint
1466 990 1479 1026 :
1514 972 1588 1025 ita
1619 971 1864 1026 diversas
1904 970 2024 1025 illas

444 1063 515 1119 ab
558 1064 875 1119 hominibus
924 1064 1130 1132 positas
1173 1072 1227 1117 et
1265 1062 1589 1117 constitutas
1624 1061 1767 1132 leges
1794 1076 1902 1114 non
1939 1059 2025 1113 fu-

443 1155 574 1219 isse,
602 1157 694 1210 sed
726 1156 1013 1226 principiis
1041 1156 1309 1225 cujusque
1337 1155 1533 1210 sideris
1559 1155 1893 1209 voluntatem
1922 1170 2021 1208 sua

440 1245 495 1300 in
522 1246 745 1315 regione
766 1246 1060 1312 dominari,
1090 1261 1253 1317 quam
1280 1247 1400 1301 loco
1426 1246 1561 1316 legis
1589 1245 1896 1309 habuerint,
1925 1244 2017 1313 qui

436 1338 560 1407 ejus
589 1339 817 1407 imperio
844 1355 907 1392 ac
933 1338 1143 1392 ditione
1171 1347 1479 1391 teneantur.
1553 1335 1753 1389 Verum
1786 1336 1859 1401 id,
1890 1334 2020 1388 Pbi~

436 1427 604 1497 lippe,
637 1429 773 1482 falso
802 1418 1183 1497 respondetur.
1221 1427 1354 1481 Nam
1392 1438 1451 1481 ut
1478 1429 1670 1483 demus
1694 1428 1881 1481 urbem
1911 1437 2020 1481 ter-

435 1536 624 1575 rarum
652 1531 858 1591 septem
888 1522 941 1575 iu
970 1531 1153 1590 partes
1176 1520 1527 1575 distributum
1562 1536 1716 1585 esse;
1758 1536 2015 1590 maguum

434 1610 522 1664 vel
566 1626 676 1665 una
717 1620 926 1667 tantum
958 1612 1011 1665 in
1043 1620 1197 1681 parte
1239 1611 1419 1681 legum
1456 1612 1748 1666 discrimen
1773 1610 2018 1681 agnosci-

2136 506 2425 576 ἀγόμενοιο
2466 505 2582 558 ἀλλ’
2615 504 2725 557 εἴτε
2756 504 2813 556 ἐν
2855 502 3025 573 Συρίᾳ
3067 501 3466 571 τυγχάνουσιν,
3510 500 3616 552 εἴτε
3658 500 3716 552 ἐν

2134 597 2356 667 Γαλλίᾳ,
2387 596 2499 649 εἴτε
2526 598 2583 648 ἐν
2629 596 2847 666 Ἰταλία,
2882 594 2994 646 εἴτε
3024 594 3080 645 ἐν
3128 592 3370 656 Ἑλλάδι,
3404 591 3437 663 ἢ
3484 592 3541 644 ἐν
3572 591 3717 661 Παρ-

2133 688 2243 762 θίᾳ,
2279 691 2311 762 ἢ
2352 691 2484 744 ὅπου
2523 690 2589 743 ἂν
2622 683 2760 753 ὦσι,
2795 689 2956 742 τοῦτο
2980 686 3245 741 ποιοῦσιν.
3279 688 3454 759 Ὅπερ
3476 687 3574 740 οὑκ
3601 686 3716 741 ἔστι

2130 783 2271 837 κατά
2301 783 2514 851 γένεσιν
2538 799 2551 812 σ
2579 783 2640 835 οὑ
2667 784 2773 854 γάρ
2799 782 3053 835 δύνανται
3080 779 3282 843 πάντες
3319 779 3557 833 Ἰουδαῖοι
3585 780 3715 851 μίαν

2127 874 2339 943 γένεσιν
2374 874 2541 945 ἔχειν.
2602 873 2762 928 Ἀ).λά
2804 873 2898 927 καὶ
2941 872 3007 925 δι’
3040 872 3263 944 ἡμερῶν
3304 871 3443 925 ἐπτά
3491 872 3714 938 πάντες,

2125 967 2258 1019 ὅπου
2297 966 2362 1020 ἂν
2392 962 2545 1031 ὦσιν,
2592 965 2857 1037 ἀργοῦσιν
2893 966 2957 1017 ἐκ
2996 964 3195 1027 παντὸς
3239 962 3437 1034 ἔργου’
3474 964 3567 1017 καὶ
3590 963 3713 1018 οὔτε

2123 1055 2420 1114 ὁδεύουσιν,
2451 1055 2573 1109 οὔτε
2597 1056 2729 1126 πυρὶ¹
2762 1055 3025 1127 χρῶνται.
3062 1053 3197 1106 Οὔτε
3231 1053 3530 1122 ἀναγκάζει
3557 1056 3590 1127 ἡ
3619 1053 3715 1124 γέ-

2123 1165 2269 1211 νεσις
2316 1149 2567 1202 Ἰουδαῖον
2587 1188 2601 1212 ,
2647 1148 2705 1200 οὐ
2739 1147 2923 1199 κτίσαι
2952 1142 3121 1209 οἷκον,
3151 1147 3209 1198 οὑ
3245 1145 3578 1211 καταλῦσαι,
3610 1149 3711 1202 οὑκ

2123 1240 2482 1310 ἐργάσασθαι,
2510 1241 2571 1293 οὑ
2608 1239 2877 1310 πωλῆσαι,
2907 1239 3007 1292 οὐκ
3035 1238 3304 1310 ἀγοράσαι
3333 1241 3453 1303 ταῖς
3477 1240 3713 1311 ἡμέραις

2121 1332 2214 1384 τοῦ
2258 1333 2534 1386 Σαϐϐάτου
2553 1374 2568 1397 ,
2621 1332 2797 1386 καίτοι
2842 1334 2899 1385 ἐν
2924 1336 2990 1404 τῇ
3017 1334 3153 1403 αὐτῇ
3184 1332 3368 1404 ἡμέρα
3395 1333 3713 1403 γεννώντων

2134 1422 2400 1475 Ἰουδαίων
2427 1423 2521 1476 καὶ
2549 1424 2923 1494 γεννωμένων,
2960 1424 3055 1475 καὶ⁸
3088 1423 3405 1487 νοσούντων,
3448 1424 3544 1476 καὶ
3570 1425 3712 1479 ἀπο·

2121 1515 2463 1586 θνησκόντων
2487 1534 2499 1546 ·
2537 1516 2710 1570 ταῦτα
2730 1515 2839 1587 γὰρ
2860 1517 2960 1569 οὑκ
2978 1515 3056 1568 ἔτι
3080 1517 3196 1568 ἐστί
3219 1514 3313 1569 τοῦ
3339 1516 3706 1581 αὑτεξουσίου.

2134 1607 2221 1660 Ἐν
2254 1610 2320 1678 τῇ
2353 1607 2521 1679 Συρία
2550 1608 2645 1661 καὶ
2669 1608 2728 1660 ἐν
2748 1613 2815 1680 τῇ
2863 1610 3127 1679 Ὀσροηνῇ
3160 1609 3534 1663 ἀπεκόπτοντο
3579 1610 3711 1663 πολ-

434 1717 581 1757 mus.
626 1701 737 1759 Nec
761 1705 906 1758 enim
946 1704 1019 1758 uti
1052 1704 1282 1774 planetae
1313 1713 1540 1773 septem,
1570 1714 1771 1773 septem
1798 1719 1995 1773 qllOQIlt

2118 1699 2198 1751 λοι
2219 1701 2283 1769 τῇ
2325 1698 2453 1769 Ῥέᾳ
2479 1716 2491 1725 ·
2527 1700 2617 1752 καὶ
2643 1702 2700 1753 ὲν
2731 1700 2899 1771 τούτῳ
2930 1703 3027 1771 μιᾷ
3059 1703 3197 1772 ῥοπῇ
3225 1700 3254 1752 6
3283 1700 3535 1770 βασιλεὺς
3570 1701 3711 1754 “A6-

430 1793 611 1861 leges;
670 1809 770 1849 nec
826 1809 926 1864 pro
972 1794 1255 1864 signorum
1308 1794 1517 1847 zodiaci
1552 1808 1780 1847 numero
1810 1793 2014 1847 duode-

430 1886 573 1951 cim;
598 1901 718 1953 nec,
746 1896 879 1955 quot
904 1887 1004 1959 ipsi
1028 1886 1267 1941 decanos
1299 1896 1529 1956 ponunt,
1576 1902 1669 1941 sex
1723 1894 1934 1940 tantum
1961 1896 2014 1941 et

430 1975 675 2043 triginta,
704 1977 795 2031 sed
826 1992 1051 2045 prorsus
1078 1978 1304 2033 inﬁnita:
1334 1990 1713 2032 numerantur.
1778 1976 2009 2047 Quippe,

427 2068 745 2123 meminisse
795 2084 894 2125 ves
948 2084 1137 2123 eorum
1191 2085 1312 2140 quae
1360 2085 1525 2140 supra
1555 2069 1827 2132 diximus,
1857 2085 2013 2139 Opor-

424 2158 560 2213 tebit
609 2178 623 2214 :
674 2158 876 2215 Eodem
930 2162 985 2215 in
1042 2162 1289 2227 climate,
1345 2178 1563 2232 unoque
1620 2163 1900 2217 ludiarum
1954 2163 2008 2216 in

422 2259 646 2317 tractu,
702 2250 862 2308 ludos
919 2253 1058 2308 alios
1116 2269 1278 2321 esse,
1327 2254 1423 2324 qui
1477 2254 1738 2308 carnibus
1778 2269 2008 2308 vescan-

422 2353 516 2401 tur
582 2344 880 2413 Immanis,
935 2347 1113 2413 alios,
1168 2347 1262 2416 qui
1326 2350 1395 2401 ab
1444 2347 1594 2402 omni
1653 2362 1834 2402 rerum
1888 2347 2007 2401 ani-

422 2447 699 2492 matarum
774 2454 872 2493 esu
934 2439 1244 2494 abstineant
1311 2457 1325 2493 :
1402 2438 1703 2507 Magusmos
1767 2454 1877 2492 non
1947 2439 2004 2493 in

420 2526 588 2597 279
613 2525 838 2583 Perside
867 2536 1073 2581 tantum
1109 2527 1247 2582 lilias
1269 2543 1467 2583 uxores
1483 2530 1700 2591 ducere,
1730 2531 1823 2582 sed
1839 2530 2000 2583 etiam

420 2619 731 2689 ubicunque
764 2620 980 2688 degant,
1003 2630 1255 2688 acceptas
1283 2634 1313 2673 a
1339 2620 1641 2690 majoribus
1680 2620 1855 2689 leges,
1878 2636 2002 2676 eos—

419 2711 650 2780 demque
685 2712 1069 2782 mysteriorum
1106 2711 1243 2765 ritus
1288 2725 1353 2766 ac
1381 2713 1735 2768 caeremonias
1760 2713 2000 2767 retinen-

421 2810 523 2856 tes.
568 2800 762 2856 Multas
792 2819 1007 2873 quoque
1027 2803 1401 2858 recensuimus
1430 2803 1699 2860 barbaras
1725 2814 1995 2872 nattones,

418 2890 487 2945 ad
539 2893 855 2959 meridiem,
898 2907 1154 2948 occasum
1181 2933 1197 2958 ,
1233 2894 1527 2960 orientem,
1569 2895 1996 2965 septentrionem

417 2982 739 3049 incolentes,
777 2985 881 3040 hoc
900 2995 991 3040 est
1017 2988 1071 3040 in
1096 2987 1248 3041 varia
1281 2987 1499 3041 climata
1525 2987 1997 3057 dissipatas,apud

2118 1806 2287 1859 γαρος
2323 1790 2575 1843 ἐκέλευσε
2608 1791 2715 1846 τῶν
2761 1792 3223 1861 ἀποκοπτομένων
3271 1791 3337 1845 τά
3370 1792 3543 1846 αἰδοῖα
3574 1793 3713 1847 ἀπο-

2116 1881 2410 1935 κόπτεσθαι
2444 1884 2538 1937 καὶ
2566 1882 2664 1947 τὰς
2700 1887 2920 1956 χεῖρας*
2952 1885 3046 1937 κοιλ⁴
3079 1884 3261 1937 ἔκτοτε
3287 1883 3464 1948 οὐδεὶς
3504 1886 3715 1939 ἀπεκό-

2112 1973 2250 2042 ψατο
2277 1975 2334 2027 ἐν
2356 1977 2423 2045 τῇ
2487 1975 2775 2048 Ὀσροηνῇ.
2817 1977 2881 2029 Τί
2924 1977 2980 2030 δὲ
3016 1976 3246 2047 ἐροῦμεν
3294 1977 3550 2048 περὶτῆς
3593 1977 3712 2032 τῶν

2111 2065 2455 2137 Χριστιανῶν
2499 2068 2797 2139 αἱρέσεως,
2829 2064 2899 2140 ἦς
2937 2071 3100 2139 ἡμεῖς
3139 2070 3188 2121 οἱ
3219 2067 3471 2133 δοξασταὶ
3518 2068 3712 2122 πολλοὶ

2109 2156 2261 2219 ὄντες
2286 2157 2379 2210 καὶ
2402 2158 2460 2210 ἐν
2486 2157 2763 2229 διαφόροις
2795 2158 3100 2229 ἀνέστημεν
3121 2159 3399 2229 κλίμασιν,
3442 2162 3499 2215 ἐν
3538 2162 3713 2215 παντὶ

2108 2246 2250 2301 ἔθνει
2281 2250 2374 2302 καὶ
2402 2250 2649 2321 κλίματι,
2681 2252 2880 2315 οἵτινες
2913 2251 3098 2305 πολλοὶ
3129 2252 3282 2315 ὄντες
3301 2293 3316 2316 ,
3350 2253 3432 2306 ἐνὶ
3475 2254 3711 2324 ὀνόματι

2106 2336 2455 2408 κεκλήμεθα;
2483 2341 2593 2393 Καὶ
2614 2339 2739 2393 οῦτε
2776 2341 2825 2393 oi
2860 2342 2917 2394 ἐν
2953 2341 3167 2413 Παρθίᾳ
3195 2343 3511 2413 Χριστιανοὶ
3531 2343 3707 2397 πολυ-

2105 2429 2363 2499 γαμοῦσι,
2390 2431 2596 2501 Πάρθοι
2620 2432 2976 2503 ὑπάρχοντες,
3006 2433 3117 2486 οὗθ’
3153 2436 3201 2486 οἱ
3240 2436 3298 2487 ἐν
3343 2436 3522 2507 Μηδίᾳ
3568 2440 3709 2492 κυσὶ

2104 2524 2516 2594 παραϐάλλουσι
2554 2526 2681 2590 τοὺς
2711 2527 2974 2598 νεκρούςο
3020 2530 3118 2599 οὑχ
3152 2530 3201 2582 οἱ
3238 2529 3295 2582 ἐν
3336 2530 3555 2601 Περσίδι
3607 2548 3710 2600 γα.-
3754 2578 3759 2585 .

2104 2614 2263 2684 μοῦσι
2286 2615 2386 2679 τὰς
2410 2615 2714 2689 θυγατέρας
2748 2620 2954 2681 αὑτῶν,
2980 2620 3188 2691 Πέρσαι
3222 2622 3372 2685 ὅντες
3393 2638 3406 2651 ·
3446 2623 3506 2675 οὑ
3544 2623 3710 2694 παρὰ

2099 2707 2366 2779 Βάκτροις
2396 2710 2490 2762 καὶ
2550 2711 2773 2776 Γάλλοις
2813 2713 3093 2784 φθείρουσι
3141 2717 3266 2779 τοὺς
3308 2715 3557 2785 γάμους·
3599 2718 3709 2789 οὐχ

2097 2798 2149 2851 οἱ
2183 2800 2240 2851 ἐν
2263 2800 2522 2872 Αἰγύπτῳ
2575 2802 2937 2875 θρησκεύουσι
2968 2806 3061 2859 τὸν
3097 2808 3262 2859 Ἀπιν
3287 2847 3302 2871 ,
3335 2808 3368 2878 ἣ
3402 2807 3493 2860 τὸν
3534 2806 3705 2876 κύνα,

2097 2888 2130 2957 ἢ
2161 2888 2249 2941 τὸν
2271 2891 2496 2960 τράγον,
2525 2892 2557 2963 ἣ
2586 2893 2861 2965 αῖλουρον.
2901 2896 3038 2948 Ἀλλ’
3066 2897 3200 2949 ὅπου
3235 2896 3393 2961 εἰσὶν,
3438 2895 3562 2949 οὔτε
3591 2897 3709 2952 ὑπὸ

2096 2974 2205 3028 τῶν
2228 2979 2412 3042 κακῶς
2440 2981 2708 3052 κειμένων
2741 2984 2922 3055 νόμων
2952 2988 3047 3039 καὶ
3099 2986 3239 3040 ἐθῶν
3265 2987 3522 3044 νικῶνται
3544 3006 3559 3020 °
3596 2994 3705 3064 οὑχ

416 3089 553 3145 quas
606 3077 816 3130 nullum
852 3085 1033 3133 exstet
1064 3068 1428 3133 Mercuriana:
1452 3077 1592 3132 artis
1622 3077 1993 3147 doctrinaeque

2100 3069 2131 3138 ἡ
2156 3068 2267 3138 (15)
2299 3071 2402 3124 ὑπὸ
2424 3072 2530 3127 τῶν
2557 3073 2742 3145 ἀρχῶν
2773 3078 3219 3150 πρυτανευομένη
3243 3080 3457 3148 γένεσις
3498 3057 3705 3149 αὐτοὺς

416 3166 734 3238 vestigium.
763 3166 883 3222 Jam
919 3183 1072 3234 vero,
1110 3184 1277 3237 quam
1309 3168 1512 3223 multos
1539 3168 1819 3224 exstitisse
1844 3171 1994 3225 viros

416 3258 691 3327 sapientes
747 3259 971 3327 putalis,
1016 3258 1112 3328 qui
1166 3258 1315 3328 leges
1343 3272 1632 3327 perperam
1665 3260 1993 3314 constitutas

414 3347 753 3401 immutarint
782 3345 939 3403 ?lmo
979 3363 1143 3417 quam
1177 3348 1360 3402 multa:
1393 3349 1561 3417 leges,
1611 3348 1696 3403 vel
1730 3348 1941 3403 consilii
1973 3391 1988 3416 ,

413 3439 500 3494 vel
534 3453 715 3493 rerum
747 3440 930 3509 inopia
978 3441 1331 3495 conciderunt
1358 3440 1381 3493 ?
1407 3456 1568 3511 quam
1605 3441 1757 3494 multi
1811 3456 1990 3511 reges,

411 3531 695 3588 debellatis
724 3533 988 3603 victisque
1006 3534 1321 3589 nationibus
1335 3549 1502 3589 novas
1516 3535 1614 3604 ipsi
1636 3535 1991 3607 propriasque

408 3623 578 3694 leges,
632 3626 931 3692 antiquatis
988 3626 1284 3695 prioribus,
1332 3627 1752 3696 imposuerunt?
1802 3625 1989 3697 Neque

409 3726 590 3773 tamen
618 3733 721 3773 suo
743 3719 961 3774 climate
977 3720 1312 3789 planetarum
1341 3718 1481 3774 ullus
1501 3718 1726 3775 excidit.
1754 3718 1987 3775 Romani

407 3809 631 3866 subacta
684 3812 1083 3867 nudiustertius
1144 3811 1372 3876 Arabia,
1425 3812 1786 3868 barbarorum
1842 3813 1987 3884 leges

405 3903 767 3959 sustulerunt.
797 3902 1087 3972 Imperium
1121 3904 1267 3959 enim
1318 3920 1497 3959 rerum
1534 3914 1774 3975 potestas
1802 3906 1985 3961 omni-

405 4008 496 4048 um
528 3993 860 4066 licentiaque
879 3996 1255 4065 consequitur.
1287 3996 1394 4052 Sed
1416 3997 1572 4067 juvat
1602 3997 1736 4054 illud
1765 3997 1982 4064 aﬁ‘erre,

403 4084 546 4153 quod
572 4085 656 4139 vel
694 4085 990 4140 incredulis
1014 4086 1174 4141 [idem
1201 4086 1386 4143 faciat.
1413 4087 1589 4144 Judaei
1612 4105 1804 4146 omnes
1826 4089 1918 4161 qui
1950 4105 1983 4145 a

402 4173 774 4247 Moyselegeut
799 4188 1146 4248 acceperunt,
1175 4178 1412 4237 infantes
1437 4182 1707 4237 masculos
1733 4190 1859 4237 ante
1888 4196 1982 4238 oc-

400 4276 585 4324 tavum
623 4276 691 4325 ab
738 4281 863 4331 ortu
887 4272 1034 4327 diem
1069 4274 1493 4331 circumcisione
1523 4285 1833 4332 cruentaut.
1862 4283 1980 4344 Qua

398 4362 616 4432 quidem
652 4364 706 4419 iu
738 4380 797 4420 re
822 4382 921 4421 nec
950 4367 1145 4423 sideris
1199 4370 1541 4437 praesentiam
1572 4370 1719 4425 illius
1753 4386 1978 4441 exspec-

398 4446 539 4522 tan't,
573 4471 674 4512 nec
703 4459 834 4512 certi
866 4459 1102 4515 climatis
1137 4460 1246 4514 vim
1282 4476 1346 4516 ac
1377 4462 1502 4528 jura
1541 4462 1837 4528 declinant,
1875 4479 1977 4519 nec

396 4546 624 4603 alterius
664 4550 906 4618 regionis
957 4550 1167 4622 legibus
1210 4552 1296 4623 agi
1337 4567 1396 4607 se
1441 4553 1743 4621 patiuntur.
1790 4554 1978 4625 itaque

396 4654 495 4696 seu
549 4642 602 4696 in
634 4641 814 4713 Syria,
851 4658 944 4698 seu
972 4643 1027 4698 in
1067 4643 1263 4709 Gallia,
1309 4660 1402 4700 seu
1458 4645 1512 4699 in
1559 4645 1734 4712 Italia,
1784 4661 1880 4701 seu
1918 4648 1975 4702 in

394 4731 623 4797 Grazcia,
660 4749 756 4789 seu
792 4736 843 4788 in
875 4735 1117 4802 Parthia,
1147 4736 1316 4792 verbo
1339 4737 1651 4809 ubicunque
1668 4748 1971 4806 versentur,

393 4839 598 4879 morem
625 4826 875 4881 eumdem
911 4829 1163 4882 retinent.
1204 4826 1264 4884 Id
1314 4838 1495 4884 autem
1542 4831 1799 4884 nascendi
1840 4845 1975 4885 con-

390 4914 652 4970 ditionem
682 4917 927 4986 profeeto
952 4932 1059 4972 non
1087 4920 1351 4988 sequitur,
1373 4935 1499 4975 cum
1526 4935 1634 4974 una
1663 4919 1835 4975 Judaei
1856 4936 1972 4990 pas-

392 5002 493 5056 sim
544 5018 735 5059 omnes
786 5005 1083 5076 eademque
1127 5007 1301 5062 teneri
1354 5024 1462 5063 non
1512 5010 1743 5078 possint.
1774 5010 1969 5074 Iidem,

389 5090 700 5161 ubicunque
745 5093 967 5166 degant,
1022 5097 1256 5167 septimo
1310 5114 1531 5169 quoque
1581 5100 1670 5155 die
1718 5102 1790 5155 ab
1816 5103 1967 5156 omni

389 5194 617 5249 prorsus
644 5198 811 5253 opere
838 5196 1034 5241 vacant
1066 5203 1258 5243 omnes
1290 5206 1306 5254 ;
1351 5190 1598 5260 adeoque
1632 5205 1701 5246 ne
1721 5192 1824 5257 iter
1846 5196 1968 5263 qui-

388 5271 510 5327 dem
536 5276 864 5345 suscipiunt,
895 5287 989 5331 aut
1016 5278 1126 5350 igni
1155 5288 1404 5335 utuntur.
1440 5280 1516 5335 Ita
1547 5280 1770 5338 Iudaeus
1807 5297 1968 5339 nemo

414 5447 573 5531 ⁸,(ῌ)
619 5451 1083 5531 Ἑκτρεπόμεκοι.
1125 5454 1388 5531 Malebam
1431 5458 1833 5531 ἐντρεπόμενοι,
1868 5462 1962 5516 sed

388 5513 511 5568 libri
541 5513 1147 5604 omnes'recla'maltaut.
1178 5528 1410 5604 Montac.
1440 5513 1679 5604 suggerii
1704 5513 1962 5604 ἐντρεπόλ

389 5601 542 5666 μενοι
563 5627 577 5641 .
599 5599 727 5666 etc.,
750 5596 923 5659 veriti,
954 5596 1194 5666 religiose
1238 5596 1589 5655 observantes.
1636 5600 1747 5658 Nec
1781 5596 1961 5656 tamen

383 5657 773 5729 ἐκτρεπόμενοι
824 5657 988 5721 sensu
1039 5657 1191 5723 caret
1236 5684 1250 5721 :
1298 5671 1456 5740 quasi
1519 5671 1693 5741 dicat,
1734 5657 1961 5729 Iudaeos

2098 3159 2399 3229 ἀναγκάζει
2422 3167 2535 3227 τοῖς
2559 3165 2760 3237 ἀπειρη
2771 3168 2957 3236 μένοις
2978 3173 3171 3234 κακοῖς
3198 3171 3303 3224 ὑπὸ
3324 3171 3417 3224 τοῦ
3443 3171 3705 3228 διδασκά-

2074 3249 2186 3312 ,λου
2220 3250 2399 3307 αὐτῶν
2427 3256 2682 3327 χρῆσθαι.
2716 3259 2877 3329 Νὸσῳ
2906 3260 2983 3327 δὲ,
3016 3263 3110 3315 καὶ
3142 3263 3325 3335 πενίᾳ,
3352 3265 3445 3318 καὶ
3471 3264 3699 3332 πάθεσι,

2094 3343 2189 3395 καὶ
2216 3348 2336 3407 ταῖς
2370 3347 2758 3419 νομιζομέναις
2800 3352 3048 3423 ἀτιμίαις
3089 3356 3425 3411 ὑπόκεινται.
3476 3359 3700 3432 ’Ὠσπερ

2091 3433 2201 3504 γὰρ
2223 3437 2251 3488 ὁ
2275 3436 2559 3509 ἐλεύθερος
2591 3441 2748 3512 ἡμῶν
2773 3441 3063 3514 ἄνθρωπος
3098 3446 3369 3501 δουλεύειν
3396 3448 3497 3502 οὑκ
3519 3449 3702 3520 ἀναγ-

2090 3525 2317 3591 κάζεται
2346 3568 2361 3592 ,
2408 3529 2510 3583 κᾶν
2541 3532 2885 3605 ἀναγκασθῇ,
2939 3535 3261 3590 ἀνθίσταται
3296 3540 3407 3602 τοῖς
3443 3539 3700 3608 ἀναγκά-

2090 3615 2301 3681 ζουσιψ
2332 3620 2504 3685 οὑτως
2524 3623 2644 3676 οὑδὲ
2667 3625 2695 3676 6
2726 3625 3051 3696 φαινόμενος
3070 3627 3228 3700 ἡμῶν
3254 3628 3437 3693 δοῦλος
3470 3629 3696 3703 ἀνθρω-

2092 3722 2192 3770 πος
2221 3708 2322 3779 τῆς
2355 3710 2637 3783 ὑποταγῆς
2665 3714 2955 3784 ἐκφεύγειν
2987 3717 3188 3789 ῥᾳδίως
3208 3718 3450 3774 δύναται.
3480 3721 3546 3774 Εἰ
3575 3722 3694 3795 γάρ

2089 3799 2270 3854 πάντα
2296 3801 2600 3874 ἐδυνάμεθα
2620 3845 2634 3870 ,
2672 3807 2835 3877 ἡμεῖς
2869 3807 2935 3862 ἂν
2955 3804 3099 3880 ἦμεν
3139 3811 3201 3863 τὸ
3230 3813 3370 3876 πᾶν,
3400 3812 3477 3876 ῶς
3506 3830 3591 3876 τε,
3637 3817 3693 3868 εί

2092 3892 2257 3961 μηδὲν
2286 3892 2611 3966 ἐδυνάμεθα,
2642 3897 2816 3951 ἄλλων
2838 3895 2999 3971 ἦμεν,
3024 3901 3101 3964 ὡς
3123 3906 3402 3974 προεῖπον,
3449 3904 3688 3976 ὄργανα,

2086 3981 2182 4034 καὶ
2207 3983 2303 4053 οὑχ
2335 3983 2565 4040 ἑαυτῶν.
2609 3986 2742 4040 Θεοῦ
2781 3987 2823 4041 δ’
2848 3989 3230 4058 ἐπινεύσαντος
3265 3995 3441 4049 πάντα
3475 3996 3692 4051 δυνατά

2082 4072 2176 4124 καὶ
2201 4074 2572 4144 ἀνεμπόδιστα
2589 4092 2604 4107 ο
2646 4080 2712 4149 τῇ
2747 4079 2855 4150 γάρ
2885 4080 3098 4135 ἐκείνου
3124 4082 3375 4156 βουλήσει
3401 4087 3558 4141 οὐδὲν
3580 4090 3688 4143 ἀν⁸

2078 4165 2326 4227 τιστῆναι
2360 4167 2581 4221 δύναται
2602 4186 2616 4200 ο
2647 4171 2741 4223 καὶ
2780 4171 2887 4243 γὰρ
2908 4172 2979 4225 τὰ
3008 4173 3269 4230 δοκοῦντα
3296 4177 3684 4245 ἀνθίστασθαι,

2079 4255 2244 4308 αὑτοῦ
2276 4258 2513 4328 χρηστοῦ
2544 4258 2714 4325 ὄντος,
2754 4263 2849 4314 καί⁵
2880 4265 3295 4337 συγχωροῦντος
3330 4269 3538 4341 ἑκάστῃ
3573 4272 3688 4340 φύ-

2082 4363 2163 4400 σει
2194 4347 2337 4419 ἔχειν
2362 4350 2456 4421 τὴν
2483 4351 2718 4423 ἰδιότητα
2742 4355 2917 4409 καὶτὸ
2936 4356 3285 4423 αὐτεξούσιον
3304 4360 3400 4414 τοῦ
3426 4361 3682 4435 θελήμα-

2080 4456 2190 4504 τος,
2218 4440 2554 4498 ἀνθίσταται.
2591 4465 2609 4497 ι
2638 4447 2890 4501 Τοσαῦτα
2922 4450 3015 4503 καὶ
3039 4449 3069 4501 6
3100 4450 3291 4523 Σύρος.
3333 4453 3480 4517 Ἐνὸς
3516 4454 3568 4509 δὲ
3592 4455 3683 4511 ἔτι

2082 4532 2377 4604 μνησθεὶς,
2422 4538 2751 4609 περιγράψω
2802 4541 2894 4595 τὸν
2940 4542 3119 4610 λόγον.
3168 4543 3420 4599 Ἐπειδὰν
3449 4547 3561 4619 γάρ
3601 4550 3681 4603 τά

2081 4622 2181 4701 μέν
2218 4624 2326 4677 ἀπὸ
2352 4626 2458 4679 τῶν
2490 4627 2690 4694 ἔξωθεν
2722 4632 3073 4703 γραμμάτων
3100 4635 3392 4709 αὐτάρκως
3423 4640 3680 4710 παρατέ-

2077 4714 2273 4782 θειται,
2300 4717 2475 4772 λείπει
2502 4720 2557 4773 δὲ
2595 4722 2664 4776 τά
2696 4724 2805 4777 ἀπὸ
2825 4725 2933 4779 τῶν
2967 4727 3129 4797 ἱερῶν
3163 4730 3543 4801 γραμμάτων,
3592 4726 3678 4788 ὧν

2074 4807 2139 4879 δὴ
2166 4810 2258 4862 καὶ
2291 4811 2530 4881 μάλιστα
2576 4815 2709 4885 ἡμῖν
2747 4815 2830 4868 δεῖ
2860 4818 2941 4881 εἰς
2972 4818 3071 4890 τὴν
3103 4819 3202 4891 τῆς
3246 4823 3674 4894 Εὑαγγελικῆς

2072 4899 2439 4969 ἀποδείξεως
2473 4907 3010 4976 Προπαρασκευὴν,
3051 4904 3109 4963 εὖ
3134 4910 3199 4963 ἂν
3245 4911 3358 4982 ἔχοι
3396 4914 3492 4967 καὶ
3534 4915 3671 4971 τάδε

2071 4992 2429 5058 ἐποπτεῦσαι,
2464 4997 2540 5060 ὡς
2561 4996 2626 5051 ἂν
2658 4998 2802 5052 κατά
2827 5001 2991 5071 μηδὲν
3013 5002 3042 5054 6
3074 5002 3231 5068 λόγος
3276 5003 3515 5058 ἐλλείποι
3549 5007 3667 5063 τῶν

2071 5083 2151 5148 είς
2182 5086 2243 5138 τὸ
2267 5087 2561 5159 πρόϐλημα
2588 5089 2994 5163 θεωρουμένων.
3030 5094 3191 5148 Ὀθεν
3212 5095 3276 5166 δὴ
3311 5097 3407 5151 καὶ
3425 5098 3550 5152 τάδε
3578 5117 3664 5155 σοι

2072 5177 2218 5247 σαφῆ
2261 5181 2608 5251 καταστήσω.
2641 5182 2713 5234 Οὑ
2763 5182 2870 5253 μὴν
2912 5179 3022 5248 οἷός
3066 5187 3113 5239 τ’
3164 5187 3230 5243 ἂν
3278 5187 3398 5259 εἴης
3436 5192 3666 5260 γυμνῶν

2068 5271 2283 5324 ἐπαΐειν
2308 5270 2420 5325 τῶν
2448 5272 2607 5345 ἱερῶν
2637 5274 2855 5343 λογίων,
2879 5276 2947 5329 τὰ
2972 5277 3141 5331 πολλά
3178 5282 3665 5353 συνεσκιασμένως

2065 5465 2242 5543 etiam
2265 5482 2347 5543 _eo
2374 5536 2386 5543 _
2396 5467 2505 5543 sub
2561 5468 2780 5543 climate
2831 5470 3107 5543 degentes,
3137 5473 3282 5543 quod
3319 5475 3389 5530 ab
3415 5475 3511 5530 illo
3542 5478 3662 5531 cir-

2066 5536 2412 5591 cumcidendi
2458 5553 2614 5592 more
2659 5536 3024 5619 alienum'sit,
3076 5536 3255 5611 ips-um
3304 5553 3487 5601 tamen
3519 5562 3660 5603 con-

2066 5616 2277 5662 stanter
2300 5624 2365 5662 ac
2392 5617 2653 5677 perpetuo
2685 5616 2939 5664 retinere.

2139 5676 2250 5749 (l5)
2280 5676 2403 5748 Οὐχ
2434 5676 2505 5747 ὴξ
2529 5678 2719 5735 Melius
2745 5680 2856 5734 οὔθ’
2889 5683 2941 5754 ἡ.
