3878 6220
137 279 235 333 477

1291 279 1621 343 ῬΗᾹΞῬΑΒ.
1662 285 1916 371 EVANG.
1958 286 2090 345 LIB.
2102 231 2220 345 ’γι

3285 281 3395 344 478

136 401 613 473 προενηνεγμένων
637 421 651 435 ·
684 405 872 478 διόπερ
904 407 1016 476 ἐγώ
1055 424 1138 462 σοι
1169 409 1260 464 τὸν
1303 412 1552 482 ἑρμηνέα
1588 409 1697 464 τοῦ-

1818 410 2040 467 Sabbati
2072 412 2262 468 diebus
2287 411 2353 466 ad
2372 409 2595 466 domum
2619 412 2704 467 vel
2729 409 3127 476 aediﬁcandam,
3157 410 3243 466 vel
3290 411 3392 466 de-

134 509 220 544 τον
246 504 271 532 ι
294 496 736 567 παραστήσομαι.
769 491 844 551 Σῦ
873 498 998 553 δἐἰ
1030 498 1105 572 μὴ
1147 504 1260 565 τοῖς
1297 503 1570 573 κρείττοσι
1612 502 1712 573 βα-

138 586 367 641 σκαίνειν
397 587 451 649 δ,
475 585 631 642 οἶσθά
656 607 756 643 που
781 590 873 644 τὸν
900 591 1088 663 ἄνδρα,
1114 594 1351 664 Χριστοῦ
1380 597 1478 666 μὲν
1506 595 1714 660 θιάσοις

136 678 293 732 εἰσέτι
325 679 490 751 δεῦρο
520 680 815 752 χορεύοντα
842 683 909 736 δι’
945 677 1021 737 ὧν
1050 686 1372 739 ἀπολέλοιπε
1405 686 1580 740 πόνων
1604 704 1617 716 ·
1650 687 1711 739 οὐ

141 769 237 841 μὴν
265 770 387 823 οὐδὲ
417 773 530 835 τοῖς
557 773 713 836 ἐκτὸς
739 773 979 842 ἀγνῶτα,
1010 775 1079 828 δι’
1105 776 1172 847 ἣν
1214 777 1574 831 ἐπιδέδεικται
1619 779 1713 832 καὶ

137 862 262 934 πρὸς
286 862 354 916 τὰ
379 862 549 920 τῶνδε
589 865 887 937 μαθήματα
925 867 1252 939 φιλοτιμίαν.
1293 869 1501 937 Σκέψαι
1538 871 1584 923 δ’
1616 865 1709 923 οὗν

137 955 227 1008 ὅσα
249 972 305 1008 τε
334 956 429 1009 καὶ
458 957 617 1010 ὁποῖα
639 958 696 1010 ἐν
728 960 842 1021 τοῖς
864 960 951 1024 εἰς
978 958 1095 1027 τὴν
1136 959 1392 1013 Γένεσιν
1427 959 1704 1029 ἐξηγητι-

138 1046 257 1114 κοῖς
282 1049 311 1100 ὁ
339 1047 648 1119 Θαυμάσιος
707 1049 985 1122 Ὡριγένης
1028 1051 1157 1123 περὶ
1192 1053 1290 1123 τῆς
1340 1051 1708 1123 προκειμένης

145 1139 440 1206 ὺποθέσεως
487 1141 751 1215 διείληφε,
775 1143 868 1198 καὶ
892 1143 1038 1207 ὅπως
1065 1142 1339 1213 ὲφὼδευσε
1361 1144 1453 1197 τὸν
1487 1144 1613 1214 περὶ
1633 1145 1711 1197 εί-

142 1231 409 1304 μαρμένης
432 1233 611 1302 λόγον.

1818 502 2171 570 moliendam,
2197 503 2265 558 ad
2287 503 2668 569 laborandum,
2692 503 3056 569 vendendum,
3073 503 3387 567 emendum,

1814 603 1974 650 ortus
1993 594 2327 650 necessitate
2368 594 2605 666 adigitur
2636 613 2651 649 :
2690 610 2812 649 cum
2851 605 3029 649 tamen
3064 610 3129 649 eo
3154 594 3272 665 ipso
3301 595 3390 650 die

1813 686 2017 755 passim
2043 696 2305 756 generent
2339 694 2500 755 atque
2538 698 2866 752 nascantur,
2899 695 3164 757 aegrotent
3186 686 3386 757 passim

1815 781 2227 849 morianturque
2256 777 2429 833 Judaai
2465 796 2478 833 :
2511 781 2652 849 quod
2688 781 2789 835 ista
2823 795 3166 850 nequaquam
3200 795 3267 835 ex
3313 781 3387 834 li-

1813 870 2020 926 bertate
2065 872 2353 941 pendeant.
2399 870 2456 924 ln
2509 873 2665 944 Syria
2714 873 2988 942 quondam
3038 882 3092 928 et
3143 870 3387 928 Osroene

1811 962 2100 1033 plerosque
2154 962 2285 1032 Opis
2314 964 2366 1017 in
2405 965 2669 1019 honorem
2719 966 2964 1020 abScindi
3021 967 3190 1020 moris
3226 976 3385 1022 erat:

1811 1067 1996 1107 verum
2027 1070 2146 1108 eum
2180 1062 2398 1123 repente
2425 1054 2679 1123 jussisset
2722 1072 2814 1109 rex
2857 1054 3129 1126 Abgarus,
3163 1066 3228 1111 ut
3263 1055 3388 1127 qui—

1809 1144 1914 1199 bus
1949 1146 2192 1200 abscissa
2226 1146 2458 1200 verenda
2518 1157 2736 1214 essent,
2769 1149 2837 1203 iis
2863 1149 3025 1203 etiam
3068 1166 3261 1205 manus
3289 1151 3389 1205 ab-

1809 1238 2210 1301 scinderentur,
2244 1253 2402 1292 nemo
2450 1253 2507 1293 se
2557 1239 2809 1309 deinceps
2861 1249 2971 1294 tota
3016 1241 3258 1297 Osroene
3294 1244 3392 1297 ah-

137 1325 302 1380 scidit.
331 1325 475 1392 Quid
502 1343 666 1397 porro
686 1328 754 1383 de
782 1329 1221 1385 Christianorum
1268 1331 1516 1385 instituto
1575 1330 1842 1395 dicemus,
1891 1330 2048 1400 cujus
2082 1346 2184 1385 nos
2250 1339 2550 1386 sectatores
2616 1340 2671 1386 et
2733 1332 2952 1401 plurimi
2990 1342 3043 1388 et
3070 1335 3300 1389 diversis
3334 1335 3388 1388 in

140 1429 282 1476 terra:
311 1423 564 1490 partibus
586 1425 934 1490 exstitimus,
974 1425 1068 1495 qui
1098 1434 1280 1481 tamen
1310 1426 1362 1479 in
1398 1424 1547 1481 omni
1583 1440 1705 1480 cum
1747 1440 1944 1494 genere
1998 1434 2112 1479 tum
2146 1425 2366 1480 climate
2427 1442 2536 1481 uno
2599 1442 2790 1482 omnes
2821 1429 3123 1499 eodemque
3168 1432 3391 1486 nomine

136 1511 366 1579 appellati
409 1515 662 1569 sumus?
709 1516 875 1586 280
931 1515 1224 1572 Enimvero
1267 1532 1368 1571 nec
1421 1516 1473 1569 in
1502 1515 1725 1572 Parthia
1757 1516 2078 1581 Christiani,
2139 1515 2327 1571 Parthi
2363 1517 2506 1581 licet,
2570 1519 2816 1588 pluribus
2850 1529 3078 1576 utuntur
3103 1523 3387 1588 uxoribus,

137 1620 224 1661 nec
251 1608 303 1661 in
333 1607 513 1663 Media
567 1609 949 1667 defunctorum
1003 1627 1235 1680 corpora
1279 1613 1508 1666 canibus
1568 1612 1857 1681 objiciunt,
1893 1628 1993 1666 nec
2056 1613 2111 1666 in
2158 1613 2400 1679 Perside,
2443 1612 2624 1668 Persae
2648 1615 2792 1675 licet,
2856 1614 2992 1670 ﬁlias
3059 1630 3255 1671 uxores
3289 1619 3389 1669 du-

135 1707 292 1763 cunt;
348 1715 451 1756 nec
474 1702 620 1771 apud
666 1701 894 1758 Bactros
924 1713 1020 1758 aut
1050 1702 1237 1758 Gallos
1265 1703 1579 1772 nuptiarum
1635 1702 1973 1756 honestatem
2028 1714 2083 1755 et
2125 1702 2245 1771 jura
2311 1705 2852 1771 contaminant;nec
2878 1705 2933 1759 in
2964 1704 3199 1777 Egyplo
3227 1707 3389 1776 Apin,

134 1808 329 1860 canem,
365 1797 586 1853 hircum
618 1796 846 1854 felemve
888 1800 1096 1854 colunt.
1134 1802 1238 1864 Ita,
1299 1799 1608 1869 ubicunque
1669 1799 1888 1867 degant,
1938 1813 2036 1851 nec
2096 1796 2274 1867 legum
2341 1813 2668 1869 morumque
2705 1800 3095 1854 sceleratorum
3126 1801 3391 1868 improbi-

136 1896 231 1943 tate
262 1891 577 1958 vincuntur,
629 1908 731 1949 nec
786 1895 852 1949 ad
908 1894 1177 1966 ﬂagitium
1227 1895 1437 1959 ullum,
1486 1895 1837 1964 praeceptoris
1887 1892 1971 1947 sui
2028 1894 2240 1963 legibus
2286 1894 2674 1960 interdictum,
2736 1896 2994 1951 nascendi
3059 1897 3389 1952 conditionis

133 2000 192 2040 ex
226 1987 530 2059 principum
561 1999 835 2046 astrorum
870 1992 1102 2062 imperio
1160 1999 1409 2063 nutuque
1457 1993 1744 2060 descriptae
1782 1992 1835 2045 vi
1875 1992 2202 2062 adiguntur;
2261 1992 2403 2046 idem
2436 2001 2642 2057 tamen,
2679 1994 2913 2058 morbis,
2956 1995 3204 2062 egestati,
3240 1993 3390 2048 cala-

134 2083 395 2139 mitatibus
418 2095 477 2140 et
509 2088 881 2163 contumeliis,
932 2097 995 2143 ut
1046 2089 1210 2159 vulgo
1268 2089 1632 2159 appellantur,
1694 2088 1917 2143 obnoxii
1976 2098 2124 2143 sunt.
2159 2087 2632 2153 Quemadmodum
2685 2090 2829 2143 enim
2870 2089 3038 2143 homo
3070 2088 3157 2141 ille
3180 2097 3388 2153 noster,

132 2192 275 2246 quem
299 2179 538 2235 liberum
564 2197 687 2239 esse
718 2184 993 2253 volumus,
1035 2196 1127 2238 aut
1171 2186 1225 2239 in
1283 2186 1604 2240 servitutem
1632 2200 1741 2239 non
1777 2184 2010 2254 cogitur,
2046 2193 2139 2237 aut
2190 2185 2235 2237 si
2286 2193 2509 2254 urgetur
2538 2183 2835 2247 interdum,
2875 2184 2984 2237 vim
3042 2182 3391 2239 aﬂ'erentibus

133 2272 342 2337 resistit,
370 2276 446 2331 ita
480 2286 680 2333 noster
710 2277 806 2333 hic
843 2279 1031 2345 homo,
1068 2280 1163 2351 qui
1192 2280 1300 2335 sub
1346 2290 1629 2351 aspectum
1684 2280 1851 2346 cadit,
1899 2296 2093 2335 servus
2147 2280 2266 2348 ipse
2300 2294 2424 2334 cum
2472 2282 2566 2347 sit,
2603 2279 2936 2348 obsequendi
2977 2279 3388 2334 necesssitatem

135 2366 262 2423 haud
306 2369 466 2428 facile
534 2374 811 2430 declinare
852 2384 1052 2446 potest.
1110 2377 1358 2446 Quippe,
1405 2377 1448 2431 si
1500 2385 1705 2432 nostrae
1738 2384 1932 2430 cuncta
1991 2375 2279 2444 potestatis
2326 2383 2547 2443 essent,
2580 2375 2713 2429 nihil
2770 2390 2877 2428 non
2906 2388 3389 2444 essemus;quem-

135 2463 406 2519 admodum
450 2466 504 2522 si
568 2467 807 2534 positum
853 2483 917 2523 ac
950 2470 1115 2525 situm
1153 2470 1209 2525 in
1239 2470 1398 2526 nobis
1422 2479 1573 2526 esset
1620 2469 1780 2534 nihil,
1818 2470 2072 2534 aliorum,
2098 2482 2159 2524 ut
2192 2478 2321 2523 ante
2348 2468 2483 2534 dixi,
2526 2468 2837 2529 administri
2875 2483 3144 2532 essemus,
3175 2467 3391 2533 nonju-

131 2552 198 2607 ris
222 2556 412 2611 nostri.
464 2558 539 2613 At
567 2571 842 2618 annuente
868 2563 997 2631 Deo,
1027 2563 1148 2619 ﬁeri
1179 2573 1374 2621 cuncta
1406 2574 1658 2635 possunt,
1694 2566 1945 2634 impediri
1974 2564 2131 2619 nihil.
2162 2565 2291 2632 Ejus
2313 2565 2459 2619 enim
2487 2564 2754 2618 voluntati
2802 2578 2894 2619 res
2949 2563 3217 2617 obsistere
3241 2561 3385 2615 nulla

128 2656 307 2717 potest,
336 2667 463 2707 cum
522 2670 586 2710 ea
635 2672 756 2727 qua:
804 2673 1200 2730 nonnunquam
1237 2661 1493 2716 videntur
1544 2660 1831 2725 obsistere,
1868 2660 1919 2712 id
1970 2667 2197 2713 eatenus
2248 2659 2410 2713 modo
2468 2658 2692 2721 faciant,
2737 2668 3009 2729 quatenus
3055 2673 3207 2712 suam
3270 2658 3388 2728 ipse

128 2752 316 2801 natum
361 2748 596 2805 cuilibet
649 2754 1071 2823 praerogativam
1128 2754 1505 2825 integramque
1575 2754 1878 2809 voluntatis
1931 2752 2243 2808 libertatem
2308 2768 2406 2822 pro
2472 2767 2570 2806 sua
2619 2752 2956 2822 benignitate
3010 2752 3302 2805 concessit.
3361 2769 3380 2802 ι

126 2833 286 2904 Atque
337 2840 608 2900 hactenus
661 2844 835 2917 Syrus
879 2848 989 2904 ille.
1055 2849 1169 2919 Ego
1201 2864 1353 2917 vero,
1398 2859 1692 2920 postquam
1750 2852 1915 2904 unius
1969 2848 2148 2903 adhuc
2181 2848 2552 2903 testimonium
2616 2848 2946 2917 produxero,
2982 2847 3111 2901 huic
3135 2846 3383 2914 disputa.

127 2927 246 2983 tioni
270 2933 431 2988 ﬁnem
467 2935 770 3007 imponam.
820 2938 1279 3011 Quandoquidem
1328 2956 1473 2996 enim
1507 2941 1724 2996 abunde
1760 2940 2008 3010 profanis
2056 2939 2235 2994 adhuc
2262 2954 2292 2994 e
2320 2939 2515 2993 litteris
2556 2941 2864 3001 hausimus,
2916 2938 3143 3007 solaque
3170 2937 3386 2992 divina-

128 3036 233 3077 rum
261 3027 563 3084 auctoritas
592 3039 860 3099 superest,
893 3047 1016 3101 quae
1058 3042 1208 3089 certe
1236 3033 1455 3103 quidem
1487 3032 1557 3087 ad
1600 3033 1743 3089 hanc
1780 3031 2079 3103 praesertim
2130 3030 2464 3100 Evangelicaz
2519 3032 2984 3086 demonstrationi:
3028 3031 3389 3102 Prazparatio-

128 3114 616 3187 nemdesideratur,
664 3135 883 3191 aequum
921 3137 1055 3178 sane
1102 3133 1583 3195 opportunumque
1639 3124 1825 3190 fuerit,
1869 3124 1922 3178 in
1978 3137 2075 3178 eas
2112 3138 2332 3193 quoque
2372 3123 2659 3193 diligenter
2710 3124 2953 3189 intueri,
3004 3124 3143 3178 nihil
3174 3134 3233 3178 ut
3260 3140 3381 3179 om-

129 3207 247 3264 nino
273 3210 637 3282 desideretur,
669 3217 815 3287 quod
881 3217 949 3273 ad
1006 3228 1276 3290 susceptae
1325 3220 1649 3291 quaestionis
1693 3220 2144 3291 disceptationem
2212 3218 2499 3288 pertineat.
2535 3216 2726 3288 Itaque
2769 3233 2837 3273 ex
2873 3218 2977 3273 illis
3006 3219 3171 3272 etiam
3220 3219 3382 3289 hujus

130 3296 215 3354 tibi
258 3304 515 3360 veritatis
542 3318 865 3379 argumenta
915 3313 1220 3382 producere
1247 3314 1437 3368 statui.
1473 3313 1583 3369 Sed
1629 3317 1891 3385 quoniam
1950 3328 2233 3369 sacrorum
2277 3312 2659 3380 oraculorum,
2703 3312 2749 3367 si
2812 3312 2959 3367 nude
3019 3323 3381 3382 ponerentur,

130 3408 327 3455 sensum
362 3412 713 3475 mentemque
759 3422 955 3478 capere
997 3426 1105 3465 non
1175 3425 1387 3480 posses,
1422 3411 1567 3482 quod
1618 3410 1733 3467 fere
1769 3409 1977 3465 umbris
2005 3409 2333 3479 quibusdam
2393 3408 2631 3463 involuta
2667 3406 3053 3478 proferantur,
3083 3423 3272 3462 eorum
3299 3407 3384 3462 in-

131 3497 395 3564 terpretem
422 3499 693 3556 adducam
746 3502 803 3557 in
858 3504 1116 3559 medium.
1149 3505 1233 3560 Tu
1286 3520 1419 3561 vero
1442 3547 1457 3571 ,
1492 3507 1598 3561 nisi
1631 3504 1774 3561 forte
1809 3503 2224 3561 sublimioribus
2245 3502 2354 3558 illis
2381 3503 2655 3559 mentibus
2684 3503 2914 3569 invides,
2944 3503 3222 3558 hominem
3249 3519 3382 3573 pro-

132 3588 189 3643 be
235 3598 393 3663 nosti,
447 3596 547 3666 qui
597 3607 660 3653 ut
718 3599 810 3656 hic
855 3602 1035 3657 adhuc
1068 3602 1212 3658 inter
1260 3602 1469 3661 Christi
1509 3612 1700 3669 coetus,
1739 3616 1989 3672 operum,
2024 3615 2143 3670 quae
2179 3600 2263 3654 sui
2310 3608 2568 3669 tanquam
2613 3599 2818 3653 vicaria
2872 3598 3114 3667 reliquit,
3168 3613 3273 3653 usu
3327 3606 3382 3653 et

133 3691 438 3748 tractatione
490 3703 775 3761 versatur,
808 3695 882 3752 ita
928 3711 1033 3751 nec
1065 3695 1384 3752 hominibus
1436 3712 1466 3750 a
1517 3695 1720 3753 nostris
1759 3696 1922 3749 etiam
1979 3692 2178 3746 ritibus
2222 3691 2438 3755 alienis,
2482 3698 2703 3760 propter
2742 3705 3037 3756 summam,
3075 3691 3255 3760 quain
3293 3706 3381 3747 eo-

132 3789 233 3831 mm
261 3796 481 3854 quoque
541 3784 856 3855 disciplinas
906 3786 1155 3843 incubuit
1189 3827 1206 3854 ,
1250 3788 1682 3852 contentionem,
1743 3787 1964 3859 ignotus
2019 3792 2122 3838 est.
2160 3782 2295 3837 Vide
2334 3783 2519 3853 igitur.
2571 3782 3025 3851 quemadmodum
3075 3781 3381 3852 quibusque

133 3872 291 3929 verbis
316 3873 580 3949 Origenes
613 3879 773 3950 281
804 3881 887 3935 vir
908 3882 999 3937 ille
1034 3883 1331 3954 singularis
1359 3882 1466 3939 hac
1492 3891 1605 3939 tota
1647 3882 1716 3938 de
1755 3895 1815 3936 re
1868 3878 1988 3935 suis
2014 3879 2072 3931 in
2110 3875 2335 3931 Genesin
2383 3874 2791 3930 Commentariis
2835 3882 3061 3937 statuat.
3109 3874 3379 3944 istamque

135 3960 192 4016 de
215 3963 317 4020 fato
336 3969 763 4039 disputationem
791 3988 897 4041 qua
930 3974 1145 4029 ratione
1173 3982 1487 4042 pertractet.

624 4063 1020 4119 ΚΕΦΑΛΑΙΟΝ
1070 4062 1175 4119 IA'.

2399 4051 2627 4107 CAPUT
2676 4051 2771 4107 XI.

144 4161 226 4234 Ὠς
245 4170 335 4223 καὶ
370 4171 493 4251 duo
528 4171 638 4241 τῆς
683 4175 804 4251 τῷν
834 4178 1010 4251 θείων
1050 4177 1308 4251 Γρᾳφῶν
1347 4179 1695 4250 ἐξηγήσεώς

1802 4171 2132 4251 Divinarum.
2180 4184 2383 4251 quoque
2429 4166 2852 4251 'Scripturarum
2879 4239 2897 4251 Ρ
2924 4167 3377 4251 αυεξοήιςαεεΛαο

285 4257 348 4294 τε
374 4243 476 4297 καὶ
509 4236 857 4315 μαρτυρίας,
902 4248 971 4301 ἐκ
1004 4236 1124 4302 τ’ῶῦ
1158 4236 1532 4319 Ὡριγένὸὗξτ.’
1668 4236 1686 4247 ⁸

1866 4236 2321 4309 testimonio-fati
2390 4240 2495 4294 vim
2550 4236 2755 4294 euntem
2811 4239 3060 4307 refutari.
3120 4237 3205 4291 Ea:
3252 4236 3377 4293 Ori-

1862 4328 2003 4382 gena.

202 4433 220 4468 ι
407 4419 503 4475 τοῦ
542 4423 623 4486 είς
650 4426 849 4494 σημεῖα
891 4426 1176 4495 γεγονέναι
1216 4428 1345 4493 τοὺς
1370 4427 1687 4500 φωστῆρας,

1870 4436 1888 4469 ‹
1924 4418 2079 4486 Quod
2102 4420 2191 4476 hic
2226 4420 2477 4484 habetur,
2504 4418 2705 4489 inquit,
2738 4417 3052 4484 luminaria,
3086 4433 3210 4488 quae
3241 4432 3374 4473 sane

136 4504 223 4566 φῦκ
250 4496 429 4574 ἄλλους
470 4511 623 4583 ἡλίου
660 4512 756 4566 καὶ
785 4514 1032 4587 σελήνης,
1064 4516 1285 4571 καὶτῶν
1310 4496 1527 4591 ἄστρων
1550 4496 1688 4586 τυγ-

1802 4511 1900 4565 alia
1936 4526 2043 4565 non
2100 4521 2248 4577 sunt,
2281 4527 2446 4583 quam
2480 4511 2586 4574 sol,
2622 4511 2752 4565 luna
2810 4520 3118 4581 caeteraque
3171 4509 3372 4576 sidera,

138 4593 390 4663 χάνοντας,
412 4600 524 4654 τῶν
550 4601 757 4674 σφόδρα
777 4604 1222 4673 ἀναγκαιοτάτων
1248 4609 1365 4661 ἐστὶ
1393 4606 1685 4662 διαλαϐεῖν·

141 4684 194 4737 οὺ
215 4688 358 4758 μόνον
385 4690 554 4745 ἐθνῶν
575 4691 684 4747 τῶν
716 4693 816 4764 τῆς
842 4694 1081 4766 Χριστοῦ
1113 4696 1350 4760 πίστεως
1394 4696 1690 4768 ἀλλοτρίων

144 4777 493 4851 σφαλλομένων
522 4785 604 4847 εἰς
634 4783 726 4837 τὸν
751 4786 1000 4859 περὶτῆς
1031 4787 1375 4860 εἱμαρμένης
1402 4789 1587 4854 τόπον,
1624 4778 1695 4859 τῆ

141 4866 235 4923 τῶν
254 4872 590 4947 καλουμένων
620 4877 984 4948 πλανωμένων
1017 4880 1261 4952 ἀστέρων
1305 4879 1529 4952 ὲπιλογῇ
1575 4882 1687 4952 (ili)

141 4958 259 5030 πρὸς
287 4966 405 5028 τοὺς
436 4969 494 5025 ὲν
538 4965 617 5039 τῷ
658 4966 907 5039 ζωδιακῷ
939 4969 1159 5024 πάντων
1190 4972 1372 5035 αὐτοῖς
1399 4970 1687 5042 νομιζομέ-

142 5065 231 5104 νων
250 5057 552 5128 συμϐαίνειν
579 5059 689 5113 τῶν
717 5061 810 5114 ἐπὶ
833 5062 932 5133 τῆς
963 5061 1087 5132 γῆς,
1120 5062 1215 5116 καὶ
1252 5063 1361 5117 τῶν
1394 5063 1523 5135 περὶ
1556 5063 1688 5117 ’ἑκα-

144 5154 249 5195 στον
266 5145 576 5218 ἀνθρώπων,
606 5149 744 5221 τάχα
763 5150 820 5209 δὲ
844 5151 940 5203 καὶ
971 5149 1178 5219 ἀλόγων
1211 5150 1364 5216 ζώων
1384 5169 1397 5183 ·
1416 5151 1553 5205 ἀλλὰ
1576 5151 1685 5222 γὰρ

144 5231 223 5285 καὶ
271 5237 467 5294 πολλῶν
514 5241 624 5295 τῶν
674 5240 1097 5296 πεπιστευκέναι
1152 5242 1686 5315 ὑπολαμϐανομένων

146 5333 566 5403 περισπωμένων,
617 5336 693 5407 μὴ
741 5336 850 5406 ἄρα
889 5340 1231 5410 ἠνάγκασται
1281 5337 1350 5390 τὰ
1382 5334 1685 5408 ἀνθρώπων

145 5417 434 5493 πράγματα,
465 5427 559 5480 καὶ
593 5429 873 5500 ἀμήχανον
919 5430 1094 5493 ἄλλως
1121 5428 1408 5499 γενέσθαι,
1453 5428 1487 5498 ἢ
1532 5427 1608 5491 ὡς
1634 5428 1685 5479 οἱ

1795 4611 2051 4673 tanquam
2083 4604 2239 4675 signa
2269 4604 2518 4674 quaedam
2552 4618 2675 4659 esse
2707 4602 3003 4668 constituta
3035 4641 3051 4667 ,
3075 4603 3126 4656 id
3152 4617 3282 4657 vero
3318 4610 3375 4656 ut

1793 4695 2079 4766 diligenter
2099 4697 2420 4767 explicetur,
2437 4696 2491 4749 in
2520 4695 2714 4766 primis
2741 4696 3111 4751 necessarium
3137 4703 3239 4751 est.
3262 4692 3374 4751 Nec

1791 4785 1937 4839 enim
1967 4795 2155 4857 gentes
2200 4788 2305 4842 illa:
2338 4787 2534 4851 modo,
2568 4802 2689 4856 quae
2713 4800 2743 4840 a
2775 4786 2977 4841 Christi
3024 4785 3131 4840 ﬁde
3182 4787 3397 4853 alienae,

1793 4888 1944 4945 sunt,
1977 4879 2042 4933 ad
2066 4894 2210 4943 eum,
2242 4880 2332 4950 qui
2357 4879 2424 4933 de
2453 4878 2564 4934 fato
2592 4878 2916 4941 instituitur,
2990 4879 3166 4933 locum
3194 4876 3370 4932 oﬂ‘en-

1793 4968 1950 5033 dunt,
1999 4971 2147 5039 quod
2183 4986 2302 5039 quae
2334 4969 2389 5024 in
2420 4972 2581 5026 terris
2612 4969 2872 5024 eveniunt
2905 4969 3110 5035 omnia,
3141 4982 3372 5038 quaeque

1796 5060 2041 5131 singulos
2080 5061 2148 5116 ad
2196 5061 2486 5125 homines,
2544 5060 2655 5116 imo
2703 5077 2825 5130 quae
2878 5061 2945 5114 ad
2989 5060 3177 5114 brutas
3229 5075 3371 5130 quo-

1791 5167 1899 5222 que
1958 5152 2209 5209 fortassis
2249 5154 2554 5210 animantes
2594 5153 2903 5223 pertinent,
2948 5168 3013 5207 ea
3067 5151 3367 5213 stellarum.

1790 5259 1928 5315 quas
1962 5257 2212 5301 errantes
2235 5256 2453 5308 vocant,
2479 5261 2630 5325 _cum
2676 5246 2764 5310 iis,
2819 5260 2940 5314 quae
2967 5243 3037 5298 ad
3083 5243 3366 5299 zodiacum

1791 5339 2214 5404 adhaerescunt,
2275 5337 2549 5393 sideribus
2600 5336 2978 5407 complexione
3028 5337 3264 5403 quadam
3316 5346 3370 5391 et

1792 5429 2200 5500 comparatione
2257 5430 2373 5485 ﬁeri
2425 5430 2808 5485 arbitrentur:
2842 5428 2937 5483 sed
2986 5442 3175 5482 eorum
3203 5426 3366 5482 etiam

199 5541 224 5572 ι
282 5534 362 5590 ῖσ.
386 5539 610 5596 τούτων.
679 5540 1185 5615 1³Ζοηβσισκαίνεις.

206 5644 868 5733 ὕθλἘπιλογῇΖ--Ῡοςιὶ,
909 5660 1133 5733 perinde
1183 5675 1248 5733 ac
1299 5659 1345 5714 si
1406 5659 1675 5730 legeretur

1802 5658 2026 5730 ιιπλοκῇ,
2067 5672 2188 5728 quae
2231 5673 2337 5712 vox
2385 5657 2615 5713 habetur
2676 5654 2847 5723 infra,
2883 5669 3006 5727 pag.
3049 5654 3175 5722 285,
3211 5652 3364 5726 παρὰ

148 5709 229 5781 τὴν
255 5709 442 5777 τούτων
642 5709 902 5801 ἀλλήλους
