  <div class='ocr_page' id='page_1' title='image "/cluster/home/n/w/nwhite01/storage/ocr_20150623/21/nnc1.0046978437/385.png"; bbox 0 0 3878 6220; ppageno 0'>
   <div class='ocr_carea' id='block_1_1' title="bbox 483 224 588 281">
    <p class='ocr_par' dir='ltr' id='par_1_1' title="bbox 483 224 588 281">
     <span class='ocr_line' id='line_1_1' title="bbox 483 224 588 281; baseline 0 -1"><span class='ocrx_word' id='word_1_1' title='bbox 483 224 588 281; x_wconf 64' lang='grc'><strong>479</strong></span> 
     </span>
    </p>
   </div>
   <div class='ocr_carea' id='block_1_2' title="bbox 1119 203 3070 315">
    <p class='ocr_par' dir='ltr' id='par_1_2' title="bbox 1119 203 3070 315">
     <span class='ocr_line' id='line_1_2' title="bbox 1119 203 3070 315; baseline 0 -30"><span class='ocrx_word' id='word_1_2' title='bbox 1119 228 1391 287; x_wconf 87' lang='lat' dir='ltr'><strong>EUSEBll</strong></span> <span class='ocrx_word' id='word_1_3' title='bbox 1429 203 1908 290; x_wconf 48' lang='lat' dir='ltr'><strong>cisanmx’vsrs</strong></span> <span class='ocrx_word' id='word_1_4' title='bbox 1946 232 2095 290; x_wconf 76' lang='lat' dir='ltr'><strong>ore.</strong></span> <span class='ocrx_word' id='word_1_5' title='bbox 2135 233 2325 291; x_wconf 67' lang='lat' dir='ltr'><strong>rans</strong></span> <span class='ocrx_word' id='word_1_6' title='bbox 2356 234 2419 290; x_wconf 82' lang='grc' dir='ltr'>ιι.</span> <span class='ocrx_word' id='word_1_7' title='bbox 2461 264 2533 274; x_wconf 92' lang='grc'><strong><em>-</em></strong></span> <span class='ocrx_word' id='word_1_8' title='bbox 2570 230 3070 315; x_wconf 62' lang='lat' dir='ltr'><strong>APOLOGETICA.</strong></span> 
     </span>
    </p>
   </div>
   <div class='ocr_carea' id='block_1_3' title="bbox 3637 228 3735 283">
    <p class='ocr_par' dir='ltr' id='par_1_3' title="bbox 3637 228 3735 283">
     <span class='ocr_line' id='line_1_3' title="bbox 3637 228 3735 283; baseline -0.02 0"><span class='ocrx_word' id='word_1_9' title='bbox 3637 228 3735 283; x_wconf 74' lang='grc' dir='ltr'><strong>ιευ</strong></span> 
     </span>
    </p>
   </div>
   <div class='ocr_carea' id='block_1_4' title="bbox 483 345 2038 428">
    <p class='ocr_par' dir='ltr' id='par_1_4' title="bbox 483 345 2038 426">
     <span class='ocr_line' id='line_1_4' title="bbox 483 345 2038 426; baseline 0.008 -29"><span class='ocrx_word' id='word_1_10' title='bbox 483 345 760 412; x_wconf 73' lang='lat' dir='ltr'><strong>permulti,</strong></span> <span class='ocrx_word' id='word_1_11' title='bbox 790 347 886 418; x_wconf 87' lang='lat' dir='ltr'><strong>qui</strong></span> <span class='ocrx_word' id='word_1_12' title='bbox 918 347 1253 406; x_wconf 70' lang='lat' dir='ltr'><strong>Christianae</strong></span> <span class='ocrx_word' id='word_1_13' title='bbox 1309 350 1432 406; x_wconf 82' lang='lat' dir='ltr'><strong>ﬁdei</strong></span> <span class='ocrx_word' id='word_1_14' title='bbox 1498 362 1796 408; x_wconf 86' lang='lat' dir='ltr'><strong>sectatores</strong></span> <span class='ocrx_word' id='word_1_15' title='bbox 1839 370 1903 410; x_wconf 92' lang='lat' dir='ltr'><strong>ac</strong></span> <span class='ocrx_word' id='word_1_16' title='bbox 1934 371 2038 426; x_wconf 88' lang='lat' dir='ltr'><strong>pro</strong></span> 
     </span>
    </p>
   </div>
   <div class='ocr_carea' id='block_1_5' title="bbox 2140 345 3733 428">
    <p class='ocr_par' dir='ltr' id='par_1_5' title="bbox 2164 345 3733 428">
     <span class='ocr_line' id='line_1_5' title="bbox 2164 345 3733 428; baseline -0.008 -19"><span class='ocrx_word' id='word_1_17' title='bbox 2164 356 2395 428; x_wconf 78' lang='grc' dir='ltr'>ἀστέρες</span> <span class='ocrx_word' id='word_1_18' title='bbox 2425 355 2567 410; x_wconf 88' lang='grc' dir='ltr'><strong>κατά</strong></span> <span class='ocrx_word' id='word_1_19' title='bbox 2599 356 2725 419; x_wconf 87' lang='grc' dir='ltr'>τοὺς</span> <span class='ocrx_word' id='word_1_20' title='bbox 2753 354 3042 426; x_wconf 80' lang='grc' dir='ltr'><strong>διαφόρους</strong></span> <span class='ocrx_word' id='word_1_21' title='bbox 3073 348 3483 422; x_wconf 80' lang='grc' dir='ltr'>σχηματισμοὺς</span> <span class='ocrx_word' id='word_1_22' title='bbox 3523 345 3733 398; x_wconf 74' lang='grc' dir='ltr'>ἐπιτέλ-</span> 
     </span>
    </p>
   </div>
   <div class='ocr_carea' id='block_1_6' title="bbox 476 436 2061 514">
    <p class='ocr_par' dir='ltr' id='par_1_6' title="bbox 476 436 2061 514">
     <span class='ocr_line' id='line_1_6' title="bbox 476 436 2061 514; baseline 0.008 -23"><span class='ocrx_word' id='word_1_23' title='bbox 476 436 710 494; x_wconf 85' lang='lat' dir='ltr'><strong>fessores</strong></span> <span class='ocrx_word' id='word_1_24' title='bbox 744 439 1035 509; x_wconf 88' lang='lat' dir='ltr'><strong>habentur,</strong></span> <span class='ocrx_word' id='word_1_25' title='bbox 1090 456 1369 514; x_wconf 79' lang='lat' dir='ltr'><strong>anguntur</strong></span> <span class='ocrx_word' id='word_1_26' title='bbox 1406 445 1636 510; x_wconf 85' lang='lat' dir='ltr'><strong>animis,</strong></span> <span class='ocrx_word' id='word_1_27' title='bbox 1686 461 1756 502; x_wconf 91' lang='lat' dir='ltr'><strong>ne</strong></span> <span class='ocrx_word' id='word_1_28' title='bbox 1803 446 2061 503; x_wconf 74' lang='lat' dir='ltr'><strong>humana:</strong></span> 
     </span>
    </p>
   </div>
   <div class='ocr_carea' id='block_1_7' title="bbox 479 532 2056 610">
    <p class='ocr_par' dir='ltr' id='par_1_7' title="bbox 479 532 2056 610">
     <span class='ocr_line' id='line_1_7' title="bbox 479 532 2056 610; baseline 0.007 -27"><span class='ocrx_word' id='word_1_29' title='bbox 479 544 566 583; x_wconf 85' lang='lat' dir='ltr'><strong>res</strong></span> <span class='ocrx_word' id='word_1_30' title='bbox 596 532 731 586; x_wconf 89' lang='lat' dir='ltr'><strong>adeo</strong></span> <span class='ocrx_word' id='word_1_31' title='bbox 760 534 1087 590; x_wconf 85' lang='lat' dir='ltr'><strong>necessitate</strong></span> <span class='ocrx_word' id='word_1_32' title='bbox 1123 545 1437 601; x_wconf 88' lang='lat' dir='ltr'><strong>teneantur,</strong></span> <span class='ocrx_word' id='word_1_33' title='bbox 1467 546 1525 591; x_wconf 89' lang='lat' dir='ltr'><strong>ut</strong></span> <span class='ocrx_word' id='word_1_34' title='bbox 1551 538 1730 604; x_wconf 80' lang='lat' dir='ltr'><strong>aliter,</strong></span> <span class='ocrx_word' id='word_1_35' title='bbox 1761 555 1925 610; x_wconf 88' lang='lat' dir='ltr'><strong>quam</strong></span> <span class='ocrx_word' id='word_1_36' title='bbox 1961 556 2056 594; x_wconf 85' lang='lat' dir='ltr'><strong>va-</strong></span> 
     </span>
    </p>
   </div>
   <div class='ocr_carea' id='block_1_8' title="bbox 477 622 2059 697">
    <p class='ocr_par' dir='ltr' id='par_1_8' title="bbox 477 622 2059 697">
     <span class='ocr_line' id='line_1_8' title="bbox 477 622 2059 697; baseline 0.008 -24"><span class='ocrx_word' id='word_1_37' title='bbox 477 622 593 677; x_wconf 90' lang='lat' dir='ltr'><strong>rius</strong></span> <span class='ocrx_word' id='word_1_38' title='bbox 637 636 912 678; x_wconf 79' lang='lat' dir='ltr'><strong>astrorum</strong></span> <span class='ocrx_word' id='word_1_39' title='bbox 960 626 1099 681; x_wconf 81' lang='lat' dir='ltr'><strong>situs</strong></span> <span class='ocrx_word' id='word_1_40' title='bbox 1149 637 1204 682; x_wconf 91' lang='lat' dir='ltr'><strong>et</strong></span> <span class='ocrx_word' id='word_1_41' title='bbox 1249 628 1538 683; x_wconf 77' lang='lat' dir='ltr'><strong>collocatio</strong></span> <span class='ocrx_word' id='word_1_42' title='bbox 1562 627 1770 697; x_wconf 77' lang='lat' dir='ltr'><strong>iubeat,</strong></span> <span class='ocrx_word' id='word_1_43' title='bbox 1804 630 1917 684; x_wconf 85' lang='lat' dir='ltr'><strong>ﬁeri</strong></span> <span class='ocrx_word' id='word_1_44' title='bbox 1950 646 2059 686; x_wconf 91' lang='lat' dir='ltr'><strong>non</strong></span> 
     </span>
    </p>
   </div>
   <div class='ocr_carea' id='block_1_9' title="bbox 476 720 2051 795">
    <p class='ocr_par' dir='ltr' id='par_1_9' title="bbox 476 720 2051 795">
     <span class='ocr_line' id='line_1_9' title="bbox 476 720 2051 795; baseline 0.006 -23"><span class='ocrx_word' id='word_1_45' title='bbox 476 720 701 787; x_wconf 86' lang='lat' dir='ltr'><strong>possint.</strong></span> <span class='ocrx_word' id='word_1_46' title='bbox 740 720 857 786; x_wconf 81' lang='lat' dir='ltr'><strong>Qua</strong></span> <span class='ocrx_word' id='word_1_47' title='bbox 889 722 1107 790; x_wconf 83' lang='lat' dir='ltr'><strong>quidem</strong></span> <span class='ocrx_word' id='word_1_48' title='bbox 1134 740 1200 778; x_wconf 80' lang='lat' dir='ltr'><strong>ex</strong></span> <span class='ocrx_word' id='word_1_49' title='bbox 1232 724 1492 792; x_wconf 79' lang='lat' dir='ltr'><strong>opinione</strong></span> <span class='ocrx_word' id='word_1_50' title='bbox 1518 740 1868 795; x_wconf 87' lang='lat' dir='ltr'><strong>consequens</strong></span> <span class='ocrx_word' id='word_1_51' title='bbox 1916 726 2051 781; x_wconf 93' lang='lat' dir='ltr'><strong>illud</strong></span> 
     </span>
    </p>
   </div>
   <div class='ocr_carea' id='block_1_10' title="bbox 473 809 2057 887">
    <p class='ocr_par' dir='ltr' id='par_1_10' title="bbox 473 809 2057 887">
     <span class='ocr_line' id='line_1_10' title="bbox 473 809 2057 887; baseline 0.006 -23"><span class='ocrx_word' id='word_1_52' title='bbox 473 818 577 871; x_wconf 79' lang='lat' dir='ltr'><strong>est.</strong></span> <span class='ocrx_word' id='word_1_53' title='bbox 609 818 668 864; x_wconf 90' lang='lat' dir='ltr'><strong>ut</strong></span> <span class='ocrx_word' id='word_1_54' title='bbox 697 809 946 868; x_wconf 85' lang='lat' dir='ltr'><strong>funditus</strong></span> <span class='ocrx_word' id='word_1_55' title='bbox 1002 814 1305 869; x_wconf 83' lang='lat' dir='ltr'><strong>voluntatis</strong></span> <span class='ocrx_word' id='word_1_56' title='bbox 1350 825 1553 870; x_wconf 66' lang='lat' dir='ltr'><strong>nostra:</strong></span> <span class='ocrx_word' id='word_1_57' title='bbox 1583 817 1666 871; x_wconf 89' lang='lat' dir='ltr'><strong>vis</strong></span> <span class='ocrx_word' id='word_1_58' title='bbox 1715 815 2057 887; x_wconf 82' lang='lat' dir='ltr'><strong>facultasque</strong></span> 
     </span>
    </p>
   </div>
   <div class='ocr_carea' id='block_1_11' title="bbox 476 900 2055 979">
    <p class='ocr_par' dir='ltr' id='par_1_11' title="bbox 476 900 2055 979">
     <span class='ocr_line' id='line_1_11' title="bbox 476 900 2055 979; baseline 0.007 -25"><span class='ocrx_word' id='word_1_59' title='bbox 476 900 716 967; x_wconf 87' lang='lat' dir='ltr'><strong>tollatur,</strong></span> <span class='ocrx_word' id='word_1_60' title='bbox 752 903 1023 972; x_wconf 88' lang='lat' dir='ltr'><strong>simulque</strong></span> <span class='ocrx_word' id='word_1_61' title='bbox 1052 905 1282 974; x_wconf 89' lang='lat' dir='ltr'><strong>proinde</strong></span> <span class='ocrx_word' id='word_1_62' title='bbox 1310 906 1431 961; x_wconf 90' lang='lat' dir='ltr'><strong>laus</strong></span> <span class='ocrx_word' id='word_1_63' title='bbox 1469 908 1652 962; x_wconf 91' lang='lat' dir='ltr'><strong>omnis</strong></span> <span class='ocrx_word' id='word_1_64' title='bbox 1683 924 1749 963; x_wconf 90' lang='lat' dir='ltr'><strong>ac</strong></span> <span class='ocrx_word' id='word_1_65' title='bbox 1780 909 2055 979; x_wconf 81' lang='lat' dir='ltr'><strong>vitupera-</strong></span> 
     </span>
    </p>
   </div>
   <div class='ocr_carea' id='block_1_12' title="bbox 474 992 2056 1071">
    <p class='ocr_par' dir='ltr' id='par_1_12' title="bbox 474 992 2056 1071">
     <span class='ocr_line' id='line_1_12' title="bbox 474 992 2056 1071; baseline 0.006 -25"><span class='ocrx_word' id='word_1_66' title='bbox 474 992 571 1059; x_wconf 89' lang='lat' dir='ltr'><strong>tio,</strong></span> <span class='ocrx_word' id='word_1_67' title='bbox 601 1010 899 1064; x_wconf 81' lang='lat' dir='ltr'><strong>rerumque</strong></span> <span class='ocrx_word' id='word_1_68' title='bbox 924 997 1005 1050; x_wconf 89' lang='lat' dir='ltr'><strong>vel</strong></span> <span class='ocrx_word' id='word_1_69' title='bbox 1042 999 1435 1067; x_wconf 86' lang='lat' dir='ltr'><strong>approbatione</strong></span> <span class='ocrx_word' id='word_1_70' title='bbox 1457 1000 1743 1070; x_wconf 81' lang='lat' dir='ltr'><strong>dignarum</strong></span> <span class='ocrx_word' id='word_1_71' title='bbox 1766 1002 1846 1056; x_wconf 91' lang='lat' dir='ltr'><strong>vel</strong></span> <span class='ocrx_word' id='word_1_72' title='bbox 1872 1018 2056 1071; x_wconf 88' lang='lat' dir='ltr'><strong>repre-</strong></span> 
     </span>
    </p>
   </div>
   <div class='ocr_carea' id='block_1_13' title="bbox 470 1081 2055 1159">
    <p class='ocr_par' dir='ltr' id='par_1_13' title="bbox 470 1081 2055 1159">
     <span class='ocr_line' id='line_1_13' title="bbox 470 1081 2055 1159; baseline 0.007 -24"><span class='ocrx_word' id='word_1_73' title='bbox 470 1081 759 1150; x_wconf 87' lang='lat' dir='ltr'><strong>hensione,</strong></span> <span class='ocrx_word' id='word_1_74' title='bbox 790 1085 1109 1141; x_wconf 87' lang='lat' dir='ltr'><strong>discrimen.</strong></span> <span class='ocrx_word' id='word_1_75' title='bbox 1146 1085 1271 1143; x_wconf 63' lang='lat' dir='ltr'><strong>Haec</strong></span> <span class='ocrx_word' id='word_1_76' title='bbox 1310 1104 1473 1159; x_wconf 91' lang='lat' dir='ltr'><strong>porro</strong></span> <span class='ocrx_word' id='word_1_77' title='bbox 1522 1090 1735 1145; x_wconf 87' lang='lat' dir='ltr'><strong>sublata</strong></span> <span class='ocrx_word' id='word_1_78' title='bbox 1788 1090 1833 1146; x_wconf 91' lang='lat' dir='ltr'><strong>si</strong></span> <span class='ocrx_word' id='word_1_79' title='bbox 1886 1092 2055 1146; x_wconf 84' lang='lat' dir='ltr'><strong>semel</strong></span> 
     </span>
    </p>
   </div>
   <div class='ocr_carea' id='block_1_14' title="bbox 468 1180 2053 1253">
    <p class='ocr_par' dir='ltr' id='par_1_14' title="bbox 468 1180 2053 1253">
     <span class='ocr_line' id='line_1_14' title="bbox 468 1180 2053 1253; baseline 0.006 -25"><span class='ocrx_word' id='word_1_80' title='bbox 468 1183 651 1238; x_wconf 87' lang='lat' dir='ltr'><strong>erunt,</strong></span> <span class='ocrx_word' id='word_1_81' title='bbox 680 1187 973 1233; x_wconf 85' lang='lat' dir='ltr'><strong>evanescat</strong></span> <span class='ocrx_word' id='word_1_82' title='bbox 1000 1180 1206 1249; x_wconf 86' lang='lat' dir='ltr'><strong>pariter</strong></span> <span class='ocrx_word' id='word_1_83' title='bbox 1266 1196 1493 1237; x_wconf 90' lang='lat' dir='ltr'><strong>necesse</strong></span> <span class='ocrx_word' id='word_1_84' title='bbox 1527 1190 1634 1248; x_wconf 92' lang='lat' dir='ltr'><strong>est,</strong></span> <span class='ocrx_word' id='word_1_85' title='bbox 1665 1183 1937 1253; x_wconf 79' lang='lat' dir='ltr'><strong>quidquid</strong></span> <span class='ocrx_word' id='word_1_86' title='bbox 1986 1184 2053 1238; x_wconf 91' lang='lat' dir='ltr'><strong>de</strong></span> 
     </span>
    </p>
   </div>
   <div class='ocr_carea' id='block_1_15' title="bbox 464 1266 2053 1343">
    <p class='ocr_par' dir='ltr' id='par_1_15' title="bbox 464 1266 2053 1343">
     <span class='ocr_line' id='line_1_15' title="bbox 464 1266 2053 1343; baseline 0.006 -22"><span class='ocrx_word' id='word_1_87' title='bbox 464 1266 659 1337; x_wconf 87' lang='lat' dir='ltr'><strong>judicii</strong></span> <span class='ocrx_word' id='word_1_88' title='bbox 691 1269 861 1324; x_wconf 90' lang='lat' dir='ltr'><strong>divini</strong></span> <span class='ocrx_word' id='word_1_89' title='bbox 889 1271 1151 1340; x_wconf 67' lang='lat' dir='ltr'><strong>aequitate</strong></span> <span class='ocrx_word' id='word_1_90' title='bbox 1202 1274 1462 1343; x_wconf 83' lang='lat' dir='ltr'><strong>jactatur,</strong></span> <span class='ocrx_word' id='word_1_91' title='bbox 1494 1276 1787 1330; x_wconf 86' lang='lat' dir='ltr'><strong>concidant</strong></span> <span class='ocrx_word' id='word_1_92' title='bbox 1836 1276 1919 1331; x_wconf 86' lang='lat' dir='ltr'><strong>vel</strong></span> <span class='ocrx_word' id='word_1_93' title='bbox 1970 1277 2053 1331; x_wconf 91' lang='lat' dir='ltr'><strong>in-</strong></span> 
     </span>
    </p>
   </div>
   <div class='ocr_carea' id='block_1_16' title="bbox 467 1363 2047 1437">
    <p class='ocr_par' dir='ltr' id='par_1_16' title="bbox 467 1363 2047 1437">
     <span class='ocr_line' id='line_1_16' title="bbox 467 1363 2047 1437; baseline 0.006 -22"><span class='ocrx_word' id='word_1_94' title='bbox 467 1368 688 1415; x_wconf 65' lang='lat' dir='ltr'><strong>tentata:</strong></span> <span class='ocrx_word' id='word_1_95' title='bbox 714 1363 993 1419; x_wconf 88' lang='lat' dir='ltr'><strong>sceleratis</strong></span> <span class='ocrx_word' id='word_1_96' title='bbox 1017 1379 1302 1433; x_wconf 73' lang='lat' dir='ltr'><strong>poenarum</strong></span> <span class='ocrx_word' id='word_1_97' title='bbox 1333 1382 1399 1421; x_wconf 91' lang='lat' dir='ltr'><strong>ac</strong></span> <span class='ocrx_word' id='word_1_98' title='bbox 1432 1368 1828 1437; x_wconf 87' lang='lat' dir='ltr'><strong>suppliciorum</strong></span> <span class='ocrx_word' id='word_1_99' title='bbox 1862 1370 2047 1435; x_wconf 81' lang='lat' dir='ltr'><strong>minae,</strong></span> 
     </span>
    </p>
   </div>
   <div class='ocr_carea' id='block_1_17' title="bbox 469 1455 2052 1535">
    <p class='ocr_par' dir='ltr' id='par_1_17' title="bbox 469 1455 2052 1535">
     <span class='ocr_line' id='line_1_17' title="bbox 469 1455 2052 1535; baseline 0.008 -26"><span class='ocrx_word' id='word_1_100' title='bbox 469 1455 553 1510; x_wconf 89' lang='lat' dir='ltr'><strong>vel</strong></span> <span class='ocrx_word' id='word_1_101' title='bbox 582 1457 851 1526; x_wconf 85' lang='lat' dir='ltr'><strong>promissa</strong></span> <span class='ocrx_word' id='word_1_102' title='bbox 903 1459 1149 1515; x_wconf 89' lang='lat' dir='ltr'><strong>melioris</strong></span> <span class='ocrx_word' id='word_1_103' title='bbox 1181 1462 1582 1534; x_wconf 90' lang='lat' dir='ltr'><strong>sanctiorisque</strong></span> <span class='ocrx_word' id='word_1_104' title='bbox 1611 1464 1733 1519; x_wconf 82' lang='lat' dir='ltr'><strong>vitae</strong></span> <span class='ocrx_word' id='word_1_105' title='bbox 1777 1465 2052 1535; x_wconf 87' lang='lat' dir='ltr'><strong>professo-</strong></span> 
     </span>
    </p>
   </div>
   <div class='ocr_carea' id='block_1_18' title="bbox 467 1547 2046 1622">
    <p class='ocr_par' dir='ltr' id='par_1_18' title="bbox 467 1547 2046 1622">
     <span class='ocr_line' id='line_1_18' title="bbox 467 1547 2046 1622; baseline 0.006 -21"><span class='ocrx_word' id='word_1_106' title='bbox 467 1547 620 1602; x_wconf 84' lang='lat' dir='ltr'><strong>ribus</strong></span> <span class='ocrx_word' id='word_1_107' title='bbox 647 1548 835 1617; x_wconf 73' lang='lat' dir='ltr'><strong>glorize</strong></span> <span class='ocrx_word' id='word_1_108' title='bbox 866 1564 930 1605; x_wconf 90' lang='lat' dir='ltr'><strong>ac</strong></span> <span class='ocrx_word' id='word_1_109' title='bbox 956 1550 1230 1606; x_wconf 79' lang='lat' dir='ltr'><strong>fclicitatis</strong></span> <span class='ocrx_word' id='word_1_110' title='bbox 1265 1554 1486 1622; x_wconf 65' lang='lat' dir='ltr'><strong>praemia</strong></span> <span class='ocrx_word' id='word_1_111' title='bbox 1517 1573 1531 1617; x_wconf 87' lang='lat'><strong>;</strong></span> <span class='ocrx_word' id='word_1_112' title='bbox 1564 1555 1699 1609; x_wconf 87' lang='lat' dir='ltr'><strong>nihil</strong></span> <span class='ocrx_word' id='word_1_113' title='bbox 1728 1558 1873 1610; x_wconf 89' lang='lat' dir='ltr'><strong>enim</strong></span> <span class='ocrx_word' id='word_1_114' title='bbox 1907 1559 2046 1612; x_wconf 90' lang='lat' dir='ltr'><strong>isto-</strong></span> 
     </span>
    </p>
   </div>
   <div class='ocr_carea' id='block_1_19' title="bbox 465 1638 2045 1716">
    <p class='ocr_par' dir='ltr' id='par_1_19' title="bbox 465 1638 2045 1716">
     <span class='ocr_line' id='line_1_19' title="bbox 465 1638 2045 1716; baseline 0.008 -26"><span class='ocrx_word' id='word_1_115' title='bbox 465 1651 588 1691; x_wconf 82' lang='lat' dir='ltr'><strong>rum</strong></span> <span class='ocrx_word' id='word_1_116' title='bbox 612 1638 867 1708; x_wconf 87' lang='lat' dir='ltr'><strong>deinceps</strong></span> <span class='ocrx_word' id='word_1_117' title='bbox 894 1655 1019 1694; x_wconf 73' lang='lat' dir='ltr'><strong>cun:</strong></span> <span class='ocrx_word' id='word_1_118' title='bbox 1053 1642 1269 1697; x_wconf 88' lang='lat' dir='ltr'><strong>ratione</strong></span> <span class='ocrx_word' id='word_1_119' title='bbox 1302 1645 1411 1698; x_wconf 80' lang='lat' dir='ltr'><strong>lict.</strong></span> <span class='ocrx_word' id='word_1_120' title='bbox 1433 1644 1568 1709; x_wconf 92' lang='lat' dir='ltr'><strong>lmo,</strong></span> <span class='ocrx_word' id='word_1_121' title='bbox 1599 1646 1643 1699; x_wconf 90' lang='lat' dir='ltr'><strong>si</strong></span> <span class='ocrx_word' id='word_1_122' title='bbox 1674 1646 1796 1716; x_wconf 91' lang='lat' dir='ltr'><strong>quis</strong></span> <span class='ocrx_word' id='word_1_123' title='bbox 1827 1657 2045 1711; x_wconf 60' lang='lat' dir='ltr'><strong>caetera,</strong></span> 
     </span>
    </p>
   </div>
   <div class='ocr_carea' id='block_1_20' title="bbox 460 1732 2050 1809">
    <p class='ocr_par' dir='ltr' id='par_1_20' title="bbox 460 1732 2050 1809">
     <span class='ocr_line' id='line_1_20' title="bbox 460 1732 2050 1809; baseline 0.007 -25"><span class='ocrx_word' id='word_1_124' title='bbox 460 1745 587 1800; x_wconf 71' lang='lat' dir='ltr'><strong>quae</strong></span> <span class='ocrx_word' id='word_1_125' title='bbox 613 1746 679 1785; x_wconf 84' lang='lat' dir='ltr'><strong>ex</strong></span> <span class='ocrx_word' id='word_1_126' title='bbox 708 1732 953 1799; x_wconf 86' lang='lat' dir='ltr'><strong>ejusdem</strong></span> <span class='ocrx_word' id='word_1_127' title='bbox 1009 1735 1298 1788; x_wconf 71' lang='lat' dir='ltr'><strong>sententia:</strong></span> <span class='ocrx_word' id='word_1_128' title='bbox 1327 1736 1375 1788; x_wconf 90' lang='lat' dir='ltr'><strong>vi</strong></span> <span class='ocrx_word' id='word_1_129' title='bbox 1406 1736 1718 1792; x_wconf 81' lang='lat' dir='ltr'><strong>clliciuutur</strong></span> <span class='ocrx_word' id='word_1_130' title='bbox 1746 1780 1761 1805; x_wconf 92' lang='lat'><strong>,</strong></span> <span class='ocrx_word' id='word_1_131' title='bbox 1805 1751 2050 1809; x_wconf 73' lang='lat' dir='ltr'><strong>spectare</strong></span> 
     </span>
    </p>
   </div>
   <div class='ocr_carea' id='block_1_21' title="bbox 464 1820 2049 1898">
    <p class='ocr_par' dir='ltr' id='par_1_21' title="bbox 464 1820 2049 1898">
     <span class='ocr_line' id='line_1_21' title="bbox 464 1820 2049 1898; baseline 0.007 -24"><span class='ocrx_word' id='word_1_132' title='bbox 464 1820 628 1885; x_wconf 89' lang='lat' dir='ltr'><strong>volet,</strong></span> <span class='ocrx_word' id='word_1_133' title='bbox 667 1837 776 1875; x_wconf 94' lang='lat' dir='ltr'><strong>nou</strong></span> <span class='ocrx_word' id='word_1_134' title='bbox 832 1823 1011 1877; x_wconf 90' lang='lat' dir='ltr'><strong>inanis</strong></span> <span class='ocrx_word' id='word_1_135' title='bbox 1040 1827 1286 1893; x_wconf 85' lang='lat' dir='ltr'><strong>prot&#39;ecto</strong></span> <span class='ocrx_word' id='word_1_136' title='bbox 1314 1826 1513 1890; x_wconf 91' lang='lat' dir='ltr'><strong>solum,</strong></span> <span class='ocrx_word' id='word_1_137' title='bbox 1554 1843 1617 1881; x_wconf 86' lang='lat' dir='ltr'><strong>ac</strong></span> <span class='ocrx_word' id='word_1_138' title='bbox 1645 1844 2049 1898; x_wconf 81' lang='lat' dir='ltr'><strong>supervacanea</strong></span> 
     </span>
    </p>
   </div>
   <div class='ocr_carea' id='block_1_22' title="bbox 463 1913 2049 1990">
    <p class='ocr_par' dir='ltr' id='par_1_22' title="bbox 463 1913 2049 1990">
     <span class='ocr_line' id='line_1_22' title="bbox 463 1913 2049 1990; baseline 0.006 -24"><span class='ocrx_word' id='word_1_139' title='bbox 463 1913 597 1968; x_wconf 85' lang='lat' dir='ltr'><strong>tides</strong></span> <span class='ocrx_word' id='word_1_140' title='bbox 630 1922 819 1969; x_wconf 91' lang='lat' dir='ltr'><strong>nostra</strong></span> <span class='ocrx_word' id='word_1_141' title='bbox 849 1913 1033 1969; x_wconf 80' lang='lat' dir='ltr'><strong>futura</strong></span> <span class='ocrx_word' id='word_1_142' title='bbox 1062 1917 1152 1981; x_wconf 88' lang='lat' dir='ltr'><strong>sit,</strong></span> <span class='ocrx_word' id='word_1_143' title='bbox 1179 1917 1272 1972; x_wconf 90' lang='lat' dir='ltr'><strong>sed</strong></span> <span class='ocrx_word' id='word_1_144' title='bbox 1302 1935 1369 1973; x_wconf 93' lang='lat' dir='ltr'><strong>ne</strong></span> <span class='ocrx_word' id='word_1_145' title='bbox 1404 1920 1519 1989; x_wconf 88' lang='lat' dir='ltr'><strong>ipse</strong></span> <span class='ocrx_word' id='word_1_146' title='bbox 1543 1920 1761 1990; x_wconf 89' lang='lat' dir='ltr'><strong>quidem</strong></span> <span class='ocrx_word' id='word_1_147' title='bbox 1782 1922 2049 1978; x_wconf 85' lang='lat' dir='ltr'><strong>adventus</strong></span> 
     </span>
    </p>
   </div>
   <div class='ocr_carea' id='block_1_23' title="bbox 459 2004 2046 2083">
    <p class='ocr_par' dir='ltr' id='par_1_23' title="bbox 459 2004 2046 2083">
     <span class='ocr_line' id='line_1_23' title="bbox 459 2004 2046 2083; baseline 0.006 -24"><span class='ocrx_word' id='word_1_148' title='bbox 459 2004 690 2070; x_wconf 84' lang='lat' dir='ltr'><strong>Christi,</strong></span> <span class='ocrx_word' id='word_1_149' title='bbox 757 2013 978 2077; x_wconf 89' lang='lat' dir='ltr'><strong>totaque</strong></span> <span class='ocrx_word' id='word_1_150' title='bbox 1026 2008 1115 2062; x_wconf 89' lang='lat' dir='ltr'><strong>illa</strong></span> <span class='ocrx_word' id='word_1_151' title='bbox 1157 2024 1252 2063; x_wconf 88' lang='lat' dir='ltr'><strong>seu</strong></span> <span class='ocrx_word' id='word_1_152' title='bbox 1310 2009 1464 2082; x_wconf 80' lang='lat' dir='ltr'><strong>legis,</strong></span> <span class='ocrx_word' id='word_1_153' title='bbox 1528 2028 1621 2066; x_wconf 91' lang='lat' dir='ltr'><strong>seu</strong></span> <span class='ocrx_word' id='word_1_154' title='bbox 1660 2014 2046 2083; x_wconf 88' lang='lat' dir='ltr'><strong>prophetarum</strong></span> 
     </span>
    </p>
   </div>
   <div class='ocr_carea' id='block_1_24' title="bbox 461 2096 2040 2167">
    <p class='ocr_par' dir='ltr' id='par_1_24' title="bbox 461 2096 2040 2167">
     <span class='ocr_line' id='line_1_24' title="bbox 461 2096 2040 2167; baseline 0.004 -17"><span class='ocrx_word' id='word_1_155' title='bbox 461 2096 793 2160; x_wconf 63' lang='lat' dir='ltr'><strong>oeconomia,</strong></span> <span class='ocrx_word' id='word_1_156' title='bbox 825 2107 877 2151; x_wconf 91' lang='lat' dir='ltr'><strong>et</strong></span> <span class='ocrx_word' id='word_1_157' title='bbox 928 2099 1296 2167; x_wconf 85' lang='lat' dir='ltr'><strong>apostolorum</strong></span> <span class='ocrx_word' id='word_1_158' title='bbox 1333 2101 1384 2154; x_wconf 91' lang='lat' dir='ltr'><strong>iu</strong></span> <span class='ocrx_word' id='word_1_159' title='bbox 1416 2102 1720 2156; x_wconf 84' lang='lat' dir='ltr'><strong>excitandis</strong></span> <span class='ocrx_word' id='word_1_160' title='bbox 1758 2104 2040 2158; x_wconf 88' lang='lat' dir='ltr'><strong>constabi-</strong></span> 
     </span>
    </p>
   </div>
   <div class='ocr_carea' id='block_1_25' title="bbox 461 2188 2044 2263">
    <p class='ocr_par' dir='ltr' id='par_1_25' title="bbox 461 2188 2044 2263">
     <span class='ocr_line' id='line_1_25' title="bbox 461 2188 2044 2263; baseline 0.006 -21"><span class='ocrx_word' id='word_1_161' title='bbox 461 2188 767 2258; x_wconf 81' lang='lat' dir='ltr'><strong>licndisque</strong></span> <span class='ocrx_word' id='word_1_162' title='bbox 805 2190 1006 2245; x_wconf 81' lang='lat' dir='ltr'><strong>Christi</strong></span> <span class='ocrx_word' id='word_1_163' title='bbox 1043 2191 1133 2245; x_wconf 88' lang='lat' dir='ltr'><strong>Dei</strong></span> <span class='ocrx_word' id='word_1_164' title='bbox 1173 2191 1454 2259; x_wconf 88' lang='lat' dir='ltr'><strong>Ecclesiis,</strong></span> <span class='ocrx_word' id='word_1_165' title='bbox 1506 2204 1762 2263; x_wconf 88' lang='lat' dir='ltr'><strong>suscepta</strong></span> <span class='ocrx_word' id='word_1_166' title='bbox 1817 2207 2044 2252; x_wconf 84' lang='lat' dir='ltr'><strong>conten-</strong></span> 
     </span>
    </p>
   </div>
   <div class='ocr_carea' id='block_1_26' title="bbox 461 2279 2043 2358">
    <p class='ocr_par' dir='ltr' id='par_1_26' title="bbox 461 2279 2043 2358">
     <span class='ocr_line' id='line_1_26' title="bbox 461 2279 2043 2358; baseline 0.009 -27"><span class='ocrx_word' id='word_1_167' title='bbox 461 2279 561 2343; x_wconf 86' lang='lat' dir='ltr'><strong>tio,</strong></span> <span class='ocrx_word' id='word_1_168' title='bbox 595 2280 676 2333; x_wconf 85' lang='lat' dir='ltr'><strong>vcl</strong></span> <span class='ocrx_word' id='word_1_169' title='bbox 711 2281 946 2335; x_wconf 89' lang='lat' dir='ltr'><strong>nihilum</strong></span> <span class='ocrx_word' id='word_1_170' title='bbox 971 2283 1280 2351; x_wconf 78' lang='lat' dir='ltr'><strong>profecerit.</strong></span> <span class='ocrx_word' id='word_1_171' title='bbox 1312 2283 1428 2340; x_wconf 87' lang='lat' dir='ltr'><strong>Nisi</strong></span> <span class='ocrx_word' id='word_1_172' title='bbox 1459 2296 1664 2352; x_wconf 90' lang='lat' dir='ltr'><strong>tamen,</strong></span> <span class='ocrx_word' id='word_1_173' title='bbox 1687 2289 1857 2358; x_wconf 87' lang='lat' dir='ltr'><strong>ipsius</strong></span> <span class='ocrx_word' id='word_1_174' title='bbox 1877 2290 2043 2345; x_wconf 81' lang='lat' dir='ltr'><strong>etiam</strong></span> 
     </span>
    </p>
   </div>
   <div class='ocr_carea' id='block_1_27' title="bbox 455 2371 2039 2452">
    <p class='ocr_par' dir='ltr' id='par_1_27' title="bbox 455 2371 2039 2452">
     <span class='ocr_line' id='line_1_27' title="bbox 455 2371 2039 2452; baseline 0.007 -26"><span class='ocrx_word' id='word_1_175' title='bbox 455 2371 664 2428; x_wconf 78' lang='lat' dir='ltr'><strong>Christi</strong></span> <span class='ocrx_word' id='word_1_176' title='bbox 694 2390 802 2428; x_wconf 92' lang='lat' dir='ltr'><strong>nou</strong></span> <span class='ocrx_word' id='word_1_177' title='bbox 836 2376 999 2431; x_wconf 90' lang='lat' dir='ltr'><strong>modo</strong></span> <span class='ocrx_word' id='word_1_178' title='bbox 1033 2376 1294 2430; x_wconf 88' lang='lat' dir='ltr'><strong>nascendi</strong></span> <span class='ocrx_word' id='word_1_179' title='bbox 1317 2379 1610 2441; x_wconf 86' lang='lat' dir='ltr'><strong>rationem,</strong></span> <span class='ocrx_word' id='word_1_180' title='bbox 1643 2381 1737 2435; x_wconf 91' lang='lat' dir='ltr'><strong>sed</strong></span> <span class='ocrx_word' id='word_1_181' title='bbox 1773 2382 2039 2452; x_wconf 91' lang='lat' dir='ltr'><strong>quidquid</strong></span> 
     </span>
    </p>
   </div>
   <div class='ocr_carea' id='block_1_28' title="bbox 458 2466 2043 2537">
    <p class='ocr_par' dir='ltr' id='par_1_28' title="bbox 458 2466 2043 2537">
     <span class='ocr_line' id='line_1_28' title="bbox 458 2466 2043 2537; baseline 0.006 -19"><span class='ocrx_word' id='word_1_182' title='bbox 458 2474 723 2534; x_wconf 57' lang='lat' dir='ltr'><strong>praeterea</strong></span> <span class='ocrx_word' id='word_1_183' title='bbox 775 2466 860 2520; x_wconf 88' lang='lat' dir='ltr'><strong>vel</strong></span> <span class='ocrx_word' id='word_1_184' title='bbox 889 2466 1081 2537; x_wconf 78' lang='lat' dir='ltr'><strong>egerit,</strong></span> <span class='ocrx_word' id='word_1_185' title='bbox 1117 2467 1200 2520; x_wconf 85' lang='lat' dir='ltr'><strong>vel</strong></span> <span class='ocrx_word' id='word_1_186' title='bbox 1238 2469 1444 2534; x_wconf 87' lang='lat' dir='ltr'><strong>tulerit,</strong></span> <span class='ocrx_word' id='word_1_187' title='bbox 1486 2485 1605 2523; x_wconf 90' lang='lat' dir='ltr'><strong>eam</strong></span> <span class='ocrx_word' id='word_1_188' title='bbox 1643 2470 1695 2524; x_wconf 91' lang='lat' dir='ltr'><strong>in</strong></span> <span class='ocrx_word' id='word_1_189' title='bbox 1730 2474 2043 2528; x_wconf 86' lang='lat' dir='ltr'><strong>conversio—</strong></span> 
     </span>
    </p>
   </div>
   <div class='ocr_carea' id='block_1_29' title="bbox 458 2555 2040 2629">
    <p class='ocr_par' dir='ltr' id='par_1_29' title="bbox 458 2555 2040 2629">
     <span class='ocr_line' id='line_1_29' title="bbox 458 2555 2040 2629; baseline 0.007 -21"><span class='ocrx_word' id='word_1_190' title='bbox 458 2555 546 2610; x_wconf 82' lang='lat' dir='ltr'><strong>nis</strong></span> <span class='ocrx_word' id='word_1_191' title='bbox 578 2564 854 2611; x_wconf 89' lang='lat' dir='ltr'><strong>astrorum</strong></span> <span class='ocrx_word' id='word_1_192' title='bbox 888 2558 1264 2613; x_wconf 83' lang='lat' dir='ltr'><strong>necessitatem</strong></span> <span class='ocrx_word' id='word_1_193' title='bbox 1297 2561 1540 2629; x_wconf 84' lang='lat' dir='ltr'><strong>projecta</strong></span> <span class='ocrx_word' id='word_1_194' title='bbox 1576 2562 1860 2618; x_wconf 90' lang='lat' dir='ltr'><strong>hominum</strong></span> <span class='ocrx_word' id='word_1_195' title='bbox 1904 2565 2040 2619; x_wconf 86' lang='lat' dir='ltr'><strong>isto-</strong></span> 
     </span>
    </p>
   </div>
   <div class='ocr_carea' id='block_1_30' title="bbox 458 2649 2040 2726">
    <p class='ocr_par' dir='ltr' id='par_1_30' title="bbox 458 2649 2040 2726">
     <span class='ocr_line' id='line_1_30' title="bbox 458 2649 2040 2726; baseline 0.008 -26"><span class='ocrx_word' id='word_1_196' title='bbox 458 2663 578 2701; x_wconf 83' lang='lat' dir='ltr'><strong>rum</strong></span> <span class='ocrx_word' id='word_1_197' title='bbox 609 2649 889 2703; x_wconf 85' lang='lat' dir='ltr'><strong>temeritas</strong></span> <span class='ocrx_word' id='word_1_198' title='bbox 932 2650 1199 2719; x_wconf 79' lang='lat' dir='ltr'><strong>illigabit:</strong></span> <span class='ocrx_word' id='word_1_199' title='bbox 1246 2652 1468 2720; x_wconf 89' lang='lat' dir='ltr'><strong>perinde</strong></span> <span class='ocrx_word' id='word_1_200' title='bbox 1501 2654 1772 2722; x_wconf 88' lang='lat' dir='ltr'><strong>videlicet,</strong></span> <span class='ocrx_word' id='word_1_201' title='bbox 1801 2657 1958 2726; x_wconf 89' lang='lat' dir='ltr'><strong>quasi</strong></span> <span class='ocrx_word' id='word_1_202' title='bbox 1994 2658 2040 2712; x_wconf 89' lang='lat' dir='ltr'><strong>is</strong></span> 
     </span>
    </p>
   </div>
   <div class='ocr_carea' id='block_1_31' title="bbox 453 2740 2038 2812">
    <p class='ocr_par' dir='ltr' id='par_1_31' title="bbox 453 2740 2038 2812">
     <span class='ocr_line' id='line_1_31' title="bbox 453 2740 2038 2812; baseline 0.006 -18"><span class='ocrx_word' id='word_1_203' title='bbox 453 2740 526 2795; x_wconf 90' lang='lat' dir='ltr'><strong>ab</strong></span> <span class='ocrx_word' id='word_1_204' title='bbox 555 2741 827 2796; x_wconf 87' lang='lat' dir='ltr'><strong>sideribus</strong></span> <span class='ocrx_word' id='word_1_205' title='bbox 860 2741 966 2794; x_wconf 89' lang='lat' dir='ltr'><strong>vim</strong></span> <span class='ocrx_word' id='word_1_206' title='bbox 1006 2743 1152 2796; x_wconf 90' lang='lat' dir='ltr'><strong>illam</strong></span> <span class='ocrx_word' id='word_1_207' title='bbox 1185 2760 1365 2799; x_wconf 91' lang='lat' dir='ltr'><strong>rerum</strong></span> <span class='ocrx_word' id='word_1_208' title='bbox 1407 2745 1837 2812; x_wconf 89' lang='lat' dir='ltr'><strong>admirabilium,</strong></span> <span class='ocrx_word' id='word_1_209' title='bbox 1872 2763 1980 2802; x_wconf 86' lang='lat' dir='ltr'><strong>non</strong></span> <span class='ocrx_word' id='word_1_210' title='bbox 2007 2764 2038 2804; x_wconf 85' lang='lat' dir='ltr'><strong>a</strong></span> 
     </span>
    </p>
   </div>
   <div class='ocr_carea' id='block_1_32' title="bbox 457 2830 2037 2909">
    <p class='ocr_par' dir='ltr' id='par_1_32' title="bbox 457 2830 2037 2909">
     <span class='ocr_line' id='line_1_32' title="bbox 457 2830 2037 2909; baseline 0.008 -26"><span class='ocrx_word' id='word_1_211' title='bbox 457 2830 571 2884; x_wconf 90' lang='lat' dir='ltr'><strong>Deo</strong></span> <span class='ocrx_word' id='word_1_212' title='bbox 627 2841 1063 2902; x_wconf 86' lang='lat' dir='ltr'><strong>cunctorumque</strong></span> <span class='ocrx_word' id='word_1_213' title='bbox 1126 2833 1357 2891; x_wconf 86' lang='lat' dir='ltr'><strong>Parente</strong></span> <span class='ocrx_word' id='word_1_214' title='bbox 1407 2839 1704 2906; x_wconf 88' lang='lat' dir='ltr'><strong>acceperit.</strong></span> <span class='ocrx_word' id='word_1_215' title='bbox 1760 2839 1930 2909; x_wconf 88' lang='lat' dir='ltr'><strong>Cujus</strong></span> <span class='ocrx_word' id='word_1_216' title='bbox 1971 2856 2037 2894; x_wconf 80' lang='lat' dir='ltr'><strong>ex</strong></span> 
     </span>
    </p>
   </div>
   <div class='ocr_carea' id='block_1_33' title="bbox 453 2922 2036 3001">
    <p class='ocr_par' dir='ltr' id='par_1_33' title="bbox 453 2922 2036 3001">
     <span class='ocr_line' id='line_1_33' title="bbox 453 2922 2036 3001; baseline 0.008 -27"><span class='ocrx_word' id='word_1_217' title='bbox 453 2922 620 2993; x_wconf 74' lang='lat'><strong>282</strong></span> <span class='ocrx_word' id='word_1_218' title='bbox 655 2924 921 2978; x_wconf 89' lang='lat' dir='ltr'><strong>orationis</strong></span> <span class='ocrx_word' id='word_1_219' title='bbox 959 2926 1231 2994; x_wconf 90' lang='lat' dir='ltr'><strong>impietate</strong></span> <span class='ocrx_word' id='word_1_220' title='bbox 1283 2927 1419 2981; x_wconf 89' lang='lat' dir='ltr'><strong>illud</strong></span> <span class='ocrx_word' id='word_1_221' title='bbox 1475 2930 1744 2999; x_wconf 88' lang='lat' dir='ltr'><strong>sequitur,</strong></span> <span class='ocrx_word' id='word_1_222' title='bbox 1789 2939 1848 2985; x_wconf 94' lang='lat' dir='ltr'><strong>ut</strong></span> <span class='ocrx_word' id='word_1_223' title='bbox 1874 2940 2036 3001; x_wconf 90' lang='lat' dir='ltr'><strong>quot-</strong></span> 
     </span>
    </p>
   </div>
   <div class='ocr_carea' id='block_1_34' title="bbox 454 3015 2104 3099">
    <p class='ocr_par' dir='ltr' id='par_1_34' title="bbox 454 3015 2104 3099">
     <span class='ocr_line' id='line_1_34' title="bbox 454 3015 2104 3099; baseline 0.005 -31"><span class='ocrx_word' id='word_1_224' title='bbox 454 3025 587 3085; x_wconf 90' lang='lat' dir='ltr'><strong>quot</strong></span> <span class='ocrx_word' id='word_1_225' title='bbox 616 3015 854 3070; x_wconf 87' lang='lat' dir='ltr'><strong>divinam</strong></span> <span class='ocrx_word' id='word_1_226' title='bbox 893 3016 1052 3071; x_wconf 86' lang='lat' dir='ltr'><strong>ﬁdcm</strong></span> <span class='ocrx_word' id='word_1_227' title='bbox 1103 3018 1557 3087; x_wconf 88' lang='lat' dir='ltr'><strong>amplectunctur,</strong></span> <span class='ocrx_word' id='word_1_228' title='bbox 1599 3021 1668 3074; x_wconf 90' lang='lat' dir='ltr'><strong>ad</strong></span> <span class='ocrx_word' id='word_1_229' title='bbox 1702 3021 1852 3074; x_wconf 89' lang='lat' dir='ltr'><strong>illam</strong></span> <span class='ocrx_word' id='word_1_230' title='bbox 1893 3022 2035 3077; x_wconf 46' lang='lat' dir='ltr'><strong>side-</strong></span> <span class='ocrx_word' id='word_1_231' title='bbox 2062 3043 2104 3099; x_wconf 69' lang='grc' dir='ltr'>ο</span> 
     </span>
    </p>
   </div>
   <div class='ocr_carea' id='block_1_35' title="bbox 455 3108 2031 3184">
    <p class='ocr_par' dir='ltr' id='par_1_35' title="bbox 455 3108 2031 3184">
     <span class='ocr_line' id='line_1_35' title="bbox 455 3108 2031 3184; baseline 0.007 -25"><span class='ocrx_word' id='word_1_232' title='bbox 455 3121 580 3160; x_wconf 88' lang='lat' dir='ltr'><strong>rum</strong></span> <span class='ocrx_word' id='word_1_233' title='bbox 610 3122 802 3161; x_wconf 90' lang='lat' dir='ltr'><strong>omnes</strong></span> <span class='ocrx_word' id='word_1_234' title='bbox 830 3108 1159 3177; x_wconf 91' lang='lat' dir='ltr'><strong>impulsione</strong></span> <span class='ocrx_word' id='word_1_235' title='bbox 1201 3111 1503 3180; x_wconf 86' lang='lat' dir='ltr'><strong>rapiantur.</strong></span> <span class='ocrx_word' id='word_1_236' title='bbox 1536 3111 1648 3183; x_wconf 81' lang='lat' dir='ltr'><strong>Ego</strong></span> <span class='ocrx_word' id='word_1_237' title='bbox 1673 3128 1801 3169; x_wconf 87' lang='lat' dir='ltr'><strong>vero</strong></span> <span class='ocrx_word' id='word_1_238' title='bbox 1829 3116 2031 3184; x_wconf 67' lang='lat' dir='ltr'><strong>quaesi~</strong></span> 
     </span>
    </p>
   </div>
   <div class='ocr_carea' id='block_1_36' title="bbox 456 3201 2030 3273">
    <p class='ocr_par' dir='ltr' id='par_1_36' title="bbox 456 3201 2030 3273">
     <span class='ocr_line' id='line_1_36' title="bbox 456 3201 2030 3273; baseline 0.004 -20"><span class='ocrx_word' id='word_1_239' title='bbox 456 3201 592 3253; x_wconf 85' lang='lat' dir='ltr'><strong>erim</strong></span> <span class='ocrx_word' id='word_1_240' title='bbox 622 3216 685 3254; x_wconf 84' lang='lat' dir='ltr'><strong>ex</strong></span> <span class='ocrx_word' id='word_1_241' title='bbox 718 3201 783 3255; x_wconf 89' lang='lat' dir='ltr'><strong>iis</strong></span> <span class='ocrx_word' id='word_1_242' title='bbox 812 3202 1160 3270; x_wconf 88' lang='lat' dir='ltr'><strong>perlibenter,</strong></span> <span class='ocrx_word' id='word_1_243' title='bbox 1189 3204 1318 3273; x_wconf 92' lang='lat' dir='ltr'><strong>quid</strong></span> <span class='ocrx_word' id='word_1_244' title='bbox 1355 3204 1574 3259; x_wconf 89' lang='lat' dir='ltr'><strong>tandem</strong></span> <span class='ocrx_word' id='word_1_245' title='bbox 1599 3213 1819 3260; x_wconf 88' lang='lat' dir='ltr'><strong>secutus</strong></span> <span class='ocrx_word' id='word_1_246' title='bbox 1846 3206 1948 3261; x_wconf 91' lang='lat' dir='ltr'><strong>hac</strong></span> <span class='ocrx_word' id='word_1_247' title='bbox 1976 3207 2030 3262; x_wconf 92' lang='lat' dir='ltr'><strong>in</strong></span> 
     </span>
    </p>
   </div>
   <div class='ocr_carea' id='block_1_37' title="bbox 456 3290 2029 3358">
    <p class='ocr_par' dir='ltr' id='par_1_37' title="bbox 456 3290 2029 3358">
     <span class='ocr_line' id='line_1_37' title="bbox 456 3290 2029 3358; baseline 0.002 -14"><span class='ocrx_word' id='word_1_248' title='bbox 456 3290 648 3344; x_wconf 90' lang='lat' dir='ltr'><strong>mundi</strong></span> <span class='ocrx_word' id='word_1_249' title='bbox 684 3292 967 3345; x_wconf 86' lang='lat' dir='ltr'><strong>molitione</strong></span> <span class='ocrx_word' id='word_1_250' title='bbox 1033 3292 1174 3345; x_wconf 90' lang='lat' dir='ltr'><strong>Deus</strong></span> <span class='ocrx_word' id='word_1_251' title='bbox 1230 3291 1429 3357; x_wconf 82' lang='lat' dir='ltr'><strong>fuerit,</strong></span> <span class='ocrx_word' id='word_1_252' title='bbox 1464 3301 1522 3346; x_wconf 88' lang='lat' dir='ltr'><strong>ut</strong></span> <span class='ocrx_word' id='word_1_253' title='bbox 1550 3309 1616 3346; x_wconf 81' lang='lat' dir='ltr'><strong>ex</strong></span> <span class='ocrx_word' id='word_1_254' title='bbox 1644 3308 1706 3347; x_wconf 87' lang='lat' dir='ltr'><strong>ea</strong></span> <span class='ocrx_word' id='word_1_255' title='bbox 1761 3293 2029 3358; x_wconf 85' lang='lat' dir='ltr'><strong>virorum,</strong></span> 
     </span>
    </p>
   </div>
   <div class='ocr_carea' id='block_1_38' title="bbox 408 3378 2031 3452">
    <p class='ocr_par' dir='ltr' id='par_1_38' title="bbox 408 3378 2031 3452">
     <span class='ocr_line' id='line_1_38' title="bbox 408 3378 2031 3452; baseline 0.006 -25"><span class='ocrx_word' id='word_1_256' title='bbox 408 3437 415 3446; x_wconf 90' lang='lat'><em>_</em></span> <span class='ocrx_word' id='word_1_257' title='bbox 453 3378 549 3446; x_wconf 86' lang='lat' dir='ltr'><strong>qui</strong></span> <span class='ocrx_word' id='word_1_258' title='bbox 586 3379 639 3431; x_wconf 91' lang='lat' dir='ltr'><strong>iu</strong></span> <span class='ocrx_word' id='word_1_259' title='bbox 669 3393 735 3432; x_wconf 89' lang='lat' dir='ltr'><strong>eo</strong></span> <span class='ocrx_word' id='word_1_260' title='bbox 766 3378 991 3449; x_wconf 78' lang='lat' dir='ltr'><strong>degunt,</strong></span> <span class='ocrx_word' id='word_1_261' title='bbox 1028 3379 1395 3444; x_wconf 79' lang='lat' dir='ltr'><strong>multitudine,</strong></span> <span class='ocrx_word' id='word_1_262' title='bbox 1445 3380 1536 3434; x_wconf 89' lang='lat' dir='ltr'><strong>alii</strong></span> <span class='ocrx_word' id='word_1_263' title='bbox 1565 3381 1709 3435; x_wconf 88' lang='lat' dir='ltr'><strong>nulla</strong></span> <span class='ocrx_word' id='word_1_264' title='bbox 1745 3397 1843 3436; x_wconf 91' lang='lat' dir='ltr'><strong>sua</strong></span> <span class='ocrx_word' id='word_1_265' title='bbox 1874 3384 2031 3452; x_wconf 89' lang='lat' dir='ltr'><strong>culpa</strong></span> 
     </span>
    </p>
   </div>
   <div class='ocr_carea' id='block_1_39' title="bbox 455 3467 2031 3537">
    <p class='ocr_par' dir='ltr' id='par_1_39' title="bbox 455 3467 2031 3537">
     <span class='ocr_line' id='line_1_39' title="bbox 455 3467 2031 3537; baseline 0.002 -17"><span class='ocrx_word' id='word_1_266' title='bbox 455 3467 739 3521; x_wconf 84' lang='lat' dir='ltr'><strong>muliebris</strong></span> <span class='ocrx_word' id='word_1_267' title='bbox 791 3470 1007 3523; x_wconf 71' lang='lat' dir='ltr'><strong>teneris</strong></span> <span class='ocrx_word' id='word_1_268' title='bbox 1083 3469 1473 3537; x_wconf 84' lang='lat' dir='ltr'><strong>turpitudinem</strong></span> <span class='ocrx_word' id='word_1_269' title='bbox 1526 3476 1880 3537; x_wconf 86' lang='lat' dir='ltr'><strong>paterentur;</strong></span> <span class='ocrx_word' id='word_1_270' title='bbox 1939 3470 2031 3523; x_wconf 87' lang='lat' dir='ltr'><strong>alii</strong></span> 
     </span>
    </p>
   </div>
   <div class='ocr_carea' id='block_1_40' title="bbox 453 3556 2031 3630">
    <p class='ocr_par' dir='ltr' id='par_1_40' title="bbox 453 3556 2031 3630">
     <span class='ocr_line' id='line_1_40' title="bbox 453 3556 2031 3630; baseline 0.002 -17"><span class='ocrx_word' id='word_1_271' title='bbox 453 3556 633 3614; x_wconf 77' lang='lat' dir='ltr'><strong>ferino</strong></span> <span class='ocrx_word' id='word_1_272' title='bbox 677 3560 837 3630; x_wconf 90' lang='lat' dir='ltr'><strong>plane</strong></span> <span class='ocrx_word' id='word_1_273' title='bbox 867 3560 997 3626; x_wconf 90' lang='lat' dir='ltr'><strong>ritu,</strong></span> <span class='ocrx_word' id='word_1_274' title='bbox 1031 3560 1176 3628; x_wconf 88' lang='lat' dir='ltr'><strong>quod</strong></span> <span class='ocrx_word' id='word_1_275' title='bbox 1208 3560 1342 3613; x_wconf 83' lang='lat' dir='ltr'><strong>tales</strong></span> <span class='ocrx_word' id='word_1_276' title='bbox 1363 3560 1513 3629; x_wconf 83' lang='lat' dir='ltr'><strong>ipsos</strong></span> <span class='ocrx_word' id='word_1_277' title='bbox 1527 3559 1763 3615; x_wconf 86' lang='lat' dir='ltr'><strong>elIiceret</strong></span> <span class='ocrx_word' id='word_1_278' title='bbox 1791 3562 2031 3623; x_wconf 81' lang='lat' dir='ltr'><strong>universi</strong></span> 
     </span>
    </p>
   </div>
   <div class='ocr_carea' id='block_1_41' title="bbox 455 3650 2032 3723">
    <p class='ocr_par' dir='ltr' id='par_1_41' title="bbox 455 3650 2032 3723">
     <span class='ocr_line' id='line_1_41' title="bbox 455 3650 2032 3723; baseline 0.003 -19"><span class='ocrx_word' id='word_1_279' title='bbox 455 3650 601 3705; x_wconf 91' lang='lat' dir='ltr'><strong>hunc</strong></span> <span class='ocrx_word' id='word_1_280' title='bbox 625 3652 679 3705; x_wconf 91' lang='lat' dir='ltr'><strong>iu</strong></span> <span class='ocrx_word' id='word_1_281' title='bbox 713 3653 934 3706; x_wconf 89' lang='lat' dir='ltr'><strong>modum</strong></span> <span class='ocrx_word' id='word_1_282' title='bbox 965 3668 996 3706; x_wconf 89' lang='lat' dir='ltr'><strong>a</strong></span> <span class='ocrx_word' id='word_1_283' title='bbox 1023 3651 1133 3706; x_wconf 86' lang='lat' dir='ltr'><strong>Deo</strong></span> <span class='ocrx_word' id='word_1_284' title='bbox 1149 3652 1433 3706; x_wconf 90' lang='lat' dir='ltr'><strong>constituti</strong></span> <span class='ocrx_word' id='word_1_285' title='bbox 1457 3653 1691 3720; x_wconf 90' lang='lat' dir='ltr'><strong>impetus</strong></span> <span class='ocrx_word' id='word_1_286' title='bbox 1720 3660 1884 3723; x_wconf 89' lang='lat' dir='ltr'><strong>atque</strong></span> <span class='ocrx_word' id='word_1_287' title='bbox 1900 3668 2032 3709; x_wconf 91' lang='lat' dir='ltr'><strong>con-</strong></span> 
     </span>
    </p>
   </div>
   <div class='ocr_carea' id='block_1_42' title="bbox 453 3743 2030 3812">
    <p class='ocr_par' dir='ltr' id='par_1_42' title="bbox 453 3743 2030 3812">
     <span class='ocr_line' id='line_1_42' title="bbox 453 3743 2030 3812; baseline 0.002 -16"><span class='ocrx_word' id='word_1_288' title='bbox 453 3745 655 3809; x_wconf 87' lang='lat' dir='ltr'><strong>versio,</strong></span> <span class='ocrx_word' id='word_1_289' title='bbox 685 3744 976 3799; x_wconf 85' lang='lat' dir='ltr'><strong>teterrimis</strong></span> <span class='ocrx_word' id='word_1_290' title='bbox 1007 3760 1125 3799; x_wconf 88' lang='lat' dir='ltr'><strong>sese</strong></span> <span class='ocrx_word' id='word_1_291' title='bbox 1152 3743 1557 3812; x_wconf 85' lang='lat' dir='ltr'><strong>dirissimisque</strong></span> <span class='ocrx_word' id='word_1_292' title='bbox 1590 3743 1912 3809; x_wconf 84' lang='lat' dir='ltr'><strong>sceleribus,</strong></span> <span class='ocrx_word' id='word_1_293' title='bbox 1970 3752 2030 3799; x_wconf 91' lang='lat' dir='ltr'><strong>ut</strong></span> 
     </span>
    </p>
   </div>
   <div class='ocr_carea' id='block_1_43' title="bbox 454 3832 2032 3903">
    <p class='ocr_par' dir='ltr' id='par_1_43' title="bbox 454 3832 2032 3903">
     <span class='ocr_line' id='line_1_43' title="bbox 454 3832 2032 3903; baseline 0.002 -17"><span class='ocrx_word' id='word_1_294' title='bbox 454 3833 766 3889; x_wconf 86' lang='lat' dir='ltr'><strong>homicidiis</strong></span> <span class='ocrx_word' id='word_1_295' title='bbox 825 3849 889 3888; x_wconf 88' lang='lat' dir='ltr'><strong>ac</strong></span> <span class='ocrx_word' id='word_1_296' title='bbox 944 3834 1193 3903; x_wconf 87' lang='lat' dir='ltr'><strong>piraticis</strong></span> <span class='ocrx_word' id='word_1_297' title='bbox 1247 3832 1676 3902; x_wconf 64' lang='lat' dir='ltr'><strong>praedationibus</strong></span> <span class='ocrx_word' id='word_1_298' title='bbox 1726 3834 2032 3889; x_wconf 83' lang='lat' dir='ltr'><strong>dederent?</strong></span> 
     </span>
    </p>
   </div>
   <div class='ocr_carea' id='block_1_44' title="bbox 452 3925 2031 3996">
    <p class='ocr_par' dir='ltr' id='par_1_44' title="bbox 452 3925 2031 3996">
     <span class='ocr_line' id='line_1_44' title="bbox 452 3925 2031 3996; baseline 0.002 -18"><span class='ocrx_word' id='word_1_299' title='bbox 452 3925 777 3995; x_wconf 83' lang='lat' dir='ltr'><strong>Quanquam</strong></span> <span class='ocrx_word' id='word_1_300' title='bbox 806 3928 935 3996; x_wconf 88' lang='lat' dir='ltr'><strong>quid</strong></span> <span class='ocrx_word' id='word_1_301' title='bbox 966 3927 1158 3980; x_wconf 88' lang='lat' dir='ltr'><strong>attinet</strong></span> <span class='ocrx_word' id='word_1_302' title='bbox 1187 3927 1327 3980; x_wconf 83' lang='lat' dir='ltr'><strong>hanc</strong></span> <span class='ocrx_word' id='word_1_303' title='bbox 1356 3940 1385 3978; x_wconf 91' lang='lat' dir='ltr'><strong>a</strong></span> <span class='ocrx_word' id='word_1_304' title='bbox 1418 3925 1597 3990; x_wconf 85' lang='lat' dir='ltr'><strong>nobis,</strong></span> <span class='ocrx_word' id='word_1_305' title='bbox 1654 3926 1722 3980; x_wconf 86' lang='lat' dir='ltr'><strong>de</strong></span> <span class='ocrx_word' id='word_1_306' title='bbox 1770 3928 1935 3981; x_wconf 86' lang='lat' dir='ltr'><strong>rebus</strong></span> <span class='ocrx_word' id='word_1_307' title='bbox 1963 3926 2031 3982; x_wconf 89' lang='lat' dir='ltr'><strong>iis</strong></span> 
     </span>
    </p>
   </div>
   <div class='ocr_carea' id='block_1_45' title="bbox 450 4018 2033 4086">
    <p class='ocr_par' dir='ltr' id='par_1_45' title="bbox 450 4018 2033 4086">
     <span class='ocr_line' id='line_1_45' title="bbox 450 4018 2033 4086; baseline 0.001 -15"><span class='ocrx_word' id='word_1_308' title='bbox 450 4033 573 4086; x_wconf 67' lang='lat' dir='ltr'><strong>quae</strong></span> <span class='ocrx_word' id='word_1_309' title='bbox 598 4019 678 4072; x_wconf 85' lang='lat' dir='ltr'><strong>vel</strong></span> <span class='ocrx_word' id='word_1_310' title='bbox 713 4019 1030 4074; x_wconf 88' lang='lat' dir='ltr'><strong>hominibus</strong></span> <span class='ocrx_word' id='word_1_311' title='bbox 1055 4020 1335 4083; x_wconf 85' lang='lat' dir='ltr'><strong>eveniunt,</strong></span> <span class='ocrx_word' id='word_1_312' title='bbox 1364 4019 1447 4072; x_wconf 90' lang='lat' dir='ltr'><strong>vel</strong></span> <span class='ocrx_word' id='word_1_313' title='bbox 1472 4019 1540 4073; x_wconf 92' lang='lat' dir='ltr'><strong>ab</strong></span> <span class='ocrx_word' id='word_1_314' title='bbox 1564 4018 1756 4072; x_wconf 87' lang='lat' dir='ltr'><strong>iisdem</strong></span> <span class='ocrx_word' id='word_1_315' title='bbox 1796 4032 2033 4086; x_wconf 85' lang='lat' dir='ltr'><strong>peccan-</strong></span> 
     </span>
    </p>
   </div>
   <div class='ocr_carea' id='block_1_46' title="bbox 453 4096 2063 4180">
    <p class='ocr_par' dir='ltr' id='par_1_46' title="bbox 453 4096 2063 4180">
     <span class='ocr_line' id='line_1_46' title="bbox 453 4096 2063 4180; baseline 0.002 -18"><span class='ocrx_word' id='word_1_316' title='bbox 453 4119 560 4174; x_wconf 91' lang='lat' dir='ltr'><strong>tur,</strong></span> <span class='ocrx_word' id='word_1_317' title='bbox 591 4125 821 4180; x_wconf 74' lang='lat' dir='ltr'><strong>quaeque</strong></span> <span class='ocrx_word' id='word_1_318' title='bbox 856 4126 1079 4180; x_wconf 85' lang='lat' dir='ltr'><strong>prorsus</strong></span> <span class='ocrx_word' id='word_1_319' title='bbox 1126 4112 1352 4167; x_wconf 77' lang='lat' dir='ltr'><strong>inﬁnita:</strong></span> <span class='ocrx_word' id='word_1_320' title='bbox 1387 4119 1517 4167; x_wconf 90' lang='lat' dir='ltr'><strong>sunt</strong></span> <span class='ocrx_word' id='word_1_321' title='bbox 1551 4151 1566 4174; x_wconf 91' lang='lat'><strong>,</strong></span> <span class='ocrx_word' id='word_1_322' title='bbox 1604 4110 2028 4179; x_wconf 85' lang='lat' dir='ltr'><strong>disputationem</strong></span> <span class='ocrx_word' id='word_1_323' title='bbox 2059 4096 2063 4100; x_wconf 50' lang='grc'><strong>’</strong></span> 
     </span>
    </p>
   </div>
   <div class='ocr_carea' id='block_1_47' title="bbox 448 4201 2030 4272">
    <p class='ocr_par' dir='ltr' id='par_1_47' title="bbox 448 4201 2030 4272">
     <span class='ocr_line' id='line_1_47' title="bbox 448 4201 2030 4272; baseline 0.001 -18"><span class='ocrx_word' id='word_1_324' title='bbox 448 4201 682 4265; x_wconf 88' lang='lat' dir='ltr'><strong>institui,</strong></span> <span class='ocrx_word' id='word_1_325' title='bbox 721 4216 862 4270; x_wconf 87' lang='lat' dir='ltr'><strong>quos</strong></span> <span class='ocrx_word' id='word_1_326' title='bbox 893 4202 1191 4270; x_wconf 63' lang='lat' dir='ltr'><strong>praesertim</strong></span> <span class='ocrx_word' id='word_1_327' title='bbox 1222 4202 1492 4272; x_wconf 79' lang='lat' dir='ltr'><strong>dogmatis</strong></span> <span class='ocrx_word' id='word_1_328' title='bbox 1524 4202 1686 4256; x_wconf 82' lang='lat' dir='ltr'><strong>istius</strong></span> <span class='ocrx_word' id='word_1_329' title='bbox 1728 4211 2030 4255; x_wconf 84' lang='lat' dir='ltr'><strong>assertores</strong></span> 
     </span>
    </p>
   </div>
   <div class='ocr_carea' id='block_1_48' title="bbox 447 4292 2031 4363">
    <p class='ocr_par' dir='ltr' id='par_1_48' title="bbox 447 4292 2031 4363">
     <span class='ocr_line' id='line_1_48' title="bbox 447 4292 2031 4363; baseline 0 -16"><span class='ocrx_word' id='word_1_330' title='bbox 447 4293 671 4362; x_wconf 77' lang='lat' dir='ltr'><strong>egregii,</strong></span> <span class='ocrx_word' id='word_1_331' title='bbox 707 4294 835 4345; x_wconf 85' lang='lat' dir='ltr'><strong>dum</strong></span> <span class='ocrx_word' id='word_1_332' title='bbox 855 4292 923 4346; x_wconf 89' lang='lat' dir='ltr'><strong>ab</strong></span> <span class='ocrx_word' id='word_1_333' title='bbox 950 4294 1098 4346; x_wconf 91' lang='lat' dir='ltr'><strong>omni</strong></span> <span class='ocrx_word' id='word_1_334' title='bbox 1127 4294 1283 4363; x_wconf 86' lang='lat' dir='ltr'><strong>culpa</strong></span> <span class='ocrx_word' id='word_1_335' title='bbox 1310 4294 1560 4359; x_wconf 90' lang='lat' dir='ltr'><strong>liberant,</strong></span> <span class='ocrx_word' id='word_1_336' title='bbox 1591 4294 1861 4348; x_wconf 90' lang='lat' dir='ltr'><strong>malorum</strong></span> <span class='ocrx_word' id='word_1_337' title='bbox 1888 4308 2031 4362; x_wconf 69' lang='lat' dir='ltr'><strong>quaa-</strong></span> 
     </span>
    </p>
   </div>
   <div class='ocr_carea' id='block_1_49' title="bbox 2162 436 3734 513">
    <p class='ocr_par' dir='ltr' id='par_1_49' title="bbox 2162 436 3734 513">
     <span class='ocr_line' id='line_1_49' title="bbox 2162 436 3734 513; baseline -0.005 -13"><span class='ocrx_word' id='word_1_338' title='bbox 2162 448 2365 503; x_wconf 90' lang='grc' dir='ltr'>λουσιν.</span> <span class='ocrx_word' id='word_1_339' title='bbox 2394 448 2628 500; x_wconf 87' lang='grc' dir='ltr'>Ἔπεται</span> <span class='ocrx_word' id='word_1_340' title='bbox 2657 446 2713 501; x_wconf 76' lang='grc' dir='ltr'><strong>δὲ</strong></span> <span class='ocrx_word' id='word_1_341' title='bbox 2739 447 2853 508; x_wconf 87' lang='grc' dir='ltr'>τοῖς</span> <span class='ocrx_word' id='word_1_342' title='bbox 2883 444 3056 498; x_wconf 89' lang='grc' dir='ltr'>ταῦτα</span> <span class='ocrx_word' id='word_1_343' title='bbox 3079 440 3493 513; x_wconf 80' lang='grc' dir='ltr'>δογματίζουσιν</span> <span class='ocrx_word' id='word_1_344' title='bbox 3516 438 3575 504; x_wconf 73' lang='grc' dir='ltr'><strong>ἐξ</strong></span> <span class='ocrx_word' id='word_1_345' title='bbox 3604 436 3734 492; x_wconf 86' lang='grc' dir='ltr'>ὅλων</span> 
     </span>
    </p>
   </div>
   <div class='ocr_carea' id='block_1_50' title="bbox 2158 526 3735 608">
    <p class='ocr_par' dir='ltr' id='par_1_50' title="bbox 2158 526 3735 608">
     <span class='ocr_line' id='line_1_50' title="bbox 2158 526 3735 608; baseline -0.007 -19"><span class='ocrx_word' id='word_1_346' title='bbox 2158 536 2221 589; x_wconf 80' lang='grc' dir='ltr'><strong>τὸ</strong></span> <span class='ocrx_word' id='word_1_347' title='bbox 2250 537 2334 606; x_wconf 74' lang='grc' dir='ltr'><strong>ἐφ’</strong></span> <span class='ocrx_word' id='word_1_348' title='bbox 2366 537 2497 608; x_wconf 79' lang='grc' dir='ltr'>ἡμῖν</span> <span class='ocrx_word' id='word_1_349' title='bbox 2530 537 2804 606; x_wconf 82' lang='grc' dir='ltr'>ἀναιρείν’</span> <span class='ocrx_word' id='word_1_350' title='bbox 2832 532 3022 603; x_wconf 79' lang='grc' dir='ltr'>διόπερ</span> <span class='ocrx_word' id='word_1_351' title='bbox 3062 532 3157 585; x_wconf 80' lang='grc' dir='ltr'>καὶ</span> <span class='ocrx_word' id='word_1_352' title='bbox 3186 530 3405 584; x_wconf 70' lang='grc' dir='ltr'>ἔπαινον</span> <span class='ocrx_word' id='word_1_353' title='bbox 3434 529 3528 581; x_wconf 80' lang='grc' dir='ltr'><strong>καὶ</strong></span> <span class='ocrx_word' id='word_1_354' title='bbox 3551 526 3735 597; x_wconf 67' lang='grc' dir='ltr'>ψόγον,</span> 
     </span>
    </p>
   </div>
   <div class='ocr_carea' id='block_1_51' title="bbox 2159 618 3735 701">
    <p class='ocr_par' dir='ltr' id='par_1_51' title="bbox 2159 618 3735 701">
     <span class='ocr_line' id='line_1_51' title="bbox 2159 618 3735 701; baseline -0.008 -19"><span class='ocrx_word' id='word_1_355' title='bbox 2159 629 2251 682; x_wconf 76' lang='grc' dir='ltr'><strong>καὶ</strong></span> <span class='ocrx_word' id='word_1_356' title='bbox 2276 628 2503 701; x_wconf 78' lang='grc' dir='ltr'>πράξεις</span> <span class='ocrx_word' id='word_1_357' title='bbox 2531 626 2855 689; x_wconf 86' lang='grc' dir='ltr'>ἀποδεκτάς,</span> <span class='ocrx_word' id='word_1_358' title='bbox 2893 623 3054 678; x_wconf 86' lang='grc' dir='ltr'>πάλιν</span> <span class='ocrx_word' id='word_1_359' title='bbox 3075 640 3135 675; x_wconf 85' lang='grc' dir='ltr'><strong>τε</strong></span> <span class='ocrx_word' id='word_1_360' title='bbox 3183 618 3249 677; x_wconf 74' lang='grc' dir='ltr'>αὖ</span> <span class='ocrx_word' id='word_1_361' title='bbox 3284 621 3510 691; x_wconf 77' lang='grc' dir='ltr'>ψεκτάς.</span> <span class='ocrx_word' id='word_1_362' title='bbox 3561 620 3735 689; x_wconf 79' lang='grc' dir='ltr'>Ἀπερ</span> 
     </span>
    </p>
   </div>
   <div class='ocr_carea' id='block_1_52' title="bbox 2158 712 3734 790">
    <p class='ocr_par' dir='ltr' id='par_1_52' title="bbox 2158 712 3734 790">
     <span class='ocr_line' id='line_1_52' title="bbox 2158 712 3734 790; baseline -0.006 -16"><span class='ocrx_word' id='word_1_363' title='bbox 2158 723 2207 774; x_wconf 80' lang='grc' dir='ltr'><strong>εί</strong></span> <span class='ocrx_word' id='word_1_364' title='bbox 2237 720 2409 782; x_wconf 69' lang='grc' dir='ltr'>οὕτως</span> <span class='ocrx_word' id='word_1_365' title='bbox 2453 719 2564 790; x_wconf 75' lang='grc' dir='ltr'>ἔχει</span> <span class='ocrx_word' id='word_1_366' title='bbox 2587 757 2601 782; x_wconf 91' lang='grc'>,</span> <span class='ocrx_word' id='word_1_367' title='bbox 2647 718 2715 771; x_wconf 83' lang='grc' dir='ltr'>τὰ</span> <span class='ocrx_word' id='word_1_368' title='bbox 2756 720 2854 788; x_wconf 84' lang='grc' dir='ltr'><strong>τῆς</strong></span> <span class='ocrx_word' id='word_1_369' title='bbox 2884 715 3302 787; x_wconf 82' lang='grc' dir='ltr'>κεκηρυγμένης</span> <span class='ocrx_word' id='word_1_370' title='bbox 3323 712 3417 767; x_wconf 86' lang='grc' dir='ltr'><strong>τοῦ</strong></span> <span class='ocrx_word' id='word_1_371' title='bbox 3444 713 3579 766; x_wconf 86' lang='grc' dir='ltr'>Θεοῦ</span> <span class='ocrx_word' id='word_1_372' title='bbox 3613 712 3734 784; x_wconf 85' lang='grc' dir='ltr'>κρί-</span> 
     </span>
    </p>
   </div>
   <div class='ocr_carea' id='block_1_53' title="bbox 2159 807 3733 884">
    <p class='ocr_par' dir='ltr' id='par_1_53' title="bbox 2159 807 3733 884">
     <span class='ocr_line' id='line_1_53' title="bbox 2159 807 3733 884; baseline -0.006 -17"><span class='ocrx_word' id='word_1_373' title='bbox 2159 831 2296 878; x_wconf 85' lang='grc' dir='ltr'>σεως</span> <span class='ocrx_word' id='word_1_374' title='bbox 2320 813 2547 884; x_wconf 80' lang='grc' dir='ltr'>οἴχεται,</span> <span class='ocrx_word' id='word_1_375' title='bbox 2579 813 2672 865; x_wconf 76' lang='grc' dir='ltr'><strong>καὶ</strong></span> <span class='ocrx_word' id='word_1_376' title='bbox 2706 811 2926 865; x_wconf 79' lang='grc' dir='ltr'>ἀπειλαὶ</span> <span class='ocrx_word' id='word_1_377' title='bbox 2968 810 3103 881; x_wconf 74' lang='grc' dir='ltr'>πρὸς</span> <span class='ocrx_word' id='word_1_378' title='bbox 3161 811 3286 871; x_wconf 82' lang='grc' dir='ltr'>τοὺς</span> <span class='ocrx_word' id='word_1_379' title='bbox 3325 807 3733 879; x_wconf 74' lang='grc' dir='ltr'><strong>ἡμαρτηκότας,</strong></span> 
     </span>
    </p>
   </div>
   <div class='ocr_carea' id='block_1_54' title="bbox 2155 897 3735 974">
    <p class='ocr_par' dir='ltr' id='par_1_54' title="bbox 2155 897 3735 974">
     <span class='ocr_line' id='line_1_54' title="bbox 2155 897 3735 974; baseline -0.004 -17"><span class='ocrx_word' id='word_1_380' title='bbox 2155 904 2227 968; x_wconf 85' lang='grc' dir='ltr'>ὡς</span> <span class='ocrx_word' id='word_1_381' title='bbox 2279 903 2808 974; x_wconf 81' lang='grc' dir='ltr'>κολασθησομένους’</span> <span class='ocrx_word' id='word_1_382' title='bbox 2852 901 3007 972; x_wconf 89' lang='grc' dir='ltr'>τιμαί</span> <span class='ocrx_word' id='word_1_383' title='bbox 3055 919 3113 955; x_wconf 88' lang='grc' dir='ltr'><strong>τε</strong></span> <span class='ocrx_word' id='word_1_384' title='bbox 3154 897 3221 954; x_wconf 76' lang='grc' dir='ltr'><strong>αὖ</strong></span> <span class='ocrx_word' id='word_1_385' title='bbox 3272 900 3409 971; x_wconf 70' lang='grc' dir='ltr'>πρὸς</span> <span class='ocrx_word' id='word_1_386' title='bbox 3453 900 3577 961; x_wconf 80' lang='grc' dir='ltr'>τοὺς</span> <span class='ocrx_word' id='word_1_387' title='bbox 3621 900 3735 962; x_wconf 87' lang='grc' dir='ltr'>τοῖς</span> 
     </span>
    </p>
   </div>
   <div class='ocr_carea' id='block_1_55' title="bbox 2157 991 3734 1070">
    <p class='ocr_par' dir='ltr' id='par_1_55' title="bbox 2157 991 3734 1070">
     <span class='ocr_line' id='line_1_55' title="bbox 2157 991 3734 1070; baseline -0.006 -19"><span class='ocrx_word' id='word_1_388' title='bbox 2157 997 2460 1070; x_wconf 81' lang='grc' dir='ltr'>κρείττοσιν</span> <span class='ocrx_word' id='word_1_389' title='bbox 2508 998 2732 1059; x_wconf 76' lang='grc' dir='ltr'>ἑαυτοὺς</span> <span class='ocrx_word' id='word_1_390' title='bbox 2776 994 3209 1058; x_wconf 79' lang='grc' dir='ltr'>ὲπιδεδωκότας,</span> <span class='ocrx_word' id='word_1_391' title='bbox 3256 993 3348 1045; x_wconf 74' lang='grc' dir='ltr'><strong>καὶ</strong></span> <span class='ocrx_word' id='word_1_392' title='bbox 3402 991 3734 1062; x_wconf 85' lang='grc' dir='ltr'>μακαριότη-</span> 
     </span>
    </p>
   </div>
   <div class='ocr_carea' id='block_1_56' title="bbox 2153 1083 3734 1162">
    <p class='ocr_par' dir='ltr' id='par_1_56' title="bbox 2153 1083 3734 1162">
     <span class='ocr_line' id='line_1_56' title="bbox 2153 1083 3734 1162; baseline -0.006 -17"><span class='ocrx_word' id='word_1_393' title='bbox 2153 1108 2245 1156; x_wconf 86' lang='grc' dir='ltr'><strong>τος</strong></span> <span class='ocrx_word' id='word_1_394' title='bbox 2267 1103 2293 1132; x_wconf 70' lang='grc' dir='ltr'><strong>δ</strong></span> <span class='ocrx_word' id='word_1_395' title='bbox 2313 1108 2326 1120; x_wconf 94' lang='grc'><strong>·</strong></span> <span class='ocrx_word' id='word_1_396' title='bbox 2372 1091 2523 1144; x_wconf 81' lang='grc' dir='ltr'>οὐδὲν</span> <span class='ocrx_word' id='word_1_397' title='bbox 2557 1090 2665 1162; x_wconf 80' lang='grc' dir='ltr'>γὰρ</span> <span class='ocrx_word' id='word_1_398' title='bbox 2699 1089 2778 1142; x_wconf 79' lang='grc' dir='ltr'><strong>ἔτι</strong></span> <span class='ocrx_word' id='word_1_399' title='bbox 2818 1087 3021 1141; x_wconf 89' lang='grc' dir='ltr'>τούτων</span> <span class='ocrx_word' id='word_1_400' title='bbox 3046 1086 3280 1154; x_wconf 77' lang='grc' dir='ltr'><strong>εὐλόγως</strong></span> <span class='ocrx_word' id='word_1_401' title='bbox 3318 1084 3469 1137; x_wconf 76' lang='grc' dir='ltr'>ἔσται</span> <span class='ocrx_word' id='word_1_402' title='bbox 3514 1083 3734 1153; x_wconf 86' lang='grc' dir='ltr'>γενόμε-</span> 
     </span>
    </p>
   </div>
   <div class='ocr_carea' id='block_1_57' title="bbox 2153 1171 3731 1247">
    <p class='ocr_par' dir='ltr' id='par_1_57' title="bbox 2153 1171 3731 1247">
     <span class='ocr_line' id='line_1_57' title="bbox 2153 1171 3731 1247; baseline -0.005 -13"><span class='ocrx_word' id='word_1_403' title='bbox 2153 1199 2263 1247; x_wconf 91' lang='grc' dir='ltr'>νον,</span> <span class='ocrx_word' id='word_1_404' title='bbox 2294 1182 2386 1235; x_wconf 84' lang='grc' dir='ltr'><strong>καὶ</strong></span> <span class='ocrx_word' id='word_1_405' title='bbox 2426 1180 2562 1235; x_wconf 87' lang='grc' dir='ltr'><strong>είτά</strong></span> <span class='ocrx_word' id='word_1_406' title='bbox 2596 1179 2865 1234; x_wconf 89' lang='grc' dir='ltr'>ἀκόλουθά</span> <span class='ocrx_word' id='word_1_407' title='bbox 2891 1196 2975 1243; x_wconf 89' lang='grc' dir='ltr'><strong>τις</strong></span> <span class='ocrx_word' id='word_1_408' title='bbox 2999 1177 3195 1247; x_wconf 80' lang='grc' dir='ltr'>ἐαυτῷ,</span> <span class='ocrx_word' id='word_1_409' title='bbox 3240 1178 3324 1247; x_wconf 77' lang='grc' dir='ltr'><strong>ἐφ’</strong></span> <span class='ocrx_word' id='word_1_410' title='bbox 3361 1171 3442 1240; x_wconf 80' lang='grc' dir='ltr'>οἷς</span> <span class='ocrx_word' id='word_1_411' title='bbox 3477 1174 3731 1246; x_wconf 86' lang='grc' dir='ltr'>δογματί-</span> 
     </span>
    </p>
   </div>
   <div class='ocr_carea' id='block_1_58' title="bbox 2154 1265 3731 1345">
    <p class='ocr_par' dir='ltr' id='par_1_58' title="bbox 2154 1265 3731 1345">
     <span class='ocr_line' id='line_1_58' title="bbox 2154 1265 3731 1345; baseline -0.004 -19"><span class='ocrx_word' id='word_1_412' title='bbox 2154 1273 2256 1339; x_wconf 81' lang='grc' dir='ltr'>ζει,</span> <span class='ocrx_word' id='word_1_413' title='bbox 2287 1273 2492 1344; x_wconf 77' lang='grc' dir='ltr'><strong>βλέποι,</strong></span> <span class='ocrx_word' id='word_1_414' title='bbox 2536 1275 2683 1345; x_wconf 78' lang='grc' dir='ltr'>καὶὴ</span> <span class='ocrx_word' id='word_1_415' title='bbox 2713 1273 2895 1336; x_wconf 86' lang='grc' dir='ltr'>πίστις</span> <span class='ocrx_word' id='word_1_416' title='bbox 2912 1272 3064 1325; x_wconf 74' lang='grc' dir='ltr'>ἔσται</span> <span class='ocrx_word' id='word_1_417' title='bbox 3090 1269 3315 1341; x_wconf 88' lang='grc' dir='ltr'>ματαία,</span> <span class='ocrx_word' id='word_1_418' title='bbox 3345 1270 3379 1340; x_wconf 78' lang='grc' dir='ltr'><strong>ἧ</strong></span> <span class='ocrx_word' id='word_1_419' title='bbox 3409 1286 3469 1322; x_wconf 89' lang='grc' dir='ltr'><strong>τε</strong></span> <span class='ocrx_word' id='word_1_420' title='bbox 3493 1265 3731 1339; x_wconf 80' lang='grc' dir='ltr'><strong>Χριστοῦ</strong></span> 
     </span>
    </p>
   </div>
   <div class='ocr_carea' id='block_1_59' title="bbox 2152 1360 3733 1437">
    <p class='ocr_par' dir='ltr' id='par_1_59' title="bbox 2152 1360 3733 1437">
     <span class='ocr_line' id='line_1_59' title="bbox 2152 1360 3733 1437; baseline -0.003 -18"><span class='ocrx_word' id='word_1_421' title='bbox 2152 1367 2418 1437; x_wconf 76' lang='grc' dir='ltr'>ἐπιδημία</span> <span class='ocrx_word' id='word_1_422' title='bbox 2443 1368 2595 1420; x_wconf 65' lang='grc' dir='ltr'>οὐδὲν</span> <span class='ocrx_word' id='word_1_423' title='bbox 2619 1366 2879 1433; x_wconf 85' lang='grc' dir='ltr'>ἀνύουσα,</span> <span class='ocrx_word' id='word_1_424' title='bbox 2907 1366 3001 1418; x_wconf 73' lang='grc' dir='ltr'><strong>καὶ</strong></span> <span class='ocrx_word' id='word_1_425' title='bbox 3031 1366 3181 1418; x_wconf 83' lang='grc' dir='ltr'>πᾶσα</span> <span class='ocrx_word' id='word_1_426' title='bbox 3207 1366 3240 1434; x_wconf 82' lang='grc' dir='ltr'>ὴ</span> <span class='ocrx_word' id='word_1_427' title='bbox 3296 1362 3386 1416; x_wconf 81' lang='grc' dir='ltr'>διὰ</span> <span class='ocrx_word' id='word_1_428' title='bbox 3428 1363 3593 1432; x_wconf 89' lang='grc' dir='ltr'>νόμου</span> <span class='ocrx_word' id='word_1_429' title='bbox 3635 1360 3733 1415; x_wconf 74' lang='grc' dir='ltr'><strong>καὶ</strong></span> 
     </span>
    </p>
   </div>
   <div class='ocr_carea' id='block_1_60' title="bbox 2152 1453 3733 1531">
    <p class='ocr_par' dir='ltr' id='par_1_60' title="bbox 2152 1453 3733 1531">
     <span class='ocr_line' id='line_1_60' title="bbox 2152 1453 3733 1531; baseline -0.003 -20"><span class='ocrx_word' id='word_1_430' title='bbox 2152 1459 2445 1530; x_wconf 80' lang='grc' dir='ltr'><strong>προφητῶν</strong></span> <span class='ocrx_word' id='word_1_431' title='bbox 2492 1458 2806 1531; x_wconf 80' lang='grc' dir='ltr'>οἰκονομία,</span> <span class='ocrx_word' id='word_1_432' title='bbox 2855 1456 3089 1528; x_wconf 87' lang='grc' dir='ltr'>κάματοί</span> <span class='ocrx_word' id='word_1_433' title='bbox 3135 1473 3193 1509; x_wconf 91' lang='grc' dir='ltr'><strong>τε</strong></span> <span class='ocrx_word' id='word_1_434' title='bbox 3228 1453 3539 1508; x_wconf 75' lang='grc' dir='ltr'><strong>ἀποστόλων</strong></span> <span class='ocrx_word' id='word_1_435' title='bbox 3591 1453 3733 1526; x_wconf 83' lang='grc' dir='ltr'>ὑπὲρ</span> 
     </span>
    </p>
   </div>
   <div class='ocr_carea' id='block_1_61' title="bbox 2149 1546 3730 1622">
    <p class='ocr_par' dir='ltr' id='par_1_61' title="bbox 2149 1546 3730 1622">
     <span class='ocr_line' id='line_1_61' title="bbox 2149 1546 3730 1622; baseline -0.003 -19"><span class='ocrx_word' id='word_1_436' title='bbox 2149 1550 2243 1603; x_wconf 86' lang='grc' dir='ltr'><strong>τοῦ</strong></span> <span class='ocrx_word' id='word_1_437' title='bbox 2281 1552 2548 1622; x_wconf 80' lang='grc' dir='ltr'>συστῆσαι</span> <span class='ocrx_word' id='word_1_438' title='bbox 2582 1551 2681 1613; x_wconf 84' lang='grc' dir='ltr'><strong>τάς</strong></span> <span class='ocrx_word' id='word_1_439' title='bbox 2707 1550 2793 1603; x_wconf 81' lang='grc' dir='ltr'>διὰ</span> <span class='ocrx_word' id='word_1_440' title='bbox 2815 1548 3050 1621; x_wconf 79' lang='grc' dir='ltr'>Χριστοῦ</span> <span class='ocrx_word' id='word_1_441' title='bbox 3081 1546 3176 1601; x_wconf 89' lang='grc' dir='ltr'><strong>τοῦ</strong></span> <span class='ocrx_word' id='word_1_442' title='bbox 3200 1547 3334 1600; x_wconf 85' lang='grc' dir='ltr'>Θεοῦ</span> <span class='ocrx_word' id='word_1_443' title='bbox 3376 1546 3730 1617; x_wconf 86' lang='grc' dir='ltr'>Ἑκκλησίας·</span> 
     </span>
    </p>
   </div>
   <div class='ocr_carea' id='block_1_62' title="bbox 2151 1636 3732 1712">
    <p class='ocr_par' dir='ltr' id='par_1_62' title="bbox 2151 1636 3732 1712">
     <span class='ocr_line' id='line_1_62' title="bbox 2151 1636 3732 1712; baseline -0.002 -21"><span class='ocrx_word' id='word_1_444' title='bbox 2151 1641 2199 1692; x_wconf 82' lang='grc' dir='ltr'>εἰ</span> <span class='ocrx_word' id='word_1_445' title='bbox 2231 1640 2305 1712; x_wconf 83' lang='grc' dir='ltr'>μὴ</span> <span class='ocrx_word' id='word_1_446' title='bbox 2336 1640 2445 1711; x_wconf 83' lang='grc' dir='ltr'><strong>ἀρα</strong></span> <span class='ocrx_word' id='word_1_447' title='bbox 2483 1640 2578 1692; x_wconf 73' lang='grc' dir='ltr'>καὶ</span> <span class='ocrx_word' id='word_1_448' title='bbox 2614 1639 2850 1711; x_wconf 83' lang='grc' dir='ltr'>Χριστὸς</span> <span class='ocrx_word' id='word_1_449' title='bbox 2878 1638 3020 1691; x_wconf 84' lang='grc' dir='ltr'><strong>κατά</strong></span> <span class='ocrx_word' id='word_1_450' title='bbox 3058 1638 3186 1700; x_wconf 82' lang='grc' dir='ltr'>τοὺς</span> <span class='ocrx_word' id='word_1_451' title='bbox 3224 1636 3366 1690; x_wconf 78' lang='grc' dir='ltr'>οὕτω</span> <span class='ocrx_word' id='word_1_452' title='bbox 3395 1636 3732 1706; x_wconf 83' lang='grc' dir='ltr'>τολμῶντας,</span> 
     </span>
    </p>
   </div>
   <div class='ocr_carea' id='block_1_63' title="bbox 2152 1726 3735 1800">
    <p class='ocr_par' dir='ltr' id='par_1_63' title="bbox 2152 1726 3735 1800">
     <span class='ocr_line' id='line_1_63' title="bbox 2152 1726 3735 1800; baseline -0.001 -18"><span class='ocrx_word' id='word_1_453' title='bbox 2152 1730 2256 1782; x_wconf 80' lang='grc' dir='ltr'><strong>ὑπὸ</strong></span> <span class='ocrx_word' id='word_1_454' title='bbox 2282 1729 2379 1799; x_wconf 79' lang='grc' dir='ltr'><strong>τὴν</strong></span> <span class='ocrx_word' id='word_1_455' title='bbox 2413 1728 2659 1800; x_wconf 80' lang='grc' dir='ltr'>ἀνάγκην</span> <span class='ocrx_word' id='word_1_456' title='bbox 2683 1728 2779 1799; x_wconf 82' lang='grc' dir='ltr'>τῆς</span> <span class='ocrx_word' id='word_1_457' title='bbox 2811 1727 2920 1781; x_wconf 84' lang='grc' dir='ltr'><strong>τῶν</strong></span> <span class='ocrx_word' id='word_1_458' title='bbox 2958 1729 3172 1799; x_wconf 84' lang='grc' dir='ltr'>ἄστρων</span> <span class='ocrx_word' id='word_1_459' title='bbox 3211 1731 3475 1796; x_wconf 74' lang='grc' dir='ltr'>κινήσεως</span> <span class='ocrx_word' id='word_1_460' title='bbox 3506 1726 3603 1797; x_wconf 83' lang='grc' dir='ltr'><strong>τὴν</strong></span> <span class='ocrx_word' id='word_1_461' title='bbox 3639 1726 3735 1795; x_wconf 80' lang='grc' dir='ltr'>γέ-</span> 
     </span>
    </p>
   </div>
   <div class='ocr_carea' id='block_1_64' title="bbox 2150 1819 3732 1891">
    <p class='ocr_par' dir='ltr' id='par_1_64' title="bbox 2150 1819 3732 1891">
     <span class='ocr_line' id='line_1_64' title="bbox 2150 1819 3732 1891; baseline -0.001 -18"><span class='ocrx_word' id='word_1_462' title='bbox 2150 1839 2295 1873; x_wconf 90' lang='grc' dir='ltr'>νεσιν</span> <span class='ocrx_word' id='word_1_463' title='bbox 2325 1821 2670 1891; x_wconf 72' lang='grc' dir='ltr'><strong>ἀνειληφέναι</strong></span> <span class='ocrx_word' id='word_1_464' title='bbox 2702 1820 3012 1891; x_wconf 86' lang='grc' dir='ltr'>γενόμενος,</span> <span class='ocrx_word' id='word_1_465' title='bbox 3032 1820 3207 1874; x_wconf 88' lang='grc' dir='ltr'>πάντα</span> <span class='ocrx_word' id='word_1_466' title='bbox 3233 1820 3526 1889; x_wconf 83' lang='grc' dir='ltr'>πεποιήκοι</span> <span class='ocrx_word' id='word_1_467' title='bbox 3554 1836 3614 1871; x_wconf 88' lang='grc' dir='ltr'><strong>τε</strong></span> <span class='ocrx_word' id='word_1_468' title='bbox 3634 1819 3732 1872; x_wconf 79' lang='grc' dir='ltr'><strong>καὶ</strong></span> 
     </span>
    </p>
   </div>
   <div class='ocr_carea' id='block_1_65' title="bbox 2151 1910 3731 1982">
    <p class='ocr_par' dir='ltr' id='par_1_65' title="bbox 2151 1910 3731 1982">
     <span class='ocr_line' id='line_1_65' title="bbox 2151 1910 3731 1982; baseline -0.001 -17"><span class='ocrx_word' id='word_1_469' title='bbox 2151 1912 2332 1977; x_wconf 76' lang='grc' dir='ltr'>πάθοι,</span> <span class='ocrx_word' id='word_1_470' title='bbox 2370 1914 2424 1965; x_wconf 69' lang='grc' dir='ltr'>σὺ</span> <span class='ocrx_word' id='word_1_471' title='bbox 2450 1911 2544 1964; x_wconf 88' lang='grc' dir='ltr'><strong>τοῦ</strong></span> <span class='ocrx_word' id='word_1_472' title='bbox 2588 1911 2723 1964; x_wconf 85' lang='grc' dir='ltr'>Θεοῦ</span> <span class='ocrx_word' id='word_1_473' title='bbox 2759 1913 2852 1965; x_wconf 80' lang='grc' dir='ltr'><strong>καὶ</strong></span> <span class='ocrx_word' id='word_1_474' title='bbox 2876 1912 3091 1982; x_wconf 74' lang='grc' dir='ltr'>Πατρός</span> <span class='ocrx_word' id='word_1_475' title='bbox 3124 1912 3231 1964; x_wconf 86' lang='grc' dir='ltr'><strong>τῶν</strong></span> <span class='ocrx_word' id='word_1_476' title='bbox 3266 1911 3402 1965; x_wconf 85' lang='grc' dir='ltr'>ὅλων</span> <span class='ocrx_word' id='word_1_477' title='bbox 3439 1910 3588 1980; x_wconf 79' lang='grc' dir='ltr'>αὑτῷ</span> <span class='ocrx_word' id='word_1_478' title='bbox 3628 1910 3731 1974; x_wconf 85' lang='grc' dir='ltr'>τὰς</span> 
     </span>
    </p>
   </div>
   <div class='ocr_carea' id='block_1_66' title="bbox 2149 2001 3728 2075">
    <p class='ocr_par' dir='ltr' id='par_1_66' title="bbox 2149 2001 3728 2075">
     <span class='ocr_line' id='line_1_66' title="bbox 2149 2001 3728 2075; baseline -0.001 -20"><span class='ocrx_word' id='word_1_479' title='bbox 2149 2002 2486 2074; x_wconf 78' lang='grc' dir='ltr'>παραδόξους</span> <span class='ocrx_word' id='word_1_480' title='bbox 2517 2004 2774 2074; x_wconf 85' lang='grc' dir='ltr'>δυνάμεις</span> <span class='ocrx_word' id='word_1_481' title='bbox 2799 2003 3186 2075; x_wconf 80' lang='grc' dir='ltr'>δωρησαμένου</span> <span class='ocrx_word' id='word_1_482' title='bbox 3218 2050 3224 2058; x_wconf 87' lang='grc'>.</span> <span class='ocrx_word' id='word_1_483' title='bbox 3265 2002 3401 2056; x_wconf 87' lang='grc' dir='ltr'><strong>ἀλλά</strong></span> <span class='ocrx_word' id='word_1_484' title='bbox 3425 2001 3534 2055; x_wconf 84' lang='grc' dir='ltr'><strong>τῶν</strong></span> <span class='ocrx_word' id='word_1_485' title='bbox 3566 2004 3728 2056; x_wconf 84' lang='grc' dir='ltr'>ἀστέ-</span> 
     </span>
    </p>
   </div>
   <div class='ocr_carea' id='block_1_67' title="bbox 2150 2093 3728 2170">
    <p class='ocr_par' dir='ltr' id='par_1_67' title="bbox 2150 2093 3728 2170">
     <span class='ocr_line' id='line_1_67' title="bbox 2150 2093 3728 2170; baseline -0.004 -17"><span class='ocrx_word' id='word_1_486' title='bbox 2150 2117 2279 2170; x_wconf 89' lang='grc' dir='ltr'>ρων.</span> <span class='ocrx_word' id='word_1_487' title='bbox 2327 2093 2421 2162; x_wconf 75' lang='grc' dir='ltr'>υἴς</span> <span class='ocrx_word' id='word_1_488' title='bbox 2449 2098 2629 2162; x_wconf 81' lang='grc' dir='ltr'>ἀθέοις</span> <span class='ocrx_word' id='word_1_489' title='bbox 2656 2099 2751 2152; x_wconf 79' lang='grc' dir='ltr'><strong>καὶ</strong></span> <span class='ocrx_word' id='word_1_490' title='bbox 2783 2099 3002 2151; x_wconf 79' lang='grc' dir='ltr'>ἀσεϐέσι</span> <span class='ocrx_word' id='word_1_491' title='bbox 3026 2098 3350 2167; x_wconf 85' lang='grc' dir='ltr'>τυγχάνουσι</span> <span class='ocrx_word' id='word_1_492' title='bbox 3390 2094 3568 2163; x_wconf 88' lang='grc' dir='ltr'>λόγοις</span> <span class='ocrx_word' id='word_1_493' title='bbox 3592 2096 3728 2147; x_wconf 84' lang='grc' dir='ltr'>ἀκο-</span> 
     </span>
    </p>
   </div>
   <div class='ocr_carea' id='block_1_68' title="bbox 2145 2188 3729 2256">
    <p class='ocr_par' dir='ltr' id='par_1_68' title="bbox 2145 2188 3729 2256">
     <span class='ocr_line' id='line_1_68' title="bbox 2145 2188 3729 2256; baseline -0.002 -13"><span class='ocrx_word' id='word_1_494' title='bbox 2145 2190 2322 2244; x_wconf 83' lang='grc' dir='ltr'>λουθεῖ</span> <span class='ocrx_word' id='word_1_495' title='bbox 2351 2191 2445 2244; x_wconf 75' lang='grc' dir='ltr'><strong>καὶ</strong></span> <span class='ocrx_word' id='word_1_496' title='bbox 2495 2191 2557 2244; x_wconf 86' lang='grc' dir='ltr'><strong>τὸ</strong></span> <span class='ocrx_word' id='word_1_497' title='bbox 2600 2193 2728 2255; x_wconf 81' lang='grc' dir='ltr'>τοὺς</span> <span class='ocrx_word' id='word_1_498' title='bbox 2777 2191 3129 2252; x_wconf 83' lang='grc' dir='ltr'>πιστεύοντας</span> <span class='ocrx_word' id='word_1_499' title='bbox 3175 2189 3280 2241; x_wconf 83' lang='grc' dir='ltr'>ὑπὸ</span> <span class='ocrx_word' id='word_1_500' title='bbox 3322 2188 3431 2241; x_wconf 88' lang='grc' dir='ltr'><strong>τῶν</strong></span> <span class='ocrx_word' id='word_1_501' title='bbox 3478 2188 3729 2256; x_wconf 86' lang='grc' dir='ltr'>ἀστέρων</span> 
     </span>
    </p>
   </div>
   <div class='ocr_carea' id='block_1_69' title="bbox 2145 2279 3729 2354">
    <p class='ocr_par' dir='ltr' id='par_1_69' title="bbox 2145 2279 3729 2354">
     <span class='ocr_line' id='line_1_69' title="bbox 2145 2279 3729 2354; baseline -0.003 -19"><span class='ocrx_word' id='word_1_502' title='bbox 2145 2284 2445 2354; x_wconf 84' lang='grc' dir='ltr'>ἀγομένους</span> <span class='ocrx_word' id='word_1_503' title='bbox 2470 2285 2747 2338; x_wconf 81' lang='grc' dir='ltr'>πιστεύειν</span> <span class='ocrx_word' id='word_1_504' title='bbox 2783 2287 2862 2349; x_wconf 88' lang='grc' dir='ltr'><strong>είς</strong></span> <span class='ocrx_word' id='word_1_505' title='bbox 2910 2284 3045 2337; x_wconf 83' lang='grc' dir='ltr'>Θεὸν</span> <span class='ocrx_word' id='word_1_506' title='bbox 3087 2282 3360 2351; x_wconf 78' lang='grc' dir='ltr'>λέγεσθαι.</span> <span class='ocrx_word' id='word_1_507' title='bbox 3415 2279 3729 2351; x_wconf 83' lang='grc' dir='ltr'>Πυθοίμεθα</span> 
     </span>
    </p>
   </div>
   <div class='ocr_carea' id='block_1_70' title="bbox 2144 2371 3728 2447">
    <p class='ocr_par' dir='ltr' id='par_1_70' title="bbox 2144 2371 3728 2447">
     <span class='ocr_line' id='line_1_70' title="bbox 2144 2371 3728 2447; baseline -0.002 -19"><span class='ocrx_word' id='word_1_508' title='bbox 2144 2375 2187 2428; x_wconf 84' lang='grc' dir='ltr'>δ’</span> <span class='ocrx_word' id='word_1_509' title='bbox 2223 2374 2288 2429; x_wconf 83' lang='grc' dir='ltr'><strong>ἂν</strong></span> <span class='ocrx_word' id='word_1_510' title='bbox 2314 2376 2512 2441; x_wconf 78' lang='grc' dir='ltr'>αὐτῶν,</span> <span class='ocrx_word' id='word_1_511' title='bbox 2535 2377 2587 2429; x_wconf 93' lang='grc' dir='ltr'><strong>τί</strong></span> <span class='ocrx_word' id='word_1_512' title='bbox 2607 2380 2635 2429; x_wconf 90' lang='grc' dir='ltr'>ὁ</span> <span class='ocrx_word' id='word_1_513' title='bbox 2663 2377 2797 2440; x_wconf 71' lang='grc' dir='ltr'>Θεὸς</span> <span class='ocrx_word' id='word_1_514' title='bbox 2826 2376 3147 2447; x_wconf 83' lang='grc' dir='ltr'>βουλόμενος</span> <span class='ocrx_word' id='word_1_515' title='bbox 3165 2373 3402 2428; x_wconf 88' lang='grc' dir='ltr'>τοιοῦτον</span> <span class='ocrx_word' id='word_1_516' title='bbox 3431 2371 3603 2426; x_wconf 79' lang='grc' dir='ltr'>ἐποίει</span> <span class='ocrx_word' id='word_1_517' title='bbox 3630 2373 3728 2425; x_wconf 86' lang='grc' dir='ltr'>κό-</span> 
     </span>
    </p>
   </div>
   <div class='ocr_carea' id='block_1_71' title="bbox 2145 2463 3728 2539">
    <p class='ocr_par' dir='ltr' id='par_1_71' title="bbox 2145 2463 3728 2539">
     <span class='ocr_line' id='line_1_71' title="bbox 2145 2463 3728 2539; baseline -0.003 -19"><span class='ocrx_word' id='word_1_518' title='bbox 2145 2484 2301 2537; x_wconf 89' lang='grc' dir='ltr'>σμον,</span> <span class='ocrx_word' id='word_1_519' title='bbox 2356 2468 2422 2519; x_wconf 83' lang='grc' dir='ltr'>ἵν’</span> <span class='ocrx_word' id='word_1_520' title='bbox 2446 2471 2494 2521; x_wconf 88' lang='grc' dir='ltr'><strong>οί</strong></span> <span class='ocrx_word' id='word_1_521' title='bbox 2538 2469 2634 2538; x_wconf 82' lang='grc' dir='ltr'>μὲν</span> <span class='ocrx_word' id='word_1_522' title='bbox 2675 2471 2732 2521; x_wconf 79' lang='grc' dir='ltr'><strong>ἐν</strong></span> <span class='ocrx_word' id='word_1_523' title='bbox 2764 2467 2913 2537; x_wconf 84' lang='grc' dir='ltr'>αὑτῷ</span> <span class='ocrx_word' id='word_1_524' title='bbox 2956 2468 3146 2539; x_wconf 78' lang='grc' dir='ltr'>ἄνδρες</span> <span class='ocrx_word' id='word_1_525' title='bbox 3175 2466 3327 2529; x_wconf 78' lang='grc' dir='ltr'>ὄντες</span> <span class='ocrx_word' id='word_1_526' title='bbox 3351 2464 3419 2518; x_wconf 89' lang='grc' dir='ltr'><strong>τά</strong></span> <span class='ocrx_word' id='word_1_527' title='bbox 3450 2463 3728 2533; x_wconf 87' lang='grc' dir='ltr'>γυναικῶν</span> 
     </span>
    </p>
   </div>
   <div class='ocr_carea' id='block_1_72' title="bbox 2145 2554 3730 2626">
    <p class='ocr_par' dir='ltr' id='par_1_72' title="bbox 2145 2554 3730 2626">
     <span class='ocr_line' id='line_1_72' title="bbox 2145 2554 3730 2626; baseline -0.001 -17"><span class='ocrx_word' id='word_1_528' title='bbox 2145 2557 2443 2626; x_wconf 75' lang='grc' dir='ltr'>πάσχωσιν,</span> <span class='ocrx_word' id='word_1_529' title='bbox 2470 2557 2721 2626; x_wconf 76' lang='grc' dir='ltr'>οὐδαμῶς</span> <span class='ocrx_word' id='word_1_530' title='bbox 2748 2558 2959 2621; x_wconf 77' lang='grc' dir='ltr'>ἑαυτοῖς</span> <span class='ocrx_word' id='word_1_531' title='bbox 2996 2558 3158 2610; x_wconf 78' lang='grc' dir='ltr'>αἴτιοι</span> <span class='ocrx_word' id='word_1_532' title='bbox 3191 2556 3292 2626; x_wconf 79' lang='grc' dir='ltr'><strong>τῆς</strong></span> <span class='ocrx_word' id='word_1_533' title='bbox 3321 2554 3606 2623; x_wconf 82' lang='grc' dir='ltr'>ἀσελγείας</span> <span class='ocrx_word' id='word_1_534' title='bbox 3634 2572 3730 2623; x_wconf 88' lang='grc' dir='ltr'>γε-</span> 
     </span>
    </p>
   </div>
   <div class='ocr_carea' id='block_1_73' title="bbox 2139 2644 3731 2719">
    <p class='ocr_par' dir='ltr' id='par_1_73' title="bbox 2139 2644 3731 2719">
     <span class='ocr_line' id='line_1_73' title="bbox 2139 2644 3731 2719; baseline 0 -22"><span class='ocrx_word' id='word_1_535' title='bbox 2139 2647 2427 2717; x_wconf 88' lang='grc' dir='ltr'>γενημένοι</span> <span class='ocrx_word' id='word_1_536' title='bbox 2446 2663 2460 2677; x_wconf 88' lang='grc'><strong>·</strong></span> <span class='ocrx_word' id='word_1_537' title='bbox 2490 2646 2666 2719; x_wconf 74' lang='grc' dir='ltr'>ἕτεροι</span> <span class='ocrx_word' id='word_1_538' title='bbox 2689 2646 2766 2711; x_wconf 82' lang='grc' dir='ltr'><strong>δὲ,</strong></span> <span class='ocrx_word' id='word_1_539' title='bbox 2800 2648 3006 2718; x_wconf 85' lang='grc' dir='ltr'>ἀγρίων</span> <span class='ocrx_word' id='word_1_540' title='bbox 3031 2646 3187 2711; x_wconf 78' lang='grc' dir='ltr'>ζώων</span> <span class='ocrx_word' id='word_1_541' title='bbox 3215 2644 3548 2701; x_wconf 86' lang='grc' dir='ltr'>κατάστασιν</span> <span class='ocrx_word' id='word_1_542' title='bbox 3579 2644 3731 2717; x_wconf 80' lang='grc' dir='ltr'>εἰλη-</span> 
     </span>
    </p>
   </div>
   <div class='ocr_carea' id='block_1_74' title="bbox 2140 2736 3728 2809">
    <p class='ocr_par' dir='ltr' id='par_1_74' title="bbox 2140 2736 3728 2809">
     <span class='ocr_line' id='line_1_74' title="bbox 2140 2736 3728 2809; baseline -0.002 -18"><span class='ocrx_word' id='word_1_543' title='bbox 2140 2739 2323 2808; x_wconf 75' lang='grc' dir='ltr'>φότες,</span> <span class='ocrx_word' id='word_1_544' title='bbox 2369 2737 2448 2808; x_wconf 82' lang='grc' dir='ltr'>τῷ</span> <span class='ocrx_word' id='word_1_545' title='bbox 2480 2739 2578 2809; x_wconf 84' lang='grc' dir='ltr'><strong>τὴν</strong></span> <span class='ocrx_word' id='word_1_546' title='bbox 2613 2738 2782 2809; x_wconf 80' lang='grc' dir='ltr'>ιροράν</span> <span class='ocrx_word' id='word_1_547' title='bbox 2807 2738 2900 2792; x_wconf 88' lang='grc' dir='ltr'><strong>τοῦ</strong></span> <span class='ocrx_word' id='word_1_548' title='bbox 2952 2739 3154 2801; x_wconf 81' lang='grc' dir='ltr'>παντὸς</span> <span class='ocrx_word' id='word_1_549' title='bbox 3201 2736 3476 2799; x_wconf 83' lang='grc' dir='ltr'>τοιούτους</span> <span class='ocrx_word' id='word_1_550' title='bbox 3523 2737 3728 2801; x_wconf 78' lang='grc' dir='ltr'>αὐτοὺς</span> 
     </span>
    </p>
   </div>
   <div class='ocr_carea' id='block_1_75' title="bbox 2140 2828 3729 2902">
    <p class='ocr_par' dir='ltr' id='par_1_75' title="bbox 2140 2828 3729 2902">
     <span class='ocr_line' id='line_1_75' title="bbox 2140 2828 3729 2902; baseline -0.001 -19"><span class='ocrx_word' id='word_1_551' title='bbox 2140 2830 2521 2899; x_wconf 82' lang='grc' dir='ltr'>πεποιηκέναι,</span> <span class='ocrx_word' id='word_1_552' title='bbox 2549 2830 2635 2883; x_wconf 85' lang='grc' dir='ltr'>διὰ</span> <span class='ocrx_word' id='word_1_553' title='bbox 2666 2831 2727 2882; x_wconf 76' lang='grc' dir='ltr'>τὸ</span> <span class='ocrx_word' id='word_1_554' title='bbox 2749 2831 2840 2884; x_wconf 84' lang='grc' dir='ltr'><strong>τὸν</strong></span> <span class='ocrx_word' id='word_1_555' title='bbox 2862 2831 2995 2885; x_wconf 84' lang='grc' dir='ltr'>Θεὸν</span> <span class='ocrx_word' id='word_1_556' title='bbox 3035 2830 3180 2885; x_wconf 73' lang='grc' dir='ltr'>οὕτω</span> <span class='ocrx_word' id='word_1_557' title='bbox 3222 2829 3622 2902; x_wconf 80' lang='grc' dir='ltr'>κεκοσμηκέναι</span> <span class='ocrx_word' id='word_1_558' title='bbox 3662 2828 3729 2882; x_wconf 80' lang='grc' dir='ltr'><strong>τὸ</strong></span> 
     </span>
    </p>
   </div>
   <div class='ocr_carea' id='block_1_76' title="bbox 2138 2923 3727 2997">
    <p class='ocr_par' dir='ltr' id='par_1_76' title="bbox 2138 2923 3727 2997">
     <span class='ocr_line' id='line_1_76' title="bbox 2138 2923 3727 2997; baseline 0.004 -23"><span class='ocrx_word' id='word_1_559' title='bbox 2138 2924 2267 2986; x_wconf 79' lang='grc' dir='ltr'>πᾶν,</span> <span class='ocrx_word' id='word_1_560' title='bbox 2299 2923 2627 2978; x_wconf 77' lang='grc' dir='ltr'>ἐπιδιδόασιν</span> <span class='ocrx_word' id='word_1_561' title='bbox 2654 2925 2850 2987; x_wconf 81' lang='grc' dir='ltr'>αὐτοὺς</span> <span class='ocrx_word' id='word_1_562' title='bbox 2875 2925 3176 2995; x_wconf 82' lang='grc' dir='ltr'>ὡμοτάτοις</span> <span class='ocrx_word' id='word_1_563' title='bbox 3200 2927 3295 2980; x_wconf 73' lang='grc' dir='ltr'>καὶ</span> <span class='ocrx_word' id='word_1_564' title='bbox 3318 2926 3523 2997; x_wconf 86' lang='grc' dir='ltr'>σφόδρα</span> <span class='ocrx_word' id='word_1_565' title='bbox 3543 2926 3727 2979; x_wconf 83' lang='grc' dir='ltr'>ἀπαν-</span> 
     </span>
    </p>
   </div>
   <div class='ocr_carea' id='block_1_77' title="bbox 2138 3011 3723 3088">
    <p class='ocr_par' dir='ltr' id='par_1_77' title="bbox 2138 3011 3723 3088">
     <span class='ocr_line' id='line_1_77' title="bbox 2138 3011 3723 3088; baseline 0.004 -24"><span class='ocrx_word' id='word_1_566' title='bbox 2138 3011 2377 3085; x_wconf 85' lang='grc' dir='ltr'>θρώποις</span> <span class='ocrx_word' id='word_1_567' title='bbox 2426 3014 2746 3085; x_wconf 79' lang='grc' dir='ltr'>πράγμασιν</span> <span class='ocrx_word' id='word_1_568' title='bbox 2767 3056 2781 3081; x_wconf 93' lang='grc'>,</span> <span class='ocrx_word' id='word_1_569' title='bbox 2810 3016 3187 3086; x_wconf 76' lang='grc' dir='ltr'>ἀνδροφονίαις</span> <span class='ocrx_word' id='word_1_570' title='bbox 3217 3017 3311 3071; x_wconf 72' lang='grc' dir='ltr'><strong>καὶ</strong></span> <span class='ocrx_word' id='word_1_571' title='bbox 3346 3016 3723 3088; x_wconf 88' lang='grc' dir='ltr'>πειρατείαις;</span> 
     </span>
    </p>
   </div>
   <div class='ocr_carea' id='block_1_78' title="bbox 2138 3104 3725 3178">
    <p class='ocr_par' dir='ltr' id='par_1_78' title="bbox 2138 3104 3725 3178">
     <span class='ocr_line' id='line_1_78' title="bbox 2138 3104 3725 3178; baseline 0.003 -22"><span class='ocrx_word' id='word_1_572' title='bbox 2138 3104 2247 3157; x_wconf 75' lang='grc' dir='ltr'><strong>Καὶ</strong></span> <span class='ocrx_word' id='word_1_573' title='bbox 2287 3105 2341 3157; x_wconf 86' lang='grc' dir='ltr'><strong>τί</strong></span> <span class='ocrx_word' id='word_1_574' title='bbox 2381 3104 2463 3158; x_wconf 86' lang='grc' dir='ltr'>δεῖ</span> <span class='ocrx_word' id='word_1_575' title='bbox 2489 3106 2666 3174; x_wconf 87' lang='grc' dir='ltr'>λέγειν</span> <span class='ocrx_word' id='word_1_576' title='bbox 2710 3108 2856 3177; x_wconf 81' lang='grc' dir='ltr'>ἡμᾶς</span> <span class='ocrx_word' id='word_1_577' title='bbox 2898 3107 3025 3178; x_wconf 72' lang='grc' dir='ltr'>περὶ</span> <span class='ocrx_word' id='word_1_578' title='bbox 3070 3106 3178 3161; x_wconf 87' lang='grc' dir='ltr'><strong>τῶν</strong></span> <span class='ocrx_word' id='word_1_579' title='bbox 3226 3107 3632 3178; x_wconf 77' lang='grc' dir='ltr'>συμϐαινόντων</span> <span class='ocrx_word' id='word_1_580' title='bbox 3662 3108 3725 3161; x_wconf 79' lang='grc' dir='ltr'>ἐν</span> 
     </span>
    </p>
   </div>
   <div class='ocr_carea' id='block_1_79' title="bbox 2133 3195 3727 3273">
    <p class='ocr_par' dir='ltr' id='par_1_79' title="bbox 2133 3195 3727 3273">
     <span class='ocr_line' id='line_1_79' title="bbox 2133 3195 3727 3273; baseline 0.001 -22"><span class='ocrx_word' id='word_1_581' title='bbox 2133 3195 2463 3268; x_wconf 86' lang='grc' dir='ltr'>ἀνθρώποις,</span> <span class='ocrx_word' id='word_1_582' title='bbox 2507 3197 2602 3251; x_wconf 78' lang='grc' dir='ltr'><strong>καὶ</strong></span> <span class='ocrx_word' id='word_1_583' title='bbox 2657 3197 3119 3269; x_wconf 81' lang='grc' dir='ltr'>ἁμαρτανομένων</span> <span class='ocrx_word' id='word_1_584' title='bbox 3162 3200 3253 3252; x_wconf 79' lang='grc' dir='ltr'>ὑπ’</span> <span class='ocrx_word' id='word_1_585' title='bbox 3295 3200 3475 3253; x_wconf 81' lang='grc' dir='ltr'>αὐτῶν</span> <span class='ocrx_word' id='word_1_586' title='bbox 3513 3199 3727 3273; x_wconf 80' lang='grc' dir='ltr'>μυρίων</span> 
     </span>
    </p>
   </div>
   <div class='ocr_carea' id='block_1_80' title="bbox 2133 3289 3729 3365">
    <p class='ocr_par' dir='ltr' id='par_1_80' title="bbox 2133 3289 3729 3365">
     <span class='ocr_line' id='line_1_80' title="bbox 2133 3289 3729 3365; baseline 0.003 -23"><span class='ocrx_word' id='word_1_587' title='bbox 2133 3290 2274 3343; x_wconf 74' lang='grc' dir='ltr'>ὅσων</span> <span class='ocrx_word' id='word_1_588' title='bbox 2300 3290 2698 3359; x_wconf 86' lang='grc' dir='ltr'>τυγχανόντων,</span> <span class='ocrx_word' id='word_1_589' title='bbox 2731 3289 2981 3353; x_wconf 73' lang='grc' dir='ltr'>οὕστινας</span> <span class='ocrx_word' id='word_1_590' title='bbox 3015 3292 3065 3344; x_wconf 87' lang='grc' dir='ltr'><strong>οί</strong></span> <span class='ocrx_word' id='word_1_591' title='bbox 3107 3291 3215 3345; x_wconf 89' lang='grc' dir='ltr'><strong>τῶν</strong></span> <span class='ocrx_word' id='word_1_592' title='bbox 3255 3292 3517 3360; x_wconf 85' lang='grc' dir='ltr'>γενναίων</span> <span class='ocrx_word' id='word_1_593' title='bbox 3588 3310 3729 3365; x_wconf 83' lang='grc' dir='ltr'>προ-</span> 
     </span>
    </p>
   </div>
   <div class='ocr_carea' id='block_1_81' title="bbox 2133 3378 3729 3453">
    <p class='ocr_par' dir='ltr' id='par_1_81' title="bbox 2133 3378 3729 3453">
     <span class='ocr_line' id='line_1_81' title="bbox 2133 3378 3729 3453; baseline 0.003 -22"><span class='ocrx_word' id='word_1_594' title='bbox 2133 3378 2416 3449; x_wconf 81' lang='grc' dir='ltr'>ϊστάμενοι</span> <span class='ocrx_word' id='word_1_595' title='bbox 2435 3378 2638 3433; x_wconf 75' lang='grc' dir='ltr'>τούτων</span> <span class='ocrx_word' id='word_1_596' title='bbox 2667 3379 2840 3447; x_wconf 89' lang='grc' dir='ltr'>λόγων</span> <span class='ocrx_word' id='word_1_597' title='bbox 2862 3380 3191 3445; x_wconf 87' lang='grc' dir='ltr'>ἀπολύοντες</span> <span class='ocrx_word' id='word_1_598' title='bbox 3220 3381 3419 3445; x_wconf 85' lang='grc' dir='ltr'>παντὸς</span> <span class='ocrx_word' id='word_1_599' title='bbox 3442 3380 3729 3453; x_wconf 76' lang='grc' dir='ltr'>ἐγκλήμα-</span> 
     </span>
    </p>
   </div>
   <div class='ocr_carea' id='block_1_82' title="bbox 2131 3468 3727 3541">
    <p class='ocr_par' dir='ltr' id='par_1_82' title="bbox 2131 3468 3727 3541">
     <span class='ocr_line' id='line_1_82' title="bbox 2131 3468 3727 3541; baseline 0.002 -19"><span class='ocrx_word' id='word_1_600' title='bbox 2131 3485 2243 3533; x_wconf 86' lang='grc' dir='ltr'>τος,</span> <span class='ocrx_word' id='word_1_601' title='bbox 2284 3468 2362 3539; x_wconf 80' lang='grc' dir='ltr'>τῷ</span> <span class='ocrx_word' id='word_1_602' title='bbox 2391 3469 2511 3541; x_wconf 81' lang='grc' dir='ltr'><strong>Θεῷ</strong></span> <span class='ocrx_word' id='word_1_603' title='bbox 2537 3470 2954 3541; x_wconf 68' lang='grc' dir='ltr'>προσγράφουσι</span> <span class='ocrx_word' id='word_1_604' title='bbox 3002 3471 3221 3525; x_wconf 86' lang='grc' dir='ltr'>πάντων</span> <span class='ocrx_word' id='word_1_605' title='bbox 3259 3471 3367 3527; x_wconf 83' lang='grc' dir='ltr'><strong>τῶν</strong></span> <span class='ocrx_word' id='word_1_606' title='bbox 3396 3472 3580 3525; x_wconf 83' lang='grc' dir='ltr'>κακῶν</span> <span class='ocrx_word' id='word_1_607' title='bbox 3628 3473 3727 3526; x_wconf 76' lang='grc' dir='ltr'>καὶ</span> 
     </span>
    </p>
   </div>
   <div class='ocr_carea' id='block_1_83' title="bbox 2131 3562 3725 3637">
    <p class='ocr_par' dir='ltr' id='par_1_83' title="bbox 2131 3562 3725 3637">
     <span class='ocr_line' id='line_1_83' title="bbox 2131 3562 3725 3637; baseline 0.002 -22"><span class='ocrx_word' id='word_1_608' title='bbox 2131 3562 2379 3632; x_wconf 73' lang='grc' dir='ltr'>ψευκτῶς</span> <span class='ocrx_word' id='word_1_609' title='bbox 2401 3563 2428 3602; x_wconf 70' lang='lat' dir='ltr'><strong>b</strong></span> <span class='ocrx_word' id='word_1_610' title='bbox 2447 3563 2834 3633; x_wconf 87' lang='grc' dir='ltr'>πραττομένων</span> <span class='ocrx_word' id='word_1_611' title='bbox 2849 3563 2949 3635; x_wconf 83' lang='grc' dir='ltr'><strong>τὴν</strong></span> <span class='ocrx_word' id='word_1_612' title='bbox 2964 3564 3142 3617; x_wconf 85' lang='grc' dir='ltr'>αἰτίαν</span> <span class='ocrx_word' id='word_1_613' title='bbox 3162 3580 3178 3629; x_wconf 88' lang='grc'>;</span> <span class='ocrx_word' id='word_1_614' title='bbox 3218 3564 3342 3616; x_wconf 82' lang='grc' dir='ltr'><strong>Ἐὰν</strong></span> <span class='ocrx_word' id='word_1_615' title='bbox 3360 3563 3418 3616; x_wconf 91' lang='grc' dir='ltr'><strong>δέ</strong></span> <span class='ocrx_word' id='word_1_616' title='bbox 3445 3581 3587 3628; x_wconf 87' lang='grc' dir='ltr'>τινες</span> <span class='ocrx_word' id='word_1_617' title='bbox 3607 3565 3725 3637; x_wconf 75' lang='grc'><strong>(17)</strong></span> 
     </span>
    </p>
   </div>
   <div class='ocr_carea' id='block_1_84' title="bbox 2132 3651 3728 3727">
    <p class='ocr_par' dir='ltr' id='par_1_84' title="bbox 2132 3651 3728 3727">
     <span class='ocr_line' id='line_1_84' title="bbox 2132 3651 3728 3727; baseline 0.002 -21"><span class='ocrx_word' id='word_1_618' title='bbox 2132 3652 2330 3717; x_wconf 80' lang='grc' dir='ltr'>αὐτῶν,</span> <span class='ocrx_word' id='word_1_619' title='bbox 2354 3654 2429 3716; x_wconf 85' lang='grc' dir='ltr'><strong>ὡς</strong></span> <span class='ocrx_word' id='word_1_620' title='bbox 2454 3654 2879 3726; x_wconf 85' lang='grc' dir='ltr'>ἀπολογούμενοι</span> <span class='ocrx_word' id='word_1_621' title='bbox 2901 3655 3030 3726; x_wconf 78' lang='grc' dir='ltr'>περὶ</span> <span class='ocrx_word' id='word_1_622' title='bbox 3060 3654 3218 3722; x_wconf 88' lang='grc' dir='ltr'>Θεοῦ,</span> <span class='ocrx_word' id='word_1_623' title='bbox 3249 3654 3435 3727; x_wconf 70' lang='grc' dir='ltr'>ἕτερον</span> <span class='ocrx_word' id='word_1_624' title='bbox 3462 3656 3560 3727; x_wconf 82' lang='grc' dir='ltr'><strong>μὲν</strong></span> <span class='ocrx_word' id='word_1_625' title='bbox 3582 3651 3728 3709; x_wconf 75' lang='grc' dir='ltr'>εἶναι</span> 
     </span>
    </p>
   </div>
   <div class='ocr_carea' id='block_1_85' title="bbox 2131 3744 3723 3817">
    <p class='ocr_par' dir='ltr' id='par_1_85' title="bbox 2131 3744 3723 3817">
     <span class='ocr_line' id='line_1_85' title="bbox 2131 3744 3723 3817; baseline -0.001 -20"><span class='ocrx_word' id='word_1_626' title='bbox 2131 3744 2332 3813; x_wconf 90' lang='grc' dir='ltr'>λέγωσι</span> <span class='ocrx_word' id='word_1_627' title='bbox 2354 3744 2447 3798; x_wconf 83' lang='grc' dir='ltr'><strong>τὸν</strong></span> <span class='ocrx_word' id='word_1_628' title='bbox 2479 3745 2701 3814; x_wconf 81' lang='grc' dir='ltr'>ἀγαθὸν,</span> <span class='ocrx_word' id='word_1_629' title='bbox 2722 3746 2935 3809; x_wconf 70' lang='grc' dir='ltr'>οὐδενὸς</span> <span class='ocrx_word' id='word_1_630' title='bbox 2956 3744 3161 3800; x_wconf 89' lang='grc' dir='ltr'>τούτων</span> <span class='ocrx_word' id='word_1_631' title='bbox 3183 3745 3375 3817; x_wconf 80' lang='grc' dir='ltr'>ἔχοντα</span> <span class='ocrx_word' id='word_1_632' title='bbox 3396 3745 3494 3815; x_wconf 76' lang='grc' dir='ltr'><strong>τὴν</strong></span> <span class='ocrx_word' id='word_1_633' title='bbox 3522 3745 3723 3817; x_wconf 77' lang='grc' dir='ltr'>ἀρχὴν,</span> 
     </span>
    </p>
   </div>
   <div class='ocr_carea' id='block_1_86' title="bbox 2130 3835 3723 3910">
    <p class='ocr_par' dir='ltr' id='par_1_86' title="bbox 2130 3835 3723 3910">
     <span class='ocr_line' id='line_1_86' title="bbox 2130 3835 3723 3910; baseline 0.002 -21"><span class='ocrx_word' id='word_1_634' title='bbox 2130 3835 2208 3907; x_wconf 82' lang='grc' dir='ltr'><strong>τῷ</strong></span> <span class='ocrx_word' id='word_1_635' title='bbox 2234 3836 2292 3891; x_wconf 79' lang='grc' dir='ltr'>δὲ</span> <span class='ocrx_word' id='word_1_636' title='bbox 2325 3836 2653 3907; x_wconf 84' lang='grc' dir='ltr'>Δημιουργῷ</span> <span class='ocrx_word' id='word_1_637' title='bbox 2698 3838 2915 3892; x_wconf 88' lang='grc' dir='ltr'>πάντων</span> <span class='ocrx_word' id='word_1_638' title='bbox 2949 3837 3018 3891; x_wconf 83' lang='grc' dir='ltr'><strong>τά</strong></span> <span class='ocrx_word' id='word_1_639' title='bbox 3053 3837 3278 3893; x_wconf 85' lang='grc' dir='ltr'>τοιαῦτα</span> <span class='ocrx_word' id='word_1_640' title='bbox 3329 3838 3723 3910; x_wconf 87' lang='grc' dir='ltr'>προσάπτωσι·</span> 
     </span>
    </p>
   </div>
   <div class='ocr_carea' id='block_1_87' title="bbox 2133 3928 3728 4002">
    <p class='ocr_par' dir='ltr' id='par_1_87' title="bbox 2133 3928 3728 4002">
     <span class='ocr_line' id='line_1_87' title="bbox 2133 3928 3728 4002; baseline 0.002 -21"><span class='ocrx_word' id='word_1_641' title='bbox 2133 3928 2346 4000; x_wconf 88' lang='grc' dir='ltr'>πρῶτον</span> <span class='ocrx_word' id='word_1_642' title='bbox 2379 3930 2499 4000; x_wconf 83' lang='grc' dir='ltr'>μὲν,</span> <span class='ocrx_word' id='word_1_643' title='bbox 2528 3930 2636 3983; x_wconf 79' lang='grc' dir='ltr'>οὐδ’</span> <span class='ocrx_word' id='word_1_644' title='bbox 2666 3929 2742 3994; x_wconf 83' lang='grc' dir='ltr'>ὡς</span> <span class='ocrx_word' id='word_1_645' title='bbox 2781 3929 3086 4000; x_wconf 81' lang='grc' dir='ltr'>βούλονται,</span> <span class='ocrx_word' id='word_1_646' title='bbox 3134 3930 3451 4002; x_wconf 84' lang='grc' dir='ltr'>δυνήσονται</span> <span class='ocrx_word' id='word_1_647' title='bbox 3497 3931 3728 3984; x_wconf 89' lang='grc' dir='ltr'>ἀποδει-</span> 
     </span>
    </p>
   </div>
   <div class='ocr_carea' id='block_1_88' title="bbox 2132 4018 3727 4091">
    <p class='ocr_par' dir='ltr' id='par_1_88' title="bbox 2132 4018 3727 4091">
     <span class='ocr_line' id='line_1_88' title="bbox 2132 4018 3727 4091; baseline 0.003 -21"><span class='ocrx_word' id='word_1_648' title='bbox 2132 4018 2342 4082; x_wconf 84' lang='grc' dir='ltr'>κνύναι,</span> <span class='ocrx_word' id='word_1_649' title='bbox 2367 4020 2448 4071; x_wconf 85' lang='grc' dir='ltr'><strong>ὅτι</strong></span> <span class='ocrx_word' id='word_1_650' title='bbox 2478 4020 2595 4072; x_wconf 74' lang='grc' dir='ltr'>ἐστὶ</span> <span class='ocrx_word' id='word_1_651' title='bbox 2617 4019 2823 4084; x_wconf 85' lang='grc' dir='ltr'>δίκαιος</span> <span class='ocrx_word' id='word_1_652' title='bbox 2843 4037 2856 4051; x_wconf 91' lang='grc'><strong>·</strong></span> <span class='ocrx_word' id='word_1_653' title='bbox 2888 4020 3004 4085; x_wconf 86' lang='grc' dir='ltr'><strong>πῶς</strong></span> <span class='ocrx_word' id='word_1_654' title='bbox 3028 4020 3137 4091; x_wconf 85' lang='grc' dir='ltr'><strong>γὰρ</strong></span> <span class='ocrx_word' id='word_1_655' title='bbox 3169 4023 3198 4075; x_wconf 87' lang='grc' dir='ltr'>ὁ</span> <span class='ocrx_word' id='word_1_656' title='bbox 3236 4020 3503 4073; x_wconf 85' lang='grc' dir='ltr'>τοσούτων</span> <span class='ocrx_word' id='word_1_657' title='bbox 3530 4021 3727 4074; x_wconf 84' lang='grc' dir='ltr'>κακῶν</span> 
     </span>
    </p>
   </div>
   <div class='ocr_carea' id='block_1_89' title="bbox 2131 4108 3729 4181">
    <p class='ocr_par' dir='ltr' id='par_1_89' title="bbox 2131 4108 3729 4181">
     <span class='ocr_line' id='line_1_89' title="bbox 2131 4108 3729 4181; baseline 0 -21"><span class='ocrx_word' id='word_1_658' title='bbox 2131 4110 2251 4162; x_wconf 87' lang='grc' dir='ltr'>κατ’</span> <span class='ocrx_word' id='word_1_659' title='bbox 2285 4109 2482 4171; x_wconf 82' lang='grc' dir='ltr'>αὐτοὺς</span> <span class='ocrx_word' id='word_1_660' title='bbox 2511 4110 2698 4181; x_wconf 84' lang='grc' dir='ltr'>πατὴρ</span> <span class='ocrx_word' id='word_1_661' title='bbox 2724 4109 2959 4177; x_wconf 84' lang='grc' dir='ltr'>εὐλόγως</span> <span class='ocrx_word' id='word_1_662' title='bbox 2981 4108 3310 4181; x_wconf 81' lang='grc' dir='ltr'>χρηματίζοι</span> <span class='ocrx_word' id='word_1_663' title='bbox 3337 4109 3544 4171; x_wconf 84' lang='grc' dir='ltr'>δίκαιος</span> <span class='ocrx_word' id='word_1_664' title='bbox 3564 4125 3578 4173; x_wconf 87' lang='grc'>;</span> <span class='ocrx_word' id='word_1_665' title='bbox 3597 4108 3729 4161; x_wconf 75' lang='grc' dir='ltr'>δεύ-</span> 
     </span>
    </p>
   </div>
   <div class='ocr_carea' id='block_1_90' title="bbox 2131 4199 3726 4277">
    <p class='ocr_par' dir='ltr' id='par_1_90' title="bbox 2131 4199 3726 4277">
     <span class='ocr_line' id='line_1_90' title="bbox 2131 4199 3726 4277; baseline 0 -24"><span class='ocrx_word' id='word_1_666' title='bbox 2131 4218 2287 4272; x_wconf 88' lang='grc' dir='ltr'>τερον</span> <span class='ocrx_word' id='word_1_667' title='bbox 2315 4200 2392 4265; x_wconf 85' lang='grc' dir='ltr'>δὲ,</span> <span class='ocrx_word' id='word_1_668' title='bbox 2425 4202 2553 4277; x_wconf 66' lang='grc' dir='ltr'>περὶ</span> <span class='ocrx_word' id='word_1_669' title='bbox 2580 4202 2758 4254; x_wconf 80' lang='grc' dir='ltr'>αὐτῶν</span> <span class='ocrx_word' id='word_1_670' title='bbox 2791 4201 2843 4254; x_wconf 86' lang='grc' dir='ltr'><strong>τί</strong></span> <span class='ocrx_word' id='word_1_671' title='bbox 2868 4218 2998 4254; x_wconf 88' lang='grc' dir='ltr'>ποτε</span> <span class='ocrx_word' id='word_1_672' title='bbox 3030 4203 3311 4272; x_wconf 82' lang='grc' dir='ltr'>φήσουσιν,</span> <span class='ocrx_word' id='word_1_673' title='bbox 3365 4199 3683 4266; x_wconf 72' lang='grc' dir='ltr'>ἐξεταστέον</span> <span class='ocrx_word' id='word_1_674' title='bbox 3707 4220 3726 4268; x_wconf 89' lang='grc'>;</span> 
     </span>
    </p>
   </div>
   <div class='ocr_carea' id='block_1_91' title="bbox 2133 4293 3727 4367">
    <p class='ocr_par' dir='ltr' id='par_1_91' title="bbox 2133 4293 3727 4367">
     <span class='ocr_line' id='line_1_91' title="bbox 2133 4293 3727 4367; baseline 0 -21"><span class='ocrx_word' id='word_1_675' title='bbox 2133 4294 2367 4365; x_wconf 89' lang='grc' dir='ltr'>Πότερον</span> <span class='ocrx_word' id='word_1_676' title='bbox 2421 4295 2734 4349; x_wconf 85' lang='grc' dir='ltr'>ὑπόκεινται</span> <span class='ocrx_word' id='word_1_677' title='bbox 2769 4298 2833 4366; x_wconf 80' lang='grc' dir='ltr'>τῇ</span> <span class='ocrx_word' id='word_1_678' title='bbox 2869 4297 3012 4367; x_wconf 81' lang='grc' dir='ltr'>φορᾷ</span> <span class='ocrx_word' id='word_1_679' title='bbox 3040 4295 3148 4348; x_wconf 87' lang='grc' dir='ltr'><strong>τῶν</strong></span> <span class='ocrx_word' id='word_1_680' title='bbox 3178 4294 3442 4366; x_wconf 87' lang='grc' dir='ltr'>ἀστέρων,</span> <span class='ocrx_word' id='word_1_681' title='bbox 3484 4293 3517 4365; x_wconf 82' lang='grc' dir='ltr'>ἢ</span> <span class='ocrx_word' id='word_1_682' title='bbox 3552 4294 3727 4365; x_wconf 69' lang='grc' dir='ltr'>ἠλευ-</span> 
     </span>
    </p>
   </div>
   <div class='ocr_carea' id='block_1_92' title="bbox 446 4382 2038 4459">
    <p class='ocr_par' dir='ltr' id='par_1_92' title="bbox 446 4386 2022 4455">
     <span class='ocr_line' id='line_1_92' title="bbox 446 4386 2022 4455; baseline 0 -17"><span class='ocrx_word' id='word_1_683' title='bbox 446 4402 553 4454; x_wconf 87' lang='lat' dir='ltr'><strong>que</strong></span> <span class='ocrx_word' id='word_1_684' title='bbox 585 4386 843 4440; x_wconf 85' lang='lat' dir='ltr'><strong>scelerate</strong></span> <span class='ocrx_word' id='word_1_685' title='bbox 861 4386 999 4438; x_wconf 87' lang='lat' dir='ltr'><strong>liunt</strong></span> <span class='ocrx_word' id='word_1_686' title='bbox 1021 4386 1264 4440; x_wconf 91' lang='lat' dir='ltr'><strong>omnium</strong></span> <span class='ocrx_word' id='word_1_687' title='bbox 1280 4386 1393 4441; x_wconf 90' lang='lat' dir='ltr'><strong>Deo</strong></span> <span class='ocrx_word' id='word_1_688' title='bbox 1414 4402 1641 4441; x_wconf 86' lang='lat' dir='ltr'><strong>causam</strong></span> <span class='ocrx_word' id='word_1_689' title='bbox 1701 4386 2022 4455; x_wconf 84' lang='lat' dir='ltr'><strong>assignant?</strong></span> 
     </span>
    </p>
   </div>
   <div class='ocr_carea' id='block_1_93' title="bbox 2140 4382 3726 4459">
    <p class='ocr_par' dir='ltr' id='par_1_93' title="bbox 2140 4385 3726 4459">
     <span class='ocr_line' id='line_1_93' title="bbox 2140 4385 3726 4459; baseline 0.002 -22"><span class='ocrx_word' id='word_1_690' title='bbox 2140 4385 2412 4457; x_wconf 68' lang='grc' dir='ltr'>ὶέρωνται,</span> <span class='ocrx_word' id='word_1_691' title='bbox 2439 4386 2532 4440; x_wconf 76' lang='grc' dir='ltr'>καὶ</span> <span class='ocrx_word' id='word_1_692' title='bbox 2561 4388 2619 4440; x_wconf 82' lang='grc' dir='ltr'>ὲν</span> <span class='ocrx_word' id='word_1_693' title='bbox 2650 4387 2728 4459; x_wconf 79' lang='grc' dir='ltr'><strong>τῷ</strong></span> <span class='ocrx_word' id='word_1_694' title='bbox 2747 4387 2846 4458; x_wconf 79' lang='grc' dir='ltr'><strong>βίῳ</strong></span> <span class='ocrx_word' id='word_1_695' title='bbox 2870 4388 3248 4459; x_wconf 80' lang='grc' dir='ltr'>τυγχάνοντες,</span> <span class='ocrx_word' id='word_1_696' title='bbox 3281 4387 3430 4440; x_wconf 78' lang='grc' dir='ltr'>οὐδὲν</span> <span class='ocrx_word' id='word_1_697' title='bbox 3460 4387 3726 4458; x_wconf 73' lang='grc' dir='ltr'>ἐνεργού-</span> 
     </span>
    </p>
   </div>
   <div class='ocr_carea' id='block_1_94' title="bbox 445 4479 2025 4546">
    <p class='ocr_par' dir='ltr' id='par_1_94' title="bbox 445 4479 2025 4546">
     <span class='ocr_line' id='line_1_94' title="bbox 445 4479 2025 4546; baseline -0.001 -12"><span class='ocrx_word' id='word_1_698' title='bbox 445 4480 689 4546; x_wconf 85' lang='lat' dir='ltr'><strong>Quorum</strong></span> <span class='ocrx_word' id='word_1_699' title='bbox 716 4479 760 4533; x_wconf 91' lang='lat' dir='ltr'><strong>si</strong></span> <span class='ocrx_word' id='word_1_700' title='bbox 785 4479 1052 4543; x_wconf 88' lang='lat' dir='ltr'><strong>nonnulli,</strong></span> <span class='ocrx_word' id='word_1_701' title='bbox 1090 4488 1150 4533; x_wconf 92' lang='lat' dir='ltr'><strong>ut</strong></span> <span class='ocrx_word' id='word_1_702' title='bbox 1177 4479 1270 4533; x_wconf 89' lang='lat' dir='ltr'><strong>Dei</strong></span> <span class='ocrx_word' id='word_1_703' title='bbox 1300 4495 1525 4535; x_wconf 89' lang='lat' dir='ltr'><strong>causam</strong></span> <span class='ocrx_word' id='word_1_704' title='bbox 1557 4480 2025 4542; x_wconf 84' lang='lat' dir='ltr'><strong>tuerivideantur,</strong></span> 
     </span>
    </p>
   </div>
   <div class='ocr_carea' id='block_1_95' title="bbox 445 4569 2025 4641">
    <p class='ocr_par' dir='ltr' id='par_1_95' title="bbox 445 4569 2025 4641">
     <span class='ocr_line' id='line_1_95' title="bbox 445 4569 2025 4641; baseline 0.002 -18"><span class='ocrx_word' id='word_1_705' title='bbox 445 4569 648 4623; x_wconf 84' lang='lat' dir='ltr'><strong>bonum</strong></span> <span class='ocrx_word' id='word_1_706' title='bbox 681 4570 968 4639; x_wconf 84' lang='lat' dir='ltr'><strong>quemdam</strong></span> <span class='ocrx_word' id='word_1_707' title='bbox 1003 4570 1231 4624; x_wconf 90' lang='lat' dir='ltr'><strong>alterum</strong></span> <span class='ocrx_word' id='word_1_708' title='bbox 1261 4588 1386 4626; x_wconf 89' lang='lat' dir='ltr'><strong>esse</strong></span> <span class='ocrx_word' id='word_1_709' title='bbox 1412 4572 1622 4636; x_wconf 90' lang='lat' dir='ltr'><strong>dicent,</strong></span> <span class='ocrx_word' id='word_1_710' title='bbox 1652 4587 1888 4641; x_wconf 88' lang='lat' dir='ltr'><strong>eumque</strong></span> <span class='ocrx_word' id='word_1_711' title='bbox 1937 4586 2025 4626; x_wconf 87' lang='lat' dir='ltr'><strong>re-</strong></span> 
     </span>
    </p>
   </div>
   <div class='ocr_carea' id='block_1_96' title="bbox 442 4661 2023 4734">
    <p class='ocr_par' dir='ltr' id='par_1_96' title="bbox 442 4661 2023 4734">
     <span class='ocr_line' id='line_1_96' title="bbox 442 4661 2023 4734; baseline 0.003 -21"><span class='ocrx_word' id='word_1_712' title='bbox 442 4676 564 4713; x_wconf 91' lang='lat' dir='ltr'><strong>rum</strong></span> <span class='ocrx_word' id='word_1_713' title='bbox 617 4661 845 4714; x_wconf 85' lang='lat' dir='ltr'><strong>istarum</strong></span> <span class='ocrx_word' id='word_1_714' title='bbox 878 4661 1081 4715; x_wconf 89' lang='lat' dir='ltr'><strong>loutem</strong></span> <span class='ocrx_word' id='word_1_715' title='bbox 1114 4679 1236 4717; x_wconf 89' lang='lat' dir='ltr'><strong>esse</strong></span> <span class='ocrx_word' id='word_1_716' title='bbox 1270 4679 1333 4718; x_wconf 89' lang='lat' dir='ltr'><strong>ac</strong></span> <span class='ocrx_word' id='word_1_717' title='bbox 1365 4664 1696 4734; x_wconf 89' lang='lat' dir='ltr'><strong>principium</strong></span> <span class='ocrx_word' id='word_1_718' title='bbox 1726 4664 2023 4734; x_wconf 83' lang='lat' dir='ltr'><strong>negabunt,</strong></span> 
     </span>
    </p>
   </div>
   <div class='ocr_carea' id='block_1_97' title="bbox 441 4753 2023 4822">
    <p class='ocr_par' dir='ltr' id='par_1_97' title="bbox 441 4753 2023 4822">
     <span class='ocr_line' id='line_1_97' title="bbox 441 4753 2023 4822; baseline 0.003 -16"><span class='ocrx_word' id='word_1_719' title='bbox 441 4753 586 4822; x_wconf 91' lang='lat' dir='ltr'><strong>quod</strong></span> <span class='ocrx_word' id='word_1_720' title='bbox 619 4753 712 4807; x_wconf 88' lang='lat' dir='ltr'><strong>uni</strong></span> <span class='ocrx_word' id='word_1_721' title='bbox 746 4753 1013 4808; x_wconf 79' lang='lat' dir='ltr'><strong>duntaxat</strong></span> <span class='ocrx_word' id='word_1_722' title='bbox 1043 4770 1220 4809; x_wconf 88' lang='lat' dir='ltr'><strong>rerum</strong></span> <span class='ocrx_word' id='word_1_723' title='bbox 1254 4767 1564 4811; x_wconf 84' lang='lat' dir='ltr'><strong>creatarum</strong></span> <span class='ocrx_word' id='word_1_724' title='bbox 1600 4756 1843 4812; x_wconf 82' lang='lat' dir='ltr'><strong>molitori</strong></span> <span class='ocrx_word' id='word_1_725' title='bbox 1872 4756 2023 4810; x_wconf 81' lang='lat' dir='ltr'><strong>simi-</strong></span> 
     </span>
    </p>
   </div>
   <div class='ocr_carea' id='block_1_98' title="bbox 440 4845 2019 4919">
    <p class='ocr_par' dir='ltr' id='par_1_98' title="bbox 440 4845 2019 4919">
     <span class='ocr_line' id='line_1_98' title="bbox 440 4845 2019 4919; baseline 0 -16"><span class='ocrx_word' id='word_1_726' title='bbox 440 4845 517 4903; x_wconf 78' lang='lat' dir='ltr'><strong>lia</strong></span> <span class='ocrx_word' id='word_1_727' title='bbox 546 4846 835 4901; x_wconf 83' lang='lat' dir='ltr'><strong>tribuenda</strong></span> <span class='ocrx_word' id='word_1_728' title='bbox 872 4848 1067 4915; x_wconf 87' lang='lat' dir='ltr'><strong>velint;</strong></span> <span class='ocrx_word' id='word_1_729' title='bbox 1098 4849 1356 4918; x_wconf 88' lang='lat' dir='ltr'><strong>primum,</strong></span> <span class='ocrx_word' id='word_1_730' title='bbox 1390 4867 1459 4905; x_wconf 89' lang='lat' dir='ltr'><strong>ne</strong></span> <span class='ocrx_word' id='word_1_731' title='bbox 1489 4850 1571 4905; x_wconf 89' lang='lat' dir='ltr'><strong>sic</strong></span> <span class='ocrx_word' id='word_1_732' title='bbox 1593 4850 1836 4919; x_wconf 89' lang='lat' dir='ltr'><strong>quidem,</strong></span> <span class='ocrx_word' id='word_1_733' title='bbox 1872 4849 2019 4919; x_wconf 88' lang='lat' dir='ltr'><strong>quod</strong></span> 
     </span>
    </p>
   </div>
   <div class='ocr_carea' id='block_1_99' title="bbox 440 4935 2021 5009">
    <p class='ocr_par' dir='ltr' id='par_1_99' title="bbox 440 4935 2021 5009">
     <span class='ocr_line' id='line_1_99' title="bbox 440 4935 2021 5009; baseline 0.003 -16"><span class='ocrx_word' id='word_1_734' title='bbox 440 4935 546 5008; x_wconf 82' lang='lat' dir='ltr'><strong>ipsi</strong></span> <span class='ocrx_word' id='word_1_735' title='bbox 598 4937 809 5003; x_wconf 85' lang='lat' dir='ltr'><strong>volunt,</strong></span> <span class='ocrx_word' id='word_1_736' title='bbox 839 4939 1020 5008; x_wconf 87' lang='lat' dir='ltr'><strong>justus</strong></span> <span class='ocrx_word' id='word_1_737' title='bbox 1058 4951 1116 4993; x_wconf 92' lang='lat' dir='ltr'><strong>ut</strong></span> <span class='ocrx_word' id='word_1_738' title='bbox 1170 4940 1261 4995; x_wconf 90' lang='lat' dir='ltr'><strong>ille</strong></span> <span class='ocrx_word' id='word_1_739' title='bbox 1301 4942 1412 5008; x_wconf 91' lang='lat' dir='ltr'><strong>sit,</strong></span> <span class='ocrx_word' id='word_1_740' title='bbox 1447 4941 1699 4998; x_wconf 81' lang='lat' dir='ltr'><strong>elﬁcient.</strong></span> <span class='ocrx_word' id='word_1_741' title='bbox 1735 4941 2021 5009; x_wconf 85' lang='lat' dir='ltr'><strong>Quomodo</strong></span> 
     </span>
    </p>
   </div>
   <div class='ocr_carea' id='block_1_100' title="bbox 439 5031 2020 5103">
    <p class='ocr_par' dir='ltr' id='par_1_100' title="bbox 439 5031 2020 5103">
     <span class='ocr_line' id='line_1_100' title="bbox 439 5031 2020 5103; baseline 0.003 -20"><span class='ocrx_word' id='word_1_742' title='bbox 439 5031 585 5084; x_wconf 89' lang='lat' dir='ltr'><strong>enim</strong></span> <span class='ocrx_word' id='word_1_743' title='bbox 622 5046 783 5100; x_wconf 92' lang='lat' dir='ltr'><strong>quem</strong></span> <span class='ocrx_word' id='word_1_744' title='bbox 843 5039 924 5085; x_wconf 92' lang='lat' dir='ltr'><strong>tot</strong></span> <span class='ocrx_word' id='word_1_745' title='bbox 984 5033 1253 5086; x_wconf 90' lang='lat' dir='ltr'><strong>malorum</strong></span> <span class='ocrx_word' id='word_1_746' title='bbox 1292 5042 1572 5101; x_wconf 87' lang='lat' dir='ltr'><strong>parentem</strong></span> <span class='ocrx_word' id='word_1_747' title='bbox 1625 5033 1865 5088; x_wconf 80' lang='lat' dir='ltr'><strong>fatentur</strong></span> <span class='ocrx_word' id='word_1_748' title='bbox 1917 5034 2020 5103; x_wconf 91' lang='lat' dir='ltr'><strong>ipsi</strong></span> 
     </span>
    </p>
   </div>
   <div class='ocr_carea' id='block_1_101' title="bbox 438 5120 2018 5193">
    <p class='ocr_par' dir='ltr' id='par_1_101' title="bbox 438 5120 2018 5193">
     <span class='ocr_line' id='line_1_101' title="bbox 438 5120 2018 5193; baseline 0.006 -24"><span class='ocrx_word' id='word_1_749' title='bbox 438 5134 676 5188; x_wconf 85' lang='lat' dir='ltr'><strong>quoque,</strong></span> <span class='ocrx_word' id='word_1_750' title='bbox 691 5120 902 5189; x_wconf 87' lang='lat' dir='ltr'><strong>justum</strong></span> <span class='ocrx_word' id='word_1_751' title='bbox 921 5122 1170 5176; x_wconf 84' lang='lat' dir='ltr'><strong>eumdem</strong></span> <span class='ocrx_word' id='word_1_752' title='bbox 1197 5137 1321 5177; x_wconf 88' lang='lat' dir='ltr'><strong>esse</strong></span> <span class='ocrx_word' id='word_1_753' title='bbox 1349 5122 1472 5193; x_wconf 86' lang='lat' dir='ltr'><strong>jure</strong></span> <span class='ocrx_word' id='word_1_754' title='bbox 1502 5124 1806 5193; x_wconf 88' lang='lat' dir='ltr'><strong>meritoque</strong></span> <span class='ocrx_word' id='word_1_755' title='bbox 1833 5123 2018 5179; x_wconf 84' lang='lat' dir='ltr'><strong>defen-</strong></span> 
     </span>
    </p>
   </div>
   <div class='ocr_carea' id='block_1_102' title="bbox 437 5208 2017 5284">
    <p class='ocr_par' dir='ltr' id='par_1_102' title="bbox 437 5208 2017 5284">
     <span class='ocr_line' id='line_1_102' title="bbox 437 5208 2017 5284; baseline 0.003 -21"><span class='ocrx_word' id='word_1_756' title='bbox 437 5209 569 5263; x_wconf 88' lang='lat' dir='ltr'><strong>dant</strong></span> <span class='ocrx_word' id='word_1_757' title='bbox 596 5210 618 5263; x_wconf 91' lang='lat'><strong>?</strong></span> <span class='ocrx_word' id='word_1_758' title='bbox 664 5208 866 5264; x_wconf 89' lang='lat' dir='ltr'><strong>Deinde</strong></span> <span class='ocrx_word' id='word_1_759' title='bbox 894 5211 1023 5281; x_wconf 88' lang='lat' dir='ltr'><strong>quid</strong></span> <span class='ocrx_word' id='word_1_760' title='bbox 1054 5213 1294 5267; x_wconf 89' lang='lat' dir='ltr'><strong>sentiant</strong></span> <span class='ocrx_word' id='word_1_761' title='bbox 1317 5213 1416 5282; x_wconf 85' lang='lat' dir='ltr'><strong>ipsi</strong></span> <span class='ocrx_word' id='word_1_762' title='bbox 1451 5215 1517 5268; x_wconf 89' lang='lat' dir='ltr'><strong>de</strong></span> <span class='ocrx_word' id='word_1_763' title='bbox 1550 5230 1630 5278; x_wconf 83' lang='lat' dir='ltr'><strong>se,</strong></span> <span class='ocrx_word' id='word_1_764' title='bbox 1663 5214 2017 5284; x_wconf 61' lang='lat' dir='ltr'><strong>quaerendum</strong></span> 
     </span>
    </p>
   </div>
   <div class='ocr_carea' id='block_1_103' title="bbox 438 5300 2023 5361">
    <p class='ocr_par' dir='ltr' id='par_1_103' title="bbox 438 5300 2023 5361">
     <span class='ocr_line' id='line_1_103' title="bbox 438 5300 2023 5361; baseline 0.004 -8"><span class='ocrx_word' id='word_1_765' title='bbox 438 5317 507 5353; x_wconf 83' lang='lat' dir='ltr'><strong>ex</strong></span> <span class='ocrx_word' id='word_1_766' title='bbox 541 5300 650 5356; x_wconf 85' lang='lat' dir='ltr'><strong>illis</strong></span> <span class='ocrx_word' id='word_1_767' title='bbox 677 5310 780 5356; x_wconf 87' lang='lat' dir='ltr'><strong>est.</strong></span> <span class='ocrx_word' id='word_1_768' title='bbox 817 5301 1009 5357; x_wconf 87' lang='lat' dir='ltr'><strong>Utrum</strong></span> <span class='ocrx_word' id='word_1_769' title='bbox 1052 5319 1174 5359; x_wconf 84' lang='lat' dir='ltr'><strong>sese</strong></span> <span class='ocrx_word' id='word_1_770' title='bbox 1209 5314 1484 5359; x_wconf 85' lang='lat' dir='ltr'><strong>astrorqu</strong></span> <span class='ocrx_word' id='word_1_771' title='bbox 1509 5305 2023 5361; x_wconf 86' lang='lat' dir='ltr'><strong>conversioneobli-</strong></span> 
     </span>
    </p>
   </div>
   <div class='ocr_carea' id='block_1_104' title="bbox 438 5395 2023 5469">
    <p class='ocr_par' dir='ltr' id='par_1_104' title="bbox 438 5395 2023 5469">
     <span class='ocr_line' id='line_1_104' title="bbox 438 5395 2023 5469; baseline 0.006 -26"><span class='ocrx_word' id='word_1_772' title='bbox 438 5401 595 5460; x_wconf 80' lang='lat' dir='ltr'><strong>gates</strong></span> <span class='ocrx_word' id='word_1_773' title='bbox 643 5408 787 5458; x_wconf 90' lang='lat' dir='ltr'><strong>esse,</strong></span> <span class='ocrx_word' id='word_1_774' title='bbox 818 5410 888 5447; x_wconf 88' lang='lat' dir='ltr'><strong>an</strong></span> <span class='ocrx_word' id='word_1_775' title='bbox 919 5395 1144 5462; x_wconf 89' lang='lat' dir='ltr'><strong>liberos,</strong></span> <span class='ocrx_word' id='word_1_776' title='bbox 1169 5405 1334 5465; x_wconf 88' lang='lat' dir='ltr'><strong>atque</strong></span> <span class='ocrx_word' id='word_1_777' title='bbox 1361 5395 1655 5466; x_wconf 85' lang='lat' dir='ltr'><strong>ejusmodi,</strong></span> <span class='ocrx_word' id='word_1_778' title='bbox 1714 5399 1856 5468; x_wconf 87' lang='lat' dir='ltr'><strong>apud</strong></span> <span class='ocrx_word' id='word_1_779' title='bbox 1883 5414 2023 5469; x_wconf 80' lang='lat' dir='ltr'><strong>quos</strong></span> 
     </span>
    </p>
   </div>
   <div class='ocr_carea' id='block_1_105' title="bbox 513 5508 1631 5581">
    <p class='ocr_par' dir='ltr' id='par_1_105' title="bbox 513 5508 1631 5581">
     <span class='ocr_line' id='line_1_105' title="bbox 513 5508 1631 5581; baseline 0.004 -22"><span class='ocrx_word' id='word_1_780' title='bbox 513 5514 542 5543; x_wconf 76' lang='grc' dir='ltr'>ι</span> <span class='ocrx_word' id='word_1_781' title='bbox 568 5523 683 5573; x_wconf 66' lang='lat'><strong>730.,</strong></span> <span class='ocrx_word' id='word_1_782' title='bbox 714 5508 1130 5581; x_wconf 81' lang='grc' dir='ltr'>μακαριότητες.</span> <span class='ocrx_word' id='word_1_783' title='bbox 1232 5509 1260 5549; x_wconf 71' lang='grc' dir='ltr'><strong>ι)</strong></span> <span class='ocrx_word' id='word_1_784' title='bbox 1288 5509 1372 5564; x_wconf 85' lang='grc' dir='ltr'><strong>ἵσ.</strong></span> <span class='ocrx_word' id='word_1_785' title='bbox 1398 5508 1631 5580; x_wconf 77' lang='grc' dir='ltr'>ψεκτῶς.</span> 
     </span>
    </p>
   </div>
   <div class='ocr_carea' id='block_1_106' title="bbox 2131 4479 3728 4551">
    <p class='ocr_par' dir='ltr' id='par_1_106' title="bbox 2131 4479 3728 4551">
     <span class='ocr_line' id='line_1_106' title="bbox 2131 4479 3728 4551; baseline 0.001 -21"><span class='ocrx_word' id='word_1_786' title='bbox 2131 4494 2291 4547; x_wconf 86' lang='grc' dir='ltr'>μενον</span> <span class='ocrx_word' id='word_1_787' title='bbox 2313 4480 2393 4541; x_wconf 86' lang='grc' dir='ltr'><strong>είς</strong></span> <span class='ocrx_word' id='word_1_788' title='bbox 2412 4479 2640 4542; x_wconf 81' lang='grc' dir='ltr'>ἑαυτοὺς</span> <span class='ocrx_word' id='word_1_789' title='bbox 2661 4480 2874 4549; x_wconf 74' lang='grc' dir='ltr'>ἔχουσιν</span> <span class='ocrx_word' id='word_1_790' title='bbox 2915 4479 3156 4545; x_wconf 84' lang='grc' dir='ltr'>ὲκεῖθεν;</span> <span class='ocrx_word' id='word_1_791' title='bbox 3202 4482 3265 4533; x_wconf 88' lang='grc' dir='ltr'>Εἰ</span> <span class='ocrx_word' id='word_1_792' title='bbox 3318 4479 3417 4550; x_wconf 79' lang='grc' dir='ltr'><strong>μὲν</strong></span> <span class='ocrx_word' id='word_1_793' title='bbox 3455 4479 3565 4551; x_wconf 75' lang='grc' dir='ltr'>γὰρ</span> <span class='ocrx_word' id='word_1_794' title='bbox 3608 4482 3728 4550; x_wconf 72' lang='grc' dir='ltr'><strong>φή-</strong></span> 
     </span>
    </p>
   </div>
   <div class='ocr_carea' id='block_1_107' title="bbox 2130 4570 3727 4642">
    <p class='ocr_par' dir='ltr' id='par_1_107' title="bbox 2130 4570 3727 4642">
     <span class='ocr_line' id='line_1_107' title="bbox 2130 4570 3727 4642; baseline 0.004 -22"><span class='ocrx_word' id='word_1_795' title='bbox 2130 4585 2311 4621; x_wconf 89' lang='grc' dir='ltr'>σουσιν</span> <span class='ocrx_word' id='word_1_796' title='bbox 2336 4570 2656 4624; x_wconf 80' lang='grc' dir='ltr'>ὑποκεῖσθαι</span> <span class='ocrx_word' id='word_1_797' title='bbox 2684 4574 2797 4633; x_wconf 89' lang='grc' dir='ltr'>τοῖς</span> <span class='ocrx_word' id='word_1_798' title='bbox 2829 4570 3069 4642; x_wconf 82' lang='grc' dir='ltr'>ἄστροις,</span> <span class='ocrx_word' id='word_1_799' title='bbox 3095 4571 3280 4641; x_wconf 84' lang='grc' dir='ltr'>δῆλον,</span> <span class='ocrx_word' id='word_1_800' title='bbox 3319 4572 3401 4624; x_wconf 81' lang='grc' dir='ltr'><strong>ὅτι</strong></span> <span class='ocrx_word' id='word_1_801' title='bbox 3443 4570 3514 4623; x_wconf 89' lang='grc' dir='ltr'><strong>τά</strong></span> <span class='ocrx_word' id='word_1_802' title='bbox 3537 4571 3727 4642; x_wconf 73' lang='grc' dir='ltr'>ἄστρα</span> 
     </span>
    </p>
   </div>
   <div class='ocr_carea' id='block_1_108' title="bbox 2127 4660 3728 4735">
    <p class='ocr_par' dir='ltr' id='par_1_108' title="bbox 2127 4660 3728 4735">
     <span class='ocr_line' id='line_1_108' title="bbox 2127 4660 3728 4735; baseline 0.002 -23"><span class='ocrx_word' id='word_1_803' title='bbox 2127 4660 2186 4713; x_wconf 84' lang='grc' dir='ltr'><strong>τὸ</strong></span> <span class='ocrx_word' id='word_1_804' title='bbox 2218 4662 2407 4730; x_wconf 83' lang='grc' dir='ltr'>νοῆσαι</span> <span class='ocrx_word' id='word_1_805' title='bbox 2444 4663 2624 4726; x_wconf 80' lang='grc' dir='ltr'>αὐτοῖς</span> <span class='ocrx_word' id='word_1_806' title='bbox 2654 4662 2811 4715; x_wconf 87' lang='grc' dir='ltr'>τοῦτο</span> <span class='ocrx_word' id='word_1_807' title='bbox 2849 4663 3160 4735; x_wconf 80' lang='grc' dir='ltr'>ἐχαρίσατο,</span> <span class='ocrx_word' id='word_1_808' title='bbox 3197 4664 3291 4716; x_wconf 75' lang='grc' dir='ltr'>καὶ</span> <span class='ocrx_word' id='word_1_809' title='bbox 3319 4665 3348 4716; x_wconf 86' lang='grc' dir='ltr'><strong>ό</strong></span> <span class='ocrx_word' id='word_1_810' title='bbox 3369 4663 3728 4735; x_wconf 78' lang='grc' dir='ltr'>Δημιουργὸς</span> 
     </span>
    </p>
   </div>
   <div class='ocr_carea' id='block_1_109' title="bbox 2131 4752 3727 4826">
    <p class='ocr_par' dir='ltr' id='par_1_109' title="bbox 2131 4752 3727 4826">
     <span class='ocr_line' id='line_1_109' title="bbox 2131 4752 3727 4826; baseline 0.002 -21"><span class='ocrx_word' id='word_1_811' title='bbox 2131 4752 2521 4823; x_wconf 77' lang='grc' dir='ltr'>ὑποϐεϐληκὼς</span> <span class='ocrx_word' id='word_1_812' title='bbox 2553 4754 2704 4808; x_wconf 77' lang='grc' dir='ltr'>ἔσται</span> <span class='ocrx_word' id='word_1_813' title='bbox 2734 4755 2821 4808; x_wconf 77' lang='grc' dir='ltr'><strong>διὰ</strong></span> <span class='ocrx_word' id='word_1_814' title='bbox 2850 4757 2947 4825; x_wconf 84' lang='grc' dir='ltr'>τῆς</span> <span class='ocrx_word' id='word_1_815' title='bbox 2979 4754 3073 4808; x_wconf 88' lang='grc' dir='ltr'><strong>τοῦ</strong></span> <span class='ocrx_word' id='word_1_816' title='bbox 3103 4756 3301 4818; x_wconf 87' lang='grc' dir='ltr'>παντὸς</span> <span class='ocrx_word' id='word_1_817' title='bbox 3323 4757 3592 4826; x_wconf 84' lang='grc' dir='ltr'>κινήσεως</span> <span class='ocrx_word' id='word_1_818' title='bbox 3619 4756 3727 4809; x_wconf 78' lang='grc' dir='ltr'><strong>τὸν</strong></span> 
     </span>
    </p>
   </div>
   <div class='ocr_carea' id='block_1_110' title="bbox 2128 4844 3723 4917">
    <p class='ocr_par' dir='ltr' id='par_1_110' title="bbox 2128 4844 3723 4917">
     <span class='ocr_line' id='line_1_110' title="bbox 2128 4844 3723 4917; baseline 0.003 -21"><span class='ocrx_word' id='word_1_819' title='bbox 2128 4844 2285 4913; x_wconf 89' lang='grc' dir='ltr'>λόγον</span> <span class='ocrx_word' id='word_1_820' title='bbox 2309 4845 2401 4898; x_wconf 87' lang='grc' dir='ltr'><strong>τὸν</strong></span> <span class='ocrx_word' id='word_1_821' title='bbox 2435 4846 2564 4917; x_wconf 75' lang='grc' dir='ltr'>περὶ</span> <span class='ocrx_word' id='word_1_822' title='bbox 2596 4846 2691 4899; x_wconf 88' lang='grc' dir='ltr'><strong>τοῦ</strong></span> <span class='ocrx_word' id='word_1_823' title='bbox 2732 4848 2989 4917; x_wconf 84' lang='grc' dir='ltr'>ἀνωτέρω</span> <span class='ocrx_word' id='word_1_824' title='bbox 3027 4847 3521 4917; x_wconf 84' lang='grc' dir='ltr'>ἀναπεπλασμένου</span> <span class='ocrx_word' id='word_1_825' title='bbox 3549 4846 3723 4914; x_wconf 76' lang='grc' dir='ltr'>Θεοῦ,</span> 
     </span>
    </p>
   </div>
   <div class='ocr_carea' id='block_1_111' title="bbox 2127 4939 3728 5014">
    <p class='ocr_par' dir='ltr' id='par_1_111' title="bbox 2127 4939 3728 5014">
     <span class='ocr_line' id='line_1_111' title="bbox 2127 4939 3728 5014; baseline 0.002 -21"><span class='ocrx_word' id='word_1_826' title='bbox 2127 4940 2265 5012; x_wconf 85' lang='grc' dir='ltr'>ὅπερ</span> <span class='ocrx_word' id='word_1_827' title='bbox 2286 4942 2347 4994; x_wconf 72' lang='grc' dir='ltr'><strong>οὐ</strong></span> <span class='ocrx_word' id='word_1_828' title='bbox 2382 4941 2660 5011; x_wconf 79' lang='grc' dir='ltr'>βούλονται</span> <span class='ocrx_word' id='word_1_829' title='bbox 2685 4960 2696 4971; x_wconf 93' lang='grc'><strong>·</strong></span> <span class='ocrx_word' id='word_1_830' title='bbox 2731 4946 2779 4996; x_wconf 83' lang='grc' dir='ltr'>εἰ</span> <span class='ocrx_word' id='word_1_831' title='bbox 2816 4943 2872 4996; x_wconf 79' lang='grc' dir='ltr'>δὲ</span> <span class='ocrx_word' id='word_1_832' title='bbox 2902 4943 3346 5014; x_wconf 87' lang='grc' dir='ltr'>ἀποκρινοῦνται,</span> <span class='ocrx_word' id='word_1_833' title='bbox 3369 4943 3452 4995; x_wconf 83' lang='grc' dir='ltr'><strong>ὅτι</strong></span> <span class='ocrx_word' id='word_1_834' title='bbox 3475 4939 3581 5007; x_wconf 76' lang='grc' dir='ltr'><strong>ἔξω</strong></span> <span class='ocrx_word' id='word_1_835' title='bbox 3603 4941 3728 4997; x_wconf 82' lang='grc' dir='ltr'><strong>τῶν</strong></span> 
     </span>
    </p>
   </div>
   <div class='ocr_carea' id='block_1_112' title="bbox 2126 5029 3729 5104">
    <p class='ocr_par' dir='ltr' id='par_1_112' title="bbox 2126 5029 3729 5104">
     <span class='ocr_line' id='line_1_112' title="bbox 2126 5029 3729 5104; baseline 0.002 -23"><span class='ocrx_word' id='word_1_836' title='bbox 2126 5029 2306 5100; x_wconf 88' lang='grc' dir='ltr'>νόμων</span> <span class='ocrx_word' id='word_1_837' title='bbox 2352 5030 2677 5101; x_wconf 85' lang='grc' dir='ltr'>τυγχάνουσι</span> <span class='ocrx_word' id='word_1_838' title='bbox 2726 5031 2821 5085; x_wconf 86' lang='grc' dir='ltr'><strong>τοῦ</strong></span> <span class='ocrx_word' id='word_1_839' title='bbox 2865 5031 3204 5104; x_wconf 88' lang='grc' dir='ltr'>Δημιουργοῦ</span> <span class='ocrx_word' id='word_1_840' title='bbox 3238 5032 3347 5086; x_wconf 87' lang='grc' dir='ltr'><strong>τῶν</strong></span> <span class='ocrx_word' id='word_1_841' title='bbox 3394 5032 3539 5086; x_wconf 87' lang='grc' dir='ltr'><strong>κατά</strong></span> <span class='ocrx_word' id='word_1_842' title='bbox 3582 5033 3729 5099; x_wconf 71' lang='grc' dir='ltr'>τοὺς</span> 
     </span>
    </p>
   </div>
   <div class='ocr_carea' id='block_1_113' title="bbox 2126 5121 3730 5199">
    <p class='ocr_par' dir='ltr' id='par_1_113' title="bbox 2126 5121 3730 5199">
     <span class='ocr_line' id='line_1_113' title="bbox 2126 5121 3730 5199; baseline 0.004 -24"><span class='ocrx_word' id='word_1_843' title='bbox 2126 5122 2385 5193; x_wconf 89' lang='grc' dir='ltr'>ἀστέρας,</span> <span class='ocrx_word' id='word_1_844' title='bbox 2423 5123 2509 5177; x_wconf 81' lang='grc' dir='ltr'><strong>ἵνα</strong></span> <span class='ocrx_word' id='word_1_845' title='bbox 2546 5124 2619 5196; x_wconf 87' lang='grc' dir='ltr'>μὴ</span> <span class='ocrx_word' id='word_1_846' title='bbox 2653 5125 2929 5193; x_wconf 73' lang='grc' dir='ltr'>ἀπόφασις</span> <span class='ocrx_word' id='word_1_847' title='bbox 3011 5126 3071 5178; x_wconf 84' lang='grc' dir='ltr'><strong>τὸ</strong></span> <span class='ocrx_word' id='word_1_848' title='bbox 3098 5126 3387 5197; x_wconf 89' lang='grc' dir='ltr'>λεγόμενον</span> <span class='ocrx_word' id='word_1_849' title='bbox 3406 5125 3497 5179; x_wconf 82' lang='grc' dir='ltr'><strong>ὑπ’</strong></span> <span class='ocrx_word' id='word_1_850' title='bbox 3529 5124 3730 5181; x_wconf 77' lang='grc' dir='ltr'>αὐτῶν</span> 
     </span>
    </p>
   </div>
   <div class='ocr_carea' id='block_1_114' title="bbox 2125 5216 3729 5292">
    <p class='ocr_par' dir='ltr' id='par_1_114' title="bbox 2125 5216 3729 5292">
     <span class='ocr_line' id='line_1_114' title="bbox 2125 5216 3729 5292; baseline 0.001 -24"><span class='ocrx_word' id='word_1_851' title='bbox 2125 5216 2534 5280; x_wconf 87' lang='grc' dir='ltr'>ἀναπόδεικτος,</span> <span class='ocrx_word' id='word_1_852' title='bbox 2563 5217 2979 5289; x_wconf 83' lang='grc' dir='ltr'>πειραθήτωσαν</span> <span class='ocrx_word' id='word_1_853' title='bbox 3024 5221 3172 5291; x_wconf 80' lang='grc' dir='ltr'>ἡμᾶς</span> <span class='ocrx_word' id='word_1_854' title='bbox 3206 5219 3501 5292; x_wconf 83' lang='grc' dir='ltr'>προσάγειν</span> <span class='ocrx_word' id='word_1_855' title='bbox 3538 5219 3729 5286; x_wconf 77' lang='grc' dir='ltr'>ἀναγ-</span> 
     </span>
    </p>
   </div>
   <div class='ocr_carea' id='block_1_115' title="bbox 2127 5306 3728 5380">
    <p class='ocr_par' dir='ltr' id='par_1_115' title="bbox 2127 5306 3728 5380">
     <span class='ocr_line' id='line_1_115' title="bbox 2127 5306 3728 5380; baseline 0.002 -22"><span class='ocrx_word' id='word_1_856' title='bbox 2127 5306 2551 5378; x_wconf 73' lang='grc' dir='ltr'>καπικὼτερον,</span> <span class='ocrx_word' id='word_1_857' title='bbox 2583 5308 2847 5379; x_wconf 77' lang='grc' dir='ltr'>διαφορὰν</span> <span class='ocrx_word' id='word_1_858' title='bbox 2885 5308 3251 5380; x_wconf 87' lang='grc' dir='ltr'>παριστάντες</span> <span class='ocrx_word' id='word_1_859' title='bbox 3283 5308 3376 5361; x_wconf 86' lang='grc' dir='ltr'><strong>νοῦ</strong></span> <span class='ocrx_word' id='word_1_860' title='bbox 3403 5323 3546 5369; x_wconf 87' lang='grc' dir='ltr'>τινος</span> <span class='ocrx_word' id='word_1_861' title='bbox 3573 5306 3728 5361; x_wconf 78' lang='grc' dir='ltr'>ὑπο-</span> 
     </span>
    </p>
   </div>
   <div class='ocr_carea' id='block_1_116' title="bbox 2124 5397 3728 5473">
    <p class='ocr_par' dir='ltr' id='par_1_116' title="bbox 2124 5397 3728 5473">
     <span class='ocr_line' id='line_1_116' title="bbox 2124 5397 3728 5473; baseline 0.001 -23"><span class='ocrx_word' id='word_1_862' title='bbox 2124 5398 2379 5465; x_wconf 82' lang='grc' dir='ltr'>κειμένου</span> <span class='ocrx_word' id='word_1_863' title='bbox 2402 5400 2615 5468; x_wconf 89' lang='grc' dir='ltr'>γενέσει</span> <span class='ocrx_word' id='word_1_864' title='bbox 2645 5400 2739 5453; x_wconf 80' lang='grc' dir='ltr'><strong>καὶ</strong></span> <span class='ocrx_word' id='word_1_865' title='bbox 2772 5400 3083 5473; x_wconf 79' lang='grc' dir='ltr'>εἱμαρμένῃ</span> <span class='ocrx_word' id='word_1_866' title='bbox 3110 5401 3205 5454; x_wconf 54' lang='grc' dir='ltr'><strong>καὶ⁸</strong></span> <span class='ocrx_word' id='word_1_867' title='bbox 3231 5400 3417 5472; x_wconf 81' lang='grc' dir='ltr'>ἐτέρου</span> <span class='ocrx_word' id='word_1_868' title='bbox 3444 5397 3554 5453; x_wconf 76' lang='grc' dir='ltr'><strong>ἀπὸ</strong></span> <span class='ocrx_word' id='word_1_869' title='bbox 3585 5400 3728 5452; x_wconf 76' lang='grc' dir='ltr'>τού-</span> 
     </span>
    </p>
   </div>
   <div class='ocr_carea' id='block_1_117' title="bbox 512 5616 2038 5701">
    <p class='ocr_par' dir='ltr' id='par_1_117' title="bbox 512 5616 2038 5701">
     <span class='ocr_line' id='line_1_117' title="bbox 512 5616 2038 5701; baseline 0.007 -32"><span class='ocrx_word' id='word_1_870' title='bbox 512 5616 620 5701; x_wconf 69' lang='grc' dir='ltr'><strong>(Π)</strong></span> <span class='ocrx_word' id='word_1_871' title='bbox 662 5620 807 5701; x_wconf 77' lang='grc' dir='ltr'><strong>Ἐᾁν</strong></span> <span class='ocrx_word' id='word_1_872' title='bbox 851 5622 919 5678; x_wconf 85' lang='grc' dir='ltr'><em>δέ</em></span> <span class='ocrx_word' id='word_1_873' title='bbox 950 5641 1127 5692; x_wconf 76' lang='grc' dir='ltr'>τινες.</span> <span class='ocrx_word' id='word_1_874' title='bbox 1176 5625 1272 5688; x_wconf 83' lang='grc' dir='ltr'><strong>Εἰς</strong></span> <span class='ocrx_word' id='word_1_875' title='bbox 1314 5624 1441 5689; x_wconf 79' lang='grc' dir='ltr'>τοὺς</span> <span class='ocrx_word' id='word_1_876' title='bbox 1485 5624 1820 5698; x_wconf 84' lang='grc' dir='ltr'>Μανιχαίους</span> <span class='ocrx_word' id='word_1_877' title='bbox 1849 5625 2038 5681; x_wconf 83' lang='grc' dir='ltr'>αἰνίττε</span> 
     </span>
    </p>
   </div>
   <div class='ocr_carea' id='block_1_118' title="bbox 2140 5616 3725 5701">
    <p class='ocr_par' dir='ltr' id='par_1_118' title="bbox 2140 5625 3725 5701">
     <span class='ocr_line' id='line_1_118' title="bbox 2140 5625 3725 5701; baseline 0.003 -19"><span class='ocrx_word' id='word_1_878' title='bbox 2140 5667 2181 5697; x_wconf 90' lang='grc'>.,</span> <span class='ocrx_word' id='word_1_879' title='bbox 2217 5629 2310 5701; x_wconf 87' lang='lat' dir='ltr'><strong>qui</strong></span> <span class='ocrx_word' id='word_1_880' title='bbox 2344 5629 2611 5686; x_wconf 88' lang='lat' dir='ltr'><strong>mundum</strong></span> <span class='ocrx_word' id='word_1_881' title='bbox 2648 5630 2796 5686; x_wconf 89' lang='lat' dir='ltr'><strong>hunc</strong></span> <span class='ocrx_word' id='word_1_882' title='bbox 2828 5645 2937 5686; x_wconf 87' lang='lat' dir='ltr'><strong>non</strong></span> <span class='ocrx_word' id='word_1_883' title='bbox 2959 5629 3113 5697; x_wconf 87' lang='lat' dir='ltr'><strong>boni,</strong></span> <span class='ocrx_word' id='word_1_884' title='bbox 3140 5629 3234 5686; x_wconf 81' lang='lat' dir='ltr'><strong>sed</strong></span> <span class='ocrx_word' id='word_1_885' title='bbox 3270 5627 3400 5684; x_wconf 82' lang='lat' dir='ltr'><strong>mali</strong></span> <span class='ocrx_word' id='word_1_886' title='bbox 3437 5625 3531 5683; x_wconf 90' lang='lat' dir='ltr'><strong>Dei</strong></span> <span class='ocrx_word' id='word_1_887' title='bbox 3569 5643 3725 5701; x_wconf 77' lang='lat' dir='ltr'><strong>epua</strong></span> 
     </span>
    </p>
   </div>
   <div class='ocr_carea' id='block_1_119' title="bbox 437 5690 882 5760">
    <p class='ocr_par' dir='ltr' id='par_1_119' title="bbox 437 5690 882 5760">
     <span class='ocr_line' id='line_1_119' title="bbox 437 5690 882 5760; baseline 0.011 -18"><span class='ocrx_word' id='word_1_888' title='bbox 437 5700 562 5744; x_wconf 77' lang='lat' dir='ltr'><strong>esse</strong></span> <span class='ocrx_word' id='word_1_889' title='bbox 585 5690 882 5760; x_wconf 87' lang='lat' dir='ltr'><strong>jactabaut.</strong></span> 
     </span>
    </p>
   </div>
  </div>
