3878 6220
215 295 325 354 481

1407 293 1729 350 ΡΒιΕΡΑΒ.
1767 295 2020 354 EVANG.
2063 298 2191 354 LIB.
2237 299 2324 356 Vl.

3385 304 3490 359 482

211 429 327 466 των
351 409 656 482 ἐλευθέρου.
687 410 858 481 Δῆλον
888 411 999 482 γάρ
1041 415 1158 466 ἐστι
1189 414 1317 476 τοὺς
1352 413 1627 476 τοιούτους
1671 414 1800 485 (18),

1916 417 2016 473 hac
2064 421 2116 472 in
2154 428 2287 484 vna,
2321 418 2455 472 nihil
2485 419 2710 473 omnino
2739 430 2923 475 motus
2958 418 3049 473 ille
3071 419 3243 490 possit
3278 420 3303 474 ?
3333 419 3487 475 Obli-

212 503 321 566 ὅτι,
344 503 502 571 λόγον
524 502 923 574 άπαιτηθέντες
946 504 1146 560 διδόναι
1181 507 1394 571 αὐτοῖς,
1439 507 1693 579 οὐδαμῶς
1717 510 1808 562 δυ-

212 596 490 666 νήσονται.
528 594 672 666 Πρὸς
696 594 754 647 δὲ
789 599 902 659 τοῖς
934 596 1244 667 εἰρημένοις
1278 599 1373 651 καὶ
1397 599 1555 668 εὐχαὶ
1599 600 1804 671 παρέλ-

216 704 373 739 κουσι
401 686 580 757 μάτην
610 687 1195 758 παραλαμϐανόμεναι.
1221 690 1285 741 Εἰ
1315 689 1422 761 γάρ
1460 691 1808 760 κατηνάγκα-

217 793 345 830 σται
373 776 498 829 τάδε
525 775 647 830 τινά
673 775 948 845 γενέσθαι,
972 779 1068 832 καὶ
1096 780 1145 831 οἱ
1174 779 1406 850 ἀστέρες
1430 778 1699 843 ποιοῦσιν,
1724 782 1809 834 οὐ·

214 867 306 920 δὲν
351 867 411 921 δὲ
448 867 601 938 παρὰ
646 869 746 940 τὴν
783 869 986 922 τούτων
1016 870 1152 942 πρὸς
1202 870 1466 941 ἀλλήλους
1502 872 1807 945 ἐπιπλοκὴν

214 959 437 1014 δύναται
460 960 736 1029 γενέσθαι,
766 962 897 1015 Θεὸν
924 962 1223 1031 ἀλογίστως
1245 964 1504 1034 ἀξιοῦμεν
1531 966 1656 1018 τάδε
1684 966 1806 1019 τινὰ

216 1053 351 1121 ἡμῖν
376 1050 746 1123 δωρήσασθαι.
780 1054 888 1105 Καὶ
920 1053 972 1106 τί
1010 1054 1102 1107 ἐπὶ
1130 1054 1311 1107 πλεῖον
1361 1055 1621 1125 μηκύνειν
1650 1054 1806 1123 λόγον

212 1143 315 1205 δεῖ,
351 1143 692 1214 παριστάντα
718 1145 779 1198 τὸ
813 1146 1010 1210 ἀσεϐὲς
1032 1146 1126 1200 τοῦ
1146 1148 1632 1220 καθημαξευμένου
1665 1150 1805 1205 άϐα-

216 1236 486 1299 σανίστως
506 1236 658 1306 παρά
687 1240 800 1299 τοῖς
824 1238 1038 1301 πολλοῖς
1068 1239 1194 1311 περὶ
1224 1240 1563 1313 εἱμαρμένης
1597 1242 1803 1309 τόπου;

210 1325 476 1396 Δύτάρκη
504 1326 614 1398 γὰρ
643 1330 724 1391 είς
757 1329 1083 1400 ὑπογραφὴν
1109 1331 1203 1384 καὶ
1228 1331 1298 1385 τά
1327 1333 1614 1404 εἰρημένα.
1634 1334 1805 1387 Πόθεν

210 1418 269 1471 δὲ
298 1418 644 1483 ἐξετάζοντες
669 1421 751 1483 τὸ,
793 1439 811 1473 ι
842 1423 1127 1477 Ἔστωσαν
1152 1426 1232 1488 εἰς
1264 1428 1463 1496 σημεῖα
1499 1426 1547 1478 οί
1592 1427 1807 1498 φωστῆ-

214 1524 331 1579 ρες,
375 1528 397 1561 ι
431 1510 526 1563 ἐπὶ
572 1511 745 1567 ταῦτα
790 1512 1164 1585 ἐληλύθαμεν,
1196 1516 1424 1579 ἑαυτοὺς
1473 1517 1803 1589 ὑπομνήσω-

216 1618 338 1671 μεν.
357 1603 421 1656 Οί
448 1603 812 1673 μανθάνοντες
837 1606 966 1677 περί
987 1624 1147 1660 τινων
1168 1606 1364 1677 ἀληθῆ,
1385 1608 1503 1679 ἦτοι
1539 1610 1804 1664 αὐτόπται

211 1694 324 1748 τῶν
369 1697 713 1766 πραγμάτων
743 1698 1047 1769 γενόμενοι,
1092 1699 1484 1768 ἀποφαίνονται
1531 1700 1656 1755 τάδε
1684 1702 1806 1756 τινὰ

214 1786 437 1855 ὑγειῶς,
463 1788 525 1839 τὸ
558 1786 730 1851 πάθος
761 1789 855 1842 καὶ
884 1789 984 1860 τὴν
1015 1788 1294 1860 ἐνέργειαν
1326 1789 1436 1842 τῶν
1456 1791 1801 1844 πεπονθότων

213 1878 248 1949 ἦ
276 1879 694 1950 ἐνεργησάντων
739 1879 1085 1951 θεασάμενοι,
1117 1881 1150 1951 ἢ
1185 1881 1639 1950 ἀπαγγελλόντων
1690 1883 1799 1937 τῶν

208 1970 467 2042 οὐδαμῶς
491 1973 681 2025 αἰτίων
705 1976 817 2037 τοῖς
834 1974 1227 2044 γεγενημένοις
1270 1974 1629 2043 ἀκούσαντες,
1672 1979 1799 2033 τάδε

206 2062 333 2115 τινὰ
376 2062 736 2131 γινώσκουσιν
767 2065 877 2137 (19)
912 2065 1313 2140 (ὑπεξῃρήσθω
1355 2067 1412 2120 δέ
1450 2067 1545 2122 νῦν
1588 2068 1683 2123 τοῦ
1717 2070 1802 2122 λό-

207 2172 311 2225 γου
340 2156 402 2208 τὸ
423 2154 684 2210 δύνασθαι
713 2158 840 2221 τοὺς
857 2157 1187 2229 δεδρακότας
1221 2158 1253 2228 ἢ
1321 2159 1654 2223 πεπονθότας
1676 2200 1689 2225 ,
1723 2161 1801 2215 δι-

206 2247 552 2318 ηγουμένους
584 2246 619 2301 a
649 2248 992 2321 δεδράκασιν,
1025 2250 1058 2321 ἢ
1087 2251 1450 2320 πεπόνθασιν,
1483 2253 1695 2322 ἐνάγειν
1721 2256 1800 2318 είς

205 2338 416 2407 γνῶσιν
447 2339 557 2393 τῶν
587 2341 994 2413 πεπραγμένων
1026 2342 1120 2396 τὸν
1156 2342 1230 2415 μὴ
1264 2344 1797 2415 παρατετυχηκότα).

218 2431 349 2485 Ἐάν
369 2426 463 2485 οὖν
487 2434 518 2485 ὁ
535 2432 918 2504 διδασκόμενος
940 2435 1045 2488 ὑπὸ
1071 2434 1163 2487 τοῦ
1197 2435 1459 2507 μηδαμῶς
1491 2436 1665 2489 αἰτίου
1692 2436 1800 2490 τῶν

203 2522 515 2593 γινομένων
533 2523 595 2576 τὸ
620 2524 746 2577 τάδε
770 2524 893 2578 τινὰ
922 2525 1101 2578 τοῖσδε
1134 2527 1452 2595 γεγονέναι,
1503 2526 1535 2598 ἢ
1587 2527 1799 2598 συμϐή-

206 2616 428 2679 σεσθαι,
463 2615 538 2687 μὴ
564 2615 854 2688 διακρίνων
881 2617 993 2687 (90)
1013 2658 1027 2682 ,
1049 2618 1212 2670 ὅτιού
1242 2618 1459 2682 πάντως
1484 2618 1512 2669 ὁ
1534 2618 1800 2672 διδάσκων

202 2710 341 2781 περί
367 2727 513 2773 τινος
542 2710 618 2774 ὡς
654 2710 949 2781 γενομένου
971 2711 1004 2781 ἢ
1030 2711 1315 2782 ἐσομένου,
1347 2712 1521 2775 αἴτιός
1554 2714 1671 2766 ἐστι
1705 2712 1799 2767 τοῦ

199 2801 272 2854 τὸ
304 2803 540 2872 πρᾶγμα
566 2801 768 2855 τοιόνδε
791 2819 846 2854 τι
875 2803 1163 2871 τυγχάνειν
1184 2821 1197 2833 ·
1228 2805 1473 2875 οἰήσεται
1502 2807 1592 2860 τὸν
1617 2825 1799 2879 παρα-

205 2894 488 2964 στήσαντα
513 2893 643 2964 περὶ
674 2892 770 2947 τοῦ
803 2894 930 2948 τάδε
956 2894 1077 2948 τινά
1107 2896 1425 2965 γεγονέναι,
1461 2896 1494 2968 ἢ
1521 2899 1645 2952 τάδε
1679 2899 1799 2953 τινὰ

202 2985 467 3050 ἔσεσθαι,
512 2986 906 3056 πεποιηκέναι,
942 2986 975 3058 ἢ
1012 2988 1258 3059 ποιήσειν
1287 2988 1356 3042 τά
1395 2989 1522 3060 περὶ
1552 2984 1626 3044 ὧν
1657 2990 1801 3044 διδά-

205 3093 355 3141 σκει,
393 3078 636 3148 οἰήσεται
665 3076 721 3129 δὲ
761 3075 1001 3147 δηλονότι
1045 3077 1418 3149 ἐσφαλμένως.
1464 3080 1553 3144 Ὠς
1596 3081 1651 3133 εί
1679 3098 1796 3145 τις,

204 3166 455 3238 ἐντυχὼν
489 3170 798 3239 προφητικῇ
828 3167 993 3239 βίϐλῳ
1026 3169 1369 3243 προδηλούσῃ
1400 3170 1469 3223 τὰ
1496 3173 1625 3243 περὶ
1665 3171 1797 3225 Ἰού-

202 3259 307 3313 δαν
332 3258 428 3311 τὸν
452 3259 738 3329 προδότην,
777 3260 997 3331 νομίσαι
1035 3260 1221 3331 μαθὼν
1245 3262 1307 3314 τὸ
1336 3263 1622 3332 ἐσόμενον,
1656 3263 1799 3335 ὁρῶν

204 3351 347 3407 αὐτὸ
370 3350 819 3421 ἀποτελούμενον,
853 3353 954 3424 τὴν
976 3352 1156 3422 βίϐλον
1190 3355 1368 3407 αἰτίαν
1404 3352 1542 3410 εἶναι
1587 3357 1706 3410 τόδε
1744 3374 1797 3410 τι

203 3443 493 3513 γεγονέναι
543 3442 803 3514 ὕστερον,
834 3445 957 3497 ἐπεὶ
1009 3445 1116 3498 άπὸ
1145 3446 1246 3516 τῆς
1277 3446 1459 3517 βίϐλου
1510 3448 1797 3520 μεμάθηκε

203 3537 277 3592 τὰ
308 3536 418 3591 ὑπὸ
454 3537 548 3590 τοῦ
596 3537 764 3590 Ἰούδα
799 3536 1224 3610 πραχθησόμενα
1264 3539 1516 3612 ὕστερον·
1563 3543 1596 3612 ἢ
1638 3542 1798 3596 πάλιν

209 3630 289 3701 μὴ
318 3627 422 3700 τὴν
445 3628 627 3699 βίϐλον
657 3628 915 3683 ὑπολάϐοι
946 3626 1085 3682 εἶναι
1117 3632 1318 3696 αἰτίαν,
1356 3631 1493 3686 ἀλλὰ
1522 3634 1614 3687 τὸν
1651 3635 1800 3707 πρῶ-

204 3737 302 3775 τον
328 3719 617 3791 γράψαντα
642 3719 832 3791 αὐτὴν,
862 3721 895 3792 ἦ
929 3721 1020 3776 τὸν
1046 3723 1436 3794 ἐνεργήσαντα,
1461 3724 1593 3796 φέρε
1624 3727 1800 3779 εἰπεῖν

204 3813 299 3867 τὸν
328 3812 486 3865 Θεόν.
525 3811 737 3882 Ὥσπερ
763 3811 822 3864 δὲ
850 3811 1068 3868 ἐπὶτῶν
1099 3814 1231 3885 περὶ
1249 3813 1343 3868 τοῦ
1386 3814 1556 3870 Ἰούδα
1588 3833 1801 3888 προφη-

203 3907 519 3980 τευομένων
557 3907 717 3960 αὑταὶ
740 3908 799 3960 αἰ
836 3906 1012 3971 λέξεις
1060 3907 1444 3981 ἐξεταζόμεναι
1477 3910 1799 3982 ἐμφαίνουσι

206 4002 302 4058 τὸν
339 4000 477 4054 Θεὸν
503 3998 731 4070 ποιητὴν
770 3999 842 4072 μὴ
870 4002 1150 4069 γεγονέναι
1178 4001 1277 4071 τῆς
1312 4001 1407 4054 τοῦ
1453 4001 1624 4055 Ἰούδα
1662 4019 1798 4074 προ-

205 4095 418 4156 δοσίας,
451 4090 587 4146 ἀλλὰ
613 4091 772 4163 μόνον
800 4092 1158 4164 δεδηλωκέναι
1184 4094 1571 4165 προεγνωκότα
1599 4094 1666 4148 τὰ
1693 4095 1799 4149 ἀπὸ

204 4188 309 4258 τῆς
336 4184 528 4239 τούτου
578 4184 777 4248 κακίας
821 4184 1248 4257 πραχθησόμενα
1288 4186 1440 4259 παρὰ
1485 4186 1584 4258 τὴν
1632 4187 1797 4242 αὑτοῦ

208 4279 394 4333 αἰτίαν
417 4296 431 4309 ο
461 4276 634 4340 οὕτως
665 4278 824 4340 εἴτις
849 4277 1156 4347 ἐμϐαθύναι
1183 4277 1263 4348 τῷ
1312 4278 1454 4350 λόγῳ
1491 4280 1584 4332 τοῦ
1615 4296 1800 4352 προει-

205 4368 362 4423 δέναι
394 4368 465 4421 τά
493 4368 668 4421 πάντα
700 4368 791 4421 τὸν
825 4367 979 4434 Θεὸν,
1017 4368 1113 4422 καὶ
1143 4372 1256 4433 τοῖς
1281 4370 1340 4423 ἐν
1367 4365 1446 4434 οἷς
1476 4366 1586 4425 οἷον
1614 4371 1798 4425 ἐνετύ-

209 4479 366 4517 πωσε
387 4463 492 4533 τῆς
510 4461 704 4516 ἑαυτοῦ
726 4461 1088 4535 προγνώσεως
1107 4465 1234 4529 τοὺς
1271 4465 1460 4535 λόγους
1479 4505 1494 4527 ,
1531 4467 1800 4538 κατανοή-
1828 4486 1873 4541 υ

210 4571 303 4609 σαι
335 4552 426 4616 ἂν,
462 4554 543 4606 ὅτι
564 4552 685 4606 οὔτε
707 4556 736 4607 ὁ
765 4556 1034 4626 προγνοὺς
1062 4555 1280 4620 πάντως
1304 4556 1475 4621 αἴτιος
1510 4558 1620 4611 τῶν
1661 4575 1797 4629 προ-

206 4647 595 4719 ἐγνωσμένων,
616 4645 739 4700 οὗτε
767 4646 837 4700 τά
855 4649 980 4711 τοὺς
998 4647 1203 4712 τύπους
1222 4648 1329 4702 τῶν
1351 4649 1521 4718 λόγων
1540 4651 1637 4721 τῆς
1665 4668 1798 4723 προ-

207 4737 471 4808 γνώσεως
512 4737 605 4790 τοῦ
641 4738 1048 4811 προεγνωκότος
1080 4736 1367 4809 δεξάμενοι.
1412 4740 1533 4792 Ὅτι
1577 4740 1675 4810 μὲν
1704 4736 1796 4794 οὖν

208 4831 445 4885 ἕκαστον
466 4828 576 4882 τῶν
601 4829 874 4900 ἐσομένων
900 4830 1006 4901 πρὸ
1032 4829 1227 4883 πολλοῦ
1255 4826 1393 4884 οἶδεν
1425 4834 1453 4885 ὁ
1486 4832 1616 4894 Θεὸς
1636 4849 1797 4903 γενη-

209 4924 466 4995 σόμενον,
501 4923 596 4975 καὶ
624 4921 794 4993 χωρὶς
827 4922 1178 4994 μὲνΓραφῆς
1202 4923 1424 4977 αὐτόθεν
1467 4925 1532 4977 ἐκ
1571 4926 1669 4995 τῆς
1710 4927 1793 4978 ἐν·

209 5016 363 5080 νοίας
386 5014 489 5085 τῆς
524 5014 652 5085 7:591
676 5012 812 5067 Θεοῦ
842 5013 1002 5085 δῆλον
1026 5014 1105 5085 τῷ
1130 5000 1361 5068 συνιέντι
1395 5013 1609 5086 ἀξίωμα
1637 5015 1796 5070 δυνά-

283 5266 400 5341 (18)
434 5264 633 5341 Δῆλον·
655 5265 773 5341 γάρ
794 5266 926 5320 ἐστι
965 5266 1107 5341 τοὺς
1147 5266 1475 5341 τοιούτους.
1508 5264 1672 5341 Forte
1700 5268 1797 5322 de-

211 5335 439 5394 lendum
489 5335 673 5392 fuerit
703 5338 827 5399 τοὺς
871 5337 1163 5399 τοιούτους.
1194 5335 1309 5391 Nisi
1341 5337 1609 5399 dicamus,
1652 5338 1799 5395 hunc

211 5409 593 5465 accusativum
626 5422 724 5476 pro
748 5407 1086 5461 nominativo
1113 5418 1458 5476 usurpatum,
1495 5418 1554 5461 ut
1584 5408 1637 5461 in
1672 5424 1798 5463 ver-

215 5481 414 5534 borum
468 5478 768 5533 activorum
826 5478 1236 5533 constructione
1277 5476 1392 5530 fieri
1446 5477 1625 5543 solet;
1661 5494 1710 5531 v.
1738 5488 1792 5543 g.

215 5564 343 5604 cum
379 5548 569 5617 dicunt
607 5543 722 5600 οἶδα
764 5548 872 5617 γάρ
902 5563 982 5610 σε,
1018 5548 1100 5601 ὅτι
1128 5546 1286 5599 τοῦτο
1317 5546 1597 5617 ἐποίησας,
1633 5556 1688 5601 et
1720 5551 1797 5602 si-

215 5564 343 5604 cum
379 5564 569 5603 αιοιιηι
607 5564 722 5600 om
764 5564 837 5615 γα
902 5564 982 5610 σε,
1018 5564 1100 5601 οτι
1128 5564 1286 5599 τουτο
1317 5564 1597 5617 εποιησας,
1633 5564 1688 5601 et
1720 5565 1796 5602 sr-

215 5619 392 5673 milia.
425 5616 586 5671 Prius
610 5626 791 5687 tamen
819 5564 973 5683 iiiud,
1006 5618 1149 5686 apud
1194 5618 1533 5687 antiquiores
1574 5627 1629 5672 et
1652 5618 1796 5674 clas-

215 5690 386 5750 sieos,
414 5701 629 5751 vereor,
656 5697 715 5741 ut
740 5686 898 5756 facile
924 5688 1183 5756 reperias.

284 5758 401 5827 (l9)
437 5757 581 5812 Τάδε
607 5758 739 5811 τινὰ
766 5755 1189 5826 γινώσκουσιν.
1223 5755 1348 5813 Haec
1390 5757 1616 5814 omnino
1655 5776 1795 5827 παρ-

1911 518 2068 578 gatos
2090 509 2136 563 si
2167 508 2503 575 fatebuntur,
2538 510 2680 563 hunc
2703 511 2812 565 illis
2833 510 3077 581 profecto
3100 521 3246 567 astra
3266 529 3488 584 quoque

1910 616 2133 656 sensum
2164 602 2544 671 impresserint
2571 620 2585 656 :
2620 602 2864 673 adeoque
2886 619 3082 657 novam
3109 605 3177 658 de
3207 608 3491 674 superiore

1910 709 2011 748 suo
2073 693 2377 763 ﬁetitioque
2436 692 2547 747 Deo
2597 702 2855 760 mentem,
2896 694 3057 764 hujus
3128 696 3490 751 conversione

1908 786 2119 853 mundi,
2156 801 2289 841 suus
2320 785 2429 851 ille,
2455 785 2599 855 quod
2628 786 2729 855 ipsi
2785 795 3008 857 negant,
3043 787 3377 843 architectus
3410 789 3489 842 in-

1903 876 2116 944 jeccrit.
2147 875 2241 930 Sin
2272 885 2453 931 autem
2478 877 2598 946 ejus
2622 893 2681 933 se
2703 878 2946 942 minime,
2991 895 3128 948 quas
3181 891 3328 932 astra
3372 881 3490 934 vol-

1907 978 2063 1033 vunt,
2112 968 2324 1038 legibus
2361 968 2534 1022 teneri
2572 970 2999 1039 respondebunt,
3046 971 3098 1024 id
3129 986 3195 1024 ne
3224 971 3295 1025 ab
3326 971 3389 1024 iis
3418 981 3491 1025 te-

1908 1073 2057 1113 mere
2089 1059 2271 1128 negari
2300 1059 2604 1126 videantur,
2638 1061 2830 1127 majori
2856 1060 3042 1130 utique
3080 1062 3127 1116 vi
3165 1061 3486 1131 sull‘ragium

1909 1149 1984 1203 illi
2010 1162 2258 1205 nosuum
2291 1160 2613 1221 extorquere
2637 1152 3019 1215 delient,certo
3045 1152 3363 1207 discrimine
3381 1155 3489 1206 duo

1908 1240 2048 1295 inter
2079 1243 2341 1297 mentium
2368 1257 2569 1310 genera
2592 1244 3159 1311 constituto,quarum
3191 1244 3311 1296 alia:
3334 1254 3490 1297 ortus

1907 1333 2116 1405 fatique
2143 1335 2529 1390 necessitatem
2546 1336 2728 1389 subire
2746 1343 3033 1403 cogantur,
3056 1334 3174 1388 aliae
3189 1333 3484 1405 defugiant.

1907 1425 2021 1481 Hac
2050 1426 2197 1481 enim
2234 1443 2291 1482 se
2324 1427 2622 1498 quaestione
2656 1428 2896 1497 profecto
2933 1443 3209 1497 nunquam
3243 1428 3487 1495 explica-

1907 1520 2062 1575 bunt.
2090 1518 2171 1574 Ad
2201 1520 2317 1574 haec
2366 1535 2555 1589 preces
2592 1535 2657 1574 ac
2682 1529 2806 1573 vota
2854 1535 3193 1587 nuncupare,
3236 1535 3493 1588 superva-

1907 1627 2135 1667 caneum
2188 1612 2346 1683 plane
2400 1613 2478 1666 fit.
2511 1614 2642 1665 Nam
2676 1612 2719 1665 si
2752 1612 2868 1666 haec
2898 1612 3056 1666 illave
3104 1611 3219 1666 ﬁeri
3268 1628 3489 1667 necesse

1907 1714 2012 1770 est,
2038 1706 2291 1777 hancque
2313 1714 2458 1760 astra
2486 1708 2866 1761 necessitatem
2905 1706 3027 1761 aﬂ‘er
3042 1716 3159 1774 unt,
3193 1708 3355 1778 283
3388 1724 3488 1762 nec

1837 1786 1877 1844 Β
1909 1795 2065 1850 aliter
2119 1812 2278 1865 quam
2308 1812 2497 1851 eorum
2550 1807 2732 1851 mutua
2791 1797 3097 1866 complexio
3127 1797 3333 1866 jubeat,
3370 1799 3485 1854 lieri

1905 1887 2199 1958 quidquam
2234 1897 2412 1958 potest
2444 1927 2460 1952 ,
2492 1889 2595 1943 hoc
2623 1878 2883 1942 aut'illud
2917 1890 3016 1945 abs
3060 1889 3170 1943 Deo
3195 1890 3487 1959 impetrare

1904 1978 2024 2032 sine
2064 1979 2273 2033 ratione
2331 1981 2732 2035 contendimus.
2784 1980 2890 2035 Sed
2929 1986 3191 2050 quorsum
3236 1981 3488 2050 pluribus

1903 2071 2209 2123 communis
2235 2069 2399 2140 hujus
2430 2071 2500 2124 de
2534 2070 2647 2125 fato
2694 2070 2801 2125 loci
2833 2110 2849 2135 ,
2894 2086 3055 2141 quem
3083 2071 3485 2125 inconsiderate

1902 2162 2098 2233 vulgus
2124 2163 2302 2218 adhuc
2325 2164 2606 2218 hominum
2633 2165 2801 2229 trivit,
2835 2164 3173 2233 impietatem
3200 2168 3487 2234 persequi-

1903 2257 2067 2308 mur?
2112 2253 2243 2310 Eam
2298 2256 2498 2325 quippe
2542 2256 2810 2324 superiori
2863 2256 3114 2311 oratione
3162 2255 3486 2312 informasse

1904 2351 2104 2398 satest.
2165 2343 2283 2398 Jam
2318 2359 2466 2410 vero,
2496 2346 2816 2400 eumlocum
2848 2346 2998 2399 illum
3023 2348 3481 2417 expenderemus,

1909 2453 1927 2485 ι
1965 2435 2087 2488 Sint
2114 2435 2167 2488 in
2202 2437 2358 2504 signa
2384 2435 2696 2500 luminaria,
2720 2455 2737 2487 ι
2795 2438 3257 2506 quemadmodum
3282 2439 3334 2490 in
3355 2453 3478 2491 eam

1901 2528 2323 2598 disputationem
2351 2529 2556 2596 delapsi
2582 2528 2872 2594 fuerimus,
2898 2530 3059 2584 nobis
3078 2530 3129 2583 in
3160 2531 3481 2583 memoriam

1903 2635 2243 2675 revocemus.
2276 2619 2379 2685 Qui
2411 2620 2497 2674 vel
2528 2620 2710 2688 aliqua
2733 2619 2799 2674 de
2825 2636 2883 2674 re
2920 2622 3031 2674 veri
3078 2636 3136 2675 es
3167 2621 3292 2675 aliis
3324 2621 3484 2690 quid-

1901 2714 2047 2783 piam
2100 2713 2425 2786 intelligunt,
2456 2714 2540 2767 vel
2575 2714 2792 2783 ipsimet
2827 2713 2907 2765 rei
2954 2721 3117 2781 gestae
3173 2713 3370 2766 oculati
3405 2721 3485 2766 te-

1902 2812 2014 2859 stes
2056 2802 2294 2869 fuerunt,
2341 2804 2374 2857 ii
2399 2803 2647 2873 profecto
2687 2817 2801 2856 rem
2855 2803 3069 2871 aperire
3101 2803 3311 2857 sincere
3341 2803 3483 2856 inte-

1900 2910 2105 2966 greque
2136 2905 2365 2964 possunt
2396 2914 2408 2949 :
2466 2895 2668 2964 quippe
2690 2894 2805 2964 qui,
2842 2894 2926 2946 vel
2954 2893 3100 2963 quod
3124 2909 3318 2962 passus
3344 2893 3483 2948 alter

1900 2985 2085 3051 fuerit,
2109 2986 2195 3040 vel
2223 2987 2367 3057 quod
2398 2986 2539 3040 idem
2562 2983 2872 3054 perfecerit,
2905 2995 2997 3039 aut
3026 2985 3201 3040 oculis
3231 2986 3328 3055 ipsi
3362 2986 3481 3041 suis

1901 3079 2240 3148 usurparint,
2288 3087 2384 3132 aut
2421 3078 2654 3132 aliorum
2684 3078 2775 3149 qui
2817 3087 2996 3131 tamen
3021 3080 3096 3131 rei
3135 3093 3358 3132 causam
3385 3077 3481 3132 de—

1900 3170 2079 3224 derint
2104 3170 2327 3234 nullam,
2381 3170 2897 3224 commemoratione
2935 3172 3263 3238 acceperint.
3293 3172 3312 3239 (
3342 3167 3480 3223 Illud

1900 3264 2044 3317 enim
2075 3277 2208 3318 sane
2241 3258 2561 3317 omittamus
2592 3301 2608 3326 ,
2642 3261 2760 3316 ﬁeri
2805 3276 2966 3331 posse
2989 3300 3006 3326 ,
3043 3270 3102 3314 ut
3142 3261 3237 3331 qui
3271 3260 3482 3331 aliquid

1899 3351 1983 3406 vel
2003 3352 2153 3421 passi
2188 3351 2394 3405 fuerint
2421 3393 2434 3413 ,
2468 3352 2551 3405 vel
2578 3350 2828 3417 fecerint,
2864 3366 2959 3405 eos
2988 3350 3173 3417 etiam,
3211 3350 3307 3418 qui
3339 3365 3480 3419 prte—

1902 3453 2087 3498 sentes
2119 3458 2224 3497 non
2254 3441 2625 3509 interfuerint,
2663 3442 2980 3497 narratione
3025 3442 3129 3512 ipsi
3172 3454 3271 3495 sua
3313 3442 3483 3497 tutius

1903 3534 1955 3588 in
2025 3534 2104 3588 rei
2155 3534 2521 3605 cognitionem
2598 3533 2952 3603 adducant.)
3009 3530 3066 3586 Si
3126 3533 3250 3601 quis
3303 3546 3432 3601 ergo
3464 3570 3479 3599 ι

1904 3638 2195 3700 postquam
2233 3629 2367 3684 certi
2424 3628 2627 3698 aliquid
2682 3638 2778 3682 aut
2808 3627 3060 3681 evenisse
3113 3624 3478 3695 quibusdam,

1900 3731 1996 3777 aut
2049 3732 2373 3778 eventurum
2418 3735 2539 3776 esse
2571 3759 2585 3786 ,
2631 3721 2701 3774 ab
2757 3720 2850 3774 illo
2896 3719 2988 3788 qui
3025 3717 3142 3786 ejus
3176 3731 3343 3771 causa
3370 3729 3481 3769 non

1900 3817 1973 3872 sit
2006 3855 2022 3880 .
2076 3815 2355 3870 auditione
2419 3813 2725 3883 acceperit,
2765 3827 2872 3866 non
2923 3812 3125 3881 cogitet
3195 3808 3339 3879 apud
3397 3822 3480 3875 se,

1901 3907 2155 3978 quisquis
2204 3921 2319 3962 rem
2382 3906 2688 3976 quamlibet
2750 3912 2846 3958 aut
2886 3912 3094 3973 gestam
3156 3916 3279 3957 esse
3314 3942 3332 3967 ,
3387 3907 3484 3957 aut

1899 4010 2113 4070 gestum
2159 3999 2227 4054 iri
2279 4000 2516 4064 doceat,
2577 4015 2686 4053 non
2743 4014 2867 4053 eum
2925 3997 3186 4051 continuo
3233 3994 3481 4064 ejusdem

1909 4093 1990 4147 rei
2026 4109 2248 4149 causam
2282 4107 2404 4148 esse
2433 4092 2514 4147 :is
2533 4107 2687 4156 sane,
2715 4091 3025 4163 quicunque
3053 4089 3134 4145 vel
3160 4088 3362 4144 factum
3380 4088 3482 4142 ali-

1899 4186 2029 4255 quid
2084 4184 2169 4239 vel
2226 4183 2471 4239 futurum
2524 4199 2644 4239 esse
2691 4184 2952 4252 aperiet,
3011 4182 3079 4237 ab
3141 4184 3334 4237 eodem
3385 4189 3482 4236 aut

1900 4278 2204 4349 profectum
2259 4277 2394 4331 illud
2448 4284 2541 4332 aut
2567 4274 2936 4347 profecturum
2963 4274 3296 4344 opinabitur,
3341 4273 3480 4328 falso

1903 4378 2081 4424 tamen
2113 4367 2446 4439 opinabitur.
2494 4365 2672 4422 Veluti
2702 4367 2746 4422 si
2770 4367 2916 4436 quis,
2952 4367 3041 4420 ubi
3075 4380 3141 4420 ex
3161 4365 3479 4436 prophetico

1901 4461 2198 4527 volumine,
2241 4460 2387 4529 quod
2416 4456 2568 4514 Iudae
2601 4459 2899 4529 proditoris
2939 4458 3117 4514 scelus
3138 4458 3478 4526 exitiumque

1905 4553 2240 4623 praediceret,
2260 4551 2497 4606 futuram
2548 4553 2715 4607 totius
2745 4552 2821 4605 rei
2846 4551 3047 4606 seriem
3092 4550 3474 4614 intellexisset,

1903 4640 2148 4711 adeoque
2179 4659 2301 4697 cum
2329 4642 2444 4697 suis
2470 4641 2673 4697 factum
2700 4642 2878 4711 ipsum
2934 4641 3112 4696 oculis
3151 4641 3475 4704 intueretur,

1904 4731 2043 4786 idem
2077 4732 2132 4785 in
2157 4732 2408 4786 volumen
2440 4731 2703 4787 facinoris
2733 4747 2957 4787 causam
2989 4747 3208 4786 omnem
3231 4732 3479 4799 culpam-

1901 4840 2009 4894 que
2034 4823 2308 4879 conl’erret
2342 4846 2353 4880 :
2385 4834 2498 4887 aut,
2525 4824 2571 4879 si
2598 4825 2785 4879 minus
2829 4824 3083 4878 volumen
3105 4864 3119 4887 ,
3152 4838 3274 4877 eum
3309 4830 3475 4886 certe,

1906 4931 1935 4969 a
1967 4932 2074 4986 quo
2107 4916 2343 4985 primum
2393 4917 2767 4987 conscriptum
2825 4917 2954 4971 illud
2994 4924 3169 4984 esset,
3218 4927 3311 4972 aut
3348 4929 3479 4970 vero

1904 5010 2073 5065 Deum
2101 5010 2297 5080 ipsum,
2325 5010 2484 5080 cujus
2511 5010 2745 5080 impulsu
2793 5024 2858 5066 ac
2896 5010 3120 5065 numine
3163 5008 3477 5079 prodiisset,

1902 5266 2079 5319 έλκειν
2104 5266 2387 5337 existimo,
2423 5283 2545 5322 cum
2575 5269 2689 5337 jam
2742 5267 2904 5337 paulo
2941 5275 3068 5322 ante
3116 5268 3478 5337 praecesserit,

1902 5286 2079 5319 ελκειν
2112 5286 2387 5331 exrsumo,
2423 5286 2545 5322 cum
2603 5286 2689 5322 am
2742 5286 2904 5337 pamo
2941 5286 3068 5322 ante
3153 5286 3478 5333 raecessertt,

1902 5336 2292 5405 ἀποφαίνονται
2323 5337 2449 5390 τάδε
2481 5286 2603 5392 τινά
2632 5338 2829 5406 ὑγειῶς
2849 5355 2862 5368 ο
2897 5348 2988 5391 aut
3038 5337 3083 5391 si
3116 5286 3231 5390 Eme
3259 5352 3481 5406 quoque

1904 5408 2124 5476 retineri
2173 5409 2375 5476 placet,
2412 5410 2757 5463 scribendum
2795 5416 2920 5463 ante
2948 5406 3112 5462 fuerit
3141 5408 3236 5461 καὶ
3266 5407 3330 5462 τὸ
3370 5408 3478 5462 πά-

1901 5474 2013 5539 θος,
2040 5487 2142 5531 etc.

1971 5548 2082 5617 (20)
2111 5548 2453 5615 Διακρίνων.
2491 5548 2610 5619 Γρ..
2635 5548 2919 5619 διακρίνοι,
2955 5548 3099 5616 quod
3134 5547 3469 5619 magisApro-

1902 5616 2016 5689 no:
2050 5619 2250 5687 alioqui
2285 5634 2410 5673 mox
2442 5616 2565 5689 post
2606 5616 2836 5673 alterum
2864 5619 3129 5687 οἰήσεται,
3165 5616 3258 5672 aut
3283 5616 3470 5673 Bé‘tol-

1900 5687 2117 5760 lendum
2152 5690 2394 5760 videtur,
2435 5687 2529 5742 aut
2570 5691 2896 5745 sumendum
2934 5704 3032 5759 pro
3074 5689 3160 5760 δή,
3196 5689 3339 5759 quod
3371 5690 3476 5744 hoc

1900 5757 2021 5812 loco
2048 5759 2230 5813 minus
2252 5759 2506 5827 placeret.
