3878 6220
380 295 486 351 487

1019 289 1295 349 EUSEBII
1332 286 1819 347 C/ESARIENSIS
1855 287 2006 344 OPP.
2048 287 2233 343 PARS
2270 285 2335 342 11.
2374 318 2443 328 -
2481 286 2994 344 APOLOGETICA.

3532 287 3651 346 488

377 416 566 483 εἰει-οι),
599 425 655 472 et
675 416 843 473 lsrael
871 415 1102 470 electum
1135 430 1342 477 meum,
1368 429 1470 483 ego
1526 412 1737 468 vocabo
1760 421 1810 466 te
1866 426 1964 466 no-

2069 407 2223 480 κριοῦ
2258 407 2329 460 τὰ
2349 407 2557 478 κέρατα
2591 406 2824 477 ἔχοντος,
2856 399 2917 459 οὗ
2959 400 3099 458 εἶδον
3146 404 3379 468 ἑστῶτος
3426 403 3666 460 ἐνώπιον

380 510 526 565 mine
557 517 670 576 tuo,
706 520 759 563 et
794 508 1088 577 suscipiam
1134 515 1186 560 te
1219 506 1285 560 3‘.
1329 524 1349 559 ι
1394 505 1473 559 Ex
1514 505 1583 559 iis
1634 504 1778 559 enim
1836 504 1964 573 qui-

378 600 461 654 vis
494 615 720 669 prorsus
754 599 1036 668 intclligat,
1075 596 1276 668 Cyrum
1324 598 1379 652 in
1427 598 1549 669 ejus
1592 598 1776 668 pepuli
1834 613 1963 668 gra-

381 693 533 755 tiam,
564 708 725 763 quem
763 701 842 746 tot
876 691 1157 745 beneﬁciis
1191 691 1468 757 aﬂ‘ecerat,
1514 702 1575 745 ut
1607 689 1961 745 Hebraeorum

378 783 633 853 pietatem
690 798 755 835 ac
812 782 1131 852 religionem
1183 782 1492 850 ignoraret,
1539 797 1568 835 a
1621 780 1732 835 Deo
1780 790 1963 835 tamen

378 870 618 940 gentium
651 869 1013 940 plurimarum
1050 871 1342 941 imperium
1372 872 1674 940 accepisse.
1709 873 1888 941 Atque
1910 871 1962 925 id

378 962 691 1017 Grmcorum
726 964 913 1030 etiam,
945 963 1039 1034 qui
1066 980 1150 1018 res
1183 962 1334 1035 Cyri,
1363 980 1525 1032 quem
1560 965 1822 1034 propinata
1873 978 1963 1017 ce«

379 1056 532 1119 cinit,
561 1057 842 1111 memoriae
876 1058 1259 1126 prodiderunt,
1303 1056 1521 1112 auferre
1567 1058 1769 1126 possis.
1819 1054 1961 1122 Quin

378 1150 543 1203 etiam
591 1148 732 1218 apud
785 1149 1081 1209 Danielem,
1134 1165 1244 1218 quo
1300 1158 1540 1218 tempore
1568 1148 1961 1220 Babylonicum

377 1239 610 1294 ﬂorebat
667 1241 1000 1309 imperium,
1054 1238 1582 1301 Nabuchodonosori
1651 1239 1961 1295 futurorum

378 1330 636 1400 deinceps
672 1332 1027 1400 imperiorum
1053 1331 1236 1386 oblata
1271 1332 1483 1401 species
1505 1340 1608 1387 est.
1634 1332 1787 1407 Auro
1813 1332 1966 1402 quip-

377 1438 445 1494 pe
474 1422 922 1494 Babyloniorum,
959 1424 1250 1478 Persarum
1305 1434 1553 1494 argento,
1606 1424 1963 1479 Macedonum

378 1530 507 1580 aare,
536 1513 683 1569 ferro
712 1516 950 1584 denique
1001 1514 1380 1571 Romanorum
1414 1516 1828 1585 significabatur
1863 1517 1965 1571 im—

379 1607 612 1677 perium.
650 1607 727 1661 Ac
758 1623 953 1663 rursus
990 1608 1133 1662 idem
1171 1609 1433 1678 propheta
1477 1608 1545 1662 de
1594 1607 1757 1662 Dario
1802 1609 1967 1664 simul

380 1708 435 1754 et
463 1700 795 1766 Alexandro,
830 1716 929 1755 nec
960 1717 1066 1756 non
1100 1702 1167 1756 de
1198 1712 1436 1771 quatuor
1458 1701 1751 1755 Alexandri
1786 1700 1964 1756 Mace-

358 1791 586 1846 donum
619 1793 760 1863 regis
787 1793 1223 1859 successoribus,
1256 1793 1483 1863 ipsoque
1512 1791 1827 1865 Ptolemaeo,
1868 1794 1963 1863 qui

383 1879 602 1952 Egypti
631 1896 857 1950 regnum
890 1884 1081 1947 tenuit,
1121 1883 1319 1951 cuique
1370 1882 1497 1952 Lagi
1535 1893 1963 1953 cognomentum

381 1970 504 2033 fuit,
555 1970 828 2040 ejusmodi
876 1971 1096 2040 reliquit
1126 1972 1410 2027 oraculum
1466 1989 1480 2024 :
1537 1990 1556 2023 ι
1597 1972 1737 2028 Ecce
1780 1982 1962 2028 autem

384 2063 573 2117 hircus
636 2077 927 2131 caprarum
986 2063 1237 2119 veniebat
1310 2064 1379 2118 ab
1441 2065 1741 2132 occidente,
1800 2081 1965 2135 super

384 2152 577 2210 faciem
652 2156 821 2209 totius
890 2164 1077 2221 terrae;
1109 2164 1163 2210 et
1204 2156 1351 2211 venit
1404 2172 1579 2226 usque
1622 2157 1689 2212 ad
1737 2162 1963 2212 arietem

382 2246 537 2300 illum
591 2256 908 2311 cornutum,
938 2256 994 2302 et
1052 2247 1235 2301 hircus
1302 2248 1537 2303 habebat
1590 2264 1763 2305 cornu
1820 2250 1962 2304 inter

383 2336 577 2391 oculos
642 2352 809 2400 suos,
851 2351 1009 2407 quem
1047 2338 1290 2392 videram
1360 2348 1596 2394 stantem
1640 2350 1766 2394 ante
1798 2339 1958 2407 Ubal,

382 2436 437 2483 et
484 2431 729 2483 cucurrit
798 2431 864 2483 ad
913 2445 1039 2485 eum
1089 2431 1144 2483 in
1192 2430 1397 2500 impetu
1454 2431 1793 2488 fortitudinis
1823 2449 1957 2489 suae.

380 2518 449 2575 Et
481 2521 590 2575 vidi
634 2537 757 2575 eum
789 2523 1192 2591 pervenientem
1231 2538 1408 2592 usque
1475 2524 1542 2578 ad
1592 2525 1843 2592 arietem,
1906 2534 1963 2582 et

2062 501 2158 554 τοῦ
2197 500 2381 553 Οὐϐἀλ
2409 498 2544 569 (55),
2574 500 2669 552 καὶ
2708 498 2911 570 ἔδραμε
2936 497 3071 569 πρὸς
3095 497 3258 551 αὐτὸν
3298 496 3525 551 ἐνώπιον
3556 498 3666 569 τῆς

2067 593 2250 663 ἰσχύος
2300 592 2488 646 αὐτοῦ.
2548 594 2659 645 Kal.
2713 588 2851 645 εἶδον
2907 591 3069 645 αὑτὸν
3106 591 3378 660 φθάνοντα
3430 590 3535 654 ἕως
3559 589 3662 644 τοῦ

2062 684 2239 756 κριοῦ,
2279 686 2374 738 καὶ
2429 682 2738 755 ἐξηγριώθη
2768 683 2905 754 πρὸς
2947 683 3132 747 αὐτὸν,
3184 684 3278 737 καὶ
3322 682 3515 736 ἔπαισε
3564 682 3664 737 τὸν

2063 779 2235 850 κριὸν,
2268 780 2389 832 xa‘t'
2412 778 2732 849 συνέτριψεν
2771 778 3057 848 ἀμφότερα
3096 776 3167 830 τὰ
3216 776 3423 848 κέρατα
3465 774 3661 840 αὑτοῦ,

2063 871 2157 924 καὶ
2181 871 2280 924 οὐκ
2300 867 2367 941 ἦν
2403 872 2556 941 ἰσχὺς
2584 869 2661 940 τῷ
2683 870 2823 940 κριῷ
2847 870 3037 939 στῆναι
3064 868 3295 923 ἐνώπιον
3333 869 3518 932 αὐτοῦ,
3557 868 3663 923 καὶ

2062 959 2285 1032 ἔρριψεν
2306 961 2466 1013 αὑτὸν
2493 960 2585 1012 ἐπὶ
2615 960 2712 1029 τὴν
2740 959 2867 1029 γῆν,
2898 959 2994 1012 καὶ
3049 958 3420 1028 συνεπάτησεν
3460 956 3657 1010 αὐτόν’

2063 1054 2153 1106 καὶ
2190 1052 2289 1105 οὐκ
2313 1047 2380 1122 ἦν
2399 1053 2428 1103 ό
2456 1050 2840 1123 ἐξαιρούμενος
2872 1051 2961 1103 τὸν
2989 1050 3141 1120 κριὸν
3173 1052 3233 1102 ὲκ
3261 1049 3440 1120 χειρὸς
3463 1048 3657 1102 αὑτοῦ.

2063 1144 2174 1197 Καὶ
2222 1146 2249 1196 ό
2284 1144 2485 1214 τράγος
2528 1142 2636 1195 τῶν
2688 1142 2860 1211 αἰγῶν
2902 1140 3245 1212 ὲμεγαλύνθη
3280 1142 3384 1204 ἓως
3418 1141 3654 1213 σφόδρα·

2064 1236 2158 1289 καὶ
2209 1238 2265 1288 ἐν
2288 1236 2367 1307 τῷ
2400 1235 2617 1308 ἰσχῦσαι
2647 1237 2830 1300 αὐτὸν,
2867 1236 3155 1308 συνετρίϐη
3188 1235 3249 1290 τὸ
3277 1236 3444 1306 κέρας
3486 1233 3659 1287 αὑτοῦ

2022 1395 2039 1413 ⁸
2062 1327 2123 1381 τὸ
2148 1328 2289 1398 μέγα
2307 1347 2320 1359 ·
2354 1330 2447 1382 καὶ
2476 1329 2642 1399 ἀνέϐη
2671 1330 2837 1401 έτερα
2868 1329 3073 1401 κέρατα
3101 1328 3357 1383 ὑποκάτω
3383 1327 3546 1381 αὐτοῦ
3573 1329 3661 1391 εἰς

2063 1420 2190 1482 τοὺς
2221 1420 2494 1491 τέσσαρας
2524 1421 2759 1491 ἀνέμους
2782 1421 2877 1474 τοῦ
2907 1420 3160 1492 οὐρανοῦ.
3189 1421 3299 1473 Kal.
3326 1421 3391 1472 ὲκ
3417 1418 3511 1472 τοῦ
3535 1418 3659 1481 ἑνὸς

2067 1510 2290 1581 ἐξῆλθεν
2329 1513 2497 1584 κέρας
2520 1512 2577 1566 ἓν
2610 1514 2849 1584 ἰσχυρὸν,
2884 1515 2978 1568 καὶ
2997 1512 3341 1583 ἐμεγαλύνθη
3379 1509 3658 1583 περισσῶς

2066 1605 2204 1676 πρὸς
2228 1604 2320 1657 τὸν
2349 1605 2502 1657 νότον
2525 1604 2621 1658 καὶ
2657 1605 2755 1676 τὴν
2775 1604 2925 1658 δύσιν
2956 1603 3087 1674 (56).
3133 1622 3153 1653 ι
3186 1603 3251 1655 Τί
3275 1602 3332 1655 δὲ
3362 1603 3442 1655 δεῖ
3476 1601 3660 1669 λέγειν

2064 1698 2165 1763 τὰς
2198 1699 2328 1770 περὶ¹
2360 1698 2598 1769 Χριστοῦ
2621 1699 2988 1769 προφητείας,
3015 1692 3129 1751 οἷον
3179 1695 3343 1749 τόπον
3387 1695 3661 1764 γενέσεως

1994 1783 2035 1838 Β
2064 1791 2230 1847 αὐτοῦ
2266 1791 2533 1863 Βηθλεὲμ,
2565 1792 2659 1845 καὶ
2694 1792 2858 1844 τόπον
2882 1790 3191 1861 ἀνατροφῆς
3216 1787 3380 1842 αὑτοῦ
3401 1787 3657 1858 Νάζαρα,

2069 1885 2165 1939 καὶ¹
2193 1887 2272 1948 εἰς
2302 1884 2576 1953 Αἴγυπτον
2607 1882 2975 1955 ἀναχώρησιν,
3008 1883 3102 1936 καὶ⁵
3132 1881 3416 1951 τεράστια,
3444 1879 3481 1934 ἃ.
3506 1880 3663 1932 ἐποί-

2069 1993 2191 2048 ησε,
2226 1978 2320 2029 καὶ
2353 1976 2474 2030 τινα
2503 1977 2703 2047 τρόπον
2734 1975 2839 2029 ὑπὸ
2881 1975 3050 2028 Ἰούδα
3094 1973 3188 2026 τοῦ
3221 1975 3301 2037 είς
3354 1970 3661 2041 ἀποστολὴν

2069 2069 2407 2140 κεκλημένου
2433 2069 2694 2141 προεδόθη
2721 2085 2735 2133 ;
2760 2070 2945 2123 Πάντα
2967 2067 3074 2139 γὰρ
3102 2066 3277 2120 ταῦτα
3308 2064 3511 2135 σημεῖά
3539 2065 3660 2116 ἐστι

2069 2162 2171 2234 τῆς
2194 2160 2287 2215 τοῦ
2317 2161 2451 2215 Θεοῦ
2479 2161 2859 2229 προγνώσεως.
2901 2159 3062 2212 Ἀλλὰ
3083 2160 3177 2213 καὶ
3202 2157 3366 2222 αὐτὸς
3394 2159 3424 2210 ό
3441 2154 3657 2226 Σωτὴρ,

2076 2270 2095 2303 ι
2131 2254 2319 2317 Ὅταν,
2376 2252 2573 2323 ιρησὶν,
2628 2252 2775 2323 ἴδητε
2803 2250 3179 2321 κυκλουμένην
3223 2249 3328 2302 ὑπὸ
3359 2248 3660 2318 στρατοπέ-

2067 2344 2170 2397 δων
2195 2345 2293 2415 τὴν
2332 2343 2707 2415 Ἰερουσαλὴμ,
2739 2343 2862 2395 τότε
2884 2340 3158 2410 γνώσεσθε
3177 2379 3192 2404 ,
3232 2341 3314 2393 ὅτι
3362 2340 3590 2409 ἤγγικεν
3620 2338 3656 2409 ἡ

2067 2437 2349 2508 ἐρήμωσις
2378 2436 2566 2506 αὐτῆς.
2613 2454 2634 2488 ι
2672 2436 2909 2505 Προεῖπε
2950 2434 3059 2504 γὰρ
3121 2433 3188 2486 τὸ
3240 2431 3464 2502 ὕστερον
3512 2447 3658 2500 συμ-

2070 2528 2326 2600 ϐεϐηκὸς,
2378 2529 2441 2589 τὸ
2496 2528 2649 2592 τέλος
2706 2529 2804 2599 τῆς
2855 2526 3214 2596 κατασκαφῆς
3277 2523 3654 2598 Ἰερουσαλήμ.

382 2613 638 2671 efferatus
679 2622 765 2669 est
810 2615 864 2668 in
905 2629 1051 2682 eum,
1107 2624 1162 2669 et
1209 2616 1479 2685 percussit
1530 2618 1781 2686 arietem,
1848 2627 1902 2673 et
1969 2622 2295 2675 comminuit
2358 2621 2467 2675 aluo
2525 2636 2730 2675 cornua
2800 2620 2941 2689 ejus,
3006 2630 3057 2673 et
3104 2633 3212 2672 non
3251 2625 3467 2687 poterat
3508 2616 3658 2670 aries

382 2707 638 2760 resistere
708 2706 781 2771 ei,
832 2721 1070 2776 cumque
1118 2721 1244 2761 eum
1298 2708 1541 2763 misisset
1590 2709 1645 2762 in
1717 2718 1941 2774 terram,
2014 2712 2357 2766 coneulcavit
2421 2729 2435 2765 :
2488 2720 2541 2766 et
2601 2725 2765 2764 nemo
2790 2710 2982 2779 quibat
3022 2709 3255 2763 liberare
3322 2707 3547 2761 arietem
3584 2705 3657 2760 de

382 2813 551 2853 manu
626 2799 766 2869 ejus.
844 2798 1042 2855 Hircus
1098 2811 1280 2855 autem
1355 2816 1646 2870 caprarum
1722 2818 1955 2874 magnus
2018 2802 2197 2859 factus
2249 2813 2333 2859 est
2385 2804 2552 2858 nimis
2610 2821 2623 2857 :
2673 2816 2909 2871 cumque
2961 2801 3243 2861 crevisset,
3288 2796 3521 2852 fractum
3569 2805 3656 2850 est

381 2908 555 2949 cornu
614 2893 735 2964 ejus
783 2909 1041 2964 magnum
1092 2912 1105 2948 :
1152 2904 1207 2949 et
1252 2904 1373 2949 orta
1418 2907 1548 2950 sunt
1610 2896 1717 2951 alia
1788 2912 1996 2952 cornua
2036 2897 2222 2952 subter
2275 2897 2407 2951 illud
2444 2912 2540 2967 per
2595 2904 2833 2966 quatuor
2883 2903 3076 2947 ventos
3115 2892 3261 2947 cceli.
3290 2890 3369 2945 De
3423 2904 3531 2944 uno
3554 2903 3656 2942 au-

383 2995 491 3041 tem
558 3002 626 3041 ex
685 2988 764 3043 eis
800 3002 1081 3056 egressum
1134 2998 1219 3044 est
1260 3005 1434 3044 cornu
1489 3007 1659 3045 unum
1712 2991 1871 3057 forte,
1923 3001 1979 3047 et
2025 2993 2229 3048 factum
2275 3001 2359 3048 est
2413 2992 2618 3063 grande
2653 2990 2807 3045 valde
2839 2999 3030 3046 contra
3087 2986 3393 3051 meridiem,
3419 2994 3473 3039 et
3501 2982 3656 3039 occi-

381 3083 598 3138 dentem
622 3082 691 3137 ³⁸.
752 3103 772 3136 ι
834 3084 976 3150 Quid
1028 3083 1118 3138 hic
1163 3094 1555 3154 prophetarum
1613 3086 1679 3140 de
1725 3087 1949 3141 Christo
1994 3087 2113 3158 ipso
2160 3103 2324 3142 voces
2378 3096 2433 3141 et
2473 3086 2696 3141 oracula
2734 3082 3193 3139 commemorem?
3238 3079 3316 3135 De
3370 3078 3642 3133 Bethlehe

383 3190 496 3242 mo,
559 3175 649 3230 ubi
682 3186 867 3244 natus,
918 3180 987 3232 de
1035 3181 1362 3241 Nazaretho.
1421 3194 1515 3235 um
1566 3182 1833 3237 educatus
1879 3190 1992 3248 est;
2036 3184 2499 3253 quemadmodum
2550 3184 2606 3236 in
2656 3181 2950 3252 Egyptum
3000 3178 3307 3242 secesserit,
3343 3190 3465 3245 qua:
3492 3175 3662 3228 mira-

382 3268 504 3321 cula
548 3267 860 3337 perfecerit,
902 3273 1178 3337 quomodo
1211 3273 1377 3344 286
1426 3272 1599 3341 Judae,
1663 3290 1826 3344 quem
1895 3278 2270 3345 apostolorum
2335 3278 2389 3332 in
2443 3291 2737 3331 numerum
2793 3281 3135 3344 aggregarat,
3189 3269 3473 3340 perﬁdiam
3524 3281 3653 3335 pro-

383 3358 756 3430 ditionemque
799 3362 1066 3417 subierit?
1110 3361 1322 3430 Quibus
1372 3380 1439 3419 ex
1500 3365 1759 3421 omnibus
1815 3379 1963 3421 certe
2002 3368 2222 3438 quidem
2260 3369 2495 3423 illustria
2549 3368 2749 3422 divina:
2797 3364 3154 3436 praenotionis
3211 3369 3526 3431 argumenta
3551 3358 3658 3412 du-

383 3464 607 3510 cuntur.
641 3458 865 3512 Accedit
890 3458 1004 3528 ipsa
1039 3473 1259 3529 quoque
1286 3458 1593 3516 Servatoris
1630 3463 1955 3529 auctoritas,
1996 3463 2127 3517 dum
2197 3465 2272 3518 ita
2328 3463 2640 3534 loquituru
2689 3460 2830 3516 Cum
2880 3458 3127 3512 videritis
3155 3454 3546 3511 circumdatam
3582 3450 3651 3508 ab

382 3554 715 3609 exercrtibus
798 3552 1158 3622 Hierusalem,
1227 3568 1357 3611 tunc
1428 3558 1640 3627 scietis,
1714 3559 1848 3629 quia
1917 3560 2383 3630 appropinquavit
2450 3558 2721 3613 desolatio
2771 3558 2890 3626 ejus
2922 3554 2988 3608 ".
3044 3573 3063 3606 ι
3113 3551 3211 3607 His
3270 3550 3415 3605 enim
3470 3545 3651 3603 verbis

384 3649 515 3719 quid
569 3649 825 3720 deinceps
876 3649 1122 3706 futurum
1167 3660 1352 3719 esset,
1399 3652 1505 3709 hoc
1570 3664 1654 3709 est
1700 3670 2020 3725 supremum
2077 3654 2559 3727 llierosolymitani
2626 3653 2829 3709 excidii
2896 3652 3060 3704 tinem
3134 3649 3451 3716 exitumque
3511 3657 3649 3713 pra:-

387 3740 549 3796 dixit.

462 3854 481 3887 ‹
526 3834 646 3890 Jam
685 3852 832 3901 vero,
864 3838 1123 3908 quoniam
1163 3840 1306 3896 hanc
1335 3841 1391 3895 in
1440 3840 1549 3897 Deo
1576 3845 1954 3913 praenoscendi
1981 3864 2026 3922 ο

385 3925 500 3979 vim
539 3927 704 3982 certis
737 3928 918 3982 adhuc
959 3931 1299 3999 argumentis
1348 3932 1712 4000 ostendimus,
1757 3934 1962 4004 juverit

384 4017 665 4087 deinceps,
696 4020 1156 4088 quemadmodum
1200 4029 1347 4075 astra
1380 4021 1663 4092 signorum
1703 4025 1825 4079 loco
1876 4026 1961 4079 in-

388 4108 577 4164 stituta
602 4110 733 4176 sint,
758 4110 1051 4180 explicare.
1079 4111 1445 4167 Statuendum
1489 4115 1654 4186 igitur
1686 4116 1741 4171 in
1770 4118 1962 4186 primis

385 4213 492 4268 est,
528 4203 799 4273 ejusmodi
847 4203 1118 4259 sideribus
1166 4207 1503 4277 assignatum
1558 4225 1624 4264 ac
1674 4210 1962 4264 deﬁnitum

460 4361 509 4396 “
545 4361 648 4417 lsa.
689 4376 812 4427 xcv,
838 4362 862 4415 l
891 4377 1042 4433 seqq.
1118 4364 1165 4396 ³⁸
1206 4364 1340 4420 Dan.
1367 4380 1487 4430 vm,
1508 4365 1543 4420 5
1564 4381 1717 4437 seqq.

463 4523 574 4597 (55)
619 4523 893 4578 Ἐνώπιον
934 4523 1041 4577 τοῦ
1061 4523 1279 4597 Obsidet.
1308 4523 1408 4579 Hie
1437 4532 1490 4578 et
1508 4540 1650 4579 vers.
1681 4525 1714 4579 5
1738 4524 1967 4594 Septua-

391 4587 908 4675 gin‘talﬂebraicam
950 4587 1331 4675 ιγνοροιιιίππῆιιζΔ
1371 4604 1769 4675 retinuere,qui
1803 4587 1963 4661 versu

390 4672 631 4744 Secundo
656 4681 949 4738 verterant,
992 4674 1082 4726 ἐπὶ
1114 4674 1211 4744 τῆς
1246 4672 1417 4742 πύλης
1443 4674 1631 4737 Οὐλαΐ,
1660 4672 1770 4743 quo
1799 4677 1964 4731 modo

390 4743 706 4815 Hieronym.
757 4743 1195 4815 superhporlam,
1241 4744 1343 4807 vel,
1380 4754 1513 4815 quinte
1553 4755 1761 4813 portam
1810 4744 1962 4815 Πιαί,

391 4815 485 4884 qui
517 4813 695 4869 tamen
728 4830 869 4868 vers.
1009 4814 1255 4883 paludem
1291 4814 1537 4886 reddere
1582 4815 1791 4869 maluit.
1830 4814 1971 4886 Ergo

393 4883 687 4954 utrumque
738 4899 841 4937 vox
897 4884 987 4938 illa
1039 4884 1400 4954 signiﬁcabat,
1448 4883 1697 4953 paludem
1731 4900 1825 4939 seu
1865 4883 1970 4954 [Iit-

393 4959 554 5017 vium,
584 4953 724 5008 nndc
756 4955 1002 5009 fortassis
1028 4954 1253 5024 paludes
1284 4953 1350 5007 iis
1379 4955 1431 5006 in
1459 4956 1704 5023 partibus
1732 4957 1969 5010 exsiste-

392 5036 533 5089 rent,
567 5036 619 5079 et
650 5037 882 5095 portam,
923 5040 1030 5094 qua
1074 5024 1273 5079 ﬂuvius
1322 5033 1797 5095 rectaipeteretugr.
1837 5025 1967 5080 Flu-

391 5098 512 5152 vius
558 5093 663 5150 hic'
696 5094 816 5149 Ulai
862 5094 1045 5165 (quem
1100 5096 1284 5149 nescio
1328 5109 1428 5148 cur
1470 5094 1707 5150 Graecor.
1740 5093 1961 5165 Biblior.

395 5165 612 5236 Regior.
641 5164 1078 5236 interpresivers.
1100 5166 1134 5218 2
1157 5165 1208 5236 in
1224 5165 1419 5236 atrium
1440 5165 1773 5236 mutaverit),
1789 5164 1967 5220 Plinio

391 5235 489 5292 lib.
516 5254 588 5300 vt,
616 5252 734 5304 cap.
760 5235 851 5298 27,
887 5235 1118 5299 Ere/(cus,
1152 5235 1295 5287 aliini
1320 5251 1450 5289 sane
1475 5235 1751 5289 vocabulo.

466 5308 574 5379 (56)
605 5303 711 5361 Καὶ
759 5304 874 5374 τὴν
914 5304 1111 5379 δύσιν.
1154 5303 1410 5379 Septuag.
1449 5305 1697 5379 interpr”
1725 5304 1878 5379 νότον
1909 5314 1963 5360 et

390 5374 564 5443 δύσιν,
591 5379 836 5431 inserunt
867 5377 959 5428 καὶ
993 5375 1130 5446 πρὸς
1161 5376 1443 5445 ἀνατολήν.
1487 5374 1798 5446 llieronym.
1833 5378 1961 5429 item

391 5391 561 5443 ουσιν,
591 5391 836 5431 inserunt
867 5391 959 5428 και
993 5391 1130 5446 προς
1161 5391 1443 5445 ανατολην.
1487 5391 1798 5500 ιιιοιὉιΒιιη.
1833 5391 1957 5429 item

391 5464 458 5501 ex
487 5446 630 5502 Hebr
677 5458 791 5516 post
830 5447 1120 5510 meridiem,
1158 5447 1333 5516 addit,
1365 5455 1418 5497 et
1452 5456 1635 5497 contra
1720 5447 1957 5510 rientem,

392 5519 536 5586 quod
570 5515 756 5586 utique
789 5518 1094 5586 addendum
1137 5517 1223 5569 hic
1268 5515 1447 5569 fuerit.
1477 5515 1959 5586 Antiochusﬂenim

393 5585 729 5655 Epiphanes,
793 5585 1662 5656 PtoleuueumhPhilometorem,
1737 5585 1959 5656 Egypti

396 5671 596 5727 regem,
647 5656 891 5725 adeoque
931 5666 1102 5711 totam
1148 5655 1442 5726 IEgyptum
1467 5696 1481 5721 ,
1527 5671 1648 5727 qua:
1688 5655 1827 5726 πρὸς
1852 5655 1983 5727 τὴν.

391 5724 612 5787 Συόίαν.
641 5724 1011 5782 meridionalis
1033 5735 1138 5793 est,
1171 5724 1432 5794 pertinaci
1465 5724 1758 5782 acerbitate
1791 5724 1957 5781 vexa-

2133 3862 2153 3895 ι
2178 3840 2657 3911 ’Δποδεδειγμένου
2682 3838 2860 3891 τοίνυν
2883 3838 2916 3906 ή
2927 3836 3015 3906 μῖν
3033 3830 3271 3904 περὶτοῦ
3290 3829 3650 3902 προγνώστην

2069 3932 2207 3991 εῖναι
2227 3937 2317 3990 τὸν
2338 3935 2493 3999 Θεὸν,
2522 3935 2622 3988 οὐκ
2648 3932 2912 4007 ἀκαίρως,
2938 3925 3445 3999 ἴναδιηγησώμεθα,
3470 3923 3586 3986 πῶς
3605 3924 3651 3977 at

2066 4030 2292 4101 ἀστέρες
2322 4028 2562 4096 γίνονται
2588 4028 2667 4089 εἰς
2709 4027 2927 4096 σημεῖα.
2975 4022 3212 4093 Νοητέον
3244 4021 3370 4081 τοὺς
3415 4016 3649 4086 ἀστέρας

2066 4121 2209 4175 οὕτω
2236 4120 2493 4192 τετάχθαι
2524 4118 2812 4183 κινεῖσθαι,
2845 4114 3367 4185 ὲναντιοφορούντων
3404 4109 3510 4162 τῶν
3549 4123 3648 4159 κα-

2068 4214 2345 4286 λουμένων
2392 4212 2759 4283 πλανωμένων
2790 4213 2903 4276 τοῖς
2936 4208 3257 4270 ἀπλανέσιν,
3319 4204 3405 4258 ἵνα
3449 4202 3648 4271 σημεῖα

1791 4366 1839 4398 ⁸⁸
1871 4364 2002 4423 Luc.
2040 4383 2116 4433 at,
2144 4367 2235 4422 20.

2073 4535 2153 4607 vit
2188 4544 2343 4607 :rtum
2368 4532 2645 4607 Orientem
2684 4547 2898 4607 versus,
2920 4527 3313 4607 "inﬁci-sidera
3328 4523 3651 4607 vicinasque

2070 4604 2279 4661 Persidi
2334 4606 2582 4675 regiones
2613 4591 2893 4657 incubuitr
2918 4601 3022 4655 Sed
3058 4601 3180 4675 loco
3223 4595 3316 4675 τοῦ
3350 4592 3509 4675 ..πρὸς
3538 4591 3649 4672 δᾴς

2072 4692 2210 4739 σιν,
2247 4665 2766 4743 ἱᾶθηινηὶοτοηγιηη
2807 4682 2856 4726 et
2905 4665 3543 4744 contra__[ortitudi_nent,:
3589 4665 3645 4715 in

2076 4733 2240 4800 Hebr.
2269 4754 2389 4808 ἐκ.
2425 4759 2548 4813 quae
2574 4733 2703 4807 vo'x,
2736 4733 2861 4816 cum
2896 4733 3312 4816 vulgo‘illustre
3341 4733 3545 4816 aliquid
3583 4747 3647 4787 ac

2074 4817 2217 4871 votis
2249 4807 2503 4870 omnibus
2547 4814 2904 4882 expetendum
2937 4807 3241 4881 signiﬁcare
3263 4807 3495 4882 dicatur,
3528 4811 3646 4856 tum

2074 4889 2238 4942 etiam
2285 4874 2640 4956 utplurimum
2700 4880 2907 4956 Iudaeae
2953 4874 3232 4956 tribuitur.
3280 4874 3649 4956 Hieronymus

2075 4956 2318 5022 εὐδοξίαν
2348 4943 2515 5009 ’ἰιὶιιιιι
2570 4954 2685 5026 hoc
2728 4955 2847 5007 loco
2896 4952 3178 5014 intellexit,
3223 4962 3346 5026 quae
3379 4943 3648 5026 singulari

2072 5042 2139 5082 ex
2192 5017 2513 5081 fortitudine
2563 5024 2860 5091 colligitur,
2902 5017 3426 5091 quamqueAJudzeis
3460 5017 3647 5067 divina

2071 5100 2234 5151 etiam
2266 5098 2465 5150 virtute
2494 5093 2661 5170 septis
2690 5086 3133 5170 attribuit._Qui:d
3171 5089 3216 5144 si
3255 5086 3647 5170 .duodhae‘c

2070 5177 2125 5221 et
2174 5176 2312 5232 κείς,
2342 5181 2452 5219 non
2496 5159 2648 5217 vocis
2677 5165 2861 5227 modo,
2893 5163 2986 5217 sed
3031 5162 3197 5216 etiam
3225 5159 3646 5232 signiﬁcationis

1996 5238 2041 5292 D
2071 5225 2384 5291 allitiitatem
2440 5234 2677 5302 aliquam
2726 5242 2780 5287 et
2812 5225 3646 5302 communionem,iﬂieronymo

2070 5319 2253 5379 notam
2289 5300 2571 5379 habuere}?
2594 5303 3058 5379 Judmamporro,
3091 5300 3428 5379 Antiochus,
3451 5305 3512 5347 ut
3542 5308 3644 5379 ηοξ

2071 5378 2345 5431 tissimum
2392 5386 2494 5437 est.
2544 5375 2806 5445 inusitato
2830 5373 3037 5445 lurore,
3080 5373 3336 5445 vastavit,
3382 5375 3546 5445 atque
3583 5373 3646 5445 in

2068 5447 2301 5514 ipsomet
2349 5445 2549 5514 templo
2569 5483 2584 5508 ,
2616 5443 2767 5500 Jovis
2801 5442 3044 5516 Olympii
3091 5443 3306 5516 signum
3336 5437 3643 5516 collocavit.

2067 5505 2207 5582 Quid
2242 5505 2591 5586 Septuaginta
2643 5515 2815 5570 secuti
2866 5505 3021 5586 sint,
3056 5505 3182 5567 cum
3208 5505 3510 5586 _§6atv_,__id
3538 5514 3645 5569 est,

2066 5575 2403 5657 occidentem
2425 5575 2724 5657 venerunt,
2765 5600 2876 5657 non
2922 5575 3058 5657 satis
3095 5581 3357 5657 itLtelligo.
3387 5575 3620 5657 Hieroso

2064 5656 2208 5782 :Yhma
2261 5666 2407 5782 cetl'lre
2450 5645 2862 5727 quidemprrpd;
2900 5671 2965 5724 γε
2995 5653 3095 5727 τὴν
3132 5645 3354 5724 Συρίαν,
3389 5645 3648 5704 occiden-

2089 5743 2119 5782 a
2161 5743 2223 5782 or
2247 5742 2307 5782 es
2337 5768 2349 5782 .

2064 5728 2223 5784 talior
2247 5736 2349 5784 est.
