3856 6224
204 259 313 315 ιεθ

1370 268 1690 324 PREPAB.
1734 268 1990 325 EVANG.
2035 270 2163 328 LIB.
2212 273 2298 329 VI.

3364 292 3471 349 690

202 375 312 430 ἀπὸ
334 377 430 431 τοῦ
453 381 829 453 σχηματισμοῦ
857 382 966 437 τῶν
994 384 1260 456 ἀστέρων,
1282 386 1502 440 πάντων
1527 388 1636 440 τῶν
1660 389 1781 460 περὶ

1890 374 2012 445 ease
2035 400 2268 458 motum,
2302 402 2363 450 ut
2403 409 2526 465 qua:
2550 397 2792 453 errantia
2820 400 2982 471 vulgo
3015 403 3292 475 dicuntur,
3324 411 3482 466 viam‘

203 467 433 522 ἕκαστον
460 472 779 543 γινομένων,
811 477 905 529 καὶ
929 476 1036 529 τῶν
1055 477 1285 531 καθόλου
1318 479 1684 551 λαμϐάνοντες
1703 498 1789 549 γι-

202 559 525 629 νώσκωσιν,
561 566 685 637 οὐχὶ
724 569 775 620 οἱ
820 569 1098 641 ἄνθρωποι
1122 572 1337 643 (πολλῷ
1377 574 1488 643 γάρ
1520 573 1704 646 μεῖζον
1752 576 1785 646 ἢ

201 654 348 707 κατά
378 655 670 728 ἄνθρωπον
694 659 756 712 τὸ
774 659 1032 715 δύνασθαι
1059 663 1202 718 κατά
1226 664 1482 736 ἀλήθειαν
1510 667 1787 738 ἐκλαμϐά-

199 761 315 799 νειν
338 746 447 800 ἀπὸ
465 749 565 818 τῆς
593 751 859 821 κινήσεως
883 752 991 808 τῶν
1019 755 1268 828 ἀστέρων
1297 757 1367 811 τὰ
1394 758 1523 830 περὶ
1555 759 1784 813 ἑκάστου

196 836 310 890 τῶν
360 840 647 894 ότιποτοῦν
696 844 1061 915 ἐνεργούντων
1087 846 1120 919 ἢ
1152 847 1470 920 πασχόντων
1504 855 1544 919 ),
1578 850 1694 904 ἀλλ’
1727 852 1784 904 αι

197 928 477 999 δυνάμεις,
511 931 579 995 ἃς
608 934 902 1002 ἀναγκαῖον
936 936 1024 990 διὰ
1060 938 1231 993 πολλά
1261 939 1434 994 ταῦτα
1472 941 1781 1010 γινώσκειν,

197 1020 275 1084 ὼς
301 1022 443 1075 κατά
474 1022 705 1094 δύναμιν
730 1026 818 1079 διὰ
841 1027 948 1081 τῶν
972 1029 1102 1100 ἑξῆς
1132 1030 1399 1102 δείξομεν.
1432 1033 1691 1098 Συνέντες
1723 1035 1781 1088 δὲ

195 1114 245 1165 οἱ
278 1112 560 1185 ἀνθρωττοι
604 1115 670 1168 ἐκ
715 1134 876 1172 τινων
910 1123 1213 1192 τηρήσεων,
1245 1122 1397 1194 ἢκαὶ
1429 1126 1494 1177 ὲκ
1528 1124 1784 1180 διδασκα-

196 1203 322 1267 λίας
369 1206 622 1273 ἀγγέλων
663 1207 760 1279 τὴν
801 1209 934 1264 ἰδίαν
965 1212 1118 1277 τάξιν
1157 1216 1620 1287 παραϐεϐηκότων
1641 1257 1657 1282 ,
1688 1220 1781 1273 καὶ

194 1292 380 1365 ὲπὶτῇ
408 1295 505 1347 τοῦ
546 1296 739 1364 γένους
786 1301 943 1372 ἡμῶν
985 1304 1238 1378 ὲπιτριϐῇ
1273 1305 1599 1374 διδαξάντων
1651 1312 1781 1381 περὶ

191 1384 403 1439 τούτων
441 1387 585 1453 τινά,
621 1390 881 1463 ᾠήθησαν
908 1397 1034 1459 τοὺς
1057 1398 1150 1466 ἀφ’
1183 1392 1259 1452 ὧν
1296 1399 1366 1453 τὰ
1405 1404 1607 1472 σημεῖα
1642 1402 1781 1457 οἴον-

192 1493 286 1530 ται
308 1477 627 1550 λαμϐάνειν,
660 1485 867 1550 αἰτίους
895 1488 1160 1560 ὑπάρχειν
1183 1493 1408 1559 τούτων,
1434 1494 1470 1549 ἀ
1494 1497 1779 1567 σημαίνειν

190 1569 221 1621 6
260 1568 421 1637 λόγος
446 1574 612 1641 φησί·
646 1577 775 1648 περὶ
806 1572 880 1631 ὧν
912 1580 1007 1633 καὶ
1037 1583 1216 1636 αὐτῶν
1243 1624 1258 1649 ,
1296 1584 1371 1649 ὡς
1418 1589 1476 1640 ὲν
1517 1590 1773 1661 ἐπιτομῇ,

191 1661 335 1714 κατά
386 1663 616 1736 δύναμιν
662 1670 1083 1744 ἐπιμελέστερον
1130 1675 1334 1741 εὐθέως
1379 1678 1771 1752 διαληψόμεθα.

1890 481 2011 537 ﬁxis
2037 484 2147 539 illis
2177 495 2342 555 atque
2373 478 2758 547 constantibus
2797 492 2959 563 plane
3004 502 3340 559 contrariam
3381 514 3466 560 te-

1888 583 2072 628 neant.
2106 573 2164 631 ld
2190 576 2338 647 quod
2363 592 2429 633 eo
2460 581 2693 637 consilio
2733 581 2937 640 factum
2969 598 3073 653 est,
3103 601 3164 646 ut
3210 606 3276 648 ex
3311 598 3465 653 vario

1886 674 2159 720 astrorum
2202 668 2334 736 situ,
2376 684 2717 743 eorum,qu:e
2749 677 2948 744 partim
2979 680 3230 752 singulis,
3264 689 3461 753 partim

1885 753 1939 808 in
1989 757 2307 813 universum
2346 763 2625 830 eveniunt,
2678 765 2833 836 signa
2882 772 3132 840 quaedam
3182 775 3460 846 hauriant,

1886 859 1997 899 non
2029 846 2145 917 jam
2177 848 2432 907 homines
2469 862 2617 908 certe
2650 857 2869 925 quidem
2899 858 2990 931 (ex
3015 861 3106 918 illa
3139 866 3286 921 enim
3317 870 3463 925 side-

1882 951 2005 991 rum
2037 943 2420 1011 conversione,
2449 946 2713 1017 quidquid
2745 961 2839 1006 aut
2865 951 3065 1008 facturi
3095 956 3297 1028 singuli
3322 962 3455 1030 sint,

1882 1034 1973 1081 aut
2004 1031 2242 1099 passuri,
2270 1047 2394 1088 vere
2430 1050 2494 1091 ac
2510 1044 2661 1092 certo
2688 1039 3011 1112 intelligere,
3043 1060 3224 1116 operte
3244 1060 3330 1106 est
3351 1053 3458 1107 hu-

1882 1133 2077 1175 manas
2098 1122 2248 1178 vires
2279 1124 2439 1195 longe
2462 1129 2805 1202 multumque
2835 1138 3190 1209 superantis).
3229 1142 3324 1197 sed
3359 1160 3458 1199 na-

1882 1218 2018 1291 turas
2046 1211 2150 1267 illae
2174 1216 2511 1286 superiores,
2542 1236 2680 1289 quas
2713 1223 2964 1292 pluribus
2993 1242 3131 1283 sane
3161 1230 3228 1284 de
3271 1236 3459 1291 causis

1878 1290 1997 1355 eam
2034 1302 2089 1357 in
2123 1308 2488 1376 cognitionem
2513 1312 2698 1368 venire
2721 1329 2945 1372 necesse
2969 1327 3074 1383 est,
3101 1321 3180 1374 uti
3201 1323 3457 1397 deinceps

1877 1407 1978 1463 pro
2026 1406 2189 1465 capta
2239 1412 2428 1455 nostro
2461 1401 2988 1464 demonstrabimus.
3042 1412 3305 1473 Homines
3357 1432 3458 1473 au-

1878 1492 2008 1551 tem,
2038 1488 2186 1557 quod
2238 1492 2503 1547 nonnulla
2547 1494 2600 1549 id
2627 1511 2820 1566 genus,
2854 1501 2939 1556 vel
2981 1503 3456 1566 observationibus

1877 1580 2229 1671 quihusdam,
2254 1585 2338 1639 vel
2363 1588 2701 1658 angelorum,
2735 1592 2829 1662 qui
2861 1610 2987 1650 cum
3023 1612 3156 1656 suos
3179 1602 3284 1671 ipsi
3312 1603 3452 1661 lines

1879 1670 2259 1740 transilierint,
2301 1683 2415 1731 tum
2448 1681 2666 1749 generis
2714 1682 2769 1737 in
2814 1688 2987 1742 nostri
3013 1670 3310 1759 perniciem
3345 1694 3453 1751 ista

188 1752 555 1823 Προκείσεται
574 1758 751 1813 τοίνυν
774 1762 947 1816 ταῦτα
965 1764 1035 1818 τά
1058 1768 1418 1841 προϐλήματα
1436 1786 1451 1801 ο
1474 1772 1620 1838 Πῶς,
1644 1791 1779 1845 προ-

1877 1761 2186 1832 docuerint,
2227 1766 2616 1827 informatione
2644 1773 2967 1846 didicerint;
3026 1797 3215 1839 eorum
3261 1787 3450 1854 simul,

188 1842 434 1910 γνώστου
463 1845 615 1911 ὄντος
658 1849 717 1914 ἐξ
747 1851 942 1917 αἰῶνος
973 1855 1067 1908 τοῦ
1087 1856 1221 1910 Θεοῦ
1248 1860 1376 1930 περὶ
1399 1859 1506 1915 τῶν
1530 1863 1621 1931 ὑφ’
1650 1842 1775 1919 ἑκό-

190 1952 319 1989 στου
354 1938 690 2008 πράττεσθαι
718 1944 1108 2016 νομιζομένων,
1143 1949 1205 2003 τὸ
1238 1952 1323 2021 ἐφ’
1354 1953 1484 2023 ήμῖν
1509 1953 1736 2020 σώζεται
1756 1973 1771 1987 ο

188 2029 301 2081 Καὶ
326 2030 452 2083 τίνα
473 2032 674 2104 τρόπον
703 2036 753 2088 οἱ
783 2038 1010 2108 ἀστέρες
1031 2039 1131 2094 οῦκ
1160 2043 1265 2096 εἰσι
1295 2047 1567 2114 ποιητικοὶ
1591 2047 1697 2101 τῶν
1716 2050 1774 2103 ὲν

187 2121 529 2193 ἀνθρώποις,
576 2132 902 2199 σημαντικώ⁸
937 2132 994 2185 δὲ
1022 2132 1202 2202 μόνον.
1248 2136 1359 2189 Καὶ
1381 2138 1463 2190 ὅτι
1497 2139 1773 2210 ἄνθρωποι

186 2214 287 2283 τὴν
312 2217 441 2288 περὶ
478 2217 685 2272 τούτων
712 2220 911 2289 γνῶσιν
943 2224 1186 2295 ἀκριϐῶς
1219 2226 1364 2296 ἔχειν
1392 2229 1453 2281 οὐ
1496 2230 1770 2297 δύνανται,

185 2302 322 2355 ἀλλά
350 2304 643 2376 δυνάμεσιν
671 2310 971 2381 ἀνθρώπων
1020 2315 1294 2387 κρείττοσι
1326 2318 1397 2372 τά
1439 2325 1640 2391 σημεῖα
1681 2322 1773 2376 έκ-

187 2410 382 2448 κειται.
416 2397 515 2460 Τίς
547 2399 656 2470 γὰρ
678 2402 711 2472 ἡ
737 2403 883 2456 αἰτία
912 2404 1006 2458 τοῦ
1037 2406 1107 2459 τά
1133 2411 1337 2480 σημεῖα
1365 2410 1456 2464 τὸν
1502 2413 1634 2467 Θεὸν
1674 2432 1772 2469 πε-

188 2486 472 2556 ποιηκέναι
504 2488 587 2552 εἰς
610 2489 811 2557 γνῶσιν
832 2493 937 2547 τῶν
965 2494 1268 2568 δυνάμεων,
1301 2501 1559 2573 τέταρτον
1592 2503 1771 2573 ἐξετα-

187 2574 463 2646 σθήσεται.
496 2581 606 2634 Καὶ
631 2582 810 2637 τοίνυν
844 2584 1042 2657 ίδωμεν
1068 2588 1131 2641 τὸ
1164 2591 1378 2661 πρῶτον
1397 2633 1412 2657 ,
1453 2594 1591 2666 ὅπερ
1613 2576 1770 2652 έὺλα-

186 2665 443 2732 δοθέντες
480 2670 665 2725 πολλοὶ
687 2674 797 2728 τῶν
837 2675 1124 2749 Ἑλλήνων,
1157 2683 1391 2753 οἰόμενοι
1422 2665 1770 2759 κατηναγκά-

184 2760 405 2817 σθαιτά
435 2765 762 2836 πράγματα,
799 2772 892 2823 καὶ
924 2773 988 2825 τὸ
1014 2774 1098 2842 ἐφ’
1135 2777 1266 2846 ἡμῖν
1296 2778 1561 2850 μηδαμῶς
1598 2781 1766 2846 σώζε-

181 2854 328 2921 σθαι,
357 2857 410 2908 εί
440 2858 470 2910 6
493 2857 625 2923 Θεὸς
653 2862 1014 2932 προγινώσκει
1042 2865 1113 2919 τά
1147 2867 1429 2937 μέλλοντα,
1465 2874 1660 2938 ἀσεϐὲς
1684 2876 1769 2930 δό-

178 2962 302 3017 γμα
325 2948 632 3021 ἐτόλμησαν
654 2953 1012 3021 ἀναδέξασθαι
1044 2957 1262 3029 μᾶλλον,
1291 2962 1323 3033 ἢ
1361 2964 1657 3034 προσέσθαι
1682 2968 1762 3035 τὸ,

179 3036 257 3101 ὥς
281 3056 447 3108 φασιν
474 3044 692 3109 ἐκεῖνοι,
720 3043 927 3112 ἔνδοξον
958 3048 1059 3118 μὲν
1092 3052 1220 3122 περὶ
1252 3051 1408 3119 Θεοῦ,
1433 3056 1690 3129 ἀναιροῦν
1707 3059 1764 3113 δὲ

177 3130 240 3183 τὸ
268 3132 357 3201 ἐφ’
386 3134 538 3203 ἡμῖν,
565 3137 661 3189 καί
682 3136 771 3191 διὰ
798 3138 956 3192 τοῦτο
986 3140 1204 3197 ἔπαινον
1232 3145 1326 3198 καὶ
1353 3146 1539 3216 ψόγον,
1582 3151 1676 3202 καὶ⁹
1704 3151 1765 3205 τὸ

178 3219 290 3273 τῶν
318 3222 532 3292 ἀρετῶν
560 3225 882 3291 ἀπόδεκτον,
918 3229 1027 3285 τῶν
1057 3249 1117 3285 τε
1144 3235 1351 3289 κακιῶν
1379 3236 1600 3307 ψεκτόν.
1654 3242 1764 3297 Καί

179 3328 382 3379 φασιν,
428 3316 478 3367 εί
527 3316 588 3380 ἐξ
620 3317 814 3382 αἰῶνος
850 3319 991 3390 ἔγνω
1017 3325 1046 3376 6
1067 3323 1198 3389 Θεὸς
1229 3328 1380 3381 τόνδε
1411 3331 1532 3385 τινὰ
1568 3332 1765 3405 ἀδική-

180 3419 317 3467 σειν,
353 3407 448 3459 καὶ
482 3407 607 3461 τάδε
625 3410 846 3481 ποιῆσαι
872 3413 1206 3487 ἀδικήματα,
1231 3419 1467 3492 ἀψευδὴς
1494 3423 1552 3477 δὲ
1576 3425 1610 3497 ή
1630 3426 1766 3493 γνῶ-

178 3511 261 3558 σις
284 3496 379 3549 τοῦ
401 3496 556 3566 Θεοῦ,
587 3502 679 3555 καὶ
702 3504 916 3569 πάντως
936 3506 1089 3561 ἐσται
1109 3508 1294 3576 ἄδικος
1321 3516 1561 3586 ποιήσων
1581 3528 1608 3558 ι
1634 3518 1760 3573 τάδε

175 3587 245 3639 te
276 3587 622 3661 ἀδικήματα,
661 3596 690 3647 6
724 3596 964 3662 τοιοῦτος
996 3596 1136 3656 εἶναι
1178 3607 1601 3678 προεωραμένος
1620 3627 1634 3640 ·
1666 3612 1761 3665 καὶ

173 3679 457 3750 ἀμήχανον
490 3684 565 3754 μή
612 3684 892 3759 ἀδικήσειν
936 3691 1099 3746 αὑτὸν
1120 3733 1136 3758 ,
1167 3696 1613 3767 κατηνάγκασται
1644 3703 1706 3755 τὸ
1732 3703 1759 3743 δ

173 3772 457 3843 ἀδικήσειν
486 3777 680 3844 αὑτὸν,
727 3782 820 3834 καὶ
850 3783 1110 3839 ἀδύνατον
1137 3786 1291 3842 ἔσται
1324 3790 1454 3844 ἀλλο
1473 3809 1524 3845 τι
1554 3794 1757 3865 πρᾶξαι

172 3863 336 3917 αὐτὸν
378 3865 412 3937 ἢ
457 3867 596 3941 ὅπερ
625 3871 656 3923 6
708 3871 841 3936 Θεὸς
871 3873 1032 3943 ἔγνω.
1068 3877 1134 3931 Et
1162 3879 1220 3932 δὲ
1249 3881 1510 3938 ἀδύνατον
1554 3863 1683 3941 ἀλλο
1703 3905 1757 3941 τι

170 3955 384 4027 πρᾶξαι
417 3959 601 4025 αὐτὸν,
629 3962 805 4028 οὐδεὶς
822 3965 879 4019 δὲ
906 3967 1172 4024 ἀδύνατον
1198 3971 1273 4042 μὴ
1307 3974 1539 4045 ποιήσας
1558 3976 1758 4047 ψεκτός

169 4046 312 4112 ἐστι,
351 4049 526 4121 μάτην
553 4052 858 4125 αἰτιώμεθα
885 4060 1011 4122 τοὺς
1039 4061 1277 4128 ἀδίκους,
1308 4064 1416 4118 ἀπὸ
1436 4065 1496 4119 δὲ
1520 4068 1613 4122 τοῦ
1636 4070 1755 4124 ἀδί-

168 4151 270 4189 κου
305 4138 401 4191 καὶ
429 4138 538 4192 τῶν
567 4140 916 4213 ἀδικημάτων
941 4147 1265 4218 ἐπέρχονται
1295 4151 1389 4205 καὶ
1415 4154 1508 4206 ἐπὶ
1531 4154 1601 4208 τὰ
1621 4155 1756 4210 ἀλλα

165 4227 560 4301 ἁμαρτήματα.
599 4229 732 4287 Εἶτα
763 4237 825 4289 ὲκ
850 4238 944 4292 τοῦ
971 4241 1214 4296 ἐναντίου
1255 4244 1349 4297 καὶ
1385 4244 1454 4299 τὰ
1486 4256 1508 4283 ο
1538 4247 1754 4317 νομιζό-

168 4335 313 4389 μενα
355 4322 787 4395 κατορθώματαο
832 4329 926 4382 καί
959 4347 1122 4398 φασιν
1171 4333 1483 4387 ἀκολουθεῖν
1514 4335 1576 4388 τὸ
1602 4335 1628 4375 ά
1661 4337 1753 4389 τὸν

1876 1873 2109 1929 quorum
2140 1862 2593 1933 signiﬁcationem
2619 1868 2686 1925 iis
2713 1867 2993 1942 Scriptura
3024 1878 3235 1946 tribuit,
3262 1892 3453 1939 aucto-

1875 1962 1963 2003 res
1995 1948 2120 2005 illos
2145 1966 2267 2006 esse
2298 1962 2650 2023 putaverunt,
2699 1974 2730 2013 a
2750 1962 2950 2031 quibus
2980 1979 3043 2020 ea
3079 1981 3140 2022 se
3166 1971 3450 2041 percipere

1874 2038 2028 2108 signa
2062 2042 2376 2098 credebant.
2401 2043 2518 2113 Qua
2545 2047 2612 2103 de
2633 2065 2693 2105 re
2715 2054 3027 2109 summatim
3049 2038 3264 2130 quoque
3285 2038 3450 2133 paulo

1874 2139 2015 2200 post,
2047 2134 2142 2189 sed
2172 2149 2359 2191 tamen
2413 2153 2514 2208 pro
2563 2150 2752 2198 nostra
2788 2142 3048 2204 facultate
3075 2151 3366 2223 diligenter
3392 2167 3450 2213 et

1873 2234 2129 2281 accurate
2155 2226 2581 2298 disputabimus.
2625 2234 2800 2306 Atque
2830 2239 2946 2295 haec
2990 2253 3152 2299 erunt
3185 2249 3449 2317 quaestio-

1872 2317 1957 2372 nis
1997 2317 2261 2375 institutae
2293 2323 2501 2392 capita.
2547 2324 2650 2392 Qui
2698 2329 2815 2383 tieri
2864 2335 3062 2403 possit,
3108 2343 3168 2392 ut
3209 2354 3336 2394 cum
3382 2356 3449 2399 ea

1870 2424 1993 2479 quae
2021 2425 2052 2464 a
2085 2427 2304 2482 quoque
2334 2413 2454 2469 ﬁeri
2484 2429 2777 2474 censentur
2804 2424 3013 2493 omnia,
3036 2441 3103 2481 ex
3127 2430 3277 2485 omni
3300 2431 3445 2489 Deus

1869 2501 2171 2558 :eternitate
2203 2505 2552 2573 praenoverit,
2589 2522 2689 2560 sua
2729 2517 2908 2564 tamen
2953 2513 3221 2570 voluntati
3247 2527 3448 2574 nostra;

1869 2594 1954 2651 vis
1985 2603 2336 2669 potestasque
2370 2608 2637 2654 servetur.
2667 2599 2956 2668 Quomodo
2980 2621 3163 2662 rerum
3199 2610 3442 2676 illarum,

1868 2702 1990 2757 quae
2017 2688 2300 2743 hominum
2335 2691 2518 2761 generi
2542 2694 2818 2761 eveniunt,
2842 2695 2997 2767 signa
3018 2698 3239 2767 quidem
3264 2701 3445 2757 sidera

1869 2777 1999 2841 sint,
2040 2793 2222 2833 causae
2265 2794 2396 2835 vero
2439 2781 2683 2837 minime.
2737 2782 3103 2850 Quamobrem
3150 2798 3355 2846 certam
3388 2801 3445 2847 et

1866 2868 2191 2937 exquisitam
2223 2869 2474 2926 homines
2499 2872 2814 2927 earumdem
2855 2889 3036 2929 rerum
3070 2877 3438 2948 cognitionem

1866 2959 2066 3015 habere
2090 2974 2201 3014 non
2223 2961 2459 3030 possint,
2499 2962 2590 3017 sed
2615 2965 2828 3019 naturis
2856 2965 3095 3021 humana
3133 2969 3436 3040 superiori-

1865 3053 1968 3108 bus
1992 3053 2272 3123 proposita
2301 3054 2454 3123 signa
2484 3054 2574 3109 illa
2602 3056 2732 3111 sint.
2769 3055 2905 3112 Nam
2944 3074 3208 3129 quorsum
3244 3061 3437 3119 iisdem

1865 3159 1929 3199 ex
1983 3144 2155 3215 signis
2185 3144 2393 3215 aliquid
2444 3155 2669 3202 naturas
2703 3146 2824 3202 illas
2852 3148 3184 3218 cognitionis
3215 3151 3442 3209 haurire

1863 3233 2119 3300 voluerit,
2146 3244 2343 3304 quarto
2379 3235 2603 3290 demum
2632 3235 2753 3291 loco
2782 3251 3115 3307 quaeremus.
3145 3238 3445 3299 Ordiamur

1862 3342 1892 3381 a
1923 3326 2122 3397 primo,
2149 3327 2207 3382 in
2230 3342 2340 3398 quo
2369 3327 2498 3383 dum
2524 3330 2798 3385 cautiores
2824 3345 2945 3386 esse
2978 3330 3296 3391 Graecorum
3320 3337 3440 3407 ple-

1861 3417 2019 3489 rique
2045 3418 2264 3487 vellent,
2297 3420 2556 3491 quodque
2589 3422 2638 3477 si
2669 3422 2782 3477 Deo
2810 3420 3123 3481 futurorum
3161 3431 3436 3498 praenotio

1860 3511 2214 3576 tribueretur,
2236 3512 2346 3567 vim
2375 3513 2540 3569 rebus
2571 3512 2759 3569 inferri
2788 3524 3064 3586 putarent,
3093 3532 3159 3575 ac
3183 3521 3440 3577 volunta-

1862 3599 1933 3654 tis
1961 3607 2166 3654 nostra:
2189 3599 2315 3671 jura
2336 3601 2551 3666 violari,
2577 3601 2846 3658 nefarium
2872 3604 3214 3678 impiumque
3238 3610 3439 3680 dogma

1860 3689 2139 3759 suscipere
2177 3703 2403 3756 temere,
2437 3692 2600 3763 287
2635 3700 2800 3763 quain
2850 3696 3082 3751 alterum
3138 3697 3271 3753 illud
3298 3715 3437 3770 .pro-

1858 3779 1990 3834 bare
2015 3781 2349 3847 maluerunt,
2373 3784 2521 3854 quod
2554 3787 2662 3840 Deo
2699 3785 2945 3856 quidem,
2971 3796 3033 3842 ut
3063 3789 3169 3858 ipsi
3197 3789 3438 3860 loquun-

1859 3881 1968 3936 tur,
1993 3873 2178 3944 gloria:
2198 3874 2435 3942 cederet,
2467 3890 2655 3931 verum
2681 3877 2894 3932 arbitrii
2925 3878 3101 3934 nostri
3129 3879 3243 3934 vim
3278 3890 3333 3936 et
3354 3881 3434 3936 fa-

1856 3963 2112 4019 cultatem
2149 3973 2436 4032 everteret,
2467 3967 2742 4039 simulque
2788 3969 3022 4040 proinde
3054 3986 3277 4028 omnem
3309 3988 3435 4029 cum

1855 4055 2017 4111 laude
2048 4058 2522 4128 vituperationem,
2550 4068 2606 4115 et
2632 4060 2901 4131 quidquid
2930 4071 3027 4117 aut
3068 4072 3153 4120 est
3183 4065 3435 4136 comple-

1854 4148 2110 4203 ctendum
2145 4149 2202 4204 in
2234 4150 2453 4218 virtute,
2483 4159 2578 4207 aut
2626 4152 2682 4207 in
2726 4152 2860 4207 vitio
2900 4155 3431 4224 reprehendendum.

1854 4238 2168 4308 Enimvero,
2196 4242 2244 4296 si
2277 4241 2424 4298 hunc
2451 4252 2546 4299 aut
2572 4244 2726 4299 illum
2758 4244 2903 4300 Deus
2924 4244 3258 4315 iujuriosum
3283 4245 3437 4302 futu-

1855 4349 1997 4399 rum,
2025 4334 2072 4389 si
2099 4334 2199 4389 has
2227 4344 2319 4390 aut
2353 4336 2475 4390 illas
2523 4336 2755 4406 injurias
2782 4336 3068 4393 illaturum
3117 4353 3185 4393 ex
3217 4340 3435 4394 aeterni-

164 4412 305 4466 Θεὸν
331 4414 401 4467 τά
428 4415 688 4485 μέλλοντα
716 4422 1117 4492 προεγνωκέναι
1140 4424 1219 4496 τῷ
1253 4437 1278 4465 ο
1304 4426 1378 4498 μὴ
1399 4426 1658 4482 δύνασθαι
1685 4428 1753 4483 τά

1864 4436 1967 4483 late
1996 4428 2269 4497 cognovit,
2302 4443 2406 4484 nec
2451 4426 2565 4483 falli
2610 4429 2876 4499 praenotio
2904 4430 3091 4486 divina
3124 4437 3304 4500 potest
3336 4449 3350 4485 :
3386 4433 3434 4487 is

162 4501 253 4571 ἐφ’
286 4503 420 4574 ήμῖν
450 4503 739 4570 σώζεσθαι.
780 4509 923 4581 Πρὸς
945 4510 1039 4576 οὒς
1060 4515 1298 4580 λεκτέον,
1337 4517 1419 4569 ὅτι
1445 4516 1748 4572 ἐπιϐάλλων

158 4595 190 4646 6
222 4594 359 4658 Θεὸς
388 4599 457 4667 τῇ
490 4598 632 4670 ἀρχῇ
658 4598 760 4670 τῆς
791 4605 1175 4674 κοσμοποιίας,
1210 4607 1425 4672 οὐδενὸς
1452 4609 1693 4663 ἀναιτίου
1722 4607 1743 4648 ί

156 4687 475 4757 γινομένου,
509 4691 895 4761 ἐπιπορεύεται
925 4695 1005 4766 τῷ
1041 4696 1118 4768 νῷ
1152 4698 1381 4753 ἕκαστον
1409 4700 1520 4754 τῶν
1547 4702 1744 4772 ἐσομέ-

156 4797 292 4844 νων,
324 4780 468 4853 ὁρῶν
490 4820 507 4845 ,
535 4782 650 4849 ὃτι,
676 4785 800 4838 ἐπεὶ
843 4787 961 4840 τόδε
993 4788 1205 4858 γέγονε,
1235 4791 1351 4851 τόδε
1383 4792 1573 4847 ἕπεται
1596 4811 1611 4826 ·
1646 4794 1742 4848 ὲάν

155 4869 213 4922 δὲ
246 4869 477 4942 γένηται
496 4872 614 4926 τόδε
650 4873 712 4926 τὸ
736 4875 1021 4948 ἑπόμενον,
1053 4879 1171 4934 τόδε
1191 4881 1475 4936 ἀκολουθεῖ
1494 4900 1507 4913 ο
1532 4878 1592 4939 οὗ
1609 4886 1741 4938 ὑπο-

156 4958 411 5024 στάντος,
427 4960 547 5014 τόδε
567 4961 720 5017 ἔσται
738 4983 752 4995 ·
777 4968 870 5020 καὶ
885 4967 1026 5022 οὕτω
1046 4970 1207 5044 μέχρι
1237 4972 1423 5038 τέλους
1461 4975 1570 5030 τῶν
1600 4993 1740 5048 πρα-

151 5050 390 5121 γμάτων
418 5053 824 5127 ὲπιπορευθεὶς,
855 5054 994 5114 οἶδεν
1014 5060 1051 5115 ἃ
1081 5061 1256 5129 ἔσται,
1283 5064 1345 5118 οὐ
1377 5066 1591 5131 πάντως
1611 5068 1740 5122 ἑκά-

155 5156 272 5211 στῳ
311 5142 422 5196 τῶν
447 5148 867 5218 γινωσκομένων
907 5151 1081 5216 αἴτιος
1132 5153 1225 5207 τοῦ
1277 5156 1411 5210 αὐτὸ
1471 5157 1738 5231 συμϐῆναι

151 5234 463 5304 τυγχάνων.
520 5238 731 5313 Ὠσπερ
775 5240 884 5315 γὰρ
912 5242 966 5295 εῐ
999 5260 1121 5309 τις,
1167 5245 1307 5317 ὀρῶν
1347 5264 1471 5302 τινα
1519 5248 1605 5304 διὰ
1640 5249 1738 5320 μὲν

154 5324 401 5394 ἀμαθίαν
444 5330 693 5400 προπετῆ
718 5371 734 5395 ,
761 5333 849 5386 διά
872 5334 930 5386 δὲ
956 5334 1055 5407 τὴν
1087 5337 1416 5407 προπέτειαν
1439 5337 1737 5406 ἀλογίστως

153 5418 504 5475 ἐπιϐαίνοντα
528 5423 647 5477 ὀδοῦ
676 5425 985 5499 ὀλισθηρᾶς,
1005 5430 1100 5482 καὶ
1122 5429 1418 5484 καταλάϐοι
1452 5431 1733 5487 πεσεῖσθαι

151 5509 536 5584 ὁλισθήσαντα,
568 5517 691 5587 οὐχὶ
721 5518 892 5583 αἴτιος
916 5520 1013 5574 τοῦ
1031 5521 1245 5576 ὀλίσθου
1267 5523 1460 5595 ἐκείνῳ
1485 5524 1696 5592 γίνεται
1715 5541 1730 5557 ·

224 5693 253 5723 ι
277 5682 363 5735 ισ.
393 5682 490 5736 καὶ
520 5682 703 5755 ποιήσ.

429 5806 630 5867 Pars.
666 5805 782 5867 Gtt.
821 5807 998 5869 XXI.

816 5684 843 5723 δ
872 5682 956 5736 la'.
991 5682 1095 5756 γὰρ
1122 5684 1201 5738 τό.

1855 4518 2121 4590 profecto,
2152 4536 2317 4591 quem
2354 4521 2628 4591 ejusmodi
2672 4520 2791 4577 fore
2819 4521 3155 4592 praeviderit,
3197 4530 3253 4577 et
3282 4520 3429 4591 inju--

1853 4612 2034 4668 riosus
2072 4612 2301 4669 omnino
2350 4611 2569 4668 futurus
2593 4621 2698 4681 est,
2739 4622 2794 4669 et
2822 4614 2960 4670 tales
2988 4613 3222 4684 injurias
3249 4613 3433 4668 illatu-

1848 4719 1946 4760 rus
1979 4722 2001 4758 z.
2025 4703 2272 4775 adeoque
2317 4704 2437 4759 ﬁeri
2486 4705 2637 4760 nullo
2677 4705 2844 4761 modo
2887 4713 3092 4776 potest,
3124 4713 3187 4760 ut
3220 4706 3290 4761 ab
3321 4704 3429 4760 illis

1848 4797 2067 4866 injuriis
2091 4798 2384 4864 abstineat,
2412 4813 2537 4853 cum
2578 4806 2633 4853 et
2680 4799 2748 4854 ad
2773 4814 2869 4855 eas
2893 4797 3210 4855 inferendae
3238 4811 3430 4854 neces-

1847 4889 2010 4944 sitate
2033 4888 2297 4960 rapiatur,
2325 4905 2427 4944 nec
2448 4889 2594 4944 aliud
2622 4890 2692 4946 ab
2716 4905 2783 4947 eo
2815 4890 3119 4962 quidquam
3149 4888 3263 4945 ﬁeri
3293 4903 3425 4959 pos-

1846 4981 1937 5047 sit,
1960 4996 2127 5051 quam
2149 4981 2293 5051 quod
2322 4980 2567 5037 futurum
2604 4980 2749 5037 Deus
2785 4996 2911 5037 esse
2940 4980 3274 5052 cognoverit.
3301 4976 3423 5033 Jam

1844 5072 1890 5127 si
1924 5072 2072 5127 aliud
2109 5088 2338 5144 prorsus
2366 5088 2525 5144 agere
2557 5072 2696 5129 nihil
2740 5081 2939 5144 potest,
2976 5087 3078 5128 nec
3124 5072 3434 5143 quisquam

1838 5163 1965 5234 jure
1984 5162 2349 5234 vituperatur,
2375 5164 2522 5234 quod
2554 5162 2609 5220 id
2636 5180 2750 5220 non
2781 5163 2992 5232 fecerit,
3016 5162 3164 5235 quod
3198 5161 3314 5218 ﬁeri
3349 5162 3422 5216 ab

1843 5267 1911 5309 eo
1941 5269 2050 5309 non
2088 5254 2286 5325 potuit,
2330 5253 2580 5309 homines
2624 5252 2926 5324 injuriosos
2956 5252 3165 5308 frustra
3203 5251 3418 5307 calum-

1843 5346 2082 5401 niamur.
2120 5344 2326 5401 Deinde
2370 5359 2500 5401 vero
2529 5344 2599 5400 ah
2649 5344 2935 5416 iniuriosis
2984 5353 3041 5401 et
3088 5342 3306 5414 injuriis
3349 5343 3418 5396 ad

1841 5443 2036 5491 cetera
2061 5443 2411 5506 peccatorum
2443 5450 2641 5506 genera
2675 5434 2902 5506 gradum
2945 5433 3175 5492 faciunt.
3217 5431 3356 5488 Tum
3385 5447 3418 5491 a

1840 5526 2139 5594 contrario,
2190 5526 2258 5581 de
2283 5525 2352 5582 iis
2381 5539 2598 5596 quoque
2623 5524 2811 5595 rebus,
2840 5540 2965 5598 quae
3003 5524 3264 5597 prmclare
3296 5521 3416 5580 ﬁeri

1280 5702 1300 5724 ο
1326 5684 1413 5740 ίσ.
1450 5683 1606 5742 κάπί.
1683 5686 1711 5730 ἆ
1736 5687 1822 5744 ισ.
1850 5686 1948 5761 τῷ.
2027 5695 2054 5727 ⁸
2080 5688 2165 5743 (cf.
2188 5687 2269 5745 τόι
2348 5686 2374 5730 ί
2399 5706 2490 5759 π).
2521 5687 2784 5752 ἀναιτίας.

2953 5815 3028 5873 16
