3856 6224
418 287 522 346 491
1053 284 1328 342 EUSEBII
1365 279 1849 340 ΟᾹΞΒΑΒΙΕΝΞΙΒ
1885 279 1986 336 ΟΡ]

2090 279 2267 336 PARS
2304 279 2366 335 11.
2410 311 2478 321 ——
2517 279 3023 336 APOLOGETICA.
3569 281 3684 337 499.

419 408 756 477 honesteque
782 403 1089 469 videantur,
1117 402 1280 460 simili
1313 402 1524 456 ratione
1547 408 1795 455 statuunt
1823 419 1836 453 :
1865 409 1985 453 tan-

2090 396 2228 451 οὕτω
2275 398 2492 468 νοητέον
2522 399 2614 452 τὸν
2662 397 2796 450 Θεὸν
2821 438 2835 461 ,
2878 397 3272 469 προεωρακότα
3305 401 3485 464 όποτος
3531 400 3688 454 ἔσται

418 499 652 568 demque
681 493 1034 554 concludunt.
1060 492 1108 546 si
1137 490 1248 546 Deo
1277 491 1445 546 semel
1481 491 1793 545 futurorum
1843 505 1984 560 prae-

2092 487 2340 552 ἕκαστος,
2375 489 2469 541 καὶ
2503 489 2599 553 τάς
2633 489 2808 552 αἰτίας
2836 489 2930 542 τοῦ
2969 489 3210 542 τοιοῦτον
3248 490 3409 543 αὑτὸν
3454 491 3678 546 ἔσεσθαι

419 589 572 643 notio
603 583 956 648 concedatur,
987 583 1199 637 arbitrii
1229 583 1402 637 nostri
1433 591 1756 652 potestatem
1810 582 1986 636 conti-

2092 578 2351 650 καθορᾷν,
2383 579 2476 632 καὶ
2516 580 2597 633 ὅτι
2641 581 3016 650 ἁμαρτήσεται
3056 580 3180 633 τάδε
3204 621 3218 643 ,
3268 580 3301 652 ἢ
3342 581 3682 653 κατορθώσει

419 697 531 735 ιιιιο
560 679 805 734 funditus
829 693 953 732 esse
976 676 1290 731 tollendam.
1320 675 1534 741 Quibus
1563 675 1666 730 hoc
1693 674 1856 730 modo
1900 691 1986 728 re-

2091 670 2234 724 τάδε.
2269 672 2378 723 Καὶ
2423 673 2472 723 εἰ
2510 670 2613 742 χρὴ
2662 671 2869 739 λέγειν,
2907 671 2967 724 ού
2993 671 3092 742 τὴν
3138 671 3452 742 πρόγνωσιν
3499 675 3688 727 αἰτίαν

420 770 796 840 Spondendum
820 766 924 820 erit
945 786 958 822 :
979 765 1141 832 Deus,
1174 764 1320 834 quod
1345 766 1492 820 nulla
1520 781 1606 820 res
1631 781 1852 820 causam
1876 780 1986 819 non

2092 761 2200 814 τῶν
2229 761 2526 831 γινομένων
2555 762 2649 831 (ού
2701 762 2811 831 γὰρ
2840 763 3140 832 ἐφάπτεται
3174 763 3264 816 τοῦ
3303 765 3691 835 προεγνωσμέ-

419 863 616 918 habeat
670 861 933 930 aliquam,
980 859 1111 912 dum
1165 858 1268 913 sub
1321 858 1499 926 ipsum
1547 857 1694 912 orbis
1727 857 1986 911 moliendi

2093 869 2185 905 νου
2212 853 2661 924 ἀμαρτησομένου
2707 855 2735 905 6
2763 853 2916 917 Θεὸς,
2955 855 3082 906 ὅταν
3139 855 3487 927 ἁμαρτάνῃ),
3549 856 3688 909 ἀλλά

417 955 768 1024 principium,
801 951 985 1007 futura
1029 951 1306 1021 sigillatim
1339 950 1525 1005 omnia
1555 959 1732 1004 mente
1763 965 1986 1020 percur-

2095 943 2524 1014 παραδοξότερον
2554 945 2670 1015 μὲν,
2705 945 2901 1014 ἀληθὲς
2934 946 2990 999 δὲ
3017 947 3280 1018 ἐροῦμεν,
3333 949 3394 1002 τὸ
3427 951 3690 1021 ἐσόμενον

418 1048 510 1106 rit.
544 1046 690 1100 videt
713 1045 881 1112 illico,
903 1045 948 1100 si
975 1043 1176 1098 factum
1206 1045 1309 1096 hoc
1330 1042 1452 1105 erit,
1492 1042 1622 1096 illud
1655 1041 1880 1110 proinde
1905 1056 1986 1095 se-

2094 1035 2264 1088 αῐτιον
2285 1033 2380 1087 τοῦ
2413 1035 2620 1088 τοιάνδε
2666 1031 2806 1089 εἶναι
2838 1036 2936 1107 τὴν
2977 1039 3104 1109 περὶ
3143 1039 3307 1092 αὑτοῦ
3342 1040 3676 1111 πρόγνωσιν.

2094 1128 2168 1179 Οὐ
2203 1126 2311 1198 γὰρ
2340 1127 2461 1180 ἐπεὶ
2491 1128 2780 1196 ἕγνωστα;,
2819 1131 3063 1198 γίνεται,
3109 1131 3221 1184 ἀλλ’
3271 1133 3390 1184 ἐπεὶ
3436 1133 3688 1201 γίνεσθαι

2094 1216 2340 1288 ἔμελλεν,
2381 1219 2669 1287 ἔγνωσται.
2701 1222 2993 1292 Διαστολῆς
3018 1222 3075 1275 δέ
3111 1223 3300 1278 δεῖται.
3338 1225 3400 1277 Εἰ
3434 1225 3532 1294 μὲν
3573 1226 3690 1296 γὰρ

2093 1309 2154 1362 τὸ
2175 1328 2195 1362 ι
2224 1310 2444 1373 πάντως
2466 1310 2616 1365 ἔσται
2657 1331 2675 1363 ι
2701 1311 2844 1365 οὕτω
2863 1331 2947 1376 τις
2979 1315 3290 1386 ἐρμηνεύει.
3322 1316 3395 1378 ὼς
3433 1318 3685 1388 ἀνάγκην

2095 1402 2234 1457 εἶναι
2261 1403 2511 1473 γενέσθαι
2540 1405 2600 1457 τὸ
2633 1406 3100 1477 προεγνωσμένον,
3134 1409 3194 1460 οὐ
3224 1409 3476 1478 διδόαμεν
3511 1410 3684 1480 αὐτῷ.

2095 1496 2167 1548 Ού
2194 1495 2302 1568 γὰρ
2334 1496 2586 1567 ἐροῦμεν,
2619 1497 2741 1550 ἐπεὶ
2772 1497 3146 1569 προέγνωσται
3187 1499 3387 1554 Ἰούδαν
3417 1503 3689 1573 προδότην

417 1591 523 1646 hoc
553 1591 714 1645 illove
732 1590 894 1644 modo
910 1588 1146 1652 eveniat,
1169 1603 1337 1643 causa
1356 1587 1619 1642 dicendus
1646 1593 1749 1640 est.
1783 1583 1986 1651 Quem-

2095 1587 2370 1656 γενέσθαι,
2396 1589 2478 1640 ότι
2506 1589 2656 1641 πᾶσα
2678 1589 2887 1658 ἀνάγκη
2913 1585 2980 1659 ἦν
3013 1590 3212 1644 Ἰούδαν
3243 1591 3508 1662 προδότην
3536 1594 3689 1660 γενέο

417 1681 712 1736 admodum
765 1682 933 1746 enim,
985 1681 1032 1736 si
1101 1695 1264 1750 quem
1314 1678 1583 1748 imperitia
1637 1678 1986 1732 temerarium

2097 1676 2242 1730 σθαι.
2285 1678 2374 1730 Ἑν
2421 1678 2550 1746 γοῦν
2589 1682 2709 1741 ταῖς
2756 1681 2884 1749 περὶ
2931 1679 3024 1732 τοῦ
3097 1680 3268 1732 Ἰούδα
3325 1682 3689 1752 προφητείαις

417 1791 482 1832 ac
503 1776 832 1846 praecipitem
868 1789 987 1830 esse
1017 1775 1226 1837 videas,
1261 1788 1434 1842 eaque
1458 1773 1765 1827 temeritate
1788 1772 1986 1842 impul-

2095 1769 2327 1840 μέμψεις
2355 1771 2448 1823 καὶ
2482 1772 2806 1842 κατηγορίαι
2839 1772 2930 1824 τοῦ
2977 1772 3150 1825 Ἰούδα
3189 1774 3688 1845 ἀναγεγραμμέναι

419 1883 540 1921 sum
573 1867 782 1920 lubrico
805 1880 925 1920 sese
951 1865 1128 1918 itineri
1153 1864 1516 1929 committere,
1539 1873 1598 1917 ut
1620 1878 1745 1917 eum
1773 1863 1986 1918 labente

2093 1864 2219 1926 εἰσὶ,
2253 1863 2413 1916 παντί
2445 1882 2522 1934 τῳ
2544 1866 2872 1934 παριστᾶσαι
2903 1863 2962 1917 τὸ
2993 1863 3192 1932 ψεκτὸν
3236 1864 3423 1919 αὐτοῦ.
3453 1868 3567 1918 Οὐκ
3616 1866 3687 1920 ἂν

419 1959 749 2028 fallenthue
783 1957 1011 2027 vestigio
1040 1955 1315 2010 ruiturum
1352 1953 1641 2025 intelligas,
1675 1955 1776 2024 ipsi
1803 1964 1985 2010 tamen

2091 1956 2149 2011 δὲ
2184 1955 2350 2024 ψόγος
2378 1955 2526 2024 αὑτῷ
2573 1957 2936 2026 προσήπτετο,
2979 1957 3026 2007 εἰ
3065 1956 3374 2024 ἐπάναγκες
3416 1957 3686 2028 προδότης

417 2051 785 2121 prolapsionis
830 2064 996 2104 causa
1053 2063 1161 2101 non
1203 2063 1282 2102 es.
1319 2046 1397 2102 Ita
1449 2047 1609 2117 plane
1641 2047 1986 2102 sentiendum

2090 2043 2178 2119 ἦν,
2203 2049 2295 2101 καὶ
2325 2047 2400 2118 μὴ
2424 2046 2702 2116 ἀνεδέχετο
2753 2047 2862 2118 ('57)
2909 2047 3070 2100 αὐτὸν
3095 2048 3279 2118 ὅμοιον
3325 2052 3436 2111 τοῖς
3476 2049 3686 2114 λοιποῖς

417 1147 705 1202 cuturum;
735 1136 881 1206 quod
935 1135 1028 1190 ubi
1059 1133 1353 1196 exstiterit,
1386 1134 1604 1187 tertium
1633 1149 1698 1187 ex
1728 1147 1793 1187 eo
1825 1133 1953 1202 quid
1973 1161 1987 1171 -

416 1227 541 1281 dam
568 1235 758 1295 aptum
794 1224 946 1289 fore;
979 1224 1083 1278 hoc
1109 1224 1239 1278 item
1267 1223 1312 1278 si
1345 1224 1583 1294 positum
1613 1222 1738 1288 erit,
1771 1231 1824 1276 et
1852 1237 1990 1276 con-

419 1335 653 1390 Sequens
684 1318 814 1372 illud
839 1316 1084 1371 futurum
1123 1333 1136 1368 :
1163 1315 1346 1386 itaque
1375 1315 1443 1370 ad
1477 1330 1657 1369 rerum
1683 1315 1845 1382 linem
1873 1329 1990 1368 om-

417 1411 571 1463 nium
601 1408 912 1479 cognitione
961 1406 1242 1475 perducta,
1283 1405 1555 1475 quidquid
1608 1404 1852 1458 futurum
1906 1411 1991 1458 est

418 1499 672 1570 intelligit
719 1518 733 1552 :
785 1513 886 1552 nec
934 1507 1115 1552 tamen
1173 1496 1466 1566 cujuslibet
1494 1495 1718 1549 omnino
1750 1494 1851 1559 rei,
1892 1509 1990 1549 cur

417 2151 523 2205 est,
560 2141 691 2207 Deo,
724 2140 871 2211 quod
903 2139 1212 2209 eujusmodi
1239 2138 1473 2208 quisque
1505 2138 1577 2194 sit
1599 2137 1820 2194 futurus
1843 2155 1984 2208 prae-

418 2232 634 2296 viderit,
659 2246 856 2287 causas
911 2231 1074 2285 etiam
1109 2230 1465 2298 quamobrem
1500 2229 1767 2299 ejusmodi
1798 2229 1870 2285 sit
1903 2229 1988 2284 fu-

420 2331 598 2390 turus,
629 2337 860 2392 quaeque
891 2321 960 2375 ab
985 2335 1049 2376 eo
1086 2321 1171 2375 vel
1211 2320 1458 2389 improbe
1490 2320 1573 2375 vel
1602 2321 1860 2390 praeclare
1894 2336 1987 2390 ge-

420 2415 586 2470 renda
627 2414 756 2480 sint,
789 2428 910 2468 esse
941 2421 1242 2482 perspecta.
1277 2411 1475 2482 Atque,
1526 2421 1586 2466 ut
1614 2412 1802 2478 libere,
1840 2412 1986 2483 quod

418 2521 508 2560 res
537 2516 639 2571 est,
670 2506 1013 2575 eloquamur,
1063 2520 1171 2559 non
1231 2503 1323 2559 Dei
1374 2504 1537 2559 modo
1591 2506 1981 2575 pramotionem

418 2611 601 2650 rerum
639 2611 860 2650 causam
895 2610 1001 2648 non
1029 2609 1152 2650 esse
1193 2593 1316 2665 (nec
1363 2595 1509 2649 enim
1536 2609 1697 2665 quem
1731 2606 1986 2664 peccatu-

414 2704 540 2743 rum
571 2687 712 2742 Deus
737 2703 858 2742 esse
897 2687 1163 2757 praevidit,
1198 2702 1324 2742 eum
1369 2689 1498 2742 dum
1541 2704 1598 2744 re
1630 2689 1746 2758 ipsa
1777 2698 1983 2758 peccat,

416 2781 484 2836 ad
515 2781 727 2836 facinus
753 2781 910 2850 quasi
943 2795 1108 2834 manu
1139 2780 1406 2852 deducit),
1430 2783 1524 2836 sed
1554 2781 1743 2846 etiam,
1773 2783 1919 2851 quod
1953 2799 1985 2838 a

415 2871 695 2929 communi
738 2886 900 2926 sensu
961 2870 1228 2926 remotius
1281 2871 1524 2941 quidem,
1554 2871 1648 2925 sed
1679 2887 1868 2926 verum
1903 2881 1987 2927 ta-

415 2979 540 3019 men
572 2973 678 3029 est,
713 2963 764 3016 id
791 2963 970 3032 ipsum
994 2964 1141 3032 quod
1170 2960 1417 3015 futurum
1441 2963 1532 3025 sit,
1557 2961 1825 3027 ejusmodi
1848 2979 1986 3033 prae-

415 3057 654 3112 notionis
679 3070 902 3110 causam
931 3069 1070 3109 esse.
1091 3051 1278 3123 Neque
1304 3055 1471 3124 288
1497 3055 1642 3108 enim
1668 3055 1870 3110 idcirco
1901 3057 1980 3119 lit,

415 3149 561 3218 quod
595 3147 840 3201 futurum
862 3161 984 3202 esse
1009 3155 1398 3216 cognoscatur,
1425 3146 1518 3200 sed
1554 3147 1698 3216 quod
1737 3146 1981 3202 futurum

417 3241 510 3304 sit,
537 3239 742 3294 idcirco
772 3237 1016 3294 futurum
1046 3253 1169 3294 esse
1199 3240 1568 3310 cognoscitur.
1607 3239 1727 3306 Quo
1763 3242 1984 3312 quidem

417 3334 472 3387 in
504 3348 724 3402 genere,
755 3333 1108 3388 distinctione
1135 3347 1274 3402 opus
1307 3340 1409 3388 est.
1445 3330 1581 3386 Nam
1616 3349 1662 3388 sn
1696 3336 1840 3404 quod
1863 3351 1983 3388 om-

416 3426 550 3478 nino
585 3423 832 3478 futurum
865 3423 1086 3487 dicitur,
1123 3423 1174 3478 id
1219 3425 1291 3478 ita
1327 3425 1452 3494 quis
1485 3425 1737 3495 accipiat,
1761 3428 1984 3496 perinde

415 3530 480 3570 ac
519 3515 566 3570 si
617 3515 762 3583 quod
799 3514 1086 3585 praevisum
1123 3524 1225 3582 est,
1253 3514 1472 3569 evenire
1505 3531 1726 3572 necesse
1753 3518 1843 3583 sit,
1880 3519 1984 3574 hoc

413 3623 544 3663 vero
577 3607 802 3662 minime
833 3607 1049 3661 damus.
1085 3605 1196 3661 Nec
1228 3609 1397 3674 enim,
1445 3609 1590 3679 quod
1628 3610 1852 3678 praevisa
1887 3608 1985 3664 Ju-

415 3701 499 3756 dae
555 3701 792 3772 proditio
842 3700 1026 3768 fuerit,
1081 3699 1277 3755 Judam
1335 3711 1620 3772 propterea
1671 3706 1982 3758 necessario

415 3791 746 3862 proditorem
779 3791 949 3848 fuisse
981 3793 1353 3849 concedimus.
1407 3793 1722 3857 Enimvero,
1783 3795 1982 3865 quibus

414 3886 471 3939 in
504 3883 890 3955 prophetarum
936 3885 1172 3940 oraculis
1207 3883 1449 3940 futurqu
1498 3885 1649 3942 Judae
1678 3887 1855 3943 scelus
1882 3903 1982 3942 cx-

413 3975 691 4046 primitur,
743 3975 936 4030 iisdem
996 3975 1238 4030 hominis
1288 3977 1582 4032 incessitur
1630 3978 1982 4048 carpiturque

415 4066 757 4135 improbitas,
791 4076 952 4136 atque
985 4069 1230 4120 omnium
1255 4067 1308 4121 in
1335 4069 1508 4123 oculis
1541 4069 1835 4139 indignitas
1865 4071 1984 4140 ejus

416 4160 790 4229 probrumque
824 4160 1150 4215 traducitur.
1199 4159 1304 4226 Qui
1341 4161 1387 4214 si
1435 4161 1503 4215 ad
1539 4162 1901 4231 proditionem
1934 4163 1983 4215 vi

415 4266 481 4305 ac
523 4251 846 4305 necessitate
878 4261 1183 4320 raperetur,
1217 4268 1315 4308 nec
1347 4255 1572 4324 reliquis
1603 4256 1864 4325 apostolis
1888 4271 1985 4326 per

417 4355 538 4395 eam
573 4341 769 4396 similis
802 4356 923 4396 esse
952 4351 1162 4411 posset,
1211 4345 1362 4398 omni
1393 4343 1639 4414 profecto
1663 4345 1892 4401 crimine
1921 4362 1985 4402 ac

2090 2136 2403 2198 ἀποστόλοις
2443 2135 2716 2203 γενέσθαι.
2755 2136 2896 2206 Ὅρα
2923 2136 2978 2188 δὲ
3002 2138 3049 2188 εί
3101 2137 3174 2208 μὴ
3215 2137 3386 2192 ταῦτα
3419 2139 3680 2208 δηλοῦται

2086 2229 2152 2282 δι’
2185 2223 2261 2283 ὧν
2295 2228 2732 2300 παραθησόμεθα
2765 2229 2943 2298 ῥητῶν
2973 2229 3142 2294 οὔτως
3179 2231 3415 2301 ἐχόντων
3437 2250 3449 2262 ·
3476 2254 3494 2283 ι
3525 2233 3684 2304 Μηδὲ

2086 2321 2369 2393 γενηθήτω
2410 2320 2712 2392 οἰκτίρμων
2764 2323 2876 2382 τοῖς
2921 2322 3174 2390 ὀρφανοῖς
3221 2325 3419 2388 αὑτοῦ,
3460 2325 3573 2378 ἀνθ’
3605 2319 3685 2380 ὧν

2085 2413 2184 2466 οὐκ
2205 2413 2445 2484 ἐμνήσθη
2470 2414 2690 2482 ποιῆσαι
2709 2411 2879 2476 ἕλεος.
2909 2414 3016 2466 Καὶ
3043 2415 3363 2479 κατεδίωξεν
3385 2417 3678 2487 ἄνθρωπον

2087 2506 2294 2580 πένητα
2325 2505 2418 2557 καὶ
2451 2505 2684 2574 πτωχὸν,
2710 2504 2801 2556 καὶ
2847 2507 3314 2576 κατανενυγμένον
3357 2512 3422 2581 τῇ
3459 2511 3684 2580 καρδίᾳ,

2085 2597 2180 2650 τοῦ
2202 2596 2510 2650 θανατῶσαι
2553 2597 2696 2664 (58)⁶
2735 2597 2829 2649 καὶ
2856 2598 3110 2667 ἠγάπησε
3134 2599 3399 2670 κατάραν,
3431 2603 3524 2654 καὶ
3553 2601 3680 2671 ἥξει

2085 2688 2234 2759 αὐτῷ
2256 2705 2268 2718 ·
2307 2689 2400 2741 καὶ
2427 2689 2526 2740 οὐκ
2553 2687 2816 2759 ἠθέλησεν
2848 2690 3118 2758 εὐλογίαν,
3150 2691 3244 2743 καὶ
3294 2693 3683 2764 μακρυνθήσε-

2084 2795 2174 2830 ται
2202 2778 2294 2830 ἀπ’
2326 2777 2511 2830 αὑτοῦ.
2563 2798 2581 2829 ο
2622 2779 2682 2830 El
2716 2778 2771 2830 δέ
2813 2795 2896 2840 τις
2929 2779 3248 2849 διηγήσεται
3305 2781 3365 2833 τὸ
3399 2798 3418 2831 ι
3452 2782 3675 2846 πάντως

2086 2869 2238 2924 ἔσται
2274 2889 2292 2921 ι
2318 2868 2457 2922 κατᾶ
2485 2868 2547 2922 τὸ
2576 2872 2862 2940 σημαίνειν
2897 2866 3050 2936 αὐτὸ,
3071 2872 3264 2940 λέγων,
3287 2875 3368 2926 ὅτι
3407 2873 3557 2927 ἔσται
3575 2877 3684 2944 μὲν

2085 2960 2210 3014 τάδε
2239 2960 2376 3022 τινὰ,
2406 2960 2678 3030 ἐνεδέχετο
2709 2961 2766 3014 δὲ
2792 2961 2886 3014 καὶ
2912 2963 3112 3033 ἑτέρως
3136 2965 3406 3032 γενέσθαι,
3426 2967 3584 3019 τοῦτο
3603 2968 3682 3030 ὡς

2087 3052 2283 3123 ἀληθὲς
2317 3053 2730 3123 συγχωροῦμεν.
2769 3054 2872 3107 Τὸν
2907 3055 3004 3125 μὲν
3044 3057 3152 3127 γὰρ
3185 3057 3319 3111 Θεὸν
3341 3059 3440 3111 οὐκ
3466 3059 3682 3129 ἐνδέχε-

2085 3158 2173 3195 ται
2204 3141 2530 3210 ψεύσασθαι,
2567 3143 2841 3214 ἐνδέχεται
2885 3145 2941 3198 δὲ
2987 3147 3115 3217 περὶ
3151 3147 3260 3200 τῶν
3312 3150 3680 3221 ἐνδεχομένων

2086 3234 2338 3303 γενέσθαι
2368 3236 2462 3288 καὶ
2487 3234 2560 3307 μὴ
2591 3237 2843 3304 γενέσθαι
2869 3238 3132 3308 φρονῆσαι
3163 3241 3223 3292 τὸ
3244 3242 3498 3310 γενέσθαι
3532 3245 3674 3299 αὐτὰ

2086 3327 2182 3380 καὶ
2217 3326 2290 3397 μὴ
2315 3326 2586 3396 γενέσθαι.
2623 3329 2962 3400 Σαφέστερον
2990 3329 3046 3383 δὲ
3093 3331 3251 3385 τοῦτο
3301 3335 3532 3407 ἐροῦμεν
3575 3336 3674 3389 οὖ-

2083 3437 2222 3484 τως·
2269 3422 2330 3474 Εἰ
2376 3422 2649 3492 ἐνδέχεται
2697 3420 2893 3473 Ἰούδαν
2942 3417 3080 3475 εἶναι
3133 3423 3427 3479 ἀπόστολον
3468 3428 3678 3497 ὁμοίως

2084 3513 2310 3583 Πέτρῳ,
2354 3511 2628 3582 ἐνδέχεται
2679 3511 2770 3564 τὸν
2803 3510 2933 3564 Θεὸν
2960 3513 3146 3582 νοῆσαι
3186 3515 3432 3586 περὶτοῦ
3480 3519 3672 3586 Ἰούδα,

2084 3603 2164 3655 ὅτι
2195 3604 2348 3671 μενεῖ
2374 3602 2668 3665 ἀπόστολος
2690 3602 2888 3672 ὁμοίως
2910 3602 3122 3674 Πέτρῳ.
3144 3605 3206 3657 Εἰ
3235 3605 3506 3678 ἐνδέχεται
3543 3612 3670 3665 Ἰού-

2083 3693 2180 3746 δαν
2214 3692 2482 3763 προδότην
2501 3693 2778 3761 γενέσθαι,
2814 3693 3089 3762 ἐνδέχεται
3119 3696 3210 3748 τὸν
3243 3696 3376 3751 Θεὸν
3405 3701 3672 3771 φρονῆσαι

2085 3787 2210 3856 περὶ
2243 3784 2431 3847 αὐτοῦ,
2465 3787 2548 3838 ὅτι
2571 3787 2838 3857 προδότης
2862 3785 3036 3840 ἔσται.
3057 3787 3119 3840 ΕΞ
3149 3788 3206 3843 δὲ
3230 3791 3494 3863 προδότης
3517 3793 3672 3850 ἔσται

2097 3877 2316 3941 Ἰούδας,
2344 3879 2372 3930 6
2404 3877 2534 3941 Θεὸς
2565 3881 2630 3948 τῇ
2657 3877 2962 3948 προγνώσει
2991 3879 3158 3934 αὑτοῦ
3199 3881 3306 3934 τῶν
3345 3888 3667 3956 προειρημέο

2083 3986 2189 4022 νων
2238 3969 2602 4040 ἐνδεχομένων
2647 3970 2742 4024 δύο
2780 3973 3107 4040 γεγονότων,
3160 3973 3254 4027 τοῦ
3290 3971 3427 4028 εἶναι
3475 3977 3592 4052 (59)
3615 3983 3675 4032 ἐν

2085 4061 2233 4134 αὐτῷ
2256 4063 2316 4115 τὸ
2341 4063 2537 4134 ἀληθὲς
2568 4065 2979 4134 προγινώσκων,
3003 4067 3380 4138 προγνώσεται
3408 4071 3500 4125 τὸν
3542 4074 3675 4126 Ἰού-

2083 4151 2178 4204 δαν
2209 4153 2473 4224 προδότην
2506 4153 2793 4222 γενέσθαι·
2823 4155 2882 4208 τὸ
2914 4156 2971 4209 δὲ
3001 4159 3129 4228 περὶ
3160 4153 3220 4212 οὗ
3253 4161 3284 4230 ἡ
3316 4159 3548 4228 γνῶσις,
3582 4166 3673 4218 ἐν·

2084 4242 2299 4313 δέχεται
2328 4245 2422 4297 καὶ
2449 4245 2652 4314 ἑτέρως
2673 4246 2950 4314 γενέσθαι.
2990 4249 3100 4301 Καὶ
3125 4249 3272 4317 λέγοι
3303 4251 3368 4304 ἂν
3406 4253 3440 4324 η
3470 4254 3674 4322 γνῶσις

2086 4333 2180 4386 τοῦ
2209 4334 2364 4400 Θεοῦ,
2392 4336 2473 4388 ὃτι
2509 4337 2782 4406 ἐνδέχεται
2809 4339 2909 4409 μὲν
2935 4338 3085 4392 τόνδε
3115 4342 3233 4394 τόδε
3258 4344 3514 4414 ποιῆσαι,
3537 4346 3675 4402 ἀλλὰ

414 4431 619 4501 probro
652 4440 890 4486 vacaret.
934 4430 1064 4487 Vide
1087 4447 1239 4503 ergo,
1285 4449 1415 4489 num
1465 4435 1517 4489 id
1551 4435 1727 4504 ipsum
1765 4436 1985 4490 disertis

2090 4427 2180 4478 καὶ
2208 4427 2268 4478 τὸ
2291 4426 2546 4480 ἐναντίον.
2597 4429 2991 4501 Ἐνδεχομένων
3036 4431 3093 4485 δὲ
3127 4433 3449 4505 ἀμφοτέρων
3470 4476 3485 4501 ,
3525 4434 3669 4504 οἶδα,

416 4522 567 4577 hisce
589 4522 865 4591 Propheta
910 4524 1297 4593 conceptisque
1320 4523 1501 4579 verbis
1535 4525 1744 4594 aperiat
1773 4543 1786 4578 :
1823 4543 1842 4576 ι
1873 4523 1986 4579 Nec

414 4616 507 4678 sit,
539 4615 631 4686 qui
688 4615 1011 4670 misereatur
1046 4615 1263 4684 pupillis
1302 4615 1447 4686 ejus,
1478 4632 1578 4686 pro
1605 4632 1672 4672 eo
1698 4618 1842 4686 quod
1879 4635 1984 4673 non

413 4713 497 4760 est
564 4707 879 4762 recordatus
945 4706 1122 4762 facere
1175 4707 1624 4763 misericordiam.
1688 4709 1756 4764 Et
1807 4726 1991 4780 perse-

413 4806 574 4853 cutus
627 4808 710 4854 est
771 4799 1044 4853 hominem
1100 4799 1351 4868 inopem,
1417 4809 1470 4855 et
1537 4801 1874 4866 mendicum,
1937 4813 1989 4858 et

414 4899 803 4960 compunctum
858 4891 1020 4946 corde
1081 4892 1429 4946 mortiﬁcare.
1480 4891 1545 4947 Et
1576 4893 1765 4948 dilexit
1817 4895 1988 4950 male-

487 5094 598 5165 (57)
629 5092 998 5166 fArsdéxeto.
1011 5093 1210 5166 Facilis
1235 5094 1543 5166 emendatio
1564 5103 1664 5161 est,
1693 5096 1986 5166 ἐνεδέχετο.

415 5163 529 5219 Hoc
563 5163 707 5219 enim
738 5167 961 5236 verbum
988 5164 1054 5218 iis
1086 5167 1320 5236 maxime
1361 5166 1428 5219 de
1472 5165 1637 5219 rebus
1671 5163 1988 5236 usurpatur,

416 5251 539 5302 qua:
573 5245 863 5306 utramque
912 5234 986 5306 in,
1012 5244 1218 5303 partem
1248 5235 1308 5300 ἐξ
1336 5235 1453 5288 ἴσου
1494 5237 1710 5290 evenire
1738 5234 1988 5306 possunt,

417 5314 478 5358 ut
515 5305 677 5369 paulo
712 5313 835 5370 post
863 5305 1082 5372 sapius.

488 5374 599 5443 (58)
634 5375 744 5445 Τοῦ
775 5372 1129 5429 θανατῶσαι.
1160 5372 1358 5445 Supple
1385 5376 1564 5430 ἕνεκα.
1596 5375 1753 5442 Quod
1785 5377 1837 5430 in
1867 5376 1993 5430 Vul-

416 5452 540 5514 gata
572 5444 733 5514 paqu
763 5445 1085 5510 obscurius,
1117 5455 1166 5498 et
1210 5444 1577 5514 compunctum
1617 5447 1771 5500 corde
1803 5449 1992 5500 morti-

415 5513 597 5588 ﬁcqre.
633 5513 817 5588 Itaque
843 5524 968 5588 post
1002 5516 1219 5588 καρδίᾳ,
1248 5524 1303 5570 et
1328 5513 1514 5580 'corde,
1543 5517 1848 5572 adhibenda
1879 5519 1992 5571 vir-

419 5582 544 5647 gula
585 5591 668 5636 est
697 5582 1097 5657 :signilicatur
1129 5582 1308 5653 enim,
1335 5601 1461 5641 eum
1506 5588 1608 5642 hoc
1649 5588 1832 5641 animo
1863 5603 1990 5657 per-

421 5661 667 5733 secutum
705 5667 828 5733 esse
876 5656 1150 5714 hominem
1184 5658 1369 5714 dolore
1403 5657 1519 5729 jam
1567 5656 1896 5724 confectum,
1937 5677 1996 5724 ιιι
2097 5656 2288 5733 ιῆθίᾞῖξ

420 5721 470 5775 ei
501 5725 661 5777 vitam
691 5725 940 5793 eriperet.

2093 4517 2174 4569 ὅτι
2202 4517 2328 4572 τάδε
2357 4519 2594 4588 ποιήσει.
2636 4521 2714 4573 Οὐ
2741 4521 2850 4592 γὰρ
2877 4521 3066 4592 ὥσπερ
3091 4526 3119 4576 ὁ
3142 4524 3270 4588 Θεὸς
3294 4527 3438 4580 εἴποι
3465 4527 3550 4593 ἂν,
3573 4531 3676 4584 ούκ

2091 4608 2359 4677 ἐνδέχεται
2385 4609 2535 4661 τόνδε
2559 4609 2677 4663 τινὰ
2709 4611 2798 4664 τὸν
2824 4611 3107 4684 ἄνθρωπον
3134 4615 3354 4686 πτῆναι,
3379 4615 3522 4671 οὕτω
3539 4636 3678 4691 χρη-

2093 4699 2249 4768 σμὸν,
2287 4699 2420 4770 φέρε
2477 4703 2670 4765 εἰπεῖν,
2706 4704 2833 4774 περί
2864 4721 3006 4768 τινος
3055 4705 3230 4770 διδοὺς
3276 4709 3420 4778 ἐρεῖ,
3452 4710 3535 4762 ὅτι
3573 4712 3678 4766 ούκ

2092 4790 2361 4859 ἐνδέχεται
2394 4792 2542 4846 τόνδε
2579 4797 2942 4866 σωφρονῆσαι.
2975 4798 3215 4868 Δύναμις
3243 4801 3340 4870 μὲν
3361 4802 3470 4874 γὰρ
3494 4805 3674 4874 πάντη

2089 4881 2191 4935 οὐκ
2220 4881 2334 4935 ἐστι
2363 4882 2456 4936 τοῦ
2485 4884 2684 4955 πτῆναι
2718 4887 2969 4958 οὐδαμῶς
2992 4891 3048 4942 ἐν
3069 4889 3148 4960 τῷ
3171 4891 3462 4964 ἀνθρώπῳ,
3516 4895 3675 4950 δύνα-

2163 5103 2271 5173 (39)
2312 5104 2420 5158 Τοῦ
2448 5101 2617 5159 εἶναι.
2650 5105 3034 5164 Subobscurus
3061 5109 3232 5166 locus.
3278 5113 3360 5166 An
3407 5118 3667 5172 mutanda

2091 5171 2370 5228 distinctio
2404 5183 2523 5254 _est,
2569 5183 2624 5230 et
2672 5178 2780 5254 ceti
2808 5174 2972 5254 εἶναι
3007 5197 3130 5234 cum
3178 5183 3542 5254 ,ἐνδεχομένων
3594 5171 3666 5242 ita

2093 5245 2538 5322 construendum,
2589 5255 2650 5300 ut
2679 5249 3076 5322 subintelligas
3123 5245 3411 5322 χάρινἯώΙ
3467 5256 3666 5322 ἓνεκας

2091 5313 2172 5401 An
2225 5316 2298 5398 ita
2349 5316 2528 5399 potius
2575 5318 2912 5401 _ordinan_da~
2952 5313 3260 5401 sententia?
3329 5325 3386 5380 '0
3410 5325 3545 5401 Θεὸς
3600 5313 3665 5401 τῇ

2093 5384 2398 5464 προγνώσει
2441 5385 2625 5464 αὐτοῦ,
2671 5391 2729 5440 ἐν
2774 5389 2922 5464 αὐτῷ
2947 5389 3007 5464 τὸ
3047 5391 3243 5464 ἀληθὲς
3277 5384 3669 5464 προγινώσκων

2091 5451 2184 5505 τοῦ
2216 5451 2363 5531 εἶναι
2407 5455 2514 5531 τῷν
2557 5474 2848 5531 προειρημ.
2895 5451 3065 5531 ἐνδεχ.
3110 5451 3156 5516 δ’.
3192 5451 3372 5531 γεγον.
3395 5451 3486 5519 Ἀιι
3519 5451 3669 5520 deni-

2093 5539 2217 5593 que,
2265 5525 2360 5578 τοῦ
2414 5522 2569 5580 εἶναι
2599 5522 2870 5598 sumit-ur,
2896 5522 3045 5601 _prd'
3069 5531 3164 5585 τοῦ
3203 5522 3408 5601 hinc,
3453 5537 3536 5590 vel
3575 5538 3668 5592 τοῦ

2094 5601 2390 5681 ἐσομένου
2452 5607 2813 5681 πράγματος,
2895 5598 3090 5672 Elige;
3158 5598 3496 5674 postrerhum
3566 5609 3668 5664 hoc

2360 5723 2388 5742 οδ
