3856 6224
164 289 276 345 ιιιδ

1331 288 1654 343 ΡΒᾹΞΡΑΒ.
1696 289 1950 345 ΕΥΑΝΟ.
1997 287 2121 344 LIB.
2166 286 2254 345 Vl.

3273 341 3276 346 _
3327 278 3434 335 194

167 428 265 479 μις
301 408 358 463 δέ
407 413 523 464 ἐστι
573 411 665 464 τοῦ
704 413 1052 483 σωφρονῆσαι
1085 413 1181 464 καὶ
1222 410 1318 464 τοῦ
1352 412 1744 481 ἀκολαστῆσαι.

1869 411 2164 476 lictionem,
2227 420 2280 465 et
2318 407 2496 462 veniet
2545 405 2634 459 ei:
2667 411 2721 458 et
2754 400 2929 456 noluit
2975 395 3434 460 benedictionem,

163 494 271 556 Ὧν
289 505 616 575 ἀμφοτέρων
647 505 930 574 δυνάμεων
965 503 1348 574 ὑπαρχουσῶν,
1390 505 1418 557 ὁ
1467 502 1542 574 μὴ
1587 519 1757 574 προσ-

166 594 309 664 έχων
353 597 531 665 λόγοις
582 598 987 667 ἐπιτρεπτικοῖς
1026 601 1121 650 καὶ
1163 597 1528 659 παιδευτικοῖς
1565 595 1756 648 ἑαυτὸν

170 687 447 740 ἐπιδίδωσι
488 691 554 758 τῇ
605 688 883 759 χειρίστῃο
918 689 1190 760 κρείττονι
1237 687 1293 740 δὲ
1341 688 1369 739 ὁ
1414 688 1656 758 ζητήσας
1698 685 1758 738 τὸ

167 778 389 847 ἀληθὲς,
419 781 512 831 καὶ
543 779 737 848 βιῶσαι
772 779 1168 850 βεϐουλημένος
1206 781 1326 833 κατ’
1365 778 1517 833 αὐτό.
1553 780 1628 832 Οὐ
1663 778 1760 850 ζη-

168 871 326 924 τεῖδέ
358 871 443 924 ὅδε
490 873 587 942 μὲν
625 873 834 942 τάληθῆ
860 911 876 937 ,
908 874 1031 925 ἐπεὶ
1056 872 1343 945 ἐπιρρέπει
1377 873 1469 924 ἐπὶ
1509 872 1608 942 τὴν
1638 871 1761 942 ἡδο-

168 965 291 1035 νὴν,
326 965 410 1016 ὅδε
451 965 505 1016 δὲ
541 964 780 1030 ἐξετάζει
824 966 950 1036 περὶ
982 964 1192 1030 αὐτῶν,
1227 964 1466 1036 αἱρεθεὶς
1517 964 1623 1019 ὑπὸ
1653 964 1760 1016 τῶν

171 1056 364 1108 κοινῶν
387 1056 628 1118 ἐννοιῶν,
656 1073 752 1108 και
774 1056 934 1124 λόγου
969 1055 1389 1128 προτρεπτικοῐλ
1420 1055 1588 1108 Πάλιν
1620 1054 1665 1108 δ’
1693 1049 1759 1108 αὖ

170 1148 258 1201 ὅδε
289 1149 386 1218 μὲν
412 1151 650 1219 αἱρεῖται
678 1148 775 1219 τὴν
797 1150 1014 1220 ἡδονὴν,
1037 1151 1156 1219 οὐχὶ
1182 1149 1242 1201 ού
1287 1149 1584 1219 δυνάμενος
1617 1149 1764 1202 ἀντι-

172 1237 392 1291 ϐλέπειν
417 1239 578 1308 αὐτῇ,
609 1239 720 1291 ἀλλ’
748 1241 848 1292 οὐκ
896 1239 1298 1309 ἀγωνιζόμενος
1319 1256 1332 1269 ⁸
1380 1240 1465 1292 ὅδε
1508 1239 1564 1292 δὲ
1596 1256 1764 1292 κατα-

173 1333 362 1399 φρονεῖ
390 1332 584 1400 αὐτῆς,
613 1331 675 1383 τὸ
701 1331 949 1402 ἄσχημον
982 1331 1125 1402 ὁρῶν
1154 1332 1212 1384 τὸ
1246 1333 1303 1384 ἐν
1345 1333 1482 1402 αὐτῇ
1508 1331 1764 1394 πολλάκις

171 1422 461 1491 τυγχάνον.
502 1425 622 1476 Ὀτι
653 1424 833 1492 μέντοι
855 1441 918 1492 γε
948 1426 980 1495 ἠ
1008 1425 1314 1494 πρόγνωσις
1355 1423 1450 1476 τοῦ
1489 1423 1622 1476 Θεοῦ
1665 1424 1766 1476 οὑκ

171 1511 421 1582 ἀνάγκην
452 1512 726 1582 ἐπιτίθησι
744 1515 855 1575 τοῖς
885 1513 1016 1584 περὶ
1042 1507 1116 1566 ὧν
1139 1512 1458 1582 κατείληφε,
1488 1512 1624 1582 πρὸς
1651 1515 1766 1575 τοῖς

173 1620 404 1674 προειρη
415 1603 596 1674 μένοις
606 1603 869 1657 καὶτοῦτο
885 1605 1115 1671 λέξεται,
1131 1606 1212 1658 ὄτι
1227 1604 1492 1675 πολλαχοῦ
1506 1605 1611 1657 τῶν
1627 1603 1664 1655 Γ
1670 1621 1768 1675 ρα-

173 1694 294 1764 φῶν
314 1695 446 1759 Θεὸς
468 1695 677 1748 κελεύει
691 1698 817 1760 τοὺς
835 1700 1120 1766 προφήτας
1143 1696 1438 1768 κηρύσσειν
1455 1696 1762 1766 μετάνοιαν,

1856 515 1911 560 et
1951 504 2292 576 elongabitur
2324 501 2392 555 ab
2429 514 2494 554 eo
2518 499 2584 551 θ’.
2643 515 2662 549 ι
2725 493 2820 549 Sin
2875 501 3056 548 autem
3121 489 3255 571 illud
3294 488 3436 542 idem

1857 598 2002 666 quod
2025 596 2252 650 omnino
2284 593 2530 647 futurum
2555 589 2777 653 dicitur,
2803 586 2876 640 ita
2909 585 3056 654 quis,
3091 592 3254 654 prout
3281 595 3437 635 asse-

1861 687 2157 743 verationis
2205 685 2370 756 hujus
2424 680 2752 752 signiﬁcatio
2804 677 3079 748 postulat,
3134 672 3434 742 intelliget,

1860 781 2022 851 quasi
2079 779 2326 834 futurum
2379 777 2452 833 sit
2513 773 2649 829 illud
2695 773 2938 842 quidem,
2989 778 3243 824 caeterum
3280 767 3439 821 aliter

1861 873 2025 927 etiam
2055 869 2274 926 evenire
2321 866 2592 938 potuisset
2636 881 2650 918 :
2697 863 2753 918 id
2775 871 3036 931 tanquam
3069 873 3261 914 verum
3294 857 3440 911 ultro

1861 965 2120 1020 fatemur.
2154 962 2290 1016 Nam
2329 970 2389 1016 ut
2413 960 2632 1014 mentiri
2663 958 2807 1014 Deus
2837 956 3062 1026 fallique
3091 968 3202 1010 non
3238 960 3437 1022 potest,

1863 1059 1937 1112 ita
1969 1072 2091 1127 qua
2117 1055 2234 1110 ﬁeri
2263 1068 2418 1123 aeque
2452 1067 2516 1107 ac
2542 1068 2651 1106 non
2678 1051 2794 1105 tieri
2821 1055 3076 1119 possunt,
3102 1046 3293 1102 eadem
3322 1046 3441 1115 ipse

1864 1149 2047 1204 futura
2079 1131 2242 1202 nosse
2273 1145 2496 1216 pariter,
2530 1151 2624 1198 aut
2650 1158 2760 1197 non
2795 1140 2976 1196 futura
3005 1147 3201 1209 potest.
3236 1135 3442 1192 Verum

1864 1230 2162 1294 dilucidius
2191 1239 2295 1293 hac
2327 1238 2394 1292 de
2422 1252 2480 1291 re
2524 1236 2674 1290 hunc
2724 1235 2780 1288 in
2832 1233 3055 1288 modum
3111 1237 3442 1287 statuemus.

1867 1329 1924 1386 Si
1957 1330 2120 1385 Petro
2144 1329 2342 1384 similis
2373 1327 2654 1398 apostolus
2674 1324 2844 1380 Judas
2872 1339 2995 1379 esse
3021 1330 3224 1393 potest,
3260 1328 3448 1392 potest

1865 1423 2030 1477 etiam
2059 1421 2204 1476 Deus
2232 1419 2428 1475 Judam
2463 1418 2778 1489 apostolum
2829 1414 2991 1470 Petro
3031 1413 3264 1469 similem
3293 1409 3444 1465 futu-

1867 1531 1989 1570 rum
2025 1529 2378 1585 cognoscere.
2413 1511 2697 1570 Similiter,
2736 1509 2783 1562 si
2830 1507 3074 1578 proditor
3119 1503 3288 1559 Judas
3321 1515 3447 1558 esse

1868 1617 2068 1678 potest,
2102 1615 2279 1678 potest
2309 1620 2526 1676 quoque
2555 1602 2701 1658 Deus
2730 1601 2882 1656 illum
2912 1615 3074 1656 nosse
3107 1597 3445 1668 proditorem

1870 1700 2144 1755 futurum.
2198 1696 2316 1753 Jam
2353 1697 2399 1751 si
2432 1712 2492 1751 re
2521 1696 2635 1765 ipsa
2661 1695 2908 1765 proditor
2937 1691 3107 1746 Judas
3136 1688 3259 1757 erit,
3299 1688 3446 1743 Deus

173 1788 236 1839 οὐ
275 1791 783 1859 προσποιησάμενος
824 1765 940 1858 (40)
985 1765 1046 1840 τὸ
1097 1765 1414 1855 ἐγνωκέναι,
1460 1765 1690 1858 πότερον
1715 1788 1764 1840 οἱ

1870 1807 2023 1855 sane,
2053 1791 2147 1860 qui
2184 1798 2481 1858 utrumque
2529 1787 2663 1842 illud
2696 1786 2813 1840 ﬁeri
2844 1799 3007 1856 posse
3050 1781 3340 1853 prasnovit,
3383 1785 3447 1834 ut

173 1878 508 1942 ἀκούσαντες
533 1879 975 1949 ἐπιστρέφουσιν,
1007 1879 1039 1950 ἢ
1065 1883 1178 1943 τοῖς
1206 1880 1601 1950 ἁμαρτήμασιν
1645 1879 1768 1931 ἐαυ-

173 1969 286 2023 τῶν
319 1971 668 2041 ἐμμενοῦσιν.
721 1974 932 2043 ’Ὠσπερ
989 1973 1047 2024 ἐν
1094 1970 1172 2040 τῷ
1229 1971 1470 2042 Ἱερεμίᾳ
1510 1970 1761 2038 λέγεται·

181 2079 202 2111 ι
237 2063 399 2124 Ἴσως
448 2063 805 2128 ἀκούσονται,
861 2065 956 2116 καὶ
989 2064 1429 2134 μετανοήσουσιν.
1487 2083 1505 2116 ι
1559 2065 1632 2117 Οὐ
1659 2063 1769 2137 γὰρ

175 2151 392 2218 ἀγνοῶν
419 2153 448 2204 ό
494 2153 660 2217 Θεὸς,
694 2155 920 2226 πότερον
965 2154 1289 2209 ἀκούσουσιν
1335 2155 1369 2226 ἢ
1432 2153 1492 2207 οὗ
1516 2197 1530 2220 ,
1567 2157 1765 2227 φησίν·

179 2243 342 2306 Ἴσως
374 2243 712 2306 ἀκούσονται,
746 2247 840 2298 καὶ
867 2247 1288 2317 μετανοήσουσιν
1307 2263 1320 2275 ·
1361 2245 1476 2299 ἀλλ’
1519 2247 1678 2300 οἱονεὶ
1708 2247 1771 2301 τὸ

179 2334 488 2388 ἰσοστάσιον
534 2335 643 2389 τῶν
672 2337 951 2406 δυνάμεων
981 2337 1236 2406 γενέσθαι
1293 2339 1508 2401 δεικνὺς
1556 2339 1620 2392 ἐκ
1662 2339 1770 2392 τῶν

176 2425 514 2496 λεγομένων,
545 2427 631 2480 ἵνα
677 2430 749 2500 μὴ
772 2472 786 2495 ,
826 2429 1416 2501 προκατηγγελμένηή
1463 2431 1770 2500 πρόγνωσις

178 2518 349 2572 αὐτοῦ
379 2558 395 2582 ,
450 2529 782 2574 καταπεσεῖν
830 2523 1033 2594 ποιήσῃ
1059 2523 1185 2585 τοὺς
1241 2522 1556 2587 ἀκούοντας,
1612 2523 1770 2588 δόξαν

176 2610 431 2693 ἀνάγκης
473 2613 821 2681 παριστᾶσα,
867 2613 942 2675 ὡς
970 2614 1070 2666 ούκ
1119 2614 1272 2677 ὄντος
1325 2616 1411 2666 ἐπ’
1454 2615 1638 2678 αὐτοῖς
1675 2613 1768 2668 τοῦ

177 2699 530 2770 ἐπιστρέψαι,
564 2702 657 2753 καὶ
691 2700 831 2771 αύτη
863 2701 1013 2754 αίτία
1038 2701 1262 2772 γένηται
1295 2702 1407 2772 (41)
1449 2702 1558 2756 τῶν
1592 2704 1772 2774 ἁμαρ-

174 2792 441 2860 τημάτων
460 2809 474 2821 ⁸
516 2791 548 2861 ἢ
579 2793 740 2845 πάλιν
769 2796 881 2856 τοῖς
909 2795 974 2846 ὲκ
999 2793 1094 2845 τοῦ
1136 2795 1350 2862 ἀγνοεῖν
1389 2795 1449 2847 τὸ
1487 2811 1768 2865 προεγνω-

177 2885 380 2953 σμένον
410 2884 576 2936 καλὸν
599 2885 913 2956 δυναμένοις
936 2888 994 2937 ἐν
1028 2886 1104 2956 τῷ
1131 2886 1522 2954 ἀγωνίσασθαι,
1551 2887 1645 2939 καὶ
1679 2889 1771 2941 ἀν-

176 2977 430 3030 τιτείνειν
465 2978 602 3047 πρὸς
635 2977 732 3048 τὴν
763 2978 961 3031 κακίαν
987 2980 1044 3030 ἐν
1077 2980 1246 3050 ἀρετῇ
1274 2977 1487 3048 βιῶσαι,
1520 2978 1666 3031 αἰτία
1688 2979 1772 3047 γέ-

1868 1883 1947 1936 rei
1978 1881 2247 1951 cujusque
2273 1880 2558 1935 veritatem
2588 1877 2644 1932 in
2675 1892 2735 1933 se
2768 1877 2887 1946 ipso
2909 1875 3223 1946 praenoscit,
3253 1873 3329 1928 ita
3348 1870 3447 1928 Ju-

1867 1973 1994 2027 dem
2023 1987 2081 2026 re
2111 1971 2228 2041 ipsa
2259 1970 2598 2040 proditorem
2643 1967 2894 2022 futurum
2955 1970 3283 2034 praenoscet,
3317 1975 3445 2016 cum

1869 2068 2077 2122 interea
2128 2065 2276 2134 quod
2323 2078 2448 2119 eum
2483 2064 2539 2117 in
2575 2061 2798 2115 modum
2836 2056 3138 2128 cognoscit,
3173 2055 3332 2110 aliter
3376 2068 3446 2108 ex

1870 2173 1991 2214 sese
2022 2156 2243 2212 evenire
2271 2163 2476 2225 posset.
2528 2153 2718 2223 Itaque
2760 2165 2870 2205 non
2927 2149 3203 2204 immerito
3248 2146 3448 2202 divinae

1867 2248 2191 2320 praenotioni
2217 2245 2487 2318 ejusmodi
2504 2246 2681 2305 oratio
2707 2243 2978 2298 tribuatur
3003 2257 3016 2296 :
3038 2241 3300 2297 Accidere
3323 2253 3446 2294 om-

1869 2345 2002 2399 nino
2027 2349 2223 2412 potest,
2251 2340 2331 2395 uti
2365 2341 2468 2395 hoc
2502 2338 2570 2392 ab
2600 2337 2705 2392 isto
2732 2335 2858 2402 liat;
2889 2350 2989 2390 nec
3021 2334 3204 2389 minus
3239 2341 3444 2395 tamen,

1870 2433 1947 2486 uti
1975 2430 2314 2486 contrarium
2342 2449 2355 2484 :
2382 2444 2483 2498 ego
2516 2441 2670 2494 vero,
2696 2442 2821 2480 cum
2849 2426 2965 2480 ﬁeri
2993 2435 3289 2496 utrumque
3317 2439 3450 2496 pos-

1870 2526 1961 2590 sit,
1993 2524 2221 2578 alterum
2253 2523 2358 2577 hoc
2384 2521 2632 2576 futurum
2671 2518 2822 2572 novi.
2869 2515 3056 2588 Neque
3096 2519 3243 2574 enim
3279 2516 3447 2580 Deus,

1870 2615 2331 2686 quemadmodum
2359 2624 2416 2668 ut
2445 2623 2632 2668 certus
2661 2613 2751 2667 hic
2795 2612 2962 2666 homo
2992 2611 3154 2676 volet,
3187 2610 3304 2665 ﬁeri
3336 2626 3447 2664 non

1871 2723 2035 2780 posse
2064 2708 2409 2778 pronuntiat,
2441 2707 2512 2760 ita
2541 2705 2768 2776 perinde
2817 2718 2882 2759 ac
2930 2703 2979 2758 si
3029 2703 3211 2774 aliqua
3260 2701 3334 2756 de
3388 2716 3450 2757 re

1870 2801 2153 2856 oraculum
2186 2800 2391 2864 ederet,
2421 2799 2570 2852 hunc
2593 2807 2688 2852 aut
2721 2797 2874 2851 illum
2906 2803 3297 2865 temperantem
3327 2792 3448 2849 ﬁeri

1871 2912 2035 2966 posse
2077 2905 2258 2967 negat.
2286 2893 2423 2948 Nam
2458 2911 2582 2949 cum
2609 2895 2756 2948 nulla
2790 2909 3017 2964 prorsus
3048 2893 3114 2948 ad
3146 2891 3448 2946 volandum

1873 2986 2132 3042 facultate
2164 2989 2462 3041 instructus
2486 2986 2652 3056 289
2678 2987 2842 3040 homo
2874 2986 2963 3049 sit,
2990 2983 3234 3054 ejusdem
3263 2992 3449 3037 tamen

183 3086 341 3141 νηται
389 3072 424 3139 ἡ
455 3070 762 3140 πρόγνωσις
794 3069 1088 3135 ἐκλύσεως,
1113 3071 1213 3123 οὐκ
1246 3069 1327 3122 ἔτι
1352 3071 1581 3134 εὐτόνως
1616 3073 1764 3124 ἱστα-

1882 3079 2168 3148 potestatis
2201 3085 2304 3145 est,
2353 3077 2437 3132 vel
2483 3085 2850 3146 temperanter
2895 3075 2982 3131 vel
3025 3075 3450 3144 intemperanter

190 3161 369 3229 μένοις
397 3161 543 3213 κατά
571 3161 669 3232 τῆς
692 3161 987 3231 ἁμαρτίας,
1020 3162 1096 3224 ὼς
1127 3162 1344 3225 πάντως
1384 3163 1644 3233 ἐσομένου
1673 3164 1766 3216 τοῦ

187 3270 416 3324 προειρη
426 3254 613 3322 μένου.
643 3255 752 3307 Καὶ
775 3254 918 3306 ούτω
942 3254 1049 3324 γὰρ
1069 3249 1180 3314 οἷον
1197 3254 1453 3324 ἐμπόδιον
1481 3254 1678 3322 γένοιτ’
1701 3255 1770 3308 ἂν

187 3343 218 3412 ἠ
248 3345 562 3414 πρόγνωσις
587 3343 679 3396 τοῦ
707 3343 965 3414 ἐσομένου
995 3342 1182 3396 καλοῦ.
1213 3344 1398 3397 Πάντα
1424 3344 1553 3412 γοῦν
1579 3346 1772 3417 χρησί-

191 3454 301 3505 μως
323 3440 353 3490 ό
379 3438 517 3500 Θεὸς
549 3436 616 3491 τὰ
646 3437 787 3491 κατά
811 3438 902 3490 τὸν
936 3438 1138 3506 κόσμον
1169 3436 1466 3506 οἰκονομῶν
1484 3477 1499 3501 ,
1533 3438 1770 3505 εὐλόγως

188 3527 330 3597 ἡμᾶς
359 3531 460 3584 καὶ
487 3529 624 3601 πρὸς
647 3530 716 3584 τά
751 3531 1012 3601 μέλλοντα
1043 3531 1370 3598 ἐτύφλωσεν.
1407 3531 1470 3583 'H
1490 3530 1599 3603 γὰρ
1631 3529 1771 3600 γνῶ-

190 3633 270 3679 σις
299 3618 485 3672 αὐτῶν
519 3619 692 3689 ἀνῆκε
728 3621 826 3690 μὲν
857 3621 1003 3691 ἡμᾶς
1029 3621 1138 3673 ἀπὸ
1171 3619 1266 3673 τοῦ
1296 3619 1478 3672 ἀθλεῖν
1510 3621 1650 3674 κατά
1673 3622 1769 3692 τῆς

189 3709 406 3774 κακίας,
443 3709 712 3780 ἐπέτρεψε
745 3711 788 3764 δ’
807 3710 872 3764 ἂν
896 3711 1094 3776 δόξασα
1121 3711 1497 3782 κατειλῆφθαι,
1527 3712 1665 3782 πρὸς
1686 3711 1768 3774 τὸ,

192 3801 262 3872 μὴ
290 3801 787 3866 ἀντιπαλαίσαντας
824 3805 971 3874 ἡμᾶς
1001 3805 1067 3874 τῇ
1101 3804 1375 3876 ἁμαρτίᾳ,
1411 3803 1595 3873 τάχιον
1630 3804 1767 3874 αὐτῇ

189 3892 535 3965 ὑποχειρίους
567 3893 842 3962 γενέσθαι.
885 3895 1036 3965 Ἅμα
1078 3895 1135 3948 δὲ
1174 3895 1268 3948 καὶ
1315 3895 1619 3966 μαχόμενον
1658 3893 1769 3965 (42)

188 3983 413 4054 ἐγίνετο,
428 3983 508 4054 τῷ
535 3985 698 4038 καλὸν
731 3986 826 4038 καὶ
853 3985 1054 4055 ἀγαθὸν
1096 3986 1350 4055 γενέσθαι
1396 3984 1520 4039 τινὰ
1567 3985 1628 4039 τὸ
1673 3985 1770 4057 τὴν

188 4077 500 4146 πρόγνωσιν
552 4077 867 4148 ἐληλυθέναι
921 4081 1000 4143 είς
1028 4079 1178 4132 τόνδε
1223 4078 1378 4145 τινὰ,
1425 4079 1506 4132 ὅτι
1554 4079 1771 4144 πάντως

188 4169 339 4222 ἔσται
362 4169 588 4236 ἀγαθός.
620 4170 763 4241 Πρὸς
794 4167 874 4234 οἷς
906 4171 1014 4242 γάρ
1034 4169 1226 4242 ἔχομεν
1261 4170 1394 4242 (45),
1425 4170 1521 4224 καὶ
1547 4171 1773 4242 σφοδρό-

258 4283 304 4313 ³⁷
335 4281 486 4336 Psal.
525 4297 678 4348 cvm,
706 4283 794 4337 12.

258 4396 375 4468 (40)
409 4399 493 4451 Οὐ
523 4397 1103 4468 προσποιησάμενος.
1136 4397 1376 4454 Gallicus
1423 4397 1586 4452 etiam
1623 4397 1765 4451 idio-

187 4445 388 4542 uaaa'.
416 4445 1004 4542 εέιέῑιῖίάξέάξῖῑᾷι
1021 4445 1769 4542 ξξίηιῖῡᾱιῖῑῑιιςῑάζίιὶίξιῑίξιε
1798 4445 1844 4501 ι)

188 4539 371 4591 minus
419 4537 655 4605 patitur;
697 4538 844 4592 aliud
874 4539 1019 4592 enim
1067 4549 1167 4599 est,
1202 4554 1306 4591 non
1335 4537 1526 4592 stmulo
1557 4554 1638 4592 me
1669 4555 1767 4592 au-

188 4609 320 4670 dire,
352 4607 526 4673 aliud,
561 4607 752 4660 simulo
783 4624 862 4661 me
908 4625 1010 4661 non
1046 4608 1252 4675 audire,
1279 4608 1393 4675 hoc
1426 4616 1530 4672 est,
1574 4609 1763 4662 audire

189 4693 267 4728 me
293 4677 601 4731 dissimulo.
639 4679 709 4730 At
744 4676 948 4732 ercis
975 4673 1253 4746 Gallisque
1283 4673 1506 4746 perinde
1535 4687 1640 4740 est,
1668 4694 1764 4733 seu

187 4749 550 4816 praamittatur
613 4748 863 4816 negatio,
930 4764 1025 4802 seu
1083 4754 1485 4815 consequatur,
1547 4749 1763 4802 tametsi

189 4815 348 4885 longe
367 4818 572 4885 saepius
599 4815 851 4886 praemitti
879 4817 1063 4871 Grtece
1088 4816 1452 4872 consueverit.
1489 4816 1763 4872 Interdum

187 4886 860 4956 veroitrzpocrrorsieﬁat,
905 4886 1258 4950 ἐλλειπτικῶς
1311 4897 1642 4956 usurpatur,
1705 4897 1765 4942 ut

188 4955 334 5035 apud
361 4955 866 5035 Dernosthen.“Pro
893 4974 1069 5035 coron:
1103 4974 1120 5010 :
1155 4959 1295 5035 Ὦρα
1429 4955 1646 5035 τούτων.
1667 4958 1763 5027 μὲν

189 5024 379 5098 ἐχθρὸς
415 5023 504 5094 ᾗς,
537 5027 660 5096 ἐμοὶ
684 5028 764 5098 "se
797 5030 1097 5098 προσποιῇ,
1131 5023 1758 5098 διιῂῖιιιεηγίεἰιιη,εἶναι.

189 5091 322 5148 Ibid.
354 5091 607 5150 adaerstis
648 5091 956 5152 Eschiiwm
977 5137 990 5159 ,
1019 5091 1112 5165 qui
1145 5113 1175 5151 a
1209 5091 1526 5150 liberalibus
1560 5097 1763 5150 doctri-

191 5166 273 5219 nis
307 5167 611 5235 imparatns
642 5184 767 5222 cum
798 5175 960 5230 esset,
998 5168 1194 5222 eruditi
1238 5182 1434 5222 nomen
1471 5174 1525 5220 et
1557 5165 1758 5220 famam

191 5237 499 5290 ambiebat:
530 5237 654 5301 Τοῖς
707 5237 764 5290 δὲ
826 5237 1198 5308 ἀπολειφθεῖσι
1233 5237 1369 5308 μὲν,
1427 5235 1616 5306 ὥσπερ
1655 5238 1758 5308 σοι,

190 5307 673 5380 προσποιουμένοις
691 5307 872 5380 δὲῄὑπ’
902 5306 1276 5380 ἀναισθησίας,
1306 5307 1365 5380 τό
1388 5306 1761 5380 τοὺςὴάκούον-

190 5391 282 5438 τας
311 5376 496 5464 ἀλγεῖν
527 5381 722 5464 ποιεῖν,
757 5378 883 5430 ὅταν
921 5376 1150 5447 λέγωσιν
1169 5416 1185 5441 ,
1212 5378 1273 5430 ού
1300 5377 1362 5430 τὸ
1385 5377 1560 5430 δοκεῖν
1584 5376 1759 5431 τοιού-

190 5460 308 5518 τοις
327 5449 470 5518 εἶναι
503 5449 798 5518 περίεστιν.

261 5515 371 5587 (41)
407 5515 849 5587 Αίτίιίγένηται
871 5561 886 5584 ,
919 5527 1024 5574 etc.
1056 5518 1214 5572 Αίτία
1258 5517 1350 5572 hic
1390 5517 1608 5572 occasio
1651 5526 1756 5584 est,

194 5584 434 5692 ἀφορμή.
469 5584 642 5642 Porro
667 5584 841 5642 αἰτίαν
866 5589 960 5655 ait,
999 5605 1106 5643 non
1136 5588 1381 5644 absolute
1405 5587 1498 5640 τοῦ
1535 5587 1610 5658 μὴ
1635 5588 1757 5642 ἐπι-

197 5670 328 5692 η-μη-σ
349 5674 413 5692 ,μυ
475 5658 566 5692 carl
593 5657 702 5692 ιηῗιυ
733 5659 1139 5692 Ᾱιηηηφεηηιρω..
1199 5657 1304 5692 Non
1339 5659 1482 5692 anim
1513 5659 1624 5692 lim-ﬁ
1659 5674 1757 5692 nn_

112 5661 118 5668 ‘
197 5657 438 5726 στρέψαι,
475 5657 702 5730 θεά-τῶν
733 5659 1160 5730 ἀμρρτημάτων.
1184 5657 1307 5730 ίΝεο
1339 5659 1483 5712 enim
1513 5657 1625 5730 ﬁeri
1659 5674 1758 5730 p01-

197 5733 318 5793 test,
355 5738 413 5782 ut
439 5727 588 5798 quod
622 5728 756 5784 mihi
778 5727 1133 5786 Deus'certo
1173 5729 1418 5784 futurum
1447 5727 1674 5799 aperiat,
1703 5729 1756 5785 id

1871 3170 2076 3224 vivere.
2106 3167 2184 3223 lta
2216 3184 2340 3223 cum
2394 3180 2685 3238 utramque
2731 3168 3046 3223 facultatem
3102 3165 3320 3233 habeat,
3353 3164 3452 3234 qui

1870 3260 2278 3316 cohortationes
2328 3270 2383 3315 et
2428 3260 2693 3316 doctrinae
2719 3267 2990 3330 praecepta
3019 3258 3265 3328 negligit,
3294 3257 3449 3312 dete-

1869 3353 2003 3407 riori
2041 3367 2161 3408 sese
2197 3353 2494 3422 permittit;
2527 3353 2622 3423 qui
2662 3353 2788 3407 vitae
2817 3353 2883 3406 ad
2927 3350 3172 3406 veritatis
3193 3364 3448 3404 normam

1869 3444 2146 3513 exigendae
2172 3443 2374 3508 studio,
2409 3443 2463 3497 in
2487 3444 2605 3513 ejus
2639 3443 2988 3513 indagatione
3010 3450 3283 3506 versatur,
3305 3439 3351 3495 is
3380 3440 3450 3495 ad

1870 3537 2154 3590 meliorem
2191 3551 2313 3590 sese
2363 3534 2632 3605 adjungit.
2667 3534 2961 3599 Caeterum,
3009 3531 3157 3604 quod
3191 3534 3331 3587 alter
3380 3532 3452 3586 de

1869 3642 2001 3681 vero
2023 3625 2332 3696 indagando
2367 3630 2549 3680 minus
2581 3625 2813 3688 laboret,
2846 3623 3141 3692 voluptatis
3195 3621 3249 3676 id
3297 3623 3452 3692 cupi-

1872 3718 2043 3772 ditate
2081 3720 2178 3784 tit;
2215 3718 2350 3772 alter
2378 3732 2531 3784 vero,
2566 3717 2714 3787 quod
2739 3717 2860 3786 ejus
2890 3715 3072 3771 studio
3116 3728 3450 3784 magnopere

1872 3817 2145 3873 teneatur,
2198 3809 2304 3863 hoc
2357 3817 2507 3863 certo
2545 3808 2782 3878 quodam
2834 3806 3169 3876 proprioque
3214 3805 3448 3860 consilio

1871 3899 2021 3966 facit,
2059 3901 2127 3955 ad
2157 3900 2304 3970 quod
2333 3901 2529 3970 partim
2581 3899 2704 3969 ipsa
2735 3899 2956 3953 notione
2989 3912 3266 3969 sensuque
3296 3911 3448 3951 com-

1873 3991 2048 4057 muni,
2079 3990 2276 4060 partim
2308 3989 2690 4044 cohortatione
2736 3988 3003 4043 adductus
3040 3995 3145 4045 est.
3174 3987 3449 4042 Praeterea

1870 4084 2203 4153 voluptatem
2237 4082 2377 4136 alter
2411 4097 2519 4136 non
2549 4097 2616 4136 eo
2640 4081 3043 4151 complectitur,
3069 4080 3221 4151 quod
3246 4080 3442 4134 adver-

1872 4192 1968 4232 sus
1997 4191 2117 4232 eam
2148 4177 2448 4231 consistere
2473 4183 2727 4244 nequeat,
2753 4173 2848 4229 sed
2873 4173 3019 4244 quod
3046 4188 3291 4245 pugnare
3309 4187 3437 4228 cum

1873 4402 2050 4471 ipsum
2087 4408 2369 4471 propterea
2407 4411 2518 4471 non
2547 4396 2796 4471 eveniat,
2842 4397 2988 4471 quod
3020 4407 3169 4471 certo
3199 4395 3446 4471 futurum

1873 4466 2162 4543 aperuerit.
2189 4466 2320 4543 Haec
2335 4467 2477 4543 enim
2505 4466 2611 4519 τῶν
2635 4467 3091 4543 ⁸ἀιντιμαχςιμένιιιν
3124 4467 3292 4521 ἐστίν.

1945 4485 2162 4526 eruerit.
2190 4485 2314 4522 11ωο
2335 4485 2477 4521 entm
2505 4485 2611 4519 των
2641 4485 2952 4589 αντιμαχέι

1945 4541 2056 4610 (42)
2087 4541 2232 4610 Ἅμα
2260 4536 2328 4610 δὲ
2351 4537 2451 4610 καὶ
2483 4539 2846 4610 μακάρωνονο
2927 4553 2953 4610 9

1872 4604 2004 4680 quin
2037 4604 2550 4680 liocjluriusculu'm
2571 4604 2685 4680 sit;
2722 4607 2946 4680 imo,_si
2965 4604 3120 4680 absit
3147 4604 3446 4677 ὑπερδολή,

1873 4676 2093 4735 falsum.
2130 4678 2362 4732 Tantum
2396 4678 2539 4731 enim
2587 4677 2760 4739 abest,
2795 4685 2854 4730 ut
2885 4677 2999 4731 haec
3037 4676 3146 4731 duo
3184 4676 3444 4746 pugnent,

1872 4762 1933 4805 ut
1959 4748 2245 4804 manifesta
2275 4748 2459 4816 potius
2487 4747 2764 4816 ἀντιλογία
2795 4748 2894 4808 sit,
2927 4747 3126 4816 aperiri
3160 4746 3445 4810 divinitus,

1870 4822 1952 4873 ὅτι
2007 4819 2225 4888 πάντως
2273 4816 2700 4888 ἐσται-ἀγαθός,
2737 4827 2790 4872 et
2839 4826 3017 4872 tamen
3065 4816 3445 4888 illumipsum

1870 4891 1968 4943 οὐκ
2015 4887 2219 4956 ἀγαθὸν
2275 4886 2546 4955 γενέσθαι.
2603 4888 2709 4942 Sed
2761 4888 2902 4942 ratio
2949 4902 3116 4957 quam
3165 4886 3446 4954 subjungit

1870 4961 2173 5013 molliorem
2207 4959 2704 5026 interpretationem
2733 4960 2957 5027 patitur,
2986 4972 3112 5012 cum
3142 4972 3206 5027 ea
3230 4965 3443 5027 tantum

1871 5029 2040 5084 futuri
2076 5025 2413 5096 c0gnitione,
2438 5028 2548 5082 vim
2573 5038 2630 5082 et
2658 5025 3062 5083 contentionem
3094 5026 3262 5096 animi
3292 5025 3444 5079 debi-

1869 5100 2080 5154 litatum
2135 5095 2199 5152 iri
2249 5095 2546 5166 signiﬁcet;
2578 5099 2766 5169 quod,
2788 5099 2852 5152 τό
2884 5115 2948 5166 γε
2980 5095 3230 5169 καθόλου,
3264 5104 3319 5150 et
3347 5111 3444 5169 ve-

1870 5171 2151 5251 rissimum
2187 5165 2374 5230 est,’et
2403 5165 2717 5224 sanctorum
2746 5165 2968 5223 Patrdm
2993 5182 3088 5222 ore
3113 5165 3444 5248 frequentis-

1869 5255 2091 5294 Stmum.
3158 5271 3160 5273 ,

1941 5310 2050 5380 (45)
2099 5309 2267 5380 Πρὸς,
2299 5304 2390 5374 οἷς
2422 5307 2532 5378 γὰρ
2577 5307 2816 5380 ἔχομεν.
2854 5305 3064 5380 Integer
3117 5307 3272 5380 locus
3317 5315 3438 5369 est;

1867 5376 2074 5433 tantum
2110 5376 2274 5434 dandi
2311 5376 2477 5448 casus
2506 5378 2686 5448 χρείᾳ,
2712 5378 2806 5446 qui
2836 5377 3101 5448 sequitur,
3137 5376 3194 5431 in
3229 5385 3437 5448 rectum

1867 5449 2159 5504 mutandus
2185 5450 2414 5504 videtur.
2451 5447 2552 5502 Per
2573 5447 2650 5502 ea
2664 5462 2792 5502 vero
2816 5462 2939 5516 quae
2968 5447 3254 5512 habemus,
3287 5447 3443 5500 intel-

1865 5520 2004 5600 ligit,
2039 5521 2256 5589 opinor,
2275 5519 2357 5600 .τά
2389 5520 2517 5600 ἡμῖν
2545 5517 2792 5600 ἔμφυτα,
2809 5527 2865 5572 et
2899 5518 3111 5600 semina
3122 5517 3237 5599 .illa
3267 5516 3440 5600 hone-

1866 5587 2023 5645 statis
2047 5587 2209 5663 atque
2237 5587 2476 5659 virtutis,
2505 5587 2626 5660 quae.
2668 5588 2827 5644 nobis
2865 5602 2992 5646 cum
3033 5587 3246 5645 ratione
3273 5587 3441 5644 insita

1866 5669 2014 5718 sunt.

2957 4537 3074 4607 gari
3107 4551 3217 4607 non
3247 4545 3446 4607 potest,
3529 4583 3535 4588 .
