3856 6224
417 255 523 315 49⁸
1017 256 1290 315 EUSEBII
1329 255 1809 312 CAESARIENSIS
1843 255 1996 313 OPP.
2036 255 2218 311 PARS
2256 255 2319 310 11.
2360 255 2974 313 ~‘APOLOGETICA.
3564 257 3678 314 496

416 385 483 426 ea
517 367 824 437 luctarique
843 366 982 424 nolit
1009 387 1023 423 :
1054 369 1230 424 calcat
1250 370 1495 428 eamdem
1529 371 1690 438 alter,
1719 372 1865 442 quod
1892 373 1983 426 ad-

2096 386 2254 439 τητος
2279 368 2373 422 καὶ
2404 368 2613 433 τάσεως
2648 369 2894 433 πλείονος
2924 367 3084 441 χρεία
3113 367 3250 439 πρὸς
3280 368 3341 422 τὸ
3368 367 3533 423 καλὸν
3577 370 3678 424 καὶ

414 462 664 533 junctam
697 461 750 516 ei
788 469 850 515 ut
898 460 1194 531 plurimum
1241 461 1640 531 turpitudinem
1686 463 1830 518 ferre
1878 477 1983 517 non

2096 456 2298 527 ἀγαθὸν
2317 458 2569 528 γενέσθαι
2592 476 2605 489 ⁸
2642 458 3159 531 προκαταληφθεῖσα
3191 459 3250 513 δὲ
3281 461 3314 531 ἡ
3354 461 3553 529 γνῶσις
3578 460 3679 515 τοῦ

417 552 613 623 possit.
637 551 717 607 Ac
738 551 942 607 nullam
972 566 1198 622 prorsus
1217 568 1248 606 a
1280 552 1466 607 divina
1497 552 1858 623 praenotione,
1892 569 1982 607 re-

2094 550 2311 614 πάντως
2361 549 2525 605 καλὸν
2574 550 2670 605 κα)⁹
2723 549 2926 619 ἀγαθὸν
2954 550 3243 619 γενέσθαι,
3288 551 3546 606 ὑπεκλύει
3574 551 3680 623 τὴν

1017 256 1290 315 EUSEBII
1329 255 1809 323 CIESARIENSIS
1843 255 1996 313 OPP.
2036 255 2218 311 PARS
2256 254 2319 310 11.
2360 254 2974 313 -—‘APOLOGETICA.

416 644 523 701 bus
553 644 644 709 iis,
674 659 816 714 quas
850 642 1132 714 praevidet,
1186 644 1568 699 necessitatem
1602 644 1832 715 imponi,
1864 660 1989 700 cum

414 736 794 807 superioribus
819 735 1179 806 argumentis,
1206 743 1321 790 tum
1345 735 1451 790 hoc
1485 736 1711 806 insuper
1732 735 1987 797 etiieitur,

413 829 561 900 quod
592 829 649 884 in
679 826 853 884 sacris
881 826 1086 898 passim
1111 826 1306 883 litteris
1330 827 1608 898 propheta:
1629 828 1697 882 ad
1720 828 1993 898 paeniten-

413 922 548 975 tiam
581 918 834 974 homines
866 918 1146 974 cohortari
1174 918 1495 988 jubeantur,
1530 918 1694 989 idque
1740 919 1989 988 perinde,

413 1025 479 1066 ac
512 1010 558 1065 si
585 1019 768 1065 utrum
796 1008 834 1064 ii
862 1010 1141 1064 meliorem
1179 1009 1247 1064 ad
1277 1008 1488 1081 frugem
1523 1024 1644 1065 sese
1692 1010 1987 1081 recepturi,

412 1118 483 1158 an
532 1102 650 1158 suis
689 1101 746 1156 in
795 1102 1095 1158 sceleribus
1140 1102 1342 1158 haesuri
1393 1116 1558 1171 porro
1608 1117 1673 1157 ac
1707 1102 1988 1173 perstituri

412 1194 545 1260 sint,
579 1192 876 1265 ignoraret.
912 1191 1007 1249 Sic
1037 1193 1178 1262 apud
1208 1191 1501 1248 Jeremiam
1531 1193 1784 1259 habetur,
1818 1210 1836 1243 ι
1861 1191 1991 1247 For-

410 1285 555 1340 sitan
623 1285 866 1350 audient,
923 1293 977 1341 et
1038 1296 1199 1356 agent
1264 1284 1664 1355 paenitentiam.
1715 1303 1735 1336 ι
1793 1282 1984 1354 Neque

414 1375 587 1441 enim,
633 1375 801 1445 quod,
845 1374 1085 1429 audituri
1120 1373 1230 1429 sint
1249 1388 1441 1442 necne,
1487 1374 1669 1431 minus
1701 1374 1985 1446 intelligat,

409 1464 616 1521 idcirco
650 1467 798 1521 hunc
829 1466 883 1521 in
915 1466 1140 1521 modum
1196 1465 1313 1536 ipse
1363 1465 1628 1536 loquitur,
1668 1484 1687 1517 ι
1726 1464 1979 1522 Forsitan

409 1558 655 1625 audient,
713 1566 768 1614 et
824 1565 986 1630 agent
1041 1557 1442 1630 ptenitentiam,
1498 1576 1517 1609 ι
1573 1558 1668 1613 sed
1723 1567 1784 1613 ut
1838 1558 1985 1613 illam

409 1650 818 1720 quodammodo
852 1665 1037 1721 parem
1067 1651 1122 1705 in
1156 1657 1449 1720 utramque
1496 1656 1729 1719 partem,
1757 1648 1866 1703 vim
1900 1647 1985 1703 fa—

2089 642 2346 712 ἄσκησιν.
2375 642 2575 713 Διόπερ
2603 641 2989 713 συμφερόντως
3025 643 3125 696 οὐκ
3157 645 3313 713 ῖσμεν
3357 645 3407 697 εἰ
3456 643 3678 713 ἀγαθοὶ,

2091 731 2214 786 οὕτε
2240 735 2289 787 εἰ
2330 733 2559 806 πονηροὶ
2619 732 2876 803 ἐσόμεθα.
2938 734 3089 788 Ἐπεὶ
3132 735 3189 789 δὲ
3231 736 3678 808 εἰρήκαμεν,ὅτι

2090 823 2479 893 ἀπετύφλωσεν
2510 824 2661 894 ἡμᾶς
2695 825 2832 896 πρὸς
2858 822 2929 878 τὰ
2959 824 3217 896 μέλλοντα
3243 828 3271 879 ὁ
3295 825 3447 891 Θεὸς,
3481 825 3679 896 ζητού-

2093 915 2253 986 μενόν
2288 933 2340 969 τι
2377 914 2540 987 ῥητὸν
2576 914 2684 969 ἀπὸ
2726 916 2828 986 τῆς
2888 915 3098 983 Ἐξόδου
3136 917 3237 987 ὅρα
3261 956 3276 982 ,
3311 919 3358 970 εἰ
3397 916 3680 989 δυνάμεθα

2089 1005 2232 1061 οὕτω
2279 1007 2605 1078 σαφηνίσαι’
2644 1026 2664 1058 t
2706 1008 2803 1071 Τις
2835 1008 3057 1078 ἐποίησε
3087 1008 3368 1079 δύσκωφον
3388 1051 3404 1072 ,
3441 1011 3535 1064 καὶ
3564 1029 3681 1066 κω-

2090 1099 2211 1167 φὸν,
2251 1099 2346 1152 καὶ
2395 1098 2693 1169 βλέποντα,
2726 1099 2819 1153 καὶ
2849 1099 3081 1168 τυφλόν;
3118 1101 3216 1154 οὐκ
3248 1099 3362 1170 ἐγὼ
3395 1103 3597 1174 Κύριος
3649 1105 3681 1158 ὁ

2089 1190 2257 1256 Θεός;
2293 1210 2311 1244 ι
2352 1192 2439 1245 ἵνα
2467 1191 2558 1244 τὸν
2587 1191 2749 1245 αὐτὸν
2782 1192 2875 1246 καὶ
2901 1192 3100 1260 τυφλὸν
3141 1194 3234 1248 καὶ
3277 1192 3539 1264 βλέποντα
3570 1213 3680 1249 πε-

2090 1280 2335 1354 ποιηκὼς
2423 1299 2436 1311 ·
2465 1281 2728 1352 βλέποντα
2752 1282 2850 1352 μὲν
2868 1283 3004 1354 πρὸς
3019 1284 3087 1337 τὰ
3109 1285 3454 1353 ἐνεστηκότα,
3476 1285 3679 1354 τυφλὸν

2088 1373 2146 1427 δὲ
2172 1373 2310 1444 πρὸς
2344 1374 2415 1425 τὰ
2450 1374 2731 1445 μέλλοντα.
2765 1373 2839 1426 Τὸ
2858 1374 2966 1445 γὰρ
3001 1375 3236 1446 περὶτοῦ
3256 1374 3680 1444 δυσκὼςρου,καὶ

2088 1463 2274 1534 κωφοῦ
2302 1503 2317 1529 ,
2364 1465 2425 1517 οὐ
2459 1465 2552 1517 τοῦ
2588 1464 2853 1535 παρόντος
2896 1466 3089 1538 καιροῦ
3116 1467 3495 1539 διηγήσασθαι.
3548 1470 3679 1522 Ὅτι

2093 1556 2274 1628 μέντοι
2296 1573 2360 1625 γε
2387 1555 2595 1609 πολλῶν
2621 1558 2729 1610 τῶν
2756 1558 2839 1625 ἐφ’
2856 1560 2989 1628 ἡμῖν
3017 1560 3165 1612 αἴτια
3196 1560 3420 1613 πλεῖστα
3440 1560 3550 1613 τῶν
3571 1564 3681 1616 οὐκ

2090 1647 2175 1716 ἐφ’
2206 1649 2338 1718 ἡμῖν
2367 1649 2505 1710 ἐστι,
2541 1650 2635 1701 καὶ
2661 1652 2824 1720 ἡμεῖς
2849 1649 3252 1721 ὁμολογήσομεν
3273 1671 3287 1685 ·
3313 1645 3388 1707 ὧν
3415 1653 3491 1725 μὴ
3518 1670 3682 1723 γενο-

408 1742 674 1798 cultatum
699 1742 786 1799 bis
813 1741 995 1798 verbis
1025 1742 1280 1798 ostendat
1305 1759 1318 1794 :
1345 1755 1413 1795 ne
1435 1740 1529 1810 qui
1555 1739 1670 1810 jam
1701 1749 1826 1795 ante
1849 1755 1983 1810 prae-

2091 1737 2290 1807 μένων,
2322 1737 2467 1806 λέγω
2501 1739 2559 1793 δέ
2592 1740 2700 1792 τῶν
2730 1742 2829 1795 οὐκ
2854 1742 2938 1810 ἐφ’
2968 1745 3122 1813 ἡμῖν,
3159 1744 3257 1796 οὐκ
3301 1745 3367 1798 ἂν
3394 1745 3519 1800 τάδε
3548 1746 3683 1806 τινὰ

409 1834 652 1890 notionis
682 1834 804 1907 ejus
846 1834 1229 1890 certitudinem
1265 1832 1564 1900 audierint,
1591 1832 1629 1887 ii
1661 1833 1895 1903 proinde
1921 1849 1986 1890 ac

408 1927 456 1983 si
486 1935 539 1983 et
572 1942 636 1988 ea
676 1927 1059 1983 necessitatem
1086 1924 1331 1991 inferret,
1363 1940 1466 1980 nec
1498 1923 1785 1981 meliorem
1818 1924 1981 1979 vitam

406 2016 700 2074 instituere
753 2018 966 2073 arbitrii
1015 2016 1157 2072 foret
1205 2016 1313 2081 sui,
1378 2016 1595 2071 animos
1630 2015 1887 2087 deinceps
1921 2031 1985 2072 ac

407 2124 561 2180 spem
589 2124 807 2169 omnem
835 2109 1118 2179 abjiciant,
1142 2107 1459 2177 adeoquein
1487 2116 1774 2178 peccatum
1801 2109 1871 2163 ab
1892 2108 1984 2163 illa

405 2201 802 2272 propemodum
834 2200 1203 2271 impellantur.
1232 2198 1438 2254 Deinde
1457 2214 1609 2262 vero,
1636 2214 1706 2254 ne
1731 2199 1825 2271 qui
1848 2198 1980 2254 dum

405 2291 698 2361 praevisum
733 2306 830 2347 eos
865 2292 1067 2345 bonum
1100 2290 1311 2356 lateret,
1364 2303 1545 2359 pugna
1595 2304 1722 2344 cum
1776 2290 1983 2359 impro—

402 2383 574 2439 bitate
606 2391 883 2455 suscepta,
908 2382 1079 2438 vitam
1112 2398 1182 2437 ex
1205 2381 1424 2438 virtutis
1463 2396 1658 2437 norma
1692 2381 1981 2437 instituere

402 2474 731 2544 potuissent,
785 2487 882 2529 eos
936 2474 1060 2529 talis
1105 2481 1297 2529 contra
1326 2473 1592 2543 praenotio
1636 2472 1981 2528 remissiores

404 2578 471 2619 ac
497 2562 789 2619 solutiores
811 2563 1027 2626 etliciat.
1052 2562 1200 2633 quod
1229 2562 1359 2618 dum
1398 2561 1561 2632 plane
1590 2560 1800 2616 bonum
1845 2560 1979 2615 illud

2090 1830 2197 1883 τῶν
2220 1831 2304 1900 ἐφ’
2326 1832 2455 1902 ἡμῖν
2485 1832 2802 1903 ἐπράττετο.
2854 1836 3089 1906 Πράττει
3128 1836 3237 1907 (44)
3280 1837 3338 1891 δὲ
3385 1839 3509 1893 τάδε
3549 1843 3681 1896 τινὰ

2089 1919 2198 1973 τῶν
2247 1922 2334 1991 ἐφ’
2381 1924 2513 1993 ἡμῖν
2561 1924 2830 1979 ἀκόλουθα
2888 1928 3063 1980 τοῖσδε
3128 1931 3239 1991 τοῖς
3282 1933 3676 2003 προεγνωσμέ-

2091 2029 2201 2077 νοις
2238 2013 2371 2085 (45),
2399 2014 2500 2068 οὐκ
2530 2015 2614 2084 ἐφ’
2644 2018 2775 2088 ημῖν
2800 2017 2913 2086 (46)
2947 2019 3292 2091 ἐνδεχομένου
3316 2022 3410 2075 τοῦ
3436 2023 3527 2076 ἐπὶ
3559 2026 3681 2090 τοῖς

2089 2105 2277 2169 αὐτοῖς
2324 2107 2829 2178 προεγνωσμένοις,
2874 2109 2968 2162 καὶ
2994 2110 3157 2182 ἔτερα
3189 2112 3427 2183 πρᾶξαι,
3479 2117 3609 2182 παρ’
3634 2114 3681 2171 ἃ.

2090 2197 2424 2269 πράττομεν.
2456 2199 2517 2250 EE
2546 2196 2603 2250 δέ
2633 2216 2716 2262 τις
2743 2200 2896 2272 ζητεῖ
2921 2203 2980 2256 τὸ
3012 2204 3096 2273 ἐφ’
3120 2205 3249 2275 ἡμῖν
3277 2207 3678 2279 ἀπολελυμένον

2087 2283 2228 2341 εἶναι
2253 2288 2347 2343 τοῦ
2378 2290 2597 2357 παντὸς,
2627 2291 2767 2345 ὥστε
2793 2292 2867 2364 μὴ
2884 2293 2971 2348 διὰ
2989 2296 3116 2349 τάδε
3141 2297 3262 2351 τινὰ
3288 2298 3678 2370 συμϐεϐηκότα

2088 2379 2218 2449 ἡμῖν
2252 2381 2398 2451 ἡμᾶς
2430 2382 2702 2452 αἱρεῖσθαι
2721 2384 2870 2450 τάδε,
2901 2386 3247 2458 ἐπιλέλησται
3273 2389 3477 2460 κόσμου
3506 2392 3678 2465 μέρος

2085 2471 2181 2537 ὢν,
2209 2475 2302 2527 καὶ
2324 2476 2789 2548 ὲμπεριεχόμενος
2814 2479 3118 2552 ἀνθρώπων
3150 2482 3405 2554 κοινωνίᾳ
3450 2484 3546 2538 καὶ
3575 2485 3675 2539 τοῦ

2087 2566 2458 2636 περιέχοντος.

401 2656 649 2714 futurum
698 2666 975 2730 putarent,
1014 2656 1212 2713 minori
1270 2666 1557 2728 propterea
1593 2670 1717 2710 cum
1744 2664 1967 2726 peccato
2004 2657 2175 2713 animi
2225 2663 2575 2720 contentione
2604 2674 2929 2736 pugnarent.
2985 2667 3079 2724 Sic
3133 2669 3279 2724 enim
3309 2669 3426 2739 ipsa
3452 2686 3678 2740 praeno-

401 2749 478 2805 tio
509 2750 755 2807 futurum
810 2765 1030 2821 quoque
1060 2750 1264 2805 bonum
1298 2748 1605 2819 impediret.
1655 2747 2022 2815 Quamobrem
2059 2752 2152 2820 qui
2183 2753 2369 2808 orbem
2409 2758 2729 2813 universum
2763 2760 3037 2832 prmcipuo
3082 2776 3267 2817 rerum
3300 2764 3446 2818 bono
3478 2766 3673 2821 mode-

399 2857 554 2902 ratur
578 2843 753 2912 Deus,
786 2844 928 2901 idem
961 2859 1063 2903 nos
1093 2845 1369 2916 sapienter
1398 2844 1626 2900 omnino
1681 2844 1882 2900 futuris
1913 2844 1969 2899 in
2007 2845 2172 2902 rebus
2230 2863 2407 2906 etet-os
2436 2867 2560 2908 esse
2616 2854 2813 2909 voluit.
2860 2854 3060 2910 Earum
3097 2858 3247 2914 enim
3278 2860 3543 2930 cognitio,
3590 2862 3673 2916 uti

402 2956 656 2999 nostrum
692 2942 957 2998 adversus
1010 2940 1413 3012 improbitatem
1478 2938 1742 3010 impetum
1797 2940 2274 3012 constantiamque
2308 2943 2603 3017 frangeret,
2662 2949 2736 3003 ita
2802 2949 2934 3004 dum
2960 2961 3106 3006 certa
3127 2953 3341 3023 ﬁxaque
3374 2954 3667 3018 videretur,

398 3035 562 3108 longe
603 3050 706 3091 nos
730 3035 894 3090 citius
925 3041 1090 3103 atque
1139 3031 1377 3097 facilius,
1424 3033 1576 3087 omni
1625 3031 1976 3088 contentione
2013 3033 2243 3104 abjecta,
2295 3037 2521 3095 sceleris
2579 3040 2635 3094 in
2675 3041 3019 3097 dominatum
3051 3059 3116 3098 ac
3144 3054 3473 3114 potestatem
3496 3046 3674 3102 adduo

403 3139 572 3188 ceret.
606 3130 721 3185 lmo
754 3137 1064 3202 pugnarent
1102 3128 1207 3184 ista
1275 3141 1487 3195 secum,
1523 3134 1584 3181 ut
1645 3127 1787 3183 idem
1841 3135 1897 3183 et
1931 3129 2135 3199 probus
2193 3132 2470 3200 evaderet,
2517 3143 2573 3190 et
2622 3135 2788 3206 290
2830 3146 2980 3194 certo
3023 3138 3254 3208 probum
3311 3154 3372 3194 se
3419 3138 3669 3195 futurum

397 3242 522 3284 esse
546 3234 867 3297 pranosset.
897 3222 1035 3279 Nam
1078 3239 1202 3280 cum
1228 3231 1423 3294 praeter
1481 3238 1569 3288 ea,
1612 3238 1734 3293 quae
1772 3223 1934 3279 nobis
1985 3223 2157 3280 indita
2215 3236 2367 3292 sunt,
2414 3244 2614 3300 magno
2670 3234 2896 3300 insuper
2947 3231 3016 3286 ad
3065 3233 3320 3287 virtutem
3366 3220 3669 3303 parandam

397 3332 465 3374 ac
487 3318 800 3372 vehementi
853 3324 1052 3372 conatu
1080 3328 1219 3386 opus
1269 3314 1586 3380 habeamus,
1609 3322 1724 3370 tum
1748 3323 2015 3386 occupata
2032 3317 2203 3372 semel
2235 3318 2340 3373 ista
2368 3319 2583 3376 virtutis
2615 3328 2769 3377 certo
2792 3322 2989 3376 futura:
3010 3330 3383 3393 praeceptaque
3404 3324 3667 3395 cognitio.

398 3413 513 3468 vim
568 3412 976 3469 exercitationis
1028 3425 1248 3466 omnem
1302 3410 1570 3467 debilitat.
1635 3408 1713 3466 Ita
1760 3411 1991 3481 probine
2054 3411 2226 3469 futuri
2276 3417 2452 3473 simus
2519 3433 2589 3472 an
2635 3418 2892 3488 improbi,
2964 3435 3184 3475 summo
3231 3430 3421 3491 utique
3474 3431 3669 3479 nostro

397 3506 548 3562 bono
605 3506 949 3578 ignoramus.
1014 3505 1122 3562 Sed
1166 3505 1427 3577 quoniam
1484 3507 1672 3561 divino
1721 3509 1952 3565 consilio
2004 3508 2212 3566 factum
2247 3527 2369 3568 esse
2415 3513 2680 3579 diximus,
2728 3522 2789 3568 ut
2835 3515 3002 3569 rebus
3047 3516 3102 3570 in
3159 3515 3359 3572 futuris
3409 3519 3667 3573 caicutia-

398 3618 547 3670 mus,
593 3604 853 3660 videnum
882 3602 1010 3659 inde
1040 3601 1291 3658 fortassis
1347 3602 1477 3658 huic
1529 3600 1706 3659 Exodi
1766 3605 2061 3674 quaestioni
2099 3606 2239 3662 lucis
2286 3622 2319 3662 a
2366 3607 2524 3664 nobis
2580 3609 2787 3680 aliquid
2835 3608 3016 3664 aﬂ'erri
3058 3611 3257 3680 possit,
3305 3629 3327 3664 ς
3365 3610 3503 3678 Quis
3539 3611 3668 3668 fecit

394 3699 744 3755 surdastrum
792 3714 860 3755 ac
906 3698 1158 3764 surdum,
1220 3698 1491 3755 videntem
1550 3706 1608 3754 et
1668 3700 1909 3756 caecum?
1977 3699 2172 3758 Nonne
2225 3718 2328 3774 ego
2383 3702 2649 3761 Dominus
2706 3704 2847 3761 Deus
2870 3705 2954 3759 "7
2989 3725 3009 3758 ι
3049 3705 3121 3761 Ut
3186 3723 3389 3762 caecum
3461 3709 3669 3779 pariter

397 3809 465 3850 ac
496 3795 637 3850 bene
683 3793 964 3851 oculatum
1013 3794 1121 3849 hoc
1168 3808 1337 3850 sensu
1394 3792 1594 3849 fecisse
1632 3793 1869 3861 dicatur,
1916 3796 1973 3850 in
2011 3798 2371 3867 praesentibus
2419 3800 2720 3865 oculatum,
2763 3815 2967 3855 caacum
3004 3801 3059 3854 in
3096 3800 3315 3858 futuris.
3358 3800 3492 3857 Nam
3537 3818 3667 3857 sur-

400 3889 571 3947 dastri
595 3890 818 3961 quidem
876 3890 1139 3960 surdique
1195 3889 1462 3946 rationem
1524 3905 1591 3945 ac
1641 3891 1936 3946 discrimen
1988 3893 2297 3963 exquirere,
2347 3894 2513 3964 hujus
2561 3894 2669 3951 loci
2719 3911 2827 3950 non
2876 3902 2981 3951 est.
3017 3894 3367 3967 Quanquam,
3423 3895 3662 3967 plurima

398 3994 552 4049 sane,
579 4001 701 4056 quae
726 3987 869 4056 juris
895 3985 1070 4041 nostri
1121 3997 1232 4040 non
1287 3993 1438 4052 sunt,
1497 3985 1798 4040 multorum
1844 3987 2009 4041 etiam
2048 4003 2172 4057 qua:
2198 3997 2386 4043 nostra
2422 3988 2477 4043 in
2511 3997 2779 4059 potestate
2823 3988 2954 4054 sint,
3005 4004 3228 4045 causam
3259 3990 3531 4045 interdum
3566 4004 3662 4044 es-

399 4095 480 4147 se,
517 4079 751 4135 fatemur
774 4079 877 4150 ipsi
899 4093 1120 4149 quoque
1148 4098 1162 4133 :
1194 4094 1259 4135 ac
1295 4088 1581 4149 propterea
1613 4079 1719 4135 nisi
1744 4094 1831 4143 ea,
1862 4080 1966 4135 hoc
2000 4090 2104 4147 est,
2164 4080 2220 4134 in
2254 4080 2406 4152 "qua;
2454 4082 2739 4152 potestatis
2771 4096 2836 4136 ac
2869 4080 3011 4151 juris
3057 4082 3324 4137 habemus
3358 4081 3517 4143 nihil,
3554 4096 3660 4135 an-

399 4173 727 4237 tecederent,
757 4186 828 4227 nc
878 4172 993 4228 hac
1018 4171 1240 4242 quidem
1306 4183 1402 4227 aut
1455 4171 1546 4225 illa
1597 4181 1852 4227 secutura
1888 4187 2031 4240 esse,
2070 4189 2193 4244 qua:
2251 4182 2440 4230 nostra
2477 4185 2657 4229 tamen
2689 4189 2757 4228 ex
2788 4174 3037 4229 libertate
3085 4174 3342 4245 pendent.
3385 4171 3658 4229 Carterum

396 4268 473 4324 ita
494 4268 713 4338 quidem
743 4283 933 4323 eorum
957 4267 1239 4331 nonnulla,
1262 4281 1386 4337 quae
1418 4266 1474 4321 in
1504 4266 1663 4321 nobis
1685 4265 1790 4321 sita
1835 4273 1984 4331 sunt,
2023 4266 2153 4333 alia,
2207 4282 2332 4336 quae
2386 4267 2675 4338 potestatis
2720 4275 2921 4321 nostra:
2971 4281 3083 4321 non
3134 4274 3282 4332 sunt,
3334 4276 3658 4337 antegressa

394 4370 844 4432 consequuntur;
904 4369 967 4416 ut
1017 4360 1087 4415 iis
1130 4361 1295 4416 etiam
1358 4358 1711 4431 antegressis,
1747 4373 1777 4411 a
1823 4357 1984 4413 nobis
2021 4366 2219 4429 praeter
2266 4375 2351 4426 ea,
2412 4375 2536 4429 quae
2593 4359 2753 4424 ﬁunt,
2802 4357 2920 4413 fieri
2973 4373 3197 4429 quoque
3245 4358 3351 4412 alia
3410 4359 3652 4428 possint.

390 4452 552 4520 Quod
607 4452 655 4506 si
709 4452 816 4509 erit
846 4451 1145 4522 quispiam,
1192 4467 1286 4521 qui
1347 4449 1648 4506 voluntatis
1697 4457 1901 4505 nostra;
1931 4449 2043 4504 vim
2083 4466 2149 4506 ac
2192 4462 2511 4521 potestatem
2561 4453 2697 4506 adeo
2743 4450 2891 4505 nulla
2945 4466 3072 4506 cum
3133 4450 3391 4505 universo
3424 4450 3661 4521 conjun-

392 4546 573 4602 ctione
610 4545 780 4601 teneri
820 4546 984 4611 volet,
1038 4553 1099 4600 ut
1143 4546 1252 4601 hoc
1304 4552 1401 4600 aut
1453 4544 1609 4608 illud,
1676 4545 1821 4615 quod
1856 4553 2004 4601 certa
2042 4546 2292 4616 quaedam
2343 4529 2758 4612 antecessei'int,
2823 4545 2949 4616 eligi
2981 4561 3012 4600 a
3051 4546 3207 4601 nobis
3241 4545 3514 4600 interdum
3553 4561 3658 4616 op-

391 4635 606 4706 tarique
631 4643 792 4706 neget
851 4654 865 4689 :
935 4634 983 4690 is
1013 4633 1259 4705 profecto
1311 4649 1372 4692 se
1416 4635 1605 4690 mundi
1638 4643 1846 4705 partem
1895 4650 2018 4691 esse
2056 4636 2260 4694 oblitus
2314 4638 2440 4705 erit,
2493 4653 2560 4694 ac
2606 4653 2728 4695 sese
2777 4638 3062 4694 hominum
3107 4637 3514 4705 communione,
3573 4645 3660 4691 to-

392 4726 616 4794 tiusque
642 4722 963 4779 circumfusi
996 4724 1139 4780 aeris
1167 4723 1379 4780 ambitu
1411 4724 1704 4779 contineri.
2025 4733 2029 4736 '

462 4818 541 4874 Ae
572 4819 709 4874 mihi
739 4819 959 4885 quidem
990 4834 1094 4890 pro
1147 4818 1252 4874 loci
1311 4819 1480 4890 hujus
1508 4818 1720 4874 ratione
1750 4819 1968 4874 modice

2154 4816 2409 4887 Μετρῑως
2457 4815 2555 4888 μὲν
2607 4811 2701 4870 οὖν
2743 4816 2820 4880 ὡς
2866 4817 2926 4870 ἐν
2973 4817 3206 4887 ἐπιτομῇ
3253 4809 3408 4886 οἴμαι
3453 4813 3654 4869 ἀποδε-

392 4910 597 4976 adbuc,
643 4911 915 4982 quasique
963 4910 1287 4981 compendio
1317 4915 1723 4967 demonstrasse
1752 4910 1965 4976 videor,

2089 4906 2280 4979 Ξεῖχθαι
2303 4949 2319 4974 ,
2364 4907 2426 4961 τὸ
2455 4907 2554 4978 τὴν
2588 4909 2897 4979 πρόγνωσιν
2926 4906 3018 4960 τοῦ
3050 4906 3186 4961 Θεοῦ
3234 4906 3309 4979 μὴ
3348 4901 3488 4960 εἶναι
3522 4924 3656 4962 κατ-

392 5003 530 5059 nihil
560 5005 788 5060 omnino
840 5005 1005 5060 rebus
1053 5004 1124 5060 iis
1154 5021 1292 5074 quas
1318 5004 1671 5075 praenoverit,
1718 5019 1749 5058 a
1779 5004 1967 5060 divina

2089 4998 2483 5072 ιναγκαστικὴν
2496 4998 2606 5052 τῶν
2630 5001 3100 5073 προεγνωσμένων
3131 4999 3366 5064 πάντως.
3406 5000 3545 5071 Φέρε
3570 5000 3650 5066 δὲ,

393 5097 731 5167 ρηειιοιίοιιθ
756 5098 1069 5153 necessitati
1097 5096 1311 5152 aﬂ‘erri.
1343 5096 1604 5167 Deinceps
1636 5097 1691 5152 id
1714 5111 1964 5169 agamus,

2089 5085 2470 5156 ὶγωνισώμεθα
2509 5088 2604 5141 καὶ
2643 5090 2772 5161 περὶ
2812 5088 2908 5143 τοῦ
2944 5089 3071 5153 τοὺς
3113 5088 3350 5161 ἀστέρας
3384 5089 3652 5162 μηδαμῶς

461 5209 507 5243 ³⁸
533 5210 706 5267 Exod.
744 5227 821 5276 tv,
855 5210 936 5268 11.

464 5322 576 5394 (44)
608 5323 874 5390 Πράττει.
917 5321 1019 5377 Vix
1059 5321 1252 5377 dubito
1292 5321 1424 5391 quin
1458 5320 1738 5391 scripserit
1772 5320 1962 5391 Orige-

464 5409 511 5446 s.
558 5394 890 5446 πράττεται.
945 5409 1068 5446 cum
1096 5401 1150 5446 et
1198 5407 1393 5446 sensus
1442 5392 1546 5446 hoc
1594 5393 1866 5446 postulet.
1906 5402 1962 5446 et

2089 5325 2248 5388 'uerit,
2273 5317 2350 5379 ὧν
2377 5321 2452 5394 μὴ
2474 5321 2801 5446 γενομένων.

2136 5395 2248 5446 (46)
2303 5395 2426 5446 Οὐκ
2509 5392 2566 5446 ω’
2616 5393 2779 5446 nam

392 5391 511 5466 nes,
558 5391 890 5466 πράττεται,
945 5409 1068 5466 eum
1096 5401 1393 5466 etsensus
1442 5392 1546 5446 hoc
1591 5393 1866 5462 postulet,
1906 5402 1962 5446 et

2136 5395 2248 5466 (46)
2303 5391 2450 5448 οὔτί
2474 5391 2566 5462 ἐφ’
2608 5391 2779 5466 ἡμῖν.
2810 5391 3194 5466 ΔΕιριιῐιεεξιπιει
3251 5394 3475 5466 negatio
3521 5402 3639 5462 est,

389 5462 613 5535 ἀμέσωςέ
642 5473 764 5535 ante
790 5464 1008 5527 dixerit,
1042 5463 1359 5535 ἐπρᾲκττετο.
1386 5530 1411 5535 _
1942 5531 1955 5535 _

2089 5462 2271 5535 [lloqui
2323 5474 2378 5519 et
2432 5467 2700 5535 sententia
2752 5462 3228 5535 falsa'esset,iet
3268 5462 3343 5518 ab
3383 5462 3643 5534 Origeuis

465 5530 577 5603 (45)
623 5533 752 5599 Τοῖς
798 5530 1331 5657 προεῦνωσλιένοις.
1376 5530 1533 5613 Quae.
1557 5546 1663 5585 vox
1709 5531 1959 5601 sequenti

465 5617 554 5655 rsu
603 5604 883 5657 repetitur.
976 5605 1085 5657 alui
1128 5612 1313 5657 tamen
1359 5603 1647 5657 utrobique
1695 5616 1959 5657 ποογενιι⁴

2089 5530 2248 5597 nente
2272 5548 2496 5605 prorsus
2535 5533 2713 5587 aliena
2747 5551 2761 5588 :
2797 5533 2955 5600 falsa,
2986 5530 3119 5604 quia
3142 5534 3446 5590 libertatem
3477 5530 3640 5589 ὀντες

2089 5616 2233 5657 cret:
2261 5605 2459 5657 aliena.
2491 5604 2621 5657 uuia
2644 5603 2947 5657 libertatem
2973 5606 3116 5657 hanc
3142 5613 3326 5657 tuetur
3352 5601 3639 5657 Origenes.

392 5601 564 5676 νεῖέειῐ
603 5601 883 5676 "imiimi.
923 5601 1085 5676 Malui
1110 5601 1313 5676 ξῑδωθιι
1359 5601 1664 5676 "Nolim"?
1695 5616 1959 5676 πρργενο·
2065 5616 2233 5673 teret;
2261 5601 2459 5669 aliena,
2491 5604 2621 5675 quia
2644 5603 2947 5661 libertatem
2973 5601 3116 5663 hanc
3142 5613 3326 5662 tuetur
3352 5601 3639 5676 Origenes.

394 5670 595 5738 μένοις.
626 5670 688 5727 ut
720 5672 948 5729 habetur
990 5675 1045 5727 in
1079 5673 1173 5727 alt.
1208 5688 1313 5728 ms.
1366 5687 1491 5729 cum
1542 5671 1703 5729 modo
1741 5670 1954 5727 dictum
