3856 6224
162 381 270 435 497

1328 393 1652 454 ῬΒᾸΞΡΑΒ.
1696 397 1947 459 EVANG.
1984 402 2110 460 LIB.
2148 404 2236 460 Vl.

3319 410 3421 466 ινδ

161 493 302 550 εἶναι
329 502 646 570 ποιητικοὺς
686 501 796 556 τῶν
834 507 891 558 ὲν
927 506 1265 579 ἀνθρώποις,
1296 517 1664 583 σημαντικοὺς
1692 517 1728 569 δὲ

1854 529 1912 575 ιιι
1942 536 2008 575 ne
2036 521 2222 577 stellas
2249 521 2470 592 quidem
2514 523 2661 592 ipsas
2697 539 2878 578 rerum
2915 523 3276 580 humanarum
3308 524 3418 578 ullo

166 587 348 657 μόνον.
387 590 564 659 Σαφὲς
605 592 668 663 δὴ
693 633 707 655 ,
739 595 842 658 ὅτι,
875 598 923 648 εί
945 596 1030 650 ὅδε
1072 615 1155 662 τις
1181 601 1208 652 6
1232 605 1612 674 σχηματισμὸς
1641 605 1747 659 τῶν

164 679 412 752 ἀστέρων
447 684 729 752 ποιητικὸς
759 686 1034 755 νομίζοιτο
1063 689 1232 743 τῶνδέ
1263 710 1420 746 τινων
1452 694 1560 747 τῶν
1598 711 1744 762 γινο-

163 771 344 840 μένων
370 773 628 844 περὶτῶν
658 776 959 847 ἀνθρώπων
988 781 1100 850 (47)
1126 781 1299 852 (ἔστω
1327 784 1433 857 γὰρ
1470 787 1596 856 περὶ
1621 787 1746 840 τού-

158 879 255 915 του
284 863 378 918 νῦν
400 864 678 937 ζητεῖσθαι
710 869 799 921 τὸν
825 869 1036 945 λόγον),
1064 874 1163 927 ούκ
1185 873 1249 926 ἂν
1274 877 1302 928 6
1335 878 1592 950 σήμερον,
1613 881 1744 952 φέρε

161 956 369 1019 εἰπεῖν,
420 958 710 1029 γενόμενος
772 964 1149 1034 σχηματισμὸς
1214 967 1340 1036 περὶ
1393 969 1541 1023 τόνδε
1589 970 1746 1024 δύνα-

159 1061 251 1097 ται
283 1047 520 1102 νοεῖσθαι
566 1052 918 1123 πεποιηκέναι
954 1054 1022 1107 τὰ
1060 1057 1472 1128 παρεληλυθότα
1517 1060 1584 1114 δι’
1630 1062 1746 1115 ἓτε-

159 1155 256 1208 ρον
309 1140 443 1211 (48).
516 1144 632 1197 Πᾶν
682 1146 790 1218 γὰρ
842 1148 904 1200 τὸ
953 1148 1160 1214 ποιοῦν,
1216 1153 1586 1226 πρεσϐύτερον
1643 1154 1740 1208 τοῦ

160 1233 553 1303 πεποιημένου.
619 1237 782 1290 Ὅσον
849 1239 906 1292 δὲ
960 1241 1054 1293 έπί¹
1109 1245 1223 1307 τοῖς
1284 1244 1570 1316 μαθήμασι
1634 1247 1742 1300 τῶν

155 1323 227 1376 τὰ
307 1323 533 1379 τοιαῦτα
607 1329 1091 1403 ἐπαγγελλομένων
1122 1376 1138 1402 ,
1229 1336 1578 1409 πρεσϐύτερα
1647 1338 1740 1392 τοῦ

163 1417 546 1488 σχηματισμοῦ
589 1420 946 1492 προλέγεσθαι
998 1425 1275 1494 νομίζεται
1334 1430 1461 1500 περὶ
1493 1431 1619 1494 τοὺς
1648 1433 1742 1484 ἀν·-

160 1505 437 1575 θρώτιους.
505 1510 957 1580 Ἐπαγγέλλονται
1002 1519 1131 1587 γάρ,
1177 1518 1326 1571 τόνδε
1366 1519 1490 1572 τινὰ
1539 1523 1740 1592 τρόπον

156 1595 258 1664 τὴν
289 1595 438 1666 ὤραν
481 1598 734 1665 λαϐόντες
780 1604 930 1658 τοῦδε
963 1605 1056 1659 τοῦ
1092 1607 1380 1679 ἀνθρώπου
1405 1650 1420 1674 ,
1460 1612 1740 1684 καταλαμ-

156 1687 347 1743 ϐάνειν
405 1691 522 1755 πῶς
574 1693 801 1759 ἕκαστος
870 1697 979 1750 τῶν
1036 1699 1400 1770 πλανωμένων
1455 1703 1598 1756 κατά
1642 1705 1741 1758 κά-

156 1780 332 1845 θετον,
362 1781 396 1852 ﬂ
427 1783 590 1852 τῆσδε
640 1787 738 1854 τῆς
795 1787 990 1858 μοίρας
1033 1789 1128 1842 τοῦ
1189 1789 1402 1856 ζωδίου,
1448 1792 1622 1864 ἢτῶν
1680 1796 1739 1847 ἐν

1848 615 2013 670 modo
2065 631 2282 681 causas,
2320 616 2412 670 sed
2459 632 2647 670 earum
2692 625 2902 672 tantum
2965 619 3119 687 signa
3170 620 3419 688 quaedam

1846 719 1968 759 esse
1992 705 2369 760 ostendamus.
2394 703 2638 760 Primum
2679 706 2844 776 igitur
2885 707 2936 762 id
2991 708 3146 777 plane
3180 720 3418 770 constat,

1847 803 1908 850 ut
1957 807 2164 851 certum
2220 797 2514 866 quemdam
2563 797 2843 853 stellarum
2896 799 3086 864 situm,
3139 809 3416 855 certarum

1845 902 2063 956 quoque
2092 903 2296 952 rerum,
2323 904 2445 956 quae
2472 888 2538 943 ad
2585 888 2860 944 hominem
2918 890 3246 961 pertineant,
3289 906 3419 946 cau-

1845 993 1961 1033 sam
1985 993 2107 1033 esse
2140 979 2331 1033 demus
2354 978 2501 1049 (nam
2556 981 2625 1035 de
2677 981 2780 1034 hoc
2828 981 3296 1049 inpraesentiarum
3333 981 3418 1035 in-

1846 1072 2034 1125 stituta
2065 1071 2295 1140 qumstio
2326 1069 2440 1140 sit),
2475 1071 2571 1141 qui
2606 1081 2786 1126 tamen
2827 1073 3088 1126 hodierna
3132 1073 3242 1137 die,
3267 1073 3415 1128 verbi

1844 1161 2039 1231 gratia,
2069 1169 2218 1216 certo
2253 1161 2472 1215 cuidam
2499 1161 2707 1214 homini
2735 1175 2922 1215 earum
2958 1164 3094 1217 situs
3122 1163 3411 1226 exstiterit,

1843 1252 2091 1307 eumdem
2127 1267 2308 1307 rerum
2341 1267 2530 1306 earum
2560 1267 2782 1308 causam
2815 1268 2938 1306 esse
2969 1254 3119 1307 nullo
3137 1254 3298 1309 modo
3317 1269 3414 1323 po-

1845 1344 2036 1410 tuisse,
2068 1361 2190 1414 qua:
2217 1345 2269 1398 in
2303 1345 2411 1398 alio
2453 1345 2734 1414 quopiam,
2771 1345 2964 1401 aliisve
3005 1346 3255 1416 pluribus
3299 1347 3412 1417 jam

1842 1445 1967 1490 ante
1998 1437 2344 1506 contigerint.
2379 1435 2654 1506 Quidquid
2706 1437 2852 1490 enim
2905 1437 3056 1492 aliud
3112 1437 3296 1502 efﬁcit,
3349 1453 3416 1494 eo

1841 1527 1987 1595 quod
2041 1525 2269 1581 efficitur
2329 1527 2481 1595 prius
2548 1541 2670 1580 esse
2742 1527 2919 1582 debet.
2990 1527 3152 1598 Atqui
3223 1544 3412 1584 eorum

1840 1620 2128 1690 praeceptis
2166 1659 2180 1683 ,
2251 1619 2343 1688 qui
2417 1629 2587 1673 artem
2669 1619 2831 1673 istam
2899 1621 3221 1690 profitentur
3261 1661 3279 1687 ,
3357 1623 3413 1677 id

1840 1723 2056 1778 quoque
2111 1707 2226 1762 fieri
2290 1723 2453 1778 posse
2507 1708 2669 1780 vulgo
2723 1719 2950 1780 putant,
3013 1719 3074 1766 ut
3125 1727 3246 1782 quae
3312 1714 3408 1767 tali

1841 1797 1998 1868 291
2041 1798 2145 1853 situ
2176 1797 2355 1867 priora
2391 1807 2538 1861 sunt,
2567 1797 2634 1852 de
2687 1799 2997 1855 hominibus
3024 1801 3405 1870 praedicantur.

155 1865 293 1936 αὐτῇ
349 1869 562 1923 λεπτῶν
583 1889 595 1902 ο
645 1875 737 1926 καὶ
789 1878 941 1939 ποῖος
971 1878 1145 1949 ἀστὴρ
1176 1878 1268 1931 τοῦ
1295 1879 1559 1944 ζωδιακοῦ
1593 1884 1728 1938 κατὰ

1835 1865 2042 1959 ριιῖρῇ
2075 1865 2192 1945 sibi
2209 1890 2352 1944 enim
2385 1890 2489 1945 hoc
2519 1890 2608 1946 isti
2635 1898 2878 1956 sumunt,
2911 1900 2970 1945 ut
2999 1865 3089 1947 ubi
3121 1894 3290 1948 semel
3317 1894 3412 1947 ho-

152 1955 249 2008 τοῦ
293 1959 609 2013 ἀνατολικοῠ
635 1963 927 2034 ἐτύγχανεν
958 1967 1251 2038 ὁρίζοντος,
1290 1969 1441 2033 ποῖός
1498 1988 1556 2024 τε
1593 1971 1733 2026 κατά

153 2047 248 2100 τοῦ
284 2049 524 2117 δυτικοῦ,
552 2055 645 2107 καὶ
682 2056 764 2118 τίς
798 2057 937 2110 κατὰ
962 2058 1055 2112 τοῦ
1109 2062 1608 2132 μεσουρανήματοςν
1639 2064 1734 2116 καὶ

151 2139 235 2202 τίς
257 2142 402 2194 κατὰ
431 2143 526 2196 τοῦ
585 2147 1206 2220 ἀντιμεσουρανήματος.
1257 2153 1367 2205 Καὶ
1429 2153 1568 2207 ὲπάν
1599 2154 1734 2208 θῶσι

153 2231 286 2294 τοὺς
317 2233 570 2304 ἀστέρας,
607 2235 700 2301 οὓς
731 2240 1007 2309 νομίξουσι
1035 2242 1247 2305 ἑαυτοῖς
1284 2244 1731 2314 ὲσχηματικέναι,

150 2323 298 2376 κατά
335 2323 425 2378 τὸν
465 2329 654 2399 καιρὸν
707 2330 805 2401 τῆς
855 2331 948 2384 τοῦ
981 2332 1151 2397 δεῖνος
1195 2335 1458 2402 γενέσεως
1487 2338 1734 2408 ἐσχημα-

147 2416 445 2486 τισμένους
472 2420 692 2486 οὑτωσὶ,
739 2422 816 2492 τῷ
847 2425 1025 2496 χρόνῳ
1079 2427 1178 2497 τῆς
1221 2426 1537 2492 ἀποτάξεως
1568 2441 1596 2472 ο
1634 2429 1729 2482 τοῦ

149 2510 283 2579 περὶ
316 2502 380 2564 οὗ
408 2513 722 2576 σκοποῦσιν,
753 2516 813 2568 οὐ
852 2517 1009 2585 μόνον
1046 2519 1114 2572 τὰ
1160 2519 1416 2588 μέλλοντα
1451 2521 1731 2586 ἐξετάζου-

152 2616 258 2663 σιν,
293 2599 431 2654 ἀλλά
460 2603 554 2654 καὶ
582 2603 648 2655 τά
679 2604 1108 2675 παρεληλυθότα,
1140 2608 1234 2658 καὶ
1267 2607 1337 2659 τά
1378 2607 1484 2677 πρὸ
1513 2609 1611 2678 τῆς
1635 2625 1727 2676 γε-

147 2691 357 2755 νέσεως
387 2693 479 2746 καὶ
505 2693 607 2762 τῆς
636 2698 842 2764 σπορᾶς
861 2694 954 2749 τοῦ
993 2697 1118 2769 περὶ
1143 2691 1204 2751 οὗ
1249 2697 1404 2766 λόγος
1433 2699 1730 2769 γεγενημέ-

145 2798 260 2834 νουο
294 2783 428 2853 περὶ
457 2785 683 2854 πατρὸς,
723 2788 964 2851 ποταπὸς
1001 2785 1074 2840 ὢν
1103 2788 1384 2858 τυγχάνει,
1417 2788 1666 2851 πλούσιος
1694 2789 1726 2860 ἢ

144 2874 340 2941 πένης,
381 2873 672 2944 ὁλόκληρος
722 2876 784 2928 τὸ
833 2876 1050 2948 σῶμαῆ
1096 2877 1476 2948 σεσινωμένος,
1504 2877 1564 2930 τὸ
1593 2873 1726 2948 ἦθος

144 2963 377 3033 βελτίων
415 2965 447 3036 ἢ
501 2966 717 3038 χείρων,
752 2969 1015 3038 ἀκτήμων
1058 2967 1090 3039 ἢ
1155 2970 1537 3040 πολυκτήμων,
1567 2970 1726 3040 τήνδε

142 3056 241 3125 τὴν
279 3055 482 3126 πρᾶξιν
509 3057 542 3127 ἢ
574 3059 730 3127 τήνδε
754 3058 914 3128 ἔχων·
949 3060 1016 3112 τὰ
1072 3061 1116 3114 δ’
1148 3061 1286 3114 αύτά
1320 3062 1414 3115 καὶ
1465 3062 1594 3134 περ)⁴
1627 3063 1727 3132 τῆς

147 3149 380 3218 μητρὸς,
411 3149 504 3201 καὶ
540 3150 668 3221 περὶ
701 3152 1086 3223 πρεσϐυτέρων
1128 3153 1391 3224 ἀδελφῶν,
1437 3153 1530 3206 ἐὰν
1557 3155 1728 3224 τύχω-

148 3256 229 3292 σιν
257 3239 435 3301 ὅντες.
479 3241 659 3293 Ἔστω
695 3241 752 3294 δὲ
803 3245 950 3313 ἡμᾶς
1008 3245 1099 3297 ἐπὶ
1116 3243 1209 3296 τοῦ
1258 3244 1523 3316 παρόντος
1559 3262 1728 3316 προσ·
1754 3229 1799 3290 C

148 3330 329 3382 ίεσθαι
371 3331 573 3394 αὐτοὺς
600 3333 1038 3404 καταλαμϐάνειν
1082 3335 1152 3388 τὰ
1169 3337 1226 3388 ὲν
1250 3335 1328 3406 τῷ
1355 3335 1506 3404 τόπῳ
1530 3335 1726 3407 ἀληθῆ,

145 3423 277 3492 περὶ
307 3417 370 3476 οὗ
410 3421 506 3476 καὶ
531 3424 693 3477 αὐτοῦ
734 3425 961 3498 ὕστερον
1014 3426 1280 3498 δείξομεν,
1327 3429 1409 3482 ὅτι
1439 3429 1536 3499 οὐχ
1558 3427 1726 3492 οὕτως

147 3515 280 3584 ἔχει·
314 3514 648 3585 πευσὼμεθα
679 3517 855 3569 τοίνυν
896 3518 1006 3571 τῶν
1060 3519 1554 3590 ὑπολαμϐανόντων
1598 3537 1729 3574 κατ-

143 3606 494 3677 ηιαγκάσθαι
523 3606 626 3659 ὑπὸ
662 3607 768 3660 τῶν
789 3608 1002 3679 ἄστρων
1029 3611 1100 3663 τὰ
1130 3611 1238 3664 τῶν
1256 3609 1555 3682 ἀνθρώπων
1588 3611 1728 3683 πρά-

146 3716 364 3767 γματα,
425 3699 548 3752 τίνα
615 3700 813 3772 τρόπον
881 3702 910 3753 6
961 3701 1196 3773 σήμερον
1265 3701 1644 3773 σχηματισμὸς
1697 3702 1726 3754 6

147 3792 353 3848 τοιόσδε
381 3791 602 3845 δύναται
643 3792 996 3862 πεποιηκέναι
1028 3793 1096 3848 τὰ
1124 3793 1490 3865 πρεσϐύτερα.
1524 3794 1588 3847 Et
1616 3792 1726 3866 γὰρ

147 3883 304 3935 τοῦτο
360 3884 664 3953 ἀμήχανον,
697 3883 866 3937 καθ’ὃ
906 3884 970 3955 δὴ
1015 3885 1095 3938 ὅτι
1160 3884 1270 3958 (49)
1315 3885 1627 3957 εὑρίσκεται
1664 3887 1726 3939 τὸ

149 3976 276 4045 περὶ
301 3974 411 4027 τῶν
451 3974 832 4046 πρεσϐυτέρων
861 3975 952 4028 τοῦ
981 3977 1172 4046 χρόνου
1202 3977 1418 4048 ἀληθὲς,
1449 3977 1620 4048 σαφὲς
1664 3977 1726 4032 τὸ

152 4069 227 4140 μὴ
253 4068 366 4141 (50)
401 4069 754 4138 πεποιηκέναι
790 4071 914 4135 τοὺς
968 4072 1203 4144 ἀστέρας
1251 4073 1446 4126 οὑτωσὶ¹
1472 4073 1726 4145 κινουμέ-

150 4179 271 4224 νους
297 4162 357 4214 ὲν
389 4160 605 4232 οὐρανῷ
633 4163 700 4215 τὰ
722 4161 1128 4232 παρεληλυθότα
1161 4163 1255 4216 καὶ
1299 4163 1587 4234 γενόμενα,
1619 4163 1724 4235 πρὸ

147 4251 241 4304 τοῦ
268 4251 445 4317 οὕτως
460 4251 605 4327 ἔχειν
629 4253 841 4316 αὐτούς.
875 4254 938 4306 Εἰ
975 4253 1031 4306 δὲ
1073 4253 1229 4306 τοῦτο
1281 4255 1421 4324 τάχα
1447 4257 1474 4308 6
1505 4256 1718 4327 προσιέ-

151 4360 310 4412 μενος
365 4325 651 4414 ἀληθεύειν
689 4345 905 4408 αὐτοὺς,
939 4345 1238 4416 ἐπιστήσας
1269 4345 1380 4416 (51)
1435 4325 1557 4409 τοῖς
1596 4347 1724 4417 περὶ

147 4434 253 4486 τῶν
297 4435 598 4506 μελλόντων
627 4435 955 4506 λεγομένοις,
978 4437 1093 4505 ὲρεῖ
1123 4435 1407 4507 ἀληθεύειν
1439 4437 1636 4501 αὐτοὺς
1659 4437 1720 4490 οὐ

1836 1994 1950 2032 ram
1979 1979 2141 2034 unius
2195 1979 2426 2049 alicujus
2471 1979 2706 2035 hominis
2734 1981 3062 2050 singularem
3098 1993 3244 2038 certo
3273 1999 3410 2052 quo-

1833 2070 1956 2125 dam
1990 2069 2152 2124 modo
2171 2069 2644 2140 deprehenderint,
2669 2071 3006 2139 exploratum
3032 2071 3136 2142 ipsi
3150 2073 3409 2128 continuo

1834 2159 2088 2229 habeant,
2118 2176 2341 2231 ecquem
2370 2161 2437 2216 ad
2479 2161 2922 2231 perpendiculum
2955 2161 3193 2217 siderum
3219 2178 3407 2217 erran-

1834 2253 1968 2306 tium
2000 2251 2280 2322 quodlibet
2301 2252 2466 2306 situm
2503 2253 2556 2307 in
2587 2253 2689 2307 hac
2714 2253 2873 2308 illave
2901 2253 3042 2324 signi
3074 2264 3244 2324 parte,
3273 2271 3400 2326 par-

1831 2343 2010 2414 tisque
2052 2345 2278 2402 minutis
2329 2346 2632 2412 obtineret;
2685 2347 2956 2416 simulque
2999 2347 3276 2417 quodnam
3315 2363 3407 2402 zo-

1830 2440 1972 2495 diaci
2024 2449 2232 2496 astrum
2269 2441 2322 2496 in
2382 2440 2633 2496 orientali
2679 2441 2980 2507 horizonte,
3023 2441 3298 2511 quodnam
3350 2441 3405 2494 in

1831 2530 2154 2587 occidentali
2174 2540 2505 2596 versaretur,
2531 2532 2920 2603 quaenamitem
2944 2532 3181 2586 medium
3200 2531 3407 2586 utrius-

1830 2637 1937 2692 que
1965 2621 2328 2692 hemisphazrii
2360 2621 2558 2677 coelum
2589 2622 2816 2676 adversa
2866 2622 3136 2691 positione
3171 2637 3405 2692 occupa-

1828 2720 1968 2766 rent.
1997 2711 2171 2780 Atque
2195 2712 2286 2766 ubi
2310 2712 2492 2767 stellas
2512 2727 2626 2779 eas,
2659 2728 2890 2782 quarum
2930 2712 3033 2768 sibi
3061 2712 3244 2769 animo
3270 2713 3406 2782 figu-

1831 2816 1948 2856 ram
1980 2804 2230 2859 videntur
2263 2813 2317 2859 et
2333 2804 2676 2860 collationem
2726 2803 3073 2867 informasse,
3110 2804 3216 2860 hoc
3243 2805 3403 2859 illave

1830 2893 1937 2949 situ
1983 2895 2086 2950 sub
2141 2895 2373 2966 alicujus
2403 2906 2583 2952 ortum
2633 2896 2803 2953 fuisse
2863 2903 3194 2967 posuerunt;
3223 2905 3339 2951 tum
3363 2897 3400 2950 ii

1827 3000 1958 3040 vero
1985 3000 2052 3040 ex
2081 2986 2170 3040 illo
2223 2987 2342 3056 ipso
2397 2996 2659 3057 tempore,
2707 3002 2816 3058 quo
2841 2987 3021 3042 editus
3065 2987 3120 3040 in
3145 2987 3320 3042 lucem
3355 2987 3402 3044 is

1828 3087 1931 3146 est,
1962 3078 2119 3150 cujus
2165 3078 2337 3134 fatum
2388 3081 2685 3158 rimantur,
2727 3097 2834 3136 non
2867 3079 3054 3135 futura
3095 3081 3278 3146 modo,
3307 3081 3402 3136 sed

1827 3169 1990 3225 etiam
2019 3171 2307 3240 praeterita,
2343 3187 2569 3242 quaeque
2597 3171 2837 3242 ejusdem
2865 3181 2919 3228 et
2948 3181 3127 3228 ortum
3157 3181 3400 3228 etsatum

1829 3263 2238 3328 antecesserint,
2266 3264 2605 3333 conjiciunt:
2641 3263 2854 3332 qualem
2915 3263 3030 3333 ipse
3058 3271 3262 3334 patrem
3304 3263 3403 3317 ha-

1829 3354 1985 3420 beat;
2022 3355 2241 3410 divitem
2289 3371 2358 3410 an
2389 3365 2629 3421 tenuem,
2662 3356 2858 3428 integri
2888 3356 3154 3426 corporis,
3185 3371 3251 3410 an
3281 3372 3404 3410 mu-

1830 3445 1942 3510 tili;
1971 3445 2126 3500 bonis
2142 3461 2208 3500 an
2235 3446 2390 3502 malis
2412 3447 2689 3513 moribus;
2718 3446 2967 3516 amplane
2992 3461 3061 3500 an
3083 3455 3314 3517 angusta
3342 3461 3401 3500 re

1829 3534 2117 3602 familiari;
2145 3538 2247 3592 hoc
2275 3552 2344 3592 an
2393 3538 2526 3592 illud
2559 3538 2901 3607 complexum
2931 3537 3052 3592 vita:
3083 3553 3253 3607 genus
3280 3554 3292 3586 :
3323 3537 3401 3591 si-

1826 3629 2084 3700 miliaque
2107 3640 2214 3684 tam
2254 3630 2320 3685 de
2371 3640 2565 3696 matre,
2615 3645 2777 3700 quam
2808 3630 2874 3685 de
2920 3629 3201 3695 fratribus,
3226 3629 3270 3684 si
3301 3631 3392 3699 qui

1828 3720 1956 3786 siut,
1980 3731 2106 3775 natu
2138 3721 2440 3790 majoribus
2463 3721 2765 3790 inquirunt.
2788 3718 2900 3777 Nos
2930 3735 3080 3785 vero,
3110 3729 3168 3774 ut
3201 3720 3393 3774 demus

1827 3812 2040 3866 interim
2090 3812 2257 3882 (quod
2315 3813 2490 3880 ipsum
2525 3821 2704 3866 tamen
2743 3810 2866 3866 falsi
2897 3821 3086 3879 postea
3133 3826 3397 3880 coargue-

1829 3901 1994 3974 mus),
2043 3904 2309 3972 exquisite
2348 3904 2416 3957 ab
2455 3903 2521 3958 iis
2545 3911 2713 3958 totam
2761 3903 2906 3958 illam
2937 3903 3072 3960 situs
3120 3911 3396 3958 astrorum

1825 3995 2038 4065 locique
2054 3996 2316 4050 rationem
2348 3995 2516 4049 teneri
2544 4010 2729 4064 posse,
2777 4009 3090 4064 quaeramus
3116 4010 3183 4049 ex
3214 3993 3282 4050 iis
3311 4003 3394 4047 ta-

1825 4101 1971 4152 men,
2001 4086 2092 4156 qui
2120 4085 2282 4140 rebus
2309 4085 2564 4140 humanis
2580 4086 2687 4139 vim
2720 4100 2749 4139 a
2773 4083 3044 4140 sideribus
3071 4084 3252 4139 afferri
3288 4099 3394 4154 pu-

1826 4187 1962 4244 tant,
2012 4178 2107 4247 qui
2150 4178 2366 4232 tandem
2419 4177 2717 4232 hodiernus
2747 4177 2848 4233 iste
2883 4178 3021 4233 situs
3041 4192 3222 4232 rerum
3255 4187 3395 4232 tem-

1822 4285 1954 4342 pore
1989 4271 2330 4340 superiorum
2359 4285 2525 4330 causa
2573 4286 2697 4327 esse
2728 4272 2922 4341 possit.
2955 4270 3089 4326 Nam
3121 4272 3175 4326 id
3207 4271 3254 4327 si
3277 4269 3392 4325 fieri

1823 4364 1974 4419 nullo
1998 4364 2160 4419 modo
2193 4372 2390 4432 potest,
2408 4361 2648 4434 profecto
2681 4363 2866 4430 etiam,
2889 4362 3018 4418 dum
3052 4363 3118 4418 iis
3143 4363 3210 4418 de
3229 4362 3393 4417 rebus

1821 4457 1934 4511 veri
1965 4454 2243 4526 quidpiam
2297 4456 2592 4520 invenitur,
2656 4455 2814 4523 plane
2843 4469 3182 4524 consequens
3203 4463 3305 4520 est,
3335 4462 3394 4508 ut

252 4529 426 4580 ποιεῖν
453 4527 579 4589 τοὺς
632 4527 886 4597 ἀστέρας,
945 4525 1082 4581 ἀλλά
1103 4525 1181 4596 τῷ
1211 4527 1496 4598 σημαίνειν
1537 4529 1716 4598 μόνον.

1832 4525 2062 4618 praesens
2078 4549 2166 4606 hic
2182 4556 2456 4603 astrorum
2488 4549 2544 4602 in
2579 4548 2720 4603 caelo
2743 4555 2947 4612 motus,
2978 4561 3100 4616 quae
3119 4547 3232 4616 jam
3267 4553 3394 4600 ante

162 4618 284 4672 Ἐὰν
314 4619 370 4671 δέ
399 4635 483 4681 τις
514 4620 694 4690 φάσκῃ
724 4619 794 4672 τὰ
837 4619 937 4690 μὲν
985 4618 1392 4690 παρεληλυθότα
1435 4620 1510 4691 μὴ
1550 4623 1717 4676 ποιεῖν

147 4711 273 4772 τοὺς
304 4711 558 4780 ἀστέρας,
586 4710 718 4764 ἀλλά
743 4710 936 4774 ἄλλους
996 4709 1093 4780 μὲν
1143 4713 1554 4781 σχηματισμοὺς
1593 4713 1719 4777 τοὺς

147 4804 246 4873 τῆς
278 4805 504 4857 ἐκείνων
531 4804 783 4872 γνώσεως
825 4805 1029 4868 αἰτίους
1064 4806 1365 4873 γεγονέναιο
1413 4807 1504 4861 τὸν
1539 4808 1596 4861 δὲ
1623 4807 1718 4862 νῦν

150 4896 532 4966 σχηματισμὸν
589 4897 998 4967 σεσημαγκέναι
1048 4897 1226 4968 μόνον,
1261 4899 1329 4953 τὰ
1385 4898 1564 4970 μέντοι
1593 4899 1719 4970 μέλ-

187 5021 214 5050 ι
239 5008 323 5065 ἵσ.
353 5008 680 5074 ἀποτέξεως.

221 5120 333 5192 ({7)
366 5121 656 5192 Περίίτῶν
697 5122 1036 5191 ἀνθρώπων.
1069 5122 1489 5178 Rescribendum
1531 5127 1718 5182 existi-

154 5188 281 5257 mo,'
314 5191 445 5266 περὶ
476 5191 575 5266 τρν
609 5188 929 5264 ἄνθρωπον,
979 5193 1061 5248 vel
1111 5194 1236 5258 τοὺς
1283 5193 1622 5266 ἀνθρώπους,
1659 5207 1718 5254 ιιι

152 5276 272 5332 mox
289 5261 432 5332 ,περὶ
459 5261 631 5332 τόνδε.

221 5331 327 5402 (48)
364 5331 444 5402 Δι’
487 5331 706 5399 ἕτερον.
757 5332 855 5388 Hie
902 5349 1116 5401 quoque
1161 5335 1314 5389 alter.
1343 5350 1447 5388 ms.
1496 5346 1716 5393 secutus

153 5417 293 5465 sum,
339 5401 430 5477 ubi
478 5403 610 5477 περὶ
655 5403 873 5477 ἐτέρους
919 5404 1143 5477 legitur,
1172 5405 1508 5477 quidsensus
1555 5407 1716 5477 longe

154 5472 559 5543 convenientior
585 5482 686 5526 est.
720 5472 827 5543 Nec
866 5472 1009 5527 enim
1037 5475 1104 5528 de
1143 5473 1390 5543 pluribus
1423 5474 1509 5529 hie
1559 5472 1715 5532 selte-

153 5540 417 5594 matismis
450 5541 582 5612 agit,
609 5543 702 5596 sed
733 5542 799 5596 de
841 5558 949 5597 uno
998 5540 1207 5598 tantum
1230 5583 1245 5608 ,
1288 5559 1446 5612 quem
1481 5544 1712 5612 plurium

153 5625 215 5662 ac
262 5610 657 5685 praeteritorum
704 5621 993 5685 eventuum
1028 5629 1248 5669 causam
1291 5610 1411 5669 esse
1443 5610 1623 5685 negat,
1657 5625 1715 5672 ut

151 5693 214 5732 ex
238 5681 590 5747 sequentibus
619 5681 899 5735 manifeste
931 5691 1162 5738 constat.

221 5749 329 5830 (49)
353 5749 492 5830 Καθ’
519 5749 551 5804 δ
580 5749 660 5830 δὴ
685 5750 792 5830 ὅτι.
823 5749 925 5830 _Pro
947 5753 1068 5806 καθ’
1101 5755 1129 5830 6
1160 5770 1211 5807 τι
1279 5757 1366 5828 δή,
1397 5757 1545 5830 quod
1573 5755 1713 5813 forte

152 5820 549 5876 rescribendum
577 5828 684 5887 est,
709 5822 906 5877 clarius
932 5833 1072 5880 Certe
1098 5823 1256 5881 foret.

1820 4642 2180 4713 contigerunt,
2209 4656 2376 4712 quam
2417 4639 2686 4710 ejusmodi
2716 4639 2882 4694 situm
2925 4638 3252 4704 obtinerent,
3286 4635 3395 4691 elli-

1819 4747 1938 4786 cere
1960 4746 2065 4785 non
2094 4732 2346 4800 potuerit.
2376 4729 2470 4785 Sin
2501 4729 2698 4799 aliquis
2743 4728 2884 4785 forte
2914 4728 3038 4790 erit,
3070 4728 3163 4798 qui
3183 4727 3250 4781 ad
3299 4741 3392 4782 ve-

1819 4819 2029 4873 ritatem
2052 4819 2121 4874 iis
2148 4821 2253 4875 hoc
2281 4820 2336 4874 in
2384 4833 2580 4890 genere
2626 4816 3058 4881 concedendum,
3090 4832 3274 4871 rerum
3305 4814 3391 4868 fu-

1820 4919 2062 4966 turarum
2090 4911 2546 4980 pra-sensionibus
2597 4911 2898 4967 adducatur
2927 4925 2942 4974 ;
2979 4907 3254 4965 fatendum
3287 4907 3389 4977 ipsi

1889 5128 2002 5197 (50)
2033 5128 2228 5196 Σαρὲς
2260 5127 2326 5182 τὸ
2353 5127 2458 5196 μή.
2491 5128 2564 5181 lta
2587 5128 3027 5196 distinguendum
3055 5127 3158 5180 fuit
3186 5127 3249 5197 τὸ
3294 5142 3388 5178 σα-

1816 5196 1913 5268 φές
1947 5202 2014 5253 ah
2042 5199 2256 5270 ἀληθές.
2283 5201 2429 5268 quod
2485 5199 2755 5269 pmcedit,
2790 5198 2989 5268 alioqui
3023 5196 3388 5264 ἀσαφέστατος

1816 5271 1973 5325 locus
2000 5271 2088 5323 hic
2122 5269 2333 5323 fuisset.

1888 5340 1999 5408 (51)
2029 5338 2413 5406 Ἐπιστήσας.
2444 5337 2832 5408 Reponendum
2878 5337 3130 5393 existimo
3162 5336 3387 5408 ἐπιστή-

1817 5406 1927 5475 σαι,
1957 5410 2157 5477 alioqui
2204 5425 2310 5461 non
2349 5406 2539 5463 solum
2567 5410 2625 5462 τὸ
2670 5411 2723 5462 εὶ
2749 5409 2834 5472 δέ,
2871 5408 3014 5476 quod
3052 5406 3266 5476 periodi
3301 5414 3386 5477 est

1814 5475 2439 5543 ἱιιίιίιιιη,“ἀναπόδοτον
2486 5479 2727 5534 futurum
2792 5475 2912 5541 esti;
2963 5475 3065 5532 sed,
3109 5477 3272 5532 etiam
3323 5475 3387 5530 τὸ

1812 5551 1952 5618 ἐρεῖ,
1983 5549 2126 5618 quod
2177 5552 2440 5617 sequitur,
2475 5550 2540 5603 ad
2589 5549 2983 5617 genethliacum
3016 5547 3380 5609 defensorem,

1814 5636 1921 5674 non
1977 5619 2053 5688 ad;
2093 5628 2517 5688 oppugnatorem
2565 5619 2847 5687 Origeueru
2893 5619 3210 5686 pertinebit;
3256 5632 3380 5671 cum

1813 5700 1992 5744 tamen
2024 5686 2284 5758 Origenes
2322 5705 2428 5743 non
2476 5691 2619 5742 hanc
2666 5686 2770 5756 ipsi
2799 5703 2893 5755 per
2921 5701 3044 5743 sese
3076 5688 3378 5743 orationem

1814 5759 2223 5883 attribuatised
2267 5775 2385 5815 eam
2428 5759 2609 5829 potius
2641 5774 2706 5814 ex
2749 5760 2896 5814 illius
2938 5758 3192 5829 Opinione
3224 5771 3380 5813 secu-

1816 5839 1990 5883 turam
2023 5844 2085 5883 ve
2109 5837 2166 5883 ιι.

1816 5839 1990 5884 turam
2023 5829 2166 5884 velit.
