3856 6224
459 405 564 461 499

1110 390 1380 467 EUSEBIl
1418 408 1905 499 CESARIEISSIS
1943 409 2090 465 OPP.
2129 409 2311 466 PARS
2349 410 2414 465 ll.
2463 441 2532 450 —
2568 407 3067 466 APOLOGETICA.

3606 407 3710 461 500

459 535 663 588 tamen,
690 538 878 580 verum
906 525 1096 584 abillis
1122 541 1187 582 eo
1209 527 1563 596 przeuuntiari
1598 535 1832 591 tantum,
1880 535 2027 596 quod

2137 529 2290 582 λοντα
2317 527 2605 598 δηλοῦσθαι
2665 526 2773 580 ἀπὸ
2805 526 2896 579 τοῦ
2943 525 3294 597 ἐνεστηκότος
3333 521 3710 596 σχηματισμοῦ

455 613 589 670 illud
612 625 760 671 astra
793 617 1034 672 futurum
1071 617 1398 688 signiﬁcent,
1431 635 1541 673 non
1578 619 1720 689 quod
1776 618 2032 673 efﬁciant.

456 704 614 771 Quod
661 707 709 762 si
746 707 884 763 alius
917 709 1187 779 prasterita
1235 711 1344 762 non
1372 709 1486 780 jam
1521 725 1551 764 a
1592 709 1864 764 sideribus
1891 709 2036 764 efﬁci

455 800 736 865 concedet,
769 800 864 855 sed
916 800 1244 869 cognitionis
1293 815 1483 855 eorum
1521 818 1687 856 causa
1720 802 1773 856 in
1824 803 2038 872 priores

457 893 590 946 alias
624 891 922 961 positiones
946 893 1257 962 ﬁgurasque
1279 894 1561 958 translata,
1577 893 1749 949 solam
1774 895 2036 948 hodierno

457 981 584 1036 situi
620 981 1072 1051 significationem
1123 983 1392 1051 relinquet
1422 999 1435 1034 :
1471 984 1550 1037 sic
1575 993 1777 1049 tamen,
1814 992 1872 1037 ut
1901 998 2038 1052 pra:—

455 1075 595 1128 senti
618 1075 858 1130 siderum
885 1075 1179 1130 subortum
1230 1075 1359 1130 certi
1396 1076 1560 1145 hujus
1602 1076 1841 1132 hominis
1867 1077 2039 1132 collo-

452 1167 676 1235 cationi,
699 1176 900 1222 certam
923 1166 1233 1222 futurorum
1259 1168 1643 1236 prmnotionem
1663 1169 1846 1224 deberi
1874 1171 2033 1226 velit:

453 1259 644 1316 afferat
667 1261 755 1315 ille
778 1273 941 1330 porro
979 1259 1315 1314 discriminis
1347 1260 1634 1326 rationem,
1674 1263 2032 1330 quamobrem

453 1351 562 1407 alia
587 1362 839 1423 tanquam
867 1354 1055 1410 effecta
1081 1356 1130 1410 vi
1153 1355 1414 1420 siderum,
1451 1354 1555 1408 alia
1586 1363 1843 1424 tanquam
1871 1355 1939 1408 ab
1967 1355 2035 1409 iis

456 1444 618 1498 modo
670 1445 1012 1515 signiﬁcata,
1062 1462 1187 1502 vere
1241 1447 1494 1516 cognosci
1541 1462 1702 1516 posse
1755 1446 2030 1502 defendat.

456 1532 610 1597 Quod
632 1534 708 1588 illi
730 1535 1020 1590 discrimen
1039 1552 1162 1592 cum
1185 1537 1464 1606 assignare
1495 1539 1702 1590 nullum
1722 1538 1882 1608 292
1908 1555 2034 1608 pos-

453 1624 586 1689 sint,
624 1626 909 1682 nobiscum
946 1628 1198 1698 deinceps
1229 1629 1482 1697 ingenue,
1512 1628 1648 1682 nihil
1695 1644 1886 1684 eorum
1911 1645 2032 1698 qua:

455 1719 521 1774 ad
557 1718 808 1774 homines
833 1720 1158 1788 pertineant,
1189 1734 1219 1772 a
1251 1718 1520 1772 sideribus
1549 1718 1690 1773 efﬁci
1723 1718 2025 1787 fateantur;

455 1808 548 1864 sed
583 1809 913 1872 tantum,uti
933 1809 1045 1879 jam
1080 1817 1203 1862 ante
1245 1807 1504 1871 diximus,
1551 1817 1831 1880 utcunque
1862 1811 2030 1880 signi-

2139 619 2238 690 τῆς
2267 617 2362 670 τοῦ
2398 618 2566 680 δεῖνος
2596 616 2880 684 γενέσεωςο
2916 616 3322 686 παραστησάτω
3355 615 3466 686 (52)
3490 613 3586 684 τὴν
3607 612 3712 664 δια-

2140 710 2311 781 φορὰν
2344 710 2437 762 τοῦ
2488 709 2594 762 ἀπὸ
2640 707 2748 760 τῶν
2812 707 3058 778 ἀστέρων
3109 706 3367 759 δύνασθαι
3416 705 3604 770 δεῖξαι,
3629 705 3711 756 ὅτι

2138 801 2265 855 τάδε
2298 800 2396 872 μὲν
2429 799 2672 869 νενόηται
2697 797 2872 868 ἀληθῆ
2906 797 2982 860 ὡς
3014 795 3122 850 ἀπὸ
3156 795 3470 858 ποιούντων,
3498 795 3624 848 τάδε
3656 793 3712 845 δὲ

2139 891 2215 953 ὡς
2243 890 2349 943 ἀπὸ
2405 889 2776 959 σημαινόντων
2835 888 3012 958 μόνον.
3061 887 3152 958 Μὴ
3204 887 3418 958 ἔχοντες
3443 886 3498 939 δὲ
3530 884 3712 938 δοῦναι

2139 981 2236 1052 τὴν
2263 981 2544 1053 διαφορὰν,
2579 979 2936 1050 εὐγνωμόνως
2984 981 3504 1050 συγκαταθήσονται,
3548 975 3713 1046 μηδὲν

2136 1070 2244 1123 τῶν
2271 1071 2410 1124 κατά
2427 1071 2553 1134 τοὺς
2581 1070 2899 1142 ἀνθρώπους
2915 1070 3021 1123 ἀπὸ
3046 1070 3151 1124 τῶν
3177 1070 3421 1140 ἀστέρων
3443 1068 3711 1137 γίνεσθαι,

2137 1162 2254 1215 ἀλλ’
2286 1162 2362 1226 ὡς
2383 1164 2812 1234 προειρήκαμεν,
2837 1165 2881 1216 εἰ
2903 1163 3028 1234 ἀρα,
3056 1162 3428 1233 σημαίνεσθαι·
3452 1160 3526 1222 ὡς
3561 1161 3608 1212 εί
3640 1159 3714 1228 μὴ

2137 1252 2231 1304 καὶ
2264 1251 2370 1304 ἀπὸ
2397 1251 2505 1303 τῶν
2545 1253 2791 1322 ἀστέρων
2840 1269 2924 1314 τις
2982 1251 3251 1322 ἐλάμϐανε
3294 1250 3360 1303 τὰ
3406 1247 3715 1320 παρεληλυο

2137 1339 2268 1394 θότα
2297 1341 2390 1394 καὶ
2424 1341 2491 1393 τὰ
2530 1340 2810 1411 μέλλοντα,
2851 1340 2962 1394 ἀλλ’
3018 1341 3126 1394 ἀπὸ
3178 1339 3271 1392 τοῦ
3308 1339 3399 1393 νοῦ
3432 1337 3524 1390 τοῦ
3551 1335 3712 1397 Θεοῦ,

2137 1429 2224 1483 διά
2245 1447 2386 1492 τινος
2415 1430 2573 1498 λόγου
2603 1431 2961 1500 προφητικοῦ.
3004 1431 3211 1501 Ὥσπερ
3252 1429 3361 1500 γάρ
3385 1427 3712 1500 προαπεδείο

2136 1520 2325 1593 ξαμεν,
2363 1523 2443 1575 ὅτι
2479 1522 2629 1574 οὐδὲν
2658 1522 2820 1575 λυπεῖ
2844 1523 2936 1575 τὸν
2971 1523 3097 1594 περὶ
3138 1521 3232 1576 τοῦ
3278 1524 3360 1590 ἐφ’
3390 1524 3522 1592 ἡμῖν
3552 1520 3714 1588 λόγον

2131 1613 2192 1666 τὸ
2217 1613 2306 1666 τὸν
2339 1613 2470 1666 Θεὸν
2495 1613 2690 1666 εἰδέναι
2720 1613 2788 1666 τὰ
2821 1613 3247 1684 πραχθησόμενα
3274 1614 3507 1682 ἑκάστῳ,
3538 1612 3714 1676 οὓτως

2131 1705 2252 1758 οὐδὲ
2290 1707 2358 1758 τά
2389 1707 2611 1775 σημεῖα,
2655 1704 2690 1758 ἃ
2743 1705 2929 1769 ἔταξεν
2957 1707 2984 1757 ὁ
3013 1705 3144 1766 Θεὸς
3181 1706 3260 1766 είς
3309 1703 3371 1755 τὸ
3400 1703 3712 1772 σημαίνειν,

2135 1797 2446 1866 ἐμποδίζειν
2477 1797 2586 1866 (55)
2614 1796 2674 1848 τὸ
2699 1798 2782 1865 ἐφ’
2809 1798 2960 1866 ἡμῖν·
3003 1795 3137 1848 ἀ).λά
3190 1794 3586 1865 παραπλησίως
3633 1792 3719 1863 βι-

455 1901 625 1956 ﬁcari.
647 1900 803 1968 Quod
835 1902 1053 1970 perinde
1074 1901 1299 1955 omnino
1328 1902 1508 1968 fuerit,
1555 1918 1619 1957 ac
1669 1902 1714 1956 si
1747 1902 1869 1971 quis
1918 1917 2026 1956 non

2137 1889 2263 1958 ΰλίῳ
2291 1889 2596 1959 περιέχοντι
2635 1887 2702 1940 τὰ
2731 1888 2991 1958 μέλλοντα
3033 1886 3386 1958 προφητικῶς
3423 1887 3451 1938 ὁ
3487 1887 3594 1949 πᾶς
3625 1887 3717 1939 οὐ·

453 1993 564 2062 jam
597 2007 664 2046 ex
693 1992 882 2047 iisdem
935 1992 1204 2047 sideribus
1225 2032 1239 2056 ,
1272 1995 1365 2048 sed
1398 2010 1492 2064 per
1535 1996 1771 2064 aliquam
1798 1995 2030 2064 prophe-

456 2081 609 2146 tiam,
633 2097 699 2137 ex
732 2083 960 2152 ipsamet
1000 2082 1094 2138 Dei
1129 2093 1309 2138 mente
1357 2100 1446 2140 res
1493 2094 1587 2140 aut
1612 2086 1910 2155 prateritas
1936 2096 2030 2141 aut

460 2172 674 2228 futuras
733 2173 1072 2242 intelligeret.
1113 2173 1584 2240 Quemadmodum
1612 2179 1754 2231 enim
1777 2178 2029 2246 superius

457 2274 738 2320 ostensum
792 2280 822 2318 a
863 2265 1019 2320 nobis
1053 2275 1159 2330 est,
1215 2267 1361 2336 quod
1394 2267 1560 2331 Deus,
1599 2283 1720 2338 quae
1757 2284 1786 2322 a
1812 2284 2030 2339 quoque

458 2356 768 2427 profectura
797 2358 926 2424 sint,
958 2360 1141 2412 omnia
1167 2359 1515 2427 praenoverit,
1544 2360 1596 2414 id
1640 2360 1774 2413 nihil
1804 2376 2030 2430 prorsus

459 2447 756 2503 voluntatis
784 2455 984 2502 nostrae
1017 2450 1271 2517 potestati
1305 2449 1518 2505 oﬂicere
1552 2469 1565 2504 :
1600 2451 1673 2505 ita
1701 2467 1801 2506 nec
1829 2453 2026 2519 eidem,

457 2547 580 2609 qtae
597 2554 779 2594 rerum
827 2540 980 2610 signa
1011 2540 1154 2595 Deus
1199 2557 1320 2596 esse
1366 2542 1555 2608 voluit,
1601 2543 2025 2598 incommodant.

459 2631 561 2686 Sed
585 2629 880 2686 voluminis
923 2631 1155 2700 alicujus
1197 2631 1388 2698 instar,
1418 2631 1661 2686 futurum
1711 2631 2025 2701 prophetica

457 2723 694 2778 dictione
722 2722 1011 2792 complexi,
1064 2722 1319 2778 universo
1348 2739 1566 2793 quoque
1599 2724 1762 2786 cmlo,
1795 2723 1889 2793 qui
1928 2721 2023 2777 Dei

458 2813 594 2868 liber
615 2812 838 2882 quidam
872 2821 955 2867 est
976 2854 990 2880 ,
1023 2813 1290 2868 contineri
1342 2813 1522 2868 futura
1560 2824 1809 2884 possunt.
1843 2813 2029 2883 Itaque

462 2909 605 2959 hunc
635 2901 690 2958 in
723 2904 946 2958 modum
995 2904 1219 2974 intelligi
1277 2913 1472 2974 potest,
1536 2906 1681 2975 quod
1716 2906 1769 2959 in
1811 2903 2025 2974 Josepbi

456 2996 769 3068 precatione
799 3011 829 3050 a
859 2994 1066 3051 Jacobo
1117 2996 1339 3060 dicitur,
1371 3013 1390 3047 ι
1425 2995 1553 3065 Legi
1587 2995 1640 3050 in
1673 2996 1873 3050 tabulis
1903 2995 2026 3049 ειειί

457 3103 796 3158 quaecunque
827 3087 1072 3142 accident
1111 3085 1268 3140 vobis
1293 3127 1308 3151 ,
1333 3095 1384 3140 et
1426 3085 1552 3140 ﬁliis
1584 3086 1798 3141 vestris.
1840 3106 1857 3138 ι
1885 3084 2027 3151 Quin

457 3181 620 3235 etiam
653 3178 805 3245 illud,
842 3197 860 3230 ι
898 3177 1310 3246 complicabitur
1333 3177 1530 3231 cmlum
1559 3176 1715 3246 quasi
1747 3176 1883 3230 liber
1910 3177 1976 3242 ³⁹,
2002 3197 2021 3229 ι

459 3287 526 3325 eo
557 3270 807 3325 fortassis
835 3270 1086 3338 pertinet,
1106 3279 1164 3322 ut
1201 3268 1498 3337 impressas
1537 3269 1635 3338 ipsi
1667 3285 1844 3323 rerum
1882 3267 2030 3322 futu»

467 3377 657 3418 rarum
687 3361 1111 3433 signiﬁcationes
1160 3359 1458 3431 perfectum
1504 3362 1768 3430 quasique
1796 3361 2034 3432 comple-

461 3461 577 3508 tum
633 3453 698 3507 iri
749 3453 1103 3516 demonstret,
1169 3452 1627 3522 quemadmodum
1679 3453 1797 3521 ipso
1847 3468 2031 3506 rerum

461 3546 609 3601 exitu
631 3546 901 3614 completa
921 3544 1081 3614 vulgo
1105 3546 1487 3614 prophetarum
1515 3543 1770 3598 dicuntur
1787 3545 2029 3600 oracula.

461 3634 730 3704 Atqueita
760 3635 1039 3704 signorum
1077 3644 1136 3687 ut
1166 3635 1281 3688 vice
1317 3633 1687 3702 fungerentur,
1739 3636 2033 3689 constituta

460 3726 725 3781 divinitus
757 3735 901 3782 astra
930 3724 1323 3794 fuerint,juxta
1355 3725 1508 3790 illud,
1554 3744 1572 3776 ι
1595 3725 1716 3779 Sint
1736 3727 1788 3780 in
1813 3727 1984 3796 signa.
2009 3746 2028 3778 ι

465 3819 789 3888 Quanquam
815 3817 1099 3881 Jeremias,
1126 3818 1203 3872 uti
1241 3827 1293 3871 et
1322 3817 1480 3872 nobis
1525 3832 1624 3872 nos
1659 3819 1775 3888 ipse
1821 3819 2032 3885 reddat,

465 3926 641 3980 eoque
666 3919 813 3964 metu
847 3909 1057 3974 liberet,
1084 3923 1243 3976 quem
1277 3924 1338 3962 ea
1375 3908 1532 3963 nobis
1560 3907 1753 3963 afferre
1787 3919 2031 3978 possent,

464 4016 588 4070 qua:
615 4000 682 4052 ab
705 3999 868 4052 astris
897 3997 983 4051 vel
1006 3997 1321 4066 significari,
1356 3996 1439 4050 vel
1491 3995 1759 4065 proﬁcisci
1791 3997 2037 4065 quando-

466 4103 573 4156 que
602 4088 909 4151 videantur,
955 4088 1028 4141 ita
1069 4095 1272 4151 monet,
1332 4104 1350 4136 ι
1393 4087 1435 4139 Α
1481 4087 1650 4156 signis
1714 4087 1836 4141 coeli
1872 4088 2037 4142 nolite

468 4189 709 4234 metuere
729 4178 798 4232 “.
821 4197 838 4229 ι
869 4176 986 4232 Jam
1010 4193 1157 4243 vero,
1182 4177 1325 4232 aliud
1343 4187 1598 4246 przeterea
1623 4177 1902 4234 videamus
1950 4195 2039 4233 ar-

468 4282 807 4342 gumenlum,
851 4271 996 4340 quod
1053 4271 1323 4326 sideribus
1380 4269 1640 4324 efﬁciendi
1667 4271 1892 4329 nullam.
1943 4271 2038 4324 sed

467 4361 705 4428 aliquam
767 4370 999 4426 tantum,
1033 4360 1079 4415 si
1109 4361 1194 4414 vel
1225 4360 1340 4429 ipsa
1367 4368 1544 4413 tamen
1574 4361 1690 4414 dari
1739 4369 1936 4430 potest,
1963 4363 2038 4415 si-

468 4451 756 4524 gnificandi
781 4451 889 4505 vim
919 4452 1207 4521 relinquat.
1240 4450 1519 4505 Docebunt
1545 4450 1820 4505 enimvero
1842 4452 2037 4506 inﬁniti

2134 1980 2291 2050 ρανὸς
2315 1980 2558 2042 δύναται,
2605 1979 2766 2032 οἱονεὶ
2797 1979 2977 2049 βίϐλος
3004 1977 3077 2030 ὢν
3135 1977 3289 2039 Θεοῦ,
3338 1977 3612 2048 περιέχειν
3646 1977 3716 2029 τά

2133 2071 2413 2141 μέλλοντα.
2447 2072 2647 2141 Διόπερ
2675 2073 2731 2124 ἐν
2757 2072 2822 2140 τῇ
2859 2071 3137 2140 προσευχῇ
3181 2068 3276 2121 τοῦ
3328 2069 3522 2138 Ἰωσὴφ
3558 2067 3718 2120 δύνα-

2127 2179 2218 2215 ται
2249 2161 2390 2216 οὕτω
2449 2161 2682 2214 νοεῖσθαι
2729 2161 2790 2213 τὸ
2849 2160 3138 2230 λεγόμενον
3197 2160 3300 2212 ὑπὸ
3338 2159 3430 2212 τοῦ
3490 2159 3711 2212 Ἰακώϐ·

2136 2273 2154 2304 ‹
2195 2253 2427 2322 ’Λνέγνω
2445 2253 2553 2324 γὰρ
2583 2255 2640 2305 ἐν
2661 2255 2780 2315 ταῖς
2820 2251 2984 2316 πλαξὶ
3024 2251 3118 2304 τοῦ
3158 2249 3410 2322 ούρανοῦ,
3437 2251 3537 2304 ὅσα
3565 2267 3714 2321 συμ-

2131 2344 2355 2415 ϐήσεται
2388 2346 2516 2415 ὑμῖν
2550 2345 2644 2396 καὶ
2668 2347 2778 2407 τοῖς
2802 2345 2938 2407 υἱοῖς
2960 2343 3135 2417 ὑμῶν.
3161 2363 3180 2398 ο
3210 2343 3363 2413 Τάχα
3401 2342 3456 2395 δὲ
3497 2344 3590 2396 καὶ
3627 2345 3711 2407 τὸ,

2133 2437 2509 2509 «Είλιγήσεται
2527 2431 2660 2504 (55')
2679 2433 2707 2485 ὁ
2722 2433 2950 2503 οὐρανὸς
2967 2432 3043 2494 ὡς
3079 2434 3301 2504 βιϐλίον,
3317 2453 3334 2485 ι
3365 2437 3491 2497 τοὺς
3518 2433 3714 2502 λόγους

2129 2527 2254 2589 τοὺς
2286 2525 2721 2596 περιεχομένους,
2748 2527 3110 2595 σημαντικοὺς
3130 2526 3236 2579 τῶν
3259 2527 3530 2596 ἐσομένων
3563 2527 3716 2596 δηλοῖ

2130 2617 2722 2687 ἀπαρτισθησομένους,
2755 2618 2848 2669 καὶ
2886 2619 2951 2669 ἵν’
2971 2616 3144 2681 οὕτως
3169 2617 3326 2683 εἴπω,
3363 2618 3717 2689 πληρωθησο-

2133 2709 2345 2778 μένους,
2377 2707 2563 2779 ῶσπερ
2595 2707 2842 2776 λέγονται
2871 2710 2927 2760 αἱ
2957 2712 3281 2781 προφητεῖαι
3317 2709 3714 2781 πεπληρῶσθαι

2128 2799 2208 2870 τῷ
2249 2799 2630 2870 ἐκϐεϐηκέναι.
2688 2799 2800 2852 Καὶ
2860 2799 3032 2864 οὕτως
3078 2800 3229 2853 ἔσται
3277 2803 3356 2863 είς
3409 2803 3612 2871 σημεῖα
3646 2801 3717 2853 τά

2129 2893 2306 2964 ἄστρα
2337 2893 2618 2961 γεγονότα,
2646 2891 2790 2945 κατά
2818 2891 2916 2963 τὴν
2947 2893 3210 2961 λέγουσαν
3240 2893 3443 2962 φωνὴν,
3469 2912 3486 2942 ι
3515 2893 3724 2944 Ἔστω-

2132 3002 2230 3036 σαν
2263 2986 2342 3046 είς
2369 2985 2622 3054 σημεῖα.»
2671 2982 2728 3035 '0
2757 2983 2812 3034 δέ
2850 2982 3137 3054 Ἱερεμίας,
3197 2983 3536 3053 ἐπιστρέφων
3563 2984 3717 3052 ἡμᾶς

2130 3076 2267 3147 πρὸς
2291 3077 2534 3139 ἑαυτοὺς,
2567 3075 2660 3129 καὶ
2693 3075 2994 3148 περιαιρῶν
3042 3075 3204 3144 φόϐον
3233 3075 3324 3128 τὸν
3363 3075 3454 3127 ἐπὶ
3482 3078 3593 3138 τοῖς
3623 3092 3715 3127 νο-

2137 3166 2442 3238 μιζομένοις
2467 3166 2847 3237 σημαίνεσθαι,
2881 3165 3022 3236 τάχα
3049 3166 3103 3218 δὲ
3139 3167 3232 3218 καὶ
3264 3165 3707 3236 ὑπολαμϐανομέο

2133 3274 2243 3320 νοις
2268 3256 2475 3309 ἐκεῖθεν
2502 3257 2776 3327 ἔρχεσθαι,
2815 3257 2996 3326 φησίν·
3061 3275 3078 3307 ‹
3119 3256 3252 3309 Ἀπὸ
3303 3257 3410 3308 τῶν
3471 3257 3717 3326 σημείων

2130 3347 2225 3400 τοῦ
2245 3347 2472 3420 ούρανοῦ
2501 3348 2575 3419 μὴ
2603 3347 2874 3418 φοϐεῖσθε.
2891 3367 2909 3398 ι
2935 3347 3164 3418 Ἴδωμεν
3187 3347 3279 3399 καὶ
3317 3346 3570 3418 δεύτερον
3596 3349 3718 3400 ἐπι-

2132 3439 2287 3511 χείρη
2297 3457 2392 3510 μα,
2425 3439 2541 3503 πῶς
2557 3441 2617 3492 ού
2640 3439 2890 3492 δύνανται
2924 3441 2971 3491 οἱ
3005 3437 3233 3509 ἀστέρες
3256 3433 3393 3490 εἶναι
3417 3440 3714 3508 ποιητικοὶ,

2133 3530 2268 3592 ἀλλ’,
2297 3532 2345 3582 εί
2380 3530 2509 3602 ἄρα,
2545 3530 2890 3601 σημαντικοί.
2937 3529 3067 3582 Ἀπὸ
3117 3528 3227 3581 τῶν
3289 3528 3560 3582 πλείστων
3605 3528 3716 3600 γὰρ

2133 3622 2274 3676 ὅσων
2303 3622 2568 3691 γενέσεων
2591 3621 2706 3674 ἐστι
2737 3621 2923 3674 λαϐεῖν
2955 3621 3024 3673 τὰ
3073 3621 3202 3691 περὶ
3248 3619 3366 3682 ἐνὸς
3398 3618 3714 3690 ἀνθρώπου·

2137 3713 2332 3784 (τοῦτο
2375 3714 2431 3767 δὲ
2479 3712 2598 3768 καθ’
2630 3712 2883 3766 ὑπόθεσιν
2917 3711 3167 3782 λέγομεν,
3224 3711 3633 3782 συγχωροῦντες
3658 3711 3720 3764 τὸ

2135 3807 2445 3877 ἐπιστήμην
2504 3805 2682 3860 αὐτῶν
2738 3805 3210 3876 ἀναλαμϐάνεσθαι
3277 3806 3367 3858 ὑπ’
3411 3804 3720 3875 ἀνθρώπων

2135 3897 2438 3969 δύνασθαιο)
2469 3896 2603 3969 φέρε
2629 3896 2737 3969 γὰρ
2759 3899 2953 3960 εἰπεῖν,
2979 3897 3107 3968 περὶ
3139 3895 3232 3949 τοῦ
3254 3895 3400 3949 τόνδε
3433 3896 3722 3950 πείσεσθαι

2135 3991 2382 4053 τόδε,καὶ
2408 3988 2758 4060 τεθνήξεσθαι
2793 3989 3158 4059 περιπεσόντα
3189 3988 3414 4061 λῃσταῖς
3447 3990 3540 4040 καὶ
3570 3989 3722 4041 ἀναι-

2141 4083 2384 4153 ρεθέντα,
2419 4083 2552 4152 φησὶ
2575 4082 2832 4156 δύνασθαι
2862 4082 3158 4152 λαμϐάνειν
3203 4082 3310 4134 ἀπό
3347 4099 3406 4134 τε
3446 4081 3546 4150 τῆς
3581 4081 3724 4147 ίδίας

2136 4173 2301 4228 αὐτοῦ
2325 4173 2608 4243 γενέσεως,
2645 4157 2746 4228 κᾶν
2777 4173 2916 4244 τύχῃ
2970 4174 3107 4244 ἔχων
3137 4172 3397 4240 ἀδελφοὺς
3443 4171 3722 4236 πλείονας,

2137 4265 2244 4319 ἀπὸ
2268 4266 2365 4336 τῆς
2394 4265 2620 4318 ἑκάστου
2651 4265 2854 4319 αὐτῶν.
2891 4266 3174 4335 Περιέχειν
3209 4265 3313 4337 γὰρ
3367 4266 3569 4318 οἴονται
3625 4266 3726 4336 τὴν

2137 4357 2364 4410 ἑκάστου
2393 4357 2604 4425 γένεσιν
2635 4357 2858 4426 ἀδελφὸν
2909 4358 3016 4410 ὑπὸ
3061 4357 3271 4428 λῃστῶν
3305 4356 3725 4428 τεθνηξόμενον,

2136 4449 2336 4519 ὁμοίως
2349 4451 2441 4502 καὶ
2455 4449 2553 4520 τὴν
2572 4449 2665 4501 τοῦ
2681 4450 2905 4520 πατρὸς,
2919 4451 3012 4502 καὶ
3032 4451 3130 4519 τὴν
3154 4451 3252 4521 τῆς
3286 4448 3494 4520 μητρὸς
3511 4449 3608 4501 καὶ
3623 4451 3727 4518 τὴν

468 4560 650 4599 rerum
682 4553 858 4607 ortus,
909 4559 1030 4612 qua:
1074 4543 1168 4596 uni
1231 4543 1496 4596 duntaxat
1540 4541 1746 4597 homini
1777 4552 2033 4598 eventura

2138 4541 2509 4611 τῆςγαμετῆς,
2525 4541 2742 4595 καὶτῶν
2769 4540 2897 4592 υἱῶν
2911 4540 3096 4602 αὑτοῦ,
3121 4542 3214 4594 καὶ
3229 4540 3335 4593 τῶν
3356 4541 3607 4604 οἰκετῶν,
3628 4541 3728 4593 καὶ

469 4635 671 4705 sint(id
707 4635 852 4705 quod
884 4647 1062 4688 tamen
1086 4649 1149 4688 ex
1184 4634 1686 4704 hypothesidictum
1710 4649 1831 4689 esse
1852 4635 2032 4697 velim,

471 4728 689 4797 perinde
717 4743 780 4781 ac
813 4727 859 4782 si
895 4741 1084 4780 eorum
1114 4726 1166 4779 in
1193 4726 1555 4796 cognitionem
1585 4727 1835 4782 homines
1854 4729 2039 4781 venire

468 4833 628 4889 posse
662 4813 1068 4881 concedamus).
1117 4812 1272 4879 Quod
1327 4815 1472 4867 enim
1523 4813 1612 4868 hic
1649 4824 1744 4868 aut
1791 4814 1877 4867 ille
1905 4814 2038 4867 certi

469 4908 747 4980 quidpiam
775 4906 1057 4990 subitprus
1071 4904 1158 4969 sit,
1180 4913 1306 4974 puta
1321 4904 1688 4974 jugulandusa
1710 4905 2036 4968 latronibus,

472 5004 523 5056 in
552 5018 688 5070 quos
712 4999 1000 5064 inciderit;
1030 4998 1134 5052 hoc
1176 4998 1262 5051 isti
1287 4997 1502 5068 quidem
1536 5000 1729 5068 partim
1762 5016 1825 5053 ex
1853 4999 2040 5068 singu-

469 5093 569 5147 lari
599 5093 716 5162 ejus
734 5102 876 5155 ortu,
906 5089 1101 5160 partim
1124 5104 1186 5142 ex
1210 5087 1458 5152 fratrum,
1494 5089 1537 5143 si
1563 5090 1745 5159 plures
1765 5100 2038 5155 nosceret,

470 5182 805 5253 singulorum
865 5179 1126 5235 natalitiis
1151 5179 1334 5234 haberi
1367 5194 1530 5249 posse
1567 5179 1886 5235 defendunt.
1907 5179 2040 5234 Fra-

469 5272 570 5328 tris
602 5272 746 5326 enim
777 5271 979 5326 caedem
1021 5270 1296 5325 latronum
1314 5285 1476 5327 manu
1507 5270 1772 5338 futuram,
1801 5271 2045 5342 singulo-

473 5376 722 5426 rum,nec
737 5376 845 5416 non
861 5361 1101 5430 parentis
1125 5361 1568 5431 utriusque,'imo
1587 5362 1838 5433 conjugis
1854 5363 2040 5426 etiam,

472 5451 788 5516 liberorum,
821 5451 1174 5519 famulorum,
1211 5469 1276 5508 ac
1298 5455 1753 5520 necessariorum,
1802 5454 2046 5524 adeoque

543 5552 572 5582 ι
597 5542 685 5598 la.
706 5543 767 5596 τὸ
796 5559 975 5613 ποιητ.
1056 5545 1102 5576 ³⁵
1124 5543 1231 5599 lsa.
1252 5561 1440 5611 xxxrv,
1472 5546 1526 5600 4.
1600 5545 1648 5578 ⁵ο
1682 5545 1791 5600 Jer.
1830 5563 1884 5611 κ,
1920 5546 1974 5599 Ξ.

549 5630 658 5698 (52)
691 5633 1163 5706 Παραστησάςω.
1195 5632 1368 5700 Quam
1409 5647 1785 5706 argumentum
1817 5637 1921 5692 hoc
1957 5654 2047 5691 ur-

480 5708 620 5766 geat,
664 5717 769 5776 non
820 5705 1014 5776 sentio.
1067 5702 1438 5776 Responderet
1475 5702 1622 5760 enim
1655 5708 2044 5776 genethliacus,

482 5771 794 5848 totumhoc
822 5772 1112 5848 discrimen
1151 5771 1218 5826 ex
1260 5775 1474 5832 diversa
1502 5771 1755 5845 praeteriti
1785 5793 1846 5839 ac
1877 5777 2046 5840 futuri

483 5839 791 5898 conditione
815 5843 1103 5914 petendum
1132 5858 1268 5903 esse.

2139 4633 2248 4686 τῶν
2261 4633 2545 4701 φιλτάτων·
2561 4632 2699 4703 τάχα
2711 4633 2766 4684 δέ
2783 4632 2875 4686 καὶ
2886 4632 3063 4685 αὐτῶν
3079 4632 3185 4684 τῶν
3199 4631 3583 4702 ἀναιρούντων.
3594 4631 3725 4694 Πῶς

2140 4722 2234 4779 οὖν
2262 4725 2484 4778 δυνατὸν
2513 4723 2602 4776 τὸν
2634 4723 2919 4786 τοσαύταις
2940 4723 3239 4791 γενέσεσιν,
3257 4723 3341 4775 ἵνα
3358 4724 3542 4785 αὐτοῖς
3561 4723 3726 4776 τοῦτο

2144 4819 2490 4889 συγχωρηθῇ,
2525 4816 2978 4888 ἐμπεριεχόμενον
3020 4815 3262 4883 γίνεσθαι
3297 4815 3401 4868 ὑπὸ
3443 4813 3538 4868 τοῦ
3587 4833 3729 4887 σχη-

2147 4909 2418 4980 ματισμοῦ
2446 4909 2555 4962 τῶν
2583 4908 2848 4978 ἀστέρων,
2872 4905 3032 4975 τῆσδε
3059 4904 3257 4976 μᾶλλον
3278 4905 3376 4975 τῆς
3400 4905 3725 4976 γενέσεωςῆ

2142 5002 2344 5066 τῶνδε;
2385 5001 2670 5055 Ἀπέθανον
2722 5001 2830 5071 γὰρ
2864 4999 2960 5052 καὶ
3007 4999 3069 5052 τὸ
3112 4999 3339 5068 φάσκειν
3377 4997 3467 5050 τὸν
3502 5014 3726 5067 σχημα-

2143 5094 2334 5165 τισμὸν
2363 5094 2452 5146 τὸν
2480 5097 2538 5148 ἐν
2566 5097 2631 5164 τῇ
2663 5094 2769 5164 ἰδίᾳ
2795 5092 2950 5146 τοῦδέ
2999 5108 3142 5154 τινος
3174 5090 3386 5158 γενέσει
3412 5089 3584 5142 ταῦτα
3621 5106 3727 5141 πε-

2146 5185 2450 5257 ποιηκέναι,
2471 5185 2562 5240 τὸν
2604 5185 2661 5239 δὲ
2700 5187 2757 5238 ἐν
2785 5189 2851 5256 τῇ
2883 5183 3049 5237 τῶνδε
3073 5182 3282 5253 γενέσει
3309 5181 3384 5252 μὴ
3423 5182 3728 5252 πεποιηκὲ-

2144 5295 2253 5342 ναι,
2278 5277 2412 5332 ἀλλά
2445 5277 2851 5348 σεσημαγκέναι
2911 5276 3092 5347 μόνον.
3137 5261 3372 5328 Ἦλίθιον
3417 5273 3528 5344 γὰρ
3556 5273 3618 5325 τὸ
3648 5274 3730 5325 εί-

2147 5374 2290 5437 πεῖν,
2331 5372 2470 5441 ὃτιή
2519 5371 2733 5424 πάντων
2779 5369 2992 5438 γένεσις
3054 5369 3294 5438 περιεῖχε
3339 5364 3461 5418 καθ’
3494 5363 3730 5421 ἕκαστον

2149 5462 2430 5533 ποιητικὸν
2449 5473 2474 5501 ει
2506 5460 2600 5515 τοῦ
2631 5460 2780 5514 τόνδε
2809 5457 3336 5528 ἀναιρεθῆναιιῶστε
3364 5457 3422 5509 ἐν
3454 5455 3728 5523 γενέσεσι,

2220 5644 2331 5714 (55)
2378 5641 2755 5712 Ἐμποδίζειν.
2793 5642 2972 5714 Malim
3001 5637 3452 5714 ιέμποδ-ίζειηῐδῖεξεΔ
3477 5639 3628 5698 enim
3671 5639 3727 5698 id

2150 5708 2276 5774 ante
2307 5708 2720 5777 demonstravit,
2755 5713 2860 5766 nisi
2896 5708 3046 5765 τοι-ιε’
3065 5710 3181 5764 κατ’
3205 5708 3559 5764 ἀκολουθίαν.-

2221 5783 2354 5858 (55⁵)
2377 5782 2770 5860 Είλιγήσεται.
2801 5781 2951 5856 Vulg.
2979 5780 3306 5859 ἐλιγήσεται.
3336 5781 3494 5840 Enn.
