3856 6224
188 361 286 417 501

1348 351 1688 411 ΡΒΕΡΑΒ.
1733 350 1986 408 EVANG.
2027 349 2154 408 LIB.
2195 346 2286 405 Vl.

3342 341 3448 399 503

178 481 302 536 καθ’
360 480 616 535 ὑπόθεσιν
659 480 803 549 λέγω
822 520 838 545 ,
904 477 1242 551 πεντήκοντα
1303 475 1655 550 περιέχεσθαι
1702 474 1765 528 τὸ

1891 473 2278 529 nterfectorum
2325 470 2569 542 ipsorum
2622 466 2872 525 fortassis
2915 472 3037 522 ortu
3078 463 3349 524 inclusam
3369 477 3452 523 te-

177 573 326 629 τόνδε
357 572 479 627 τινὰ
509 572 883 644 ἀναιρεθῆναι.
917 572 1034 626 Οὐκ
1057 567 1176 625 οἶδα
1204 569 1249 624 δ’
1271 570 1422 633 ὅπως
1449 568 1766 640 δυνήσονται

1873 567 1989 621 neri
2021 574 2234 636 putant.
2265 561 2733 632 Quemadmodum
2762 559 2924 632 293
2954 573 3085 629 ergo
3104 558 3221 613 ﬁeri
3247 566 3449 628 potest,

184 664 353 720 σῶσαι
380 664 447 719 τὸ
471 665 581 718 τῶν
607 664 704 735 μὲν
733 664 792 716 ὲν
830 662 1061 734 Ἰουδαίᾳ
1090 660 1276 732 σχεδὸν
1323 660 1542 715 πάντων
1566 659 1769 714 τοιόνδε

1888 670 1929 716 ιι
1961 661 2055 731 qui
2097 669 2177 716 tot
2208 659 2441 714 aliorum
2468 657 2683 725 (demus
2706 656 2854 712 enim
2885 658 2986 711 hoc
2999 652 3242 725 interim)
3262 651 3451 710 natali-

181 753 316 812 εἶναι
342 757 435 812 τὸν
463 757 846 829 σχηματισμὸν
896 755 992 809 ἐπὶ
1020 755 1122 826 τῆς
1152 753 1442 823 γενέσεως,
1477 752 1552 817 ὡς
1569 752 1769 824 ὀκταή-

184 866 349 921 μερον
376 849 572 913 αὐτοὺς
591 848 893 918 λαμϐάνειν
926 846 1252 920 περιτομὴν,
1283 844 1769 918 ἀκρωτηριαζομέ-

183 957 326 1007 νους,
361 940 456 993 καὶ
485 940 809 1011 ἑλκομένους
839 938 973 1011 (54),
1026 938 1123 992 καὶ
1153 938 1431 1009 φλεγμονῇ
1478 953 1769 1009 περιπεσο-

184 1028 399 1099 μένους,
433 1030 526 1082 καὶ
552 1027 850 1099 τραύμασι,
897 1027 992 1082 καὶ
1021 1028 1137 1099 ἃμα
1164 1030 1230 1100 τῇ
1257 1030 1337 1091 είς
1388 1027 1480 1081 τὸν
1522 1026 1635 1098 βίον
1655 1030 1770 1081 είσ-

182 1120 284 1192 ὁδῳ
313 1121 514 1192 ίατρῶν
557 1120 862 1192 δεομένους·
897 1122 1004 1174 τῶν
1043 1120 1101 1174 δὲ
1152 1122 1212 1174 ὲν
1258 1121 1628 1192 ἰσμαηλίταις
1658 1122 1774 1185 τοῖς

182 1213 324 1266 κατὰ
358 1212 458 1284 τὴν
492 1211 768 1284 Ἀραϐίαν,
827 1211 1051 1274 τοιόνδε,
1079 1212 1155 1275 ὡς
1212 1212 1422 1275 πάντας
1450 1211 1773 1284 περιτέμνε-

184 1303 311 1357 σθαι
337 1303 855 1375 τρισκαιδεκαετεκ·
888 1301 1050 1356 τοῦτο
1077 1301 1187 1373 γὰρ
1220 1301 1499 1373 ἱστόρηται
1530 1302 1658 1372 περὶ
1680 1303 1776 1355 αὐ-

183 1394 313 1450 τῶν.
349 1397 463 1449 Καὶ
483 1395 646 1450 πάλιν
699 1395 867 1449 τῶνδέ
914 1412 1077 1450 τινων
1119 1395 1228 1449 τῶν
1268 1397 1327 1449 ὲν
1355 1395 1569 1466 Αἰθίοψι
1602 1396 1775 1449 τοῖσδε

186 1488 288 1553 τὰς
312 1489 518 1559 κόγχας
564 1488 673 1542 τῶν
732 1488 977 1557 γονάτων
1032 1488 1439 1561 περιαιρεῖσθαι
1458 1528 1474 1552 ,
1524 1488 1619 1543 καὶ
1666 1487 1775 1542 τῶν

198 1577 515 1648 Ἀμαζόνων
565 1578 692 1643 τοὺς
724 1579 946 1651 ἐτέρους
1006 1578 1116 1633 τῶν
1184 1578 1426 1651 μαστῶν.
1480 1577 1606 1641 Πῶς
1661 1577 1771 1650 γάρ

184 1672 362 1727 ταῦτα
391 1673 638 1726 ποιοῦσιν
665 1674 715 1726 οί
749 1672 979 1745 ἀστέρες
1036 1670 1211 1725 τοῖσδε
1258 1673 1371 1735 τοῖς
1400 1670 1641 1733 ἕθνεσινς
1675 1666 1772 1722 (ιῖ-

186 1780 289 1835 μαι
314 1805 331 1829 ,
364 1762 447 1815 ὃτι
469 1763 760 1833 ἐπιστῆσαι
799 1762 896 1832 μὲν
935 1760 1046 1832 (ἲῶ)
1092 1759 1214 1813 οὐδὲ
1250 1758 1412 1830 μέχρι
1454 1757 1547 1810 τοῦ
1578 1757 1772 1828 στῆσαι

184 1855 534 1927 δυνησόμεθά
560 1872 613 1908 τι
639 1854 834 1924 ἀληθὲς
858 1854 1032 1907 εἰπεῖν
1080 1853 1209 1925 περὶ
1263 1851 1464 1906 αὐτῶν.
1496 1850 1777 1905 Τοσούτων

184 1942 242 1997 δὲ
300 1944 615 2015 φερομένων
655 1943 789 1996 ὁδῶν
864 1942 1309 2015 προγνωστικῶν,
1358 1943 1461 1996 οὐκ
1506 1937 1600 1995 οἷδ’
1629 1942 1778 2005 ὅπως

186 2034 484 2101 ἐξώκειλαν
520 2037 569 2089 oi
599 2035 877 2107 ἄνθρωποι
926 2035 1017 2089 ἐπὶ
1073 2034 1134 2087 τὸ
1165 2033 1262 2106 τὴν
1293 2034 1391 2106 μὲν
1435 2032 1779 2103 οίωνιστικὴν

185 2129 288 2182 καὶ
311 2129 414 2200 τὴν
432 2127 657 2198 θυτικὴν
693 2128 768 2200 μὴ
813 2127 993 2196 λέγειν
1046 2127 1322 2199 περιέχειν
1378 2127 1441 2180 τὸ
1474 2124 1661 2181 ποιοῦν
1689 2124 1778 2179 af-

184 2237 324 2287 τιον,
357 2220 495 2274 ἀλλά
532 2221 815 2292 σημαίνειν
848 2221 1028 2291 μόνον,
1083 2219 1180 2273 καὶ
1228 2219 1327 2290 τὴν
1384 2218 1780 2291 ἀστεροσκοπι-

185 2316 297 2385 κήν
323 2311 453 2383 (56)°
477 2312 577 2365 οὐκ
600 2311 680 2365 ἔτι
711 2310 766 2364 δὲ
782 2311 883 2382 τὴν
900 2310 1399 2381 γενεθλιαλογικήν.
1432 2310 1497 2363 Ei
1521 2309 1631 2381 γὰρ
1658 2310 1782 2362 ὲπι-

184 2401 517 2472 γινώσκεται
564 2402 679 2474 (ἵνα
721 2402 817 2456 καὶ
863 2401 1221 2475 χαρισώμεθα
1267 2402 1329 2456 τὸ
1366 2399 1780 2471 γινώσκεσθαι),

184 2497 401 2565 γίνεται
423 2496 479 2549 δὲ
498 2495 709 2549 ἐκεῖθεν
728 2495 850 2548 ὅθεν
873 2497 907 2565 ή
931 2494 1135 2564 γνῶσις
1157 2493 1516 2567 λαμϐάνεται,
1549 2493 1604 2547 τί
1645 2493 1783 2565 μᾶλ-

186 2586 283 2640 λον
319 2587 430 2640 ἀπὸ
450 2586 561 2639 τῶν
582 2587 829 2657 ἀστέρων
855 2586 889 2657 ἢ
921 2584 1028 2640 ἀπὸ
1056 2585 1168 2639 τῶν
1198 2586 1403 2640 οἰωνῶν
1435 2586 1590 2641 ἔσται
1615 2587 1685 2640 τά
1708 2604 1785 2656 γι-

184 2676 426 2747 νόμενα;
453 2677 547 2730 καὶ
583 2677 782 2749 μᾶλλον
820 2690 846 2719 ι
898 2679 1006 2732 ἀπὸ
1044 2678 1156 2733 τῶν
1207 2677 1414 2733 οἰωνῶν
1444 2679 1479 2752 ἢ
1530 2679 1640 2735 ἀπὸ
1673 2680 1782 2734 τῶν

185 2767 521 2837 σπλάγχνων
569 2766 679 2821 τῶν
732 2767 1031 2841 θυομένων,
1066 2769 1100 2842 ἢ
1138 2769 1245 2824 ἀπὸ
1302 2769 1412 2825 τῶν
1451 2770 1779 2842 διᾳττόντων

184 2860 439 2929 ἀστέρων
463 2876 479 2925 ;

1870 752 2299 817 tiisinvolvitur,
2319 750 2461 806 idem
2492 758 2768 805 astrorum
2794 747 2923 803 huic
2950 743 3457 817 potiusgeneratio-

1871 847 1926 901 ni
1952 860 2117 917 quam
2163 842 2376 900 caeteris
2403 841 2814 912 prmsidentium
2839 838 3098 911 positioni
3130 837 3457 894 addicatur!

1871 934 2346 1006 lncredibilejenim
2368 942 2474 998 est,
2486 932 2838 1003 positionem,
2856 945 2976 1004 qua:
3007 929 3273 1001 singulari
3287 929 3457 985 unius

1872 1029 2159 1098 cujusdam
2197 1026 2341 1081 ortui
2364 1022 2662 1096 praefuerit,
2691 1021 3006 1093 huiusmodi
3027 1020 3207 1075 exitus
3230 1033 3457 1075 causam

1873 1118 2081 1175 fuisse:
2123 1126 2582 1189 quecaeterorum
2630 1116 2686 1170 in
2740 1113 3003 1169 natalitiis
3031 1112 3321 1178 exstiterit,
3347 1123 3457 1166 non

1872 1211 2063 1281 fuisse,
2106 1213 2200 1268 sed
2230 1211 2348 1280 ejus
2377 1210 2541 1267 modo
2580 1207 3038 1281 significationem
3089 1207 3328 1278 aliquam
3361 1206 3459 1263 de-

1873 1306 2042 1362 disse.
2070 1302 2183 1359 Nec
2208 1304 2400 1359 minus
2445 1302 2715 1358 insulsum
2746 1298 2932 1364 fuerit,
2965 1298 3222 1354 omnibus
3249 1312 3316 1354 ac
3344 1297 3457 1353 sin-

1875 1398 2019 1470 gulis
2033 1397 2271 1467 plurium
2303 1398 2533 1453 istorum
2557 1393 2821 1449 natalitiis
2845 1391 3080 1447 hominis
3099 1392 3262 1446 unius
3293 1389 3459 1445 credis

1877 1502 2103 1545 causam
2148 1487 2428 1542 includere
2462 1501 2476 1538 :
2526 1483 2684 1554 quasi
2722 1480 3167 1553 generationibus
3197 1494 3264 1535 ex
3290 1479 3461 1550 hypo-

1879 1579 2022 1636 thesi
2069 1577 2507 1650 quinquaginta,
2571 1574 2705 1630 certi
2763 1573 2926 1628 unius
2973 1570 3213 1627 hominis
3255 1571 3460 1627 occisio

1879 1673 2275 1744 comprehensa
2296 1679 2592 1727 teneretur.
2616 1668 2735 1724 Jam
2765 1666 3064 1737 intelligere
3086 1664 3328 1736 profecto
3351 1682 3460 1720 non

1881 1781 2130 1838 possum,
2158 1765 2253 1835 qui
2300 1762 2518 1819 tandem
2545 1760 2766 1816 Judaeos
2788 1772 2982 1815 omnes
3007 1773 3072 1813 ea
3099 1758 3254 1813 nasci
3284 1766 3462 1812 astro-

1882 1872 2002 1912 rum
2032 1854 2306 1926 positione
2359 1851 2669 1914 defendent,
2705 1857 2766 1904 ut
2812 1856 3005 1904 octavo
3032 1847 3119 1902 die
3144 1846 3462 1903 circumcidi

1884 1956 2113 2005 cunctos
2144 1952 2413 2017 oporteat,
2434 1944 2620 2014 itaque
2666 1955 2882 1997 summa
2912 1952 3037 1995 cute
3070 1940 3332 2005 truncari,
3352 1947 3465 1993 tor-

1884 2040 2064 2110 queri,
2105 2037 2316 2094 ardenti
2342 2046 2558 2092 tumore
2584 2032 2933 2100 inﬂammari,
2964 2031 3195 2088 lacerari
3231 2030 3466 2086 vulneri-

1883 2132 2009 2197 bus,
2034 2139 2312 2202 postremo
2343 2128 2435 2183 vix
2471 2137 2626 2182 natos
2671 2125 3006 2182 medicorum
3036 2134 3150 2180 arte
3178 2140 3243 2180 ac
3284 2123 3465 2180 mani-

1884 2222 1990 2279 bus
2038 2221 2302 2292 indigere.
2336 2218 2644 2274 lsmaelitas
2693 2226 2886 2273 contra
2916 2232 3032 2285 eos,
3079 2217 3175 2289 qui
3207 2216 3464 2273 Arabiam

1887 2322 2092 2378 tenent,
2126 2329 2193 2368 eo
2218 2312 2324 2369 situ
2345 2313 2400 2366 in
2422 2311 2598 2367 lucem
2630 2311 2740 2376 edi,
2775 2319 2836 2367 ut
2850 2325 3045 2367 omnes
3072 2310 3221 2367 circa
3258 2323 3466 2364 annum

1885 2404 2158 2460 decimum
2194 2403 2416 2458 tertium
2455 2402 2774 2479 circumcidi
2817 2417 3043 2458 necesse
3087 2401 3179 2457 sit.
3233 2399 3297 2456 ld'
3321 2400 3466 2456 enim

1886 2495 1992 2551 hoc
2029 2495 2097 2550 de
2126 2495 2413 2550 hominum
2471 2508 2669 2563 genere
2716 2502 3175 2550 commemorant.
3199 2492 3469 2549 Praeterea

1886 2588 1979 2657 qui
2043 2586 2175 2651 ﬁat,
2234 2592 2296 2641 ut
2360 2584 2526 2640 certis
2585 2582 2916 2654 quibusdam
2967 2584 3110 2654 apud
3174 2582 3469 2641 nonnullos

1889 2677 2184 2748 Ethiopize
2243 2676 2472 2748 populos
2524 2691 2764 2747 genuum
2811 2675 3046 2746 patellae,
3100 2675 3470 2731 Amazonibus

1886 2784 2248 2824 mammarum
2273 2768 2439 2823 altera
2467 2774 2766 2824 resecetur.
2789 2766 3074 2834 Quomodo
3094 2766 3240 2823 enim
3271 2767 3471 2824 similia

1885 2860 2048 2916 certis
2072 2859 2339 2915 duntaxat
2384 2859 2440 2914 in
2487 2859 2764 2930 gentibus,
2820 2858 3063 2914 siderum
3105 2857 3190 2914 vis
3230 2857 3473 2926 efﬁciat?

185 2950 460 3021 Equidem
492 2951 571 3007 sic
585 2953 871 3022 existimo,
892 2955 1005 3010 veri
1035 2954 1172 3009 nihil
1221 2955 1327 3011 hoc
1366 2956 1421 3010 in
1453 2971 1670 3027 genere,
1705 2956 1758 3010 in
1798 2969 1908 3023 quo
1939 2952 2023 3008 vel
2052 2952 2244 3007 leviter
2293 2953 2499 3007 haerere
2540 2951 2720 3018 liceat,
2775 2951 3071 3022 excogitari
3095 2966 3127 3006 a
3151 2950 3313 3007 nobis
3379 2966 3471 3005 as-

186 3042 417 3112 serique
441 3059 623 3112 posse.
679 3043 971 3110 Caeterum,
1021 3056 1145 3102 cum
1198 3055 1307 3100 tam
1366 3048 1553 3102 multa:
1585 3044 1960 3118 praenoscendi
2002 3052 2149 3099 artes
2211 3040 2691 3110 circumferantur,
2742 3058 2851 3097 non
2899 3043 3081 3109 video,
3112 3042 3472 3109 quamobrem

188 3134 328 3194 inid
371 3136 721 3205 potissimum
773 3138 1027 3193 homines
1058 3140 1415 3209 impegerint,
1466 3149 1526 3194 ut
1553 3137 1800 3209 augurali
1840 3144 1895 3190 et
1922 3133 2286 3204 haruspicina:
2335 3131 2606 3189 eﬂiciendi
2648 3133 2759 3188 vim
2820 3141 3101 3204 negarent,
3131 3132 3470 3205 signiﬁcandi

187 3236 407 3283 tantum
438 3228 818 3296 concederent,
845 3230 987 3286 idem
1020 3238 1203 3287 tamen
1262 3231 1332 3287 de
1377 3247 1464 3297 ea,
1512 3246 1635 3302 qua:
1651 3231 1705 3285 in
1753 3229 2034 3286 stellarum
2067 3235 2121 3282 ct
2175 3224 2546 3281 natalitiorum
2583 3224 3022 3283 consideratione
3043 3234 3314 3294 versatur,
3361 3240 3472 3281 non

189 3323 457 3377 sentiant.
490 3320 625 3377 Nam
653 3323 700 3379 si
749 3326 1010 3395 cognosci
1042 3324 1226 3381 futura
1251 3335 1482 3396 possunt
1524 3327 1652 3396 (hoc
1689 3322 1837 3380 enim
1877 3326 1931 3379 in
1974 3322 2261 3394 praascntia
2311 3321 2526 3393 demus)
2577 3322 2830 3393 idemque
2870 3322 3200 3394 cognitionis
3253 3322 3470 3380 illorum

190 3428 276 3476 est
305 3416 723 3491 cffectionisque
750 3422 1080 3493 principium
1114 3440 1130 3490 ;
1193 3439 1293 3479 cur
1343 3423 1399 3478 in
1447 3423 1633 3479 stellas
1659 3424 1842 3494 potius
1880 3436 2047 3493 quam
2069 3421 2123 3475 in
2148 3434 2299 3486 aves,
2339 3434 2533 3475 eorum
2568 3434 2691 3490 quae
2719 3419 2858 3473 ﬁunt
2894 3433 3082 3486 causa,
3113 3415 3426 3475 conferatur
3451 3423 3476 3473 τ

188 3512 280 3567 vel
303 3528 406 3567 cur
428 3514 624 3570 avibus
646 3516 836 3571 eadem
865 3519 1067 3586 potius,
1100 3534 1265 3589 quam
1299 3531 1395 3574 aut
1432 3520 1780 3577 victimarum
1820 3519 1985 3585 extis,
2013 3525 2110 3572 aut
2132 3515 2568 3571 discurrentibus
2590 3514 2806 3586 ignibus
2826 3515 3180 3586 assignetur?

271 3622 293 3655 ι
336 3603 523 3659 Ταῦτα
573 3606 672 3676 μὲν
709 3604 802 3661 οὖν
843 3609 938 3663 ἐπὶ
969 3608 1063 3664 τοῦ
1122 3610 1388 3683 παρόντος
1426 3611 1651 3685 ἀρκέσει
1706 3612 1783 3675 είς

1966 3626 1984 3659 ι
2028 3606 2305 3662 Hactenus
2336 3605 2555 3676 quidem
2586 3621 2617 3659 a
2645 3605 2825 3671 nobis,
2866 3614 3133 3676 quantum
3182 3605 3273 3661 hic
3320 3605 3474 3662 locus

194 3695 484 3766 ἀναίρεσιν
530 3695 626 3750 τοῦ
672 3699 990 3769 ποιητικοὺς
1025 3694 1167 3753 εἶναι
1202 3701 1330 3764 τοὺς
1392 3701 1627 3772 ἀστέρας
1676 3700 1783 3757 τῶν

1889 3699 2222 3771 postulabat,
2253 3696 2535 3754 confutata
2577 3696 2666 3751 illa
2700 3696 2966 3752 sententia
2999 3703 3104 3761 est,
3136 3712 3258 3767 quae
3288 3712 3474 3752 rerum

194 3788 579 3860 ἀνθρωπίνων.
633 3790 810 3863 Ὅπερ
865 3791 924 3844 δὲ
976 3794 1477 3866 συγκεχωρήκαμεν
1538 3796 1636 3867 (οὐ
1679 3796 1783 3869 γὰρ

1888 3791 2256 3846 humanarum
2286 3788 2625 3845 eﬂectionem
2644 3803 2673 3843 a
2695 3787 2965 3844 sideribus
2997 3786 3231 3858 pendere
3266 3796 3474 3843 statue-

195 3879 395 3935 ἐλύπει
418 3880 514 3934 τὸν
545 3881 750 3951 λόγον),
786 3882 863 3949 ὡς
886 3883 995 3939 τῶν
1024 3884 1330 3957 ἀνθρώπων
1355 3886 1668 3957 δυναμένων
1691 3905 1790 3942 κα-

196 3974 569 4047 ταλαμϐάνειν
594 3975 720 4039 τοὺς
773 3976 1056 4049 οὐρανίους
1118 3980 1553 4052 σχηματισμοὺς,
1597 3981 1790 4035 καὶτὰ

200 4070 424 4137 σημεῖα,
461 4068 559 4120 καὶ
587 4060 661 4120 ὧν
695 4069 812 4122 ἐστι
844 4073 1065 4141 σημεῖα,
1099 4072 1260 4126 τοῦτο
1298 4072 1431 4145 φέρε
1459 4071 1553 4126 νῦν
1605 4072 1791 4140 ἐξετά-

200 4174 387 4230 σωμεν
416 4160 465 4211 εἰ
497 4158 694 4227 ἀληθές
713 4161 853 4214 ἐστι.
880 4162 1019 4215 Φασὶ
1050 4164 1228 4217 τοίνυν
1254 4166 1302 4217 oi
1337 4164 1465 4234 περὶ
1489 4164 1662 4218 ταῦτα
1689 4165 1793 4218 δει-

198 4249 299 4315 νοὶ,
330 4249 423 4303 τὸν
452 4249 716 4321 μέλλοντα
740 4251 812 4305 τά
845 4253 987 4307 κατά
1028 4254 1125 4326 τὴν
1158 4255 1629 4328 γενεθλιαλογικὴν
1658 4257 1791 4331 ἀλη-

202 4339 312 4405 θῶς
354 4342 822 4413 καταλαμϐάνειν,
875 4345 1075 4400 εἰδέναι
1107 4347 1167 4400 οὐ
1205 4349 1363 4420 μόνον
1406 4349 1470 4403 τὸ
1525 4349 1665 4403 κατὰ
1696 4351 1792 4403 πό-

204 4449 329 4487 στου
360 4434 391 4474 b
420 4433 896 4508 δωδεκατημορίου
955 4439 1102 4492 ἐστὶν
1142 4442 1171 4495 ὀ
1219 4441 1552 4513 καλούμενος
1594 4442 1791 4514 ἀστὴρ,

204 4524 338 4579 ἀλλὰ
362 4527 459 4580 καὶ
489 4528 632 4582 κατά
666 4529 825 4594 ποίας
857 4532 1051 4603 μοίρας
1069 4533 1165 4586 τοῦ
1186 4533 1680 4608 δωδεκατημορίου,
1700 4534 1793 4590 καὶ

205 4618 344 4674 κατά
370 4619 526 4674 ποίου
550 4620 867 4690 ἑξηκοστοῦ.
900 4624 965 4676 Οἱ
996 4623 1053 4677 δὲ
1090 4624 1496 4699 ἀκριϐέστεροι,
1528 4626 1623 4682 καὶ
1652 4627 1793 4681 κατὰ

208 4708 362 4764 ⁸ιεοίου
389 4710 687 4781 ἑξηκοστοῦ
719 4712 814 4766 τοῦ
835 4713 1153 4785 ἑξηκοστοῦ,
1203 4716 1299 4769 καὶ
1340 4716 1496 4771 τοῦτό
1530 4735 1660 4788 φασι
1684 4718 1795 4771 δεῖν

211 4804 383 4856 ποιεῖν
440 4803 528 4872 ἐφ’
560 4803 793 4856 ἑκάστου
852 4804 962 4860 τῶν
1017 4805 1415 4878 πλανωμένων,
1475 4806 1794 4874 ἐξετάζοντα

204 4892 303 4963 τὴν
334 4894 521 4965 σχέσιν
549 4893 649 4966 τὴν
680 4895 816 4968 πρὸς
838 4897 965 4961 τοὺς
989 4897 1270 4962 ἀπλανεῖς.
1297 4900 1467 4955 Πάλιν
1489 4897 1555 4955 αὖ
1586 4902 1679 4955 ἐπὶ
1698 4900 1794 4954 τοῦ

1889 3883 2003 3939 bat.
2036 3880 2192 3948 Quod
2225 3894 2405 3937 autem
2452 3880 2620 3952 paulo
2655 3891 2803 3945 ante,
2857 3896 2983 3936 cum
3034 3880 3170 3936 nihil
3210 3891 3476 3952 susceptae

1888 3976 2243 4046 disputationi
2261 3974 2520 4041 oﬂiceret,
2552 3974 2697 4029 ultro
2720 3973 3112 4038 concessimus,
3144 3973 3396 4030 ccclestes
3418 3976 3477 4029 il-

1891 4070 1971 4125 las
1986 4069 2306 4140 positiones,
2330 4066 2507 4139 signa,
2538 4081 2884 4137 quorumque
2908 4066 3062 4137 signa
3092 4064 3184 4121 illa
3219 4066 3472 4122 sintom-

1893 4166 2004 4230 nia,
2031 4162 2303 4219 facultatis
2330 4162 2584 4217 humanae
2604 4160 2815 4215 viribus
2836 4159 3060 4230 intelligi
3077 4158 3243 4232 294
3267 4176 3427 4231 posse
3457 4178 3471 4212 :

1894 4257 1948 4312 id
1974 4268 2236 4311 verumne
2257 4252 2351 4317 sit,
2382 4267 2531 4307 nunc
2577 4251 2797 4306 demum
2834 4249 3475 4321 exquiramus.Primum

1894 4347 2060 4419 igitur
2089 4346 2223 4401 artis
2246 4344 2411 4415 hujus
2441 4342 2690 4414 magistri
2726 4342 2944 4410 docent,
2966 4343 3060 4413 qui
3090 4344 3158 4398 ad
3189 4358 3372 4399 veram
3412 4359 3477 4399 ac

1895 4439 2189 4510 perfectam
2218 4451 2398 4492 rerum
2430 4435 2892 4506 genethliacarum
2927 4435 3298 4505 cognitionem
3328 4436 3478 4506 aspi-

1895 4541 1997 4597 ret,
2031 4529 2322 4586 tenendum
2355 4528 2483 4585 huic
2504 4544 2625 4584 esse
2649 4543 2756 4582 non
2786 4526 2949 4581 modo
2971 4542 3209 4598 quanam
3243 4528 3295 4582 in
3325 4537 3479 4599 parte

1896 4621 2239 4683 duodecima,
2267 4619 2361 4675 sed
2377 4619 2540 4673 ctiam
2581 4633 2818 4687 quanam
2865 4618 2918 4672 in
2964 4617 3110 4673 illius
3140 4619 3479 4674 duodecimae

1896 4712 2181 4783 particula,
2219 4711 2329 4765 imo
2354 4724 2526 4778 ecqua
2565 4709 2782 4763 tandem
2812 4709 2865 4761 in
2907 4707 3243 4781 sexagesima
3290 4724 3476 4764 verse-

1900 4811 1988 4857 tur
2003 4810 2234 4857 astrum.
2267 4801 2491 4856 Addunt
2521 4816 2670 4869 vero,
2704 4799 2798 4871 qui
2834 4814 2946 4853 rem
2971 4798 3282 4868 expendunt
3316 4814 3481 4856 accu-

1900 4895 2090 4960 ratius,
2122 4908 2359 4964 quanam
2412 4893 2467 4947 in
2515 4893 2664 4949 illius
2720 4891 3073 4963 sexagesima:
3117 4890 3478 4961 sexagesima.

209 4984 527 5038 άνατολικοῦ
554 4985 826 5058 ὁρίζοντος
857 4987 1059 5060 δεήσει,
1086 4990 1269 5058 φασὶν,
1307 4991 1435 5045 ἰδεῖν
1460 4993 1520 5045 οὐ
1552 4992 1712 5065 μόνον
1734 4992 1783 5046 τὲ

1900 4985 2057 5053 Quod
2084 4986 2228 5040 idem
2268 4985 2371 5055 ipsi
2405 4985 2709 5039 errantium
2756 4983 2809 5037 in
2859 4985 3096 5038 siderum
3129 4982 3370 5052 quolibet
3396 4979 3480 5038 fa-

209 5075 682 5148 δωδεκατημόριον
715 5081 866 5131 ποῖον
911 5074 981 5151 ἦν
1039 5081 1126 5133 ἐπ’
1151 5081 1339 5148 αὐτοῦ,
1371 5082 1505 5136 ἀλλὰ
1562 5083 1655 5136 καὶ
1697 5083 1797 5155 τὴν

212 5170 429 5239 μοῖραν,
460 5169 556 5221 καὶ
583 5169 643 5222 τὸ
674 5171 964 5240 ἑξηκοστὸν
1012 5172 1114 5243 τῆς
1169 5172 1382 5245 μοίρας,
1417 5175 1479 5228 τὸ
1510 5174 1727 5247 πρῶτον
1761 5174 1795 5247 ἢ

211 5257 273 5314 τὸ
302 5259 559 5331 δεύτερον
598 5260 911 5333 ἑξηκοστόν.
946 5262 1071 5328 Πῶς
1102 5262 1303 5329 τοίνυν,
1333 5264 1434 5336 τῆς
1475 5264 1623 5339 ὧρας
1656 5266 1796 5321 πλα-

283 5401 313 5432 ι
343 5391 432 5445 ἵσ.
461 5388 558 5443 καὶ
582 5391 634 5444 τί
664 5391 791 5463 μᾶλ.
875 5392 904 5433 δ
931 5393 1016 5446 ἵσ.
1048 5394 1224 5447 ποίου.

286 5525 399 5599 (54)
443 5524 868 5596 Ἑλκομένους.
912 5524 1304 5598 Ἐλκουμένους
1326 5567 1341 5592 ,
1393 5529 1624 5599 opinor,
1666 5545 1796 5586 vera

217 5594 387 5651 lectio
430 5606 516 5670 est
532 5637 548 5661 ,
576 5594 742 5670 quam
769 5599 931 5652 etiam
964 5594 1386 5670 emanuscript.
1422 5594 1560 5654 alter
1591 5594 1795 5670 reprae-

217 5667 623 5739 sentatsulcus
656 5666 801 5739 enim
847 5684 915 5739 ex
967 5666 1392 5739 circumcisione
1441 5666 1794 5739 sequebatur.

287 5734 403 5808 (55)
444 5734 800 5804 Ἐπιστῆσαι
840 5737 978 5808 μέν.
1034 5737 1160 5794 Haec
1205 5738 1316 5795 duo
1356 5734 1535 5795 verba
1566 5740 1800 5797 tibenter

219 5807 580 5880 expunxerim
607 5847 622 5874 ,
657 5822 779 5880 quae
825 5807 1071 5881 profecto
1117 5825 1340 5867 sensum
1368 5851 1385 5881 ,
1433 5811 1643 5883 absque
1671 5811 1799 5883 illis

1899 5078 2152 5134 ciendum
2189 5092 2313 5133 esse
2346 5077 2686 5147 praecipiunt,
2713 5084 2957 5129 mutuam
2991 5075 3330 5144 singulorum
3353 5089 3481 5129 cum

1901 5167 1992 5235 iis,
2024 5182 2145 5237 quae
2176 5168 2281 5221 lixa
2317 5175 2533 5229 vocant,
2571 5165 3036 5235 comparationem
3070 5178 3135 5218 ac
3172 5172 3479 5234 respectum

1901 5259 2241 5331 vestigando.
2273 5258 2478 5315 Deinde
2509 5260 2565 5313 in
2620 5259 2739 5329 ipso
2769 5273 2989 5328 quoque
3049 5256 3303 5313 orientali
3332 5256 3479 5312 hori-

1903 5530 2106 5600 optime
2132 5529 2520 5600 cohaerentem,
2552 5526 2938 5600 interturbant,

1980 5598 2107 5723 (561'
2141 5600 2249 5653 Καὶ
2296 5597 2412 5665 τὴν
2446 5599 2848 5666 ἀστεροσκοπ.
2898 5596 3187 5654 Manifesta
3231 5598 3483 5669 traiectio

1980 5683 2014 5723 ι.
2111 5669 2375 5723 ριῐρηιιιιιιι
2408 5682 2539 5723 ρι’εο
2560 5709 2574 5723 .
2617 5670 2718 5721 οὐκ
2756 5669 2836 5721 ἔτι
2867 5668 2925 5722 δὲ
2954 5671 3056 5723 τὴν
3089 5671 3483 5723 ἀστεοοσκοπι-

1905 5668 2014 5749 est.
2064 5668 2375 5749 Legendum
2408 5682 2574 5749 ergo‘,
2617 5670 2718 5749 οὐκ
2756 5668 2925 5749 ἔτι.δέ
2954 5671 3056 5749 τήν
3089 5668 3483 5749 ἀστεροσκοπι·

1908 5743 2047 5812 κὴν,
2098 5736 2194 5793 κάι
2236 5738 2336 5812 τὴν
2379 5736 2748 5812 γενεθλιαλογ,
2799 5739 2911 5812 Ηίο
2934 5736 3082 5796 enim
3123 5736 3313 5799 eadem
3366 5751 3482 5809 est,

1907 5809 2365 5883 ἀστεροσκοπική,
2403 5817 2457 5865 et
2481 5809 2947 5887 γενεθλιαλογική.
