3856 6224
399 328 505 387 505

1070 329 1344 387 EUSEBIl
1377 329 1858 386 CASSARIENSIS
1897 326 2046 383 OPP.
2092 327 2277 385 PARS
2316 327 2380 384 ll.
2423 358 2493 369 -—
2528 326 3035 385 APOLOGETICA.

3559 325 3660 382 εοι

400 454 580 513 zonte,
597 461 708 501 non
741 445 1035 503 videndum
1095 461 1218 503 esse
1268 446 1454 510 modo,
1487 462 1738 517 quaenam
1771 445 1976 501 duode-

2085 448 2169 498 τεῖ
2191 445 2331 516 λόγῳ
2354 446 2527 516 ἥμισυ
2558 445 3031 518 δωδεκατημορίου
3078 442 3457 516 περιεχούσης,
3502 443 3662 497 δύνα-

401 540 543 592 cima
571 553 698 609 pars
722 537 777 593 in
810 552 937 594 eum
960 539 1172 603 subeat,
1201 539 1296 596 sed
1327 538 1490 594 etiam
1541 553 1793 609 quaenam
1833 538 1979 592 illius

400 627 738 687 duodecima:
777 630 1066 700 particula,
1123 645 1353 701 quaeque
1409 629 1575 699 hujus
1617 630 1977 701 sexagesima,

400 718 650 789 primane
701 735 772 775 an
815 722 1079 778 secunda.
1137 720 1612 789 Quemadmodum
1677 737 1808 792 ergo
1860 721 1979 777 ﬁeri

404 810 595 879 possit,
624 821 686 868 ut
713 828 838 869 cum
867 813 1022 880 hora,
1055 816 1102 871 si
1133 815 1295 871 latius
1330 831 1445 871 rem
1477 817 1738 882 aestimes,
1768 815 1978 870 duode-

402 902 558 957 cimae
580 903 751 972 partis
805 904 1090 960 dimidium
1130 905 1547 975 complectatur,
1581 906 1978 977 sexagesimam

403 993 451 1048 is
485 1002 689 1062 teneat,
720 996 815 1065 qui
850 996 1113 1052 horarum
1163 996 1452 1057 divisionis
1504 997 1811 1069 analogiam
1865 1013 1977 1054 non

404 1083 612 1138 teneat?
644 1083 888 1156 Exempli
922 1086 1118 1158 gratia,
1160 1103 1323 1144 nosse
1373 1088 1466 1158 qui
1497 1089 1713 1159 poterit,
1768 1100 1977 1144 certum

401 1171 865 1243 hunchominem,
917 1176 1051 1231 hora
1101 1188 1319 1247 quarta,
1367 1187 1521 1248 parte
1560 1179 1707 1234 horae
1731 1179 1975 1246 dimidia,

401 1272 615 1334 quarta,
638 1274 853 1330 octava,
880 1266 1090 1322 decima
1121 1276 1294 1333 sexta,
1336 1268 1575 1325 secunda
1616 1279 1672 1323 et
1702 1269 1977 1340 trigesima

399 1364 590 1411 natum
617 1356 784 1412 esse?
810 1355 944 1412 Nam
974 1367 1194 1429 propter
1221 1359 1391 1425 horae,
1414 1374 1521 1415 non
1548 1359 1770 1431 integra:
1792 1361 1975 1427 modo,

400 1448 494 1502 sed
529 1449 694 1504 etiam
724 1450 958 1506 deﬁnitae
982 1451 1147 1521 hujus
1195 1460 1465 1523 certaeque
1502 1454 1780 1523 particulae
1820 1454 1976 1524 igno-

400 1540 692 1608 rationem,
724 1542 1023 1611 plurimum
1069 1558 1214 1613 saepe
1238 1544 1450 1609 volunt,
1492 1544 1548 1599 in
1570 1560 1633 1599 ea
1663 1560 1785 1614 quae
1808 1544 1975 1614 signi-

401 1630 657 1698 licantur,
695 1633 977 1688 varietatis
1010 1634 1268 1690 incidere.
1304 1634 1434 1690 Etin
1470 1636 1703 1707 geminis
1733 1637 1973 1706 quidem,

400 1732 457 1777 ut
479 1722 700 1780 alterius
726 1733 881 1780 ortus
907 1726 975 1781 ab
1007 1727 1198 1794 altero,
1216 1738 1492 1783 momento
1530 1744 1672 1799 saepe
1700 1745 1811 1784 uuo
1839 1745 1978 1798 pun-

2081 537 2170 589 ταί
2198 554 2282 601 τις
2307 536 2493 590 λαϐεῖν
2518 536 2577 589 τὸ
2600 535 2912 608 ἑξηκοστὸν,
2958 536 3034 607 μὴ
3063 535 3202 606 ἔχων
3226 535 3323 605 τὴν
3375 533 3663 603 ἀναλογίαν

2080 632 2179 701 τῆς
2202 629 2521 701 διαιρέσεως
2543 628 2653 681 τῶν
2681 630 2860 701 ὡρῶν,
2915 628 3082 691 ὥστε,
3126 628 3261 699 φέρε
3289 629 3485 690 εἰπεῖν,
3529 626 3666 679 εἰδέ-

2080 740 2188 789 ναι,
2214 724 2296 778 ὃτι
2333 722 2651 795 γεγέννηται
2684 725 2712 777 ό
2743 722 2889 776 δεῖνα
2917 722 3037 794 ὥρᾳ
3072 722 3328 795 τετάρτῃ,
3364 720 3459 776 καὶ
3480 720 3663 793 ἡμίσει

2080 812 2248 885 ὥρας,
2283 812 2380 866 καὶ
2430 813 2699 883 τετάρτῳ,
2759 813 2950 883 ὀγδόῳ,
3012 813 3106 866 καὶ
3128 810 3521 882 ἑκκαιδεκάτῳ,
3568 811 3663 863 καὶ

2078 904 2514 979 δυοτριακοστῷ;
2547 905 2841 977 Παραπολὺ
2867 905 2977 976 γάρ
3012 921 3147 973 φασι
3179 903 3576 975 παραλλάττειν
3595 900 3666 955 τὰ

2081 998 2471 1070 σημαινόμενα,
2527 996 2678 1071 παρὰ
2723 996 2824 1067 τὴν
2886 996 3183 1065 ἀγνωσίαν,
3229 994 3291 1047 οὑ
3327 1006 3354 1035 ι
3397 994 3497 1065 τῆς
3532 993 3664 1063 ὅλης

2079 1088 2409 1161 ὦρας,άλλὰ
2462 1088 2555 1142 καὶ
2608 1088 2703 1142 τοῦ
2742 1087 3113 1159 ποστ-ημορίου
3166 1086 3357 1156 αὐτῆς.
3402 1086 3490 1138 Ἐν
3530 1084 3664 1153 γοῦν

2077 1184 2189 1244 τοῖς
2215 1180 2454 1251 διδύμοις
2507 1179 2866 1250 γεννωμένοις
2919 1177 3181 1241 πολλάκις
3234 1177 3295 1230 τὸ
3336 1174 3539 1247 μεταξὺ
3566 1174 3664 1227 καὶ

2078 1273 2362 1344 ἀκαριαῖον
2392 1271 2541 1347 ὥρας
2572 1272 2711 1335 ἐστὶ,
2752 1272 2847 1324 καὶ
2899 1269 3092 1322 πολλαὶ
3147 1266 3495 1340 παραλλαγαὶ
3551 1265 3663 1319 τῶν

2081 1364 2488 1435 συμϐαινόντων
2510 1363 2605 1417 καὶ
2632 1362 2740 1416 τῶν
2764 1360 3153 1434 πραττομένων
3187 1360 3274 1414 ἐπ’
3291 1358 3471 1414 αὐτῶν
3498 1359 3670 1411 ἀπαν-

2078 1456 2264 1521 τῶσιν,
2294 1456 2371 1521 ῶς
2404 1472 2568 1525 φασιν
2600 1457 2821 1518 ἐκεῖνοι,
2856 1453 3007 1525 παρὰ
3047 1452 3146 1523 τὴν
3199 1452 3378 1506 αἰτίαν
3407 1450 3510 1520 τῆς
3542 1449 3667 1520 σχέ-

2083 1565 2220 1611 σεως
2250 1547 2359 1601 τῶν
2390 1548 2655 1620 ἀστέρων,
2684 1546 2779 1600 καὶ
2828 1545 2889 1598 τὸ
2927 1545 3115 1616 μόριον
3141 1541 3236 1596 τοῦ
3289 1542 3668 1611 δωδεκατημο-

2081 1640 2198 1711 ρίου
2227 1640 2287 1693 τὸ
2344 1638 2494 1711 παρὰ
2546 1639 2635 1692 τὸν
2695 1636 2965 1710 ὁρίζοντα,
3008 1637 3069 1689 οὐ
3116 1633 3667 1705 καταλαμϐανόμενον

2081 1730 2186 1784 ὑπὸ
2213 1729 2320 1783 τῶν
2351 1728 2720 1800 νομιζομένων
2753 1726 2852 1799 τὴν
2881 1726 3030 1799 ῶραν
3064 1723 3451 1797 τετηρηκέναι.
3476 1721 3668 1784 Οὐδεὶς

398 1823 595 1885 ctoque
624 1816 885 1888 temporis
913 1816 1223 1886 dirimatur,
1252 1820 1436 1875 multa:
1475 1829 1654 1877 tamen
1686 1830 1976 1877 occurrunt

2081 1821 2190 1894 γὰρ
2219 1799 2440 1876 δύναται
2469 1820 2671 1889 λέγειν,
2705 1820 2788 1873 ὃτι
2832 1818 2894 1872 τὸ
2954 1815 3158 1889 μεταξὺ
3199 1815 3351 1869 τοῦδε
3382 1815 3483 1885 τῆς
3513 1814 3670 1883 γενέ-

398 1912 509 1957 tam
532 1919 762 1960 casuum
791 1920 958 1975 quam
981 1922 1163 1961 rerum
1185 1909 1637 1980 negotiorumque
1666 1911 1978 1977 varietates,

398 1995 618 2064 partim,
663 2006 722 2051 ut
749 1997 848 2066 ipsi
883 1997 1061 2063 aiunt,
1129 2000 1277 2070 quod
1338 2002 1616 2056 stellarum
1638 2002 1888 2058 diversus
1924 2003 1979 2058 in

400 2093 628 2157 utroque
652 2096 932 2156 respectus
958 2086 1139 2152 fuerit.
1165 2090 1361 2160 partim
1383 2091 1531 2162 quod
1560 2092 1741 2149 minus
1773 2102 1979 2149 certam

395 2178 569 2242 illam,
599 2194 720 2249 quae
737 2180 791 2234 in
810 2181 1148 2237 horizontem
1192 2184 1419 2251 subiret,
1449 2187 1617 2254 partis
1670 2186 1811 2256 signi
1842 2186 1980 2241 duo-

396 2271 620 2327 decimae
647 2272 969 2341 particulam
992 2273 1029 2327 ii
1050 2275 1344 2341 tenuerint,
1375 2276 1469 2346 qui
1498 2276 1832 2346 exploratam
1856 2293 1977 2333 sese

398 2362 591 2416 horam
617 2362 875 2418 habuisse
906 2373 1247 2433 putaverant,
1278 2364 1414 2420 Nam
1442 2366 1548 2423 hoc
1576 2369 1820 2438 quidem,
1851 2384 1977 2439 pars

394 2470 465 2510 ne
493 2456 642 2512 hora:
667 2457 958 2524 tricesima,
990 2467 1143 2515 ortus
1177 2461 1463 2531 utriusque
1505 2461 1853 2518 intervallum
1878 2478 1973 2518 ex.-

393 2549 613 2616 stiterit,
645 2557 882 2605 statuere
907 2566 1067 2605 nemo
1098 2561 1298 2621 potest.
1337 2550 1536 2608 Verum
1562 2554 1613 2608 id
1633 2570 1853 2625 quoque
1879 2571 1975 2625 per

394 2655 497 2695 nos
520 2638 773 2703 habeant,
807 2647 865 2693 ut
917 2640 1189 2709 exquisite
1249 2641 1442 2695 horam
1505 2650 1692 2697 tenere
1740 2643 1972 2712 possint.

393 2728 591 2786 Exstat
620 2746 753 2786 sane
786 2730 1062 2801 quoddam
1096 2730 1369 2800 ejusmodi
1396 2730 1699 2799 theorema,
1741 2748 1851 2802 quo
1883 2748 1976 2787 zo-

392 2825 611 2879 diacum
644 2825 931 2891 circulum,
967 2827 1191 2897 perinde
1242 2835 1304 2881 ut
1364 2826 1609 2881 errantia
1661 2827 1862 2891 sidera,
1907 2828 1976 2884 ah

390 2932 592 2973 occasu
621 2916 677 2971 in
703 2925 883 2972 ortum
910 2918 984 2972 ita
1016 2918 1144 2973 ferri
1168 2919 1567 2983 demonstrant,
1591 2927 1652 2973 ut
1671 2921 1975 2975 centesimo

394 3024 613 3080 quoque
634 3024 781 3064 anno
809 3018 1019 3065 motum
1044 3010 1189 3065 hunc
1212 3026 1376 3065 suum
1420 3025 1548 3080 pars
1578 3010 1699 3080 ejus
1724 3011 1978 3081 quaelibet

403 3106 510 3156 tina
534 3100 813 3157 conﬁciat.
846 3099 950 3167 Qui
977 3109 1161 3155 motus
1208 3100 1469 3170 longioris
1504 3117 1795 3172 progressu
1843 3111 1977 3158 tem-

397 3192 566 3263 poris,
602 3193 659 3246 in
691 3192 846 3264 signa
867 3192 1154 3248 duodecim
1190 3192 1467 3248 varietatis
1510 3193 1807 3263 plurimum
1836 3194 1976 3249 infe-

396 3295 523 3340 rat:
548 3300 675 3340 cum
715 3286 932 3356 signum
966 3286 1114 3349 aliud
1145 3286 1217 3341 sit
1258 3286 1404 3355 quod
1437 3295 1619 3341 mente
1647 3286 1974 3357 concipitur,

397 3374 544 3430 aliud
574 3374 720 3445 quod
777 3376 935 3446 quasi
973 3391 1138 3431 sensu
1185 3374 1516 3431 informatur
1545 3393 1558 3429 :
1584 3377 1665 3433 sic
1693 3386 1874 3432 tamen
1919 3386 1977 3432 ut

394 3479 467 3519 ex
495 3479 563 3521 eo
584 3471 797 3522 tantum
833 3468 979 3537 quod
1012 3474 1194 3521 mente
1244 3467 1570 3540 concipitur.
1604 3469 1857 3540 quodque
1886 3470 1976 3526 vix

398 3571 463 3610 ac
488 3571 555 3610 ne
579 3557 670 3611 vix
692 3557 914 3627 quidem
945 3559 1115 3613 teneri
1143 3558 1306 3630 295
1327 3569 1478 3614 ccrto
1504 3568 1702 3630 potest,
1732 3563 1808 3616 rei
1835 3564 1977 3617 veri-

398 3656 482 3703 tas
512 3648 794 3706 habeatur.
834 3649 1157 3721 Quanquam
1212 3651 1267 3705 id
1320 3650 1482 3706 etiam
1513 3666 1544 3706 a
1580 3652 1738 3708 nobis
1795 3655 1974 3721 detur,

398 3750 578 3797 utaut
599 3744 815 3814 signum
861 3744 993 3800 illud
1043 3745 1192 3815 quod
1239 3753 1422 3801 mente
1469 3745 1799 3816 concipitur,
1827 3756 1976 3803 certo

396 3833 570 3887 teneri
593 3845 782 3904 queat,
837 3843 934 3890 aut
981 3850 1047 3890 ex
1085 3850 1150 3890 eo
1193 3835 1385 3890 saltem
1427 3835 1571 3906 quod
1606 3850 1773 3891 sensu
1812 3836 1978 3890 infor-

400 3934 602 3992 matur,
631 3940 822 3981 verum
846 3926 1095 3998 intelligi.
1126 3926 1417 3983 Astrorum
1440 3935 1586 3984 certe
1609 3927 1829 3997 quidem
1855 3928 1975 3984 illo-

398 4036 518 4073 rum
546 4035 669 4090 quze
693 4020 747 4075 in
769 4021 933 4077 situm
960 4022 1230 4093 ejusmodi
1254 4022 1593 4093 ﬁguramque
1616 4036 1971 4091 concurrunt,

399 4126 563 4181 quam
597 4112 700 4181 ipsi
738 4112 1297 4182 contemperationem
1355 4114 1647 4184 appellant,
1705 4118 1974 4187 exquisite

401 4203 500 4258 abs
531 4216 653 4258 sese
691 4201 907 4262 defendi
936 4219 1046 4258 non
1100 4219 1264 4275 posse
1312 4205 1650 4262 fatebuntur.
1696 4207 1975 4279 Contiugit

398 4292 546 4347 enim
577 4292 879 4363 saepissime
906 4302 965 4347 ut
1004 4294 1091 4349 vel
1138 4295 1440 4352 infestioris
1471 4297 1634 4367 hujus
1685 4298 1820 4353 astri
1868 4300 1971 4364 vis,

399 4383 545 4453 quod
574 4383 816 4449 emersit,
846 4383 1071 4438 alterius
1100 4382 1360 4440 felicioris
1399 4396 1623 4456 aspectu
1666 4389 1841 4457 magis
1873 4388 1974 4442 mi-

2084 1929 2222 1976 σεως
2245 1912 2380 1984 πρὸς
2407 1911 2504 1983 τὴν
2559 1910 2714 1965 τοῦδέ
2747 1913 2895 1964 ἐστιν
2928 1907 3079 1979 ῶρας
3127 1904 3466 1977 τριακοστόν.
3525 1902 3667 1956 Ἀλλ’

2080 2002 2221 2056 ἔστω
2249 2000 2739 2072 συγκεχωρημένον
2772 1999 2957 2062 αὐτοῖς
2985 1997 3124 2060 τόδε,
3152 1994 3294 2049 κατὰ
3323 1995 3384 2048 τὸ
3411 1993 3665 2048 ἐκλαϐεῖν

2078 2094 2178 2167 τὴν
2201 2093 2370 2166 ὥραν.
2400 2092 2627 2165 Φέρεται
2658 2092 2723 2162 δὴ
2748 2089 3031 2161 θεώρημα,
3060 2086 3412 2142 άποδεικνύον
3436 2085 3529 2139 τὸν
3558 2081 3667 2149 ζω-

2078 2184 2262 2238 διακὸν
2286 2182 2483 2238 κύκλον
2506 2182 2707 2253 ὁμοίως
2734 2183 2848 2245 τοῖς
2878 2178 3247 2250 πλανωμένοις
3274 2174 3532 2248 φέρεσθαι
3558 2174 3670 2228 άπδ

2078 2273 2298 2345 δυσμῶν
2319 2274 2413 2327 ἐπὶ
2439 2271 2703 2336 ἀνατολὰς
2766 2272 2836 2325 δι’
2865 2269 3060 2325 ἑκατὸν
3109 2268 3245 2322 ἑτῶν
3289 2270 3483 2339 μοῖραν
3512 2267 3668 2337 μίαν,

2078 2364 2360 2419 καὶτοῦτο
2391 2363 2469 2435 τῷ
2522 2362 2701 2435 πολλῴ
2756 2362 2932 2434 χρόνῳ
2978 2360 3320 2415 ἐναλλάττειν
3370 2360 3468 2430 τὴν
3515 2356 3668 2411 θέσιν

2076 2457 2184 2511 τῶν
2206 2456 2709 2528 δωδεκατημορίων·
2764 2454 2953 2526 ἐτέρου
2996 2453 3094 2525 μὲν
3158 2452 3515 2523 τυγχάνοντος
3569 2449 3666 2505 τοῦ

2077 2550 2269 2622 νοητοῦ
2305 2550 2807 2622 δωδεκατημορίου,
2848 2548 3037 2621 ἐτέρου
3065 2548 3123 2601 δὲ
3162 2546 3255 2599 τοῦ
3304 2545 3504 2598 ὡσανεὶ
3535 2562 3671 2615 μορ-

2077 2641 2337 2714 φώματος
2366 2642 2500 2713 (5Ἱ)·
2531 2641 2643 2695 ἀλλ’
2688 2642 2753 2694 ὲκ
2780 2639 2874 2693 τοῦ
2907 2637 3098 2710 νοητοῦ
3146 2637 3363 2704 ζωδίου,
3408 2636 3545 2707 ὅπερ
3600 2637 3667 2689 οὐ

2078 2735 2219 2789 πάνυ
2268 2751 2322 2787 τι
2379 2732 2602 2787 δυνατὸν
2652 2729 3188 2802 καταλαμϐάνεσθαι.
3256 2729 3436 2781 Ἔστω
3480 2727 3669 2780 δὲκαὶ

2076 2828 2234 2881 τοῦτο
2259 2825 2770 2896 συγκεχωρημένον,
2816 2823 2874 2877 τὸ
2908 2819 3422 2893 καταλαμϐάνεσθαι
3447 2819 3508 2874 τὸ
3536 2836 3668 2890 νοη-

2078 2919 2168 2973 τὸν
2197 2917 2695 2989 δωδεκατημόριον,
2754 2915 2788 2987 ἢ
2841 2914 3099 2968 δύνασθαι
3155 2914 3221 2967 ὲκ
3250 2910 3344 2966 τοῦ
3404 2909 3667 2982 αἰσθητοῦ

2077 3010 2546 3082 δωδεκατημορίου
2574 3007 2947 3080 λαμϐάνεσθαι
3004 3005 3065 3059 τὸ
3107 3003 3325 3076 ἀληθές.
3366 3002 3523 3055 Ἀλλὰ
3559 3002 3666 3072 τήν

2078 3120 2143 3171 γε
2165 3102 2465 3175 σύγκρασιν
2500 3103 2629 3173 παρ’
2658 3101 2841 3163 αὐτοῖς
2868 3096 3206 3169 καλουμένην
3256 3094 3363 3149 τῶν
3405 3094 3463 3146 ὲν
3489 3091 3670 3146 τοῖσδε

2083 3198 2195 3260 τοῖς
2225 3196 2627 3266 σχηματισμοῖς
2652 3191 3049 3263 τυγχανόντων,
3077 3190 3172 3242 καὶ
3196 3187 3350 3242 αὐτοὶ
3397 3184 3668 3257 ὁμολογή-

2085 3305 2289 3352 σουσιν,
2312 3288 2411 3358 οὐχ
2430 3280 2531 3340 οἷοί
2558 3302 2617 3338 τε
2642 3284 2813 3338 σῶσαι
2868 3282 3010 3337 κατὰ
3055 3283 3185 3345 πᾶν,
3242 3276 3668 3350 ἀμαυρουμένωι

2082 3380 2177 3435 τοῦ
2206 3379 2555 3452 δηλουμένου’
2589 3377 2718 3448 φέρε
2750 3375 3201 3448 είπεῖν,χείρονος
3232 3371 3341 3426 ἀπὸ
3354 3370 3506 3424 τοῦδε
3525 3367 3666 3438 (58),

2082 3473 2171 3528 διὰ
2205 3472 2264 3525 τὸ
2285 3468 2669 3524 ὲπιϐλέπεσθαι
2698 3467 2859 3520 αὑτὸν
2893 3465 2997 3519 ὑπὸ
3026 3463 3179 3518 τοῦδε
3204 3460 3300 3515 τοῦ
3331 3461 3668 3533 κρείττονος,

2084 3566 2178 3620 καὶ
2198 3565 2290 3619 ἐπὶ
2316 3561 2548 3626 τοσόνδε,
2580 3560 2613 3631 ἢ
2649 3558 2865 3613 τοσόνδε
2909 3555 3348 3629 ἀμαυρουμένου.
3396 3551 3669 3613 Πολλάκις

2084 3653 2245 3708 πάλιν
2273 3653 2373 3723 τῆς
2397 3649 2769 3722 ἀμαυρώσεως
2791 3645 2892 3718 τῆς
2917 3645 3011 3699 τοῦ
3034 3645 3274 3717 χείρονος
3299 3642 3403 3697 ὑπὸ
3422 3641 3521 3710 τῆς
3545 3641 3671 3692 ἐπι-

2084 3745 2323 3815 ϐλέψεως
2348 3743 2446 3813 τῆς
2476 3741 2572 3797 τοῦ
2614 3739 2920 3813 κρείττονος
2962 3733 3416 3808 ὲμποδιζομένης,
3469 3733 3535 3785 ὲκ
3571 3727 3666 3782 τοῦ

2082 3839 2267 3907 ἕτερον
2296 3835 2495 3889 οὑτωσὶ
2524 3831 2944 3904 ἐσχηματίσθαι,
2981 3827 3240 3900 χειρόνων
3287 3825 3415 3881 ὄντα
3450 3839 3669 3894 σημαν-

2080 3928 2250 3984 τικόν.
2283 3926 2395 3980 Καὶ
2419 3920 2571 3995 οἶμαι
2602 3920 2970 3993 ὲπιστήσαντά
2993 3936 3114 3972 τινα
3140 3920 3255 3982 τοῖς
3299 3916 3502 3980 τόποις,
3530 3916 3670 3968 ἀπο-

2080 4015 2281 4087 γνῶναι
2309 4015 2408 4087 τὴν
2434 4014 2561 4085 περὶ
2589 4011 2792 4065 τούτων
2824 4008 3150 4080 κατάληψιν,
3185 4006 3438 4077 οὐδαμῶς
3459 4002 3671 4075 ἀνθρὼ-

2082 4126 2201 4172 ποις
2237 4105 2578 4177 ἐκκειμένην,
2604 4103 2740 4165 ἁλλ’,
2767 4103 2818 4156 εί
2852 4102 2981 4174 ἄρα,
3017 4100 3177 4173 μέχρι
3203 4098 3297 4152 τοῦ
3322 4098 3667 4169 σημανθῆναι

2084 4200 2242 4273 μόνον
2264 4197 2588 4267 φθάνουσαν.
2618 4194 2681 4247 El
2728 4192 2784 4246 δέ
2812 4210 2896 4257 τις
2920 4193 2976 4245 ἐν
3032 4192 3198 4263 πείρᾳ
3236 4188 3523 4259 γεγένηται
3555 4186 3669 4241 τῶν

2083 4291 2444 4367 πραγμάτων,
2504 4287 2702 4360 μᾶλλον
2746 4288 2951 4340 εἵσεται
2980 4285 3041 4338 τὸ
3086 4286 3144 4338 ὲν
3172 4282 3253 4354 τῷ
3302 4277 3669 4351 στοχάζεσθαι

2081 4379 2459 4441 ἀποπτωτικδν
2481 4378 2591 4433 τῶν
2610 4377 2895 4447 λεγόντων,
2936 4376 3034 4440 καὶ,
3063 4373 3244 4428 αὐτῶν
3278 4368 3673 4442 συγγραψαμέ-

402 4484 576 4524 nusve
602 4470 922 4525 retundatur
954 4489 968 4525 :
1004 4470 1090 4526 vel
1120 4482 1181 4525 ut
1207 4471 1258 4525 id
1290 4473 1468 4542 ipsum
1495 4490 1606 4544 quo
1636 4476 1819 4532 minus
1846 4492 1974 4532 eve-

2081 4477 2361 4548 γων,ἧπερ
2385 4470 2731 4544 νομιζόμενον
2750 4466 2859 4538 (59)
2879 4465 3273 4519 ὲπιτευκτικόν.
3294 4463 3404 4516 Καὶ
3436 4460 3670 4525 Ἦσαῖας

402 4563 538 4627 niat,
568 4561 821 4632 proprius
842 4561 1065 4633 quidam
1114 4576 1179 4616 ac
1233 4562 1528 4633 singularis
1554 4565 1801 4633 alterius,
1829 4568 1976 4638 quod

2082 4572 2233 4644 γοῦν,
2267 4569 2342 4631 ὼς
2372 4565 2431 4619 οὐ
2463 4560 2773 4633 δυναμένων
2798 4557 3005 4611 τούτων
3034 4552 3384 4627 εὑρίσκεσθαι
3430 4552 3538 4605 ὑπὸ
3566 4551 3670 4603 άν-

400 4652 643 4706 deterius
675 4652 820 4707 aliud
881 4652 1170 4723 signiticet,
1199 4653 1338 4709 situs
1369 4655 1650 4725 impediat.
1706 4659 1785 4714 Ac
1838 4658 1976 4713 mihi

404 4758 536 4797 sane
558 4743 629 4797 ita
655 4744 977 4813 persuadeo,
1032 4746 1285 4816 quisquis
1342 4749 1395 4801 in
1452 4748 1701 4802 locorum
1744 4749 1978 4806 istorum

400 4834 784 4905 disquisitione
812 4837 1139 4903 versabitur,
1193 4840 1675 4907 pronuntiaturum
1705 4856 1832 4896 eum
1864 4843 1977 4898 uti-

402 4938 529 4994 que,
559 4934 898 4994 perspectam
924 4925 1373 4996 exploratamque
1422 4927 1734 4982 mortalium
1773 4928 1974 4982 nemini

400 5029 590 5070 eorum
624 5015 890 5069 rationem
915 5029 1058 5081 esse,
1091 5018 1186 5070 sed
1229 5016 1281 5070 ei
1317 5013 1583 5069 duntaxat
1610 5014 1720 5069 vim
1769 5015 1979 5086 signiti-

473 5165 500 5196 ι
532 5153 617 5208 la’.
644 5154 770 5210 add.
802 5154 985 5226 μόνον.

475 5281 590 5354 (57)
625 5283 1049 5356 Μορφώματος.
1099 5284 1233 5342 Post
1264 5286 1405 5342 hanc
1432 5301 1620 5341 vocem
1669 5286 1975 5342 membrum

398 5354 632 5437 alterum
659 5354 856 5437 deesse
885 5357 1049 5437 credo
1071 5357 1282 5437 ,“qu_od~
1303 5357 1377 5437 ita
1411 5358 1627 5437 concipi
1678 5357 1881 5437 possit,
1914 5359 1976 5412 οὐ

403 5426 510 5495 μὴν
539 5422 953 5496 λαμϐανομένου
997 5428 1045 5480 τ’
1082 5422 1317 5497 ἀληθοῦς
1354 5429 1419 5480 ὲκ
1456 5427 1550 5482 τοῦ
1573 5422 1974 5500 ’μορφώματοᾳ

402 5496 609 5549 Sensus
640 5494 786 5549 enim
819 5495 873 5549 id
913 5497 1113 5556 exigit.
1145 5507 1201 5552 et
1230 5499 1517 5552 manifeste
1559 5503 1823 5556 probant.
1857 5516 1979 5556 ante

403 5514 609 5549 mensus
640 5514 786 5549 enim
819 5514 873 5549 tu
913 5514 1113 5566 exrgtt,
1145 5514 1201 5552 et
1230 5514 1517 5552 manneSte
1559 5514 1823 5567 prouant,
1857 5516 1975 5569 qua!

399 5572 726 5651 seq-nuntur.
754 5564 1291 5651 Y0:,_poPtptbp.a?_0;
1319 5570 1584 5651 repetitae
1604 5569 1975 5651 librariorum,

402 5641 461 5685 ut
486 5647 630 5700 saepe
660 5635 740 5697 tit,
776 5635 951 5691 oculis
986 5635 1268 5707 imposuit,
1302 5648 1360 5694 ut
1384 5635 1742 5709 posteriorem
1777 5635 1978 5711 prioris

398 5699 525 5771 loco
556 5703 883 5771 acciperent.

472 5750 901 5843 resima-'5;
936 5777 1053 5831 ἀπὸ
1086 5776 1278 5834 τοῦδε.
1331 5777 1544 5846 Melius,
1579 5780 1632 5836 ni
1665 5778 1846 5849 fallor,
1880 5780 1975 5837 ah-

2083 4642 2338 4737 θρὼπων,
2372 4656 2506 4727 φησὶ
2540 4653 2677 4724 πρὸς
2721 4652 2820 4722 τὴν
2860 4648 3136 4720 θυγατέρα
3190 4646 3299 4700 τῶν
3356 4642 3667 4737 Χαλδαίων,

2080 4755 2190 4809 τῶν
2213 4751 2385 4807 ταῦτα
2409 4748 2642 4820 μάλιστα
2698 4741 2848 4814 παρὰ
2898 4742 3107 4805 πάντας
3150 4736 3664 4807 ἐπαγγελλομένων

2088 4867 2106 4899 ι
2145 4846 2435 4916 Στήτωσαν
2465 4839 2551 4910 δὴ,
2584 4837 2677 4891 καὶ
2734 4833 3062 4889 σωσάτωσάν
3113 4850 3173 4886 σε
3229 4834 3278 4884 oi
3342 4828 3666 4902 ἀστρολόγοι

2080 4934 2173 4989 τοῦ
2201 4929 2450 5005 οὐρανοῦ·
2502 4926 2975 4996 ἀναγγειλάτωσάν
3011 4942 3094 4978 σοι
3148 4922 3202 4976 τί
3234 4921 3415 4993 μέλλει
3459 4922 3552 4975 ἐπὶ
3602 4919 3669 4974 σὲ

2083 5025 2356 5099 ἔρχεσθαι.
2382 5043 2400 5074 ι
2424 5020 2522 5075 Διὰ
2545 5022 2655 5091 γὰρ
2679 5018 2883 5074 τούτων
2908 5014 3273 5088 διδασκόμεθα
3304 5015 3380 5086 μὴ
3400 5012 3668 5067 δύνασθαι

2080 5297 2225 5343 esset
2256 5287 2385 5351 ἀπό,
2416 5295 2475 5340 ut
2516 5285 2758 5358 χείρονος
2790 5283 2944 5358 τοῦδε
2989 5283 3218 5354 (nempe
3246 5284 3508 5358 ἀστέρος)
3536 5302 3665 5342 cum

2081 5366 2355 5429 praeeunte
2386 5355 2632 5429 parti'cip.
2656 5356 2987 5429 δηλουμένου
3021 5355 3392 5429 construatur.
3427 5355 3525 5412 Sin
3557 5373 3666 5412 au-

2083 5425 2212 5493 tem,
2244 5425 2399 5499 quod
2421 5425 2603 5482 minus
2623 5425 2835 5552 robo,
2857 5425 3181 5506 retinebitur
3213 5426 3342 5489 ἀπό,
3377 5435 3509 5481 tunc
3538 5437 3668 5507 post

2083 5500 2324 5552 νείοονος
2370 5512 2617 5552 annonen
2661 5514 2694 5552 a
2746 5496 2956 5552 vmzula
3004 5494 3206 5552 luent.
3241 5505 3301 5551 ut
3345 5495 3454 5551 ἀπὸ
3504 5498 3667 5552 τουδε

2080 5494 2324 5572 χείρονος
2370 5494 2694 5572 appon_enda
2746 5496 2956 5572 virgula
3004 5494 3206 5563 fuerit,
3241 5505 3301 5551 ut
3345 5495 3454 5551 ἀπὸ
3504 5494 3667 5552 τοῦδε

2081 5567 2203 5626 cum
2231 5567 3065 5641 ἀμαυρουμένουηοοιιξιιηειιιυῑ.

2151 5637 2475 5712 (59)·Ήπερ
2493 5637 2759 5709 νομιζομ.
2791 5637 2933 5709 Lege
2960 5639 3104 5710 ἢπερ
3125 5638 3189 5694 τὸ
3217 5639 3396 5711 νομιζ.
3423 5638 3509 5696 vel
3537 5637 3573 5710 ἢ
3600 5637 3669 5694 τὸ

2081 5729 2202 5784 νομ.
