3856 6224
164 347 269 403 505

1304 353 1628 411 PREPAR.
1670 355 1926 414 EVANG.
1970 357 2097 412 LlB.
2140 355 2249 411 ΠΙ.

3330 353 3435 411 506

160 472 288 533 τοὺς
314 469 460 525 πάνυ
493 471 624 544 περὶ
657 471 817 528 ταῦτα
849 473 1167 546 φιλομαθεῖς
1216 477 1538 549 προδηλοῦν,
1568 478 1604 533 ἃ
1665 478 1737 550 βε-

1855 479 2012 536 candi
2042 480 2280 551 aliquam
2313 478 2380 533 ad
2409 492 2687 533 summum
2715 473 2940 532 concedi
2968 489 3152 546 posse.
3183 470 3288 539 Qui
3337 487 3437 526 au-

163 559 427 632 σούληται
457 561 662 636 Κύριος
693 565 912 636 ἑκάστῳ
940 563 1081 620 ἔθνει
1112 568 1464 636 ἐπαγαγεῖν.»
1502 570 1754 623 Τοσαῦτα

164 652 259 705 καὶ
280 653 313 705 ὁ
335 651 598 724 δηλωθεὶς
625 654 785 726 ἁνήρ.
827 655 985 709 Ἀλλά
1018 658 1126 729 γὰρ
1145 659 1174 711 ὁ
1203 660 1313 724 πᾶς
1341 661 1471 731 ἡμῖν
1499 653 1653 726 οὗτος
1676 665 1755 728 εἰς

163 743 257 797 δύο
282 743 354 797 τὰ
388 746 621 816 μέγιστα
654 751 988 820 συναιρεῖται
1012 748 1189 818 λόγος,
1217 749 1298 815 εἷς
1315 768 1374 805 τε
1402 751 1464 805 τὸ
1503 751 1577 824 μὴ
1599 752 1754 819 θεοὺς

166 833 305 890 εἶναι
328 838 457 901 τοὺς
490 838 632 892 κατὰ
660 840 814 893 πόλιν
840 842 977 912 χρᾷν
1005 841 1446 914 νενομισμένους,
1472 845 1565 898 καὶ
1588 846 1668 910 εἰς
1691 846 1755 900 τὸ

170 928 304 997 μηδὲ
335 928 574 997 ἀγαθοὺς
606 930 883 1002 δαίμονας
919 934 1230 988 τούναντίον
1258 936 1316 989 δὲ
1343 937 1546 1008 γόητάς
1577 956 1751 1003 τινας,

168 1022 261 1073 καὶ
283 1020 543 1085 πλάνους,
582 1023 678 1076 καὶ
706 1024 1030 1090 ἀπατεῶνας
1082 1028 1373 1099 τυγχάνειν
1396 1030 1506 1081 ’ἐπ’
1546 1029 1753 1101 ὀλέθρῳ

168 1114 261 1167 καὶ
291 1112 593 1186 διαστροφῇ
635 1117 733 1187 τῆς
774 1117 1006 1188 ἀληθοῦς
1047 1119 1357 1184 εὐσεϐείας,
1379 1121 1481 1194 τὴν
1526 1124 1606 1187 εἰς
1659 1126 1753 1177 άν-

166 1203 418 1275 θρώπους
462 1207 691 1280 πλάνην,
719 1212 821 1282 τήν
841 1229 900 1264 τε
922 1211 1112 1283 ἄλλην,
1138 1215 1233 1267 καὶ
1272 1214 1336 1287 δὴ
1369 1215 1463 1268 καὶ
1490 1215 1589 1287 τὴν
1623 1217 1752 1288 περὶ

164 1299 505 1371 εἱμαρμένης
532 1301 1028 1374 προϐεϐλημένους
1062 1306 1157 1375 ἀφ’
1185 1300 1273 1377 ἧς,
1304 1307 1534 1379 μηδενὸς
1556 1307 1663 1362 τῶν
1692 1308 1751 1374 ἐξ

165 1391 378 1456 αἰῶνος,
414 1392 555 1464 πλὴν
593 1394 766 1464 Ἰησοῦ
800 1395 892 1448 τοῦ
918 1396 1170 1469 Σωτῆρος
1207 1397 1367 1469 ἡμῶν
1396 1398 1457 1452 τὸ
1490 1401 1597 1454 πᾶν
1642 1399 1750 1454 τῶν

164 1481 469 1554 ἀνθρώπων
488 1484 644 1552 γένος
674 1486 1103 1559 λελυτρωμένου,
1133 1490 1357 1553 εἰκότως
1395 1491 1528 1561 ἡμῖν
1559 1493 1614 1544 ὲν
1646 1492 1748 1563 ἀρ-

164 1578 283 1645 χαῖς
305 1576 407 1646 τῆς
435 1577 843 1648 Εὐαγγελικῆς
870 1581 1401 1651 Προπαρασκευῆς,
1417 1584 1484 1637 τά
1505 1585 1749 1656 παρόντα

163 1666 340 1720 πάντα
365 1666 454 1720 διὰ
490 1669 723 1740 σπουδῆς
750 1671 994 1740 γέγονεν,
1049 1673 1126 1737 ὼς
1158 1672 1223 1727 ἂν
1269 1673 1415 1746 ἔργῳ
1460 1674 1745 1746 μάθοιμεν,

163 1756 225 1809 ἐκ
245 1757 410 1810 τίνων
467 1760 745 1830 προγόνων
775 1762 993 1831 φύντες,
1028 1763 1124 1817 καὶ
1156 1764 1246 1834 οἵᾳ
1276 1763 1336 1817 τὸ
1382 1765 1511 1836 πρὶν
1562 1764 1748 1838 ἀπάτῃ

1860 580 1965 626 tem
1988 586 2076 627 res
2099 571 2247 641 ipsas
2277 570 2609 641 experientia
2636 570 2751 639 ipse
2768 583 2867 624 sua
2900 565 3230 638 probaverit,
3264 578 3435 634 agno-

1856 672 1971 719 scet
1994 663 2084 718 ille
2117 662 2385 733 profecto,
2426 662 2479 718 id
2510 662 2794 717 hominum
2827 675 2999 731 genus
3029 659 3083 713 in
3128 658 3245 714 suis
3303 655 3431 720 illis,

1855 766 1994 820 quas
2052 762 2148 805 aut
2181 766 2314 807 voce
2348 760 2443 806 aut
2500 752 2705 821 scripto
2735 750 3072 819 concipiunt,
3108 746 3433 819 praesensio-

1856 844 2018 898 nibus
2070 844 2230 915 longe
2266 844 2464 912 sacpius
2514 844 2789 905 aberrare,
2817 857 2981 912 quam
3015 842 3158 911 quod
3189 840 3292 895 sibi
3327 838 3432 893 (in-

1854 946 1989 1007 gunt
2014 951 2203 991 verum
2233 938 2516 1005 attingere.
2570 933 2934 1001 Quamobrem
2962 933 3149 997 Isaias,
3176 932 3319 1001 quod
3366 946 3431 985 ea

1853 1035 2005 1082 certo
2057 1026 2127 1081 ab
2181 1027 2499 1081 hominibus
2529 1026 2679 1081 nullo
2744 1026 2909 1081 modo
2973 1025 3144 1080 teneri
3195 1023 3429 1093 possint,

1852 1118 2233 1176 Chaldtnorum
2263 1121 2452 1187 tiliam,
2485 1120 2579 1191 qui
2615 1121 2755 1175 hanc
2785 1120 3065 1175 divinandi
3120 1128 3289 1173 artem
3326 1118 3431 1172 sibi

1852 1229 1965 1283 prie
2013 1213 2272 1269 omnibus
2331 1215 2640 1279 sumebant,
2700 1213 2847 1268 hunc
2892 1213 2946 1266 in
3001 1212 3222 1267 modum
3273 1225 3430 1265 com-

1853 1305 2036 1375 pellat,
2063 1314 2201 1359 stent
2251 1320 2395 1368 vero,
2440 1321 2503 1358 ac
2534 1303 2739 1357 solvent
2771 1312 2819 1357 te
2864 1300 3118 1371 astrologi
3146 1298 3302 1361 caeli;
3333 1313 3431 1351 an-

1854 1401 2093 1454 nuntient
2156 1398 2253 1452 tibi
2303 1398 2443 1469 quod
2477 1415 2634 1467 super
2691 1407 2739 1451 te
2776 1405 3056 1451 venturum
3089 1402 3187 1447 est.
3218 1390 3430 1458 Quibus

1851 1506 1952 1545 nos
1977 1504 2110 1544 sane
2147 1489 2356 1554 docuit,
2392 1504 2461 1543 ne
2525 1489 2594 1543 ab
2625 1488 2732 1542 illis
2759 1487 2978 1558 quidem
3020 1484 3175 1554 ipsis,
3213 1481 3305 1552 qui
3339 1495 3429 1535 res

1850 1585 1987 1639 istas
2022 1591 2301 1638 summoet
2329 1581 2598 1637 acerrimo
2621 1580 2803 1635 studio
2836 1585 3261 1650 persequuntur,
3296 1573 3429 1644 quid

1849 1689 2071 1744 quoque
2117 1673 2318 1743 populo
2348 1671 2527 1727 facere
2556 1671 2820 1726 Dominus
2856 1667 3133 1734 statuerit,
3168 1680 3427 1736 praenun-

1850 1767 1973 1823 tiari
2001 1780 2179 1836 posse.
2227 1784 2245 1817 ι
2284 1763 2560 1819 Hactenus
2613 1761 2896 1835 Origenes.
2953 1761 3126 1831 Atque
3173 1758 3426 1812 universa

162 1850 555 1922 συνεχομένων,
592 1852 650 1918 ἐξ
679 1853 885 1925 ὁπόσης
918 1872 977 1907 τε
1007 1855 1099 1908 καὶ
1148 1853 1387 1927 πηλίκης
1419 1837 1737 1910 άνανεύσανέ

1851 1860 1967 1914 hazc
1985 1867 2170 1912 nostra
2199 1856 2495 1926 disputatio
2552 1856 2618 1911 ad
2657 1870 2871 1911 summa
2903 1853 3013 1909 duo
3040 1853 3217 1923 capita
3268 1863 3429 1904 revo-

163 1943 441 2005 τες,αὺτοί
462 1962 520 1997 τε
545 1948 705 2017 ἡμεῖς
733 1948 829 2000 καὶ
860 1949 888 2000 ὁ
922 1947 1143 2019 σύμπας
1174 1947 1281 2002 τῶν
1309 1947 1611 2020 ἀνθρώπων
1633 1948 1745 2019 βίος

1851 1948 1962 2003 cari
1986 1957 2163 2018 potest
2195 1966 2207 2000 :
2241 1949 2495 2014 alterum,
2558 1947 2692 2002 deos
2725 1961 3070 2017 nequaquam
3101 1959 3198 1999 eos
3233 1942 3424 2008 fuisse,

163 2035 424 2107 ἀϐλεψίας
444 2055 505 2091 τε
531 2040 622 2093 καὶ
652 2039 962 2112 ἀθεότητος,
992 2041 1092 2112 τὴν
1113 2039 1257 2095 ἴασιν
1285 2041 1381 2111 τῆς
1406 2042 1623 2112 μακρᾶς
1652 2040 1737 2094 καὶ

1851 2042 1945 2110 qui
1981 2056 2076 2111 per
2100 2041 2263 2096 urbes
2300 2041 2504 2111 passim
2538 2040 2761 2096 oracula
2794 2038 3021 2095 fundere
3062 2038 3424 2102 videbantur;

162 2128 512 2201 πολυχρονίου
565 2132 887 2204 δαιμονικῆς
939 2133 1221 2205 ἐνεργείας
1278 2133 1368 2188 διὰ
1416 2134 1585 2205 μόνης
1641 2135 1737 2205 τῆς

1851 2133 2103 2199 alterum,
2133 2149 2198 2187 ne
2227 2134 2405 2189 bonos
2433 2133 2653 2203 quidem
2677 2133 2867 2205 genios
2897 2130 3205 2197 exstitisse;
3234 2136 3423 2185 contra

160 2220 253 2274 τοῦ
300 2234 329 2262 ι
385 2223 654 2296 σωτηρίου
729 2223 1092 2296 εὐαῃελικῆς
1149 2224 1430 2297 εὑράμεθα
1487 2224 1737 2279 διδασκα-

1851 2240 1977 2279 vero
2037 2225 2462 2295 prastigialores
2517 2223 2810 2294 quosdam,
2864 2223 3219 2279 circulatores
3263 2232 3427 2287 atque

158 2311 293 2377 λίαςο
1846 2317 2193 2387 impostores,
2222 2319 2317 2388 qui
2348 2318 2403 2373 in
2437 2319 2663 2374 exitium
2696 2327 3013 2389 pestemque
3042 2331 3184 2372 verae
3209 2312 3426 2385 pietatis

158 2420 280 2458 cum
311 2404 450 2460 alios
492 2404 701 2475 passim
758 2420 974 2469 omnes,
1025 2413 1140 2460 tum
1182 2404 1328 2460 hunc
1388 2404 1443 2457 in
1477 2402 1671 2474 primis
1734 2403 1800 2458 de
1836 2403 1933 2458 fati
1996 2407 2321 2461 necessitate
2373 2423 2619 2461 errorem
2657 2410 2711 2461 in
2776 2407 3060 2463 hominum
3121 2421 3295 2474 genus
3339 2405 3426 2457 in-

159 2503 420 2557 vexerint.
446 2501 589 2569 Quo,
623 2511 821 2572 praeter
874 2501 1061 2558 Jesum
1115 2500 1462 2556 Servatorem
1503 2510 1752 2554 nostrum
1780 2540 1796 2564 ,
1836 2516 1961 2556 cum
1998 2501 2134 2556 illud
2183 2517 2250 2557 ex
2285 2504 2435 2557 omni
2490 2502 2754 2558 memoria
2798 2504 3040 2558 liherarit
3076 2518 3258 2567 nemo,
3300 2500 3426 2570 jure

160 2609 286 2650 sane
302 2595 588 2651 tractanda
631 2597 747 2651 haec
781 2596 970 2652 omnia
1022 2595 1126 2651 sub
1153 2593 1488 2665 Etangelicte
1550 2593 1968 2662 Prwparationis
2000 2594 2216 2650 initium
2277 2596 2624 2666 suscepimus
2667 2613 2680 2649 :
2738 2595 2905 2667 296
2969 2605 3029 2650 ut
3073 2611 3131 2650 re
3175 2595 3293 2664 ipsa
3340 2592 3425 2647 di-

158 2700 397 2753 stamus,
422 2688 623 2757 quibus
677 2688 893 2744 tandem
958 2688 1071 2743 nati
1127 2686 1431 2758 majoribus
1489 2701 1765 2756 quamque
1802 2688 1953 2758 gravi
2016 2704 2204 2744 errore
2240 2689 2620 2745 laborantibus
2672 2698 3001 2760 quantaeque
3032 2688 3196 2744 simul
3232 2687 3425 2757 ipsiet

157 2791 316 2847 quam
347 2780 606 2835 immanis
659 2794 785 2835 cum
824 2778 1094 2835 vecordia:
1142 2786 1257 2834 tum
1308 2777 1605 2848 impietatis
1657 2792 1726 2833 ex
1764 2778 2027 2846 tenebris,
2089 2795 2214 2836 cum
2248 2796 2446 2852 genere
2486 2781 2769 2837 hominum
2804 2782 3083 2847 universo,
3135 2787 3298 2849 caput
3338 2786 3423 2833 at~

155 2871 372 2937 tollere;
411 2885 478 2926 ac
536 2880 649 2925 tam
689 2871 798 2927 late
860 2871 1086 2942 patenti,
1147 2879 1370 2941 tamque
1415 2869 1689 2925 diuturnae
1748 2869 2058 2927 daemonum
2094 2872 2276 2930 fraudi
2319 2876 2707 2946 vexationique
2768 2874 3092 2939 remedium,
3158 2871 3419 2930 salutaris

156 2969 318 3024 unius
347 2968 677 3041 evangelicae
702 2968 967 3026 doctrina:
1004 2967 1271 3025 beneﬁcio
1318 2966 1563 3023 invenire
1619 2966 1980 3037 potuerimus.

224 3097 250 3126 ι
277 3086 365 3140 ἵσ.
398 3086 505 3145 del.
538 3086 652 3142 τοῦ.

164 3395 3413 3428 ..ψ-*Μ

547 3558 1887 3676 ΠΡΟΠΑΡΑΣΚΕΥΗΣ
1959 3552 3026 3675 ΕΥΑΓΓΕΛΙΚΗΣ

1132 3886 1141 3895 ,
1235 3784 1673 3871 ΒΙΒΛΙΟΝ
1718 3780 2282 3872 ΕΒΔΟΜΟΝ.

270 4127 1287 4223 ΡΒᾹΞΡΑΒΑΤΙΟΝΙΞ
1355 4130 1737 4225 EVANG

1851 4133 2151 4224 LICIE
2224 4134 2587 4224 LIBER
2675 4132 3311 4226 SEPTIMUS.

1725 4376 1799 4390 —

232 4507 413 4560 mar:
435 4506 793 4561 HEPIEXEI
823 4507 907 4559 T0
944 4507 1294 4561 EBAOMON
1314 4507 1632 4562 BIBAION.
1754 4513 1799 4570 c
2068 4508 2229 4579 297
2271 4501 2589 4564 SEPTIMI
2639 4501 2843 4559 LIBRI
2888 4501 3177 4560 CAPITA.

158 4624 218 4671 α’.
254 4618 326 4672 Τὰ
351 4617 489 4687 περὶ
513 4616 621 4672 τοῦ
648 4617 768 4671 τῶν
785 4616 1079 4687 ἀνέκαθεν
1116 4617 1393 4685 Ἐϐραίων
1422 4617 1588 4686 βίου,
1622 4618 1720 4671 καὶ

214 4691 291 4754 ὡς
340 4685 608 4757 εὐλόγως
646 4688 755 4754 τὰς
793 4685 1035 4755 ἐνθέους
1079 4687 1278 4743 αὐτῶν
1312 4688 1557 4757 Γραφὰς
1603 4687 1722 4742 τῶν

215 4760 475 4827 πατρίων
508 4762 708 4828 λόγων
728 4758 1224 4828 προετιμήσαμεν.

158 4826 214 4896 βπ.
247 4826 794 4898 Ἀνακεςραλαιωσις
816 4826 931 4896 τῆς
959 4826 1116 4896 παρὰ
1138 4829 1260 4896 τοῖς
1282 4828 1492 4895 ἄλλοις
1517 4831 1720 4885 ἔθνεσι

212 4902 544 5033 ﬁmbriae,
584 4900 682 4954 καὶ
718 4900 860 4952 οἵων
903 4899 1106 4953 κακῶν
1148 4901 1308 4954 αὶτια
1332 4901 1602 4968 συνέστη
1638 4899 1719 4965 τῷ

277 4990 343 5033 ῳ.

277 4990 343 5036 ῳ.

157 5045 218 5106 τ.
246 5037 578 5108 Παράθεσις
620 5037 729 5093 τοῦ
781 5036 900 5092 τῶν
966 5041 1246 5109 Ἑϐραίων
1306 5039 1551 5106 τρόπου,
1616 5041 1719 5094 καὶ

219 5111 371 5176 ὅπως
395 5109 673 5180 ἐδόξαζον
696 5109 830 5178 περὶ
862 5110 970 5165 τοῦ
1010 5111 1259 5178 ποιητοῦ
1306 5109 1407 5162 καὶ
1438 5109 1719 5180 δημιουρ-

216 5180 318 5247 γοῦ
348 5178 467 5233 τῶν
499 5180 680 5235 ὅλων.

160 5247 213 5301 δ’.
236 5252 428 5316 Ὅπως
465 5251 765 5319 ἐφρόνουν
790 5248 923 5316 περὶ
969 5250 1305 5317 ἀθανασίας
1348 5247 1577 5319 ψυχῆς,
1615 5250 1715 5305 καὶ

218 5320 341 5387 περὶ
366 5320 472 5389 τῆς
503 5320 621 5374 τῶν
644 5320 931 5389 σωμάτων
953 5322 1187 5387 οὐσίας.

159 5395 210 5439 ε’.
242 5391 454 5456 Ὅπως,
484 5392 749 5461 φιλόθεοι
792 5392 1123 5461 γεγονότες,
1162 5392 1281 5446 τῶν
1322 5389 1715 5461 dramatico»

219 5460 569 5527 θεοφανειῶν
595 5461 694 5530 {cal
714 5459 1004 5530 χρησμῶν
1028 5460 1392 5529 ἠξιώθησαν.

162 5534 224 5591 ς’.
272 5532 362 5601 ξΩς
385 5531 561 5601 ἐκτὸς
584 5527 765 5601 ἦσανί
804 5527 1171 5599 Ἰουδαϊσμοῦ
1200 5533 1464 5598 πρόσθεν
1502 5530 1541 5600 ἢ

218 5598 323 5682 ei“
352 5598 655 5682 τετέςτθαὲι
678 5600 770 5682 ἐφ’
795 5598 1068 5682 είίσεξείετ
1097 5598 1558 5682 amarumq-

160 5663 214 5726 τ.
251 5663 554 5737 Ὠςίιῦτὸς
590 5663 649 5723 όν
685 5670 909 5737 Μωσῆς
948 5663 1232 5738 Ἑϐραίων
1266 5663 1396 5725 ’τῶν
1439 5663 1553 5739 προ
1597 5668 1709 5738 τῆς

476 5741 666 5796 αὐτοῦ
710 5740 787 5809 τῇ
823 5740 1011 5811 οἰκείᾳ
1047 5740 1477 5809 καταϐέϐληται
1507 5741 1706 5812 γραφῇ

248 5828 347 5877 ους
442 5829 574 5877 ους.

219 5825 347 5877 τους
367 5825 574 5878 βιους.

1828 4620 1881 4676 1.
1923 4618 2411 4676 Vctustissimorum
2461 4616 2805 4672 Hebrteorum
2845 4618 3143 4688 instituta;
3183 4616 3409 4688 iureque

1898 4708 1993 4814 nols
2031 4707 2213 4745 sacras
2248 4705 2429 4744 eorum
2460 4688 2666 4741 litteras
2688 4687 2880 4757 patriis
2903 4688 3238 4741 monimentis
3263 4687 3405 4759 pra-

1898 4771 1950 4814 ιιι
1979 4763 2099 4814 isse.

1898 4771 2099 4815 tulisse.

1824 4832 1878 4886 2.
1919 4831 2141 4886 Summa
2194 4828 2519 4899 reliquarum
2574 4828 2805 4899 gentium
2862 4827 3149 4899 theologia:
3188 4830 3398 4895 capita,

1894 4917 2153 4973 quamque
2219 4898 2459 4973 gravium
2520 4898 2784 4952 malorum
2848 4898 3092 4953 humanm
3158 4900 3403 4954 societati

1896 4969 2057 5026 causa
2069 4969 2180 5024 Villa
2194 4969 2393 5093 Auerit.

1921 5042 2152 5093 Ouinam
2248 5040 2393 5093 ebria

1824 5042 1879 5103 5.
1921 5042 2152 5106 Quinam
2194 5038 2537 5095 Hebraeorum
2579 5059 2747 5099 mores
2812 5038 3047 5108 fuerint,
3094 5040 3282 5110 quidve
3332 5043 3402 5096 de

1893 5112 2126 5166 universi
2156 5119 2372 5164 auctore
2396 5129 2459 5165 ac
2485 5113 2727 5169 molitore
2760 5112 3039 5167 senserint.

1821 5183 1876 5239 4.
1914 5183 2054 5247 Quid
2076 5181 2237 5235 iidem
2268 5184 2464 5250 partim
2490 5183 2554 5238 de
2592 5185 2783 5238 animle
2808 5179 3231 5242 immortalitate,
3267 5197 3395 5249 par-

1894 5254 1988 5307 tim
2009 5252 2073 5305 de
2101 5252 2335 5319 corporis
2364 5263 2557 5306 natura
2588 5253 2863 5307 senserint.

1823 5324 1873 5378 5.
1917 5320 2143 5376 Eosdem
2166 5338 2263 5376 suo
2305 5323 2358 5375 in
2390 5322 2555 5375 Deum
2587 5340 2765 5377 amore
2786 5328 3091 5377 consecutos
3138 5336 3269 5385 esse,
3313 5321 3392 5373 uti

1889 5394 2120 5447 numinis
2172 5401 2383 5461 aspectu
2443 5401 2493 5446 et
2557 5393 2788 5447 oraculis
2851 5392 3191 5460 fruerentur;
3255 5390 3395 5460 quod

1888 5475 2167 5533 utrumque
2199 5464 2367 5517 sacris
2393 5463 2583 5533 litteris
2611 5463 2978 5531 consignatum
3008 5470 3104 5533 est.

1583 5534 1712 5585 Μω-
1817 5531 1872 5588 6.
1919 5529 2140 5586 Eosdem
2173 5542 2295 5587 ante
2320 5544 2502 5587 natum
2532 5529 2998 5593 Mosam—necdum
3026 5529 3272 5584 .Indaicis
3311 5547 3394 5584 re-

1886 5602 2170 5674 ligionibus
2202 5604 2535 5674 informatas,
2566 5605 2781 5674 pietatis
2812 5601 2967 5655 laude
2986 5602 3246 5674 ﬂoruisse.

1818 5673 1868 5728 7.
1914 5670 2287 5744 Hebraeorum,
2337 5675 2428 5744 qui
2484 5670 2605 5728 ante
2649 5690 2703 5729 se
2755 5670 3078 5733 ﬂoruerant,
3136 5672 3272 5725 vitas
3321 5670 3389 5724 ab

1882 5745 1997 5885 ;pso
2033 5743 2180 5800 Mose
2202 5743 2416 5815 proprio
2459 5761 2521 5799 ac
2563 5744 2827 5817 singulari
2871 5758 3022 5815 opere
3062 5744 3401 5813 conscriptas.

1908 5830 2066 5870 uisse.
