3856 6224
434 339 539 396 537

1103 339 1376 397 EUSEBII
1412 339 1895 397 CASSARIENSIS
1932 339 2082 398 OPP.
2121 342 2303 398 PARS
2341 340 2405 398 Il.
2445 371 2519 384 —
2556 339 3059 399 APOLOGETICA.

3583 341 3688 399 508

433 451 490 507 8.
514 450 749 527 _.!laturo
787 449 1011 527 judicio,
1030 467 1272 527 saneque
1300 454 1504 527 ratione
1526 466 1821 523 susceptam
1850 471 1884 508 a
1917 472 1995 527 uo

2116 454 2188 527 η’.
2239 456 2334 527 Ὠς
2361 457 2594 527 εὑλργφ
2623 455 2838 523 κρίσει,
2872 455 2971 510 καὶ
3003 454 3265 527 σώφρονι
3285 453 3551 527 λογισμῷ
3571 457 3688 525 τὴν

505 523 584 574 bis
631 536 811 574 eorum
853 520 1133 573 historiam
1183 520 1367 591 fuisse.
1429 523 1533 577 Hic
1590 520 1767 577 autem
1816 525 2014 578 cursim

502 607 683 645 eorum
719 591 825 643 vita
857 592 1269 662 perstringitur,
1296 610 1425 662 quos
1469 604 1589 647 ante
1612 592 1870 647 diluvium
1892 635 1908 659 ,
1950 611 2014 648 ac

504 662 766 735 deinceps,
797 660 866 712 ad
904 659 1475 732 Mosem‘usque'Deus
1520 665 1786 735 pracipuo
1834 681 2014 719 amore

504 731 806 799 complexus
837 738 935 783 est.

435 801 601 872 298
624 798 685 855 '9.
729 798 1074 855 Hebrazorum
1097 800 1352 857 doctrina:
1384 803 1607 872 placita.

430 996 519 1052 10.
558 997 637 1052 De
679 999 911 1069 generali
940 998 1281 1055 Providentia
1316 1013 1365 1057 et
1406 1004 1637 1058 universi
1677 1006 1969 1062 molitione.

429 1130 516 1185 Η.
558 1130 701 1195 Quid
754 1131 966 1188 Hebraei
998 1136 1061 1187 de
1092 1132 1199 1188 Deo
1262 1137 1497 1205 principe
1544 1153 1717 1192 rerum
1772 1142 2006 1195 omnium

498 1216 659 1254 causa
687 1205 960 1258 senserint.

562 1271 905 1348 Hebraeorum
942 1274 1005 1327 de
1036 1274 1262 1348 secundo
1289 1277 1551 1346 principio
1580 1279 1858 1348 theologia.

427 1341 517 1413 i5.
559 1339 803 1413 Philonis
831 1344 895 1396 de
922 1345 1148 1397 secundo
1170 1339 1426 1413 principio
1442 1339 1721 1404 sententia.

429 1410 515 1465 14.
565 1411 861 1465 Aristobuli
888 1414 1041 1466 verba
1062 1416 1112 1466 in
1140 1410 1375 1468 eamdem
1399 1420 1729 1472 sententiam.

557 1480 634 1558 ρε
654 1493 1019 1558 creaturarum
1036 1487 1244 1558 ratione
1260 1489 1615 1558 Vprteditarum
1636 1490 1998 1558 productione.

555 1550 632 1626 ρο
670 1555 952 1626 contrariis
976 1550 1395 1626 adversariisque
1414 1550 1720 1615 virtutibus.

425 1619 514 1673 17.
556 1619 633 1672 De
658 1632 851 1676 natura
884 1624 1131 1678 hominis.

424 1688 512 1745 18.
555 1688 799 1746 Philonis
829 1694 893 1746 de
917 1695 1093 1747 animo
1114 1697 1395 1751 sententia.

423 1760 513 1815 19.
558 1759 839 1815 Materiam
867 1774 985 1817 ortu
1021 1781 1123 1818 non
1152 1783 1348 1820 carere.

421 1828 512 1884 20.
553 1830 632 1884 De
664 1832 844 1886 eodem
884 1849 950 1886 ea:
987 1832 1228 1905 Origenis
1257 1838 1313 1891 in
1343 1835 1565 1893 Cenesin
1600 1846 1997 1900 commentario.

420 1968 513 2047 21.
533 1967 643 2047 ’ξω
670 1969 892 2047 Philone
919 1972 983 2027 de
1007 1974 1186 2027 eodem
1216 1988 1545 2047 argumento.

418 2038 509 2094 29..
524 2038 808 2093 Materiam
819 2058 911 2096 nec
920 2054 1040 2097 ortu
1053 2060 1248 2108 carere,
1266 2038 1359 2099 nec
1373 2049 1632 2102 malorum
1645 2066 1860 2104 causam
1871 2068 1999 2106 esse.

1052 2157 1282 2214 CAPUT
1322 2159 1362 2215 Ι.

426 2241 919 2301 Vetustissimorum
960 2246 1306 2326 fiebrworum
1338 2252 1624 2326 instituta;
1656 2255 1879 2326 jureque
1907 2274 2001 2311 nos

489 2331 671 2397 sacras
728 2332 911 2372 eorum
963 2320 1168 2374 litteras
1226 2324 1418 2391 patriis
1478 2320 1811 2380 monimentis
1861 2343 2003 2397 pra:-

493 2384 702 2440 tulisse.

488 2498 746 2569 Sequitur
770 2510 832 2556 ut
868 2499 1218 2558 Hebraeorum
1243 2505 1518 2576 deinceps,
1545 2524 1707 2578 quam
1738 2509 1997 2565 omnibus

415 2589 610 2659 patriis
657 2591 852 2647 ritibus
886 2594 1154 2662 potiorem
1200 2596 1491 2654 habuimus
1524 2599 1882 2670 philosophia:
1911 2616 1998 2654 re-

413 2681 742 2754 ligionisque
764 2682 1020 2748 formam,
1051 2687 1281 2757 vitaeque
1306 2689 1469 2744 simul
1495 2691 1737 2748 rationes
1765 2704 1819 2748 et
1845 2693 2001 2748 insti-

414 2786 532 2832 tuta
555 2792 970 2848 persequamur.
1024 2777 1159 2834 Nam
1192 2796 1319 2836 cum
1357 2781 1412 2836 id
1456 2798 1487 2837 a
1522 2784 1678 2839 nobis
1709 2785 1889 2840 adhuc
1918 2784 1998 2840 ef-

412 2865 615 2922 fectum
643 2869 733 2933 sit,
762 2879 821 2925 ut
851 2886 961 2924 non
988 2870 1388 2929 inconsiderate
1410 2890 1474 2929 ac
1499 2887 1720 2942 temere,
1752 2877 1846 2931 sed
1872 2891 1993 2930 ma-

412 2970 536 3015 turo
557 2962 931 3031 castigatoque
966 2963 1198 3032 judicio,
1232 2981 1428 3021 vanam
1458 2967 1604 3021 illam
1639 2983 1703 3022 ac
1749 2969 1991 3037 spuriam

412 3049 656 3103 omnium
699 3059 807 3104 tam
836 3050 1148 3106 Graecorum
1186 3068 1349 3123 quam
1387 3056 1747 3110 barbarorum
1786 3057 1996 3112 theolo-

2186 526 2319 594 περὶ
2360 524 2547 595 τῶνδε
2600 528 2869 594 ἱστορίαν
2916 524 3375 595 παρεδεξάμεθαέ
3428 524 3527 580 καὶ
3559 524 3687 582 ἐπι-

2181 595 2369 665 δρομὴ
2395 594 2514 649 τῶν
2550 597 2699 649 κατὰ
2743 596 2886 661 τοὺς
2925 594 3337 665 δηλουμένους
3356 596 3530 660 βίων,
3563 596 3684 652 τῶν

2181 682 2247 719 τε
2270 734 2275 735 ί
2298 665 2413 734 πρὸ
2465 665 2572 720 τοῦ
2614 665 3041 735 κατακλυσμοῦ
3092 665 3383 735 θεοφιλῶν
3424 666 3680 735 ἀνδρῶν.

2184 734 2283 807 ναὶ
2304 735 2422 789 τῶν
2444 735 2593 807 μετὰ
2623 735 2810 790 ταῦτα
2843 734 3021 806 μέχρι
3049 734 3161 806 τῆς
3180 734 3440 803 Μωσέως
3474 734 3684 807 γενεᾶς

2181 803 2644 874 δωρκεσάντων.
2847 803 2857 805 ⁷
3110 803 3120 806 ⁷
3344 874 3367 884 _
3481 803 3492 807 ⁷
3659 803 3669 805 ⁷

2110 873 2176 928 θ’.
2206 878 2343 961 Ιζερὶ
2391 874 2510 929 τῶν
2556 874 2692 944 παρ’
2736 875 3019 944 Ἑϐραίοις
3049 876 3415 947 δογματικων
3466 879 3683 945 θεωρη-

2110 1022 2161 1070 ι’.
2176 962 2475 1082 ιίῖεξὲίῖἧς
2506 1013 2766 1084 καθόλου
2792 1016 3095 1081 προνοίας,
3132 1015 3230 1070 καὶ
3263 1014 3397 1084 περὶ
3434 1013 3544 1084 τῆς
3580 1032 3687 1071 συ-

2178 1085 2471 1150 στάσεως,
2506 1083 2606 1137 καὶ
2632 1083 3013 1154 δημιουργίας
3051 1086 3158 1139 τοῦ
3180 1083 3429 1154 κόσμου.

2110 1163 2194 1210 ια’.
2234 1155 2515 1225 Ἐϐραίων
2537 1154 2691 1225 δόξα
2745 1155 2878 1222 περὶ
2927 1155 3035 1210 τοῦ
3086 1154 3254 1220 Θεοῦ,
3305 1155 3411 1209 τοῦ
3455 1154 3534 1225 δὴ
3577 1155 3677 1211 καὶ

2178 1225 2411 1293 πρώτου
2432 1223 2550 1277 τῶν
2581 1223 2739 1278 ὅλων
2774 1225 2984 1278 αἰτίου.

2109 1294 2193 1375 ιβς,
2226 1296 2367 1375 {legi
2396 1294 2508 1362 τῆς
2545 1293 2650 1375 τοᾷ
2678 1293 2969 1375 δευτέρου,
2990 1297 3180 1375 αὶτίου
3207 1296 3539 1375 θεολογίας.

2106 1371 2194 1487 ιζ.
2222 1368 2488 1431 Φίλωνος
2508 1365 2641 1431 περὶ
2668 1364 2773 1418 τοῦ
2800 1364 3079 1446 δευτέρου
3099 1367 3308 1447 αίξίου.

2106 1454 2123 1488 ι
2173 1474 2188 1488 .
2230 1435 2689 1490 Ἀριστοϐούλου
2718 1434 2851 1490 περὶ
2878 1451 2987 1488 του
3007 1438 3215 1490 αὐτου.

2106 1451 2188 1488 ιο’.
2235 1451 2689 1503 Ἀριστοοουλου
2718 1451 2851 1502 περι
2878 1451 2987 1488 του
3007 1451 3215 1490 αυτοι·.

2107 1511 2185 1559 ιε’.
2215 1505 2355 1571 Περὶ
2380 1504 2491 1571 τῆς
2518 1504 2637 1557 τῶν
2662 1503 2921 1574 λογικῶν
2956 1505 3331 1571 συστάσεως.

2105 1582 2199 1638 ις’.
2237 1575 2377 1642 Περὶ
2397 1574 2818 1643 ἀντικειμένων
2839 1574 3168 1643 δυνάμεων.

2103 1644 2189 1709 ιζ’.
2220 1647 2358 1713 Περὶ
2390 1642 2497 1710 τῆς
2520 1642 2831 1712 ἀνθρώπου
2860 1642 3118 1713 φύσεως.

2102 1713 2190 1785 ιη’.
2222 1716 2489 1785 Φίλωνος
2504 1716 2634 1781 περὶ
2661 1714 2886 1782 ψυχῆς.

2031 1806 2073 1861 η
2103 1781 2190 1861 ιθ’.
2212 1786 2364 1861 μερὶ
2400 1784 2505 1861 τοῦ
2526 1785 2611 1861 μὴ
2647 1781 2977 1861 ᾀγεννητσν
3003 1781 3156 1861 εἶναι
3174 1784 3290 1861 τῂν
3313 1786 3490 1861 ὕλην.

2105 1852 2343 1939 κ’.“1ζερὶ
2374 1854 2480 1908 τοῦ
2504 1854 2691 1908 αὑτοῦ
2717 1854 2836 1909 ἀπὸ
2874 1857 2994 1912 τῶν
3048 1852 3378 1927 Ὠριγένους
3417 1852 3504 1924 εις
3566 1855 3686 1927 τὴν

2173 1927 2451 1978 Γὲνεσιν.

2103 1993 2209 2049 κα’.
2234 1995 2500 2060 Φίλωνος
2523 1992 2652 2060 περὶ
2681 1993 2788 2047 τοῦ
2826 1994 3035 2052 αὐτοῦ.

2103 2065 2204 2137 κβν,
2236 2065 2361 2118 Ὅτι
2386 2063 2473 2134 μὴ
2512 2063 2843 2134 ἀγέννητος
2869 2066 2907 2135 ἡ
2932 2066 3076 2134 ὕλη,
3094 2061 3250 2135 μηδέ
3281 2064 3476 2121 κακῶν
3500 2064 3680 2123 αιτία.

2591 2178 2985 2231 ΚΕΦΑΛᾹΙΟΝ
3004 2178 3084 2232 A'.

2108 2268 2184 2323 Τὰ
2219 2268 2352 2337 περὶ
2386 2267 2493 2321 τοῦ
2515 2267 2634 2322 τῶν
2654 2268 2945 2339 ἀνέκαθεν
2979 2238 3440 2336 Ἐϐραίωνβίου·
3478 2271 3578 2325 καί
3599 2272 3683 2339 ὡς

2171 2341 2437 2408 εὐλόγως
2488 2339 2595 2403 τὰς
2649 2338 2891 2405 ἐνθέους
2924 2339 3124 2393 αὐτῶν
3153 2340 3401 2409 Γραφὰς
3425 2339 3548 2395 τῶν
3570 2338 3679 2397 sta;

2170 2409 2347 2475 τρίων
2372 2409 2568 2476 λόγων
2595 2409 3093 2478 προετιμήσαμεν.

2183 2498 2451 2571 Ἐϐραίων
2479 2499 2604 2571 πέρι
2637 2499 2841 2563 λοιπὸν,
2869 2501 2964 2554 καὶ
2997 2501 3097 2572 τῆς
3144 2505 3267 2557 κατ’
3304 2503 3502 2567 αὐτοὺς
3529 2502 3683 2573 φιλο-

2103 2592 2295 2659 σοφίας
2318 2608 2375 2644 τε
2409 2592 2504 2644 καὶ
2546 2591 2848 2656 εὑσεϐείας,
2879 2592 2946 2664 ἢν
2988 2593 3094 2647 τῶν
3148 2595 3392 2666 πατρίων
3421 2596 3680 2650 ἁπάντων

2101 2683 2601 2752 προτετιμήκαμεν,
2652 2681 2743 2734 τὸν
2797 2681 2891 2736 τοῦ
2950 2682 3064 2752 βίου
3114 2683 3314 2755 τρόπον
3368 2685 3681 2755 ὑπογράψαι

2100 2776 2312 2848 καιρός.
2349 2774 2566 2845 Ἐπειδὴ
2595 2773 2703 2847 γὰρ
2728 2774 2829 2828 οὑκ
2887 2773 3085 2844 ἀλόγῳ,
3137 2774 3448 2846 κεκριμένῳ
3495 2773 3554 2828 δὲ
3582 2776 3681 2829 καὶ

2102 2866 2338 2938 σώφρονι
2393 2865 2637 2937 λογισμῷ
2689 2867 2788 2936 τῆς
2846 2864 3237 2936 διεψευσμένης
3276 2864 3411 2936 ὁμοῦ
3461 2866 3683 2919 πάντων

2111 2957 2375 3029 Ἐλλήνων
2395 2975 2453 3010 τε
2486 2957 2581 3011 καὶ
2621 2956 2909 3028 βαρϐάρων
2963 2955 3237 3024 θεολογίας
3266 2955 3362 3027 τὴν
3407 2956 3684 3022 ἀπόδειξιν

2101 3048 2456 3119 πεποιημένοι
2500 3047 2855 3117 συνέστημεν,
2882 3045 3001 3119 ὥρα
3024 3045 3210 3100 λοιπὸν
3267 3046 3365 3117 τὴν
3417 3046 3682 3118 δευτέραν

411 3139 578 3208 giam,
604 3139 848 3195 relictam
879 3156 910 3195 a
942 3143 1103 3198 nobis
1151 3158 1216 3198 ac
1263 3144 1602 3215 repudiatam
1648 3144 1821 3201 fuisse
1867 3162 1995 3202 con-

2115 3138 2603 3208 ὲπιλὺσασθαι,τὴν
2632 3137 2809 3193 αἰτίαν
2841 3137 3189 3201 ἀποδιδόντας
3202 3138 3301 3208 τῆς
3332 3136 3439 3191 τῶν
3475 3137 3687 3208 Ἐϐραῖ-

412 3238 619 3285 staret:
650 3229 907 3285 solvenda
943 3232 1108 3287 modo
1158 3233 1317 3289 nobis
1369 3235 1539 3290 altera
1592 3239 1825 3307 quaestio
1873 3246 1996 3301 est,

410 3320 662 3389 ratioque
696 3320 1009 3387 reddenda,
1065 3338 1188 3393 quae
1239 3339 1340 3379 nos
1386 3324 1453 3378 ad
1500 3326 1899 3396 suscipiendam
1934 3344 1999 3385 ac

410 3409 750 3479 probandam
781 3410 1172 3468 Heltraicarum
1199 3415 1505 3471 litterarum
1550 3416 1854 3472 doctrinam
1890 3420 1994 3474 im-

409 3502 629 3573 pulerit.
664 3503 745 3561 Ac
788 3506 948 3562 nobis
986 3506 1207 3576 quidem
1256 3507 1473 3563 crimini
1504 3510 1812 3580 probroque
1857 3511 1996 3566 dan-

410 3592 542 3650 dum
596 3610 705 3651 non
756 3612 900 3663 esse,
930 3598 1075 3669 quod
1136 3613 1169 3654 a
1201 3599 1450 3655 barbaris
1508 3601 1758 3656 utilitatis
1792 3602 1997 3672 aliquid

410 3696 749 3755 mutuemur,
776 3692 1153 3760 opportuniori
1175 3693 1479 3765 majorique
1508 3693 1621 3747 otio
1651 3694 1994 3748 demonstra-

412 3776 613 3846 bimus,
644 3780 774 3835 dum
821 3782 1085 3853 quidquid
1134 3800 1366 3855 usquam
1417 3786 1560 3854 apud
1590 3784 1807 3841 Graecos
1830 3826 1846 3852 ,
1879 3786 1991 3842 imo

411 3870 554 3939 apud
579 3872 965 3929 celeberrimos
1001 3872 1166 3945 299
1191 3876 1353 3930 etiam
1385 3876 1603 3931 illorum
1635 3877 1989 3948 philosophos

409 3976 518 4016 non
545 3963 707 4017 modo
738 3963 1059 4020 haustarum
1092 3981 1122 4021 e
1160 3966 1505 4037 philosophia
1550 3967 1985 4038 disciplinarum,

411 4054 505 4107 sed
535 4054 696 4108 etiam
711 4055 977 4127 quidquid
1012 4072 1043 4110 e
1066 4072 1126 4112 re
1152 4058 1461 4114 communis
1493 4059 1777 4114 hominum
1805 4058 1985 4113 socie—

2106 3232 2218 3286 κῶν
2267 3230 2442 3299 λόγων
2494 3230 2921 3300 μεταποιήσεως.
2963 3228 3036 3282 Τὸ
3088 3229 3187 3299 μὲν
3242 3225 3333 3283 οὖν
3388 3227 3463 3300 μὴ
3497 3227 3688 3300 φέρειν

2102 3324 2224 3378 τινὰ
2261 3323 2467 3395 μέμψιν
2492 3324 2625 3394 ἡμῖν
2646 3320 2745 3393 τὴν
2783 3322 2891 3375 ἀπὸ
2934 3320 3220 3393 βαρϐάρων
3245 3321 3338 3374 τοῦ
3372 3320 3688 3393 συμφέρον-

2098 3431 2190 3479 τος
2214 3413 2509 3487 μετάληψιν
2539 3412 2633 3466 ent
2684 3414 2782 3484 τῆς
2826 3412 3050 3483 δεούσης
3093 3412 3286 3484 σχολῆς
3333 3413 3691 3485 παραστήσο-

2104 3524 2223 3579 μεν,
2261 3506 2437 3561 πάντα
2465 3508 2576 3569 τοῖς
2611 3504 2858 3575 Ἕλλησι,
2888 3507 2982 3559 καὶ
3011 3506 3194 3569 αὑτοῖς
3231 3522 3295 3575 γε
3321 3507 3431 3568 τοῖς
3468 3504 3686 3576 βοωμέ-

2101 3617 2214 3664 νοις
2244 3597 2424 3652 αὐτῶν
2446 3596 2757 3668 φιλοσόφοις
2789 3595 2858 3650 τὰ
2898 3596 3186 3667 φιλόσοφαξ
3222 3596 3537 3673 μαθήματα,
3587 3597 3689 3650 καὶ

2103 3694 2171 3748 τὰ
2211 3692 2385 3757 ἄλλως
2412 3692 2587 3756 κοινὰ,
2630 3691 2724 3744 καὶ
2781 3694 2903 3754 ταῖς
2950 3690 3252 3753 πολιτικαῖς
3302 3688 3688 3743 λυσιτελοῦντα

2101 3785 2336 3857 χρείαις,
2368 3782 2518 3855 παρὰ
2541 3781 2830 3853 βαρϐάρων
2851 3782 3262 3855 ὲσκευωρῆσθαι
3299 3780 3683 3847 ἐπιδείξοντες·

2092 3877 2154 3930 τὸ
2176 3877 2232 3930 δὲ
2268 3876 2431 3947 μηδέν
2458 3893 2544 3928 πω
2569 3874 2690 3948 μηδ’
2733 3876 2868 3940 ὅλως
2910 3876 3062 3945 παρά
3106 3891 3248 3928 τισιν
3278 3872 3545 3946 εὑρῆσθαι
3571 3873 3687 3926 τῶν

2093 3967 2283 4033 ἐθνῶν,
2315 3962 2426 4021 οἷον
2469 3967 2530 4021 τὸ
2579 3971 2710 4042 παρ’
2757 3967 3019 4040 Ἐϐραίων
3064 3966 3267 4036 ἀγαθὸν
3327 3967 3459 4037 ἡμῖν
3509 3982 3691 4021 πεπο-

2097 4059 2371 4131 ρισμένον,
2405 4052 2505 4112 ὦδε
2528 4059 2595 4113 ἂν
2619 4060 2828 4128 γένοιτο
2857 4055 3147 4130 πρόδηλον.

411 4143 563 4205 tatis,
622 4160 687 4200 ac
743 4147 1271 4215 rerumpublicarum
1312 4163 1413 4203 usu
1467 4147 1677 4216 fuerit,
1732 4147 1787 4203 id
1821 4163 1983 4203 omne
2026 4149 2382 4203 barbarorum
2421 4163 2486 4203 ex
2520 4149 2822 4219 disciplinis
2853 4165 2918 4203 ac
2970 4148 3177 4215 legibus
3230 4153 3576 4217 corrogatum
3627 4154 3713 4201 et-

410 4235 848 4291 consarcinatum
872 4251 993 4291 esse
1018 4238 1389 4295 ostendemus.
1407 4236 1527 4293 Jam
1578 4253 1745 4306 vero,
1780 4239 1991 4293 nullum
2030 4253 2256 4308 prorsus
2275 4238 2415 4308 apud
2451 4238 2617 4292 ullam
2656 4248 2868 4309 gentem
2910 4237 3181 4307 ejusmodi
3226 4252 3465 4306 unquam
3521 4236 3687 4292 inve-

408 4329 515 4384 uiri
534 4329 731 4384 bonum
759 4330 1029 4400 potuisse,
1056 4333 1366 4403 cujusmodi
1398 4333 1466 4389 ad
1489 4349 1590 4390 nos
1605 4333 1907 4406 profectum
1931 4335 2000 4390 ab
2030 4332 2271 4390 Hebrazis
2301 4341 2404 4399 est,
2442 4333 2621 4404 quivis
2646 4335 2843 4405 opinor
2872 4348 2938 4388 ex
2968 4331 3320 4403 sequentibus
3352 4330 3642 4404 intelliget.

1041 4493 1272 4550 CAPUT
1306 4494 1374 4551 Il.

413 4582 639 4640 Summa
666 4584 991 4658 reliquarum
1015 4587 1251 4656 gentium
1279 4587 1557 4658 theologica
1582 4588 1780 4657 capita,
1803 4603 1994 4658 quam-

480 4671 577 4733 que
608 4658 851 4737 gravium
880 4656 1146 4711 malorum
1172 4658 1419 4713 humana:
1442 4656 1680 4712 societati
1705 4656 1871 4713 causa
1896 4657 1994 4712 illa

481 4731 666 4795 [uertL

508 4743 666 4778 ueru.

479 4816 614 4872 Nam
647 4818 829 4874 car-teri
853 4819 1072 4890 quidem
1102 4820 1313 4890 populi,
1337 4819 1450 4890 jam
1488 4834 1664 4890 usque
1694 4835 1724 4875 a
1757 4819 1993 4875 societa-

407 4909 479 4964 tis
513 4911 764 4965 humanae
790 4912 1123 4981 primordiis,
1171 4913 1239 4966 ad
1281 4912 1676 4982 consequentia
1735 4911 1993 4981 deinceps

410 5014 677 5071 tempora,
709 5002 838 5058 dum
876 5013 1157 5073 propterea
1205 5004 1351 5074 quod
1411 5003 1479 5058 de
1520 5002 1703 5058 anima
1732 5018 1830 5058 sua
1863 5018 1995 5056 con-

411 5094 582 5147 stituti
616 5093 879 5149 haberent
904 5096 1039 5148 nihil
1064 5135 1079 5159 ,
1116 5096 1183 5149 ad
1213 5096 1362 5151 solos
1395 5096 1643 5165 corporis
1675 5108 1870 5149 sensus
1896 5092 1992 5147 ad-

413 5188 794 5249 litercscerent,
844 5202 908 5241 ac
944 5196 1136 5255 praeter
1165 5203 1226 5242 ca
1262 5203 1385 5259 qua:
1436 5195 1732 5242 cernuntur
1777 5184 1952 5240 oculis
1975 5223 1991 5250 ,

413 5278 558 5332 aliud
598 5280 823 5333 omnino
854 5281 989 5334 nihil
1019 5296 1143 5335 esse
1172 5282 1508 5351 cogitarent,
1561 5278 1774 5333 honesti
1802 5276 1992 5346 proin-

412 5366 480 5421 de
518 5377 680 5438 atque
715 5370 894 5435 utilis,
938 5372 1051 5426 imo
1099 5371 1271 5427 solius
1301 5371 1429 5426 boni
1484 5370 1609 5424 loco
1660 5369 1993 5437 voluptatem

415 5461 660 5527 corporis
695 5461 1033 5530 habuerunt;
1062 5463 1307 5533 adeoque
1336 5477 1501 5518 unam
1538 5461 1717 5523 illam,
1770 5459 1995 5530 perinde

416 5562 482 5601 ac
530 5549 576 5602 si
638 5561 830 5619 praeter
882 5552 1055 5623 ipsam
1088 5553 1235 5609 aliud
1282 5553 1448 5616 nihil,
1487 5566 1663 5622 neque
1699 5550 1866 5617 boni,
1899 5564 2000 5603 ne-

418 5655 525 5710 que
567 5641 795 5711 jucundi
837 5659 901 5699 ac
928 5646 1113 5700 suavis
1164 5646 1516 5711 reperiretur,
1545 5644 1844 5718 eademque
1879 5643 1993 5697 sola

2647 4492 3043 4547 ΚΕΦΑΛΑῙΟΝ
3077 4490 3152 4545 B'.

2112 4586 2663 4655 Ἀνακεφαλαίωσις
2705 4584 2816 4652 τῆς
2858 4583 3022 4655 «apd
3072 4582 3203 4655 τοῖς
3235 4582 3447 4655 ἄλλοις
3477 4584 3691 4655 ἔθνεσι

2174 4652 2509 4727 θεολογίας,
2540 4657 2635 4710 καὶ
2669 4656 2811 4709 οἵων
2851 4654 3046 4709 κακῶν
3086 4654 3245 4708 αίτία
3280 4652 3551 4723 συνέστη
3602 4654 3694 4722 τῷ

2165 4727 2303 4794 βίῳ.

2168 4820 2233 4872 Oi
2264 4819 2362 4889 μὲν
2380 4818 2445 4890 δὴ
2464 4817 2648 4872 λοιπὸν
2669 4817 2871 4881 πάντες
2901 4817 2997 4871 ἄνθ
3008 4835 3199 4890 ρωποι,
3225 4815 3430 4871 ἄνωθεν
3447 4819 3513 4871 ὲκ
3540 4818 3696 4893 πρώ-

2095 4926 2198 4981 της
2225 4910 2319 4963 τοῦ
2346 4909 2461 4980 βίου
2494 4909 2829 4973 συστάσεως,
2860 4911 2954 4963 καὶ
2984 4912 3064 4973 εἰς
3094 4909 3184 4963 τὸν
3215 4910 3509 4980 μετέπειτα
3553 4914 3693 4982 χρό-

2097 5017 2207 5065 νον,
2241 5002 2379 5074 μόνῃ
2403 5002 2467 5070 τῇ
2494 5000 2601 5054 τῶν
2621 4999 2888 5071 σωμάτων
2917 5000 3386 5072 προσανασχόντες
3405 5000 3689 5073 αἰσθήσει,

2094 5090 2173 5162 τῷ
2198 5091 2363 5161 μηδὲν
2392 5092 2521 5160 περὶ
2550 5091 2649 5161 τῆς
2672 5092 2729 5145 ὲν
2756 5091 2939 5155 αὐτοῖς
2970 5092 3149 5163 ψυχῆς
3165 5091 3494 5163 διειληφέναι
3522 5094 3693 5148 πλέον

2095 5201 2154 5237 τε
2188 5184 2339 5237 οὐδὲν
2362 5181 2471 5236 τῶν
2494 5182 2787 5253 ὁρωμένων
2826 5186 2883 5236 ὲν
2910 5186 3024 5246 τοῖς
3054 5180 3204 5237 οὖσιν
3233 5184 3501 5255 ὑπάρχειν
3541 5188 3692 5258 ἡγη-

2099 5277 2344 5348 σάμενοι,
2363 5276 2423 5328 τὸ
2452 5275 2635 5340 καλὸν,
2667 5277 2762 5329 καὶ
2785 5277 3062 5348 συμφέρον
3082 5317 3097 5342 ,
3138 5278 3232 5331 καὶ
3280 5277 3437 5349 μόνον
3478 5278 3693 5346 ἀγαθὸν

2099 5372 2198 5443 τὴν
2216 5370 2324 5423 τῶν
2348 5368 2616 5440 σωμάτων
2633 5368 2902 5438 ἀνέθηκαν
2926 5368 3117 5441 ἡδονήν
3137 5385 3150 5399 ·
3181 5369 3349 5441 μόνην
3371 5386 3431 5422 τε
3453 5369 3691 5441 ταύτην,

2100 5461 2176 5525 ὡς
2201 5462 2263 5515 τὸ
2298 5462 2456 5531 μόνον
2484 5456 2650 5514 οὖσαν
2676 5460 2899 5528 ἀγαθὸν,
2941 5462 3034 5514 καὶ
3060 5462 3331 5532 προσηνὲς
3354 5502 3369 5527 ,
3423 5461 3520 5515 καὶ
3560 5462 3690 5533 ἡδὺ,

2104 5552 2241 5624 πρὸς
2272 5552 2568 5605 άπόλαυσίν
2599 5569 2658 5605 τε
2686 5551 3000 5622 εὐδαίμονος
3045 5550 3161 5620 βίου
3191 5552 3437 5623 αὐτάρκη
3461 5591 3476 5617 ,
3529 5569 3696 5624 περι-

2106 5642 2439 5696 σπούδαστον
2466 5642 2809 5713 ὑποθέμενοι,
2844 5642 2981 5696 θεῶν
3012 5642 3275 5712 μεγίστην
3319 5642 3596 5712 ἡγήσαντὸ
3627 5659 3694 5696 τε

419 5747 516 5803 per
549 5748 670 5790 sese
706 5737 773 5791 ad
801 5736 957 5792 beate
995 5739 1284 5794 vivendum
1320 5738 1453 5794 satis
1500 5745 1684 5800 esset,
1734 5736 1914 5792 studio
1942 5744 1995 5790 et

2115 5737 2197 5790 mi.
2222 5735 2598 5790 τεθειάκασιν’
2637 5736 2756 5789 οὑδὲ
2783 5736 2882 5806 τῆς
2932 5734 3077 5806 ζωῆς
3115 5735 3306 5805 αὐτῆς,
3339 5736 3388 5788 εί
3432 5733 3508 5805 μὴ
3560 5750 3693 5804 μετ-

423 5838 607 5884 atnore
633 5825 850 5897 dignam
879 5829 1002 5896 rati,
1029 5829 1255 5887 deorum
1280 5828 1435 5901 quasi
1471 5828 1774 5889 maximam.
1799 5842 1996 5885 conse-

2107 5830 2219 5901 έχοι
2243 5828 2337 5901 τῆς
2358 5828 2463 5885 τῶν
2490 5827 2755 5900 σωμάτιον
2785 5827 2996 5899 ἡδονῆς,
3030 5825 3324 5896 ἐφιέμενοι,
3360 5824 3454 5879 καὶ
3489 5824 3590 5897 ζῇν
3622 5825 3689 5882 οὐ
