3878 6220
240 389 346 445 509

1401 379 1727 440 PR£PAR.
1767 371 2021 431 EVANG.
2066 371 2193 429 LIB.
2231 371 2344 428 VII.

3407 368 3511 425 5l0

237 510 332 564 διὰ
359 510 419 563 τὸ
446 509 568 582 ζῇν,
601 509 689 565 διά
722 509 780 563 δὲ
813 510 875 564 τὺ
903 510 1072 581 ἡδέως
1101 507 1200 581 ζῇν
1230 506 1635 577 ἀσπαζόμενοι,
1669 498 1823 554 τοῦτο

1932 505 2177 551 crarunt.
2237 497 2315 550 Ita
2351 509 2420 549 ne
2458 494 2625 549 vitam
2655 493 2873 563 quidem
2921 492 3125 564 ipsam,
3182 491 3289 547 nisi
3323 492 3513 561 adjun-

238 602 339 654 καὶ
386 602 501 663 τοῖς
548 600 700 662 ίδίοις
738 597 1028 671 εὐξάμενοι
1073 600 1282 661 παισὶν,
1323 595 1399 661 ὡς
1434 597 1595 666 μόνον
1623 592 1824 661 ἀγαθὸν

238 692 515 762 παρεῖναι.
570 688 763 744 Ἔνθεν
812 690 864 744 οἱ
907 690 1038 761 μὲν,
1081 689 1151 743 τά
1182 687 1394 761 χορηγὰ
1431 689 1530 758 τῆς
1556 685 1823 756 ὲνσάρκου

235 778 389 849 ζωῆς
419 780 571 851 ἥλιον
600 775 742 835 εἶναι.
800 781 891 835 καὶ
922 780 1172 852 σελήνην,
1224 781 1319 833 καὶ
1353 779 1589 850 ἀστέρας
1630 777 1823 830 ὑποτο-

236 873 538 943 πήσαντες,
569 872 663 926 καί
692 889 812 936 πως
842 874 937 926 καὶ
963 872 1101 945 πρὸς
1121 872 1219 945 τὴν
1250 872 1371 942 ὄψιν
1396 870 1490 924 τοῦ
1520 869 1696 938 φωτὸς
1726 885 1826 920 κα-

232 964 613 1034 ταπλαγέντες
635 1004 651 1031 ,
698 963 949 1037 πρώτους
1000 963 1155 1028 θεοὺς
1204 962 1598 1033 ἀνηγόρευσαν,
1633 959 1825 1031 μόνους

235 1055 450 1120 αἰτίους
482 1054 591 1109 τῶν
616 1055 753 1109 ὅλων
778 1052 917 1109 εἶναι
936 1056 1374 1127 ἀποφηνάμενοι·
1403 1055 1452 1107 οἱ
1471 1053 1548 1117 δὲ,
1566 1053 1691 1116 τοὺς
1717 1049 1825 1104 ἀπὸ

236 1148 347 1218 γῆς
392 1150 670 1220 καρποὺς,
700 1150 803 1221 τήν
845 1166 906 1202 τε
940 1149 1114 1220 ὑγρὰν
1138 1149 1234 1203 καὶ
1269 1147 1439 1218 ξηρὰν
1477 1148 1573 1202 καὶ
1618 1145 1824 1218 θερμὴν

236 1242 453 1307 οὐσίαν,
480 1242 552 1296 τά
572 1259 633 1296 τε
656 1242 819 1297 λοιπὰ
851 1242 945 1298 τοῦ
979 1244 1186 1313 κόσμου
1225 1241 1364 1313 μέρη
1388 1281 1403 1307 ,
1442 1240 1508 1293 δι’
1538 1233 1613 1293 ὧν
1642 1240 1826 1301 αὐτοῖς

238 1333 313 1387 τὰ
345 1333 578 1406 σώματα
609 1335 922 1407 τρεφόμενά
950 1353 1009 1388 τε
1031 1336 1124 1389 καὶ
1153 1334 1495 1405 πιαινόμενα,
1515 1333 1616 1404 τὴν
1641 1330 1827 1399 ἐνσαρ-

238 1445 342 1483 κον
369 1427 507 1500 ὁμοῦ
544 1427 692 1499 ζωήν
726 1446 787 1482 τε
821 1429 915 1482 καὶ
942 1428 1137 1499 ἡδονὴν
1166 1428 1420 1499 ἐθηρᾶτο,
1468 1426 1606 1480 θεῶν
1663 1426 1825 1478 πάλιν

237 1521 590 1592 προσηγορίᾳ
622 1521 1013 1592 τετιμήκασινο
1052 1523 1099 1573 oi
1125 1519 1204 1585 δὲ,
1241 1518 1374 1572 πολὺ
1413 1519 1677 1591 πρότερον
1712 1517 1822 1587 (60)

233 1610 479 1675 τούτων,
528 1615 709 1684 γυμνῇ
759 1613 854 1666 καὶ
899 1611 1197 1683 ἀκαλύπτῳ
1244 1611 1450 1682 κεφαλῇ
1489 1609 1559 1663 τὰ
1590 1610 1825 1681 σφέτερα

235 1702 414 1773 πάθη,
450 1702 545 1756 καὶ
596 1702 696 1775 τὴν
727 1703 1015 1757 δέσποιναν
1047 1702 1227 1757 αὐτῶν
1258 1703 1468 1775 ἡδονὴν,
1513 1702 1710 1772 ἔρωτα,
1730 1701 1824 1753 καὶ

236 1793 428 1862 πόθον,
450 1796 547 1847 καὶ
586 1795 925 1868 Ἀφροδίτην,
955 1796 1049 1849 καὶ
1079 1796 1255 1849 αὐτῶν
1298 1795 1407 1848 τῶν
1438 1794 1573 1847 θεῶν
1602 1795 1822 1865 κρατεῖν

1932 595 2075 640 ctam
2110 585 2332 640 haberet
2361 583 2608 653 corporis
2638 583 2991 652 voluptatem,
3015 582 3117 638 sibi
3151 583 3509 652 expetendam

1932 675 2214 745 putabant,
2234 674 2478 742 adeoque
2503 673 2627 728 vitae
2663 688 2903 739 munus,
2955 687 3065 726 non
3115 671 3232 741 jam
3272 680 3330 725 ut
3356 671 3507 726 vive-

1932 774 2076 834 rent,
2111 764 2203 820 sed
2234 773 2293 819 ut
2324 762 2562 819 suaviter
2593 763 2869 825 viverent,
2906 760 3205 831 complexi,
3260 760 3509 830 ejusdem

1932 858 2030 924 illi,
2061 856 2284 928 perinde
2311 863 2370 909 ut
2399 854 2571 910 solius
2601 854 2751 919 boni,
2782 854 3024 923 copiam,
3069 853 3258 908 liberis
3290 866 3510 923 quoque

1934 950 2052 1003 suis
2084 947 2468 1017 precabantur.
2502 943 2690 1014 Itaque
2718 944 2810 998 alii
2841 944 3032 1009 solem,
3056 944 3266 1009 lunam,
3287 959 3351 998 ac
3380 942 3509 996 reli-

1933 1054 2040 1111 qua
2071 1039 2252 1094 sidera
2281 1039 2406 1092 vita:
2436 1051 2709 1107 corporeae
2735 1035 2911 1091 fontes
2938 1050 3060 1091 esse
3092 1035 3351 1105 suSpicati
3374 1075 3389 1099 ,
3431 1035 3508 1088 si-

1932 1134 2156 1204 mulque
2198 1132 2265 1187 ad
2307 1132 2448 1187 lucis
2491 1138 2772 1201 aSpectum
2833 1128 3191 1185 admiratione
3233 1128 3504 1199 perculsi,

1932 1226 2205 1297 principes
2249 1225 2412 1279 hosce
2458 1223 2589 1277 deos
2629 1222 2702 1276 ita
2730 1222 3132 1291 praedicarunt,
3181 1230 3241 1276 ut
3286 1222 3509 1277 eosdem

1934 1331 2114 1372 rerum
2142 1323 2394 1382 auctores
2432 1314 2678 1367 omnium
2716 1327 2841 1367 esse
2869 1319 3188 1366 statuerent.
3232 1310 3335 1364 Alii
3366 1310 3509 1364 natis

1932 1425 1997 1463 ex
2035 1419 2177 1463 terra
2205 1407 2455 1478 frugibus
2479 1449 2493 1469 ,
2536 1422 2636 1461 nec
2670 1421 2777 1460 non
2802 1404 3042 1460 humidae
3064 1403 3331 1474 siccatque
3363 1405 3511 1474 pari-

1930 1511 2014 1555 ter
2036 1542 2050 1565 ,
2092 1500 2409 1568 callidteque
2438 1506 2647 1552 naturae
2666 1540 2679 1563 ,
2727 1512 2792 1552 ac
2822 1496 3032 1551 caeteris
3070 1493 3307 1549 universi
3337 1492 3508 1562 parti-

1932 1594 2055 1659 bus,
2087 1593 2286 1664 quibus
2334 1590 2533 1645 nutrita
2566 1589 2919 1660 saginataque
2948 1589 3191 1657 ipsorum
3242 1599 3469 1655 corpora
3490 1624 3506 1650 ,

1931 1702 2250 1758 corpoream
2282 1684 2445 1740 simul
2473 1684 2639 1737 vitam
2683 1691 2737 1737 et
2783 1681 3113 1750 voluptatem
3142 1686 3469 1734 venarentur
3489 1718 3506 1742 ,

1930 1781 2159 1835 deorum
2212 1794 2407 1832 nomen
2454 1777 2729 1845 decusque
2771 1774 3101 1828 tribuerunt.
3170 1770 3278 1825 Alii
3321 1770 3509 1824 multis

236 1855 519 1952 εἰπόντες,
554 1855 976 1941 ἀπεθέωσαν·νοὶ
1003 1888 1059 1942 δὲ
1081 1889 1207 1953 τοὺς
1230 1888 1337 1941 τῶν
1363 1887 1534 1959 ἡδέων
1555 1855 1823 1959 χορηγούς

1929 1882 2054 1929 ante
2081 1873 2331 1939 saeculis,
2371 1870 2519 1929 nuda
2549 1867 2913 1939 perfrictaque
2944 1865 3121 1920 fronte
3144 1904 3160 1930 ,
3214 1880 3344 1920 suas
3404 1864 3510 1934 ipsi

234 1992 297 2028 τε
330 1976 426 2029 καὶ
461 1977 690 2049 εὑρετάς
718 1978 900 2042 αὐτοῖς
929 1979 1254 2050 γενομένους
1296 1978 1494 2048 ἄνδρας
1532 1978 1825 2049 τυράννους

235 2066 393 2130 τινάς
443 2069 537 2121 καὶ
587 2068 853 2134 δυνάστας
876 2109 891 2132 ,
917 2069 985 2123 δι’
1020 2070 1086 2134 ἃς
1117 2070 1307 2142 ἔτυχον
1336 2070 1394 2137 ἐξ
1435 2069 1613 2124 αὐτῶν
1649 2069 1823 2122 εὐπα-

236 2156 415 2226 θείας,
447 2159 659 2247 ζῶντάς
685 2179 745 2214 τε
779 2161 859 2215 ἔτι
882 2164 977 2216 καὶ
1006 2164 1144 2234 μετά
1171 2164 1427 2234 τελευτὴν
1449 2162 1821 2235 ἐθεοποίησαν·

233 2251 285 2304 οἱ
319 2250 397 2316 δὲ,
435 2251 725 2324 μοχθηρῶν
751 2253 1077 2325 πνευμάτων
1107 2257 1200 2309 καὶ
1241 2254 1512 2326 δαιμόνων
1541 2255 1824 2326 γενόμενοι

234 2346 644 2416 παραπαίγνια,
686 2346 766 2399 ἔτι
792 2347 1057 2418 μειζόνως
1096 2347 1159 2400 τὸ
1190 2347 1491 2419 παθητικὸν
1523 2348 1700 2401 αὐτῶν
1733 2348 1827 2419 μέ-

234 2452 334 2510 ρος
358 2436 460 2507 τῆς
488 2436 669 2509 ψυχῆς
707 2437 1050 2511 συνηύξησαν
1076 2480 1090 2505 ,
1123 2438 1194 2493 τὰ
1234 2440 1366 2511 ἡδέα
1392 2441 1487 2494 καὶ
1518 2441 1668 2512 παρά
1704 2440 1827 2493 τού-

233 2545 347 2582 των
372 2528 460 2583 διὰ
486 2530 587 2601 τῆς
615 2532 1011 2603 νενομισμένης
1044 2531 1222 2586 αὐτῶν
1258 2532 1552 2605 θεραπείας
1604 2533 1826 2605 ἐκπορί-

234 2619 426 2685 ζοντες
445 2639 459 2653 ·
487 2625 536 2676 oi
568 2623 646 2689 δὲ,
685 2624 911 2695 μηδενὸς
933 2624 1138 2678 τούτων
1161 2616 1540 2697 ἀνασχόμενοι,
1564 2626 1624 2678 τὸ
1644 2625 1823 2691 ἄθεον,

232 2712 313 2777 ὡς
334 2713 467 2767 πολὺ
493 2718 741 2787 κρεῖττον
761 2715 862 2786 τῆς
885 2715 1096 2770 τοιᾶσδε
1117 2716 1413 2786 θεολογίας,
1438 2719 1820 2790 εἰσηγήσαντο·

232 2806 285 2858 οἱ
313 2806 392 2871 δὲ,
422 2806 502 2860 ἔτι
524 2807 732 2861 τούτων
757 2808 1010 2864 ἁπάντων
1039 2809 1431 2881 ἀναιδέστεροι,
1478 2810 1572 2863 τὸν
1609 2809 1824 2879 φιλόσο-

233 2913 339 2965 φον
367 2898 461 2950 καὶ
487 2898 907 2971 τρισευδαίμονα
924 2899 1037 2970 βίον
1053 2900 1162 2954 οὐδ’
1187 2900 1320 2973 (60‘)
1335 2902 1494 2956 ἄλλον
1514 2899 1654 2956 εἶναι
1679 2903 1711 2974 ἢ
1733 2903 1825 2956 τὸν

233 2988 372 3058 ἡδὺν
402 2989 770 3061 ἀπεφήναντο,
799 2990 952 3054 τέλος
977 2991 1084 3046 τῶν
1118 2991 1339 3060 ἀγαθῶν
1370 2993 1468 3066 τὴν
1497 2995 1689 3067 ἡδονὴν
1711 2995 1825 3067 ὁρι-

233 3078 484 3149 σάμενοι.
516 3081 699 3153 Ταύτῃ
723 3081 769 3134 δ’
810 3078 903 3136 οὖν
932 3083 993 3136 τὸ
1031 3083 1249 3138 πάντων
1291 3084 1596 3157 ἀνθρώπων
1642 3087 1820 3156 γένος,

1928 1966 2271 2036 cupiditates,
2301 1976 2601 2032 earumque
2631 1959 2909 2014 dominam
2937 1958 3266 2027 voluptatem
3288 1996 3304 2023 ,
3351 1971 3510 2011 amo-

1926 2073 2085 2124 rem,
2141 2054 2487 2125 cupidinem,
2542 2065 2830 2111 venerem,
2890 2048 3090 2119 quibus
3112 2048 3259 2117 ipsos
3290 2059 3509 2116 quoque

1926 2148 2060 2202 deos
2104 2146 2294 2201 cedere
2341 2145 2659 2215 jactabant,
2722 2142 3005 2197 divinitate
3047 2141 3342 2195 donarunt.
3401 2138 3509 2192 Alii

1926 2239 2091 2311 300
2131 2249 2391 2311 tyrannos
2436 2237 2704 2307 quosdam
2764 2250 2829 2289 ac
2871 2234 3186 2305 principes,
3243 2247 3273 2286 a
3306 2231 3508 2301 quibus

1926 2334 2228 2405 profeczum
2252 2347 2318 2386 ac
2349 2339 2627 2400 repertum
2660 2328 2864 2398 aliquid
2897 2327 2966 2382 ad
2995 2327 3118 2381 vita
3145 2325 3369 2380 delicias
3389 2321 3510 2378 fue-

1927 2438 2032 2494 rat,
2066 2441 2192 2483 cnm
2227 2426 2380 2481 vivos
2411 2424 2591 2479 adhuc
2625 2432 2679 2478 et
2711 2422 3001 2493 spirantes,
3032 2430 3148 2475 tum
3174 2420 3338 2475 etiam
3361 2433 3510 2473 mor-

1926 2527 1979 2574 te
2008 2516 2341 2588 perfunctos,
2375 2516 2602 2570 deorum
2652 2516 2707 2568 in
2733 2527 2964 2568 numero
2997 2512 3366 2577 collocarunt,
3418 2525 3512 2566 ac-

1927 2620 2208 2680 ceptorum
2260 2607 2655 2663 beneficiorum
2724 2605 2994 2661 suavitate
3061 2603 3312 2674 permoti.
3371 2601 3507 2667 Alii,

1927 2716 2219 2773 pravorum
2250 2700 2540 2770 spirituum
2584 2714 2650 2754 ac
2676 2699 2984 2753 dmmonum
3010 2697 3172 2751 ludus
3200 2704 3254 2751 et
3288 2693 3505 2760 fabuia,

1926 2810 1992 2849 eo
2023 2792 2398 2847 vehementius
2426 2790 2597 2861 partis
2630 2789 2776 2844 illius
2805 2789 3003 2843 animae
3034 2802 3182 2853 suae,
3223 2800 3347 2855 quae
3392 2799 3509 2854 pen-

1926 2884 2299 2941 turbationum
2335 2893 2388 2938 et
2417 2881 2777 2952 cupiditatum
2821 2881 2977 2936 sedes
3024 2887 3130 2946 est,
3153 2881 3263 2931 vim
3301 2891 3366 2931 ac
3408 2890 3509 2945 po-

1926 2986 2177 3034 testatem
2223 2985 2514 3039 auxerunt,
2549 2990 2658 3045 quo
2706 2989 2904 3029 novam
2940 2973 3045 3028 sibi
3079 2972 3410 3041 voluptatem
3437 2969 3509 3024 ab

1926 3072 1994 3126 iis
2015 3072 2250 3142 c0piam,
2289 3069 2516 3126 solemni
2548 3068 2822 3138 certisque
2861 3067 3057 3121 ritibus
3087 3065 3383 3120 constituta
3413 3076 3509 3117 eo-

232 3171 313 3234 ῶς
350 3171 417 3225 ἂν
445 3171 702 3246 δεσποίνῃ
735 3176 912 3246 πικρᾷ
951 3176 1044 3229 καὶ
1082 3155 1442 3249 χαλεπωτάτῃ
1490 3179 1652 3250 ἡδονῇ
1691 3177 1818 3249 θεῷ,

1928 3180 2049 3220 rum
2078 3164 2426 3218 veneratione
2452 3161 2862 3229 comparabant.
2898 3157 3040 3224 Alii,
3085 3157 3340 3211 omnibus
3390 3155 3509 3209 istis

233 3261 442 3333 μᾶλλον
471 3262 529 3315 δὲ
561 3262 771 3334 αἰσχρῷ
808 3264 903 3318 καὶ
937 3264 1223 3336 ἀκολάστῳ
1248 3265 1462 3337 δαίμονι
1502 3266 1822 3321 καταδεδουι

232 3354 516 3426 λωμένους
559 3354 698 3426 (61),
736 3357 1020 3422 παντοίαις
1067 3358 1360 3430 ὲνεφύρετο
1404 3358 1820 3433 ταλαιπωρίαις.

239 3466 259 3500 ι
298 3448 374 3501 Δῖ
400 3464 463 3500 τε
488 3446 597 3520 γὰρ
620 3447 830 3520 θήλειαι
860 3449 1064 3514 αὐτῶν,
1094 3469 1113 3503 ι
1167 3449 1312 3505 κατά
1346 3450 1439 3505 τὸν
1486 3448 1631 3521 ἱερὸν
1664 3451 1824 3506 Ἀπό-

234 3540 448 3605 στολον,
499 3559 519 3594 ι
559 3541 900 3613 μετήλλαξαν
933 3542 1032 3615 τῂν
1071 3545 1307 3617 φυσικὴν
1349 3546 1549 3616 χρῆσιν
1594 3546 1694 3618 τῆς
1726 3546 1824 3618 θη-

231 3633 390 3697 λείας
422 3637 504 3699 είς
530 3635 630 3706 τήν
661 3635 812 3707 παρά
831 3635 1013 3704 φύσιν.
1046 3638 1276 3707 ὀμοίως
1301 3639 1357 3691 δὲ
1386 3640 1482 3692 καὶ
1501 3642 1550 3692 οἱ
1573 3640 1820 3711 ἄρσενες,

233 3724 471 3795 ἀφέντες
497 3727 597 3799 τὴν
632 3728 867 3800 φυσικὴν
895 3728 1094 3800 χρῆσιν
1133 3730 1232 3801 τῆς
1252 3728 1490 3802 θηλείας,
1526 3731 1824 3803 ἐξεκαύθη-

234 3834 343 3871 σαν
375 3819 435 3871 tv
458 3820 524 3889 τῇ
555 3818 730 3891 ὀρέξει
754 3820 934 3874 αὐτῶν
964 3823 1045 3884 εἰς
1068 3820 1352 3893 ἀλλήλους,
1371 3824 1597 3893 ἄρσενες
1627 3825 1821 3895 ἄρσεσι

231 3911 340 3983 τὴν
389 3910 774 3984 ἀσχημοσύνην
816 3909 1303 3984 κατεργαζόμενοι,
1346 3913 1442 3968 καὶ
1467 3914 1566 3986 τὴν
1607 3916 1821 3987 ἀντιμι-

235 4001 419 4069 σθίαν,
449 4004 517 4075 ἡν
541 4003 668 4069 ἔδει,
693 4004 792 4075 τῆς
820 4004 1029 4076 πλάνης
1044 4004 1224 4059 αὐτῶν
1252 4009 1310 4060 ὲν
1333 4008 1546 4071 ἑαυτοῖς
1575 4008 1825 4079 ἀπολαμ-

239 4092 569 4177 ϐάνοντεςδ.
593 4096 779 4170 Ταύτῃ
812 4098 907 4152 καὶ
945 4097 1205 4169 ’Έλληνες
1226 4098 1321 4151 καὶ
1350 4097 1636 4171 βάρϐαροι,
1670 4103 1823 4172 σοφοί

235 4203 299 4240 τε
324 4186 420 4240 καὶ
454 4187 689 4253 ἰδιῶται,
718 4189 890 4261 χαμαί
924 4208 983 4244 τε
1014 4192 1110 4244 καὶ
1141 4190 1236 4244 ἐπὶ
1269 4192 1510 4264 γαστέρα
1542 4195 1819 4259 πεσόντες,

238 4277 319 4342 ὡς
351 4277 462 4349 θεῷ
486 4281 554 4350 τῇ
589 4279 749 4351 ἡδονῇ
802 4281 1245 4353 προσεκύνησαν·
1315 4287 1542 4355 πρηνεῖς
1576 4302 1636 4338 τε
1684 4289 1824 4355 σφᾶς

236 4371 442 4434 αὐτοὺς
486 4372 731 4444 ἑρπετῶν
781 4373 936 4446 δίκην
986 4375 1421 4441 καταϐαλόντες,
1465 4377 1676 4449 ἄμαχον
1728 4380 1824 4433 καὶ

234 4461 617 4534 ἀπαραίτητον
641 4462 761 4518 θεὸν
782 4465 987 4538 ταύτην
1016 4468 1293 4539 ἡγήσαντό
1320 4485 1379 4522 τε
1414 4469 1509 4522 καὶ
1539 4469 1660 4523 ἔστε
1671 4469 1820 4539 ρξανο

1925 3256 2104 3311 valere
2128 3254 2321 3325 jussis,
2354 3253 2560 3323 aliquid
2592 3266 2714 3308 sese
2748 3251 2851 3304 rati
2875 3249 3123 3303 universa
3156 3248 3259 3302 hac
3286 3245 3507 3301 theolo-

1926 3350 2013 3421 gia
2046 3348 2226 3403 moliri
2249 3346 2622 3418 praestantius,
2652 3343 2994 3397 divinitatem
3019 3354 3233 3394 omnem
3263 3337 3508 3394 funditus

1926 3412 2285 3497 sustulerunt.
2319 3438 2425 3491 Alii
2472 3436 2708 3505 denique
2751 3432 3074 3503 castigatam
3125 3429 3272 3483 illam
3319 3437 3508 3497 terque
3543 3412 3548 3418 ’

1924 3534 2141 3589 beatam
2169 3532 2357 3597 vitam,
2424 3543 2534 3584 non
2585 3527 2747 3581 aliam
2797 3539 2921 3580 esse
2980 3511 3146 3593 quam
3175 3521 3506 3590 voluptatem

1925 3625 2596 3691 defendentes,.summum
2621 3635 2741 3674 eam
2765 3619 3034 3673 bonorum
3056 3616 3239 3678 tinem,
3257 3612 3506 3667 omnium

1926 3715 2384 3788 impudentissimi
2427 3720 2750 3784 posuerunt.
2781 3709 2958 3780 Atque
2992 3708 3139 3762 hunc
3173 3707 3226 3760 in
3256 3703 3504 3769 modum,

1928 3826 2099 3883 genus
2135 3809 2419 3863 hominum
2454 3807 2795 3867 universum,
2843 3811 3103 3871 tanquam
3139 3797 3509 3853 acerbissimae

1925 3904 2140 3959 cuidam
2180 3901 2581 3968 teterrimaeque
2605 3896 2861 3960 dominae,
2894 3891 3163 3963 voluptati
3219 3891 3364 3957 deae,
3422 3887 3507 3943 vel

1924 3995 2245 4066 turpissimo
2272 3992 2454 4063 potius
2479 4006 2543 4046 ac
2568 3987 2998 4059 ﬂagitiosissimo
3029 3984 3265 4040 dwmoni
3298 3980 3509 4036 manci-

1924 4101 2133 4163 patum,
2154 4091 2207 4144 in
2237 4089 2421 4145 omnia
2449 4087 2819 4142 calamitatum
2847 4096 3044 4153 genera
3069 4076 3376 4135 demersum
3396 4084 3502 4132 est.

1930 4203 1949 4235 ι
1985 4180 2121 4237 Nam
2156 4180 2372 4236 femina:
2401 4194 2613 4243 eorum,
2654 4196 2674 4229 ι
2714 4185 2771 4231 ιιι
2799 4174 3017 4230 divinus
3044 4172 3173 4227 olim
3209 4167 3505 4239 Apostolus

1924 4272 2273 4344 querebatur,
2309 4289 2329 4322 ι
2391 4270 2819 4324 imtuutaverunt
2866 4263 3166 4319 naturalem
3231 4274 3390 4314 usum
3432 4258 3506 4312 fe-

1924 4364 2108 4430 minaa,
2140 4363 2195 4416 in
2229 4376 2352 4416 eum
2383 4375 2543 4416 usum
2584 4359 2678 4429 qui
2702 4366 2784 4412 est
2804 4363 2991 4412 contra
3027 4363 3300 4408 naturam.
3339 4350 3506 4406 Simlo

1925 4455 2048 4510 liter
2068 4464 2252 4509 autem
2273 4460 2328 4507 et
2354 4448 2606 4515 masculi,
2636 4447 2825 4503 relicto
2858 4444 3092 4499 naturali
3126 4458 3231 4497 usu
3261 4440 3500 4507 feminae,

234 4556 295 4609 ἐν
321 4572 383 4609 τε
408 4531 578 4626 ᾠδαῖς
602 4566 700 4614 καὶ
729 4531 953 4630 ὕμνοις,
977 4531 1125 4615 έν.
1161 4564 1281 4625 ταῖς
1312 4561 1617 4633 πανδήμοις
1649 4531 1820 4628 θέαις,

1928 4556 2253 4605 exarserunt
2282 4548 2337 4601 in
2365 4542 2652 4601 desideriis
2681 4540 2797 4596 suis
2827 4540 2882 4592 in
2913 4537 3168 4602 invicem,
3191 4533 3422 4589 masculi
3444 4531 3502 4586 in

236 4647 415 4721 μόνης
467 4648 570 4718 τῆς
612 4652 845 4721 αἰσχρᾶς
869 4653 964 4705 καὶ
997 4653 1296 4707 ἀκολάστου
1333 4653 1524 4725 ἡδονῆς
1566 4653 1637 4708 τὰ
1664 4654 1825 4726 ὄργια

233 4740 337 4793 καὶ
367 4740 472 4803 τὰς
497 4741 765 4813 ἀσέμνους
789 4743 1013 4808 τελετὰς
1045 4745 1338 4816 μυούμενοί
1383 4763 1443 4800 τε
1475 4747 1568 4800 καὶ
1605 4746 1824 4801 τελοῦν-

231 4848 359 4895 τεςο
393 4831 503 4897 ὡς,
547 4834 596 4886 εἰ
637 4834 732 4887 καί
778 4851 829 4887 τι
854 4834 1003 4898 ἀλλο,
1047 4838 1141 4891 καὶ
1171 4837 1291 4891 τόδε
1318 4837 1499 4902 καλῶς
1531 4841 1661 4911 παρ’
1693 4842 1824 4911 ἡμῖν

233 4924 549 4998 ἀνῃρῆσθαι
569 4944 582 4956 ·
615 4926 757 4999 ἀρχὴ
784 4925 893 4999 γὰρ
916 4928 1170 5000 πορνείας
1195 4930 1405 4983 ἐπίνοια
1435 4929 1686 4984 εἰδώλων.
1712 4932 1824 4985 Καὶ

231 5015 307 5068 τὰ
338 5015 438 5085 μὲν
468 5016 597 5085 περὶ
621 5016 726 5087 τῆς
752 5015 862 5071 τῶν
890 5016 1067 5072 ἀλλων
1111 5018 1281 5072 ἐθνῶν
1323 5019 1598 5089 θεολογίας
1632 5021 1826 5076 τοσαύ-

232 5124 341 5177 την
368 5106 601 5179 εἱλήφει,
625 5108 702 5173 ὡς
735 5112 794 5163 ὲν
818 5109 1011 5182 βραχεί
1040 5110 1236 5180 φάναι,
1276 5111 1376 5183 τὴν
1421 5112 1786 5185 πολυτροπίαν
1805 5131 1819 5144 ·

236 5202 375 5272 μιᾶς
406 5200 506 5271 μὲν
540 5201 715 5273 ἀρχῆς
745 5202 843 5274 τῆς
871 5203 1207 5275 ἀκαθάρτου,
1247 5204 1342 5259 καὶ
1378 5208 1583 5277 μιαρᾶς
1628 5206 1825 5278 ἡδονῆς

234 5290 554 5361 ἀνημμένα,
599 5290 761 5362 ὕδρας
790 5293 883 5346 καὶ
911 5292 1274 5363 πολυαυχένου
1305 5295 1400 5349 καὶ
1450 5295 1822 5366 πολυκεφάλου

231 5382 464 5453 τρόπον,
505 5385 586 5447 εἰς
626 5384 828 5448 πολλάς
859 5384 954 5439 καὶ
985 5386 1236 5452 ποικίλας
1277 5386 1573 5460 διαιρέσεις
1622 5406 1684 5442 τε
1727 5388 1823 5443 καὶ

292 5491 343 5524 δ’
370 5492 531 5548 Rom.
566 5511 606 5557 ι,
628 5493 720 5550 26.

312 5585 428 5665 ςιξο)
468 5586 644 5665 μολξι
693 5589 1002 5665 πρότερον.
1018 5589 1255 5665 omnino
1276 5593 1560 5665 legendum
1612 5593 1823 5665 videtur

238 5659 381 5739 πολὺ
431 5657 816 5739 αἰσχρότερον,
860 5662 976 5739 haec
1017 5663 1163 5717 enim
1222 5657 1471 5739 turpium
1531 5664 1819 5739 numinum

233 5729 543 5805 colluvies,
603 5729 879 5805 siderum_
897 5729 1226 5805 frugumque
1265 5729 1510 5805 θέοποιίᾳ
1552 5735 1822 5805 posterior

238 5748 543 5811 εοιιυνιιξδ,
603 5748 840 5783 smerum
897 5748 980 5784 11⁵11
1023 5748 1226 5802 umque
1265 5748 1510 5805 υεοποιιᾳ

238 5799 371 5865 fuit,
401 5807 480 5854 uti
508 5813 616 5855 non
645 5800 811 5857 semel
839 5748 1108 5859 Eusegius
1140 5804 1255 5877 ipse
1276 5805 1521 5863 tradidit.

1927 4642 2202 4698 masculos
2257 4637 2651 4708 turpitudinem
2702 4638 3027 4703 operantes,
3086 4636 3141 4682 et
3192 4625 3502 4681 mercedem

1925 4748 2091 4806 quam
2122 4733 2379 4802 oportuit,
2411 4730 2616 4784 erroris
2651 4727 2758 4793 sui,
2790 4727 2844 4780 in
2876 4711 3185 4792 semetipsis
3231 4718 3501 4787 recipien-

1925 4836 2007 4882 tes
2037 4824 2105 4879 ⁴⁵¹.
2139 4844 2158 4876 ι
2200 4822 2278 4878 lta
2321 4821 2492 4877 Graeci
2528 4818 2729 4890 pariter
2771 4834 2835 4872 ac
2868 4815 3105 4879 barbari,
3138 4812 3409 4881 sapientes
3451 4815 3505 4865 et

1926 4919 2128 4982 idiotas,
2151 4916 2406 4971 deorsum
2432 4928 2622 4968 omnes
2655 4920 2819 4980 atque
2846 4909 2904 4963 in
2934 4921 3093 4963 suum
3123 4905 3225 4974 ipsi
3258 4910 3501 4957 ventrem

1925 5008 2198 5083 prolapsi,
2256 5008 2588 5076 voluptatem
2629 5002 2789 5073 quasi
2837 5001 2998 5055 deum
3040 5000 3379 5062 adorarunt,
3437 5008 3504 5049 ac
3547 5068 3561 5081 .

1925 5106 2259 5176 serpentium
2291 5103 2347 5158 in
2388 5116 2596 5156 morem
2623 5113 2826 5169 pronos
2856 5112 2976 5152 sese
3010 5092 3358 5163 dejicientes,
3391 5104 3502 5144 non

1925 5198 1982 5253 in
2021 5214 2084 5253 ea
2118 5197 2305 5263 modo,
2337 5206 2593 5265 tanquam
2630 5194 2684 5246 in
2715 5189 2985 5261 ejusmodi
3033 5186 3287 5249 numine,
3342 5183 3502 5252 cujus

1923 5293 2034 5347 vim
2061 5291 2335 5346 declinare
2368 5303 2527 5343 nemo
2552 5296 2753 5357 posset,
2784 5283 3189 5352 acquieverunt,
3218 5277 3310 5332 sed
3335 5276 3502 5330 etiam

1926 5387 2264 5445 carminibus
2307 5383 2513 5455 passim
2547 5378 2872 5453 hymnisque
2908 5374 3060 5439 suis,
3123 5382 3232 5426 tam
3279 5369 3336 5423 in
3371 5367 3504 5422 deo-

2016 5590 2129 5661 60')
2164 5589 2302 5644 Οὐδ¹
2328 5603 2429 5661 pro
2445 5588 2566 5651 οὐκ,
2597 5594 2656 5661 ut
2680 5598 2822 5653 smpe
2843 5582 2995 5661 alias.
3021 5580 3178 5661 Et)”.

2016 5590 2129 5661 60')
2164 5590 2302 5644 Οὐδ’
2330 5603 2429 5658 pro
2445 5590 2566 5651 οὐκ,
2597 5594 2656 5639 ιιι
2680 5598 2822 5653 smpe
2843 5590 2995 5636 alias.
3023 5590 3178 5635 Em'r.

1993 5590 2107 5733 ίϐί)
2150 5655 2817 5733 Κᾳταδεδουλωμὲνους.
2864 5652 3125 5733 Rescribe
3179 5648 3501 5733 καταδεδου-

1921 5721 2200 5806 λωμένων.
2220 5721 2348 5802 Quo
2371 5730 2515 5788 enim
2542 5721 2888 5786 accusativus
2912 5723 3000 5781 hic
3031 5721 3336 5780 referatur?
