3856 6224
413 328 510 384 διε
1088 332 1362 391 EUSEBll
1400 305 1890 389 cmsamsasué
1925 334 1957 389 ο

2063 377 2077 392 .
2112 336 2299 393 PARS
2331 335 2396 391 ΙΙ.
2438 364 2509 374 —
2540 328 3043 385 APULUGETICA.
3558 332 3663 387 512

410 459 531 497 rum
568 441 725 499 festis
774 460 938 515 quam
985 444 1038 499 in
1070 446 1300 512 publicis
1334 446 1592 501 omnibus
1619 446 1946 515 spectaculis

2082 446 2255 519 τομὰς
2277 443 2690 515 ἐξενηνεγμένα.
2722 441 2938 513 Ἐπειδὴ
2972 442 3151 496 τοίνυν
3179 443 3443 515 τοσαύτην
3471 443 3660 514 ἔτυχον

408 535 585 603 turpis
619 535 783 591 unius
809 552 873 591 ac
896 534 1179 608 ﬂagitiosa;
1204 539 1495 607 voluptatis
1523 538 1697 607 orgia,
1736 537 1957 608 indigna

2089 537 2521 612 προϐεϐλημένοι
2554 537 2654 608 τὴν
2672 534 2902 606 πλάνην,
2951 534 3135 588 εἰκότα
3163 535 3227 605 δὴ
3265 537 3468 600 αὐτοῖς,
3499 538 3659 609 ἡδονῇ

407 639 516 696 que
545 630 823 699 mysteria,
854 642 978 683 eum
1028 628 1317 693 initiando,
1351 639 1462 683 tum
1494 631 1668 685 sacris
1704 629 1957 699 operaudt

2086 631 2232 702 θεῷ,
2280 629 2434 700 κακῷ
2468 628 2705 698 δαίμονι,
2751 627 3090 698 χρωμένοις,
3135 627 3229 681 ἐπὶ
3284 631 3475 691 κακοῖς
3515 630 3661 682 κακά

405 717 768 774 celebrarunt.
820 719 1001 786 Quare
1054 720 1181 790 jure
1242 719 1529 792 profecto.
1582 721 1627 776 si
1680 721 1957 791 quidquan

2086 723 2456 794 συνηγείρετο,
2486 721 2888 791 γυναιμανίαις,
2915 720 3008 772 καὶ
3024 719 3268 790 ἀρρένων
3296 719 3540 791 φθοραῖς,
3561 738 3659 793 μη-

404 809 573 874 aliud,
604 820 776 865 totum
810 814 916 867 hoc
944 813 1083 882 apud
1112 829 1212 869 nos
1238 813 1614 869 obscaenitatis
1650 827 1820 885 genus
1851 813 1981 868 sub-

402 902 572 957 latum
620 908 721 958 est.
768 902 1035 959 Libidinis
1060 906 1207 959 enim
1242 905 1482 970 initium,
1513 904 1780 959 idolorum
1815 919 1980 958 exco-

400 994 588 1064 gitatio
617 1004 719 1050 est.
743 994 1075 1051 Caeterorum
1107 987 1237 1067 ergo
1263 997 1587 1066 populorum
1609 1038 1624 1063 ,
1678 1005 1739 1051 ιιι
1787 995 1976 1065 paucis

399 1087 697 1151 absolvam,
731 1087 1013 1157 theologia:
1066 1097 1173 1141 tam
1224 1090 1373 1142 varia
1425 1088 1527 1143 fuit
1583 1088 1976 1158 multiplexque

398 1176 538 1231 ratio
569 1194 583 1230 :
628 1191 751 1230 cum
778 1176 924 1231 enim
956 1193 1065 1231 uno
1098 1184 1307 1231 tantum
1338 1177 1563 1248 impura:
1594 1187 1849 1247 tetrzeque
1874 1190 1971 1230 vo-

395 1267 617 1336 luptatis
639 1268 905 1340 principio
935 1270 1228 1337 niteretur,
1283 1271 1512 1340 plurima
1550 1280 1730 1325 tamen
1780 1285 1845 1325 ac
1881 1285 1971 1324 va-

394 1358 496 1424 ria,
532 1358 716 1430 hydrae
746 1361 1030 1431 cujusdam
1087 1363 1390 1417 cervicibus
1438 1363 1818 1433 capitibusque
1847 1377 1969 1417 sca—

2082 813 2412 885 τρογαμίαις
2448 830 2530 877 τε,
2563 813 2657 867 καὶ
2683 810 3147 882 θυγατρομιξίαις,
3172 810 3261 864 τὸν
3291 810 3467 864 πάντα
3490 829 3659 864 κατα-

2081 908 2410 977 φυρομένοις
2462 904 2574 974 βίον
2593 945 2607 968 ,
2639 903 2733 957 καὶ
2764 903 2863 973 τὴν
2889 902 3078 973 ἄγριον
3108 903 3201 956 καὶ
3222 901 3460 974 θηριώδη
3495 902 3655 971 φύσιν

2081 995 2352 1067 ὑπερϐολῇ
2405 995 2736 1066 φαυλότητος
2766 995 3095 1064 νενικηκόσι.
3124 994 3374 1059 Τοιοῦτος
3420 994 3517 1065 μὲν
3560 990 3654 1048 οὖν

2079 1088 2107 1139 ό
2133 1088 2333 1158 τρόπος
2355 1088 2461 1139 τῶν
2494 1085 2741 1140 παλαιῶν
2776 1085 2964 1147 ἐθνῶν,
2992 1084 3085 1138 καὶ
3121 1085 3220 1155 τῆς
3262 1084 3654 1155 διεψευσμένης

2077 1179 2255 1231 αὐτῶν
2285 1178 2579 1247 θεολογίας,
2607 1177 2695 1231 διὰ
2721 1177 2829 1230 τῶν
2862 1176 3212 1247 συνηγμένων
3236 1178 3367 1247 ἡμῖν
3409 1176 3653 1247 Ἐλληνι-

2074 1269 2185 1323 κῶν
2224 1269 2575 1341 λογογράφων
2602 1285 2661 1321 τε
2686 1270 2779 1323 καὶ
2805 1267 3106 1338 φιλοσόφων
3122 1268 3180 1320 ὲν
3205 1269 3319 1331 τοῖς
3340 1266 3652 1340 ἔμπροσθεν

2072 1362 2464 1415 ἀποδέδεικται.

393 1452 557 1506 tentis
591 1453 644 1506 in
682 1469 887 1528 morem
910 1496 926 1522 ,
974 1442 1245 1511 sectarum
1294 1457 1527 1512 divortia
1579 1472 1644 1513 ac
1702 1457 2018 1512 discrimina
2057 1458 2287 1528 peperit.
2323 1456 2398 1510 Ita
2442 1471 2565 1511 cum
2599 1464 2748 1510 tanto
2781 1464 3001 1524 tamque
3034 1451 3180 1508 foedo
3207 1467 3392 1507 errore
3429 1452 3651 1506 labora-

393 1554 538 1610 rent,
563 1548 763 1602 mirum
786 1524 1032 1619 profecto
1060 1566 1169 1605 non
1205 1559 1309 1616 est,
1366 1552 1412 1607 si
1462 1552 1712 1607 homines
1741 1552 2035 1620 voluptatis
2072 1553 2207 1616 deae,
2237 1567 2300 1607 ac
2336 1552 2584 1606 scelerati
2624 1551 2888 1605 daemonis
2921 1548 3121 1604 addicti
3153 1548 3445 1618 obsequio,
3475 1562 3650 1601 novo-

392 1653 515 1693 rum
554 1641 784 1697 subinde
815 1642 972 1713 301
1025 1646 1295 1699 malorum
1347 1647 1567 1701 cumulo
1610 1655 2018 1716 premerentur,
2061 1647 2190 1702 dum
2227 1656 2280 1701 et
2326 1647 2536 1701 insanis
2580 1644 2869 1698 mulierum
2921 1642 3237 1709 amoribus,
3287 1650 3341 1697 et
3391 1640 3651 1696 mascula

391 1731 608 1785 veneris
632 1733 1010 1802 obscmnitate,
1036 1745 1091 1791 et
1131 1737 1353 1792 inceStis
1383 1748 1618 1794 matrum
1647 1739 1988 1810 filiarumque
2026 1741 2230 1810 nuptiis
2264 1740 2427 1793 vitam
2481 1739 2873 1809 permiscerent
2907 1737 3239 1800 universam,
3300 1748 3364 1789 ac
3415 1732 3651 1789 ferinam

393 1817 698 1875 belluarum
746 1831 995 1878 naturam
1052 1825 1275 1880 sceleris
1320 1829 1698 1898 magnitudine
1744 1837 2088 1898 superarent.
2141 1826 2321 1897 Atque
2388 1826 2705 1898 hujusmodi
2754 1835 3090 1881 vetustarum
3160 1826 3403 1896 gentium
3441 1838 3643 1893 mores,

391 1920 447 1965 et
477 1913 838 1971 adulterinam
879 1932 1069 1971 earum
1100 1919 1426 1991 theologiam
1467 1920 1666 1989 fuisse,
1720 1924 1968 1993 ipsismet
2007 1921 2319 1977 Graecorum
2350 1937 2460 1976 non
2519 1921 2906 1976 historicorum
2954 1920 3140 1988 modo,
3171 1918 3267 1975 sed
3312 1918 3475 1974 etiam
3523 1918 3649 1989 phi-

391 2006 770 2076 losophorum,
801 2026 924 2080 qua:
951 2014 1324 2081 superioribus
1353 2015 1507 2072 libris
1529 2027 1791 2088 congesta
1814 2026 1965 2082 sunt,
2003 2016 2328 2072 testimoniis
2360 2016 2576 2071 abunde
2602 2015 2973 2085 probavimus.

998 2104 1228 2161 CAPUT
1266 2106 1353 2161 Ill.

393 2206 623 2273 Quinam
668 2208 1012 2291 Hebrmorum
1046 2234 1213 2272 mores
1242 2219 1487 2291 fuerint,
1526 2222 1711 2291 quidve
1744 2222 1809 2277 de
1846 2223 1965 2276 uni-

660 2285 794 2336 versi
815 2300 1030 2341 αιιοιοτε
1058 2304 1121 2341 ac
1145 2285 1383 2345 molitore
1411 2285 1690 2346 senserint.

457 2431 577 2489 Iam
611 2452 779 2503 vero,
827 2440 1267 2511 quandoquidem
1315 2443 1623 2513 priscorum
1678 2445 1961 2500 hominum

388 2524 552 2579 vitam
605 2527 938 2597 exploratam
986 2528 1683 2601 babeszquemadmodum
1744 2533 1844 2587 soli
1894 2549 1962 2589 ex

388 2618 643 2674 omnibus
671 2617 904 2687 Hebrmi,
932 2623 1263 2677 contrariam
1312 2631 1461 2679 tanta
1506 2625 1562 2679 in
1614 2625 1962 2681 multitudine

388 2709 529 2763 viam
552 2709 790 2778 inierint,
806 2713 989 2768 animo
1005 2714 1259 2785 deinceps
1280 2723 1334 2771 et
1360 2717 1689 2788 cogitatione
1726 2717 1956 2772 intuere.

386 2798 595 2855 Etenim
621 2804 893 2875 principes
927 2804 1024 2872 illi,
1059 2807 1269 2877 solique
1298 2809 1556 2863 universo
1582 2809 1862 2863 hominum
1891 2825 1957 2863 ex

386 2909 605 2964 genere,
629 2910 751 2950 cum
790 2912 818 2948 a
848 2898 1041 2967 primis
1072 2910 1219 2956 retro
1265 2902 1536 2957 societatis
1573 2902 1827 2958 humanae
1865 2919 1961 2958 cu-

384 2988 619 3053 nabulis,
658 2997 895 3043 mentem
942 2989 996 3054 in
1047 2990 1269 3047 homine
1303 2992 1468 3061 digna
1499 2993 1959 3062 contemplatione

383 3081 725 3146 defuissent,
751 3093 913 3152 atque
941 3084 1006 3138 ad
1034 3084 1308 3139 naturales
1337 3085 1578 3140 universi
1599 3086 1839 3142 rationes
1871 3088 1957 3157 pie

383 3184 678 3245 sancteque
723 3177 1443 3245 rimandas,contulissent;
1499 3181 1675 3250 prima
1736 3183 1955 3252 quidem

382 3278 673 3332 corporum
698 3265 983 3333 elementa,
1022 3276 1244 3334 terram,
1277 3284 1497 3340 aquam,
1523 3286 1725 3339 aerem,
1752 3273 1952 3343 ignem,

382 3369 449 3408 ex
475 3355 672 3424 quibus
700 3356 845 3411 hunc
867 3358 1054 3412 orbem
1090 3369 1340 3415 constare
1380 3363 1724 3431 sentiebant;
1782 3364 1952 3419 solem

2575 2110 2969 2164 ΚΕΦΑΛΑΙΟΝ
3019 2108 3091 2161 1".

2064 2225 2401 2303 Παράζζεοχς
2439 2222 2545 2276 τοῦ
2578 2221 2696 2303 τῶν
2736 2223 3315 2303 Ἐϐραίων-’τρόπουζ
3350 2221 3447 2277 καὶ
3480 2220 3644 2303 ὅπως

2135 2294 2420 2417 ἐδόξὲιξον
2477 2293 2612 2362 περὶ
2660 2292 2769 2350 τοῦ
2809 2293 3057 2362 ποιητοῦ
3129 2292 3228 2347 καὶ
3277 2291 3643 2362 δημιουργοῦ

2135 2383 2253 2418 των
2355 2382 2457 2418 ων.

2135 2458 2198 2509 Εἰ
2232 2455 2295 2526 δὴ
2325 2453 2418 2509 οὖν
2450 2455 2725 2509 ωνῶπταί
2751 2472 2833 2508 σοι
2865 2457 2893 2509 ὁ
2918 2454 3026 2509 τῶν
3052 2453 3300 2508 παλαιῶν
3320 2454 3463 2528 βίος,
3480 2454 3641 2527 ἄθρει

2062 2546 2126 2617 δὴ
2150 2547 2334 2600 λοιπὸν
2367 2550 2434 2618 τῇ
2458 2546 2666 2618 διανοίᾳ
2721 2546 2915 2617 μόνους
2947 2545 3144 2609 παῖδας
3179 2545 3441 2618 Ἑϐραίων
3470 2548 3528 2601 ὲν
3547 2563 3642 2625 τρ-

2063 2640 2271 2703 σούτοις
2294 2640 2393 2711 τήν
2421 2641 2671 2695 ἐναντίαν
2697 2640 2979 2703 ἀπιόντας.
3010 2639 3131 2693 Οἵδε
3159 2639 3267 2712 γὰρ
3289 2640 3516 2711 πρῶτοι,
3540 2641 3639 2695 καὶ

2064 2731 2213 2800 μόνοι
2239 2731 2455 2785 πάντων
2481 2731 2577 2785 ἀνθ
2588 2731 2803 2803 ρώπων,
2830 2731 3033 2785 ἄνωθεν
3053 2732 3119 2785 ὲκ
3151 2730 3373 2803 πρώτης
3404 2731 3497 2785 τοῦ
3521 2731 3639 2801 βίου

2059 2821 2366 2893 καταϐολῆς
2386 2822 2575 2893 λογικῇ
2603 2821 2803 2893 θεωρία
2832 2822 2931 2894 τὴν
2954 2820 3191 2875 διάνοιαν
3215 2820 3522 2885 ἀναθέντες,
3542 2824 3640 2875 καὶ

2057 2914 2123 2983 τῇ
2163 2928 2226 2964 πε
2239 2911 2291 2981 pi.
2320 2909 2414 2963 τοῦ
2444 2910 2644 2974 παντὸς
2677 2909 2992 2981 φυσιολογίᾳ
3024 2909 3263 2974 εὐσεϐῶς
3310 2911 3640 2982 ἐπιστήσαν-

2056 3019 2167 3068 τες,
2184 3001 2376 3072 πρῶτα
2401 3001 2497 3072 μὲν
2520 3000 2590 3054 τὰ
2609 3000 2718 3053 τῶν
2741 3002 3008 3071 σωμάτων
3036 3004 3297 3072 στοιχεῖα,
3318 3003 3443 3073 γῆν,
3464 3001 3633 3074 ὕδωρ,

2056 3089 2214 3159 ἀέρα,
2270 3090 2402 3160 πῦρ,
2438 3089 2499 3154 ὲξ
2559 3083 2638 3145 ὧν
2690 3091 2809 3143 τόδε
2830 3091 2891 3144 τὸ
2922 3093 3031 3146 πᾶν
3068 3093 3338 3157 συνεστὼς
3369 3093 3639 3164 κατεμάν-

2058 3180 2236 3244 θανον,
2262 3182 2412 3252 ἥλιόν
2445 3199 2504 3235 τε
2533 3183 2626 3235 καὶ
2652 3182 2901 3254 σελήνην,
2944 3183 3037 3237 καὶ
3086 3183 3341 3264 ἀστέρας,
3368 3184 3429 3238 οὐ
3454 3185 3634 3250 θεοὺς,

2056 3271 2193 3344 ἔργα
2218 3273 2273 3326 δὲ
2301 3269 2439 3327 εἶναι
2469 3274 2605 3328 Θεοῦ
2655 3274 3038 3344 διελογίσαντοο
3070 3276 3171 3348 τὴν
3209 3275 3369 3347 φύσιν
3400 3280 3499 3349 τῆς
3524 3295 3647 3332 σωκ

2058 3366 2290 3434 ματικῆς
2322 3366 2509 3429 οὐσίας
2537 3367 2597 3420 οὐ
2634 3367 2793 3437 μόνον
2848 3367 3061 3437 ἄλογον,
3100 3369 3234 3423 ἀλλά
3285 3371 3379 3423 καὶ
3426 3370 3637 3441 ἄψυχον

382 3443 605 3512 pariter,
632 3444 841 3509 lunam,
868 3462 931 3501 ac
958 3447 1159 3509 sidera,
1196 3465 1303 3503 non
1334 3450 1463 3505 deos
1486 3495 1500 3518 ,
1541 3452 1633 3508 sed
1668 3454 1761 3508 Dei
1787 3468 1951 3523 opera

2063 3452 2211 3522 εἶναι,
2245 3457 2368 3511 καθ’
2405 3460 2527 3511 ὅσον
2574 3459 2778 3530 ῥοώδης
2819 3461 2912 3513 καὶ
2954 3460 3167 3534 φθαρτὴ
3186 3458 3320 3515 οὖσα
3350 3463 3630 3532 τυγχάνει,

380 3548 503 3587 esse
526 3534 886 3604 phiIOSOphati
925 3545 1069 3593 sunt.
1109 3536 1286 3595 Probe
1311 3541 1455 3595 enim
1492 3543 1628 3611 ipsi,
1679 3558 1953 3613 corporeae

381 3625 698 3681 substantia:
744 3630 1016 3699 propriam
1049 3629 1193 3685 hanc
1236 3646 1357 3687 esse
1401 3643 1651 3689 naturam
1687 3634 1953 3703 intellige-

381 3716 535 3782 bant,
562 3726 623 3772 ut
654 3719 1114 3788 quemadmodum
1160 3721 1305 3776 ﬂuxa
1334 3724 1424 3777 illa
1446 3762 1461 3787 ,
1499 3734 1663 3793 atque
1708 3725 1953 3780 iuteritui

379 3808 617 3865 obnoxia
655 3820 770 3878 est,
830 3812 905 3866 ita
953 3814 1165 3868 ratione
1204 3814 1364 3870 simul
1411 3825 1465 3870 et
1512 3817 1694 3873 animo
1747 3829 1949 3875 careat.

379 3899 583 3956 Deinde
635 3917 760 3958 cum
819 3903 937 3958 ﬁeri
992 3919 1102 3958 non
1149 3921 1312 3975 posse
1360 3907 1696 3975 cogitarent,
1760 3916 1818 3964 ut
1866 3912 1953 3966 vel

380 3993 569 4047 mundi
602 3993 789 4070 hujus
813 3995 1053 4051 universi
1106 4005 1214 4050 tam
1265 4004 1387 4067 apte
1412 3999 1793 4070 sapienterque
1823 4016 1953 4055 con-

378 4083 611 4140 formata
651 4068 879 4155 species,
908 4104 1138 4159 quaeque
1180 4098 1331 4144 tanta
1383 4090 1705 4159 spirantium
1736 4094 1943 4147 anima-

378 4176 534 4240 lium,
563 4186 617 4231 et
648 4178 858 4233 ratione
900 4180 1095 4249 partim
1128 4182 1500 4249 praeditorum,
1536 4184 1731 4253 partim
1762 4200 1953 4241 caren-

379 4269 516 4321 tium
545 4269 889 4326 multitudine
923 4273 1221 4329 ahundaret
1242 4313 1256 4337 ,
1296 4272 1530 4330 fortuita:
1559 4291 1622 4331 ac
1651 4279 1952 4333 tumultua-

377 4358 474 4413 riae
520 4375 698 4415 causa:
745 4363 1163 4432 assignaretur:
1213 4365 1297 4419 vel
1342 4381 1526 4421 rerum
1582 4368 1946 4424 animatarum

378 4451 686 4517 inanimus,
729 4457 939 4510 ratione
980 4457 1325 4526 praeditamm
1358 4460 1587 4514 rationis
1620 4475 1812 4530 expers
1845 4478 1946 4517 au—

378 4552 497 4598 ctor
520 4554 575 4599 et
599 4544 780 4615 opifex
815 4556 1181 4603 statueretur:
1218 4550 1313 4604 sed
1343 4551 1525 4620 potius
1561 4552 1943 4621 intelligerent,

376 4650 500 4690 eum
530 4651 705 4706 neque
725 4648 943 4708 repente
973 4655 1037 4695 ac
1065 4656 1160 4709 per
1190 4656 1311 4696 sese
1340 4641 1537 4699 domus
1569 4660 1809 4714 unquam
1837 4646 1945 4701 ulla

375 4741 439 4781 ex
477 4728 639 4796 lignis
673 4739 728 4784 et
751 4730 1020 4799 lapidibus
1069 4733 1362 4801 coalescat,
1392 4750 1493 4790 nec
1540 4738 1705 4793 vestis
1738 4741 1945 4809 absque

2055 3552 2462 3622 συννοήσαντες·
2490 3551 2726 3606 κᾶπειτα
2757 3553 3124 3624 λογισάμενοι,
3158 3554 3234 3617 ὼς
3290 3554 3389 3625 οὐχ
3425 3551 3536 3608 οἷόν
3567 3573 3632 3609 τε

2052 3641 2149 3712 τὴν
2170 3643 2262 3695 τοῦ
2289 3642 2601 3714 σύμπαντος
2638 3645 2842 3716 κόσμου
2905 3645 3166 3711 διάταξιν,
3198 3641 3256 3699 εὖ
3307 3648 3402 3700 καὶ
3450 3647 3632 3717 σοφῶς

2052 3735 2424 3805 ἡρμοσμένην,
2458 3735 2707 3807 ἔμπλεών
2750 3755 2810 3791 τε
2836 3736 2989 3803 ζώων
3020 3739 3297 3810 ἐμψύχων,
3315 3738 3546 3806 λογικῶν
3567 3757 3632 3793 τε

2051 3830 2146 3882 καὶ
2193 3828 2408 3897 ἀλόγων
2437 3829 2815 3900 ὑπάρχουσαν,
2861 3831 3167 3901 αὐτόματον
3225 3833 3631 3902 ἐπιγράφεσθαι

2049 3918 2147 3988 τὴν
2167 3919 2364 3972 αἰτίαν·
2392 3919 2511 3973 οὐδέ
2542 3937 2606 3988 γε
2645 3918 2754 3973 τῶν
2781 3920 3042 3992 ἐμψύχων
3080 3923 3179 3993 τὴν
3219 3924 3506 3995 ποιητικὴν
3530 3925 3633 3995 ἀρ-

2050 4010 2151 4079 χὴν
2176 4010 2379 4081 ἄψυχον
2418 4010 2850 4083 ὑπολαμϐάνειν,
2880 4013 2990 4066 οὐδ’
3027 4012 3220 4082 ἄλογον
3257 4015 3358 4084 τήν
3392 4014 3498 4068 τῶν
3537 4016 3630 4069 λο-

2049 4100 2220 4169 γικῶν
2243 4101 2591 4174 δημιουργόν.
2648 4104 2800 4157 Ἐπεὶ
2830 4104 2886 4157 δὲ
2918 4104 3053 4176 μηδὲ
3098 4104 3268 4170 ξύλων
3325 4109 3422 4161 καὶ
3461 4106 3629 4162 λίθων

2049 4192 2353 4263 αὐτόματός
2407 4197 2522 4246 ποτ’
2547 4194 2613 4248 ἂν
2640 4195 2918 4267 οἰκοδομία
2947 4197 3199 4267 συσταίη,
3222 4197 3343 4251 οὐδέ
3368 4216 3433 4266 γε
3461 4199 3629 4271 ἐσθὴς

2048 4282 2283 4351 ὐφάντου
2315 4283 2437 4355 δίχα
2467 4286 2865 4358 συντελεσθείη,
2890 4287 3010 4341 οὐδὲ
3033 4288 3215 4353 πόλεις
3240 4291 3334 4344 καὶ
3358 4290 3627 4345 πολιτεῖαι

2046 4376 2226 4445 νόμων
2254 4377 2408 4440 ἐκτὸς
2441 4377 2532 4431 καὶ
2582 4378 2908 4451 ἀρχοντικῆς
2950 4380 3262 4448 διατάξεως,
3316 4382 3437 4436 οὐδὲ
3466 4384 3628 4449 ἐκτὸς

2047 4467 2378 4539 κυϐερνήτου
2430 4469 2583 4537 ναῦς,
2617 4471 2738 4525 οὐδὲ
2784 4472 2846 4526 τὸ
2900 4475 3264 4545 σμικρότατον
3317 4475 3509 4547 τέχνης
3536 4477 3631 4549 δρ-

2045 4575 2208 4627 γανον
2236 4561 2499 4635 ὑποσταίη
2546 4563 2614 4617 ἂν
2663 4565 2738 4636 μὴ
2780 4564 2867 4620 διὰ
2918 4568 3184 4639 τεχνίτου,
3244 4569 3353 4623 οὐδ’
3382 4571 3625 4642 εὐόρμου

2047 4650 2178 4703 ποτὲ
2214 4650 2347 4714 ναῦς
2373 4651 2586 4722 λιμένος
2608 4654 2760 4725 τύχοι
2800 4656 2875 4727 μὴ
2919 4657 3038 4727 οὐχὶ
3069 4660 3166 4713 σύν
3197 4659 3390 4731 ἀγαθῷ
3422 4660 3627 4733 κυϐερ-

2045 4741 2199 4812 νήτῃ·
2226 4742 2335 4795 οὐδ’
2364 4745 2396 4813 ὴ
2429 4744 2538 4797 τῶν
2578 4745 2805 4799 καθόλου
2847 4749 3123 4819 στοιχείων
3154 4750 3263 4823 ἄρα
3295 4750 3457 4820 φύσις
3477 4753 3622 4822 ἀψυ-

375 4818 604 4872 textoris
643 4818 910 4874 industria
936 4821 1268 4891 perﬁciatur,
1292 4838 1394 4878 nec
1425 4823 1671 4881 civitates
1703 4841 1797 4883 aut
1827 4806 1943 4884 res-

2063 4806 2300 4900 (οςόῦσα
2327 4806 2423 4887 καὶι
2448 4834 2661 4901 ἄλογος,
2692 4836 2770 4908 τῷ
2801 4838 2923 4892 καθ’
2952 4806 3150 4913 έαυτὴν
3180 4806 3345 4913 λόγω,
3373 4806 3494 4915 δίχα
3518 4806 3623 4916 τῆς

373 4910 604 4979 publica:
627 4912 833 4982 absque
880 4912 1058 4985 legum
1093 4927 1147 4970 et
1183 4915 1488 4987 principum
1513 4960 1528 4985 ,
1579 4935 1755 4990 neque
1782 4938 1948 4979 naves

2063 4924 2306 4978 ὶνωτάτω
2328 4925 2422 4979 τοῦ
2450 4927 2587 4981 Θεοῦ
2618 4930 2831 4997 σοφίας,
2866 4930 3026 5000 λόγου
3054 4910 3180 4987 ποτὲ
3356 4910 3501 5007 {cui};
3521 4910 3626 4991 άν-

375 5002 580 5072 absque
613 5004 1035 5073 gubernatorum
1085 5008 1458 5065 moderatione
1495 5012 1818 5080 consistant,
1846 5030 1949 5071 nec

2063 5014 2282 5080 ὶέξεται.
2311 5016 2496 5073 Ταῦτα
2523 5019 2587 5091 δὴ
2630 5022 2724 5074 καὶ
2778 5022 2848 5076 τά
2879 5023 3104 5078 τοιαῦτα
3150 5002 3523 5097 διανοηθέντες
3567 5032 3622 5083 οἱ

373 5092 663 5147 minimum
705 5094 924 5165 quidem
955 5100 1088 5151 artis
1117 5098 1539 5154 instrumentum
1574 5101 1693 5158 sine
1721 5105 1946 5160 artiﬁcis

2063 5106 2144 5177 τῆς
2189 5108 2452 5181 Ἐϐραίων
2501 5111 2784 5178 εὐσεϐείας
2811 5150 2817 5156 .
2841 5116 3076 5187 πατέρες
3114 5119 3179 5171 ἐκ
3222 5092 3487 5189 μεγέθους
3525 5123 3623 5175 καὶ

372 5183 602 5239 exsistat
630 5201 819 5249 manu,
845 5202 1020 5257 neque
1042 5192 1195 5245 navis
1220 5207 1460 5261 unquam
1493 5192 1602 5248 ulla
1634 5193 1843 5249 felicem
1877 5196 1943 5250 ad

2063 5200 2308 5272 ιαλλονῆς
2337 5214 2363 5244 δ
2390 5206 2742 5276 ὲκτισμένων,
2774 5207 2850 5279 νῷ
2899 5183 3415 5284 κεκαθαρμένῳ-καὶ
3438 5214 3623 5286 ψυχῆς

371 5284 585 5343 portum
627 5279 895 5348 appellat,
942 5281 1204 5351 sapientis
1249 5284 1493 5355 magistri
1549 5286 1945 5356 gubernatione

2063 5293 2322 5362 Βιαυγέσιν
2346 5297 2555 5369 ὃμμασι
2586 5299 2676 5355 τὸν
2710 5301 2926 5357 πάντων
2970 5279 3297 5378 δημιουργὸν
3339 5279 3471 5361 Θεὸν

370 5365 531 5438 302
565 5372 825 5439 spoliata:
860 5374 1030 5428 multo
1063 5391 1195 5431 sane
1238 5377 1418 5432 minus
1470 5377 1613 5433 hanc
1647 5379 1944 5435 elemento-
2048 5383 2345 5455 ϐἁσθησαν.

372 5470 516 5521 rum,
552 5475 615 5514 ex
647 5464 846 5531 quibus
871 5466 1022 5522 orbis
1080 5466 1183 5522 iste
1233 5469 1498 5526 conﬂatus
1559 5479 1663 5537 est,
1700 5483 1973 5542 expertem
2013 5478 2180 5531 animi
2212 5481 2549 5553 rationisque
2608 5494 2883 5554 naturam,
2923 5488 2970 5544 si
3004 5504 3218 5545 summa
3249 5491 3339 5545 illa
3374 5491 3624 5547 numinis

373 5547 543 5604 divini
574 5555 838 5623 sapientia
870 5560 1202 5626 secuitlatur,
1228 5571 1419 5643 suapte
1465 5563 1515 5617 vi
1558 5565 1848 5636 nativaque
1907 5566 2163 5625 facultate
2216 5575 2382 5629 vitam
2418 5547 2583 5633 simul
2620 5587 2676 5634 et
2704 5547 2971 5636 rationem
3030 5583 3297 5655 obtinere.
3349 5583 3496 5646 Haec.
3532 5585 3623 5639 in-

375 5659 563 5714 qualn,
592 5648 805 5794 aliaquo
849 5653 1087 5722 similia,
1121 5671 1247 5712 cum
1309 5656 1547 5715 Hebraeae
1586 5660 1805 5732 pietatis
1857 5677 1922 5719 ac
1978 5665 2257 5736 religionis
2301 5683 2557 5743 parentes
2605 5677 2940 5749 cegitarent,
2973 5677 3141 5737 Deum
3174 5649 3325 5736 illum
3374 5681 3623 5739 universi

448 5751 472 5779 ⁸
500 5741 585 5794 ἴσ.
615 5741 682 5794 ad
726 5781 739 5794 .
770 5743 896 5794 τῶν.

448 5751 472 5779 ι
500 5741 585 5794 ἴσ.
615 5741 739 5796 add.
770 5743 897 5799 τῶν.
