3856 6224
191 302 299 360 515

1325 293 1649 352 ΡΒΛΞΡΑΒ.
1691 291 1945 349 EVANG.
1990 290 2120 348 LIB.
2166 292 2275 349 VII.

3356 303 3462 360 5M

191 428 520 489 mulitorem,
569 444 731 500 quem
767 438 995 501 purgata
1031 438 1234 493 mente,
1258 435 1422 496 atque
1452 419 1774 477 illuminatis
1812 417 1980 473 animi
2011 419 2221 488 oculis,
2276 420 2332 474 in
2374 428 2520 476 tanta
2576 437 2762 477 rerum
2822 433 3129 481 creatarum
3184 424 3459 496 magnitu-

192 524 320 580 dine
347 539 412 579 ae
444 526 623 595 specie
649 526 1039 596 agnoscebant,
1088 525 1239 594 justa
1270 532 1400 577 sunt
1438 516 1788 575 veneratioite
1825 516 2120 585 prosecuti.

719 622 1118 676 ΚΕΦΔΛΑΙΟΝ
1164 624 1242 677 Δ’.

193 734 388 801 Ὅπως
412 735 709 814 ἐφρόνουν
734 733 868 815 {rapi
892 732 1225 815 ἁθαγασίας
1254 729 1484 815 ψυχῆς,
1514 729 1611 782 καὶ
1649 726 1784 796 περὶ

553 806 662 873 τῆς
696 804 816 859 τῶν
847 804 1137 874 σωμάτων
1158 803 1392 869 οὐσίας.

262 898 516 951 Κᾶπειτα
551 897 717 969 μέρος
743 898 806 951 οὐ
838 896 1033 968 μικρὸν
1052 894 1149 948 τοῦ
1180 894 1380 958 παντὸς
1415 896 1557 963 σφᾶς
1582 893 1781 952 αὐτοὺς

1800 626 1850 680 Α

2473 633 2710 691 CAPUT
2769 636 2857 691 IV.

1888 745 2030 813 Quid
2063 748 2220 802 iidem
2253 749 2450 817 partim
2477 749 2541 802 de
2570 750 2762 803 anima:
2788 749 3195 804 immortalitate
3217 788 3234 815 ,
3265 752 3463 820 partim

2237 819 2302 873 de
2339 822 2575 888 corporis
2613 830 2808 873 natura
2841 821 3117 874 senserint.

1953 909 2159 965 Deinde
2191 925 2342 976 vero,
2372 926 2496 966 cum
2528 911 2689 966 iidem
2714 926 2835 967 sese
2863 927 3083 982 quoque
3109 920 3319 982 partem
3338 928 3462 969 esse

187 988 331 1045 εἶναι
375 990 805 1062 συναισθόμενοι,
839 992 899 1043 τὸ
930 990 1112 1061 μέντοι
1142 1002 1168 1030 ι
1205 988 1383 1043 αὐτῶν
1426 987 1606 1058 τίμιον
1640 981 1756 1039 εἶναι

1880 1000 2123 1079 universi
2156 1016 2268 1055 non
2301 1001 2556 1071 exiguam
2584 1002 2870 1067 sentirent,
2904 1017 2935 1059 e
2960 1003 3175 1058 duabus
3210 1003 3296 1059 sui
3330 1020 3460 1074 par-

187 1086 485 1157 ἡγήσαντο·
541 1083 702 1137 τοῦτο
748 1083 805 1136 δὲ
837 1083 932 1137 καὶ
972 1082 1064 1136 τὸν
1115 1081 1290 1152 ἀληθῆ
1343 1079 1650 1152 ἄνθρωπον,
1685 1077 1762 1131 «an

1878 1093 2025 1149 tibus
2070 1077 2294 1149 alteram
2331 1096 2515 1165 (quem
2558 1110 2746 1149 verum
2782 1094 2923 1165 ipsi,
2976 1096 3181 1166 quique
3211 1112 3321 1152 non
3352 1097 3458 1154 nisi

188 1178 333 1230 κατά
360 1174 538 1247 ψυχὴν
564 1174 906 1246 νενοημένον·
933 1174 993 1228 τὸ
1020 1174 1077 1227 δὲ
1114 1174 1305 1228 τούτου
1336 1170 1518 1244 χώραν
1555 1170 1762 1243 περιὸοι

1876 1184 2061 1238 animo
2089 1186 2347 1256 cognosci
2389 1186 2594 1257 possit,
2649 1186 2926 1241 hominem
2980 1188 3347 1261 appellabant)
3400 1190 3456 1245 in

185 1267 285 1339 λῆς
308 1267 526 1337 ἐπέχον·
554 1265 712 1321 τοῦτο
742 1266 799 1320 δὲ
825 1263 961 1320 εἶναι
1015 1266 1076 1319 τὸ
1105 1265 1283 1337 σῶμα.
1344 1265 1454 1319 Καὶ
1494 1263 1557 1336 δὴ
1583 1263 1771 1317 τοῦτον

182 1360 484 1430 διελόμενοι
516 1359 604 1413 τὸν
630 1359 849 1430 τρόπον,
874 1359 973 1431 τὴν
996 1360 1174 1412 πᾶσαν
1210 1358 1337 1429 περὶ
1365 1357 1463 1428 τῆς
1489 1356 1585 1410 τοῦ
1624 1355 1771 1409 ἔνδον

181 1452 474 1524 ἀνθρώπου
506 1452 650 1523 ζωῆς
671 1452 926 1523 φροντίδα
970 1451 1065 1505 καὶ
1094 1449 1329 1520 σπουδὴν
1357 1448 1766 1519 εἰσηνέγκαντο.

180 1546 357 1600 Τοῦτο
391 1546 448 1599 δὲ
477 1544 629 1617 παρά
656 1543 732 1615 τῷ
760 1544 978 1598 πάντων
1008 1541 1324 1615 δημιουργῷ
1365 1540 1484 1612 Θεῷ
1536 1557 1768 1613 προσφι-

178 1639 271 1704 λὲς
303 1635 446 1692 εἶναι
477 1637 846 1708 λογισάμενοι,
881 1636 939 1700 ὃς
966 1652 1070 1688 που
1134 1633 1231 1704 τὴν
1267 1630 1568 1706 ἀνθρώπων
1604 1632 1765 1702 φύσιν

176 1731 289 1784 τῶν
311 1732 407 1784 ἐπὶ
428 1729 533 1800 γῆς
560 1729 814 1783 ἀπάντων
843 1731 1084 1800 κρατεῖν,
1109 1728 1170 1780 οὐ
1198 1726 1358 1800 ῥώμῃ
1389 1726 1660 1798 σώματος,
1687 1725 1764 1791 ὼς

174 1825 347 1896 ἀρετῇ
380 1822 559 1894 ψυχῆς
581 1822 890 1895 ἐδωρήσατο
922 1822 1029 1892 (τὰ
1072 1823 1172 1893 μὲν
1202 1820 1312 1892 γὰρ
1337 1820 1446 1873 τῶν
1487 1820 1657 1874 ὄντων
1687 1815 1764 1872 εῖ-

177 1936 270 1972 ναι
288 1918 495 1988 ᾶψυχα,
520 1911 608 1970 οἷα
628 1916 808 1981 λίθους
828 1918 922 1970 καὶ
951 1916 1101 1984 ξύλα·
1142 1915 1211 1969 τὰ
1250 1915 1307 1968 δὲ
1341 1914 1578 1985 ζωτικῆς
1603 1914 1762 1969 δυνά-

181 2027 329 2082 μεως
364 2010 589 2081 μέτοχα,
610 2003 697 2062 οἵα
717 2010 784 2062 τά
811 2009 918 2062 ἀπὸ
945 2011 1050 2079 γῆς
1083 2009 1460 2080 βλαστήματα·
1491 2006 1558 2061 τὰ
1590 2006 1648 2060 δὲ
1678 2008 1762 2060 αι-

177 2103 447 2172 σθησεως,
481 2101 661 2173 ὁρμῆς
702 2119 763 2156 τε
811 2101 1187 2172 φανταστικῆς
1250 2098 1648 2171 μεμοιραμένα,
1676 2093 1763 2152 οἷα

178 2195 334 2260 ζώων
366 2194 436 2248 τὰ
468 2194 654 2262 ἄλογα·
708 2195 887 2248 πάντα
913 2193 970 2247 δὲ
1021 2192 1193 2247 ταῦτα
1215 2193 1295 2245 ἐνὶ
1324 2190 1404 2262 τῷ
1427 2189 1537 2244 τῶν
1561 2188 1765 2262 ἀνθρὼ-

176 2307 299 2342 πων
328 2288 474 2356 γένει
496 2288 635 2357 πρὸς
660 2287 970 2359 ὑπηρεσίαν
1000 2285 1342 2351 δουλοῦσθαι,
1372 2285 1433 2338 οὑ
1471 2284 1632 2357 ῥώμῃ
1665 2283 1764 2337 atii-

175 2396 348 2450 ματος
378 2378 474 2431 καὶ
517 2378 661 2449 ἰσχύῖ
709 2376 1229 2449 κατηναγκασμένα,
1266 2374 1517 2445 λογισμῷ
1564 2373 1620 2427 δὲ
1666 2373 1762 2427 καὶ

170 2473 355 2543 ψυχῆς
377 2474 568 2544 ἀρετῇ,
668 2474 730 2527 τὸ
759 2471 900 2527 κατά
930 2472 1148 2525 πάντων
1191 2469 1301 2523 τῶν
1352 2468 1447 2522 ἐπὶ
1478 2469 1581 2540 γῆς
1608 2469 1763 2541 ἀρχι-

174 2567 270 2618 κόν
299 2582 358 2618 τε
388 2566 483 2618 καὶ
518 2564 793 2635 βασιλικὸν
844 2565 1036 2635 γέρας,
1082 2563 1288 2617 ἀνωθεν
1334 2562 1488 2634 παρά
1535 2561 1629 2615 τοῦ
1655 2560 1762 2614 τῶν

172 2657 313 2710 ὅλων
338 2656 515 2710 αἰτίου
549 2655 1001 2726 συγκεχωρῆσθαι
1035 2654 1471 2725 κατειλήφασιν)·
1503 2652 1653 2707 ἐνθεν
1678 2654 1764 2725 ὁρ-

172 2750 443 2822 μώμενοι,
469 2748 629 2819 σῶμα
657 2748 756 2819 μὲν
802 2747 898 2800 καὶ
924 2745 995 2800 τά
1057 2746 1328 2817 σωμάτων
1360 2744 1492 2816 ἡδέα
1523 2745 1674 2799 οὐδέν
1709 2762 1763 2798 τι

171 2843 379 2915 μᾶλλον
404 2841 516 2895 τῶν
542 2841 716 2896 ἄλλων
745 2839 839 2893 ἐπὶ
861 2839 963 2911 γῆς
992 2838 1326 2911 θρεμμάτων
1369 2839 1642 2909 προτιμᾷν
1689 2838 1764 2891 δι-

169 2934 501 3006 ενοήθησαν·
527 2933 587 2986 τὸ
614 2933 657 2985 δ’
682 2933 740 2986 ὲν
775 2932 957 2995 αὐτοῖς
997 2931 1183 3002 ἄρχον,
1213 2930 1288 2993 ὡς
1321 2929 1389 2983 ἂν
1415 2928 1510 2983 τοῦ
1544 2929 1763 2983 πάντων

168 3028 437 3098 ἄρχοντος
457 3027 680 3090 οἰκεῖον,
714 3024 809 3077 καὶ
855 3022 954 3092 τῆς
976 3022 1156 3093 ψυχῆς
1209 3022 1270 3076 τὸ
1312 3021 1529 3091 λογικόν
1577 3039 1637 3074 τε
1669 3021 1764 3075 καὶ

166 3119 382 3189 νοερὸν,
407 3116 550 3170 θεῖόν
574 3133 635 3170 τε
698 3115 790 3170 καὶ¹
822 3112 1264 3184 ἐπιστημονικὸν,
1290 3112 1367 3176 ὡς
1405 3112 1472 3165 ἂν
1521 3110 1616 3165 τοῦ
1670 3110 1762 3165 ἐπὶ

170 3213 394 3264 πάντων
427 3207 563 3262 Θεοῦ
590 3206 689 3278 τὴν
711 3206 966 3277 ὁμοίωσιν
991 3206 1176 3278 φέρον,
1208 3204 1368 3276 μόνον
1392 3203 1481 3257 διά
1530 3203 1763 3275 σπουδῆς

1873 1277 2046 1346 pretio
2078 1277 2383 1332 habendam
2414 1287 2780 1348 putaverunt:
2823 1278 3074 1345 alteram,
3111 1294 3306 1348 nempe
3333 1294 3459 1335 cor-

1871 1382 1996 1437 pus,
2025 1368 2299 1438 quoddam
2331 1370 2489 1439 quasi
2518 1377 2731 1439 septum
2764 1384 2907 1433 esse,
2948 1385 3058 1439 quo
3086 1368 3333 1427 inclusus
3365 1371 3458 1426 ille

1871 1467 2141 1515 teneatur.
2166 1459 2345 1531 Atque
2369 1462 2472 1517 hoc
2508 1460 2828 1516 discrimine
2856 1461 3176 1530 constituto,
3206 1461 3262 1515 in
3302 1456 3456 1519 conf-

1869 1553 2120 1622 ponenda
2153 1552 2388 1609 hominis
2416 1553 2695 1608 interioris
2715 1552 2846 1618 vita,
2875 1568 3064 1607 curam
3099 1553 3172 1608 illi
3196 1554 3454 1625 deinceps

1868 1657 2087 1699 omnem
2118 1645 2472 1715 studiumque
2502 1659 2754 1714 posuere.
2805 1643 2960 1710 Quod
3019 1645 3124 1713 ipsi
3178 1661 3303 1700 eum
3340 1645 3453 1701 Deo

1866 1750 2047 1791 rerum
2081 1736 2327 1792 omnium
2372 1737 2673 1792 architecto
2715 1735 3068 1796 vehementer
3113 1739 3334 1808 probari
3364 1754 3453 1794 eo-

1865 1835 2211 1896 gnoseerent,
2244 1842 2275 1882 a
2307 1843 2417 1898 quo
2451 1829 2501 1882 id
2543 1831 2788 1884 muneris
2826 1830 2992 1885 homo
3018 1842 3303 1900 acceperat
3324 1870 3342 1897 ,
3393 1837 3453 1884 ut

1864 1917 1932 1972 iis
1960 1934 2081 1989 quae
2122 1928 2391 1973 terrarum
2439 1918 2649 1973 ambitu
2706 1920 3090 1985 continentur,
3154 1919 3448 1986 omnibus,

1866 2024 1973 2063 non
1998 2010 2196 2066 robore
2218 2012 2489 2082 corporis,
2525 2011 2619 2067 sed
2644 2011 2812 2067 animi
2843 2012 3099 2068 facultate
3136 2013 3447 2083 imperaret.

1866 2099 2022 2175 (Nam
2058 2118 2089 2157 e
2120 2103 2303 2170 rebus,
2326 2104 2601 2160 inanimas
2631 2105 2768 2161 alias
2794 2121 2937 2170 esse,
2968 2115 3025 2161 ut
3048 2106 3256 2177 lapides
3284 2115 3451 2177 atque

1864 2194 2044 2264 ligna;
2071 2196 2180 2250 vim
2210 2197 2333 2253 aliis
2364 2197 2543 2253 inesse
2576 2199 2792 2254 vitalem
2814 2239 2830 2263 ,
2881 2209 2940 2255 ut
2984 2201 3240 2256 omnibus
3291 2210 3452 2257 terra:

1863 2288 2258 2358 germinibus:
2315 2290 2453 2346 alias
2508 2293 2780 2348 sentiendi
2842 2292 3101 2349 facultate
3153 2294 3447 2363 prteditas,

1862 2382 2045 2437 oblata
2072 2383 2417 2437 extrinsecus
2468 2383 2800 2453 impulsione
2837 2386 3192 2451 commoveri,
3222 2395 3283 2442 ut
3331 2388 3452 2441 ani-

1861 2486 2077 2532 mantes
2106 2476 2315 2531 ratione
2344 2477 2585 2546 privatas
2618 2495 2631 2531 :
2662 2485 2828 2548 atque
2862 2479 2979 2534 haec
3017 2479 3203 2534 omnia
3232 2483 3448 2552 generis

1864 2568 2146 2624 hominum
2184 2569 2347 2624 unius
2372 2569 2658 2639 obsequio,
2681 2570 3005 2626 necessitate
3034 2572 3271 2641 quadam
3298 2587 3453 2627 man-

1863 2661 2057 2730 eipari,
2089 2674 2252 2729 quam
2292 2674 2401 2713 non
2432 2659 2599 2713 robur
2630 2659 2885 2729 viresque
2913 2660 3160 2729 corporis
3181 2700 3196 2724 ,
3237 2663 3330 2715 sed
3359 2676 3449 2715 ra-

1867 2752 1940 2806 tio
1969 2761 2129 2821 atque
2158 2750 2324 2804 animi
2354 2752 2529 2805 virtus
2554 2749 2743 2805 afferat
2771 2769 2785 2804 :
2830 2751 2920 2805 cui
2956 2751 3183 2820 proinde
3229 2752 3443 2823 regium

1862 2842 2140 2912 quoddam
2166 2842 2221 2896 in
2255 2850 2471 2897 terrena
2511 2841 2693 2896 omnia
2720 2841 2946 2896 ditionis
2980 2849 3035 2895 et
3069 2841 3281 2911 imperii
3310 2842 3403 2912 jus
3428 2884 3446 2910 ,

1863 2934 1933 2988 ab
1962 2949 2144 2989 rerum
2174 2934 2555 2989 universarum
2602 2940 2826 2989 auctore
2869 2934 3086 2989 erelitus
3114 2947 3445 2989 concessum

1862 3041 1984 3081 esse
2015 3022 2406 3097 perviderunt.)
2442 3023 2555 3081 Hac
2582 3024 2659 3078 illi
2686 3025 3013 3094 cogitatione
3052 3025 3292 3093 adducti,
3324 3041 3446 3081 cor-

1862 3133 1967 3189 pus
2003 3133 2407 3188 corporumque
2439 3118 2697 3182 delicias,
2758 3117 2878 3172 loco
2924 3134 3033 3173 non
3083 3119 3222 3183 alio,
3276 3134 3444 3190 quam

1863 3223 2181 3265 eaeterarum
2225 3219 2385 3269 terra:
2428 3211 2697 3280 pecudum
2744 3227 2915 3283 genus
2941 3251 2957 3277 ,
3006 3211 3286 3269 habendas
3321 3227 3446 3270 esse

170 3303 353 3374 ἔσχον.
386 3296 523 3354 Εἶτα
554 3299 675 3371 μηδ’
707 3298 835 3353 ἄλλο
860 3316 912 3352 τι
946 3297 1340 3367 ἐνθυμηθέντες
1381 3294 1583 3364 ἀγαθὸν
1620 3292 1760 3353 εἶναι

1865 3310 2233 3358 censuerunt:
2270 3318 2433 3373 quam
2476 3318 2607 3358 vero
2650 3304 2735 3359 sui
2766 3315 2971 3375 partem
3013 3304 3243 3375 imperio
3273 3305 3446 3361 dona-

164 3397 265 3450 τοῦ
301 3395 520 3448 πάντων
543 3390 762 3461 ἀγαθῶν
781 3388 1016 3462 χορηγοῦ
1046 3388 1203 3453 Θεοῦ,
1232 3389 1384 3452 τέλος
1417 3388 1633 3459 ἀπάσης
1666 3388 1758 3440 εὑ-

130 3540 139 3547 ,
167 3485 461 3559 δαιμονίας
484 3484 583 3554 τὴν
612 3481 777 3536 αὐτοῦ
800 3480 998 3551 γνῶσιν
1028 3497 1090 3533 τε
1125 3479 1221 3533 καὶ
1250 3479 1433 3548 φιλίαν
1463 3474 1601 3531 εἶναι
1648 3478 1758 3532 ἀπ-

171 3581 469 3652 εφήναντο·
490 3578 573 3630 ὅτι
607 3576 703 3629 καλ⁸
735 3574 905 3645 αὐτῆς
930 3572 1094 3644 ζωῆς,
1123 3572 1216 3626 καὶ
1229 3572 1426 3643 ψυχῆς,
1450 3573 1544 3625 καὶ
1577 3569 1760 3643 σώμα-

166 3689 284 3737 τος,
314 3672 413 3725 καὶ
436 3667 547 3723 τῶν
601 3667 818 3732 τούτοις
882 3667 1197 3735 ἀναγκαίων
1253 3665 1413 3736 μόνος
1464 3664 1626 3729 αὐτὸς
1666 3667 1760 3719 ἀν-

170 3762 349 3834 ῆπται
375 3765 478 3835 τὴν
496 3764 696 3817 αἰτίαν.
717 3761 905 3832 Τούτῳ
923 3760 988 3831 δὴ
1008 3755 1107 3813 οὖν
1138 3760 1279 3827 σφᾶς
1299 3757 1453 3825 ὅλους
1481 3756 1630 3828 αὐτῷ
1655 3757 1759 3810 σώ-

170 3876 304 3933 ματι
333 3859 430 3912 καὶ
480 3856 627 3927 ψυχῇ
663 3855 940 3926 φέροντες,
976 3851 1377 3916 ἀνατεθείκασι,
1441 3850 1532 3905 τὸν
1580 3851 1759 3905 πάντα

167 3954 354 4008 αὐτῶν
379 3951 497 4023 βίον
526 3952 612 4003 ἐπ’
634 3948 795 4003 αὐτὸν
827 3947 1285 4018 ἀναρτησάμενοι,
1311 3946 1406 3999 καὶ
1433 3946 1578 4017 μόνῳ
1592 3962 1758 4017 προσ-

166 4048 340 4117 έχειν,
404 4042 550 4112 ἄλλῳ
589 4040 647 4094 δὲ
719 4038 911 4113 μηδενὶ
939 4038 1046 4092 τῷν
1081 4037 1373 4111 ὁρωμένων
1402 4035 1750 4104 ἀξιώσαντες.

163 4139 330 4193 υῦτω
351 4136 419 4207 δὴ
451 4132 686 4205 φιλόθεοι
733 4132 870 4202 ὁμοῦ
922 4130 1017 4183 καὶ
1061 4128 1325 4197 θεοφιλεῖς
1365 4127 1753 4213 ἀναφανέντες,

163 4227 506 4302 θεραπευταί
550 4242 697 4289 τινες
745 4224 897 4287 ὄντες
930 4222 1042 4294 (62)
1095 4222 1190 4276 καὶ
1223 4224 1386 4293 ἱερεῖς
1409 4219 1504 4274 τοῦ
1531 4220 1754 4290 ὑψίστου

164 4321 308 4376 Θεοῦ
338 4316 750 4388 ἀπεφάνθησαν,
776 4315 811 4387 ἢ
839 4314 933 4367 καὶ
964 4334 982 4364 ι
1008 4312 1163 4380 γένος
1187 4309 1331 4384 ἱερὸν
1364 4310 1476 4382 (65)
1511 4311 1604 4364 καὶ
1661 4309 1758 4380 βα-

164 4415 400 4474 σιλικὸν,
434 4409 735 4483 ἱεράτευμά
762 4425 824 4462 τε
852 4407 1008 4472 Θεοῦ,
1039 4407 1136 4460 καὶ
1165 4406 1317 4470 ἔθνος
1351 4405 1504 4473 ἆγιον
1534 4424 1553 4456 ι
1587 4421 1757 4476 προσ-

164 4503 539 4576 αγορευθῆναι
563 4498 896 4572 ἠξιώθησαν,
926 4496 1148 4568 σπέρμα
1202 4494 1304 4566 τῆς
1357 4492 1588 4566 ἀληθοῦς
1623 4493 1756 4547 ταύ-

1864 3403 1975 3447 tam
2005 3392 2391 3463 agnoscebant,
2424 3402 2605 3462 utpote
2636 3395 2962 3465 cognatione
3001 3396 3182 3467 aliqua
3226 3412 3444 3452 summo

1862 3501 2045 3540 rerum
2112 3485 2361 3540 omnium
2430 3487 2745 3557 imperatori
2815 3476 3444 3560 eonjunelam,ipsam-

1861 3592 1967 3645 que
2004 3575 2173 3630 animi
2220 3576 2432 3631 ratione
2466 3578 2930 3649 intelligentiaque
2966 3579 3245 3649 prazditam
3269 3620 3282 3644 ,
3328 3581 3441 3634 imo

1860 3668 2100 3722 divinam
2164 3667 2496 3739 quamdam,
2561 3685 2626 3723 ae
2697 3670 2960 3724 doctrina:
3026 3672 3210 3725 sedem
3275 3671 3441 3726 simul

1859 3771 2249 3830 parentemque
2287 3758 2634 3826 facultatem,
2685 3761 2831 3830 quod
2882 3761 3079 3815 summi
3125 3760 3285 3832 303
3325 3760 3440 3818 Nu-

1860 3852 2025 3906 minis
2085 3866 2399 3921 expressam
2464 3850 2632 3906 ferret
2682 3852 2997 3922 imaginem,
3048 3853 3198 3906 omni
3270 3869 3436 3909 unam

1859 3944 2140 4014 diligentia
2226 3942 2516 4013 studioque
2580 3943 2886 3999 coluerunt.
2966 3944 3207 4013 Deinde,
3289 3948 3437 4017 quod

1859 4047 2055 4107 praeter
2122 4036 2394 4091 bonorum
2441 4035 2687 4091 omnium
2770 4035 2973 4092 fontem
3049 4047 3437 4110 auctoremque

1858 4128 2052 4196 Deum,
2081 4128 2227 4184 aliud
2268 4144 2494 4199 prorsus
2538 4129 2900 4202 intelligerent
2936 4129 3064 4185 boni
3107 4147 3229 4188 esse
3273 4133 3434 4201 nihil,

1856 4219 2113 4292 quodque
2155 4235 2300 4275 unus
2332 4220 2449 4291 ipse
2488 4230 2644 4292 aptas
2663 4237 2726 4276 ex
2765 4236 2885 4277 sese
2912 4222 3053 4289 vitae,
3084 4223 3274 4289 animi,
3301 4240 3429 4280 cor-

1856 4313 2030 4383 poris,
2064 4327 2294 4383 quaeque
2360 4311 2469 4368 illis
2508 4314 2817 4369 necessaria
2861 4323 3009 4377 sunt,
3066 4330 3263 4370 causas
3308 4331 3432 4371 omn

1856 4404 2008 4459 nium
2038 4413 2093 4459 et
2119 4405 2361 4460 rationes
2388 4404 2629 4471 haberet,
2661 4404 2937 4462 felicitatis
2959 4407 3226 4462 universa:
3247 4408 3434 4476 ﬁnem,

1855 4496 1977 4566 ejus
2007 4496 2060 4549 in
2085 4497 2250 4551 unius
2278 4497 2474 4566 partim
2523 4498 2857 4569 cognitione,
2892 4501 3091 4569 partim
3120 4515 3306 4555 amore
3330 4516 3433 4570 po-

161 4616 266 4671 της
297 4594 580 4657 εὐσεϐείας
611 4593 705 4646 καὶ
726 4594 837 4653 τοῖς
867 4588 1136 4658 ὀψιγόνοις
1182 4587 1361 4641 αὐτῶν
1409 4585 1757 4641 ἀπολελοιπό-

1865 4594 2105 4640 suerunt.
2146 4585 2223 4640 lta
2246 4601 2371 4640 eum
2396 4586 2557 4641 vitam
2585 4587 2948 4653 instituerent,
2970 4605 3034 4642 ex
3061 4605 3168 4643 una
3192 4590 3312 4660 ejus
3336 4606 3434 4645 vo-

160 4670 279 4754 τες.
312 4684 438 4759 Ἆρ’
464 4681 557 4740 οῦν
585 4682 831 4755 λογισμῷ
865 4699 946 4735 σοι
975 4679 1239 4750 δοκοῦμεν
1270 4676 1458 4731 τούσδε
1486 4677 1594 4730 τῶν
1634 4676 1753 4729 Ἐλ-

1865 4678 2066 4733 luntate
2112 4688 2356 4748 nutuque
2417 4693 2762 4749 suspensam,
2840 4682 2998 4751 eique
3066 4682 3190 4748 soli,
3250 4698 3433 4737 rerum

161 4781 408 4855 ληνικῶν
460 4775 946 4851 προτετιμηκέναι,
981 4772 1078 4827 καὶ
1105 4771 1305 4843 μᾶλλον
1333 4770 1441 4824 τῶν
1494 4768 1752 4823 Φοινίκων

1865 4779 2123 4840 praeterea
2155 4787 2277 4841 quae
2306 4770 2565 4826 videntur
2592 4773 2746 4838 nulli,
2788 4774 3162 4845 adjungendos
3189 4790 3310 4830 sese
3338 4776 3435 4831 ad.

163 4892 226 4929 τε
255 4873 353 4927 καὶ
368 4870 685 4939 Αἰγυπτίων
711 4867 867 4931 θεῶν,
884 4865 991 4920 τῶν
1007 4882 1066 4918 τε
1088 4864 1216 4936 περὶ
1235 4863 1361 4926 τοὺς
1387 4861 1542 4925 θεοὺς
1562 4861 1762 4930 δυσφή-

1865 4862 2236 4932 dicendosque
2307 4872 2629 4930 statuerent,
2666 4864 2840 4919 eidem
2876 4881 2995 4920 sese
3028 4874 3170 4922 totos
3204 4881 3435 4936 corpore

168 4985 289 5039 μων
324 4962 720 5035 ἀτοπημάτων,
747 4960 848 5024 τὰς
883 4960 1015 5032 παρ’
1061 4957 1332 5029 Ἐὁραίοις
1365 4955 1492 5026 περὶ
1519 4953 1760 5008 εὐσεϐῶν

1865 4953 2027 5009 simul
2069 4963 2233 5024 atque
2282 4955 2469 5010 animo
2500 4965 2913 5013 consecrarunt.
2963 4956 3144 5030 Atque
3207 4959 3278 5011 ita
3307 4974 3432 5013 cum

164 5056 380 5129 ἀνδρῶν
415 5054 701 5125 διηγήσεις
727 5048 1088 5115 ἀποδέξασθαι
1110 5064 1125 5114 ;

1866 5055 1921 5102 et
1942 5045 2113 5101 Deum
2148 5045 2390 5101 maxime
2416 5046 2731 5117 diligerent,
2763 5057 2817 5103 et
2838 5048 3084 5103 vicissim
3116 5048 3184 5103 ab
3213 5063 3279 5103 eo
3305 5049 3432 5103 dili-

165 5172 231 5228 ge
263 5165 451 5220 entur,
510 5152 714 5208 summi
743 5148 997 5204 Numinis
1047 5152 1282 5202 cultores
1338 5160 1465 5199 vere
1514 5160 1580 5200 ac
1636 5146 1951 5201 sacerdotes
1977 5144 2152 5200 effecti
2202 5153 2352 5211 sunt,
2385 5144 2518 5206 imo,
2574 5161 2787 5216 (genus
2833 5145 3065 5200 electum
3108 5159 3173 5199 ac
3231 5146 3432 5215 regale,

166 5251 377 5320 Deique
419 5247 804 5311 sacerdotium,
839 5254 892 5299 et
918 5258 1050 5314 gens
1089 5251 1277 5297 saneta
1298 5240 1368 5304 δ’,
1395 5258 1414 5291 ι
1449 5241 1643 5295 merito
1678 5250 1807 5296 sunt
1845 5239 2163 5309 nuncupati,
2214 5253 2355 5294 vera:
2389 5237 2554 5308 hujus
2586 5240 2803 5309 pietatis
2848 5239 3057 5295 semine
3091 5253 3220 5294 suos
3269 5239 3431 5293 etiam

165 5349 221 5404 in
264 5354 522 5419 posteros
560 5350 896 5414 nepotesque
942 5338 1244 5395 transfuso.
1286 5336 1426 5393 Num
1473 5352 1603 5407 ergo
1651 5338 1748 5392 tibi
1784 5337 1899 5408 jam
1932 5337 1985 5391 id
2025 5352 2055 5391 a
2099 5336 2258 5391 nobis
2318 5336 2532 5390 consilii
2568 5351 2694 5391 cum
2737 5336 2946 5391 ratione
3000 5342 3314 5404 susceptum
3352 5337 3432 5389 vi-

235 5466 284 5497 “
310 5463 331 5518 l
368 5463 518 5520 Petr.
549 5479 613 5526 ιι.
643 5461 697 5518 9.

236 5574 265 5601 ι
297 5560 385 5614 la.
426 5559 526 5629 μέν
556 5574 631 5611 τι.

258 5651 353 5719 62)
390 5652 612 5719 'Ortec.
648 5648 796 5719 Alter
827 5662 895 5703 ex
920 5660 1222 5713 manuser.,
1268 5644 1470 5719 ὅντως,
1504 5653 1670 5719 recte:
1730 5636 1736 5641 ’

258 5654 353 5719 62)
390 5654 612 5715 Ὀντες.
648 5654 796 5702 Alter
827 5662 895 5703 ex
920 5660 1222 5713 manuser.,
1268 5654 1470 5710 δντως,
1504 5654 1670 5698 recte.

236 5654 356 5791 :63)
398 5718 591 5787 Γένος
634 5718 812 5788 ιερόν.
861 5718 1009 5774 Idem
1041 5731 1321 5773 manuser.
1344 5755 1359 5781 ,
1399 5716 1555 5785 γένος
1588 5712 1762 5766 ἐκλεκι

1865 5758 1866 5765 η
1900 5720 1961 5766 ut
1994 5711 2049 5766 in
2082 5710 2257 5767 Graec.
2292 5717 2346 5764 et
2380 5706 2594 5776 Vulgat.
2626 5706 2762 5762 Bibl.
