3856 6224
393 241 501 301 515

1043 243 1316 304 EUSEBII
1347 241 1825 303 CESARIENSIS
1860 240 2012 298 OPP.
2051 242 2246 301 PARS
2283 242 2349 298 ll.
2387 272 2459 285 -—
2496 242 3001 301 APOLOGETICA.

3552 236 3650 296 5l6

388 364 569 427 detur,
592 360 671 416 uti
700 361 977 419 et.Gmcis
1008 361 1265 420 Hebraeos
1313 361 1728 428 anteferremus,
1781 376 2012 432 quaeque
2048 362 2118 417 ab
2161 361 2268 417 illis
2324 359 2393 416 de
2420 370 2740 417 sanctorum
2769 351 3014 418 virorum
3039 361 3241 432 pietate
3270 359 3484 432 prodita
3513 365 3654 421 sunt,

387 450 687 528 Phoeniciis
722 454 1098 529 Egyptiisque
1178 454 1521 521 numinibus,
1599 469 1831 525 quaeque
1890 455 1959 510 de
1996 454 2106 510 illis
2154 454 2433 525 jactantur
2487 452 2871 524 ignominiosis
2912 453 3263 526 indignisque
3319 450 3520 507 fabulis
3563 466 3657 521 po-

389 547 529 604 tiora
563 548 934 605 duceremus?

990 637 1221 696 CAPUT
1256 638 1325 696 γ.

393 754 618 810 Eosdem
643 773 738 811 suo
775 758 828 810 in
891 755 1059 809 Deum
1101 771 1279 809 amore
1328 764 1631 808 consecutos
1686 771 1831 821 esse,
1884 754 1965 807 uti

458 826 711 880 Numinis
775 836 986 896 aspectu
1041 836 1091 880 et
1156 827 1387 879 oraculis
1435 827 1757 894 fruerentur,
1825 824 1964 896 quod

455 907 737 966 utrumque
767 898 936 951 sacris
969 895 1162 950 litteris
1189 898 1554 966 consignatum
1583 906 1680 950 est.

455 1009 557 1063 Sed
591 1008 714 1064 vide
756 1017 816 1064 tu
852 1024 1042 1080 porro,
1071 1023 1183 1079 quo
1226 1008 1444 1063 tandem
1485 1024 1580 1064 eos
1622 1008 1964 1064 charissimte

384 1098 496 1154 Deo
538 1101 757 1156 virtutis
802 1101 1077 1170 aspir-asse
1112 1108 1562 1157 commemorent.
1592 1098 1797 1170 Nempe
1825 1100 1964 1153 divi-

383 1208 513 1246 num
547 1193 676 1247 illud
712 1191 947 1259 Numen,
1009 1208 1129 1248 cum
1177 1193 1477 1264 genushoc
1520 1192 1807 1246 hominum
1851 1199 1960 1246 tam

383 1294 602 1353 propter
656 1294 908 1339 caeteram
941 1284 1065 1339 vita:
1093 1285 1349 1354 pietatem
1392 1294 1557 1353 atque
1591 1282 1959 1352 disciplinam,

383 1389 549 1443 quam
580 1376 649 1430 ob
679 1375 1008 1444 singularem
1038 1390 1166 1446 erga
1189 1390 1249 1430 se
1276 1374 1595 1443 religionem
1622 1373 1961 1442 complecte-

382 1475 555 1531 retur,
588 1467 921 1523 diviniorum
954 1468 1035 1523 eis
1060 1468 1317 1531 deinceps
1361 1465 1733 1531 oraculorum,
1764 1465 1965 1534 suique

383 1558 587 1627 pariter
603 1567 656 1614 et
680 1560 997 1631 angelorum
1024 1559 1326 1628 praesentia:
1349 1567 1712 1628 aspectusque
1743 1555 1960 1614 cooiam

381 1648 561 1704 facere
588 1650 797 1715 statuit,
821 1651 950 1705 dum
977 1650 1171 1720 partim
1190 1660 1395 1703 natura:
1420 1648 1664 1703 mortalis
1694 1646 1961 1716 inopiam,

381 1755 471 1796 res
495 1745 732 1811 agendas
770 1743 1104 1797 insinuando
1135 1742 1462 1804 sublevaret,
1497 1739 1696 1810 partim
1732 1739 1965 1809 dogma-

386 1843 498 1886 tum
534 1832 603 1888 iis
626 1848 689 1888 ac
732 1842 1150 1904 praeceptorum,
1198 1847 1321 1902 qua:
1366 1831 1537 1886 Deum
1590 1832 1750 1902 plane
1794 1828 1961 1886 dece-

382 1933 526 1987 rent,
558 1926 929 1995 cognitionem
957 1926 1211 1994 aperiret.
1252 1925 1327 1978 lta
1371 1938 1480 1977 non
1508 1922 1624 1992 jam
1664 1936 1961 1990 argumen-

2609 638 2790 693 ΚΕΦΑ
2798 637 3007 691 ΛΑῘΟΝ
3051 637 3127 690 E'.

2075 753 2291 821 Ὅπως,
2318 755 2585 823 φιλόθεοι
2610 755 2942 824 γεγονότες,
2954 750 3082 824 τῶν
3099 749 3503 824 ᾀνςαγράπτων
3534 752 3652 805 θεο-

2320 820 2582 895 ζεανειῶν
2599 820 2697 881 καί
2733 822 3021 894 χρησμῶν
3042 820 3409 890 ἠξιώθησαν.

2146 1000 2255 1054 Θέα
2288 1000 2332 1053 δ’
2352 995 2445 1054 οὖν
2477 999 2558 1054 ἔτι
2584 1001 2663 1065 εἰς
2683 1001 2806 1053 ὅσον
2827 996 3110 1066 θεοφιλοῦς
3138 996 3342 1069 ἀρετῆς
3375 996 3650 1069 προελθεῖν

2073 1109 2206 1163 φασι
2234 1094 2359 1157 τοὺς
2410 1092 2790 1164 δηλουμένους.
2838 1089 3262 1161 Ἀποδεξάμενον
3289 1089 3352 1142 τὸ
3378 1089 3530 1144 Θεῖον
3556 1089 3649 1160 τῆς

2072 1204 2132 1239 τε
2155 1187 2320 1257 ἄλλης
2341 1185 2435 1239 τοῦ
2471 1186 2584 1257 βίου
2620 1185 2902 1250 εὐσεϐείας
2956 1186 3049 1238 xui
3095 1183 3433 1253 φιλοσοφίας,
3460 1182 3563 1253 τῆς
3589 1199 3647 1236 τε

2073 1278 2201 1348 περὶ
2232 1278 2365 1331 αὐτὸ
2386 1276 2680 1349 θεραπείας
2700 1278 2826 1339 τοὺς
2845 1277 3062 1349 ἄνδρας,
3104 1276 3203 1348 ἤδη
3238 1275 3335 1329 xui.
3360 1274 3649 1349 θειοτέρων

2070 1368 2334 1440 χρησμῶν
2359 1368 2688 1439 θεοφανειῶν
2715 1386 2774 1421 τε
2803 1370 2997 1433 αὐτοὺς
3023 1369 3117 1422 καὶ
3149 1367 3453 1437 ἁγγελικῶν
3483 1368 3650 1423 ὀπτα-

2073 1459 2203 1514 σιῶν
2232 1460 2409 1531 ἠξίου,
2458 1462 2528 1516 τὰ
2574 1461 2819 1515 ἐνδέοντα
2868 1463 2934 1532 τῇ
2999 1461 3165 1533 θνητῇ
3196 1460 3356 1531 φύσει
3397 1463 3517 1525 ταῖς
3537 1460 3644 1515 τῶν

2071 1554 2358 1626 πρακτέων
2395 1554 2695 1626 ὑποθήκαις
2741 1553 3227 1625 ἐπιδιορθούμενον,
3280 1554 3560 1627 δογμάτων
3586 1572 3645 1609 τε

2070 1647 2165 1699 xui
2188 1647 2523 1719 μαθημάτων
2557 1646 2739 1710 αὐτοῖς
2791 1645 3110 1717 θεοπρεπῶν
3137 1646 3236 1719 τὴν
3272 1646 3475 1716 γνῶσιν
3509 1648 3645 1701 ἀπο·-

2069 1737 2358 1791 καλύπτον·
2392 1738 2467 1801 ὼς
2496 1740 2691 1810 μηκέτι
2720 1737 3113 1808 συλλογισμοῖς,
3164 1737 3301 1810 μηδὲ
3355 1739 3640 1803 είκασίαις,

2068 1830 2337 1900 ὲκλάμψει
2368 1830 2422 1884 δὲ
2451 1832 2621 1901 αὐτῆς
2650 1829 2908 1897 ἀληθείας
2942 1829 3268 1900 φωτίζεσθαι
3287 1828 3385 1893 τὰς
3412 1830 3645 1895 διανοίας

2068 1922 2266 1985 αὐτῶν,
2295 1922 2435 1975 ὥστε
2465 1923 2566 1994 ἤδη
2605 1921 3060 1994 θεοφορουμένους
3088 1923 3188 1994 τὴν
3206 1921 3313 1975 τῶν
3346 1921 3643 1993 μελλόντων

381 2016 454 2071 tis
487 2025 583 2071 aut
610 2016 942 2087 conjecturis
977 2016 1330 2087 quihusdam,
1368 2014 1463 2069 sed
1494 2015 1784 2084 ipsiusmet
1813 2013 1955 2073 veri-

2064 2012 2301 2078 ἐσεσθαι,
2354 2013 2430 2077 ὡς
2474 2013 2780 2085 παρόντων,
2821 2013 3140 2085 ἐπιθεωρεῖν
3190 2013 3515 2083 κατάληψιν,
3549 2012 3643 2066 xui.

382 2107 511 2161 tatis
542 2108 660 2163 luce
685 2110 1055 2165 collustratam
1078 2119 1312 2165 mentem
1344 2111 1636 2177 habebant,
1666 2109 1966 2179 divinaque

382 2196 552 2252 aﬂlati
580 2197 837 2266 Numine,
871 2216 995 2256 cum
1041 2217 1128 2257 res
1180 2200 1413 2268 futuras,
1446 2201 1667 2271 perinde
1720 2215 1785 2254 ac
1830 2214 1967 2269 prae-

382 2299 587 2356 sentes,
620 2293 975 2349 intuebantur
1006 2294 1129 2364 ipsi,
1175 2304 1291 2350 tum
1340 2295 1606 2364 quidquid
1657 2294 1962 2348 universim

381 2391 704 2439 eventurum
735 2397 901 2448 esset,
950 2385 1196 2440 humano
1250 2384 1435 2455 generi
1480 2382 1644 2455 304
1693 2383 1963 2439 divinitus

380 2474 765 2542 praedicebant.
818 2475 941 2532 Haec
968 2476 1060 2531 illa
1092 2485 1240 2543 sunt,
1277 2492 1398 2547 quae
1422 2476 1794 2531 celeberrimis
1818 2475 1954 2530 Deo-

380 2580 488 2635 que
507 2566 665 2635 plane
691 2568 1027 2638 dignissimis
1048 2567 1288 2623 oraculis
1314 2568 1378 2621 de
1406 2567 1668 2638 singulari
1694 2566 1953 2621 Hebraeo-

380 2673 507 2712 rum
558 2660 762 2714 virtute
819 2661 1187 2723 continentur,
1247 2672 1479 2729 quaeque
1518 2656 1721 2712 Graecis
1753 2656 1952 2711 fabulis

2066 2107 2135 2160 τὰ
2168 2105 2395 2160 καθόλου
2453 2106 2840 2181 συμϐησόμενα
2886 2105 2966 2176 τῷ
3014 2105 3123 2159 τῶν
3163 2104 3464 2177 ἀνθρώπων
3498 2103 3643 2173 γένει

2066 2198 2362 2262 θεσπίζειν.
2425 2198 2659 2253 Τοιαῦτα
2712 2198 2810 2267 τῆς
2853 2196 3115 2268 Ἐϐραίων
3166 2197 3366 2271 ἀρετῆς
3429 2196 3500 2250 τὰ
3547 2213 3646 2250 πο-

2064 2290 2366 2360 λυύμνητα,
2392 2290 2484 2342 xui.
2517 2290 2591 2353 ὡς
2629 2289 2845 2360 ἀληθῶς
2901 2288 3122 2361 θεοφιλῆ
3177 2288 3419 2361 περιέχει
3463 2287 3640 2358 λόγια,

2062 2381 2098 2435 ἃ
2126 2382 2233 2434 τῶν
2265 2380 2589 2452 Ἑλληνικῶν
2616 2383 2710 2436 xui.
2739 2382 2983 2453 πατρίων
3012 2381 3196 2453 μύθων
3237 2399 3296 2436 τε
3338 2383 3434 2436 καὶ
3459 2381 3640 2454 λήρων

2068 2473 2575 2543 προτετιμήκαμεν·
2600 2471 2649 2523 οἱ
2678 2471 2775 2541 μέν
2821 2488 2885 2539 γε
2914 2473 3042 2542 περὶ
3064 2471 3200 2526 θεῶν
3220 2472 3287 2526 τὰ
3314 2470 3642 2541 αἰσχρότατα

2065 2565 2361 2634 περιεῖχον,
2395 2565 2443 2615 οἱ
2464 2562 2521 2616 δὲ
2555 2562 2682 2633 περὶ
2705 2562 2968 2633 θεοφιλῶν
2998 2562 3205 2636 ἀνδρῶν
3258 2562 3360 2627 τὰς
3400 2561 3642 2628 εὐσεϐεῖς

2057 2655 2430 2720 διδασκαλίας.

380 2752 681 2824 patriisque
711 2754 871 2825 nugis
917 2756 1021 2824 ipsi
1065 2754 1403 2825 praetulimus
1430 2770 1443 2805 :
1474 2766 1597 2804 cum
1638 2751 1759 2805 istis
1805 2750 2006 2821 ﬂagitia
2044 2751 2115 2805 de
2168 2750 2272 2805 diis
2305 2750 2623 2820 turpissima
2651 2749 3010 2821 jactarentur,
3056 2749 3135 2805 illi
3166 2763 3297 2805 vero
3354 2748 3641 2805 hominum

382 2843 494 2900 Deo
526 2846 971 2902 charissimorum
1000 2847 1259 2901 historias
1288 2861 1352 2900 ac
1378 2847 1712 2905 monimenta
1753 2853 2120 2912 proponerent
2156 2854 2372 2896 summa
2411 2855 2534 2895 cum
2564 2840 2764 2910 pietate
2792 2839 3105 2909 conjuncta.

1011 2938 1241 3000 CAPUT
1297 2938 1382 2998 Vl.

381 3046 628 3125 Eosdem.
663 3062 784 3110 mite
811 3068 992 3111 natum
1023 3058 1241 3125 Mosam,
1274 3075 1366 3111 nec
1405 3058 1528 3111 dum
1557 3055 1802 3109 Judaicis
1832 3054 1955 3107 reli-

453 3124 694 3197 gionibus
724 3129 1039 3196 informatas
1069 3131 1282 3198 pietatis
1313 3128 1469 3181 laude
1507 3128 1773 3196 ﬂoruisse.

451 3238 530 3293 Ac
558 3240 715 3310 longe
746 3241 965 3310 quidem
994 3250 1282 3312 antequam
1314 3249 1408 3295 aut
1453 3250 1612 3295 natus
1638 3238 1820 3293 Moses
1860 3253 1950 3292 es-
1979 3269 2023 3326 ο

384 3336 488 3393 set,
524 3337 619 3383 aut
674 3331 823 3385 natio
859 3329 1169 3385 Judworum
1220 3332 1526 3395 exsisteret,
1570 3332 1682 3401 jam
1708 3344 1879 3399 usque
1921 3344 1953 3383 a

384 3418 692 3490 longissimi
745 3422 1004 3491 temporis
1038 3423 1321 3488 memoria,
1351 3420 1667 3476 Iudaeorum
1704 3420 1951 3490 ipsorum

382 3512 623 3580 majores
656 3527 838 3566 rerum
869 3514 1097 3567 istarum
1129 3513 1444 3582 cognitione
1470 3512 1792 3566 ﬂoruerunt.
1815 3508 1951 3562 Nam

382 3603 491 3658 hoc
535 3604 700 3657 etiam
742 3604 1058 3659 enucleasse
1104 3619 1169 3659 ac
1226 3605 1487 3659 statuisse
1533 3603 1757 3673 juverit,
1824 3616 1952 3656 cum

381 3690 848 3750 nullum’exstaret
867 3696 1046 3750 adhuc
1072 3693 1338 3750 Judaismi
1363 3695 1675 3765 vestigium,
1700 3692 1953 3747 Hebraeos

383 3785 601 3854 quidem
631 3787 772 3853 illos,
802 3786 897 3856 qui
942 3802 973 3840 a
1021 3788 1180 3842 nobis
1212 3786 1528 3851 laudantur,
1560 3786 1673 3856 jam
1710 3793 1823 3839 tum
1855 3798 1955 3837 no-

381 3877 528 3932 mine
567 3879 731 3934 simul
773 3895 839 3934 ac
877 3880 1123 3935 moribus
1173 3879 1363 3946 fuisse,
1414 3879 1509 3950 qui
1543 3887 1725 3932 tamen
1777 3875 1951 3931 Judaei

382 3983 483 4024 nec
522 3978 730 4038 essent,
763 3986 864 4026 nec
892 3981 1239 4027 vocarentur.
1274 3972 1462 4042 Itaque
1506 3972 1592 4027 vel
1646 3971 1776 4025 hinc
1804 3979 1953 4025 utro-

380 4076 613 4131 rumque
641 4062 934 4117 discrimen
965 4063 1257 4134 intelligas,
1289 4064 1433 4134 quod
1462 4062 1637 4119 Judaei
1663 4065 1885 4133 quidem
1920 4078 1950 4117 a

379 4150 538 4219 Juda,
598 4153 757 4223 cujus
819 4169 886 4208 ex
933 4155 1079 4209 tribu
1126 4170 1354 4225 regnum
1405 4152 1718 4210 Iudaeorum
1766 4156 1952 4211 multis

380 4251 507 4315 post
554 4245 715 4300 annis
763 4245 1115 4300 constitutum
1176 4258 1296 4310 est,
1358 4262 1554 4301 nomen
1611 4247 1950 4317 acceperint;

379 4335 590 4392 Hebraei
626 4346 805 4392 autem
843 4339 912 4392 ab
940 4338 1172 4405 Hebero,
1216 4340 1373 4409 cujus
1397 4355 1566 4409 nepos
1607 4339 1953 4397 Abrahamus

376 4427 503 4485 fuit.
535 4430 613 4484 Ac
641 4427 845 4485 Judzeis
868 4431 1204 4499 antiquiores
1245 4429 1503 4485 Hebraeos
1540 4428 1712 4485 fuisse
1748 4431 1950 4487 divinis

377 4534 595 4591 quoque
617 4520 812 4576 litteris
843 4521 1152 4576 edocemur.
1183 4519 1317 4575 Nam
1340 4522 1483 4591 quod
1516 4522 1580 4575 ad
1609 4521 1791 4591 ipsum
1827 4522 1954 4575 reli-

2590 2935 2987 2988 ΚΕΦΑΛΑΙΟΝ
3033 2936 3126 3002 (τ’.

2071 3055 2165 3120 Ὡς
2191 3048 2371 3120 ἐκτὸς
2393 3044 2556 3114 ἦσαν
2588 3044 3011 3120 ΑἸουδαϊσμοῦ,
3041 3050 3309 3120 πρόσθεν
3339 3048 3378 3118 ἣ
3421 3050 3640 3105 Μωσέα

2241 3118 2534 3188 γενέσθαι,
2574 3118 2666 3172 ἐπ’
2690 3122 2965 3189 εὐσεϐείᾳ
2990 3118 3453 3189 διαλάμψαντες.

2127 3229 2315 3288 Ταῦτα
2347 3229 2403 3283 δὲ
2423 3230 2591 3285 πάλαι
2617 3231 2899 3302 πρότερον,
2938 3231 3068 3303 πρὶν
3123 3231 3156 3304 ἢ
3185 3232 3278 3286 καὶ
3310 3231 3514 3286 Μωσέα
3541 3233 3638 3287 xui.

2054 3327 2115 3381 τὸ
2163 3323 2433 3380 Ἰουδαίων
2455 3323 2609 3391 γένος
2640 3324 2962 3393 ὑποστῆναι,
2989 3322 3049 3388 ἐξ
3088 3322 3168 3376 ἔτι
3201 3323 3411 3395 μακροῦ
3440 3324 3641 3390 αἰῶνος

2053 3419 2208 3491 παρὰ
2249 3419 2363 3479 τοῖς
2426 3414 2693 3470 Ἰουδαίων
2726 3416 3097 3486 προπάτορσιν
3144 3414 3489 3486 ἐγνωρίζετο.
3525 3416 3640 3470 Καὶ

2052 3509 2161 3580 γὰρ
2186 3504 2277 3562 οὖν
2302 3505 2396 3560 καὶ
2419 3502 2577 3556 τοῦτο
2628 3503 2962 3575 διαρθρῶσαι
3017 3503 3201 3568 καλὸν,
3239 3504 3314 3568 ὡς
3344 3505 3373 3556 ό
3417 3504 3641 3559 Ἰουδαῖ-

2055 3601 2189 3673 σμδς
2213 3600 2313 3653 οὐκ
2348 3596 2416 3672 ἦν
2454 3612 2542 3651 πω
2571 3596 2713 3661 τότε,
2768 3596 2881 3650 ἀλλ’
2916 3596 3153 3666 Ἑϐραῖοι
3215 3596 3313 3669 μὲν
3365 3597 3416 3650 οἱ
3447 3597 3641 3668 δηλού-

2056 3710 2205 3764 μενοι
2233 3693 2367 3763 ὁμοῦ
2391 3695 2455 3764 τῇ
2492 3686 2833 3763 προσηγορίᾳ
2857 3688 2949 3741 xui.
2972 3688 3062 3741 τὸν
3089 3688 3289 3760 τρόπον
3312 3699 3338 3729 ι
3364 3688 3634 3759 ὑπῆρχονο

2064 3782 2305 3835 Ἰουδαῖοι
2324 3780 2381 3834 δὲ
2403 3779 2513 3833 οὔτ’
2528 3776 2666 3852 ἦσάν
2695 3794 2803 3843 πω,
2826 3775 3335 3849 οὐτ’ἐχρημάτιζον.
3368 3777 3640 3851 Ἐϐραίων

2051 3876 2108 3930 δὲ
2141 3876 2236 3930 καὶ
2270 3873 2539 3929 Ἰουδαίων
2591 3875 2651 3930 τὸ
2704 3877 2976 3948 διάφορον
2994 3874 3179 3945 γνοίης
3239 3873 3306 3929 ἂν
3355 3866 3476 3927 ὧδε·
3523 3876 3639 3946 Τὴν

2056 3969 2152 4040 μὲν
2188 3969 2556 4041 προσηγορίαν
2577 3970 2627 4022 οἱ
2663 3968 2759 4039 μὲν
2793 3968 2900 4021 ἀπὸ
2929 3968 3022 4021 τοῦ
3079 3965 3271 4030 Ἰούδα,
3307 3964 3367 4030 ἐξ
3415 3957 3478 4018 οὗ
3533 3967 3642 4037 τῆς

2053 4062 2225 4132 φυλῆς
2250 4062 2310 4115 τὸ
2342 4062 2606 4116 Ἰουδαίων
2630 4064 2860 4133 μακροῖς
2890 4060 3114 4134 ὕστερον
3130 4062 3342 4132 χρόνοις
3360 4058 3640 4132 βασίλειον

2054 4153 2304 4224 συνέστη·
2354 4154 2403 4206 οἱ
2454 4153 2511 4206 δὲ
2557 4151 2667 4206 ἀπὸ
2724 4151 2819 4205 τοῦ
2874 4152 3059 4224 Ἔϐερ,
3109 4152 3408 4225 προπάτωρ
3436 4152 3494 4205 δὲ
3534 4150 3635 4207 τοῦ

2065 4241 2313 4312 Ἀϐραὰμ
2339 4237 2490 4305 οὗτος
2509 4237 2597 4313 ἦν,
2637 4241 3027 4313 ἐπεγράφοντο.
3064 4241 3357 4314 Προτερείν
3404 4258 3467 4295 τε
3502 4243 3637 4295 Ἰου-

2050 4331 2213 4385 δαίων
2252 4332 2536 4404 Ἐϐραίους
2595 4333 2935 4388 διδάσκουσιν
2958 4333 3008 4386 οἱ
3039 4334 3176 4405 ἱεροὶ
3217 4332 3387 4401 λόγοι.
3441 4332 3546 4387 Τὸν
3572 4334 3636 4387 δὲ

2048 4422 2151 4493 τῆς
2181 4424 2459 4489 εὐσεϐείας
2489 4424 2709 4497 τρόπον,
2746 4425 3021 4489 Ἰουδαίοις
3054 4426 3154 4496 μὲν
3192 4424 3408 4497 πρῶτον
3443 4425 3634 4497 ἀπάρ-

2051 4514 2244 4580 ξασθαι
2269 4515 2367 4585 τῆς
2399 4515 2717 4587 νομοθεσίας
2755 4516 2980 4581 Μωσέα,
3020 4514 3294 4569 σαϐϐάτου
3329 4515 3475 4579 τινὸς
3523 4532 3637 4569 πα-

376 4614 554 4684 gionis
595 4613 800 4668 cultum
847 4614 1058 4681 attinet,
1097 4614 1300 4669 Mosem
1345 4614 1583 4683 primum
1631 4613 1943 4668 Judaeorum

2063 4605 2278 4675 ραδόντα
2302 4607 2532 4677 ἡμέραν,
2567 4609 2661 4662 xui
2686 4607 2887 4678 ταύτης
2906 4606 3166 4678 πλείστην
3212 4607 3345 4678 ὅσην
3380 4605 3633 4677 φυλακὴν

375 4704 737 4774 legislatorem
782 4707 1076 4769 exstitisse,
1107 4721 1138 4759 a
1172 4720 1282 4775 quo
1301 4706 1511 4787 partim
1548 4706 1758 4760 sabbati
1800 4706 1943 4760 diem

376 4798 685 4866 acceperint
715 4797 974 4867 singulari
1007 4798 1244 4867 quadam
1274 4797 1639 4863 observantia,
1664 4797 1747 4851 ad
1776 4811 1940 4850 usur-

372 4887 607 4957 pandum
637 4886 757 4956 ejus
783 4886 910 4952 diei,
934 4901 1043 4955 quo
1066 4886 1351 4940 verborum
1368 4885 1677 4939 divinorum
1701 4884 1856 4954 quies
1879 4898 1942 4936 ac

373 4978 606 5034 cessatio
630 4977 827 5042 fuerat,
843 4978 1185 5041 memoriam,
1211 4978 1405 5047 partim
1424 4976 1808 5039 animantium,
1824 4973 1943 5044 qui-

371 5069 478 5124 bus
517 5078 610 5124 aut
632 5078 979 5125 vescerentur
1010 5079 1103 5124 aut
1130 5069 1487 5137 abstinerent,
1509 5069 1936 5133 distinctionem,

372 5162 569 5235 partim
622 5162 887 5218 solemnia
914 5161 1160 5231 quaedam
1198 5175 1489 5231 annuaque
1537 5159 1700 5227 feSta,
1731 5165 1941 5212 certos-

444 5360 472 5389 ι
505 5341 591 5399 ῑσ.
621 5341 700 5415 τῷ
726 5341 935 5416 τρόπῳ.

442 5502 551 5574 (64)
588 5505 817 5573 Ἀλλης
844 5520 908 5557 τε
943 5500 1192 5621 μακρᾶς.
1241 5498 1358 5555 Νοη
1392 5498 1640 5581 videbam
1688 5513 1820 5580 quo_
1842 5514 1936 5621 ge-

413 5575 575 5621 itivus
600 5574 702 5621 ista
718 5574 1023 5621 nertineret.
1082 5580 1244 5621 taaue
1271 5576 1410 5621 verti
1434 5571 1660 5621 perinde
1684 5583 1749 5621 ac
1776 5584 1823 5621 sn
1875 5585 1934 5621 e-

371 5571 575 5629 nitivus
600 5574 702 5628 iste
718 5571 1023 5643 pertineret.
1057 5571 1244 5643 itaque
1271 5571 1410 5643 verti
1434 5571 1660 5643 perinde
1684 5583 1749 5643 ac
1776 5571 1823 5625 si
1851 5571 1934 5643 le-

372 5652 605 5713 geretur,
636 5638 799 5707 ἄλλας
829 5660 886 5695 τε
918 5641 1130 5714 μακρὰς
1155 5638 1461 5710 περιόδους,
1494 5646 1549 5696 et
1574 5638 1929 5712 ἐπιτελουμό-

2049 4700 2127 4761 ei;
2157 4699 2461 4770 ὑπόμνησιν
2490 4701 2684 4771 σχολῆς
2715 4700 2820 4753 τῶν
2847 4698 3008 4771 ἱερῶν
3042 4699 3237 4768 λόγων,
3277 4699 3530 4769 βρωτέων
3563 4715 3631 4750 τε

2048 4790 2142 4844 xui.
2175 4791 2236 4843 οὐ
2265 4791 2511 4862 βρωτέων
2539 4790 2690 4855 ζώων
2711 4790 3008 4863 διαστολὴν,
3047 4791 3238 4863 ἑορτάς
3268 4807 3329 4844 τε
3351 4790 3630 4862 ἐτησίους,

2048 4881 2142 4935 καί
2166 4898 2314 4946 τινας
2344 4882 2610 4954 σωμάτων
2640 4882 2976 4953 καθαρμοὺς,
2998 4883 3163 4953 ἄλλης
3189 4900 3248 4935 τε
3276 4883 3494 4956 μακρᾶς
3510 4880 3629 4952 (64)

2048 4973 2294 5042 περιόδου
2325 4976 2464 5028 κατά
2497 4992 2617 5030 τινα
2654 4974 2898 5046 σύμϐολα
2937 4974 3206 5047 Θειότερον
3263 4973 3628 5043 ἐπιτελουμέ-

2044 5081 2162 5134 νης.
2201 5066 2440 5140 Ἑϐραῖοι
2492 5068 2569 5133 δὲ,
2629 5067 2983 5139 πρεσϐύτεροι
3046 5068 3289 5132 Μωσέως
3341 5066 3632 5138 γενόμενοι

2043 5160 2156 5221 τοῖς
2182 5158 2414 5230 χρόνοις,
2440 5160 2621 5231 πάσης
2643 5160 2743 5231 τῆς
2773 5159 2860 5214 διὰ
2886 5159 3128 5224 Μωσέως
3167 5158 3487 5232 νομοθεσίας
3525 5157 3631 5211 ἀν-

2038 5514 2164 5627 νὲιὲ,
2203 5513 2303 5571 pro
2337 5496 2793 5573 ἐπιτελουμένης,
2824 5512 2948 5570 quae
2976 5511 3102 5556 vera
3137 5496 3275 5554 mihi
3305 5495 3471 5556 lectio
3502 5498 3632 5554 visa

2038 5585 2069 5625 e

2038 5585 2069 5625 c
