3856 6224
188 276 295 331 517
1329 272 1650 329 ΡΒᾸΞΡΑΒ.
1694 273 1761 328 Ei

1870 274 1949 331 iG.
1990 273 2121 331 LIB.
2164 274 2278 331 Vll.
3345 280 3449 338 518

186 393 596 466 ιπήκοοιδντες,
629 394 910 465 ἐλεύθερον
933 394 1027 448 καὶ
1040 394 1319 466 ἀνειμένον
1350 395 1465 468 (65)
1491 397 1761 461 εὐσεϐείας

1876 413 1983 469 que
2015 400 2264 469 corporis
2299 400 2566 456 lustrandi
2597 402 2975 473 purgandique
2998 403 3154 469 ritus,
3183 413 3237 459 et
3261 403 3449 475 ingen-

184 487 504 558 κατώρθουν
528 486 748 555 τρόπον.
786 487 886 560 βίῳ
919 490 1016 560 μὲν
1045 489 1124 559 τῷ
1152 488 1294 543 κατά
1324 489 1421 561 τὴν
1469 490 1631 560 φύσιν
1677 508 1761 545 κε-

1874 501 1981 547 tem
2014 494 2348 563 reliquarum
2372 497 2829 551 caeremoniarum
2874 497 3296 566 multitudinem,
3326 517 3449 570 qua

186 578 548 650 κοσμημένοι,
578 578 654 643 ὡς
684 579 850 651 μηδὲν
882 581 1063 652 νόμων
1096 582 1302 634 δεῖσθαι
1351 581 1460 636 τῶν
1484 582 1761 654 ἀρξάντων

1874 585 2238 642 divinioribus
2293 588 2623 658 quibusdam
2660 589 2925 661 symbolis
2952 604 3016 644 ac
3042 590 3232 661 ﬁguris
3273 592 3449 648 inelu-

186 670 367 724 αὐτῶν
395 670 463 723 δι’
484 671 661 742 ἄκραν
686 671 861 743 ψυχῆς
904 672 1194 739 ἀπάθειαν,
1243 672 1445 741 γνῶσιν
1491 674 1549 727 δὲ
1594 674 1761 745 ἀληθῆ

1875 687 1969 739 ste,
2022 683 2188 743 atque
2231 672 2284 728 in
2321 676 2509 729 orbem
2537 678 2875 733 celebrandae
2907 691 3284 738 recurrerent:
3320 699 3447 739 cum

183 762 296 815 τῶν
321 764 449 834 περ)⁵
508 762 645 815 Θεοῦ
699 763 985 835 δογμάτων
1031 763 1381 835 ἀνειληφέναι
1431 764 1565 836 (66).
1611 765 1761 818 Ἀλλά

1876 764 2109 831 Hebraei,
2143 768 2234 836 qui
2262 768 2424 838 longo
2454 778 2580 823 ante
2606 770 2810 826 Mosem
2840 781 3082 843 tempore
3103 775 3442 844 claruerunt,

183 855 297 927 γάρ
326 855 493 909 τῶνδε
546 855 733 908 τοῦτον
779 856 1084 927 εἰρημένων
1116 856 1209 910 τὸν
1258 855 1478 927 τρόπον,
1510 854 1628 927 ῶρα
1674 858 1761 912 καὶ

1870 857 2108 912 ierenda:
2137 874 2230 927 per
2254 874 2376 913 eum
2409 862 2541 931 legis
2585 862 2779 932 ignari,
2811 865 3114 933 expeditam
3149 869 3442 935 quamdam

181 946 275 1003 διὰ
309 947 421 1002 τῶν
459 949 750 1020 ἐγγράφων
776 948 969 1002 ἐλθεῖν.

1870 962 1933 1002 ac
1960 949 2186 1003 liberam
2216 950 2431 1018 pietatis
2462 953 2605 1006 viam
2634 962 2899 1022 tenerent,
2932 959 3181 1012 moribus
3207 959 3436 1027 quidem

181 1047 261 1103 ita
310 1051 520 1103 naturae
571 1044 795 1097 ductum
866 1041 1221 1111 sequentibus
1266 1042 1500 1113 praditi,
1562 1042 1699 1096 nihil
1749 1050 1809 1097 ut
1845 1033 2023 1112 legum
2084 1043 2460 1098 moderatione
2528 1056 2750 1115 propter
2831 1064 3100 1104 summam
3151 1053 3320 1106 animi
3375 1054 3445 1107 ab

182 1135 335 1189 omni
382 1134 787 1204 perturbatione
819 1136 976 1190 vacui
1024 1137 1338 1206 aequitatem
1398 1137 1746 1205 indigerent;
1787 1152 1977 1191 eorum
2015 1152 2148 1191 vero
2193 1138 2463 1205 notitiam,
2522 1156 2643 1210 quae
2685 1141 2752 1195 de
2811 1141 2922 1197 Deo
2972 1145 3174 1200 sentire
3226 1156 3448 1217 oporte-

179 1236 291 1290 ret,
333 1243 519 1282 veram
569 1229 869 1284 consecuti.
901 1226 1007 1283 Sed
1066 1228 1188 1285 istis
1222 1230 1368 1284 hunc
1398 1229 1559 1300 305
1618 1230 1675 1284 in
1728 1229 1951 1284 modum
2015 1232 2335 1300 praemissis,
2369 1247 2548 1302 operae
2596 1234 2829 1303 pretium
2886 1234 3049 1291 fuerit
3099 1239 3167 1293 ad
3199 1238 3445 1309 Scriptu-

181 1337 375 1377 rarum
414 1321 656 1391 ipsarum
686 1320 863 1377 fontes
890 1322 1168 1378 accedere.

708 1412 1103 1465 ΚΕΦΑΛΑΙΟΝ
1135 1414 1211 1467 Z'.

2465 1408 2697 1467 CAPUT
2727 1412 2845 1470 Vll.

182 1524 570 1608 ODCfIb‘L'éC-d
598 1524 825 1608 ξῖωσῇς
861 1524 1147 1608 ξΕϐραίων
1195 1524 1330 1608 τιξιγ·Δ
1345 1526 1459 1608 πρὸ
1496 1523 1605 1595 τῆς
1634 1527 1761 1607 ἥλιε

1873 1524 2245 1608 Heli‘ra'orum,
2282 1526 2374 1608 qui
2425 1537 2545 1581 ante
2588 1544 2644 1608 se
2674 1529 2992 1608 ﬂoruerant,
3033 1533 3169 1587 vitas
3220 1534 3284 1587 ab
3329 1536 3445 1605 ipso

252 1598 390 1684 πίας
437 1596 644 1691 θαύτοῦ
689 1596 764 1665 τῇ
822 1596 1016 1664 οἰκείᾳ
1074 1596 1503 1666 καταϐέϐληται
1563 1596 1761 1667 γραφῇ

1943 1596 2110 1691 {ipse
2147 1596 2361 1666 proprio
2421 1613 2484 1651 ac
2555 1596 2817 1669 singulari
2886 1618 3038 1672 opere
3114 1596 3441 1676 conscriptas

252 1667 398 1732 τοὺς
422 1666 624 1733 βίους.

265 1781 324 1834 '0
351 1781 531 1835 τοίνυν
564 1780 735 1852 μέγας
779 1780 1026 1850 θεολόγος
1062 1782 1286 1854 Μωσῆς,
1318 1782 1567 1854 Ἐϐραῖος
1597 1781 1673 1838 ῶν
1711 1781 1769 1850 ἐξ

188 1867 483 1942 Ἑϐραίων,
518 1873 567 1925 εἰ
588 1871 681 1926 καί
708 1889 790 1936 τις
819 1872 996 1940 ἀλλος,
1044 1869 1103 1927 εὖ
1148 1890 1209 1926 τε
1243 1873 1312 1927 τά
1360 1874 1566 1945 πάτρια
1586 1871 1771 1938 ἐξέπιε

177 1966 470 2036 στάμενος,
496 1965 573 2030 ὡς
637 1967 696 2018 ἐν
742 1968 1049 2038 προοιμίοις
1095 1966 1202 2021 τῶν
1250 1966 1409 2039 ἱερῶν
1436 1967 1616 2038 νόμων
1642 1969 1770 2032 τοὺς

174 2056 288 2110 τῶν
319 2057 679 2129 προπατόρων
719 2056 986 2130 Ἐϐραίων
1037 2058 1186 2130 βίους
1218 2059 1461 2131 μνήμαις
1492 2058 1769 2126 ἀνεξαλεί-

182 2163 341 2210 πτοις
368 2147 769 2218 παραδέδωκεν,
803 2140 878 2200 ὧν
908 2164 967 2200 τε
992 2147 1212 2217 ἀγαθῶν
1243 2141 1388 2202 οὗτοι
1425 2149 1577 2221 παρά
1630 2149 1766 2203 Θεοῦ

180 2236 453 2309 ἠξιοῦντο,
484 2239 580 2293 καὶ
609 2234 677 2292 αὖ
710 2239 871 2293 πάλιν
896 2238 1071 2293 ἀλλων
1099 2238 1276 2294 ἀθέων
1324 2257 1386 2293 τε
1433 2241 1528 2294 καὶ
1556 2240 1769 2296 ἀσεϐῶν

182 2330 413 2400 τρόπους
445 2347 505 2384 τε
563 2332 661 2384 καὶ
710 2331 1015 2402 τιμωρίας,
1071 2332 1366 2400 ἀναγκαῖον
1421 2332 1769 2404 ἡγησάμενος

180 2424 445 2495 ὑπάρξειν
497 2424 657 2479 τοῦτο
695 2429 807 2490 τοῖς
850 2427 1131 2498 μέλλουσιν
1174 2428 1300 2491 τοὺς
1362 2427 1527 2481 αὐτοῦ
1569 2428 1767 2498 νόμους

178 2516 531 2571 παιδεύεσθαι
570 2517 817 2589 μάθημα,
851 2518 931 2582 είς
975 2535 1035 2571 τε
1063 2516 1353 2588 ἀποφυγὴν
1375 2518 1473 2589 τῆς
1494 2516 1601 2571 τῶν
1631 2515 1768 2587 φαύ-

176 2609 289 2663 λων
314 2610 719 2682 ὁμοιοτροπίας.
766 2612 861 2665 καὶ
905 2613 984 2675 είς
1021 2611 1335 2683 προτροπὴν
1359 2609 1454 2665 τοῦ
1483 2611 1592 2664 τῶν
1614 2611 1769 2663 εὐσε-

176 2700 291 2754 ϐῶν
316 2700 452 2772 βίου.
478 2702 633 2775 Χρῆν
660 2703 716 2756 δὲ
740 2704 834 2757 καὶ
866 2702 1041 2767 ἄλλως
1074 2702 1148 2774 μὴ
1177 2701 1412 2770 ἀγνοεῖν,
1436 2701 1518 2755 ὅτι
1539 2699 1603 2773 δὴ
1626 2699 1766 2770 φθά-

176 2809 398 2856 σαντες,
418 2794 513 2848 καὶ
546 2794 654 2865 πρὸ
672 2794 779 2847 τῶν
804 2795 1094 2866 ἐγγράφων
1125 2793 1287 2847 αὐτοῦ
1316 2793 1518 2867 νόμων,
1549 2793 1767 2856 πλείους

172 2884 281 2955 ἤδη
314 2884 423 2937 τῶν
468 2886 830 2957 προπατόρων
891 2886 1070 2958 ὀρθοῖς
1110 2886 1398 2957 ελογισμοῖς
1453 2884 1765 2947 θεοσεϐείας

1943 1667 2130 1736 fuisse.

1940 1777 2119 1834 Moses
2161 1778 2348 1849 igitur,
2385 1779 2619 1835 eximius
2674 1779 2766 1835 ille
2816 1781 3120 1854 theologus,
3172 1794 3334 1855 atque
3373 1801 3442 1841 ex

1869 1870 2111 1927 Hebraeis
2170 1870 2431 1928 Hebraeus
2489 1873 2608 1944 ipse
2672 1885 3010 1945 procreatus,
3079 1880 3446 1950 cum‘patriae

1870 1968 2046 2039 gentis
2074 1966 2388 2031 historiam,
2440 1976 2723 2033 accurate,
2761 1968 2807 2023 si
2834 1969 3126 2039 quisquam
3154 1969 3329 2034 'alius.
3365 1981 3446 2026 te-

1869 2067 2043 2125 neret,
2088 2060 2392 2128 priscorum
2423 2056 2780 2115 Hebrmorum
2812 2061 2970 2127 vitas,
3000 2077 3120 2130 quae
3159 2064 3332 2119 sacris
3367 2064 3446 2119 le-

1868 2148 2029 2218 gibus
2081 2147 2366 2216 cujusdam
2404 2148 2562 2218 quasi
2606 2147 2858 2217 prooemii
2913 2148 3035 2202 loco
3071 2148 3216 2203 viam
3263 2150 3448 2204 muni-

1868 2246 2013 2303 rent,
2056 2246 2404 2307 posterorum
2472 2236 2751 2291 memoriae
2804 2240 3190 2292 commendare
3250 2237 3443 2301 voluit,

1867 2328 2016 2383 nulla
2048 2343 2292 2398 unquam
2336 2327 2613 2382 oblivione
2642 2327 2923 2383 delendas.
2967 2328 3039 2383 lis
3094 2344 3281 2399 porro,
3334 2345 3445 2385 non

1867 2431 1932 2473 ea
1980 2425 2193 2472 tantum
2257 2433 2379 2487 quae.
2432 2418 2695 2473 divinitus
2757 2425 3078 2487 acceperant
3159 2418 3444 2486 beneﬁcia,

1865 2522 2057 2562 verum
2093 2515 2148 2560 et
2178 2507 2570 2561 nonnullorum
2618 2514 2903 2577 praeterea,
2936 2506 3029 2575 qui
3062 2520 3280 2563 omnem
3319 2524 3445 2563 cum

1866 2598 2158 2656 Divinitate
2198 2600 2417 2670 pietatis
2456 2615 2678 2656 sensum
2707 2599 3046 2669 abjeeerant,
3077 2614 3259 2655 mores
3282 2599 3446 2655 simul

1867 2709 1932 2748 ac
1957 2708 2147 2763 poenas
2184 2693 2459 2759 intexuit;
2507 2703 2663 2747 ratus
2707 2692 2795 2756 iis,
2830 2691 2922 2761 qui
2964 2691 3174 2762 legibus
3206 2693 3323 2747 suis
3358 2692 3445 2746 in-

1867 2784 2126 2840 stituendi
2172 2791 2377 2847 essent,
2410 2798 2581 2853 genus
2613 2783 2665 2837 id
2698 2783 3027 2853 cognitionis
3069 2783 3316 2851 apprime
3346 2798 3444 2837 ne-

1866 2877 2166 2932 cessarium
2198 2876 2466 2940 futurum,
2496 2884 2555 2930 ut
2576 2890 2672 2930 eos
2704 2883 2759 2929 et
2795 2874 2863 2929 ab
2920 2874 3293 2943 improborum
3321 2874 3445 2929 imi-

172 2976 349 3049 ἀρετῇ
385 2976 895 3048 κατεκοσμήθησαν·
930 2977 979 3030 οἳ
1012 2978 1106 3030 καὶ
1132 2977 1274 3045 φίλοι
1313 2974 1468 3041 Θεοῦ,
1501 2976 1599 3029 καὶ
1633 2993 1761 3048 προ-

1870 2969 2071 3022 latione
2120 2967 2433 3029 deterreret,
2500 2973 2554 3019 et
2619 2964 2686 3019 ad
2742 2964 3101 3042 consectanda
3148 2964 3441 3033 proborum

175 3068 346 3139 φῆται
377 3067 1074 3139 χρηματίσαντες,αἰωνίας
1099 3068 1287 3139 ἔτυχον
1302 3067 1432 3138 παρ’
1449 3065 1597 3138 αὐτῷ
1624 3067 1762 3139 μνή-

178 3174 311 3228 μης,
336 3150 414 3241 ὧν
443 3159 579 3230 μηδὲ
618 3159 928 3230 ἀλλοτρίους
952 3159 1013 3213 τὸ
1038 3160 1195 3229 γένος
1228 3155 1367 3213 εἶναι
1392 3158 1635 3223 τούτους,
1683 3152 1766 3222 οἷς

177 3250 309 3313 τοὺς
331 3251 531 3320 νόμους
559 3251 882 3305 διετάττετο.
907 3251 999 3305 Διὸ
1043 3251 1138 3305 καὶ
1192 3251 1389 3322 μᾶλλον
1425 3250 1621 3322 χρῆναι
1667 3249 1766 3303 αὑ·-

174 3344 327 3407 τοὺς,
362 3344 665 3413 ἀπογόνους
689 3344 952 3415 θεοφιλῶν
987 3346 1082 3399 καὶ
1121 3344 1346 3399 δικαίων
1392 3343 1601 3417 ἀνδρῶν
1636 3342 1767 3414 φύν-

172 3450 301 3499 τας,
325 3435 423 3505 τῆς
452 3434 563 3489 τῶν
596 3436 959 3507 προπατόρων
1008 3435 1288 3500 εὐσεϐείας
1338 3433 1585 3507 ζηλωτὰς
1628 3437 1763 3489 ἀνα-

173 3525 478 3598 δειχθῆναι,
503 3526 735 3581 σπεῦσαί
762 3545 822 3581 τε
855 3527 965 3582 τῶν
989 3529 1117 3582 ῐσων
1135 3531 1247 3593 τοῖς
1277 3528 1574 3600 γεννήσασι
1611 3529 1763 3600 παρά

176 3615 316 3670 Θεοῦ
352 3620 555 3688 τυχεῖψ
592 3617 728 3673 ἀλλὰ
755 3620 830 3691 μὴ
855 3619 1260 3692 ἀποναρκῆσαι,
1292 3620 1415 3692 μηδ’
1457 3620 1763 3691 ἀποκνῆσαι

174 3707 254 3772 ὡς
277 3710 367 3761 ἐπ’
391 3709 697 3775 ἀδυνάτοις,
728 3710 828 3782 τῆς
875 3711 985 3764 τῶν
1029 3711 1250 3781 ἀγαθῶν
1291 3710 1502 3775 ἐλπίδος
1537 3712 1765 3775 ἑαυτοὺς

175 3796 535 3866 ἀπογνόντας·
568 3798 771 3853 δυνατὰ
803 3797 911 3870 γὰρ
936 3795 1096 3863 εἶναι,
1123 3800 1219 3855 καὶ
1255 3802 1368 3863 τοῖς
1395 3798 1619 3864 οἰκείοις
1662 3801 1764 3853 αὐ-

174 3886 288 3941 τῶν
312 3889 689 3961 προπάτορα-ιν
718 3890 948 3954 ἐντελῶς
979 3890 1407 3963 κατωρθωμένα·
1439 3885 1514 3946 ὧν
1542 3893 1637 3946 καὶ
1664 3891 1765 3955 τὰς

177 3979 400 4042 εἰκόνας
425 3984 539 4045 τοῖς
574 3983 644 4036 τά
676 3981 795 4035 θεῖα
842 3981 1253 4054 παιδευομένοις
1291 3982 1604 4055 παρεδίδου,
1638 3984 1766 4047 τοὺς

179 4071 331 4142 βίους
358 4073 677 4143 καταλέγων
733 4074 841 4128 τῶν
873 4074 1139 4141 παλαιῶν,
1185 4075 1281 4129 καὶ
1320 4075 1421 4147 τὴν
1460 4075 1764 4140 ἰδιάζουσαν

176 4164 299 4227 ἑνδς
326 4164 557 4219 ἑκάστου
584 4166 806 4238 ἀρετὴν,
851 4165 1041 4240 ὥσπερ
1085 4168 1143 4220 ἐν
1176 4166 1350 4220 εἰκόσι
1381 4167 1600 4239 γραφῆς
1648 4166 1764 4220 δια-

177 4256 538 4327 τυπούμενος.

1865 3062 2112 3131 exempla
2155 3059 2484 3116 stimularet.
2521 3057 2680 3114 Tanti
2710 3060 2878 3114 etiam
2921 3066 3062 3124 erat,
3093 3059 3169 3111 uti
3199 3072 3295 3113 eos
3333 3056 3468 3112 non'

1865 3156 2076 3219 lateret,
2139 3152 2408 3223 majorum
2449 3151 2670 3222 quidem
2731 3166 2957 3207 suorum
3012 3151 3446 3221 quamplurimas

1865 3255 2156 3315 antequam
2179 3245 2276 3299 abs
2300 3259 2420 3299 sese
2451 3244 2597 3313 leges
2633 3244 2841 3312 scripto
2873 3244 2995 3297 lata:
3023 3250 3229 3309 essent,
3279 3251 3444 3297 rectae

1864 3338 2028 3391 unius
2061 3336 2289 3391 rationis
2324 3349 2548 3389 manum
2596 3342 2836 3398 secutos,
2875 3333 2943 3388 ad
2994 3348 3266 3387 summam
3312 3332 3444 3387 relic

1866 3426 2043 3499 gionis
2064 3442 2127 3482 ac
2157 3427 2327 3482 divini
2353 3426 2534 3481 cultus
2561 3425 2774 3480 Iaudem
2797 3425 3133 3494 pervenisse,
3162 3425 3254 3501 qui
3287 3422 3442 3494 quod

1863 3529 1920 3577 et
1959 3520 2129 3575 divini
2171 3519 2424 3574 Numinis
2467 3517 2731 3583 amicitia,
2767 3528 2821 3571 et
2871 3516 3168 3587 prephetize
3216 3530 3444 3570 munere

1863 3615 2266 3686 praestitissent,
2303 3611 2603 3667 immortali
2631 3611 2773 3680 apud
2808 3626 2867 3665 se
2889 3610 3151 3665 memoria
3176 3609 3438 3669 viverent.

1865 3707 2076 3775 Quibus
2116 3715 2301 3761 autem
2358 3706 2503 3775 leges
2561 3703 2677 3773 ipse
2714 3702 3115 3773 praescriberet,
3165 3717 3261 3756 eos
3312 3714 3439 3753 cum

1867 3798 2275 3868 antiquioribus
2310 3795 2417 3850 illis
2471 3809 2592 3849 esse
2624 3794 2838 3865 generis
2862 3808 2928 3848 ac
2971 3791 3256 3861 sanguinis
3286 3805 3441 3844 com-

1865 3889 2126 3944 munione
2172 3887 2531 3959 conjunctos:
2587 3898 2762 3955 eoque
2809 3899 2997 3939 verum
3055 3898 3195 3948 esse,
3251 3890 3311 3935 ut
3340 3880 3438 3949 qui

1864 3981 2152 4038 hominum
2181 3978 2294 4034 Deo
2324 3979 2777 4034 cbarissimorum
2814 3991 2879 4032 ac
2919 3975 3139 4029 virtutis
3172 3974 3433 4029 amantis-

1866 4075 2133 4130 simoruin
2170 4080 2396 4141 nepotes
2437 4077 2644 4136 essent,
2680 4070 2844 4124 iidem
2900 4068 3171 4136 majorum
3219 4079 3439 4136 quoque

1865 4180 2092 4220 suorum
2146 4162 2363 4232 pietatis
2395 4161 2622 4217 aemulos
2675 4176 2735 4217 se
2760 4169 2922 4231 atque
2950 4160 3254 4214 imitatores
3280 4154 3439 4211 exhi-

1864 4257 2081 4323 berent,
2127 4265 2292 4326 atque
2332 4256 2387 4309 in
2416 4254 2801 4310 beneﬁciorum
2836 4269 2902 4309 ac
2928 4252 3302 4323 praemiorum,
3340 4262 3438 4317 pa-

178 4350 366 4406 tribus
405 4365 436 4404 a
477 4349 593 4405 Deo
644 4364 1030 4405 concessorum
1086 4357 1296 4419 partem
1352 4363 1417 4405 ac
1459 4348 1775 4404 societatem
1811 4348 1996 4403 venire
2047 4346 2198 4402 omni
2226 4361 2330 4418 cpe
2376 4347 2670 4416 studioque
2702 4346 3121 4410 contenderent;
3160 4359 3271 4399 non
3333 4355 3436 4395 au-

250 4578 363 4650 (65)
405 4577 754 4647 Ἐλεύθερον
783 4575 886 4633 καὶ
909 4573 1154 4650 ᾁνειμέοε

178 4644 424 4705 solutum
464 4652 581 4720 vitae
602 4644 804 4720 genus,
828 4647 966 4720 πρὸς
993 4644 1159 4699 καλοῦ
1193 4644 1423 4720 ληπτέον
1437 4644 1586 4720 ἐστί,
1609 4644 1754 4712 quod

178 4720 391 4788 absque
425 4719 530 4773 ulla
561 4714 634 4784 vi,
666 4730 760 4773 aut
790 4714 966 4788 leg'um
1001 4714 1324 4788 necessitate
1351 4754 1366 4777 ,
1399 4714 1652 4788 virtutem
1689 4729 1755 4769 ac

177 4784 437 4860 pietatem
480 4789 714 4852 coleret,
766 4784 867 4860 nee
907 4787 1140 4860 graviori
1185 4794 1264 4839 tot
1291 4784 1753 4860 _e:_eremuniarui_ii

180 4854 351 4939 onere
394 4868 750 4939 premeretur.
807 4856 881 4911 Ita
911 4854 1039 4911 Tei'e
1078 4854 1427 4926 Thucydides
1465 4854 1757 4935 usurpavit

180 4927 276 4983 lib.
308 4945 370 4983 ιι.
404 4929 494 4981 ubi
527 4927 763 4982 Pericles
797 4928 854 4980 ὲν
875 4926 953 4983 τῶ
985 4925 1255 4983 ἐπιταφίῳ
1273 4924 1415 4983 λόγῳ
1441 4923 1752 4977 liberiorem

182 4928 276 4983 lib.
308 4945 370 4992 il,
404 4929 494 4981 ubi
527 4928 763 4982 Pericles
797 4928 854 4980 ὲν
875 4928 953 4997 τῷ
985 4928 1255 4996 ἐπιταφίῳ
1273 4928 1415 4994 λόγῳ
1442 4928 1752 4977 liberiorem

182 4999 600 5079 Atheniensium
634 4997 845 5079 vivendi
880 4999 1147 5079 rationem
1173 5034 1188 5058 ,
1217 4995 1425 5079 dueioizi
1457 5003 1522 5079 let
1558 4993 1747 5079 legum

184 5069 421 5124 vinculis
449 5069 689 5122 astricta
718 5067 1252 5122 Lacedaemoniorum
1276 5062 1578 5132 disciplinae
1597 5071 1751 5116 ante-

187 5152 428 5205 ponens,
458 5140 555 5192 καὶ
582 5140 639 5191 ἐν
666 5141 784 5203 ταῖς
814 5137 1081 5198 παιδείαις
1100 5175 1115 5199 ,
1159 5137 1208 5189 οἰ
1238 5134 1338 5205 μὲν
1383 5132 1753 5205 (Λακεδαιμό-

186 5201 308 5279 inci)
340 5201 581 5277 ἐπιτοόνῳ
607 5201 855 5279 ἀσκήσει,
888 5206 1049 5269 εὐθὺς
1082 5205 1188 5279 νέοι
1220 5201 1410 5279 ϐντεςί
1424 5202 1485 5255 τὸ
1515 5201 1755 5279 ἀνδρεῖον

260 5271 575 5350 τέοχονταιῖ
607 5271 876 5350 ἡμεῖς
908 5275 1206 5350 ἀνειμένως
1236 5271 1575 5350 διαιτώμενοι
1606 5271 1757 5350 οῦδὲν

260 5292 575 5350 τεοχονται·
607 5292 766 5349 ημεις
790 5292 876 5341 οε,
908 5292 1206 5345 ανειμενως
1236 5292 1575 5343 οιαιτωμενοι
1606 5292 1757 5325 ουοεν

186 5292 352 5421 ἕξων
381 5349 474 5421 ἐπὶ
497 5349 623 5421 τοὺς
660 5347 945 5421 ἰσοπάλους
997 5345 1275 5421 κιινδιξνους
1301 5341 1757 5421 χωροῦμενημηο

190 5412 284 5499 τῂν
309 5419 591 5499 ῥαθυμίαν
630 5420 805 5499 paulo
835 5426 988 5499 past,
1041 5416 1259 5499 meliori
1299 5412 1364 5499 ac
1388 5412 1753 5499 'l'audab‘iliori

193 5481 582 5572 signiﬁcatione
630 5481 850 5558 posuit:
869 5487 1096 5549 Καίτοι,
1142 5486 1190 5537 εί
1234 5484 1475 5607 ῥᾳθυμίᾳ
1525 5481 1751 5552 μᾶλλον,

194 5569 393 5607 innuit-
440 5558 474 5607 ἢ
530 5558 706 5607 πόνων
752 5557 981 5607 μελέτη.
1015 5556 1110 5607 καὶ
1158 5553 1231 5607 itii
1268 5571 1366 5607 μετ
1442 5552 1619 5607 νόμων
1663 5568 1751 5605 το-

194 5552 394 5629 inquit,
440 5558 475 5632 ἢ
530 5552 706 5612 πόνων
740 5557 981 5682 ralem,
1015 5556 1110 5610 mi.
1157 5552 1406 5626 μὴ”μετά
1442 5552 1619 5637 νόμων
1663 5568 1753 5605 το-

194 5629 400 5701 κλεῖονᾼ,
426 5630 460 5701 ἢ
491 5628 706 5701 τρόπων
733 5699 745 5701 _
776 5628 986 5701 νδρείας
1012 5625 1287 5701 ἐθέλοιμεν
1312 5623 1658 5677 κινδυνευειν.
1692 5620 1751 5676 Id

194 5709 312 5757 est:
348 5695 506 5768 om
529 5695 587 5753 si
612 5713 678 5753 ea:
718 5695 950 5768 faciliori
978 5696 1151 5768 potius
1184 5695 1305 5748 vita:
1345 5708 1552 5765 genere,
1588 5707 1747 5762 quam

1153 4591 1242 4628 ον.
1297 4572 1555 4628 Liberum
1584 4572 1674 4628 hie
1703 4584 1759 4627 et
1789 4576 1836 4636 ι)
1861 4573 2077 4627 assiduo
2111 4572 2350 4626 laborum
2383 4587 2482 4624 usu
2505 4611 2520 4633 ,
2565 4585 2660 4623 nec
2704 4568 2875 4639 legum
2919 4568 3227 4639 necessitate
3256 4568 3431 4635 potius

1860 4659 2018 4712 quam
2068 4659 2315 4713 generosa
2351 4640 2545 4694 indolis
2597 4638 2802 4713 virtute
2830 4640 3005 4713 dueti,
3031 4638 3115 4713 ‘ad
3161 4639 3428 4713 subeunda

1858 4707 2093 4781 periculo
2137 4715 2308 4766 venire
2353 4713 2671 4774 statuimus,
2714 4709 2805 4762 ubi
2840 4707 3110 4779 ρᾳθυμίαν
3143 4708 3223 4781 sic
3253 4723 3430 4781 πονων

1904 4783 2060 4855 ελέτῃ
2081 4785 2352 4855 opposuit,
2381 4791 2438 4834 ut
2461 4781 2705 4855 eamdem
2744 4776 2921 4832 tamen
2950 4776 3071 4855 eum
3097 4777 3306 4855 τρόπω.
3333 4776 3427 4855 ἀντ

1892 4848 2447 4933 ρείαῖοιιῖιιηςειιζιτ.
2482 4851 2602 4933 Quo
2634 4852 2797 4903 etiam
2834 4850 3081 4933 .pertinet
3141 4848 3286 4933 illitas
3343 4849 3428 4933 vel

1860 4918 2028 4977 moris
2049 4962 2064 4985 ,
2100 4918 2185 4976 vel
2234 4918 2449 4977 cbiisilii
2479 4922 2723 4982 fructus,
2755 4923 2848 4988 qui
2886 4919 3132 4986 sequitur
3162 4934 3175 4970 :
3208 4918 3430 4988 Περιγί-

1858 5009 2042 5064 γνεται
2094 4994 2245 5064 ἡμῖν,
2271 4994 2412 5064 τοῖς
2430 5009 2489 5064 τε
2534 4987 2817 5064 μέλλουσιν
2843 4987 3248 5064 Δἀλγεινοῖς-μὴ
3290 5004 3425 5064 πρρ-

1856 5057 2083 5133 κάμνειν
2099 5057 2237 5126 [καὶ
2265 5063 2324 5126 ὲς
2356 5061 2495 5133 αὐτά
2523 5057 2769 5133 ἐλθοῦσι,
2797 5057 3296 5133 μὴάτολμοτέρους
3318 5057 3427 5112 τῶν

1859 5129 1947 5187 ἀεῖ
1981 5133 2319 5204 μοχθούντων
2367 5131 2669 5200 φαίνεσθαι.
2719 5129 2834 5183 Hoc
2878 5132 2997 5182 inde
3037 5129 3423 5204 consequimur,

1861 5152 1946 5187 αει
1981 5152 2049 5204 μο
2086 5152 2319 5187 υουντων
2367 5152 2669 5200 φαινεσυαι.
2719 5152 2834 5183 Hoc
2878 5152 2997 5182 mae
3037 5152 3423 5195 consequimur,

1861 5215 1919 5257 ut
1943 5220 2034 5258 nec
2051 5152 2360 5273 §uturarum
2382 5217 2739 5256 aerumnarum
2764 5211 2884 5273 ante
2914 5211 3115 5267 tempus
3141 5199 3425 5255 asperitate

1865 5271 2195 5344 frangantur,
2230 5289 2321 5327 nec
2362 5282 2534 5325 tamen
2562 5280 2837 5340 postquam
2867 5271 2918 5344 in
2954 5286 3041 5323 eas
3077 5277 3285 5321 ventum
3321 5279 3423 5331 est,

1862 5341 1972 5398 illis
1992 5341 2132 5413 ipsis
2161 5345 2249 5413 qui
2278 5351 2528 5413 perpetua
2562 5343 2619 5394 in
2647 5341 2974 5413 contentione
3003 5346 3300 5402 versantur,
3324 5352 3427 5391 me-

1863 5409 2188 5470 ticulosiores
2219 5409 2309 5467 nos
2344 5409 2438 5466 aut
2464 5412 2720 5470 segniores
2746 5409 3103 5463 ostendamus.

1927 5483 2041 5557 ,(66)
2066 5482 2499 5557 ὶΑνειληφέναι.
2519 5475 2917 5557 Reponenduui
2948 5477 3187 5557 videtur.
3208 5475 3425 5557 ἀνείλη.

1899 5545 2036 5620 ότεςξ
2066 5545 2376 5623 Respondet
2411 5552 2557 5623 enim
2605 5545 2711 5623 hoc
2753 5550 3058 5623 membrum
3107 5545 3275 5615 priori
3309 5545 3419 5610 illi,

1899 5573 2035 5620 οτες.
2066 5573 2376 5623 nesponuei.
2411 5573 2557 5607 enim
2607 5573 2711 5604 nuc
2755 5573 3058 5603 iiicuim'uiu
3107 5573 3178 5615 pr.

1859 5573 1957 5698 ἓίῳ
1989 5627 2104 5696 μὲν,
2138 5625 2217 5694 τῷ
2246 5622 2387 5678 κατὰ
2419 5621 2517 5691 τὴν
2550 5620 2712 5690 φύσιν
2738 5616 3178 5690 κεκοσμημένοι.,
