3856 6224
400 250 506 308 519

1018 252 1295 312 EUSEBII
1327 244 1814 307 CESARIENSIS
1849 241 1999 298 OPP.
2044 238 2222 294 PARS
2260 238 2324 293 ll.
2364 270 2432 279 —
2471 238 2976 296 APOLOGETICA.

3550 243 3659 301 520

398 379 507 424 tem
548 369 810 426 similium
852 370 1145 435 bonorum,
1196 368 1422 439 perinde
1477 381 1544 421 ac
1600 365 1649 421 si
1694 361 1931 418 obtineri
1979 360 2048 415 ab
2086 359 2156 415 iis
2207 358 2357 413 nulla
2402 358 2616 414 ratione
2668 366 2914 428 possent,
2964 356 3349 429 desperatione
3404 361 3562 417 fracti
3594 379 3663 417 ac

398 459 675 514 debilitate
704 468 1106 531 torpescerent:
1137 460 1340 529 quippe
1366 472 1489 528 quae
1518 471 1620 511 nec
1650 469 1816 524 supra
1857 453 1969 507 vim
2008 466 2200 506 eorum
2254 458 2309 505 et
2358 449 2671 505 facultatem
2718 464 2935 504 omnem
2974 461 3182 520 essent,
3212 463 3266 509 et
3310 454 3561 524 ipsismet
3592 456 3664 510 il—

398 552 576 607 lorum
631 555 874 625 patribus
926 554 1155 609 feliciter
1221 554 1551 608 evenissent.
1592 549 1840 616 Quorum
1898 546 2167 617 imagines
2206 546 2275 601 iis
2331 554 2640 616 propterea,
2693 546 2787 615 qui
2817 546 3018 603 divinis
3062 547 3329 605 institutis
3374 551 3661 606 imbuendi

399 652 564 715 atque
597 645 845 701 initiandi
889 654 1072 699 essent
1112 643 1451 715 objiciendas
1500 641 1748 713 putavit;
1802 653 1981 709 eoque
2017 637 2249 692 consilio
2304 637 2615 707 priscorum
2692 637 2832 691 vitas
2885 639 3313 696 conscribendas
3362 642 3574 713 selegit,
3604 650 3665 698 et

396 734 555 804 quasi
585 736 728 806 picta
764 735 818 789 in
848 734 1029 789 tabula
1058 734 1385 804 singularem
1412 748 1477 787 ac
1497 731 1772 803 propriam
1803 728 2071 801 cujusque
2089 728 2344 783 virtutem
2377 729 2494 784 suis
2534 728 2812 783 coloribus
2844 729 3212 788 adumbravit.

904 824 1068 895 306
1100 821 1331 879 CAPUT
1366 821 1505 878 Vin.

395 948 611 1003 Maturo
647 952 855 1019 juaicio
887 969 1120 1021 canaque
1167 953 1373 1007 ratione
1415 961 1713 1021 susceptam
1749 970 1779 1006 a
1818 952 1967 1007 nobis

462 1036 643 1074 eorum
666 1023 945 1076 historiam
974 1024 1157 1092 fuisse.
1202 1023 1305 1077 Hic
1346 1034 1524 1076 autem
1559 1024 1757 1076 cursim
1781 1039 1962 1075 eorum

463 1092 999 1164 vita_perstt'iitgitur,
1027 1109 1156 1164 quos
1185 1104 1307 1147 ante
1341 1093 1598 1147 diluvium
1633 1110 1695 1147 ac
1725 1093 1967 1162 deinceps

465 1160 535 1233 ad
571 1161 771 1215 Mosam
818 1160 1198 1233 usque,'Deus
1270 1164 1533 1233 praecipuo
1587 1180 1766 1218 amore
1825 1160 1970 1216 com-

419 1290 425 1297 l
461 1231 647 1299 plexus
677 1242 775 1289 est.

462 1348 650 1418 Neque
678 1363 808 1403 vero
838 1345 936 1402 abs
969 1360 1027 1400 re
1072 1344 1239 1400 fuerit
1269 1359 1459 1400 eorum
1503 1345 1791 1401 historiam
1841 1345 1968 1399 bre-

391 1447 538 1499 viter
559 1444 680 1510 Ehoc
716 1441 840 1495 loco
868 1453 1211 1509 percurrere.
1258 1436 1501 1491 Primum
1546 1438 1710 1508 igitur
1740 1445 1866 1491 ante
1894 1437 1974 1490 di-

392 1538 605 1593 luvium
659 1529 1121 1604 quemadmodum
1180 1546 1249 1585 ex
1291 1528 1458 1584 Mosis
1506 1529 1748 1599 ejusdem
1785 1529 1978 1583 moui--

393 1631 594 1683 mentis
649 1622 1008 1692 intelligimus
1063 1620 1187 1692 (nec
1241 1618 1389 1674 enim
1443 1618 1682 1684 aliunde,
1748 1618 1966 1688 opinor,

393 1734 559 1789 quam
590 1733 654 1771 ex
687 1713 927 1785 propriis
977 1726 1169 1767 eorum
1200 1725 1422 1781 quoque
1451 1709 1698 1765 fontibus
1744 1726 1833 1765 res
1863 1707 1970 1765 He-

395 1811 666 1864 braeorum
718 1804 1033 1860 haurienda:
1089 1815 1235 1863 sunt,
1295 1817 1419 1856 cum
1493 1801 1843 1873 Egyptiacas
1901 1802 1970 1857 ab

394 1900 689 1974 Egyptiis,
732 1906 786 1953 et
815 1913 846 1952 a
894 1894 1251 1950 Phoenicibus
1284 1892 1595 1948 thuicias
1626 1894 1967 1961 petierimus,

393 1991 718 2059 Graecasque
748 1987 998 2043 similiter
1041 1987 1109 2038 ab
1148 1984 1215 2039 iis
1258 1984 1348 2052 qui
1383 1983 1622 2038 nominis
1651 1984 1793 2053 apud
1821 1982 1971 2039 Grae-

394 2097 491 2139 cos
518 2079 832 2137 celebritate
881 2076 1204 2141 ﬂoruerunt,
1249 2074 1495 2144 adeoque
1525 2089 1556 2128 a
1598 2074 1966 2145 philosophis,

1995 827 2043 881 Δ

2611 820 3007 873 ΚΕΦΑΛΑΙΟΝ
3042 818 3128 875 H'.

2081 908 2177 974 Ὡς
2188 911 2436 989 ,εὐβότῳ
2467 910 2660 989 κρίσει
2682 910 2781 964 καὶ
2800 910 3065 989 amarior:
3082 914 3356 989 ,λογισμῷ
3377 916 3502 989 τὴν
3521 920 3660 989 περὶ

2140 979 2326 1059 τῷνδε
2365 981 2668 1060 ἱοςτορζαν,
2692 979 3183 1060 παρεῖδεξάμεθεις⁷
3215 979 3656 1060 κάἵῌέπὶδρορὴ

2140 1050 2260 1128 τῶῖ
2287 1050 2436 1102 κατὰ
2460 1050 2601 1128 τοὺς
2633 1049 3047 1128 δηλουμένους
3081 1054 3257 1128 ﬂiam,
3299 1054 3420 1128 febr
3446 1049 3509 1112 τὲ

2140 1120 2271 1192 τοῦ,
2303 1122 2735 1192 κατακλυσμοῦ
2792 1122 3088 1189 θεοφιλῶν
3132 1124 3368 1192 ἀνδρῶν
3397 1128 3495 1180 καὶ
3533 1120 3660 1184 τῶν

2137 1189 2287 1268 peni.
2336 1191 2522 1244 ταῦτα
2566 1191 2746 1260 μέχρι
2781 1192 2893 1261 τῆς
2931 1193 3191 1260 Μωσέως
3235 1189 3446 1264 γενεᾶς
3491 1198 3660 1268 διαρ-

2140 1259 2467 1314 κεσάντων.

2140 1352 2249 1404 Καὶ
2275 1351 2477 1404 τούτων
2497 1350 2555 1404 δὲ
2580 1350 2733 1404 οὐδὲν
2754 1351 3004 1423 ἐμποδὼν
3040 1356 3114 1427 μὴ
3144 1357 3265 1428 οὐχὶ
3283 1357 3372 1413 διὰ
3406 1357 3659 1431 βραχέων

2069 1443 2390 1516 ὲπιδραμεῖν
2444 1444 2540 1514 τὴν
2589 1444 2849 1515 ἱστορίαν.
2907 1446 3021 1518 Πρὸ
3065 1448 3163 1518 μὲν
3197 1446 3290 1503 οῦν
3330 1451 3424 1504 τοῦ
3474 1469 3655 1507 κατα-

2069 1533 2335 1605 κλυσμοῦ,
2367 1532 2557 1606 ὥσπερ
2586 1536 2619 1604 ή
2655 1533 2822 1588 αὐτοῦ
2856 1536 3098 1601 Μωσέως
3149 1539 3390 1611 περιέχει
3439 1544 3650 1614 γραφή·

2068 1628 2149 1680 δεῖ
2185 1626 2241 1680 δέ
2272 1644 2396 1691 που,
2431 1626 2506 1690 ὡς
2553 1622 2727 1696 οἶμαι,
2764 1626 2837 1698 μὴ
2865 1626 3085 1682 ἄλλοθεν
3109 1630 3141 1701 ἢ
3166 1632 3327 1686 πάλιν
3351 1633 3560 1689 οἴκοθεν
3582 1637 3653 1690 τά

2081 1718 2346 1790 Ἑϐραίων
2381 1719 2588 1790 πάτρια
2612 1719 2997 1790 διασκοπῆσαι,
3025 1722 3146 1775 ἐπεὶ
3170 1724 3262 1777 καὶ
3287 1723 3357 1777 τὰ
3374 1726 3650 1795 Αἰγύπτια

2071 1811 2200 1883 παρ’
2231 1811 2564 1879 Αἰγυπτίων,
2591 1813 2684 1864 καὶ
2717 1811 2783 1865 τά
2810 1813 3070 1866 Φοινίκων
3113 1814 3264 1886 παρὰ
3294 1816 3403 1869 τῶν
3435 1818 3653 1871 οἰκείων

2069 1902 2464 1974 ὲμανθάνομεν,
2485 1903 2560 1966 ὡς
2589 1899 2654 1957 αὖ
2685 1903 2845 1958 πάλιν
2872 1904 2941 1958 τὰ
2986 1905 3249 1977 Ἐλλήνων
3271 1908 3422 1979 παρά
3459 1908 3566 1962 τῶν
3589 1910 3651 1963 ἐν

2067 1993 2275 2058 τούτοις
2299 1993 2591 2064 διαφανῶν,
2623 1995 2691 2048 τά
2734 2012 2795 2048 τε
2853 1996 3157 2066 φιλοσόφων
3186 1998 3334 2069 παρά
3363 1998 3470 2052 τῶν
3500 1999 3654 2068 φιλο-

2071 2088 2271 2156 σόφων,
2308 2086 2421 2140 ἀλλ’
2464 2089 2526 2141 οὐ
2572 2088 2724 2158 παρά
2747 2087 2855 2141 τῶν
2899 2090 3145 2160 ἀπείρων
3172 2089 3507 2160 φιλοσοφίας.
3541 2093 3650 2146 Πό-

395 2187 504 2227 non
546 2179 727 2226 autem
759 2169 828 2223 ab
874 2168 942 2222 iis
976 2167 1070 2237 qui
1117 2166 1169 2221 in
1222 2165 1571 2237 philosophia
1602 2166 1848 2235 hospites
1900 2182 1961 2222 ac

2074 2180 2159 2233 θεν
2185 2172 2242 2232 δὲ
2263 2179 2481 2234 ἄλλοθεν
2517 2181 2781 2251 προσήκοι
2809 2179 2874 2234 ἂν
2906 2181 2999 2233 καὶ
3032 2159 3100 2234 τὰ
3124 2159 3381 2252 ίατρικῆςί
3408 2182 3442 2253 ἣ
3497 2183 3653 2255 παρὰ

394 2261 672 2335 peregrini
713 2266 918 2324 essent,
955 2274 1079 2328 quae
1125 2257 1191 2311 ad
1226 2255 1590 2327 philosophiae
1619 2257 1862 2311 rationes
1901 2271 1965 2311 ac

393 2354 610 2410 decreta
636 2351 996 2423 pertinebant.
1036 2348 1187 2416 Quos
1218 2358 1275 2403 tu
1300 2364 1431 2404 vero
1457 2349 1667 2418 justius
1693 2349 1759 2402 de
1790 2347 1965 2402 medi-

393 2446 531 2501 cinae
559 2443 863 2514 praeceptis,
893 2456 1056 2511 quam
1088 2440 1224 2495 artis
1259 2440 1407 2493 illius
1436 2439 1643 2508 peritos
1673 2438 1967 2494 consulas?

393 2537 596 2593 Eodem
626 2537 783 2607 plane
803 2536 927 2606 jure
953 2546 1157 2601 snatuo,
1194 2551 1282 2589 res
1322 2533 1673 2588 Hebraeorum
1696 2549 1806 2586 non
1840 2532 1965 2588 aliis

393 2647 557 2701 quam
588 2628 937 2684 Hebraeorum
966 2644 1031 2683 ex
1060 2628 1254 2683 litteris
1276 2642 1399 2684 esse
1424 2626 1764 2698 repetendas)
1788 2644 1801 2679 :
1828 2626 1969 2680 mul-

394 2728 467 2778 tis
512 2739 663 2794 ergo,
721 2722 1185 2793 quemadmodum
1234 2720 1454 2775 illorum
1510 2720 1667 2775 docet
1713 2720 1964 2784 historia,

390 2817 555 2886 longo
607 2826 732 2871 ante
775 2813 1043 2868 diluvium
1081 2824 1348 2883 tempore,
1377 2811 1491 2881 jam
1529 2827 1703 2881 usque
1732 2827 1762 2865 a
1789 2810 1965 2880 prima

395 2909 677 2964 hominum
704 2907 936 2974 origine,
979 2921 1187 2976 perque
1217 2905 1438 2976 longam
1472 2902 1732 2973 deinceps
1764 2918 1964 2958 conse-

391 2999 673 3069 quentium
734 3006 954 3052 aetatum
1003 2996 1224 3062 seriem,
1285 3009 1413 3051 cum
1480 2995 1758 3064 praecipuo
1819 2993 1965 3049 Deus

391 3104 578 3145 amore
599 3088 917 3157 complexus
942 3095 1044 3151 est,
1084 3094 1200 3140 tum
1229 3085 1351 3139 laus
1381 3085 1714 3151 integritatis
1744 3100 1963 3139 summa

390 3179 809 3235 commendavit.
830 3183 1001 3247 Atque
1014 3178 1164 3231 illum
1184 3176 1236 3230 in
1254 3176 1446 3246 primis
1458 3176 1548 3245 qui
1575 3195 1595 3227 ‹
1620 3177 1856 3245 speravit
1880 3177 1964 3230 in—

390 3285 589 3327 vocare
605 3286 801 3325 nomen
818 3269 1033 3323 Domini
1054 3269 1147 3324 Dei
1169 3267 1305 3341 (67).
1320 3287 1338 3320 ›
1363 3268 1482 3334 Quo
1502 3269 1755 3338 loquendi
1769 3284 1965 3339 genere

394 3363 680 3433 Scriptura
706 3362 969 3424 declarat,
1029 3361 1198 3415 alium
1253 3361 1323 3415 ab
1358 3376 1424 3415 eo
1449 3361 1721 3415 neminem
1769 3371 1965 3429 prazter

383 3444 677 3512 ipsummet
713 3457 897 3497 rerum
948 3441 1256 3496 molitorem
1313 3441 1560 3497 omnium
1612 3451 1668 3497 et
1712 3443 1957 3500 universi

383 3504 675 3586 Dominum
726 3532 890 3587 simul
952 3540 1115 3601 atque
1152 3529 1345 3599 Deum,
1381 3531 1484 3586 sibi
1535 3532 1813 3602 rebusque
1841 3536 1958 3591 suis
1991 3504 2033 3561 Ο

382 3625 692 3690 tutelarem,
725 3622 882 3694 quasi
908 3629 1199 3693 patronum
1228 3637 1350 3677 esse
1391 3623 1656 3678 delectum
1685 3642 1698 3678 :
1733 3625 1954 3695 quippe,

383 3718 474 3787 qui
505 3716 732 3771 onmino
758 3729 1080 3785 persuasum
1110 3714 1163 3768 id
1201 3713 1449 3779 haberet,
1493 3731 1600 3769 non
1640 3716 1955 3771 universum

383 3809 546 3862 modo
576 3808 628 3861 vi
664 3806 953 3863 eﬂ‘ectricis
988 3806 1136 3861 illius
1166 3806 1450 3877 potestatis
1469 3805 1607 3860 bene
1645 3820 1711 3860 ac
1740 3807 1957 3876 sapien-

383 3908 469 3954 ter
505 3915 629 3955 csse
677 3899 1059 3964 constitutum,
1110 3899 1202 3953 sed
1232 3898 1396 3952 etiam
1430 3897 1654 3968 perinde
1686 3907 1742 3951 ut
1767 3899 1958 3968 ingen-

384 4001 490 4047 tem
506 3992 739 4061 aliquam
754 3991 1146 4060 rempublicam
1167 3990 1411 4060 ejusdem
1426 3991 1657 4060 imperio
1674 4005 1738 4044 ac
1750 3989 1958 4045 ditione

383 4083 671 4147 contineri,
712 4097 775 4137 ac
823 4090 1005 4152 partes
1058 4082 1202 4136 illius
1249 4096 1439 4136 omnes
1484 4081 1656 4151 ipsius
1696 4091 1956 4150 tanquam

384 4176 585 4231 summi
633 4173 1075 4241 Patrisfamilias,
1108 4176 1216 4230 imo
1242 4182 1498 4244 tanquam
1536 4175 1653 4228 veri
1689 4174 1951 4245 legitimi—

383 4281 492 4336 que
540 4265 780 4332 Domini,
812 4263 996 4335 Regis,
1030 4269 1109 4333 "ac
1151 4262 1245 4319 Dei
1292 4266 1574 4319 voluntate
1617 4265 1957 4334 arbitrioque

382 4356 694 4426 gubernari.
746 4354 894 4422 Quas
930 4356 1019 4410 ille
1045 4356 1111 4410 de
1131 4353 1243 4410 Deo
1272 4356 1527 4426 princeps
1556 4356 1714 4425 eique
1743 4355 1956 4410 charis-

382 4448 558 4502 simus
613 4445 828 4500 Domini
891 4445 1097 4515 Deique
1149 4445 1397 4499 notiones
1446 4453 1497 4499 et
1566 4443 1955 4513 appellationes

383 4538 567 4592 animo
595 4553 720 4592 eum
747 4536 1120 4605 informasset,
1158 4536 1300 4591 idem
1333 4536 1499 4591 simul
1522 4533 1802 4590 facultatis
1830 4549 1954 4589 om-

382 4630 489 4693 nis,
510 4644 573 4684 ac
591 4630 825 4684 nominis
839 4643 1112 4698 opumque
1129 4630 1374 4682 omnium
1391 4628 1533 4693 loco,
1546 4628 1632 4681 vel
1648 4627 1826 4696 p0tius
1844 4642 1956 4697 prae

381 4719 543 4790 307
571 4719 811 4789 cujusvis
856 4718 983 4774 boni
1012 4719 1189 4788 copia,
1238 4735 1257 4769 ι
1287 4719 1526 4788 speravit
1557 4718 1812 4772 invocare
1854 4732 1955 4772 no-

382 4827 508 4865 men
537 4809 748 4865 Domini
776 4810 891 4878 Dei,
921 4829 942 4864 ›
980 4826 1106 4866 cum
1133 4825 1258 4865 eum
1290 4809 1394 4866 sibi
1419 4819 1741 4865 cunctorum
1782 4808 1954 4863 animi

383 4903 548 4958 simul
590 4912 648 4957 et
685 4903 931 4972 corporis
963 4903 1232 4957 bonorum
1280 4902 1598 4957 thesaurum
1631 4915 1954 4970 comparas-

384 5003 487 5047 set.
524 4991 699 5059 Quam
727 4995 797 5048 ob
823 5009 1046 5049 causam
1078 4994 1314 5064 primum
1353 5009 1479 5049 eum
1512 5007 1732 5063 quoque
1762 5009 1955 5048 verum

385 5086 662 5141 hominem
694 5086 933 5142 audiisse
963 5084 1174 5142 Hebraei
1215 5087 1591 5157 prodiderunt.
1625 5085 1773 5142 Enos
1821 5102 1956 5142 sane

384 5178 630 5249 quidem,
666 5179 773 5233 hoc
804 5190 888 5235 est
934 5196 1086 5234 verus
1112 5181 1288 5247 homo,
1328 5180 1632 5251 appellatus
1668 5178 1792 5246 fuit,
1819 5194 1954 5234 con-

384 5285 609 5343 gruente
630 5274 922 5329 admodum
946 5283 1179 5344 aptaque
1199 5274 1439 5328 nominis
1469 5274 1703 5328 ratione.
1736 5271 1795 5326 ln
1825 5284 1951 5325 eum

380 5366 525 5420 enim
561 5365 737 5421 solum
770 5366 884 5420 veri
933 5365 1175 5421 hominis
1206 5365 1624 5436 appellationem
1658 5363 1952 5419 convenire

381 5460 709 5523 statuebant,
766 5457 858 5527 qui
907 5456 1003 5511 Dei
1044 5457 1296 5512 notitiam
1347 5469 1681 5525 sensumque
1728 5453 1949 5524 pietatis

456 5640 566 5711 (67)
593 5626 759 5696 Enos.
788 5638 871 5696 Cf.
896 5639 1031 5697 Gen.
1063 5655 1136 5709 ιν,
1168 5640 1268 5694 ult.

2064 2270 2172 2326 τῶν
2203 2272 2583 2343 ἐπιστημόνων
2629 2271 3042 2338 πυνθάνεσθαι;
3087 2272 3245 2326 Οῦτω
3290 2273 3354 2345 δὴ
3405 2274 3548 2328 κατά
3587 2275 3651 2328 τὸ

2066 2364 2352 2419 ἀκόλουθον
2377 2363 2617 2435 ἡγοῦμαι
2643 2364 2752 2418 δεῖν
2776 2365 2870 2418 καὶ
2896 2364 2964 2418 τὰ
3004 2365 3267 2436 Ἐϐραίων
3298 2368 3364 2419 ὲκ
3386 2365 3493 2419 τῶν
3516 2369 3649 2438 παρ’

2079 2456 2348 2529 Ἑϐραίοις
2377 2456 2590 2525 λογίων,
2618 2454 2754 2510 ἀλλά
2786 2456 2861 2527 μὴ
2903 2456 3123 2511 ἄλλοθέν
3181 2456 3344 2511 ποθεν
3395 2457 3653 2527 ἀποδέχε-

2068 2554 2213 2607 σθαι.
2265 2554 2475 2623 ’Ὠσπερ
2533 2547 2626 2605 οὖν
2658 2554 2686 2604 ό
2721 2551 2875 2622 παρά
2938 2550 3147 2615 τούτοις
3197 2551 3416 2622 κατέχει
3466 2551 3647 2621 λόγος,

2066 2646 2269 2700 ἄνωθεν
2303 2646 2411 2716 πρὸ
2441 2645 2534 2698 τοῦ
2566 2643 2976 2713 κατακλυσμοῦ,
3000 2645 3064 2698 ὲκ
3101 2643 3324 2716 πρώτης
3346 2643 3651 2717 ἀνθρώπων

2065 2737 2350 2806 γενέσεως,
2383 2736 2477 2789 καὶ
2508 2738 2586 2800 εἰς
2613 2735 2711 2799 τὰς
2741 2735 2869 2806 ἑξῆς
2907 2735 3177 2807 διαδοχὰς,
3201 2735 3467 2805 Θεοφιλεῖς
3503 2752 3649 2799 τινες

2066 2827 2257 2898 ἄνδρες
2283 2828 2560 2896 γεγόνασι,
2592 2827 2685 2879 καὶ
2713 2827 2910 2880 δίκαιοι
2946 2826 3186 2891 πλείους,
3235 2821 3310 2881 ὧν
3338 2829 3367 2879 ό
3389 2827 3488 2897 μὲν
3519 2847 3538 2878 ι
3561 2827 3655 2898 ηλ-

2068 2936 2223 2973 πισεν
2282 2917 2658 2972 ἐπικαλεῖσθαι
2709 2918 2771 2970 τὸ
2815 2917 2985 2988 ὄνομα
3052 2918 3258 2989 Κυρίου
3305 2916 3403 2971 τοῦ
3453 2916 3644 2970 Θεοῦ.»

2066 3007 2237 3062 Τοῦτο
2258 3008 2313 3062 δὲ
2339 3009 2488 3080 δηλοῖ
2502 3008 2564 3061 τὸ
2595 3008 2798 3079 μηδένα
2827 3006 2964 3077 πλὴν
2998 3006 3104 3059 τῶν
3150 3007 3406 3061 ἁπάντων
3433 3007 3525 3060 τὸν
3545 3006 3652 3078 δη-

2070 3102 2330 3173 μιουργὸν
2361 3100 2627 3171 δεσπότην
2660 3098 2794 3170 ὁμοῦ
2826 3099 2921 3152 καὶ
2954 3098 3084 3151 Θεὸν
3110 3098 3219 3152 τῶν
3258 3098 3393 3152 ὅλων
3419 3097 3653 3169 ἐπιγρά-

2064 3192 2291 3263 ψασθαι.
2319 3192 2620 3245 Πεπεῖσθαι
2644 3191 2752 3262 γὰρ
2779 3190 2940 3244 αὐτὸν
2988 3191 3049 3243 οὐ
3083 3192 3241 3260 μόνον
3277 3194 3532 3261 ποιητικῇ
3553 3191 3652 3242 δυ-

2065 3288 2225 3357 νάμει
2255 3281 2313 3339 εὖ
2345 3286 2438 3338 καὶ
2469 3287 2525 3337 ὲν
2556 3285 2746 3355 κόσμῳ
2786 3283 2846 3336 τὸ
2897 3285 3007 3336 πᾶν
3069 3283 3479 3347 διατεθεικέναι,
3515 3282 3656 3337 ἀλλὰ

2066 3378 2160 3432 καὶ
2188 3376 2448 3430 δεσπότου
2478 3376 2655 3447 δίκην,
2678 3376 2752 3439 ὡς
2783 3376 2848 3429 ἂν
2874 3374 3116 3446 μεγάλης
3140 3374 3366 3439 πόλεως,
3396 3373 3491 3427 τοῦ
3521 3375 3655 3445 σύμ.

2070 3485 2270 3532 παντος
2301 3466 2595 3539 κυριεύειν,
2650 3469 2952 3536 οἰκονομεῖν
3005 3483 3064 3519 τε
3124 3466 3218 3518 καί⁹
3253 3465 3654 3520 οἰκοδεσποτεῖν

2066 3559 2201 3631 ὁμοῦ
2228 3559 2321 3613 καὶ
2347 3559 2550 3629 Κύριον
2575 3558 2704 3612 ὄντα
2723 3558 2818 3610 καὶ
2842 3557 3085 3628 βασιλέα,
3112 3559 3206 3611 καὶ
3246 3557 3398 3611 Θεόν*
3433 3550 3496 3610 οῦ
3551 3559 3653 3629 τὴν

2064 3651 2139 3714 ὡς
2163 3651 2370 3722 Κυρίου
2429 3651 2522 3703 καὶ
2575 3649 2710 3703 Θεοῦ
2760 3648 2966 3703 ἔννοιάν
3017 3666 3076 3702 τε
3128 3649 3223 3703 καὶ
3273 3650 3653 3722 προσηγορίαν

2066 3740 2281 3814 πρῶτος
2317 3746 2345 3796 ὀ
2377 3741 2701 3814 δηλούμενος
2760 3740 3012 3813 θεοφιλὴς
3068 3743 3126 3796 ἐν
3174 3740 3250 3812 νῷ
3298 3741 3653 3812 βαλλόμενος,

2064 3832 2186 3885 ἀντὶ
2210 3833 2392 3903 πάσης
2421 3832 2730 3905 ὑπάρξεως,
2752 3833 2845 3886 καὶ
2875 3832 3265 3903 προσηγορίας,
3299 3833 3394 3885 καὶ
3424 3851 3652 3904 περιου-

2066 3924 2207 3989 σίας,
2241 3925 2438 3995 μᾶλλον
2480 3925 2537 3978 δὲ
2580 3924 2700 3976 ἀντὶ
2745 3923 2941 3985 παντὸς
2962 3922 3167 3990 ἀγαθοῦ
3210 3922 3486 3993 «ἤλπισεν
3532 3925 3656 3976 ἐπι-

2063 4011 2343 4066 καλεῖσθαι
2374 4012 2433 4066 τὸ
2456 4011 2630 4082 ὄνομα
2661 4011 2867 4083 Κυρίου
2894 4009 2988 4063 τοῦ
3019 4009 3176 4073 Θεοῦ,
3202 4029 3220 4062 ι
3253 4010 3442 4063 τοῦτον
3469 4010 3655 4081 ἑαυτῷ

2065 4100 2336 4173 θησαυρὸν
2359 4100 2578 4169 ἀγαθῶν
2606 4099 2785 4170 ψυχῆς
2815 4117 2875 4153 τε
2908 4097 3043 4170 ὁμοῦ
3074 4100 3168 4153 καὶ
3202 4100 3452 4169 σώματος
3479 4117 3655 4155 7:51:0-

2067 4193 2340 4264 ρισμένος.
2379 4191 2530 4263 Παρὸ
2581 4192 2674 4246 καὶ
2711 4190 2926 4263 πρῶτος
2967 4190 3171 4263 ἀληθὴς
3197 4191 3481 4262 ἄνθρωπος
3508 4208 3650 4263 χρη-

2067 4284 2289 4355 ματίσαι
2312 4286 2443 4355 παρ’
2494 4282 2764 4355 Ἑϐραίοις
2814 4282 3249 4354 ἀναγέγραπται.
3293 4280 3571 4351 Κέκληται
3602 4282 3651 4335 δ’

2062 4371 2153 4430 οῦν
2193 4374 2377 4443 Ἐνὼς,
2405 4376 2539 4447 ὅπερ
2571 4376 2718 4429 ἐστὶν
2777 4374 2978 4445 ἀληθὴς
3017 4373 3322 4445 ἄνθρωπος,
3372 4371 3651 4444 εὐθυϐόλῳ

2063 4466 2435 4538 προσωνυμίᾳ.
2462 4465 2594 4519 Οὐδὲ
2624 4466 2733 4537 γὰρ
2754 4465 2910 4520 ἄλλον
2939 4464 3100 4535 φασὶν
3145 4463 3317 4535 ἀληθῆ
3348 4465 3650 4535 προσήκειν

2062 4557 2313 4630 ἡγεῖσθαι
2353 4557 2449 4611 καὶ
2501 4556 2788 4629 ὀνομάζειν
2821 4555 3108 4628 ἄνθρωπον
3140 4555 3173 4625 ἢ
3201 4556 3293 4608 τὸν
3340 4553 3475 4607 Θεοῦ
3504 4554 3654 4623 γνώ-

2064 4666 2203 4713 σεως
2229 4650 2323 4703 καὶ
2346 4648 2625 4713 εὐσεϐείας
2653 4650 2935 4722 ἐπήϐολον,
2958 4649 3050 4703 τὸν
3088 4648 3302 4719 ἀληθῶς
3343 4648 3650 4717 γνωστικδν

2062 4740 2197 4812 ὁμοῦ
2221 4742 2314 4794 καὶ
2340 4741 2559 4811 εὐσεϐῆ.
2589 4743 2710 4795 Ὅτι
2750 4741 2815 4813 δὴ
2866 4742 2993 4805 τοὺς
3022 4742 3096 4811 μὴ
3128 4740 3427 4804 τοιούτους,
3469 4739 3647 4811 θρεμ-

1992 4838 2038 4894 D
2070 4831 2253 4902 μάτων
2285 4832 2405 4885 κατ’
2440 4832 2593 4886 οὐδὲν
2613 4832 2823 4901 ἀλόγων
2868 4831 3245 4902 διαφέροντας,
3271 4827 3361 4885 οἷα
3396 4832 3489 4885 ἐπὶ
3537 4848 3648 4899 γα-

2071 4922 2237 4994 στέρα
2262 4925 2354 4976 καὶ
2375 4923 2566 4995 ἡδονὴν
2618 4927 2844 4996 πρηνεῖς
2885 4925 3413 4997 καταϐεϐλημένους,
3469 4923 3650 4997 θῆρας

2071 5012 2269 5083 μᾶλλον
2323 5012 2353 5084 ἢ
2401 5013 2720 5084 ἀνθρώπους
2788 5019 2821 5088 ἡ
2864 5014 3128 5086 Ἐϐραίων
3180 5014 3473 5068 ἀποκαλεῖν
3494 5015 3648 5068 διδά-

2068 5119 2188 5156 σκει
2233 5104 2437 5176 γραφὴ,
2494 5107 2865 5180 κυριολεκτεῖν
2920 5108 3203 5179 εἰθισμένη
3241 5107 3340 5171 τὰς
3373 5124 3652 5178 προσηγο-

2069 5194 2209 5266 ρίας.
2249 5197 2401 5268 Παρὸ
2422 5199 2549 5262 τοὺς
2576 5198 2814 5252 τοιούσδε
2834 5199 2954 5254 τοτὲ
2979 5199 3078 5270 μὲν
3106 5197 3300 5262 λύκους
3332 5198 3428 5251 καὶ
3452 5197 3645 5265 κύνας,

2064 5286 2186 5340 τοτὲ
2221 5287 2277 5340 δὲ
2310 5288 2441 5352 σύας
2480 5289 2696 5362 φορυτῷ
2726 5290 3041 5362 χρωμένους
3084 5290 3179 5344 καὶ⁵
3206 5290 3514 5361 χαίροντας,
3548 5291 3649 5344 καὶ

2066 5379 2227 5434 πάλιν
2248 5380 2472 5451 ἑρπετὰ,
2496 5384 2590 5435 καὶ
2621 5381 2793 5452 ὄφεις,
2846 5383 2959 5446 τοῖς
2984 5416 2989 5422 -
3016 5381 3116 5452 τῆς
3150 5381 3348 5443 κακίας
3380 5380 3647 5451 πολυτρόο

2066 5488 2187 5536 ποις
2209 5473 2462 5546 ἐμφερῶς
2494 5474 2680 5542 εἴδεσι,
2706 5472 3133 5548 προσαγορεύειν
3153 5471 3363 5527 εἴωθεν.
3388 5473 3452 5526 Ei.
3470 5472 3528 5526 δὲ
3545 5474 3650 5529 καὶ
