3878 6220
196 326 303 386 621

1361 326 1664 387 PREPAR.
1710 327 1962 388 EVANG.
1978 328 2112 390 LIB.
2152 329 2266 391 VH.

3258 310 3264 317 ”
3366 353 3469 410 522

193 463 331 502 ποτε
362 448 453 502 τὸν
482 449 661 503 κοινὸν
708 450 801 504 καὶ
828 446 995 505 πολὺν
1023 451 1331 524 ἄνθρωπον,
1384 454 1480 509 καὶ
1523 455 1585 510 τὸ
1630 455 1745 524 γένο

1848 465 2220 516 ,consecutus
2258 468 2425 527 esset,
2472 462 2717 533 adeoque
2761 479 2889 520 vera
2938 474 3058 521 tum
3104 474 3471 541 cognoscendi

189 541 329 597 αὐτὸ
351 539 527 613 χρεὼν
554 540 911 613 διασημῆναι,
953 544 1116 597 πάλιν
1141 545 1319 615 οίκείᾳ
1363 546 1456 600 καὶ
1509 564 1745 619 προσφυε

1888 548 2167 617 facultate,
2227 559 2344 606 tum
2412 553 2580 607 etiam
2639 554 2905 624 religione
2955 539 3237 628 praeditus,
3299 562 3466 619 alium

188 632 450 703 χρωμένη
476 633 839 706 προσηγορίᾳ,
892 633 983 686 τὸν
1017 634 1193 689 πάντα
1239 634 1527 708 ἄνθρωπον
1562 640 1627 709 τῇ
1682 636 1777 691 τοῦ

1886 649 2147 710 praeterea
2194 644 2490 699 neminem.
2544 644 2679 700 Nam
2723 648 2816 715 qui
2852 649 3125 718 ejusmodi
3168 667 3279 707 non
3313 666 3463 721 sunt,

200 724 380 794 Ἀδὰμ
406 723 695 796 ἐπωνυμίᾳ
726 725 1033 796 σημαίνειν·
1079 727 1161 780 ὅτι
1199 726 1264 799 δὴ
1313 727 1473 782 τοῦτο
1525 728 1603 800 τῷ
1646 746 1745 801 προ

1886 733 2090 802 quique
2128 735 2182 789 in
2207 746 2452 793 ventrem
2497 752 2563 793 ac
2605 739 2938 809 voluptatem
2976 743 3132 811 proni
3163 751 3218 798 et
3243 745 3464 815 abjecti,

185 817 333 887 γόνῳ
381 817 474 870 καὶ
500 818 720 872 πάντων
772 817 1072 889 ἀνθρώπων
1101 820 1427 894 προπάτορι,
1468 823 1657 895 κύριον
1704 820 1780 878 εἷ-

1880 824 2020 877 οιιίΙιίΙ
2050 840 2082 880 a
2122 825 2299 882 brutis
2329 828 2701 886 animantibus
2732 832 2993 888 diﬂ‘erunt
3022 853 3034 888 :
3064 849 3159 890 eos
3186 851 3315 892 vero
3352 826 3484 892 bel-'

186 926 276 961 ναι
305 910 400 963 καὶ
424 911 703 980 προσφυὲς
736 910 928 981 ὄνομα,
979 911 1071 964 τὸν
1114 914 1321 984 γηγενῆ
1379 914 1590 987 δηλοῦν,
1635 934 1745 969 κατ

1882 912 2002 968 luas
2026 914 2211 984 potius
2235 932 2398 987 quam
2438 919 2689 976 homines
2718 922 3074 991 appellandos
3105 923 3462 981 Hebraeorum
3498 946 3503 951 '

182 1002 285 1072 τὴν
318 1004 399 1065 είς
438 1001 664 1055 Ἐλλάδα
705 1004 890 1075 φωνὴν
930 1004 1252 1075 μετάληψιν,
1277 1007 1583 1077 ὑποφαίνει.
1617 1009 1684 1061 Ὀ
1710 1025 1745 1078 γ

1881 1002 2077 1058 docent
2123 1005 2338 1071 litterae,
2388 1024 2510 1074 quae
2538 1026 2639 1066 suo
2663 1027 2939 1083 quamque
2976 1029 3096 1070 rem
3142 1032 3209 1071 ac
3240 1018 3464 1087 proprio

179 1110 267 1147 τοι
311 1092 477 1157 Ἐνὼς
507 1095 723 1166 πρῶτος
749 1094 1009 1164 θεοφιλῶν
1070 1099 1199 1168 παρ’
1246 1097 1514 1169 Ἑϐραίοις
1562 1100 1777 1173 ἱστόρη-

178 1202 298 1248 ται,
326 1186 450 1239 ἐπεὶ
477 1186 693 1257 πρῶτος
742 1206 761 1238 ι
790 1188 1055 1241 Ἥλπισεν
1085 1189 1461 1244 ἐπικαλεῖσθαι
1517 1192 1577 1244 τὸ
1602 1192 1773 1263 ὄνομα

178 1277 393 1348 Κυρίου
429 1277 522 1329 τοῦ
554 1276 714 1341 Θεοῦ,
752 1298 770 1329 ι
797 1278 856 1331 τὸ
882 1279 1023 1333 κατά
1049 1279 1228 1353 ψυχὴν
1254 1285 1524 1354 παριστὰς
1554 1284 1771 1354 λογικὸν

174 1368 350 1434 ὅντως
381 1371 702 1439 γνωστικὸν,
754 1372 849 1424 καὶ
878 1373 978 1445 τῆς
1022 1375 1152 1445 περὶ
1195 1375 1257 1429 τὸ
1284 1377 1439 1431 Θεῖον
1490 1381 1771 1445 εὐσεϐείας

172 1462 622 1535 ἐπιστημονικόν·
654 1457 728 1517 ὧν
752 1464 811 1516 τὸ
846 1463 945 1534 μὲν
1002 1464 1221 1537 πρῶτον
1280 1466 1608 1538 θεογνωσίας
1639 1470 1770 1542 ἀλη-

173 1551 326 1617 θοῦς,
360 1552 422 1606 τὸ
442 1553 499 1606 δὲ
525 1553 779 1624 δεύτερον
805 1553 905 1623 τῆς
933 1555 1014 1618 είς
1061 1556 1154 1610 τὸν
1195 1557 1599 1627 ἐπιγνωσθέντα
1636 1561 1768 1615 Θεὸν

172 1642 392 1707 ἐλπίδος
418 1644 616 1713 γένοιτ’
648 1646 714 1699 ἂν
734 1646 1132 1702 ἀποδεικτικόν.
1170 1647 1243 1702 Τὸ
1279 1648 1389 1722 γὰρ
1419 1650 1492 1723 μὴ
1516 1652 1768 1723 παραμέ-

170 1752 309 1802 νειν,
346 1737 473 1807 μηδ’
493 1740 551 1791 ἐν
576 1738 812 1811 δευτέρῳ
832 1739 1075 1794 τίθεσθαι
1124 1741 1193 1794 τὰ
1216 1741 1318 1812 τῆς
1350 1743 1499 1808 Θείας
1530 1744 1765 1813 ἐπιγνώ-

1877 1095 2102 1150 nomine
2139 1098 2411 1167 appellare
2459 1102 2656 1156 solent.
2696 1101 2886 1173 Itaque
2917 1121 3092 1175 genus
3134 1106 3241 1162 hoc
3280 1108 3461 1163 homi—

1876 1202 2032 1251 num,
2059 1188 2224 1243 modo
2252 1191 2410 1261 lupos
2442 1201 2495 1247 et
2532 1208 2719 1261 canes,
2761 1197 2927 1251 modo
2963 1214 3090 1254 sues
3120 1200 3457 1271 quisquiliis,

1875 1277 2171 1346 inhiantes,
2198 1284 2362 1336 modo
2390 1293 2671 1353 serpentes
2698 1287 2862 1341 etiam
2890 1297 2942 1343 et
2971 1304 3197 1360 angues,
3230 1308 3331 1362 pro
3364 1309 3458 1349 va-

1876 1371 1956 1424 ria
1988 1381 2041 1425 et
2089 1373 2380 1442 multiplici
2418 1377 2763 1445 geminorum
2802 1377 3162 1450 amniumque
3191 1383 3454 1440 vitiorum

1874 1461 2107 1525 ratione,
2160 1478 2359 1519 vocare
2401 1479 2820 1523 consueverant.
2861 1468 3356 1542 Quemadmodum,
3402 1478 3451 1531 si

1875 1554 2096 1620 quando
2151 1555 2235 1608 vel
2294 1556 2571 1610 hominem
2619 1558 2674 1612 in
2731 1560 3088 1626 universum,
3143 1564 3230 1617 vel
3280 1581 3454 1636 genus

1874 1642 2054 1709 ipsum
2088 1643 2373 1699 hominum
2407 1647 2696 1715 designare
2739 1664 2877 1719 opus
2909 1661 3014 1718 est,
3050 1654 3273 1723 proprio
3303 1656 3452 1711 simi-

1872 1732 1997 1787 liter
2029 1743 2084 1788 et
2126 1735 2336 1802 innato,
2376 1737 2482 1792 hoc
2525 1748 2610 1794 est
2653 1738 2870 1805 Adami,
2902 1746 3125 1799 nomine
3158 1760 3351 1801 omnes
3376 1764 3445 1804 ex

169 1846 335 1894 σεως,
365 1831 457 1884 ἀεὶ
481 1830 538 1884 δὲ
566 1832 661 1885 καὶ
686 1831 774 1885 διὰ
812 1834 1014 1899 παντὸς
1039 1833 1277 1899 ἐλπίζειν
1304 1812 1681 1890 ἐπικαλεῖσθαι
1703 1837 1745 1890 τί

1867 1839 2024 1894 aequo
2050 1826 2380 1896 signiﬁcant.
2415 1829 2626 1901 Quippe
2658 1832 2711 1887 id
2740 1834 2887 1887 enim
2930 1837 3365 1908 nominis,quod
3397 1842 3446 1895 si

157 1923 346 1993 ’ὖνομα
370 1924 577 1994 Κυρίου
603 1924 698 1978 τοῦ
721 1925 878 1993 Θεοῦ,
904 1926 966 1980 τὺ
1007 1928 1103 1998 μὲν
1122 1927 1198 1992 ὼς
1222 1929 1453 1982 ὀἰκετῶν
1479 1928 1762 1994 δεσπότου,

164 2015 229 2068 τὸ
261 2015 308 2068 δ’
334 2016 410 2079 ὡς
440 2017 568 2070 ἵλεω
600 2018 695 2072 καὶ
752 2018 957 2088 ἀγαθοῦ
1002 2020 1242 2092 Πατρὸς,
1302 2020 1447 2075 τοῦτ’
1476 2020 1542 2075 ἂν
1577 2021 1663 2095 εἴη
1701 2022 1765 2076 τὺ

165 2108 392 2163 πάντων
419 2110 819 2182 τρισμακάριον
846 2111 1021 2176 τέλος.
1063 2112 1279 2165 Τοιόσδε
1316 2114 1414 2184 μὲν
1457 2109 1549 2167 οῦν
1574 2117 1602 2168 6
1631 2117 1762 2187 παρ’

175 2199 458 2273 Ἑϐραίοις
488 2203 745 2274 είσῆκται
792 2201 1033 2275 πρῶτος,
1069 2205 1164 2257 καὶ
1186 2204 1401 2276 ἀληθὴς
1452 2205 1760 2276 ἄνθρωπος,

152 2292 266 2362 οὐχ
309 2294 338 2346 ὁ
372 2294 610 2365 γηγενὴς
660 2294 891 2367 ἐπίκλην
930 2296 1122 2367 Ἀδὰμ,
1152 2296 1219 2350 δι’
1247 2298 1467 2369 ἐντολῆς
1487 2298 1622 2352 Θεοῦ
1652 2315 1758 2351 πα-

158 2383 401 2452 ράϐασιν
422 2384 521 2454 τῆς
553 2384 663 2439 τῶν
715 2387 1042 2458 κρειττόνων
1069 2388 1362 2443 ἀποπεσὼν
1386 2389 1612 2461 λήξεωςο
1643 2390 1757 2444 ἀλλ’

156 2477 187 2528 6
216 2475 485 2545 θεοφιλῶν
506 2476 833 2550 πρώτιστος,
860 2477 959 2543 ὃς(
975 2480 1243 2535 ’Ἡλπισεν
1272 2482 1646 2536 ἐπικαλεῖσθαι
1696 2483 1758 2536 τὸ

148 2566 335 2636 ’ὄνομα
357 2569 564 2641 Κυρίου
597 2569 691 2624 τοῦ
718 2570 908 2623 Θεοῦ.»
940 2572 1240 2642 Κρίναντες
1271 2572 1336 2644 δὴ
1370 2574 1465 2627 καὶ
1487 2575 1642 2627 αὐτοὶ
1670 2574 1756 2626 λο-

154 2659 350 2731 γισμῷ
376 2660 633 2732 σώφρονι,
666 2663 727 2718 τὸ
756 2663 959 2717 τοιόνδε
993 2664 1189 2734 ζηλοῦν
1233 2667 1622 2737 ἠγαπήσαμεν.
1659 2666 1756 2721 καὶ

149 2749 565 2821 ἀπεδεξάμεθα,
592 2752 669 2815 ὡς
720 2752 970 2823 λυσιτελῆ
1012 2754 1106 2805 καὶ
1150 2752 1566 2824 ὁφελιμωτάτην
1622 2756 1753 2825 ἡμῖν

148 2843 257 2910 τὴν
288 2842 386 2895 τοῦ
424 2842 585 2911 λόγου
612 2843 885 2914 διήγησιν,
922 2844 1086 2916 εὐχὴν
1141 2844 1357 2916 θέμενοι
1407 2846 1528 2899 κατ’
1561 2846 1651 2899 ῐσα
1680 2849 1748 2920 τῇ

146 2934 248 2989 τοῦ
279 2933 617 3006 δηλωθέντος
668 2936 837 2989 εἰκόνι
884 2937 945 2989 τὺ
989 2937 1161 3008 ὂνομα
1206 2936 1299 2991 τοῦ
1351 2937 1459 2992 τῶν
1496 2939 1752 2993 ἁπάντων

142 3027 510 3100 Δημιουργοῦ
534 3045 595 3082 τε
628 3029 722 3082 καὶ
750 3029 1023 3083 Δεσπότου
1061 3030 1199 3101 μετὰ
1235 3029 1457 3100 βεϐαίας
1492 3031 1587 3087 καὶ
1615 3032 1751 3101 ἀγα-

139 3120 251 3192 θῆς
278 3121 497 3184 ἐλπίδος
520 3121 912 3177 ἐπικαλεῖσθαι.
951 3122 1111 3177 Ἀλλά
1165 3124 1273 3196 γὰρ
1308 3123 1446 3195 μετά
1477 3124 1569 3177 τὸν
1592 3126 1746 3197 είρη-

1849 1916 2041 1973 Grtece
2072 1919 2354 1985 reddatur,
2402 1932 2592 1976 natum
2635 1938 2700 1977 ex
2749 1932 2896 1978 terra
2938 1935 3119 1988 sonat,
3154 1930 3334 1997 primo
3367 1932 3448 1988 ilii

1864 2017 2189 2065 cunctorum
2234 2012 2522 2066 hominum
2548 2014 2760 2083 parenti
2788 2017 3070 2085 proprium
3096 2027 3265 2088 atque
3290 2035 3323 2075 a
3353 2037 3447 2076 na-

1864 2107 1986 2154 tura
2023 2101 2143 2171 ipsa
2191 2103 2425 2158 inditum
2459 2105 2630 2159 fuisse
2669 2106 2887 2162 docent.
2925 2107 3072 2165 Enos
3108 2110 3276 2181 igitur
3323 2127 3446 2168 om-

1861 2194 2015 2248 nium
2066 2194 2369 2266 principem
2434 2196 2786 2254 Hebraeorum
2846 2201 3074 2257 historia
3132 2202 3320 2259 divino
3373 2204 3444 2260 ab

1860 2300 2050 2341 amore
2092 2290 2459 2357 commendat,
2502 2292 2651 2361 quod
2704 2307 2831 2349 cum
2890 2295 3103 2364 primus
3152 2315 3174 2348 ι
3203 2299 3445 2367 speravit

1859 2375 2118 2432 invocare
2157 2394 2356 2435 nomen
2395 2381 2613 2438 Domini
2654 2383 2774 2452 Dei,
2802 2403 2825 2437 ν»
2873 2386 2929 2440 in
2960 2397 3116 2456 parte
3148 2390 3316 2444 animi
3350 2404 3443 2447 ra-

1857 2469 2007 2523 tione
2022 2471 2251 2539 praadita
2276 2487 2387 2527 non
2409 2473 2575 2530 modo
2599 2489 2726 2530 vere
2745 2479 3132 2546 cognoscendi,
3154 2480 3250 2537 sed
3265 2482 3438 2537 etiam

1858 2576 1981 2630 quae
2017 2561 2188 2617 Deum
2219 2580 2390 2619 unum
2439 2567 2685 2623 intuetur
2716 2569 2997 2640 religionis
3031 2571 3347 2631 haurienda:
3375 2591 3441 2631 ac

1856 2654 2222 2724 percipiendae
2263 2658 2373 2711 vim
2408 2661 2703 2715 exeruerit.
2734 2660 2986 2727 Quorum
3028 2663 3261 2719 alterum
3296 2680 3441 2722 verae

1858 2741 1953 2797 Dei
1979 2746 2205 2814 notitize,
2234 2748 2469 2804 alterum
2512 2752 2652 2821 spei,
2690 2768 2815 2823 quae
2841 2754 2894 2807 in
2928 2751 3038 2811 Deo
3080 2756 3183 2812 rite
3210 2761 3437 2828 cognito

1852 2834 2212 2903 acquiescat,
2263 2845 2474 2892 certum
2528 2854 2594 2895 ac
2642 2842 2996 2911 perspicuum
3049 2858 3433 2916 argumentum

1851 2933 1958 2980 est.
1993 2924 2285 2998 Nunquam
2324 2929 2470 2984 enim
2501 2945 2624 3001 quae
2669 2933 2911 2988 divinam
2961 2936 3028 2989 ad
3062 2938 3434 3007 cognitionem

1853 3019 2151 3088 pertinent,
2178 3029 2277 3075 aut
2306 3022 2580 3093 negligere
2617 3025 2855 3095 penitus,
2888 3037 2984 3082 aut
3019 3027 3129 3082 ulla
3160 3044 3220 3085 re
3251 3040 3435 3100 poste-

1854 3110 2000 3165 riora
2028 3111 2250 3175 ducere,
2288 3113 2384 3168 sed
2414 3114 2595 3183 pctius
2620 3116 2675 3169 in
2714 3115 2928 3172 Domini
2957 3117 3074 3187 Dei,
3100 3120 3265 3176 modo
3307 3129 3434 3177 tan-

148 3183 324 3283 μένον
348 3183 509 3275 ἄλλος
550 3232 570 3264 σ
604 3212 942 3285 εὑηρέστησε
966 3213 1045 3284 τῷ
1075 3183 1284 3286 Κυρίῶ,
1308 3183 1419 3267 ’καὶ
1471 3214 1570 3285 οὐχ
1598 3183 1745 3286 stipi.-

1851 3216 2017 3272 quam
2072 3218 2356 3259 servorum
2408 3205 2638 3274 domini,
2693 3208 2859 3263 modo
2918 3183 3177 3281 tanquam
3231 3214 3430 3284 optimi

144 3319 371 3367 σκετο,ι
409 3301 486 3367 ὥς
510 3321 642 3376 φησι
682 3306 941 3375 Μωῦσῆς,
978 3324 997 3356 ι
1021 3303 1155 3358 διότι
1187 3304 1494 3377 μετέθηκεν
1524 3307 1687 3361 αὐτὸν
1716 3309 1746 3361 6

141 3394 284 3459 Θεὸς
310 3413 329 3447 ι
357 3394 427 3447 δι’
453 3396 629 3467 ἄκραν
654 3396 855 3467 ἀρετῆς
908 3395 1206 3450 τελείωσιν.
1254 3396 1586 3469 Δυσεύρετος
1632 3398 1742 3473 γὰρ

142 3486 172 3539 6
203 3503 272 3555 γε
320 3487 484 3555 σοφὸς
513 3486 746 3556 ἀληθῶς.
779 3480 949 3552 Οὗτος
980 3488 1026 3541 δ’
1056 3487 1121 3542 ἂν
1146 3490 1230 3561 εἴη
1257 3491 1285 3542 ὁ
1316 3491 1375 3544 ἐν
1400 3489 1477 3562 τῷ
1509 3490 1628 3563 Θεῷ
1651 3490 1741 3545 τέ-

138 3576 314 3641 λειος,
344 3580 373 3630 6
400 3578 499 3649 τῆς
526 3578 635 3632 τῶν
685 3578 897 3633 πολλῶν
943 3578 1227 3651 διατριϐῆς
1264 3580 1736 3653 μετατεθειμένος.

152 3668 217 3721 '0
249 3668 364 3742 γὰρ
398 3669 473 3740 μὴ
503 3670 766 3735 τοιοῦτος,
800 3671 1026 3742 ἀγορὰς,
1066 3673 1161 3725 καὶ
1186 3672 1528 3744 δικαστήρια,
1554 3691 1737 3748 καπη-

141 3758 297 3824 λείας
316 3779 376 3814 τε
427 3764 522 3815 καὶ
556 3763 847 3834 ἐμπορίας,
881 3765 979 3818 καὶ
1031 3765 1122 3819 τὸν
1153 3765 1322 3821 πολὺν
1355 3767 1510 3838 ὄχλον
1572 3786 1739 3840 μετα-

138 3852 381 3915 διώκων,
418 3853 724 3924 ὠθούμενός
773 3872 833 3907 τε
882 3856 976 3909 καὶ
1029 3856 1207 3920 ὠθῶν,
1261 3859 1423 3929 μέσος
1472 3861 1530 3913 ἐν
1586 3860 1738 3933 αύτῷ

143 3942 347 4004 κακίας
376 3942 524 4012 βυθῷ
557 3945 935 4021 καταπίνεται.
985 3946 1042 3999 '0
1075 3945 1119 3998 δ’
1151 3947 1257 4001 ὑπὸ
1318 3948 1453 4002 Θεοῦ
1487 3951 1734 4022 ληφθεὶς,

141 4034 238 4085 καὶ
263 4033 374 4087 τῶν
408 4035 534 4106 τῇδε
567 4020 745 4088 ἐκεῖσε
782 4036 1253 4108 μετατεθειμένος,
1284 4041 1495 4114 ἀφανὴς
1520 4020 1617 4113 μὲν
1642 4044 1735 4097 καὶ

136 4123 438 4194 ἀνεύρετος
481 4124 807 4196 ἀνθρώποις,
859 4124 1059 4197 Θεῷδέ
1108 4128 1260 4197 φίλος
1312 4131 1573 4200 γεγονὼς,
1630 4132 1734 4186 ὑπὸ

136 4214 276 4268 Θεοῦ
304 4215 746 4287 εὖρηται“τοῦτον
789 4221 957 4292 Ἑνὼχ
997 4222 1271 4295 Ἑϐραίοις
1324 4226 1610 4296 ὀνομάζειν
1640 4228 1726 4296 φί-

130 4305 247 4360 λον.
278 4308 455 4379 Χάριν
477 4307 535 4362 δὲ
566 4307 700 4363 Θεοῦ
737 4312 991 4383 σημαίνοι
1026 4313 1091 4367 ἂν
1125 4314 1379 4386 τοῦνομα.
1433 4316 1541 4370 Καὶ
1599 4319 1729 4372 ταύ-

130 4415 235 4469 της
264 4398 560 4471 τοιγαροῦν
601 4401 679 4466 ὼς
708 4403 919 4476 ἀγαθῆς
960 4406 1168 4468 εἰκόνος
1223 4406 1313 4460 τὸν
1359 4406 1472 4476 βίον
1512 4409 1726 4480 ζηλοῦν,

1848 3294 2276 3365 suavissimique
2314 3298 2560 3366 parentis
2607 3299 2952 3371 implorando
2999 3304 3239 3371 nomine,
3272 3320 3426 3375 spem

1846 3400 2069 3441 omnem
2121 3388 2324 3443 habere
2361 3400 2733 3462 perpetuoque
2778 3394 3033 3461 deﬁxam,
3070 3396 3123 3450 id
3170 3411 3301 3453 vero
3342 3405 3428 3455 ter

1844 3478 2037 3533 beatus
2062 3481 2374 3535 mortalium
2408 3482 2657 3537 omnium
2689 3484 2815 3540 ﬁnis
2845 3486 2970 3554 jure
3000 3502 3066 3543 ac
3093 3488 3288 3545 merito
3323 3490 3436 3547 ha-.

1842 3569 2056 3629 heatur.
2093 3572 2377 3643 Ejusmodi
2410 3590 2542 3646 ergo
2578 3576 2815 3646 primum
2839 3592 2962 3633 esse
2992 3594 3293 3650 verumque
3324 3581 3426 3637 ho-

1840 3662 2044 3717 minem
2091 3660 2302 3718 Hebraei
2359 3672 2707 3732 statuerunt,
2754 3681 2865 3721 non
2912 3667 3146 3723 alterum
3192 3670 3347 3724 illum
3389 3685 3423 3725 θ

1838 3761 1985 3809 terra
2029 3763 2241 3821 natum,
2292 3771 2455 3824 quem
2496 3756 2764 3810 Adamum
2824 3766 3045 3821 vocant,
3094 3758 3189 3828 qui
3232 3758 3419 3816 divina

1838 3844 1956 3915 lege
2013 3845 2235 3912 violata,
2288 3847 2618 3901 eximiorum
2672 3862 2738 3902 ac
2790 3848 3093 3903 caelestium
3147 3850 3416 3905 bonorum

1837 3937 2190 4006 possessione
2227 3938 2538 4004 exciderat;
2583 3937 2676 3992 sed
2709 3951 2836 3993 eum
2865 3940 3069 4008 potius,
3104 3941 3199 4009 qui
3228 3940 3414 3995 divino

1835 4037 1961 4082 ante
1999 4028 2137 4082 alios
2164 4043 2355 4083 omnes
2380 4044 2568 4084 amore
2601 4018 2925 4096 succensus,
2953 4029 3119 4100 308
3144 4048 3163 4080 ι
3193 4028 3411 4086 Domini

1834 4118 1928 4172 Dei
1965 4132 2165 4173 nomen
2210 4118 2468 4173 invocare
2506 4127 2839 4188 speraverat.
2870 4137 2889 4170 ι
2933 4117 3196 4175 Eumdem
3227 4121 3414 4192 itaque

1832 4209 1992 4263 nobis
2032 4209 2356 4263 imitandum
2390 4224 2527 4263 sano
2561 4210 2885 4279 integreque
2921 4209 3130 4280 judicio
3164 4220 3411 4268 statuen-

1831 4308 1913 4354 tes
1956 4299 2060 4368 ipsi
2090 4314 2339 4369 quoque;
2375 4299 2454 4353 rei
2497 4298 2662 4368 hujus
2712 4298 3019 4365 historiam,
3062 4308 3122 4354 ut
3162 4302 3409 4371 apprime

1832 4391 1990 4445 nobis
2026 4392 2237 4456 utilem,
2287 4392 2437 4445 omni
2470 4391 2653 4446 studio
2679 4391 2970 4460 complexi,
3005 4391 3111 4447 hoc
3155 4393 3319 4448 simul
3348 4393 3405 4448 in

133 4490 415 4563 μακάριον
456 4487 594 4546 εἶναι
646 4494 995 4565 ἡγησάμεθα.
1061 4497 1257 4569 Τρίτος
1310 4499 1449 4569 μετά
1502 4501 1723 4566 τούτους

1848 4483 1971 4537 rotis
2004 4482 2319 4545 habuimus,
2350 4489 2411 4536 ut
2456 4481 2589 4536 tanti
2625 4481 2725 4535 viri
2770 4481 3041 4551 exemplo,
3075 4482 3275 4538 summi
3317 4497 3406 4538 re-

127 4588 297 4642 πάλιν
322 4587 483 4652 ἄλλος
512 4589 796 4661 ἄνθρωπος
851 4590 1058 4656 δίκαιος
1120 4592 1398 4664 πεφηνὼς,
1425 4596 1454 4647 6
1487 4593 1632 4657 Νῶε,
1665 4597 1722 4648 ἐν

1848 4590 1951 4627 ὐηι
1987 4575 2232 4628 omnium
2261 4572 2484 4643 Opilicis
2514 4573 2842 4643 Dominique
2877 4588 3100 4637 nomen,
3131 4576 3401 4630 constanti

126 4682 199 4752 τῇ
225 4681 395 4751 γενεᾷ
423 4681 585 4735 αὐτοῦ
616 4682 1056 4755 μεμαρτύρηται.
1088 4684 1377 4756 Τεκμήρια
1408 4684 1463 4737 δὲ
1496 4685 1591 4739 καὶ
1624 4685 1722 4756 τῆς

120 4771 322 4825 τούτου
353 4772 701 4845 δικαιοσύνης
729 4773 815 4845 εἴη
871 4772 938 4827 ἂν
965 4774 1111 4828 τάδε.
1156 4776 1332 4840 Πολὺς
1361 4776 1568 4848 αὐχμὸς
1624 4777 1720 4831 καί

121 4863 328 4932 γνόφος
367 4862 598 4916 ἀλέκτου
630 4865 828 4928 κακίας
857 4864 919 4918 τὸ
954 4866 1171 4921 πάντων
1199 4865 1501 4939 ἀνθρώπων
1530 4885 1717 4923 κατει-

119 4952 285 5026 λήφει
312 4956 490 5024 γένος·
521 4956 573 5008 οἵ
621 4974 680 5010 τε
728 4957 948 5011 πάντων
977 4957 1083 5011 ἀνὰ
1124 4959 1297 5030 στόμα
1331 4958 1716 5031 θρυλλούμενοι

117 5047 381 5118 γίγαντες
413 5048 515 5111 τὰς
562 5052 641 5113 εἰς
672 5048 833 5122 δεῦρο
882 5049 1158 5122 βοωμένας
1191 5050 1488 5121 θεομαχίας
1534 5052 1715 5118 ἀθέοις

119 5140 219 5194 καὶ
238 5140 559 5194 δυσσεϐέσιν
596 5142 992 5213 ἐγχειρήμασιν
1040 5143 1459 5214 ἀπειργάζοντω
1496 5144 1597 5217 ἠδη
1653 5146 1711 5200 δὲ

119 5230 216 5281 καὶ
242 5230 294 5282 οἱ
323 5230 426 5300 τῆς
458 5228 665 5283 τούτων
692 5231 959 5298 γενέσεως
977 5233 1160 5299 αἴτιοι,
1196 5231 1306 5285 εἴτε
1350 5233 1493 5297 τινὸς
1533 5235 1713 5305 κρείτ-

116 5337 271 5384 τονος
294 5320 515 5393 μοίρας,
540 5322 574 5394 ἢ
607 5321 749 5377 κατὰ
772 5323 980 5394 θνητῶν
1007 5323 1188 5394 φύσιν,
1219 5326 1582 5397 ὑπάρξαντες,
1611 5327 1710 5382 εἴθ’

113 5412 370 5466 ὁπωσοῦν
396 5414 913 5485 κατεσκευασμένοι,
931 5417 1042 5480 τοῖς
1062 5416 1119 5469 ἐν
1151 5416 1461 5488 ἀνθρώποις
1486 5418 1707 5490 περιέρ-

114 5517 217 5570 γου
242 5502 594 5568 διδασκαλίας
618 5503 981 5576 ἀπάρξαντες,
1016 5506 1270 5578 γοητείας
1296 5508 1390 5561 καὶ
1414 5506 1516 5578 τῆς
1539 5488 1708 5578 άλλης

1848 5507 1870 5545 n
1906 5488 2046 5556 fora,
2079 5490 2391 5556 tribunalia,
2425 5506 2725 5561 cauponas,
2769 5490 3065 5554 nundinas,
3115 5498 3277 5559 atque
3325 5488 3384 5543 in

113 5596 463 5668 κακοτρόπου
498 5598 829 5665 μαγγανείας
867 5600 1272 5672 ἐπιτεχνήματα
1310 5600 1556 5669 λέγονται
1595 5618 1703 5657 πα-
1754 5650 1769 5653 η

193 5772 239 5804 ⁸³
258 5771 399 5829 Gen.
424 5789 476 5836 v,
502 5772 593 5827 2i.

440 5884 631 5945 Pun.
682 5883 800 5944 Gn.
831 5883 999 5946 XX].

1824 4665 2060 4734 quadam
2124 4667 2451 4735 egregiaque
2486 4679 2580 4735 spe
2618 4666 2910 4734 implorare
2946 4668 3243 4735 possimus.
3280 4664 3401 4721 Jam

1823 4771 1954 4812 vero
1994 4758 2294 4813 secundum
2327 4756 2495 4821 Enos,
2564 4757 2703 4812 alius
2735 4755 2959 4826 quidam
3000 4775 3017 4808 ς
3048 4758 3253 4827 placuit
3290 4756 3401 4810 Do-

1821 4847 1995 4917 mino,
2021 4858 2077 4904 et
2102 4865 2211 4905 non
2244 4849 2498 4903 inventus
2510 4846 2887 4915 est,iut,idem
2916 4845 3128 4918 Moyses
3157 4862 3398 4903 comme-

1822 4948 2003 4995 morat
2026 4935 2276 5007 “,«quia
2297 4939 2573 4993 transtulit
2591 4953 2715 4993 eum
2757 4936 2902 4993 Deus
2932 4957 2950 4990 ι
3004 4939 3076 4993 ob
3121 4953 3394 4994 summam
3428 4938 3431 4945 '

1778 5068 1788 5078 α
1822 5030 2041 5086 virtutis
2086 5030 2207 5099 ejus
2254 5030 2668 5100 perfectionem.
2710 5027 2877 5083 Plane
2917 5029 3088 5094 enim,
3124 5028 3220 5098 qui
3265 5044 3403 5119 vere‘

1819 5127 2018 5196 sapiat,
2045 5140 2189 5195 aegre
2219 5126 2511 5180 admodum
2548 5125 2784 5195 aliquem
2818 5125 3078 5194 reperias.
3109 5122 3405 5197 Ejusmodi

1816 5226 1997 5273 autem
2026 5219 2075 5273 is
2103 5217 2322 5273 demum
2357 5225 2462 5281 est,
2505 5218 2599 5287 qui
2628 5233 2726 5272 sua
2760 5231 2884 5271 cum
2918 5215 3029 5271 Deo
3054 5203 3404 5305 perfectione;l

1815 5308 2166 5379 conjunctus,
2217 5323 2284 5364 ex
2329 5308 2613 5364 hominum
2668 5325 2790 5364 sese
2842 5324 2945 5363 usu
3000 5307 3399 5393 consortioque:

1812 5398 2153 5454 subduxerit.
2179 5399 2443 5470 Quisquis
2471 5399 2616 5454 enim
2643 5399 2790 5454 aliud
2813 5398 3104 5453 consilium
3138 5404 3397 5470 secutus,_.i

3387 5464 3395 5515 l

1808 5580 2092 5637 hominum
2123 5582 2319 5653 vulgus
2362 5598 2482 5639 sese
2507 5583 2615 5649 dat,
2644 5584 2689 5637 is
2715 5582 2842 5637 dum
2878 5581 2931 5635 in
2967 5581 3126 5635 turba
3168 5580 3271 5635 huc
3308 5578 3384 5637 ilo.

2937 5890 3011 5948 17
