3856 6224
438 241 546 299 523

1113 238 1385 295 EUSEBll
1424 236 1906 317 CIESARlENSlS
1944 238 2095 293 OPP.
2138 237 2323 294 PARS
2357 237 2422 295 11.
2460 270 2529 281 -
2562 238 3069 297 APOLOGETICA.

3601 243 3697 301 533

436 358 635 431 lucque
654 357 912 428 jactatur,
940 357 1048 413 alto
1074 356 1440 427 improbitatis
1466 356 1679 428 gurgite
1705 364 1855 412 totus
1879 356 1980 411 hau

2082 356 2378 430 ιραδοῦναι
2404 356 2482 428 τῷ
2536 357 2658 430 βίῳο
2711 359 2852 413 ὥστε
2905 360 3013 412 πᾶν
3060 358 3123 413 τὸ
3169 358 3508 432 ἀνθρώπειον
3550 360 3698 432 γένος

434 457 597 510 ritur.
638 454 709 508 At
739 455 834 524 qui
872 452 1056 507 divina
1095 451 1254 521 quasi
1303 465 1471 504 manu
1522 451 1848 519 subductus,
1895 460 1949 505 et
1984 467 2015 505 a

2124 452 2254 521 μιᾶς
2279 449 2382 503 ὑπὸ
2404 451 2586 521 ψῆφον
2624 451 2878 520 γενέσθαι
2912 452 3065 524 παρὰ
3104 451 3224 523 Θεῷ
3251 453 3426 525 δίκης.
3473 456 3582 510 Καὶ
3635 455 3696 529 δή

431 548 598 604 ﬂuxis
622 547 953 615 caduc‘sque
981 544 1144 599 rebus
1176 542 1242 596 ad
1285 542 1590 598 caelestium
1635 557 1878 596 amorem
1905 551 1980 597 tra

2120 542 2334 596 πάντων
2363 544 2443 597 ἐνὶ
2476 541 2703 613 νεύματι
2733 542 3141 617 διαφθείρεσθαι
3188 546 3512 616 μελλόντων,
3544 548 3694 620 μόνος

429 641 630 695 ductus
652 647 768 701 est;
803 646 863 692 ut
894 637 962 691 ab
992 633 1305 689 hominibus
1331 634 1503 689 videri
1532 648 1597 689 ac
1639 633 1866 704 reperiri
1901 649 2014 689 non

429 733 625 804 possit,
653 746 684 786 a
721 729 831 784 Deo
867 739 1072 789 tamen,
1103 727 1264 796 cujus
1309 727 1363 780 in
1410 727 1709 781 amicitiam
1740 728 2011 782 transcri-

427 833 556 893 ptus
590 829 693 885 est,
739 818 1032 872 invenitur.
1067 816 1203 870 Eum
1247 832 1411 885 porro
1453 817 1633 871 virum
1664 814 1855 872 Enoch
1909 833 2007 888 ap-

425 915 631 984 pellare
654 911 864 967 Hebraei
902 912 1099 976 solent,
1132 926 1254 981 qua:
1280 926 1385 964 vox
1415 909 1657 964 divinam
1694 919 1855 965 sonat
1881 926 2006 980 gra-

426 1010 581 1062 tiam.
610 1005 722 1061 Nos
750 1014 933 1061 autem
970 1005 1134 1075 hujus
1167 1019 1387 1075 quoque
1415 1005 1607 1069 vitam,
1641 1011 1704 1059 ut
1733 1004 2007 1059 excellen-

424 1110 533 1155 tem
564 1098 783 1153 virtutis
826 1096 1117 1166 imaginem
1165 1095 1587 1150 consectandam
1641 1093 1800 1149 nobis
1830 1109 2007 1148 aemu-

424 1192 757 1260 landamque
822 1188 1156 1258 putavimus.
1231 1185 1453 1241 Exstitit
1512 1186 1707 1241 deinde
1770 1186 2004 1250 tertius,

421 1298 584 1352 quem
640 1283 739 1337 «in
794 1296 893 1335 sua
940 1280 1291 1351 generatione
1322 1299 1341 1331 ι
1403 1280 1716 1349 aequitatem
1765 1280 2004 1335 coluisse

422 1375 706 1445 Scriptura
736 1381 988 1428 testatur.
1023 1370 1148 1425 Fuit
1190 1371 1238 1426 is
1275 1369 1536 1437 Noemus,
1571 1371 1730 1441 cujus
1776 1371 2002 1442 integri-

419 1467 518 1521 tati
550 1481 784 1535 sequens
814 1471 1195 1534 argumentum
1226 1464 1440 1533 egregie
1464 1462 1817 1534 suffragatur.
1843 1463 1999 1519 Altus

418 1559 643 1629 quidam
689 1557 915 1612 sceleris
958 1555 1166 1609 infandi
1207 1556 1431 1625 squalor
1473 1563 1527 1611 et
1575 1556 1771 1626 caligo,
1821 1555 2000 1610 homi-

417 1665 551 1706 num
604 1664 777 1720 genus
843 1659 1140 1718 occuparat
1187 1649 1502 1702 universum
1531 1666 1543 1702 :
1572 1646 1831 1717 Gigantes
1877 1661 1998 1701 om-

2117 630 2198 697 εῖς
2230 627 2387 698 οὗτος
2418 637 2447 689 ὁ
2470 635 2567 689 νῦν
2593 637 2723 706 ἡμῖν
2749 634 2907 707 δηλού
2917 653 3076 707 μενος
3103 655 3123 689 ι
3153 637 3363 703 δίκαιος
3409 642 3468 694 ὲν
3516 643 3698 712 τῇγε-

2115 729 2211 798 νεᾷ
2232 726 2399 781 αὐτοῦ
2433 727 2530 781 σὺν
2556 729 2654 782 καὶ
2705 730 2818 793 τοῖς
2871 730 3093 793 οἰκείοις
3140 730 3425 803 εὓρηται.»
3480 733 3697 787 Πάντων

2114 818 2255 890 δῆτα
2280 820 2389 874 τῶν
2424 821 2518 874 ἐπὶ
2540 820 2644 891 γῆς
2673 822 3047 894 κατακλυσμῷ
3071 823 3450 895 διολλυμένων,
3480 827 3572 879 καὶ
3597 825 3696 896 τῆς

2113 904 2219 979 γῆς
2247 910 2418 981 αὐτῆς
2444 912 2652 966 ὑδάτων
2710 913 2883 985 ἀθρόᾳ,
2933 914 3240 989 πλημμύρᾳ
3275 916 3386 970 τῶν
3421 918 3693 990 προτέρων

2112 1001 2297 1054 κακῶν
2330 1001 2867 1074 ἀποκαθαιρομένης,
2898 1005 2926 1057 ὁ
2953 1004 3205 1077 θεοφιλὴς
3230 1007 3328 1062 σὺν
3364 1008 3553 1062 παισὶν
3580 1009 3694 1080 ἅμα

2109 1094 2203 1147 καὶ
2225 1094 2439 1163 γυναιξὶ
2462 1094 2541 1167 τῷ
2573 1095 2714 1167 μετὰ
2738 1096 2910 1151 ταῦτα
2934 1096 3033 1168 βίῳ
3060 1097 3313 1170 ζὼπυρον
3340 1100 3561 1172 σπέρμα
3584 1118 3690 1156 πα·

2112 1187 2462 1258 ραδοξότατον
2489 1190 2625 1262 πρὸς
2649 1188 2744 1243 τοῦ
2772 1190 2909 1244 Θεοῦ
2957 1193 3275 1264 τετήρηται.
3312 1192 3525 1247 Γένοιτο
3551 1194 3594 1248 δ’
3622 1194 3692 1249 ἂν

2105 1279 2199 1331 καὶ
2229 1273 2385 1342 οὗτος
2413 1280 2722 1352 ἀρχέτυπος
2745 1280 2930 1344 εἰκὼν,
2964 1281 3115 1347 ζῶσα
3147 1284 3241 1337 καὶ
3275 1283 3535 1355 ἔμψυχος,
3581 1288 3694 1351 τοῖς

2104 1369 2165 1435 ἐξ
2192 1370 2356 1424 αὑτοῦ
2381 1374 2769 1445 γεγενημένοις
2802 1374 3103 1446 ὑπόδειγμα
3157 1377 3359 1447 τρόπου
3416 1377 3691 1447 θεοφιλοῦς

2104 1462 2539 1534 παρεσχημένος.
2576 1465 2685 1518 Καὶ
2741 1466 2925 1536 οἱμὲν
2989 1466 3094 1538 πρὸ
3149 1467 3244 1520 τοῦ
3302 1468 3689 1541 κατακλυσμοῦ

2101 1553 2315 1607 τοιοίδεο
2346 1555 2397 1607 oi
2424 1554 2479 1608 δὲ
2511 1554 2652 1626 μετὰ
2686 1555 2877 1611 τοῦτον
2929 1560 3016 1611 ἐπ’
3069 1560 3321 1633 εὐσεϐείᾳ
3367 1562 3693 1634 διαπρεπεῖς

2100 1641 2248 1695 ἄλλοι
2271 1642 2453 1707 πάλιν,
2489 1638 2564 1698 ὧν
2595 1645 2694 1717 τὴν
2724 1647 2946 1718 μνήμην
2972 1649 3040 1702 τὰ
3074 1650 3195 1720 ἱερὰ
3224 1650 3475 1716 διασώζει
3505 1652 3682 1722 λόγια.

414 1742 571 1796 nium
600 1758 698 1797 ore
722 1741 935 1811 jactati,
966 1741 1136 1812 impio
1166 1740 1541 1809 sacrilegoque
1583 1754 1744 1804 ausu,
1779 1754 1843 1794 ea
1872 1754 1980 1810 qua

2098 1733 2314 1789 Τούτων
2332 1753 2416 1799 τις
2453 1736 2630 1808 ἱερεὺς
2652 1714 2947 1811 ’ἀνείρηται
2975 1740 3069 1794 τοῦ
3098 1714 3322 1812 ὑψίστου
3367 1714 3524 1810 θεοῦ,
3565 1714 3686 1811 ,ϐα-

414 1834 525 1890 huc
560 1850 734 1905 usque
764 1849 927 1888 nemo
952 1849 1060 1888 non
1104 1833 1365 1903 loquitur,
1399 1847 1525 1886 cum
1559 1831 1672 1887 Deo
1694 1832 1837 1887 bella
1872 1848 1997 1889 sus-

422 1935 682 1996 ceperant
713 1946 726 1981 :
758 1927 871 1996 jam
914 1927 1133 1980 illorum
1181 1925 1345 1979 etiam
1380 1932 1673 1995 parentes,
1723 1939 1821 1979 seu
1856 1939 1993 1979 con-

406 2019 639 2073 ditionis
705 2017 992 2087 cujusdam
1056 2017 1370 2072 mortalium
1439 2024 1639 2071 natura
1693 2017 1992 2086 superioris

409 2119 588 2176 erant,
622 2125 717 2166 seu
747 2126 1075 2181 quacunque
1107 2110 1325 2165 tandem
1363 2108 1577 2164 ratione
1601 2108 1729 2175 sati,
1759 2110 1992 2164 curiosae

411 2202 548 2256 artis
585 2200 794 2256 semina
840 2201 981 2254 inter
1023 2200 1274 2254 homines
1301 2199 1570 2269 jecerant,
1626 2209 1790 2270 atque
1828 2215 1991 2256 omne

406 2292 804 2363 praestigiarum
838 2290 1340 2361 maleﬁciorumque
1368 2306 1541 2362 genus
1577 2292 1632 2345 in
1671 2307 1860 2347 eorum
1893 2308 1988 2348 so-

406 2387 658 2441 cietatem
692 2385 1027 2439 invexerant.
1058 2382 1134 2438 lta
1166 2384 1433 2453 quidquid
1462 2384 1666 2454 ubique
1702 2384 1986 2440 hominum

406 2488 547 2542 erat,
590 2492 714 2532 cum
755 2478 944 2531 eadem
974 2492 1005 2529 a
1038 2474 1149 2530 Deo
1181 2475 1449 2530 sententia
1496 2476 1868 2531 damnandum
1898 2491 1988 2532 es-

404 2580 507 2632 set,
534 2569 758 2639 jamque
780 2569 922 2623 idem
950 2568 1150 2638 pariter
1174 2567 1430 2622 omnibus
1461 2581 1680 2637 unoque
1706 2577 1985 2625 momento

402 2662 632 2716 exitium
669 2660 1021 2715 immineret:
1051 2675 1197 2714 unus
1234 2659 1325 2714 ille
1353 2674 1479 2714 cum
1508 2661 1648 2728 suis,
1683 2661 1866 2731 quode
1902 2663 1987 2719 lo-

402 2754 648 2824 quimur,
690 2770 711 2804 ‹
730 2753 915 2822 justus
948 2752 1001 2806 in
1032 2752 1385 2822 generatione
1420 2766 1520 2807 sua
1549 2762 1798 2823 repertus
1826 2761 1930 2811 est.
1955 2773 1976 2807 ι

403 2845 633 2900 Cunctis
662 2859 813 2915 ergo,
853 2859 977 2914 quae
1004 2853 1273 2898 terrarum
1308 2842 1519 2898 ambitu
1557 2844 1983 2901 continebantur

400 2937 608 2990 diluvio
646 2936 881 3001 haustis,
917 2935 1146 3004 ipsaque
1188 2934 1325 2988 adeo
1358 2942 1503 2989 terra
1546 2936 1774 2991 immani
1804 2951 1980 3007 aqua-

398 3049 524 3089 rum
580 3033 833 3087 eluvione
879 3040 1131 3102 purgata,
1180 3032 1265 3086 vir
1312 3031 1404 3086 ille
1460 3030 1574 3086 Deo
1620 3031 1978 3088 charissimus
2005 3058 2048 3117 ο

397 3126 566 3196 309
595 3140 719 3180 cum
769 3126 956 3180 liberis
979 3124 1142 3178 simul
1179 3133 1235 3178 et
1264 3123 1549 3187 uxoribus,
1588 3137 1790 3178 novum
1820 3124 1980 3194 plane

397 3234 544 3273 novo
584 3219 869 3273 hominum
906 3217 1089 3287 generi
1130 3217 1419 3271 excitando
1451 3216 1856 3289 animandoque
1889 3234 1978 3274 se-

396 3326 548 3377 men,
596 3311 838 3381 ejusdem
891 3324 1119 3364 munere
1165 3308 1538 3379 beneﬁcioque
1584 3318 1833 3365 servatus
1871 3319 1973 3367 est.

396 3402 605 3473 Dignus
637 3412 691 3458 et
720 3404 836 3473 ipse
861 3401 1126 3473 profecto,
1159 3416 1322 3472 quem
1355 3409 1417 3456 ut
1444 3401 1626 3456 vivum
1664 3417 1730 3457 ac
1756 3403 1975 3473 spirans

393 3496 616 3551 virtutis
638 3503 692 3550 et
721 3494 1004 3565 religionis
1032 3493 1331 3564 exemplar,
1359 3492 1563 3562 posteri
1589 3509 1975 3555 omnesmmu-

392 3590 597 3646 lentur.
638 3590 818 3659 Atque
852 3588 909 3642 bi
953 3597 1081 3643 ante
1118 3586 1306 3641 diluvii
1351 3595 1600 3657 tempora
1642 3585 1969 3645 ﬂoruerunt.

388 3679 664 3736 Exstitere
706 3679 795 3734 alii
844 3687 1053 3750 postea,
1098 3678 1298 3748 pietate
1340 3677 1552 3734 nobiles
1582 3678 1684 3748 ipsi
1728 3694 1967 3750 quoque,

388 3787 625 3843 quorum
664 3770 932 3826 memoria
981 3771 1154 3825 sacris
1182 3769 1346 3824 etiam
1389 3769 1606 3840 paginis
1647 3781 1969 3827 conservata

386 3872 592 3918 manet.
631 3861 781 3929 Quos
819 3862 964 3917 inter
1000 3862 1260 3917 sacerdos
1282 3862 1505 3932 quidam
1539 3864 1740 3918 summi
1781 3862 1970 3918 Numi-

384 3957 475 4011 nis
502 3965 719 4011 creatus
741 3964 844 4021 est,
870 3970 1033 4025 quem
1056 3954 1264 4023 justum
1292 3970 1463 4025 regem
1486 3953 1714 4010 Hebraeo
1744 3958 1964 4013 nomine

385 4051 753 4120 appellarunt.
784 4048 1051 4104 Caeterum
1083 4048 1225 4117 apud
1268 4048 1389 4103 illos
1422 4064 1637 4116 omnes,
1668 4050 1736 4105 de
1767 4065 1964 4121 corpo-

383 4156 476 4196 rea
504 4140 926 4196 circumcisione
957 4140 1185 4194 verbum
1225 4141 1449 4195 omnino
1480 4141 1715 4209 nullum,
1748 4142 1962 4198 nullum

380 4247 595 4296 earum,
643 4232 843 4301 quibus
868 4230 1084 4286 Judaaos
1118 4229 1332 4301 Moyses
1360 4231 1616 4299 instituit,
1655 4232 1835 4303 legum
1869 4249 1961 4289 ve-

381 4323 626 4394 stigium.
656 4322 842 4388 Quare
866 4320 1084 4377 Judaaos
1114 4322 1238 4376 Illos
1268 4336 1606 4387 nuncupare,
1634 4338 1824 4378 verum
1850 4324 1959 4379 uti-

2095 1824 2302 1892 σιλεὺς
2326 1825 2554 1893 δίκαιος
2581 1831 2647 1899 τῇ
2665 1828 2929 1900 Ἐϐραίων
2952 1833 3293 1906 προσηγορίᾳ
3320 1836 3685 1907 χρηματίσας.

2096 1917 2318 1982 Τούτοις
2351 1918 2415 1991 δὴ
2439 1920 2607 1974 πᾶσιν
2626 1921 2749 1975 οὐδὲ
2778 1917 2858 1986 εἷς
2894 1922 3144 1996 σώματος
3198 1928 3500 1999 περιτομῆς
3528 1928 3691 1997 λόγος

2092 2004 2182 2080 ἦν,
2213 2010 2327 2063 ἀλλ’
2358 2012 2479 2065 οὐδὲ
2500 2012 2609 2067 τῶν
2639 2014 2920 2081 Μωΰσέως
2957 2017 3267 2074 Ἰουδαϊκῶν
3289 2020 3691 2093 παραγγελμά-

2091 2118 2220 2155 των.
2271 2103 2472 2175 Διόπερ
2530 2104 2730 2168 αύτοὺς
2763 2106 2887 2159 οὐδὲ
2929 2107 3216 2173 Ἰουδαίους
3255 2112 3419 2180 φάναι
3450 2113 3685 2181 δίκαιον,

2090 2194 2213 2248 οὐδέ
2245 2212 2309 2264 γε
2343 2196 2632 2268 Ἕλληνας,
2683 2198 2765 2251 ὅτι
2828 2199 2962 2272 μηδὲ
3022 2202 3241 2267 πλείους
3300 2203 3455 2269 θεοὺς
3479 2205 3687 2276 ὁμοίως

2096 2286 2353 2359 Ἕλλησιν
2381 2289 2414 2359 ἢ
2441 2292 2554 2353 τοῖς
2579 2289 2786 2353 λοιποῖς
2817 2291 3025 2345 ἔθνεσιν
3048 2295 3297 2365 ἡγοῦντο.
3332 2296 3568 2367 Ἑϐραῖοι
3627 2298 3676 2351 δ’

2089 2376 2157 2431 ἂν
2182 2378 2515 2451 κυριώτερον
2540 2381 2906 2454 ἐπικληθεῖεν,
2938 2385 3056 2457 ἦτοι
3090 2386 3241 2458 παρὰ
3275 2387 3365 2441 τὸν
3393 2387 3582 2461 Ἔϐερ,
3636 2390 3675 2462 ἢ

2087 2472 2403 2543 καὶμᾶλλον
2439 2474 2589 2545 παρὰ
2632 2474 2729 2548 τὴν
2782 2477 3076 2549 ἑρμηνείαν
3126 2480 3229 2551 τῆς
3281 2482 3676 2553 προσηγορίας.

2085 2563 2382 2635 Περατικοὶ
2402 2565 2511 2639 γάρ
2530 2583 2675 2630 τινες
2704 2569 3119 2641 ἑρμηνεύονται,
3155 2574 3253 2645 τὴν
3276 2574 3383 2627 ἀπὸ
3412 2573 3522 2628 τῶν
3544 2576 3680 2646 τῇδε

2085 2653 2179 2707 ὲπὶ
2207 2653 2305 2726 τὴν
2327 2654 2419 2709 τοῦ
2449 2656 2556 2711 τῶν
2578 2658 2715 2712 ὅλων
2770 2659 2907 2715 Θεοῦ
2937 2662 3188 2718 διάϐασίν
3221 2682 3281 2718 τε
3322 2665 3416 2719 καὶ
3443 2664 3680 2738 θεωρίαν

2086 2746 2447 2819 στειλάμενοι.
2480 2751 2735 2816 Φυσικοῖς
2767 2752 2877 2826 γάρ
2902 2772 2983 2808 τοι
3017 2757 3319 2828 λογισμοῖς,
3365 2757 3461 2811 καὶ
3486 2758 3682 2831 νόμοις

2083 2837 2372 2910 ἀγράφοις,
2397 2840 2497 2911 τὴν
2549 2841 2714 2914 ὀρθὴν
2770 2844 2873 2915 τῆς
2906 2847 3108 2918 ἀρετῆς
3156 2848 3532 2915 διευθύναντες
3573 2868 3681 2905 πο-

2083 2928 2235 3000 ρείαν
2263 2930 2358 2983 καὶ
2381 2931 2556 3004 πέραν
2582 2933 2690 2989 τῶν
2723 2937 2924 3008 σαρκὸς
2975 2939 3198 3011 ἡδονῶν,
3250 2942 3345 2995 ἐπὶ
3390 2943 3483 2998 τὸν
3530 2944 3677 2999 πάν-

2084 3035 2248 3089 σοφον
2278 3022 2373 3076 καὶ
2404 3021 2628 3097 θεοσεϐῆ
2665 3025 2781 3096 βίον
2824 3027 3213 3102 διαϐεϐηκότες
3240 3033 3673 3107 ἀναγράφονται.

2094 3112 2185 3165 Ἐν
2211 3112 2275 3185 δὴ
2306 3114 2517 3181 τούτοις
2538 3119 2670 3189 ἡμῖν
2695 3119 2869 3175 ἅπασι
2899 3123 2995 3176 καὶ
3017 3124 3047 3176 ὁ
3080 3123 3355 3197 βοώμενος
3380 3128 3476 3183 τοῦ
3530 3147 3679 3188 παν-

2078 3203 2170 3268 τὸς
2219 3204 2407 3271 ἔθνους
2463 3210 2737 3282 γενάρχης
2799 3212 3050 3286 Ἀϐραὰμ
3105 3219 3574 3293 καταριθμείσθω·
3623 3217 3675 3294 ᾧ

2081 3300 2351 3369 μαρτυρεῖ
2378 3299 2448 3353 τά
2467 3300 2623 3370 λόγια
2652 3302 3016 3378 δικαιοσύνην,
3048 3309 3109 3361 ού
3131 3310 3231 3382 τὴν
3267 3313 3332 3365 ὲκ
3360 3313 3527 3385 νόμου
3563 3319 3678 3374 πά-

2075 3386 2157 3441 λιν
2194 3391 2497 3458 Μωῦσέως,
2522 3395 2604 3449 ὅτι
2652 3397 2787 3468 μηδὲ
2808 3394 2876 3470 ἦν
2923 3419 3010 3454 πω
3043 3402 3185 3456 τότε·
3228 3406 3367 3476 μετὰ
3392 3408 3524 3477 γοῦν
3572 3411 3673 3466 τὸν

2387 3483 2593 3574 Δέϐδὸμῃ
2656 3491 2820 3560 γενεᾷ
2867 3492 3109 3562 Μωῡσῆς
3147 3496 3485 3570 ἀναπέφηνε
3523 3501 3670 3574 πλὴν

2071 3569 2209 3625 ἀλλὰ
2234 3573 2328 3627 καὶ
2357 3565 2513 3639 οὗτος
2537 3575 2741 3642 δίκαιος
2760 3580 2853 3632 καὶ
2880 3583 3110 3655 εὐσεϐὴς
3142 3582 3283 3641 εἷναί
3442 3565 3674 3666 ἀνείρη-

2071 3679 2182 3758 ται,
2213 3666 2261 3719 εί
2291 3665 2384 3719 καί
2408 3684 2493 3732 τις
2521 3668 2680 3734 ἄλλος
2707 3672 3011 3746 ἀνείρηται,
3041 3681 3155 3742 τοῖς
3187 3681 3393 3736 ἄνωθεν
3426 3665 3667 3758 δεδηλω-

2073 3754 2259 3824 μένοις
2287 3759 2705 3832 παραπλησίως.
2755 3765 2917 3835 Λέγει
2941 3766 2988 3820 δ’
3032 3765 3125 3824 οὖν
3176 3772 3208 3843 ἡ
3249 3772 3461 3848 Γραφή·
3496 3754 3668 3835 (Καὶ

2068 3849 2389 3905 ἐπίστευσεν
2429 3852 2684 3927 Ἀϐραὰμ
2711 3855 2788 3927 τῷ
2807 3857 2949 3928 Θεῷ,
2976 3861 3071 3914 καί⁵
3099 3861 3353 3938 ἐλογίσθη
3381 3868 3531 3940 αὐτῷ
3578 3873 3666 3936 είς

2066 3940 2466 4034 δικαιοσύνην.»
2494 3944 2717 4018 Πατέρα
2735 3946 2800 4019 δὴ
2832 3949 3042 4005 πολλῶν
3090 3954 3260 4011 ἐθνῶν
3284 3959 3313 4011 ό
3344 3957 3487 4024 θεῖος
3513 3979 3662 4034 χρη-

2070 4033 2205 4122 σμὸς
2230 4035 2416 4090 τοῦτον
2446 4035 2666 4092 ἔσεσθαι
2691 4045 3079 4117 προαγορεύει,
3128 4047 3428 4122 διαρρήδην

2070 4119 2466 4217 λογηθήσεσθαι
2499 4127 2558 4180 ὲν
2609 4129 2761 4201 αὐτῷ
2828 4150 2961 4205 φησι
3006 4153 3026 4186 ι
3060 4119 3335 4194 πάντατά
3379 4119 3506 4215 ἔθνη
3552 4145 3664 4217 τῆς

2066 4214 2192 4285 γῆς,
2224 4218 2317 4271 καὶ
2352 4219 2533 4283 πάσας
2579 4220 2680 4286 τὰς
2732 4224 2960 4293 φυλάς»
2996 4227 3256 4304 ἄντικρυς
3296 4232 3365 4288 τά
3402 4214 3501 4289 νῦν
3527 4214 3661 4292 καθ’

2063 4307 2209 4403 τιμάς
2236 4311 2631 4403 συντελούμενα
2685 4314 2976 4383 θεσπίζων.
3025 4321 3163 4376 Ἀλλ’
3192 4323 3221 4376 ὅ
3261 4340 3326 4391 γε
3398 4326 3661 4403 Ἀϐραὰμ

378 4429 489 4485 que
536 4428 641 4467 non
678 4414 877 4481 fuerit;
905 4412 1127 4468 Graecos
1173 4422 1353 4468 autem
1405 4414 1578 4468 multo
1622 4415 1827 4482 minus,
1862 4418 1958 4488 qui

2082 4398 2272 4461 εκεῖνος
2304 4400 2442 4470 μετὰ
2463 4402 2562 4472 τὴν
2608 4404 2667 4456 ὲν
2693 4403 3006 4483 δικαιοσύνῃ
3032 4411 3311 4468 τελείωσιν
3345 4414 3405 4468 οὐ
3432 4395 3521 4471 διά
3555 4395 3657 4475 τοῦ

378 4521 491 4563 non
543 4505 858 4560 Graecorum
909 4514 1003 4560 aut
1046 4513 1367 4561 caeterorum
1402 4506 1730 4576 populorum
1781 4522 1956 4571 more,

376 4592 606 4650 deorum
666 4593 1075 4649 multitudinem
1131 4594 1456 4649 invexerint.
1529 4594 1784 4652 Hebraeos
1832 4612 1958 4652 vero

375 4686 580 4757 justius
608 4686 990 4756 appellaveris,
1023 4687 1138 4742 sive
1184 4688 1255 4742 ab
1292 4686 1504 4743 Hebero
1529 4704 1727 4745 nomen
1761 4690 1955 4755 ducas,

377 4782 496 4836 sive
542 4781 724 4851 potius
779 4795 810 4834 a
842 4781 994 4835 vocis
1033 4780 1181 4835 illius
1230 4781 1649 4852 signiﬁcatione.
1692 4781 1955 4838 Hebraeos

372 4870 544 4936 enim,
573 4872 731 4942 quasi
758 4879 1110 4938 transeuntes,
1148 4860 1494 4941 interpretari
1537 4872 1719 4943 possis
1752 4891 1766 4928 :
1800 4874 1893 4943 qui
1922 4888 1955 4928 a
1982 4920 1987 4925 .

372 4973 647 5019 terrarum
692 4965 1046 5031 commercio,
1090 4964 1158 5018 ad
1189 4966 1539 5034 praepotentis
1580 4963 1676 5019 Dei
1708 4972 1983 5021 contem--

370 5055 670 5127 plationem
726 5056 1063 5112 transierint.
1106 5055 1391 5127 Ejusmodi
1445 5058 1591 5113 enim
1642 5072 1739 5112 eos
1781 5055 1953 5111 fuisse

373 5156 607 5202 testatur
638 5147 891 5213 historia,
925 5149 1019 5219 qui
1065 5150 1231 5204 unius
1262 5164 1294 5203 a
1338 5158 1533 5204 natura
1565 5149 1753 5203 inditae
1788 5150 1952 5204 ratio-

371 5240 481 5307 nis,
517 5240 807 5311 legumqne
840 5242 1043 5311 scripto
1081 5243 1233 5296 nullo
1283 5242 1807 5311 comprehensarum
1841 5242 1950 5297 du-
1984 5276 1985 5283 η

371 5343 485 5394 ctu,
512 5343 565 5385 et
605 5343 810 5388 rectam
852 5334 1072 5389 virtutis
1110 5336 1255 5390 viam
1288 5334 1518 5390 feliciter
1549 5345 1864 5401 tenuerunt,
1895 5343 1950 5391 et

372 5436 564 5479 omnes
605 5426 975 5497 praetergressi
1021 5427 1267 5496 corporis
1300 5428 1625 5497 voluptates,
1677 5429 1744 5483 ad
1777 5429 1944 5483 vitam

371 5517 637 5586 singulari
667 5533 791 5572 cum
826 5519 1117 5589 sapientia,
1148 5529 1261 5574 tum
1284 5519 1547 5591 religione
1578 5521 1837 5592 cultuque
1861 5521 1946 5578 di-

442 5687 467 5714 ⁸
494 5676 576 5729 ἴον.
608 5676 1060 5750 κατωρθωμένην.
1139 5679 1167 5718 b
1203 5695 1316 5749 730.,
1351 5679 1687 5748 θεοφανείας.

2060 4488 2340 4580 ιςωῦσέως
2365 4492 2553 4563 νόμου,
2583 4493 2670 4549 διὰ
2696 4496 2753 4549 δὲ
2770 4499 3006 4567 πίστεως
3024 4506 3468 4580 κατωρθωμένης
3496 4522 3521 4551 α
3551 4515 3658 4567 αὐ-

2058 4577 2166 4649 τῷ,
2202 4581 2339 4650 μετά
2360 4598 2423 4651 γε
2460 4583 2558 4649 τάς
2605 4585 2988 4658 ἀναγράπτους
3043 4577 3232 4658 θυσίας
3274 4577 3325 4661 δή,
3382 4577 3469 4648 ἐπ’
3496 4598 3656 4673 αὐτῷ

2058 4672 2207 4745 γήρᾳ
2232 4673 2440 4745 μέλλων
2475 4676 2640 4731 παῖδα
2666 4680 2886 4752 γνήσιον
2914 4686 3115 4752 τεκεῖν,
3144 4686 3361 4758 πρῶτος
3387 4672 3652 4749 ἁπάντων

2058 4766 2201 4820 κατὰ
2234 4769 2480 4841 χρησμὸν
2502 4770 2563 4823 τὸ
2599 4770 2759 4843 σῶμα
2791 4775 3197 4848 περιτέμνεται,
3224 4781 3382 4837 τοῦτο
3411 4788 3506 4841 καὶ
3530 4790 3653 4854 τοῖς

2057 4856 2118 4922 ἐξ
2144 4858 2309 4913 αὐτοῦ
2338 4861 2699 4933 γεννωμένοις
2723 4864 2991 4920 ἐπιτελεῖν
3042 4872 3340 4941 παραδοὺς,
3393 4877 3505 4931 εἴτε
3561 4881 3655 4945 εἰς

2057 4950 2270 5022 ἐμφανῆ
2295 4953 2593 5024 σημείωσιν
2641 4956 2740 5025 τῆς
2778 4954 2890 5010 τῶν
2937 4947 2994 5025 ἕξ
3027 4960 3193 5014 αὐτοῦ
3230 4964 3438 5020 παίδων
3475 4969 3652 5023 πολυ-

2054 5040 2339 5112 πληθείας,
2370 5043 2479 5097 εἴτε
2516 5044 2609 5099 καὶ
2628 5044 2704 5109 ὼς
2729 5045 2903 5117 ἔχοιεν
2926 5050 2976 5103 οί
3012 5053 3201 5118 παῖδες
3232 5056 3463 5129 πάτριον
3495 5060 3650 5128 γνὼ-

2054 5151 2246 5206 ρισμα,
2269 5137 2386 5207 ἦτοι
2414 5135 2655 5207 βιοῦντες
2686 5140 2828 5195 κατὰ
2859 5142 2951 5196 τὸν
2990 5142 3099 5198 τῶν
3127 5147 3405 5219 προγόνων
3449 5147 3642 5224 ζῆλον,

2051 5227 2086 5299 ἢ
2112 5230 2211 5300 τῆς
2242 5228 2466 5283 ἐκείνων
2516 5232 2718 5303 ἀρετῆς
2749 5233 3189 5309 ἀπολειπόμενον
3231 5240 3342 5295 εἴτε
3369 5242 3492 5297 καθ’
3516 5244 3645 5299 ἐτέ-

2054 5335 2156 5390 ρας
2185 5320 2580 5392 οίασδηποτοῦν
2614 5324 2812 5391 αίτίας,
2842 5324 2909 5390 ἃς
2927 5328 2988 5381 οὐ
3035 5328 3132 5383 νῦν
3159 5330 3322 5404 σχολὴ
3349 5333 3645 5409 πολυπρα-

2050 5414 2293 5481 γμονεῖν.
2329 5413 2548 5469 Τοιόσδε
2577 5415 2677 5487 μὲν
2709 5413 2803 5471 οὖν
2826 5418 2921 5473 καὶ
2974 5413 3128 5485 οὗτος
3162 5424 3242 5486 είς
3285 5423 3517 5495 μίμησιν
3542 5429 3644 5482 ὲκ·-

2049 5504 2316 5575 κείμενος·
2348 5506 2483 5577 μετὰ
2537 5508 2582 5563 δ’
2608 5509 2768 5563 αὐτὸν
2832 5510 3015 5567 Ἰσαὰκ
3045 5515 3143 5587 τῆς
3208 5513 3466 5589 πατρῴας
3491 5519 3642 5593 ὁμοῦ
