3856 6224
163 364 267 421 525

1320 371 1647 430 PREPAR.
1688 368 1948 433 EVANG.
1985 373 2118 435 LIB.
2156 376 2269 437 VH.

160 486 488 555 θεογνωσίας
508 504 570 541 τε
604 488 699 543 καὶ
732 488 1011 559 θεοφιλίας
1054 490 1299 563 διάδοχος
1342 495 1730 562 ἀναδείκνυταιἸ

1848 500 1976 554 vino
2003 509 2355 569 praestantem
2406 506 2828 563 transvolarunt.
2868 506 3048 579 Atque
3081 508 3185 564 hoc
3230 509 3291 564 in
3324 525 3427 564 nu-

161 577 362 649 κλῆρόν
400 579 655 637 ἁπάντων
686 580 874 635 τοῦτον
894 583 1177 638 κάλλιστόν
1207 602 1266 638 τε
1305 587 1398 640 καὶ⁸
1435 591 1745 662 τρισμακά-

161 685 276 741 ριον
298 670 393 725 τοῦ
451 672 656 743 πατρὸς
697 673 1123 745 διαδεδεγμένος.
1165 678 1279 749 Μιᾷ
1310 678 1499 734 τοῦτον
1532 686 1744 755 γαμετῇ

156 759 226 814 τά
248 760 366 815 θεῖά
385 780 516 831 φασι
556 763 876 820 συνελθόντα
898 766 1075 836 λόγια,
1107 770 1204 840 μιᾷ
1228 771 1532 841 χρήσασθαι
1556 774 1744 828 παιδο-

160 853 335 926 ποιίᾳ·
364 854 490 909 καθ’
519 856 586 927 ἥν
610 856 831 927 διδύμου
852 860 1015 930 γονῆς
1047 860 1383 932 ἀποδειχθεὶς
1422 865 1623 938 πατὴρ,
1666 870 1747 932 είς

156 941 316 999 ⁴ιοῦτο
346 948 788 1019 πριγράψασθαι
813 949 912 1022 τὴν
935 952 1070 1024 πρὸς
1105 953 1205 1024 τὴν
1261 957 1504 1028 γαμετήν
1526 959 1743 1029 ὁμιλίαν
1793 945 1805 958 ’

158 1035 435 1109 ὑπερϐολῇ
487 1039 840 1111 σωφροσύνης
896 1040 1135 1109 λέγεται.
1209 1044 1478 1099 Ἐνταῡθά
1532 1063 1613 1100 σοι
1649 1050 1744 1103 καὶ

169 1126 436 1192 ’Ῑακὼὸ,ό
483 1131 577 1183 καὶ
622 1131 860 1203 Ἰσραὴλ,
915 1134 1174 1204 εἰσήχθω’
1229 1135 1496 1208 διώνυμός
1537 1156 1619 1204 τις
1652 1158 1745 1209 γε·-

152 1218 329 1287 γονὼς
361 1221 503 1292 ἀνὴρ
532 1223 682 1293 παρά
713 1223 810 1295 τὴν
865 1224 975 1279 τῶν
1027 1228 1243 1281 οἰκείων
1274 1229 1485 1300 ἀρετῶν
1517 1231 1744 1304 διαλάμ-

153 1318 366 1366 πουσαν
392 1317 695 1386 προκοπήν.
717 1317 845 1370 Ὅτε
870 1318 968 1388 μὲν
993 1312 1106 1385 οὖν,
1125 1322 1599 1395 ὲγγυμναζόμενος
1630 1331 1743 1391 τοῖς

152 1408 482 1476 πρακτικοῖς
515 1405 669 1477 ἦθεσί
695 1425 753 1461 τε
782 1410 876 1462 καὶ
930 1410 1083 1481 βίοις,
1116 1413 1225 1467 τῶν
1268 1416 1415 1488 ὑπὲρ
1460 1419 1738 1485 εὐσεϐείας

152 1496 334 1550 πόνων
365 1499 722 1568 ἀπεπειρᾶτο,
760 1501 960 1555 Ἰακὼὸ
983 1503 1129 1575 αὑτῷ
1148 1505 1315 1577 ὄνομα
1336 1505 1424 1580 ἦν,
1457 1512 1742 1581 ἀσκητὴν

149 1586 207 1641 δὲ
234 1589 328 1641 καὶ
351 1590 626 1658 ἀθλητὴν
658 1592 691 1662 ἦ
739 1595 1075 1669 προσηγορία
1125 1598 1281 1651 καλεῖ
1322 1600 1452 1674 (67),
1488 1605 1580 1657 ἐπὶ
1643 1605 1740 1678 τὴν

162 1682 390 1736 Ἐλλάδα
421 1684 829 1756 μεταληφθεῖσα
861 1691 1065 1760 φωνήν.
1100 1691 1228 1745 Ὅτε
1259 1692 1314 1746 δὲ
1356 1693 1539 1749 λοιπὸν
1558 1697 1625 1751 τά
1662 1717 1741 1751 νι-

1848 607 2024 659 mero,
2063 594 2411 652 Abrahamus
2440 598 2603 653 etiam
2632 599 2743 666 ille,
2777 615 2936 670 quem
2969 601 3184 672 generis
3222 603 3429 672 princi-

1846 699 1969 753 pem
2018 687 2256 743 universi
2296 689 2613 757 praedicant,
2660 693 2786 762 jure
2837 708 2868 746 a
2916 693 3076 749 nobis
3118 695 3425 765 meritoque

1847 789 2153 833 censeatur.
2200 778 2376 849 Hujus
2414 784 2561 837 enim
2589 784 2802 854 justitia
2833 785 3151 841 divinorum
3197 802 3425 858 quoque

1847 867 2198 923 oraculorum
2225 871 2540 927 testimonio
2569 875 2984 930 commendatur
3013 893 3027 930 :
3051 891 3162 930 non
3197 892 3361 946 quam
3392 895 3424 931 a

1845 956 2052 1030 Moysis
2094 960 2215 1031 lege
2270 963 2577 1033 acceperit,
2611 975 2757 1020 certe
2795 967 3015 1036 quidem
3060 982 3185 1022 cum
3244 968 3424 1023 adhuc

1845 1050 1994 1104 nulla
2029 1059 2144 1105 tum
2179 1061 2325 1108 esset
2355 1072 2367 1107 :
2406 1070 2533 1109 nam
2568 1065 2725 1111 aetate
2756 1064 2881 1126 post
2926 1056 3303 1112 Abrahamum
3335 1074 3423 1112 se-

1843 1144 2016 1212 ptima
2046 1154 2208 1199 natus
2239 1154 2323 1200 est
2358 1145 2593 1218 Moyses.
2625 1146 2690 1200 Et
2726 1158 2873 1202 tanta
2906 1148 3025 1217 ejus
3067 1147 3329 1217 profecto,
3372 1150 3419 1203 si

1846 1236 2171 1306 cujusquam
2206 1237 2454 1303 alterius,
2492 1238 2774 1307 integritas
2803 1248 2966 1308 atque
2989 1239 3201 1310 religio,
3231 1240 3419 1294 eadem

1843 1340 1955 1395 qua
1994 1327 2337 1395 superiorum
2382 1329 2600 1383 illorum
2651 1328 3038 1398 praedicatione
3064 1330 3415 1384 celebratur.

1842 1418 1920 1471 De
1957 1418 2049 1472 illo
2081 1419 2227 1473 enim
2279 1421 2424 1475 hunc
2469 1420 2525 1474 in
2556 1422 2779 1475 modum
2822 1420 3104 1491 Scriptura
3134 1422 3415 1492 loquitur:

1848 1524 1868 1558 ι
1893 1506 1964 1561 Ει
1989 1508 2217 1563 credidit
2241 1509 2518 1564 Abraham
2556 1508 2689 1577 Deo,
2716 1521 2769 1564 et
2798 1518 3108 1579 reputatum
3136 1518 3221 1565 est
3250 1510 3325 1564 illi
3351 1511 3416 1563 ad

1838 1597 2109 1669 justitiam
2130 1598 2201 1654 “.
2231 1617 2249 1650 ι
2289 1599 2549 1655 Eumdem
2568 1614 2734 1670 porro
2775 1601 3017 1671 gentium
3057 1600 3416 1670 plurimarum

1842 1700 2125 1761 parentem
2155 1691 2427 1760 futurum,
2482 1708 2546 1748 ac
2589 1694 2913 1747 nominatim
2949 1712 2967 1744 ι
2999 1701 3187 1763 gentes
3227 1708 3417 1748 omnes

152 1776 392 1846 κητήρια
428 1777 569 1829 κατά
597 1778 703 1830 τῶν
718 1779 1025 1835 ἀντιπάλων
1051 1781 1231 1837 λαδὼν
1256 1786 1530 1856 στέφεται,
1553 1789 1650 1862 ήδη
1679 1808 1730 1844 τε

1846 1794 2027 1850 terrae,
2055 1800 2360 1855 omnesque
2390 1786 2564 1841 tribus
2592 1786 2645 1839 in
2676 1802 2742 1841 eo
2775 1786 3175 1841 benedicendas
3213 1802 3356 1852 esse,
3394 1806 3411 1836 ο

149 1865 260 1919 τῶν
288 1866 432 1920 κατά
458 1866 692 1940 θεωρίαν
714 1871 932 1939 ἀγαθῶν
956 1874 1236 1941 ἀπολαύει,
1266 1879 1561 1948 τηνικαῦτα
1591 1883 1730 1954 αὑτῷ

1841 1876 2023 1931 divina
2056 1878 2277 1932 oracula
2330 1877 2698 1947 praedixerunt
2728 1894 2741 1930 :
2770 1892 2893 1946 quae
2942 1892 3074 1931 sane
3111 1872 3415 1946 praedictio,

151 1958 247 2011 καὶ
273 1958 511 2030 τοῦνομα
536 1963 855 2032 μεταϐάλλει
879 1966 907 2017 ὁ
935 1967 1284 2038 χρηματίζων
1310 1967 1461 2037 Θεὸς,
1484 1975 1618 2045 ὁμοῦ
1643 1980 1737 2030 καὶ

150 2059 403 2125 θεοπτίας
430 2062 594 2115 αὑτὸν
628 2061 813 2128 ἀξιῶν,
852 2066 944 2118 καὶ
975 2065 1078 2120 τῶν
1107 2066 1395 2140 θειοτέρων
1437 2073 1616 2145 γερῶν
1675 2093 1735 2128 τε

145 2153 244 2205 καὶ
266 2152 443 2223 τιμῶν
462 2152 562 2217 τὰς
590 2155 822 2225 ἀμοιϐὰς
853 2158 942 2212 διὰ
973 2158 1073 2229 τῆς
1122 2164 1493 2234 προσηγορίας
1536 2165 1737 2238 δωρού-

146 2261 332 2314 μενος.
354 2245 519 2313 Λέγει
544 2246 588 2298 δ’
610 2243 702 2300 οὖν
731 2249 869 2320 πρὸς
899 2250 1058 2303 αὑτὸν
1088 2254 1116 2305 ό
1140 2254 1403 2325 χρησμός
1450 2276 1467 2308 ι
1503 2259 1617 2312 Οὑκ
1654 2259 1735 2312 ἔτι

144 2336 482 2407 κληθήσεται
508 2338 571 2391 τὸ
595 2338 769 2410 ὄνομά
805 2358 901 2394 σου
943 2343 1157 2410 Ἰακὼδ,
1194 2346 1309 2399 ἀλλ’
1341 2348 1557 2420 Ἰσραὴλ
1583 2350 1735 2405 ἔσται

143 2426 207 2480 τὸ
226 2427 403 2498 δνομά
426 2444 543 2493 σου,
563 2430 646 2482 ὅτι
677 2430 963 2502 ὲνίσχυσας
988 2434 1126 2505 μετὰ
1164 2435 1260 2490 τοῦ
1289 2437 1447 2503 Θεοῦ,
1476 2441 1569 2494 καί⁸
1596 2442 1736 2512 μετά

144 2517 452 2589 ἀνθρώπων
478 2518 721 2585 δυνατός·
737 2542 755 2573 ι
775 2522 864 2575 τὸν
880 2526 1133 2593 ὁρατικὸν
1162 2524 1328 2600 ἄνδρα
1352 2532 1447 2584 καὶ
1476 2531 1736 2606 θεωρητιο

143 2608 241 2661 κδν
272 2608 370 2661 τοῦ
404 2610 619 2682 Ἰσραὴλ
646 2611 1054 2680 ὑποφαίνοντος·
1083 2618 1205 2671 ἐπεὶ
1245 2621 1340 2674 καὶ
1367 2620 1604 2696 τοῦνομα
1634 2643 1732 2696 με-

138 2699 411 2771 ταϐληθὲν
448 2703 702 2773 σημαίνει
728 2705 1015 2777 ἄνθρωπον
1046 2709 1256 2781 ὁρῶντα
1303 2712 1455 2767 Θεόν.
1514 2714 1732 2773 Τοιόσδε

140 2792 245 2862 μὲν
266 2788 361 2846 οὖν
393 2794 489 2846 καὶ
514 2788 689 2860 οὗτος,
724 2795 783 2863 ἐξ
811 2790 872 2849 οὗ
929 2796 990 2852 τὺ
1030 2798 1405 2873 δωδεκάφυλον
1459 2806 1553 2859 τοῦ
1599 2809 1730 2862 Ἰου-

134 2882 310 2938 δαίων
340 2884 529 2950 ἔθνους
581 2887 791 2959 ὑπέστη
852 2890 1026 2958 γένος.
1080 2893 1271 2966 Μυρία
1319 2896 1363 2950 δ’
1398 2896 1465 2951 ἂν
1514 2899 1728 2974 λεχθείη

136 2976 277 3049 περὶ
308 2976 406 3031 τοῦ
436 2978 552 3049 βίου
581 2979 689 3033 τῶν
719 2982 948 3053 ἀνδρῶν,
978 2984 1073 3037 καὶ
1103 2990 1203 3057 τῆς
1256 2986 1544 3060 φιλοσόφου
1596 3010 1731 3065 καρ-

133 3071 331 3141 τερίας
357 3088 416 3125 τε
451 3072 631 3126 αὑτῶν
672 3076 772 3128 καὶ
803 3076 1109 3147 ἀσκήσεως’
1138 3079 1207 3133 τὰ
1242 3080 1345 3151 μὲν
1400 3082 1536 3153 πρὸς
1585 3084 1729 3151 λέξιν

1840 1985 1963 2040 quae
2002 1969 2335 2039 temporibus
2383 1968 2588 2024 nostris
2633 1968 2853 2023 evenire
2893 1969 3189 2034 cernimus,
3234 1968 3416 2037 palam

1838 2073 1894 2119 et
1935 2073 2120 2134 aperte
2163 2062 2479 2117 denotabat.
2534 2060 2879 2115 Abrahamus
2932 2060 3098 2129 igitur
3145 2060 3254 2124 ille,
3295 2071 3418 2130 post

1838 2171 1958 2210 eam
2003 2154 2232 2225 justitiae
2268 2153 2642 2208 maturitatem
2678 2163 2841 2216 atque
2892 2151 3306 2221 perfectionem,
3339 2151 3415 2205 ad

1838 2261 2003 2316 quam
2038 2246 2217 2315 ipsum
2242 2259 2352 2298 non
2376 2244 2466 2298 lex
2491 2242 2713 2314 Moysis,
2736 2243 2830 2299 sed
2867 2243 3095 2298 illustris
3128 2243 3262 2297 fides
3282 2257 3416 2297 con-

1838 2346 2102 2406 stansque
2131 2337 2498 2405 perduxerat,
2543 2344 2668 2404 post
2701 2350 2815 2399 eos,
2845 2334 3043 2403 quibus
3070 2349 3240 2389 sacrm
3272 2334 3415 2389 litte-

1835 2446 1911 2485 τε
1943 2430 2334 2497 suffragantur,
2369 2426 2625 2481 Numinis
2671 2426 2839 2480 divini
2877 2434 3227 2497 conspectus,
3274 2426 3413 2497 legi-

1836 2522 2033 2576 timum
2063 2520 2167 2574 sub
2202 2526 2505 2574 extremam
2554 2528 2887 2574 senectutem
2915 2518 3086 2572 ﬁlium
3134 2529 3415 2587 susceptu-

1833 2627 1953 2677 rus,
2006 2625 2133 2666 cum
2172 2609 2416 2665 omnium
2461 2625 2582 2666 sese
2629 2611 2860 2679 primus,
2892 2609 3058 2679 310
3100 2610 3177 2662 uti
3222 2610 3411 2678 jussus

1834 2703 2019 2759 divina
2044 2716 2181 2756 voce
2208 2701 2408 2768 fuerat,
2438 2700 2807 2763 circumcidit,
2847 2711 2960 2753 tum
2999 2701 3139 2752 idem
3173 2698 3410 2769 posteris

1833 2795 1953 2864 ipse
1990 2794 2105 2849 suis
2145 2792 2456 2848 faciendum
2489 2792 2773 2862 praecepit;
2811 2791 2925 2846 sive
2947 2799 3006 2845 ut
3030 2791 3131 2845 hoc
3165 2790 3311 2845 velut
3340 2792 3409 2843 il-

1832 2887 2090 2946 lustriore
2140 2886 2330 2958 signo,
2383 2884 2856 2956 propagandorum
2908 2900 2973 2939 ex
3024 2897 3092 2938 ee
3149 2894 3407 2953 nepotum

1831 2978 2127 3034 multitudo
2148 2985 2443 3043 constaret,
2475 2977 2590 3031 sive
2623 2984 2684 3031 ut
2717 2985 3007 3046 paternum
3033 2975 3405 3031 characterem

1832 3070 1991 3126 liberi
2015 3071 2333 3133 retinerent,
2373 3069 2536 3139 idque
2560 3069 2717 3134 adeo,
2743 3084 2838 3123 seu
2868 3069 3138 3138 majorum
3174 3068 3252 3122 illi
3279 3083 3409 3124 suo—

136 3164 513 3236 θεωρούμενα,
536 3166 605 3220 τὰ
641 3167 698 3221 δὲ
729 3169 828 3221 καὶ
872 3168 938 3222 δι’
974 3170 1238 3226 ὑπονοιῶν
1269 3172 1729 3247 ἀλληγορούμενα.

1836 3178 1961 3218 rum
1989 3162 2237 3232 vestigiis
2268 3161 2604 3225 insisterent,
2638 3175 2733 3216 seu
2770 3162 2840 3215 ab
2866 3161 3181 3216 eorumdem
3210 3161 3411 3216 virtute

135 3256 278 3325 Περὶ
300 3252 375 3312 ὧν
403 3257 616 3329 εἴρηται
644 3260 746 3329 μὲν
779 3264 875 3316 καὶ
929 3262 1131 3329 ἄλλοις,
1186 3264 1328 3337 ἀτὰρ
1379 3267 1474 3320 καὶ
1506 3269 1638 3339 ἡμῖν
1671 3271 1729 3324 ἐν

133 3343 218 3411 οἷς
248 3340 828 3423 ἐπραγματευσάμεθα
879 3357 1009 3428 περὶ
1039 3358 1141 3427 τῆς
1196 3355 1306 3412 τῶν
1359 3360 1604 3415 παλαιῶν
1638 3362 1732 3416 ἀν-

129 3441 280 3511 δρῶν
311 3441 835 3511 (68ἰ1τολυπαιδίας.
872 3448 1076 3502 Τοιοίδε
1127 3449 1226 3519 μὲν
1274 3445 1367 3504 οὖν
1418 3452 1513 3505 καὶ
1562 3447 1725 3509 οὗτοι.

136 3533 295 3602 Ἔχω
320 3549 404 3585 σοι
432 3535 562 3604 παρ’
596 3537 779 3601 αὐτοῖς
805 3539 900 3591 καὶ
932 3538 1089 3592 ἄλλον
1137 3542 1332 3608 εἰπεῖν,
1391 3542 1510 3596 ’1ὼὸ
1556 3543 1729 3617 ὄνομα

132 3623 211 3694 τῷ
239 3624 423 3695 ἀνδρὶ,
449 3626 509 3678 ὃν
540 3626 608 3679 τά
636 3628 754 3699 ἱερὰ
809 3634 1078 3702 μαρτυρεῖ
1124 3630 1282 3701 λόγια
1331 3636 1612 3704 γεγονέναι
1637 3639 1728 3693 ἄν-

135 3716 360 3787 θρωπον
382 3717 695 3788 ἄμεμπτον,
729 3721 1003 3792 ἀληθινὸν,
1033 3722 1262 3789 δίκαιον,
1306 3726 1555 3799 θεοσεϐῆ,
1593 3730 1727 3783 ἀπε-

131 3810 363 3879 χόμενον
388 3810 499 3863 ἀπὸ
523 3811 720 3874 παντὸς
766 3813 1000 3885 πονηροῦ
1060 3816 1403 3886 πράγματος,
1457 3816 1622 3885 Οὗτός
1662 3838 1726 3889 γε

131 3917 237 3965 τοι,
269 3902 428 3955 οὐδὲν
455 3904 753 3975 προσήκων
782 3904 861 3975 τῷ
918 3906 1187 3963 Ἰουδαίων
1234 3910 1417 3979 γένει,
1469 3912 1562 3965 ἐπὶ
1590 3917 1724 3967 πᾶσι

132 3995 245 4056 τοῖς
271 3996 374 4066 τῆς
428 3994 712 4059 εὐσεϐείας
767 3998 1151 4071 κατορθώμασι
1190 4003 1629 4075 μεμαρτύρηται.
1661 4006 1730 4059 Οἵ

132 4099 195 4151 γε
221 4084 334 4155 μὴν
367 4083 460 4137 τοῦ
502 4085 695 4139 Ἰακὼό
720 4088 930 4153 παῖδες,
982 4091 1080 4162 τὴν
1128 4093 1356 4163 πάτριον
1396 4093 1724 4164 θεογνωσίαν

131 4192 189 4228 τε
223 4176 324 4229 καὶ
351 4176 665 4230 θεοσέϐειαν
722 4180 1093 4250 ἠγαπηκότες,
1147 4183 1245 4255 τὴν
1296 4186 1402 4240 τῶν
1460 4187 1723 4241 ἀνέκαθεν

138 4265 414 4338 Ἐϐραίων
444 4268 632 4339 φήμην
654 4270 746 4322 ἐπὶ
773 4270 915 4341 μέγα
942 4272 1099 4343 δόξης
1139 4277 1399 4346 προῆγον,
1431 4276 1569 4330 ῶστε
1622 4278 1719 4349 ἤδη

131 4360 227 4413 καὶ
248 4359 438 4428 πάσης
465 4360 743 4428 Αἰγύπτου
792 4362 888 4432 τὴν
930 4364 1103 4437 ἀρχὴν
1155 4367 1479 4436 ἀνάψασθαι.
1516 4368 1574 4422 Ὀ
1613 4371 1721 4441 γάρ

130 4468 211 4504 τοι
242 4450 450 4522 Ἰωσὴφ
486 4456 599 4516 τοῖς
662 4455 1016 4526 σωφροσύνης
1066 4459 1531 4529 προαναστεφθεὶς
1586 4462 1719 4534 βρα-

1832 3256 2180 3317 deflecterent
2211 3272 2226 3320 ;
2259 3257 2373 3309 sive
2402 3254 2636 3325 denique
2678 3254 2799 3309 alia:
2828 3254 3077 3324 quaedam
3122 3254 3289 3324 hujus
3325 3254 3409 3315 in-

1830 3352 2008 3410 stituti
2045 3365 2228 3407 causa:
2274 3349 2629 3417 rationesque
2662 3348 2972 3413 subessent,
3014 3348 3067 3401 in
3107 3334 3246 3418 quas
3281 3347 3409 3402 dili—

1830 3446 2045 3517 gentius
2080 3456 2135 3499 et
2173 3442 2448 3498 curiosius
2496 3440 2806 3511 inquirere,
2856 3440 3018 3495 modo
3069 3456 3178 3495 non
3225 3450 3403 3495 vacat.

1829 3539 2097 3595 Caeterum
2127 3535 2395 3606 ejusmodi
2431 3536 2594 3588 etiam
2624 3534 2712 3587 ille
2739 3532 2861 3598 fuit,
2897 3549 3059 3603 quem
3094 3548 3196 3588 nos
3236 3548 3406 3587 aemu-

1827 3628 1932 3683 lari
1976 3641 2327 3697 summopere
2380 3626 2587 3681 deceat.
2634 3623 2945 3679 Secundum
2978 3624 3130 3679 illum
3187 3623 3406 3679 lsaacus

1827 3721 2096 3785 laudatur,
2125 3720 2246 3790 ejus
2278 3733 2400 3788 quae
2426 3726 2704 3787 parentem
2736 3726 3027 3770 ornaverat
3056 3717 3254 3771 divinae
3277 3733 3402 3771 cum

1828 3812 2059 3876 notitiae,
2109 3819 2225 3865 tum
2278 3810 2443 3863 etiam
2489 3808 2777 3863 charitatis
2817 3808 3013 3874 haares,
3062 3822 3226 3877 quam
3287 3808 3404 3877 ipse

1827 3918 1994 3958 unam
2038 3901 2286 3955 omnium
2333 3900 2496 3968 longe
2545 3899 2973 3969 pulcherrimam
3020 3914 3089 3953 ac
3149 3898 3405 3954 felicissi-

1827 4008 1976 4048 mam
2015 3993 2135 4061 ejus
2188 3991 2559 4044 lizereditatem
2614 3991 2844 4045 sortitus
2890 4000 2993 4046 est.
3042 3990 3305 4046 Eumdem
3349 4003 3404 4045 et

1826 4100 2056 4140 uxorem
2096 4084 2363 4137 duntaxat
2398 4097 2563 4136 unam
2610 4082 2854 4149 duxisse,
2888 4092 2941 4137 et
2982 4084 3154 4137 semel
3188 4092 3400 4137 tantum

1825 4178 2013 4234 liberis
2059 4191 2279 4246 operam
2325 4175 2542 4230 dedisse
2585 4176 2921 4230 monimenta
2964 4177 3145 4231 divina
3191 4186 3400 4231 testan-

1827 4278 1914 4323 tur
1943 4288 1961 4324 :
1992 4285 2099 4339 qua
2151 4269 2311 4323 unica
2346 4267 2486 4333 vice,
2519 4266 2730 4339 gemina
2764 4267 2913 4337 prole
2950 4277 3231 4338 suscepta,
3280 4284 3401 4322 mu-

1827 4371 1977 4416 tuam
2022 4376 2146 4416 cum
2196 4374 2366 4414 uxore
2396 4359 2848 4415 consuetudinem
2896 4360 3403 4431 circumscripsisse

1823 4453 2019 4519 fertur,
2049 4453 2296 4521 exemplo
2322 4452 2671 4506 continentia:
2700 4452 2988 4523 singulari.
3016 4450 3401 4523 Consequatur

130 4541 324 4607 ϐεἰοις,
370 4543 604 4598 κᾶπειτα
630 4546 729 4617 τὴν
749 4548 1057 4616 Αἰγυπτίων
1080 4550 1473 4621 ὑποδεξάμενος
1514 4556 1717 4625 ἠγεμο-

1832 4544 2080 4611 lacobus,
2111 4560 2273 4615 quem
2303 4552 2357 4599 et
2385 4544 2642 4599 lsraelem
2672 4553 2981 4600 vocarunt:
3014 4547 3158 4615 quod
3185 4556 3399 4603 utrum-

130 4635 275 4701 νίαν,
300 4636 397 4689 τὸν
422 4636 640 4709 θεοφιλῆ
666 4639 776 4692 τῶν
810 4639 1075 4709 Ἑϐραίων
1125 4641 1345 4710 διέδειξε
1378 4643 1595 4716 τρόπον.
1624 4647 1719 4699 Ὃν

129 4728 226 4780 καὶ
259 4728 427 4780 αὐτὸν
458 4728 653 4798 ζηλοῦν
681 4730 749 4783 δι’
777 4731 942 4803 εὐχῆς
975 4732 1336 4803 πεποιήμεθα,
1360 4733 1541 4788 δοῦλον
1561 4734 1721 4789 αὑτὸν

132 4819 193 4885 ἐξ
219 4819 443 4873 οἰκείων
479 4821 774 4892 ὲπιὸουλῆς
828 4825 1214 4896 γεγενημένον,
1266 4826 1359 4878 καὶ
1404 4826 1588 4880 δοῦλον
1621 4828 1719 4879 Αἱ-

131 4914 367 4978 γυπτίου
394 4912 604 4985 ἀνδρός.
636 4914 717 4968 Τά
743 4916 843 4985 μὲν
870 4916 978 4987 γὰρ
1002 4916 1135 4971 ἄλλα
1169 4918 1270 4971 ὅσα
1313 4918 1393 4981 εἰς
1411 4918 1721 4991 ὡραιότητα

134 5007 231 5058 καὶ
260 5004 454 5077 ῥώμην
486 5007 735 5077 σώματος
789 5010 880 5062 καὶ
935 5010 1237 5083 εὐμορφίαν
1259 5011 1548 5083 ηὑτύχητο,
1582 5030 1722 5084 παρ-

140 5096 284 5165 ίημι,
350 5100 401 5150 εἰ
433 5098 528 5151 καὶ
558 5098 625 5151 τὰ
685 5098 839 5168 λόγια
873 5100 1103 5164 κάλλους
1130 5103 1292 5156 αὑτὸν
1326 5102 1444 5174 ὥρᾳ
1502 5104 1719 5158 πάντων

136 5185 436 5253 διενεγκεῖν
459 5188 788 5258 ἀναγράφει·
838 5191 907 5243 τά
946 5191 1003 5245 δὲ
1046 5193 1175 5262 περὶ
1221 5192 1398 5263 ψυχῆς
1440 5197 1513 5265 πῆ
1540 5194 1605 5248 ἄν
1636 5213 1720 5259 τις

138 5276 480 5349 διαγράψειε,
513 5280 635 5333 κατ’
667 5282 824 5348 ἀξίαν
874 5283 975 5354 τῆς
1010 5284 1104 5337 τοῦ
1156 5285 1347 5356 ἀνδρὸς
1381 5288 1582 5359 ἀρετῆς
1627 5289 1718 5341 τὸν

140 5370 358 5425 ἔπαινον
380 5372 607 5427 διελθεῖν
628 5375 1038 5446 προῃρημένοςς
1073 5377 1234 5431 Φύσει
1260 5380 1357 5449 μὲν
1404 5381 1552 5453 αὑτῷ
1581 5399 1721 5453 παρ-

142 5464 279 5516 εῖναι
334 5464 490 5533 λόγος
520 5466 581 5518 τὸ
621 5467 922 5540 ἐλευθέριον
951 5467 1256 5546 γνώρισμα,
1286 5472 1378 5525 τοῦ
1425 5490 1484 5525 τε
1518 5474 1716 5546 τρόπου

210 5572 265 5605 ⁸⁸
284 5574 420 5631 Gen.
451 5592 544 5641 xv,
571 5576 625 5631 6.

144 5690 549 5833 prgis‘ltlfalei.
583 5693 695 5749 Alt.
725 5709 757 5750 e
780 5712 1084 5765 manuscr.,
1111 5698 1282 5772 δηλοῖ,
1313 5700 1457 5771 quod
1491 5700 1718 5757 omnino

214 5831 321 5906 (68)
351 5835 495 5906 Περὶ
536 5834 652 5904 τῆς
689 5833 809 5892 τῶν
846 5838 1119 5897 παλαιῶν
1156 5839 1293 5899 ἀνδ.
1334 5838 1499 5900 Liber
1529 5841 1620 5901 hic
1650 5842 1718 5901 de

1822 4652 1930 4707 que
1960 4651 2181 4702 nomen,
2224 4637 2293 4691 ab
2322 4637 2524 4708 insigni
2550 4638 2786 4708 quadam
2823 4648 2908 4694 est
2950 4640 3257 4709 eximiaque
3285 4641 3398 4693 vir-

1822 4738 1999 4784 tutum
2034 4729 2350 4784 accessione
2390 4739 2738 4787 consecutus.
2774 4728 2825 4786 Is
2851 4730 3019 4793 enim,
3047 4733 3177 4785 dum
3218 4732 3397 4787 adhuc

1825 4820 1880 4873 in
1914 4820 2059 4875 civili
2088 4821 2324 4888 quodam
2359 4828 2413 4875 et
2457 4829 2684 4877 actuoso
2713 4821 2837 4876 vitae
2877 4838 3091 4892 genere,
3141 4822 3395 4877 assiduos

1822 4914 2040 4984 pietatis
2073 4929 2242 4969 causa
2276 4914 2491 4970 labores
2530 4915 2758 4981 subiret,
2805 4914 3041 4970 Jacobus
3070 4915 3389 4979 dicebatur;

1821 5022 1945 5077 quae
1980 5023 2106 5071 vox,
2144 5008 2189 5062 si
2239 5006 2425 5062 Graece
2467 5007 2749 5076 reddatur,
2800 5019 3003 5062 asceten
3042 5009 3395 5075 athletamque

1822 5110 2002 5156 sonat.
2036 5100 2182 5155 Idem
2214 5102 2399 5157 relatis
2432 5103 2599 5157 semel
2632 5104 2699 5158 de
2725 5102 2975 5159 hostibus
3005 5105 3246 5159 victoria:
3279 5115 3391 5158 tro-

1819 5189 1972 5257 paeis,
2031 5203 2345 5254 coronatus,
2389 5191 2483 5245 ubi
2530 5194 3003 5261 contemplationis
3042 5194 3237 5262 opibus
3287 5193 3392 5249 frui

1821 5281 2005 5348 coepit,
2035 5290 2147 5335 tum
2183 5296 2316 5336 vero
2356 5281 2501 5337 aliud
2553 5284 2602 5336 ei
2638 5298 2837 5337 nomen
2873 5293 3063 5339 auctor
3102 5285 3220 5355 ipse
3247 5285 3393 5342 Deus

1819 5369 2100 5442 imposuit,
2133 5388 2368 5442 eumque
2393 5374 2591 5442 partim
2620 5386 2914 5443 conspectu
2940 5390 3042 5430 suo
3062 5375 3173 5430 frui
3194 5378 3388 5443 voluit,

1819 5459 2019 5528 partim
2051 5460 2412 5517 divinioribus
2442 5462 2767 5527 quibusdam
2803 5466 3043 5534 praamiis
3075 5468 3130 5522 e‘t
3165 5466 3391 5523 honori-

1820 5705 2464 5777 numerosapriscorum
2499 5709 2781 5764 hominum
2830 5711 3049 5777 sobole,
3106 5729 3229 5768 cum
3266 5714 3388 5769 aliis

1819 5774 2095 5843 plerisque
2126 5776 2430 5851 intercidit,
2464 5796 2561 5833 nec
2598 5782 2707 5851 ulla
2738 5781 2857 5851 ejus
2899 5792 2981 5837 est
3007 5774 3151 5851 apud
3181 5784 3239 5839 S.
3270 5784 3392 5839 llic-

1817 5858 2127 5916 ronymum,
2160 5845 2437 5912 Pbotium,
2470 5859 2562 5906 aut
2591 5845 2814 5909 Suidaiu
2847 5845 3068 5910 mentio.
