3856 6224
472 323 576 378 59.ιῖ

1132 327 1401 383 EUSEBll
1433 325 1913 384 CIESARIENSIS
1950 326 2100 383 OPP.
2135 325 2320 383 PARS
2358 323 2424 379 Π.
2462 353 2530 365 -
2568 320 3070 378 APOLOGETICA.

3604 320 3693 378 εει

472 445 599 512 bus,
631 446 820 502 eodem
853 448 1073 503 nomine
1101 451 1506 519 repraesentatis
1529 451 1849 507 cumulavit.
1884 449 2019 520 Ejus

2144 447 2206 501 τὸ
2239 445 2457 517 εὐγενὲς
2484 440 2753 497 ἐπανθοῦν
2779 441 2859 513 τῷ
2883 441 3178 514 προσώπῳ·
3223 446 3334 509 τοῖς
3361 444 3418 498 δέ
3445 444 3699 516 εὐσεϐείας

471 536 622 592 modi
656 538 801 592 enim
836 537 905 591 ad
949 538 1101 592 illum
1144 547 1322 594 exstat
1353 540 1676 595 oraculum:
1719 560 1737 593 ι
1766 539 1883 594 Νοη
1929 556 2047 595 am-

2147 539 2505 611 διαπρέπουσι
2561 535 2786 606 κόσμοις
2837 533 3199 607 διαφερόντως
3238 534 3523 608 ἐξήσκητο,
3567 540 3699 605 ὠςέν

469 629 615 700 plius
652 629 939 684 vocabitur
968 646 1168 685 nomen
1196 640 1351 687 tuum
1392 630 1694 699 Jacob,sed
1740 631 1906 687 Israel
1941 634 2019 688 eri

2149 630 2473 704 σωφροσύνῃ
2500 628 2597 682 ml
2615 625 2950 699 δικαιοσύνῃ,
2984 628 3243 698 φρονήσει
3285 646 3346 682 τε
3372 630 3468 683 καὶ
3508 630 3697 704 ἀνδρίᾳ,

469 737 668 776 nomen
694 729 871 787 tuum,
900 722 1160 791 quoniam
1195 723 1472 780 invaluisti
1507 739 1632 779 cum
1667 723 1802 791 Deo,
1832 732 1887 779 et
1917 741 2042 781 cum

465 813 782 870 hominibus
815 824 1007 884 potens
1042 814 1108 870 ⁸⁵.
1134 835 1153 868 ι
1184 815 1531 883 Quolsraelis
1556 818 1778 873 nomine
1801 818 1885 872 vir
1906 834 2042 873 con-

468 898 808 973 templa'tioni
876 907 1093 962 deditus
1152 907 1464 975 indicatur,
1538 920 1724 980 utpote
1782 911 1928 981 quod
1994 910 2092 983 si.

463 990 649 1047 Graece
674 995 929 1061 verteris,
974 998 1258 1063 hominem,
1301 1018 1333 1054 a
1358 1018 1459 1071 quo
1489 1001 1629 1057 Deus
1669 1004 1932 1070 videatur,
1960 1002 2039 1059 si-

462 1083 700 1152 gnificet.
736 1084 884 1142 Talis
911 1087 1074 1158 igitur
1103 1090 1191 1144 ille
1223 1092 1389 1146 etiam
1428 1091 1552 1158 fuit,
1593 1108 1624 1148 a
1662 1109 1772 1163 quo
1816 1092 2037 1149 Iudaeo-

460 1189 583 1229 rum
613 1192 787 1246 genus
812 1179 1100 1236 duodecim
1132 1184 1588 1253 comprehensum
1632 1186 1883 1242 tribubus
1913 1203 2040 1256 pro-

458 1278 715 1336 pagatum
748 1280 853 1325 est.
884 1270 1129 1337 Quorum
1176 1274 1245 1330 de
1290 1276 1413 1331 vita:
1443 1278 1769 1344 rationibus,
1801 1296 2037 1351 vereque

455 1359 798 1431 philosophis
835 1364 997 1434 digna
1035 1366 1319 1422 tolerantia
1362 1377 1417 1423 et
1458 1370 1869 1439 exercitatione,
1907 1373 2034 1427 infi-

457 1453 572 1507 nita
626 1458 1049 1512 commemorari
1088 1468 1332 1527 possent,
1380 1476 1503 1531 quae
1541 1464 1738 1531 partim
1780 1465 1924 1520 nnde
1970 1481 2034 1522 ac

457 1542 775 1612 simpliciter
807 1545 1056 1617 intelligi,
1089 1549 1285 1617 partim
1309 1565 1377 1605 ex
1407 1551 1798 1609 occultioribus
1831 1554 2034 1624 allego-

448 1635 663 1692 Jriarum
718 1639 897 1693 sensis
941 1642 1059 1694 erui
1116 1640 1368 1697 debeant.
1431 1640 1508 1698 De
1557 1644 1904 1713 quibuscum
1962 1645 2032 1701 ab

454 1727 599 1791 aliis,
645 1735 758 1782 tum
801 1744 831 1783 a
874 1729 1033 1785 nobis
1084 1746 1303 1801 quoque
1351 1733 1683 1803 disputatum
1735 1735 1792 1789 in
1835 1735 1903 1790 iis
1948 1742 2032 1791 est

2145 721 2242 793 τὴν
2262 721 2439 792 ψυχὴν
2469 717 2769 789 ἐκλάμπειν
2825 716 2959 769 πολὺ
3002 717 3266 789 πρότερον
3316 721 3373 772 ἐν
3434 720 3703 790 ἐπιγνώσει

2144 814 2239 867 καὶ
2269 810 2523 882 εὐσεϐείᾳ
2550 796 2644 862 τοῦ
2677 804 2787 863 τῶν
2839 809 3093 862 ἀπάντων
3142 808 3299 875 θεοῦ,
3339 810 3406 881 ἢν
3438 812 3486 864 οἰ
3529 816 3701 888 γεννή.

2145 906 2337 968 σαντες
2375 906 2440 957 ἐκ
2468 902 2799 973 σπαργάνων
2826 900 3073 969 λέγονται
3103 900 3266 954 αὑτοῦ
3294 904 3359 973 τῇ
3390 902 3533 975 ψυχῇ
3556 921 3706 960 κατα-

2143 997 2482 1068 ϐεϐληκέναι.
2525 993 2884 1066 Ἐπιμανείσῃ
2913 993 2956 1046 δ’
2984 989 3076 1047 οῦν
3100 993 3247 1065 αὐτῷ
3283 998 3348 1067 τῇ
3386 996 3480 1049 τοῦ
3527 997 3703 1054 δεσπό-

2138 1110 2233 1146 του
2258 1094 2495 1163 γαμετῇ,
2527 1091 2606 1153 εἰς
2638 1087 2972 1151 ἀκολάστους
2997 1105 3056 1141 τε
3081 1088 3175 1140 καὶ
3212 1088 3481 1159 ἐρωτικὰς
3509 1090 3705 1161 ὁμιλίας

2140 1184 2235 1239 ἆτε
2259 1186 2375 1239 νέον
2397 1184 2458 1237 τὸ
2480 1183 2638 1253 σῶμα
2673 1179 3003 1252 κατασύρειν
3025 1179 3361 1252 πειρωμένῃ,
3409 1182 3502 1235 καὶ
3531 1181 3705 1254 πρῶτα

2142 1276 2240 1348 μὲν
2260 1275 2439 1343 λόγοις
2472 1275 2687 1346 ἀπατᾷν
2715 1271 2877 1327 αὐτὸν
2927 1270 3299 1343 ἐπιχειρούσῃ,
3347 1267 3465 1324 εἶτα
3496 1272 3553 1325 δὲ
3601 1274 3703 1326 ἰκε-

2138 1369 2281 1432 σίαις
2309 1360 2682 1438 ἀντιϐολούσῄ,
2713 1366 2807 1419 καί
2834 1364 2988 1428 τέλος
3010 1363 3311 1435 βιαιότερον
3341 1366 3531 1436 χεῖρας
3584 1364 3707 1420 ἐπάν-

2134 1477 2252 1530 γειν
2270 1459 2545 1531 τολμώσῃ,
2573 1457 2813 1512 ἀναιδέσι
2841 1474 2902 1509 τε
2930 1455 3032 1527 ἤδη
3082 1455 3173 1509 καὶ
3216 1455 3591 1526 ἀναισχύντοις
3618 1473 3707 1509 πε-

2137 1553 2423 1626 ριπλοκαῖς
2454 1550 2731 1623 χρωμένη,
2762 1552 2861 1620 τῆς
2908 1547 3017 1601 τῶν
3058 1547 3311 1619 πατέρων
3336 1547 3594 1611 εὐσεϐοῦς
3630 1548 3706 1601 δι-

2131 1642 2426 1705 δασκαλίας
2473 1644 2502 1694 ό
2553 1642 2703 1712 ἥρως
2746 1641 2843 1710 τὴν
2885 1639 3106 1709 μνήμην
3160 1637 3706 1708 ἀναπεμπασάμενος,

2132 1734 2225 1787 καί¹
2252 1733 2344 1787 τὸν
2373 1731 2596 1802 θεοσεϐῆ
2630 1730 2725 1783 καὶ
2753 1728 2967 1800 ἀληθῶς
2996 1728 3243 1799 Ἐϐραῖον
3268 1728 3445 1800 ἔργοις
3461 1726 3591 1798 ὁμοῦ
3621 1726 3710 1781 καὶ

448 1834 575 1887 quae
631 1818 699 1873 de
758 1835 1050 1877 numerosa
1105 1823 1409 1893 priscorum
1467 1824 1751 1881 hominum
1799 1827 2019 1893 sobole,

2131 1824 2309 1894 λόγοις
2335 1793 2643 1887 ἀποδείξας,
2664 1822 2727 1876 τὸ
2898 1793 3126 1892 αἰσχρὸν
3160 1820 3252 1873 καὶ
3292 1793 3588 1873 ἀκόλαστον
3614 1818 3710 1886 γύ-

448 1910 611 1981 311
656 1913 1105 1983 conscripsimus.
1142 1915 1214 1969 At
1250 1916 1317 1971 de
1355 1916 1464 1972 illis
1510 1917 1791 1974 hactenus.
1827 1920 2029 1975 Praeter

446 2017 592 2071 quos
621 2012 824 2067 tamen,
867 2004 1034 2059 alium
1071 2005 1234 2061 etiam
1265 2006 1490 2061 laudare
1511 2009 1707 2063 merito
1725 2010 1904 2074 liceat,
1933 2009 2029 2066 Jo-

451 2093 580 2147 bum
606 2094 1023 2164 nomine,quem
1048 2105 1102 2151 et
1123 2096 1273 2151 omni
1308 2098 1731 2167 reprehensione
1758 2102 2025 2171 caruisse,

445 2193 503 2237 et
539 2185 815 2252 veritatis,
850 2186 1106 2257 justitiae,
1144 2188 1360 2258 pietatis
1402 2199 1675 2247 amantem
1713 2207 1779 2247 ac
1815 2193 2026 2249 studio-

449 2291 571 2331 sum
600 2275 792 2342 fuisse,
817 2286 873 2332 et
918 2278 987 2333 ab
1031 2280 1181 2334 omni
1217 2282 1542 2353 contagione
1583 2284 1809 2341 sceleris
1833 2287 2025 2355 procul

447 2367 714 2434 abfuisse,
748 2369 929 2424 divina
954 2378 1223 2427 testantur
1238 2374 1482 2442 oracula,
1510 2389 1636 2430 cum
1667 2377 1724 2430 in
1755 2377 1863 2432 illis
1899 2393 2023 2433 om-

445 2460 612 2516 nibus
640 2463 921 2533 religionis
949 2463 1142 2521 olIiciis
1171 2481 1236 2522 ac
1263 2466 1541 2533 laudibus,
1575 2470 1724 2525 nulla
1765 2486 1889 2526 cum
1922 2470 2023 2526 Ju-

445 2550 579 2607 daeis
609 2554 893 2624 sanguinis
932 2570 998 2610 ac
1030 2557 1248 2625 generis
1302 2559 1690 2617 communione
1719 2569 2018 2618 teneretur.

440 2639 566 2700 Jam
602 2660 733 2700 vero
764 2643 958 2702 Jacobi
1002 2648 1159 2703 liberi
1202 2658 1485 2719 paternam
1540 2652 1712 2707 divini
1765 2652 2020 2711 Numinis

441 2734 831 2804 cegtiitionem,
860 2736 1217 2809 ejusdemque
1252 2740 1456 2796 cultum
1495 2758 1709 2798 summa
1740 2745 2022 2801 voluntate

439 2825 735 2895 studioque
761 2828 1052 2896 complexi,
1081 2831 1390 2899 priscorum
1428 2830 1783 2891 Hebraeorum
1812 2838 2020 2893 famam

437 2921 494 2967 et
521 2914 752 2984 gloriam
806 2918 1102 2974 admodum
1148 2921 1531 2988 illustrarunt;
1582 2933 1644 2979 ut
1676 2942 1744 2980 ex
1795 2927 2014 2983 illorum

439 3006 767 3060 auctoritate
791 3009 952 3076 paulo
1000 3019 1125 3079 post
1169 3012 1459 3082 imperium
1510 3015 1730 3087 Egypti
1756 3019 2018 3087 penderet

2130 1935 2279 1972 ναιον
2301 1916 2617 1979 διασείεται,
2668 1913 3033 1983 κραταιοτέρᾳ
3072 1914 3138 1982 τῇ
3170 1911 3314 1982 χειρί
3345 1910 3708 1982 παραλλάξας·

2129 2010 2316 2082 ὥσπερ
2345 2009 2401 2063 δέ
2423 2025 2564 2071 τινος
2588 2005 2762 2060 δεινοῦ
2814 2005 2908 2058 ml
2957 2004 3342 2076 λελυττηκότος
3376 2003 3540 2074 θηρὸς
3584 2006 3716 2057 ἀπο-

2127 2102 2281 2174 δράς,
2318 2102 2462 2172 φυγῇ
2487 2100 2586 2171 τὴν
2618 2096 2892 2170 σωτηρίαν
2922 2094 3225 2168 πορίζεται.
3272 2094 3522 2149 Κάπειτα
3555 2095 3715 2158 αὐτὸς

2127 2193 2264 2264 πρὸς
2290 2191 2482 2246 ἐαυτὸν
2530 2189 2765 2261 σώφρονι
2814 2187 3061 2259 λογισμῷ
3104 2188 3282 2242 τοιάδε
3327 2188 3713 2258 ἐπιλογίζεται,

2126 2286 2221 2340 καί
2250 2300 2435 2356 φησιν’
2470 2303 2493 2336 ι
2522 2284 2586 2337 Εἰ
2612 2283 2642 2336 ό
2677 2280 2882 2355 Κύριός
2919 2298 3019 2352 μου
3045 2280 3114 2334 δι’
3144 2281 3243 2352 ἐμὲ
3265 2282 3418 2335 οὐδὲν
3456 2283 3714 2351 γινώσκει

2124 2377 2233 2432 τῶν
2266 2379 2324 2430 ἐν
2357 2376 2435 2448 τῷ
2466 2376 2599 2447 οἴκῳ
2622 2372 2809 2440 αὑτοῦ,
2838 2375 2933 2427 ml
2956 2374 3132 2428 πάντα
3155 2375 3253 2428 ὅσα
3276 2375 3420 2427 ἐστὶν
3454 2377 3511 2428 ἐν
3542 2376 3714 2448 αύτῷ,

2122 2469 2353 2523 δέδωκεν
2378 2470 2460 2532 είς
2490 2468 2590 2532 τὰς
2618 2465 2806 2538 χεῖράς
2834 2483 2958 2537 μου,
3006 2466 3099 2518 ml
3140 2464 3256 2529 πῶς
3282 2467 3495 2539 ποιήσω
3518 2466 3579 2520 τὸ
3614 2486 3715 2521 πο-

2123 2561 2287 2633 νηρὸν
2313 2561 2463 2632 ῥῆμα
2486 2558 2547 2612 τὸ
2577 2558 2717 2629 μέγα
2737 2556 2914 2624 τοῦτο,
2935 2556 3029 2611 καὶ
3055 2559 3440 2629 ἀμαρτήσομαι
3472 2559 3719 2615 ἐναντίον

2120 2651 2215 2706 τοῦ
2240 2650 2374 2703 Θεοῦ
2400 2667 2414 2716 ;
2440 2669 2460 2703 ι
2505 2650 2620 2719 Ἐφ’
2652 2643 2734 2714 οἷς
2764 2643 2853 2703 οἷα
2884 2648 3178 2718 νικηφόρον
3210 2651 3322 2712 τοῖς
3348 2649 3549 2721 ἀρετῆς
3575 2649 3715 2722 βρα-

2121 2743 2288 2807 ϐείοις
2315 2741 2622 2812 ἀναστέψας
2646 2740 2806 2794 αὑτὸν
2832 2742 2861 2793 ὁ
2906 2739 3015 2793 τῶν
3057 2739 3193 2793 ὅλων
3247 2739 3400 2805 Θεὸς,
3438 2741 3537 2811 τὴν
3571 2741 3718 2795 κατά

2118 2834 2229 2888 τῶν
2258 2834 2533 2888 δεσποτῶν
2563 2832 2750 2899 αὐτοῦ,
2773 2833 2868 2885 καὶ
2896 2833 3066 2903 αὐτῆς
3104 2831 3383 2899 Αἰγύπτου
3432 2830 3716 2903 βασιλείαν

2119 2943 2180 2979 τε
2196 2926 2289 2980 καὶ
2307 2924 2601 2996 ἡγεμονίαν
2630 2923 2986 2996 παραδίδωσι.
3008 2923 3151 2995 Πλὴν
3173 2923 3308 2978 ἀλλά
3332 2925 3427 2978 καὶ
3449 2920 3604 2989 οὗτος
3627 2927 3718 2982 Ἑ-

2119 3016 2307 3090 ϐραῖος
2340 3015 2400 3081 ἐξ
2422 3014 2708 3088 Ἐϐραίων,
2734 3015 2854 3086 οὐχὶ
2880 3015 2936 3068 δέ
2969 3016 3335 3080 ’ῐουδαῖος,ὄτι
3372 3017 3505 3087 μηδέ
3526 3014 3595 3090 ἦν
3624 3035 3719 3073 πω

437 3097 778 3154 universum.
804 3099 1077 3172 Iosephus
1128 3108 1274 3159 enim
1321 3105 1433 3176 jam
1491 3110 1839 3167 continentiae
1876 3128 2016 3182 pra:-

2131 3109 2186 3163 tdt
2215 3108 2506 3174 Ἰουδαίων,
2523 3111 2579 3161 ἐν
2594 3110 2708 3171 τοῖς
2739 3106 2973 3179 μάλιστα
2996 3107 3266 3176 θεοφιλέσι
3292 3110 3384 3162 ml
3401 3127 3720 3180 τρισμακα-

435 3190 563 3244 miis
597 3190 914 3263 insignitus,
939 3205 1196 3265 suscepto
1221 3199 1567 3267 postmodum
1596 3201 1817 3274 Egypti
1860 3206 2015 3275 prin-

2131 3203 2259 3275 ρίοις
2275 3202 2613 3274 ἀνείληπται.
2637 3200 2793 3254 Μετά
2812 3199 2869 3253 δέ
2889 3200 3015 3262 τοὺς
3038 3201 3360 3270 εἰρημένους
3399 3202 3716 3273 Ἐὅραίους,

434 3282 639 3352 cipatu,
663 3300 936 3340 summam
973 3286 1323 3344 Hebraeorum
1375 3306 1602 3349 suorum
1644 3297 2014 3370 eximiamque

2131 3293 2304 3365 ἐπειδὴ
2344 3294 2425 3357 είς
2457 3290 2907 3363 πολυανθρωπίαν
2935 3290 3181 3344 ἐπεδίδου
3210 3290 3271 3343 τὸ
3290 3290 3398 3344 τῶν
3422 3292 3722 3361 ἀπογόνων

434 3375 694 3431 virtutem
727 3378 782 3431 in
818 3380 1062 3433 omnium
1089 3382 1263 3438 oculis
1296 3400 1361 3440 ac
1390 3385 1511 3443 luce
1528 3389 1835 3445 collocavit.
1864 3390 2013 3459 Qua-

2131 3383 2295 3453 γένος,
2320 3384 2420 3456 ἤδη
2444 3400 2505 3437 τε
2535 3382 2629 3436 ml
2653 3382 2714 3434 τὸ
2753 3381 3020 3436 Ἰουδαίων
3065 3380 3124 3447 ἐξ
3156 3381 3336 3434 αὐτῶν
3366 3381 3523 3447 έθνος
3554 3400 3725 3439 συνε-

433 3482 494 3523 re
519 3470 585 3524 ad
619 3470 740 3540 ejus
769 3487 992 3542 quoque
1022 3472 1380 3531 imitationem
1423 3481 1574 3535 omni
1619 3483 1802 3539 studio
1850 3486 2010 3542 nobis

434 3556 792 3626 aspirandum
841 3576 964 3617 esse
1001 3563 1294 3634 duximus,
1331 3570 1545 3625 tametsi
1576 3572 1728 3640 prius
1755 3574 1810 3628 in
1840 3577 2011 3631 servi-

433 3654 628 3716 tutem,
653 3660 709 3706 et
734 3652 974 3708 hominis
1001 3652 1242 3726 Egyptii
1258 3659 1597 3726 servitutem,
1620 3661 1850 3719 fratrum
1877 3665 2010 3721 insi-

432 3738 541 3795 diis
571 3750 626 3797 et
673 3745 887 3800 artibus
915 3746 1181 3803 abductus
1216 3749 1429 3807 fuisset.
1464 3752 1600 3808 Nam
1646 3756 2009 3816 adolescentis

429 3832 652 3902 quidem
683 3851 849 3906 quam
879 3840 1079 3894 eximia
1102 3843 1311 3910 species
1331 3884 1346 3908 ,
1378 3857 1582 3913 quanta
1628 3847 1711 3901 vis
1758 3851 2008 3919 corporis

428 3933 488 3979 et
514 3926 865 3995 pulchritudo
896 3930 1083 3998 fuerit,
1118 3932 1277 3988 facile
1302 3937 1691 4004 praetermitto,
1726 3939 1851 3995 licet
1895 3942 2007 3999 oris

429 4030 556 4072 eum
609 4033 672 4073 ac
695 4018 883 4076 formae
949 4024 1115 4079 totius
1168 4026 1434 4096 elegantia
1492 4031 1705 4086 caeteris
1751 4034 2009 4091 omnibus

429 4109 753 4178 praestitisse
780 4112 1010 4169 historia
1041 4116 1226 4172 divina
1256 4128 1504 4175 testetur.
1534 4120 1718 4177 Animi
1759 4140 1886 4179 vero
1909 4127 2009 4182 do-

2122 3475 2283 3541 στὼς,
2312 3474 2605 3539 ἐπλεόναζέ
2635 3493 2695 3529 τε
2745 3475 3014 3546 ὁσημέραι
3047 3475 3142 3526 καὶ
3188 3473 3479 3546 ἐπλήθυνε,
3507 3475 3579 3529 τὰ
3607 3476 3722 3547 μὲν

2117 3565 2216 3634 τῆς
2236 3561 2492 3627 εὐσεϐοῦς
2520 3561 2746 3633 ἀγωγῆς
2769 3562 2877 3615 τῶν
2906 3561 3181 3632 πρόπαλαι
3203 3562 3463 3632 θεοφιλῶν
3491 3582 3724 3635 προπα-

2116 3656 2294 3728 τόρων
2334 3656 2475 3709 κατά
2505 3656 2738 3727 σμικρὸν
2796 3655 2980 3717 αὐτοῖς
3032 3654 3329 3726 ἐξησθένει,
3384 3656 3479 3709 ml
3516 3658 3727 3728 tiu-13;;—

2117 3749 2359 3802 6λύνετο·
2387 3748 2457 3801 τὰ
2483 3749 2541 3802 δὲ
2566 3751 2666 3820 τῆς
2712 3747 2841 3820 παρ’
2865 3747 3183 3816 Αἰγυπτίοις
3209 3747 3492 3819 διατριϐῆς
3516 3750 3727 3804 τοσοῦ-

2116 3859 2206 3895 τον
2229 3843 2328 3913 τῆς
2356 3842 2463 3894 τῶν
2493 3840 2838 3912 δηλουμένων
2887 3837 3147 3909 κατίσχυε
3194 3838 3431 3910 πληθύος
3450 3880 3465 3903 ,
3499 3840 3578 3904 ὡς
3608 3844 3727 3912 τῆς

2120 3934 2217 4004 μὲν
2255 3933 2479 4003 πατρίου
2516 3931 2716 4001 ἀρετῆς
2748 3933 2827 3995 εἰς
2852 3929 3023 4002 λήθην
3047 3929 3238 3983 ἐλθεῖν⁹
3261 3932 3325 4001 τῇ
3355 3930 3409 3983 δὲ
3444 3933 3574 4002 παρ’
3606 3933 3729 3985 Αἰ..

2114 4024 2365 4093 γυπτίοις
2397 4023 2749 4095 όμοιοτροπίᾳ
2799 4023 2927 4084 τοὺς
2978 4020 3125 4091 βίους
3160 4021 3597 4092 περιενεχθῆναι,
3633 4023 3733 4089 ὡς

2115 4114 2258 4166 κατά
2287 4114 2450 4185 μηδὲν
2480 4114 2790 4182 Αἰγυπτίων
2839 4113 2930 4167 τὸν
2953 4113 3152 4183 τρόπον
3189 4113 3462 4183 διαφέρειν
3499 4114 3731 4171 δοκεῖν.

2127 4204 2389 4260 Ἐνταῦθα
2412 4207 2549 4278 δῆτα
2575 4207 2759 4268 αὐτοῖς
2783 4205 3008 4258 τοιοῖσδε
3047 4205 3503 4271 ἀποτελεσθεῖσιν,
3527 4208 3557 4260 ὁ
3598 4207 3736 4263 τῶν

430 4305 862 4362 commemoret,
890 4299 937 4353 si
981 4314 1107 4355 cum
1135 4310 1297 4356 tanta:
1320 4304 1542 4361 virtutis
1580 4307 1896 4363 excellentia
1928 4327 2006 4366 ae-

2131 4298 2474 4370 τροπατόρων
2505 4298 2637 4362 Θεὸς
2686 4298 2930 4369 ἡγεμόνα
2961 4297 3055 4352 ml
3099 4297 3394 4368 νομοθέτην
3424 4299 3738 4369 ἐκπέμπει

431 4397 604 4451 quare
655 4395 885 4442 conetur
924 4391 1354 4458 magnitudinem
1382 4394 1756 4453 laudationis?
1787 4399 1853 4455 Et
1879 4404 2004 4472 qui-

2131 4390 2372 4453 lleo-éa,
2407 4390 2504 4454 τὰς
2537 4388 2625 4443 διὰ
2661 4388 2928 4462 χρησμῶν
2954 4389 3064 4441 τῶν
3083 4388 3218 4459 πρὸς
3245 4388 3373 4451 τοὺς
3399 4389 3739 4458 προγόνους

433 4474 558 4530 dem
589 4490 849 4534 constans
883 4478 1030 4536 fama
1063 4492 1168 4548 est,
1200 4484 1378 4555 ipsum
1422 4502 1454 4541 a
1502 4498 1698 4545 natura
1725 4491 2002 4549 liberalem

2131 4479 2293 4533 ιύτῶν
2322 4479 2681 4550 πιστούμενος
2728 4478 3079 4548 ἐπαγγελίας.
3136 4478 3387 4532 Κᾶπειτα
3437 4479 3506 4532 δι’
3530 4481 3737 4537 αὐτοῦ

430 4570 725 4638 quamdam
760 4574 997 4642 speciem
1024 4575 1305 4644 habuisse,
1335 4595 1400 4635 ac
1430 4584 1619 4638 nescio
1647 4585 1777 4654 quid
1809 4586 2007 4641 nobili-

2131 4571 2178 4625 τὰ
2207 4571 2534 4643 άνάγραπτα
2560 4570 2835 4642 θαύματα,
2868 4572 2963 4625 ml
3006 4570 3106 4634 τὰς
3135 4570 3476 4642 παραδόξους
3504 4571 3739 4646 θεοση-

429 4662 558 4718 tatis
588 4662 643 4717 in
673 4665 942 4732 moribus,
969 4669 1116 4738 quod
1143 4686 1211 4725 ex
1250 4672 1372 4741 ipso
1401 4689 1623 4744 quoque
1652 4677 1808 4732 vultu
1851 4678 2004 4735 efflo-

2131 4666 2269 4730 ιείας
2301 4664 2639 4727 ἐπιτελέσας,
2695 4662 2789 4718 τὸν
2842 4664 3099 4736 ἁρμόδιον
3120 4666 3233 4727 τοῖς
3261 4662 3370 4715 τῶν
3406 4664 3746 4735 ἀκροωμέ-

348 4791 352 4795 -
429 4758 774 4814 resceret.At
800 4775 932 4815 vero
960 4761 1229 4831 ejusmodi
1258 4767 1476 4834 pietatis
1507 4768 1815 4839 insignibus
1844 4771 2003 4826 cliul-

428 4848 611 4918 gebat,
646 4857 707 4903 ut
729 4866 946 4908 summa
971 4855 1338 4921 continentiae,
1356 4858 1649 4929 aequitatis,
1679 4864 2000 4933 prudentiae,

427 4939 765 4999 fortitudinis
804 4944 965 5000 laude
993 4946 1333 5004 clarissimus
1363 4966 1487 5005 cum
1531 4962 1695 5017 esset,
1727 4954 1886 5009 idem.
1914 4963 2000 5010 ta-

429 5044 555 5085 men
586 5032 863 5103 prtecipua
892 5035 1130 5104 quadam
1164 5042 1513 5109 praepotentis
1535 5040 1632 5097 Dei
1664 5044 1856 5098 notitia
1884 5046 2003 5100 cul-

430 5131 599 5193 tuque
625 5134 925 5195 praestaret,
975 5128 1135 5199 cujus
1179 5133 1465 5203 utriusque
1502 5135 1735 5201 semina,
1778 5137 1892 5207 jam
1931 5137 2001 5193 ab

430 5213 563 5283 ipsis
599 5217 725 5272 inde
781 5220 1092 5290 cunabulis,
1132 5222 1360 5279 infantis
1417 5226 1472 5280 in
1508 5228 1693 5283 animo
1746 5240 2001 5299 parentes

421 5303 622 5372 jecisse
661 5307 867 5365 ferunt.
925 5308 1068 5382 Ergo
1123 5313 1487 5371 adolescentis
1544 5332 1735 5374 amore
1787 5320 1998 5377 domini

427 5409 570 5451 uxor
599 5401 985 5469 exardescens,
1017 5419 1143 5459 cum
1169 5420 1293 5460 eum
1325 5408 1506 5477 primo
1528 5408 1831 5478 juventutis
1864 5411 2000 5470 flore

436 4208 518 4254 tes
574 4210 736 4271 atque
779 4213 1101 4261 ornamenta
1135 4208 1262 4278 quis
1318 4211 1537 4265 tandem
1596 4229 1695 4282 pro
1745 4216 2008 4287 dignitate

2106 4776 2214 4812 νων
2238 4757 2392 4829 ἤθεσι
2423 4756 2786 4829 προϐάλλεται
2805 4757 2990 4829 νόμον.
3035 4756 3146 4828 Ούχ
3166 4756 3298 4819 οἵοις
3321 4772 3381 4808 τε
3422 4755 3557 4825 γοῦν
3579 4752 3746 4812 οὖσι

2103 4849 2169 4905 δι’
2203 4849 2530 4922 ἀϐελτηρίαν
2580 4849 2783 4921 τρόπου
2816 4848 2916 4919 τὴν
2962 4848 3189 4919 πάτριον
3245 4845 3442 4918 ζηλοῦν
3470 4848 3745 4921 ἀρετὴν,

2104 4936 2191 4996 οἷα
2219 4941 2284 5013 δὴ
2307 4941 2403 5005 τὰς
2430 4940 2608 5011 ψυχὰς
2633 4940 2899 5012 ἐμπαθεῖς
2927 4941 3022 4994 ml
3069 4937 3538 5010 νενοσηλευμένοι,
3596 4944 3749 5017 τὴν

2103 5033 2435 5105 κατάλληλον
2464 5031 2880 5104 παρελάμϐανον
2904 5031 3195 5097 πολιτείαν,
3217 5031 3285 5085 τὰ
3326 5031 3426 5102 μὲν
3475 5050 3751 5104 προφα..

2102 5125 2209 5190 νῶς
2242 5127 2307 5179 ἐκ
2333 5124 2428 5178 τοῦ
2458 5124 2725 5196 προδήλου
2751 5123 3171 5196 διαταττομένου
3198 5126 3500 5190 Μωῦσέως·
3526 5125 3597 5179 τὰ
3621 5127 3752 5195 δὲ,

2101 5218 2168 5272 δι’
2197 5217 2465 5272 ὑπονοιῶν
2519 5216 2915 5288 αἰνιττομένου,
2975 5217 3220 5288 σύμϐολά
3263 5235 3323 5271 τε
3361 5219 3457 5272 καὶ
3509 5220 3752 5293 σκιὰς,

2102 5309 2215 5363 ἀλλ’
2246 5310 2307 5362 οὐ
2336 5308 2547 5381 γυμνὴν
2576 5307 2830 5378 ἀλήθειαν
2854 5307 3141 5377 φυλάττειν
3169 5309 3353 5372 αὐτοῖς
3383 5310 3479 5363 xal.
3503 5315 3762 5379 περιέ..

2101 5416 2224 5453 πειν
2257 5399 2613 5470 ὑποθεμένου.
2664 5397 2775 5451 Καὶ
2823 5398 2887 5468 δὴ
2927 5398 2988 5450 τὸ
3033 5398 3303 5452 Ἰουδαίων
3359 5390 3754 5471 πολίτευμα,

2101 5490 2350 5546 ἐντεῦθέν
2382 5488 2546 5544 ποθεν
2589 5488 2697 5542 ἀπὸ
2718 5488 2999 5552 Μωῦσέως
3027 5489 3355 5561 ἀρξάμενον,
3394 5488 3558 5560 μέχρι
3597 5495 3765 5550 καὶ

426 5494 807 5561 conspicuum,
838 5497 893 5551 in
940 5497 1198 5556 lascivam
1226 5500 1661 5577 flagitiosamque
1706 5518 1998 5565 consuetu-
2101 5494 2546 5593 éfsﬁefvjmefl’
2589 5494 2697 5593 ἀπξ)
2718 5494 3322 5593 δξωῦξέωςηάρξάμενο)

2099 5584 2199 5655 τῆς
2227 5582 2322 5638 τοῦ
2353 5583 2606 5656 Σωτῆρος
2656 5581 2817 5653 ἡμῶν
2861 5580 3036 5653 Ἰησοῦ
3092 5580 3330 5654 Ἰ(ριστοῦ
3378 5583 3763 5657 named-[ag

426 5584 610 5638 dinem
634 5588 886 5657 pellicere
902 5604 1215 5665 conaretur,
1229 5598 1629 5671 verborumque
1649 5602 1828 5672 primo
1849 5603 1997 5662 blan-

501 5741 548 5772 "
578 5741 712 5800 Gen.
746 5762 909 5815 xxxv,
944 5749 1029 5806 10.
