3878 6220
207 354 310 412 529

1365 356 1690 413 ΡΒΑΞΡΑΒ.
1727 359 1979 416 E‘ANG.
2020 360 2146 415 LIB.
2188 358 2299 416 VII.

3370 364 3474 421 550

200 473 318 535 ταῖς
347 469 457 523 τῶν
485 470 706 525 οίκείων
733 470 1030 544 προφητῶν
1064 470 1373 536 ἀκολούθως
1403 477 1605 541 φωναῖς
1631 474 1781 545 διαρ-
1806 531 1814 543 ι

1922 473 2030 530 itiis
2050 484 2398 541 attentatum,
2421 492 2545 531 mox
2565 480 2820 549 precibus
2836 483 2999 539 etiam
3017 484 3457 540 et’obsecrationi

204 565 305 619 κεῖ.
335 563 456 617 Ὅτι
474 563 538 636 δὴ
560 565 655 619 καὶ
691 564 849 618 τοῦτο
882 565 1160 629 Μωῦσέως
1186 561 1254 638 ἦν
1306 566 1472 620 αὐτοῦ
1535 568 1630 621 καὶ
1685 568 1793 622 τῶν

206 655 501 729 μετέπειτα
566 657 864 729 προφητῶν
909 657 1207 728 θέσπισμα,
1244 657 1319 729 μὴ
1345 659 1612 731 πρότερον
1654 660 1794 716 ἐκλι-

204 751 326 801 πεῖν
358 748 428 802 τὰ
469 748 751 813 Μωῦσέως
806 749 1014 820 νόμιμά
1056 767 1115 803 τε
1146 749 1241 803 καὶ
1268 750 1633 821 διατάγματα,
1660 753 1694 822 ἢ
1726 754 1794 807 τὰ

205 840 298 894 τοῦ
329 839 565 912 Χριστοῦ
590 841 845 911 φανῆναι,
862 841 931 899 τὰ
952 842 1266 913 τῆςΚαινῆς
1284 842 1481 915 δηλαδὴ
1498 844 1791 916 Διαθήκης,

211 928 309 999 τῆς
342 927 430 982 διὰ
461 927 555 981 τοῦ
582 928 838 1000 Σωτῆρος
859 932 890 999 ἠ
902 929 1018 998 μῶν
1067 932 1201 983 πᾶσι
1233 935 1344 995 τοῖς
1381 932 1558 986 ἔθνεσι
1587 951 1794 1005 κατηγε-

206 1019 498 1091 γελμένης
538 1019 573 1073 ἃ
602 1020 695 1074 καὶ
741 1016 842 1073 ὧδε
869 1021 1055 1085 τέλους
1080 1022 1293 1094 ἔτυχεν,
1379 1025 1474 1078 καὶ
1500 1025 1795 1095 ἀναπεφώ-

206 1126 383 1181 νηται.
424 1110 560 1163 Ἀλλ’
592 1110 781 1182 ἐπειδὴ
815 1111 905 1165 τὸν
933 1113 1040 1165 τῶν
1073 1113 1178 1185 πρὸ
1211 1115 1489 1180 Μωῦσέως
1529 1116 1795 1188 Ἐϐραίων

209 1201 325 1273 βίον
345 1205 403 1256 ὲν
423 1202 589 1273 ὀλίγῳ
619 1201 1031 1273 διεληλύθαμεν,
1074 1206 1170 1258 καὶ
1207 1205 1297 1258 τόν
1326 1223 1388 1275 γε
1419 1210 1517 1279 τῆς
1546 1210 1668 1262 κατ’
1692 1210 1793 1261 αὐ-

205 1296 334 1358 τοὺς
361 1294 641 1357 εὐσεϐείας
696 1295 1020 1366 χαρακτῆρα
1053 1298 1497 1368 παρεστήσαμεν,
1547 1298 1666 1370 ὥρα
1701 1300 1794 1353 καὶ

205 1388 299 1442 τὸν
323 1386 648 1456 δογματικὺν
682 1387 864 1439 αὐτῶν
913 1387 1134 1457 τρόπον,
1164 1389 1272 1442 ἀπό
1296 1407 1356 1442 τε
1388 1391 1487 1461 τῆς
1514 1393 1791 1457 Μωῦσέως

208 1479 427 1556 γραφῆς
448 1480 540 1532 καὶ
579 1478 688 1532 τῶν
720 1479 1018 1548 μετάὐτὸν
1047 1482 1343 1552 προφητῶν
1364 1482 1786 1553 ἐπισκέψασθαι.

1891 566 1994 621 bus
2017 574 2248 636 urgeret,
2263 566 2329 622 ad
2350 576 2655 624 extremum
2677 571 3025 630 neviolentas
3044 575 3261 645 quidem
3285 591 3481 632 manus

1891 661 2065 717 eidem
2103 660 2328 731 injicere
2369 669 2423 717 et
2458 663 2715 721 obscenis
2743 682 2867 721 eum
2898 667 3303 742 impudicisque
3328 686 3479 725 com-

1894 750 2145 820 plexibus
2162 767 2408 821 premere
2424 764 2733 810 vereretur:
2750 756 3087 815 clarissimus
3103 759 3266 816 heros
3277 759 3476 815 doctri-

1895 857 1980 897 nae
2000 852 2287 912 parentum
2312 846 2671 903 sanctissimae
2706 850 3044 916 recordatus,
3080 867 3145 906 ac
3164 867 3285 908 sese
3300 853 3472 907 divini

1898 935 2163 989 cultorem
2186 932 2461 1003 Numinis,
2486 954 2789 1008 verumque
2812 940 3119 1009 Hebraeum,
3144 958 3253 996 non
3276 959 3335 998 re
3357 945 3473 1014 ipsa

1899 1027 2083 1082 minus
2103 1043 2267 1097 quam
2301 1030 2547 1085 oratione
2570 1030 2869 1100 professus,
2889 1043 3099 1103 turpem
3128 1049 3194 1090 ac
3214 1034 3475 1091 libidino—

1899 1136 2019 1176 sam
2046 1122 2424 1177 mulierculam
2450 1124 2759 1180 robustiore
2779 1128 2998 1182 dextera
3020 1129 3192 1183 victor
3212 1132 3477 1195 excussit,

1899 1227 1965 1267 ac
1986 1213 2150 1284 312
2171 1215 2394 1284 perinde
2411 1225 2471 1271 ut
2491 1217 2536 1270 si
2552 1231 2618 1271 ex
2636 1216 2921 1273 horrendae
2938 1218 3278 1291 furentisque
3291 1222 3479 1277 bestiae

1898 1304 2155 1361 dentibus
2187 1322 2306 1362 sese
2336 1307 2659 1377 proriperet,
2684 1309 2844 1364 saluti
2870 1326 2983 1366 suae
3018 1310 3142 1383 fuga
3178 1313 3476 1368 consuluit.

1898 1393 2036 1452 Tum
2062 1397 2204 1452 idem
2237 1413 2424 1452 secum
2458 1399 2575 1469 ipse
2592 1415 2707 1454 rem
2731 1408 2945 1457 matura
2966 1403 3292 1474 cogitatione
3317 1419 3483 1474 repu-

1895 1493 2077 1543 tans-.r
2112 1487 2171 1543 Si
2203 1488 2461 1546 dominus
2489 1506 2645 1546 meus
2670 1498 2891 1563 propter
2924 1510 3010 1548 me
3054 1495 3189 1551 nihil
3216 1498 3363 1553 novit
3393 1511 3484 1551 eo-

207 1594 331 1633 rum
364 1592 486 1648 quae
517 1584 647 1631 sunt
673 1574 726 1627 in
748 1575 914 1628 domo
951 1573 1089 1643 ejus,
1129 1584 1184 1630 et
1216 1577 1400 1632 omnia
1427 1594 1550 1647 quae
1578 1580 1651 1633 ibi
1677 1588 1804 1635 sunt
1842 1582 2068 1638 tradidit
2110 1584 2165 1638 in
2196 1600 2395 1641 manus
2422 1601 2594 1655 meas,
2619 1589 2895 1657 quomodo
2914 1591 3122 1646 malum
3146 1594 3253 1648 hoc
3274 1592 3480 1664 grande

206 1675 431 1740 faciam,
473 1685 527 1731 et
552 1675 791 1745 peccaho
814 1672 869 1727 in
885 1680 1181 1742 conspectu
1217 1673 1312 1729 Dei
1339 1673 1451 1728 “ii
1488 1673 1853 1741 Quamobrem
1882 1678 2027 1737 Deus
2063 1697 2188 1737 eum
2240 1692 2546 1753 praepotens
2591 1693 2850 1755 tanquam
2884 1686 3079 1741 illustri
3114 1688 3342 1743 victoria
3382 1704 3487 1743 no-

209 1771 398 1838 bilem,
457 1771 638 1840 dignis
670 1771 873 1825 virtute
924 1770 1166 1839 praemiis
1203 1770 1554 1838 honestavit,
1594 1772 2053 1845 dominorumque
2115 1788 2341 1831 suorum
2370 1819 2386 1844 ,
2440 1780 2552 1835 imo
2595 1781 2767 1838 totius
2812 1783 2975 1838 etiam
3025 1782 3241 1857 Egypti
3272 1785 3482 1855 princi-

208 1879 333 1936 pem
370 1863 882 1933 moderatoremque
912 1863 1219 1918 constituit.
1252 1863 1430 1933 Atque
1458 1863 1504 1918 is
1527 1861 1789 1921 Hebraeus
1826 1867 2077 1922 similiter
2106 1877 2272 1939 atque
2322 1885 2389 1925 ex
2439 1869 2677 1929 Hebraeis
2732 1883 2887 1932 satus
2932 1885 3070 1943 erat,
3093 1893 3200 1932 non
3223 1877 3479 1944 Iudaeus;

209 1971 314 2012 nec
345 1957 494 2011 enim
545 1954 857 2011 Iudaeorum
921 1956 1100 2010 adhuc
1131 1970 1265 2026 gens
1327 1956 1440 2009 ulla
1494 1957 1774 2013 coaluerat
1806 1976 1827 2013 :i
1862 1960 2005 2015 idem
2047 1969 2231 2017 tamen
2262 1963 2318 2017 in
2372 1965 2619 2020 virorum
2655 1965 2735 2020 uti
2763 1964 2873 2022 Deo
2902 1968 3379 2036 cbarissimorum,
3406 1972 3482 2025 ita

209 2051 374 2122 longe
427 2048 875 2105 felicissimorum
921 2049 1097 2104 classe
1142 2064 1483 2120 numeroque
1530 2060 1803 2106 censetur.
1845 2051 2051 2111 Deinde
2097 2069 2251 2121 vero,
2303 2056 2465 2127 longa
2528 2072 2624 2128 per
2665 2058 2886 2114 eosdem
2937 2058 3192 2118 Hebraeos
3234 2075 3484 2134 postero-

211 2157 335 2197 rum
365 2142 510 2197 serie
534 2150 853 2212 propagata,
882 2155 1011 2195 cum
1040 2139 1155 2210 jam
1193 2155 1258 2195 ex
1294 2140 1363 2197 iis
1407 2139 1641 2196 conﬂata
1666 2140 1981 2198 Iudaeorum
2033 2145 2205 2211 natio,
2254 2147 2428 2202 multa
2477 2148 2533 2203 in
2573 2148 2691 2205 dies
2732 2150 2920 2206 sobole
2966 2152 3235 2222 glisceret,
3280 2153 3487 2211 factum

212 2246 299 2290 est
333 2235 522 2291 nescio
551 2250 663 2305 quo
700 2243 878 2303 pacto,
912 2244 971 2289 ut
992 2250 1119 2290 cum
1163 2237 1339 2306 prima
1394 2236 1511 2304 illa,
1553 2251 1720 2307 quam
1770 2253 1802 2292 a
1839 2236 1953 2293 Deo
2007 2239 2350 2297 cbarissimis
2376 2242 2678 2314 majoribus
2724 2254 3046 2316 acceperant
3073 2283 3088 2310 ,
3148 2247 3369 2319 pietatis
3423 2264 3489 2305 ac

210 2332 499 2401 religionis
529 2332 802 2388 institutio
844 2330 1125 2386 debilitata
1176 2332 1437 2402 paulatim
1485 2333 1793 2404 obtusaque
1831 2334 2183 2392 hebesceret:
2217 2344 2334 2392 tum
2380 2352 2510 2393 vero
2553 2345 2768 2395 tantum
2797 2340 2939 2409 apud
2983 2354 3079 2394 eos
3109 2337 3488 2410 [Egyptiorum

211 2428 451 2483 societas
503 2428 929 2497 communioque
998 2429 1205 2496 posset,
1259 2435 1321 2481 ut
1378 2427 1572 2498 patria:
1628 2428 1848 2483 virtutis
1884 2437 2245 2486 evanescente
2294 2432 2580 2499 memoria,
2635 2433 2717 2488 sic
2764 2431 3145 2504 Egyptiorum
3196 2448 3377 2489 mores
3427 2448 3492 2489 ac

215 2523 357 2578 ritus
404 2522 711 2588 induerent,
759 2522 895 2576 nihil
929 2531 989 2577 ut
1037 2523 1182 2578 inter
1205 2523 1492 2594 utriusque
1528 2523 1716 2595 populi
1769 2524 1897 2579 vitae
1933 2540 2105 2595 genus
2130 2525 2466 2589 discriminis
2485 2541 2606 2582 esse
2628 2527 2923 2582 videretur.
2958 2526 3080 2594 Quo
3107 2530 3161 2582 in
3189 2543 3370 2581 rerum
3399 2543 3492 2581 ar-

216 2618 409 2683 ticulo,
445 2608 660 2689 patrum
699 2619 789 2673 ille
827 2633 1054 2673 suorum
1090 2618 1236 2674 Deus
1276 2618 1495 2692 Moysen
1541 2618 1611 2674 ad
1658 2635 1756 2675 eos
1804 2619 2173 2690 legislatorem
2249 2621 2439 2687 mittit,
2489 2622 2667 2691 iisque
2714 2621 3167 2693 promissionibus
3230 2621 3389 2675 ﬁdem
3436 2635 3496 2674 re

214 2714 339 2786 ipsa
377 2715 660 2781 conciliat,
686 2715 892 2786 quibus
921 2729 1116 2770 eorum
1158 2729 1281 2770 sese
1324 2714 1657 2784 majoribus,
1710 2715 1912 2771 divinis
1957 2716 2121 2772 etiam
2152 2717 2389 2773 oraculis
2420 2716 2804 2773 obstrinxerat.
2850 2716 2986 2771 Tum
3044 2717 3133 2781 iis,
3198 2732 3318 2786 quae
3361 2716 3495 2770 scri-

213 2818 308 2879 pta
333 2810 610 2880 leguntur,
643 2811 947 2876 miraculis,
973 2818 1137 2880 atque
1168 2810 1445 2887 inusitatis
1473 2820 1601 2867 ante
1662 2812 1923 2882 prodigiis
1991 2812 2165 2883 ipsius
2219 2828 2387 2868 manu
2444 2814 2789 2885 perpetratis,
2842 2821 3231 2885 congruentem
3267 2811 3495 2867 audien-

214 2907 353 2960 tium
392 2907 638 2961 moribus
672 2907 844 2976 legem
894 2905 1225 2976 promulgat.
1270 2905 1410 2960 Cum
1449 2904 1596 2959 enim
1658 2905 1729 2961 ob
1778 2905 2047 2976 insignem
2096 2920 2312 2962 morum
2356 2908 2740 2977 asperitatem,
2790 2914 3008 2978 patrum
3058 2919 3284 2961 suorum
3321 2905 3495 2958 virtu-

212 3011 327 3056 tem
356 3000 605 3055 aamulari
641 3015 748 3054 non
799 3010 1005 3071 posset,
1067 3001 1136 3055 iis
1190 3008 1377 3070 utpote
1425 2998 1634 3053 morbis
1695 2997 2002 3053 animorum
2055 2999 2435 3055 laborantibus
2486 3009 2908 3056 consentaneam
2967 2998 3200 3053 instituti
3264 2997 3496 3066 vitatque

214 3096 494 3151 rationem
541 3096 616 3149 ita
666 3096 1022 3166 praescripsit,
1047 3103 1109 3150 ut
1149 3095 1218 3150 de
1272 3094 1553 3153 nonnullis
1612 3093 1760 3149 clare
1813 3094 2211 3164 perspicueque
2266 3102 2568 3158 statueret,
2607 3094 2713 3148 alia
2770 3091 3128 3163 amigmaticis
3171 3088 3497 3161 quibusdam

213 3192 401 3249 sensis
433 3192 733 3257 involvens,
786 3201 946 3247 notas
987 3191 1252 3247 duntaxat
1302 3192 1633 3260 umbrasque
1679 3205 1885 3256 rerum,
1929 3205 2036 3244 non
2072 3184 2316 3260 ape'rtam
2350 3189 2665 3260 nudamque
2684 3188 2988 3251 veritatem,
3012 3181 3405 3240 consectandas
3433 3181 3499 3236 iis

213 3286 699 3356 observandasque
757 3295 1104 3356 pr0poneret.
1155 3289 1334 3356 Atque
1377 3287 1518 3340 hanc
1553 3284 1796 3340 Judaica:
1835 3285 1970 3355 reip.
2018 3284 2276 3353 formam,
2324 3300 2448 3355 qua:
2477 3300 2509 3340 a
2555 3284 2749 3355 Moyse
2778 3283 3046 3338 delineata
3070 3280 3304 3350 primum
3334 3286 3387 3332 et
3415 3277 3501 3331 in-

213 3376 460 3433 formata
522 3377 719 3445 t‘uerat,
764 3379 832 3433 ad
883 3378 1191 3434 Servatoris
1252 3396 1427 3448 usque
1470 3379 1646 3434 nostri
1708 3377 1838 3433 Jesu
1869 3377 2074 3434 Christi
2123 3379 2414 3434 adventum
2464 3377 2656 3433 ﬂorere
2716 3392 2779 3431 ac
2823 3376 3004 3445 vigere
3053 3372 3372 3442 oportebat,
3420 3369 3500 3424 uti

218 3468 475 3525 [uturum
512 3471 628 3526 suis
693 3471 910 3540 ipsimct
957 3470 1272 3527 Judaeorum
1322 3472 1602 3542 prophetae
1654 3471 1893 3525 oraculis
1933 3470 2267 3526 cecinerant.
2300 3468 2436 3524 Nam
2481 3469 2676 3539 pirtim
2722 3469 2790 3522 ab
2844 3467 2963 3535 ipso
2990 3463 3207 3534 Moyse,
3238 3461 3434 3531 partim
3469 3475 3499 3514 a

217 3566 581 3636 sequentibus
626 3567 789 3638 313
827 3569 1109 3639 prophetis
1139 3568 1253 3637 jam
1294 3568 1424 3621 olim
1470 3566 1787 3637 praedictam
1826 3566 1949 3634 fuit,
1982 3582 2090 3621 non
2114 3578 2240 3622 ante
2282 3567 2519 3621 sancitas
2557 3580 2586 3618 a
2641 3562 2823 3634 Moyse
2860 3562 3007 3631 leges
3041 3559 3382 3627 antiquatum
3409 3556 3499 3619 iri,

216 3677 394 3733 quam
440 3678 535 3718 eas
580 3661 833 3718 Christus
885 3662 1020 3716 Novi
1050 3662 1385 3717 Tcstamenti
1444 3664 1659 3716 tabulas
1710 3661 1991 3730 conderet,
2056 3677 2195 3730 quas
2239 3677 2387 3716 nunc
2429 3661 2648 3716 demum
2698 3656 2940 3727 ejusdem
2981 3652 3287 3708 Servatoris
3328 3650 3503 3705 nostri

218 3773 478 3827 munere,
515 3760 771 3830 gentibus
795 3759 998 3829 passim
1027 3759 1282 3813 omnibus
1333 3758 1639 3828 resignatas
1688 3766 1852 3827 atque
1888 3757 2184 3828 explicatas
2241 3758 2486 3826 adeoque
2528 3754 2911 3825 praedictorum
2956 3751 3173 3805 illorum
3219 3745 3500 3801 veritatem

220 3860 345 3926 ipso
378 3871 565 3910 rerum
598 3855 744 3909 exitu
770 3853 1179 3923 comprobatam
1218 3852 1487 3907 videmus.
1525 3850 1632 3905 Sed
1690 3851 1951 3921 quoniam
1983 3852 2077 3907 “de
2135 3850 2488 3906 Hebraeorum
2541 3850 2783 3913 illorum,
2819 3846 2911 3916 qui
2952 3852 3075 3898 ante
3115 3840 3353 3911 Moysem
3388 3838 3501 3893 cia-

221 3958 481 4011 ruerunt,
515 3946 642 4000 vitae
680 3946 888 4000 ratione
933 3961 1105 4015 pauca
1159 3945 1475 4008 libavimus,
1525 3959 1733 4012 suoque
1778 3945 2097 4014 religionem
2144 3944 2391 4015 ipsorum
2460 3943 2775 3998 charactere
2830 3951 3145 4009 expressam
3216 3934 3505 4003 consigna-

221 4051 455 4110 tamque
476 4036 871 4108 produximus;
899 4052 1243 4106 consequens
1276 4045 1359 4093 est
1400 4037 1479 4091 uti
1507 4036 1623 4107 jam
1665 4051 1858 4092 eorum
1895 4038 2160 4093 doctrinae
2190 4037 2388 4108 capita,
2421 4045 2537 4091 tum
2572 4033 2773 4104 Moysis
2802 4031 3070 4102 ejusdem,
3097 4038 3213 4083 tum
3243 4026 3507 4096 pesterio-

224 4150 355 4189 rum
379 4148 448 4189 ex
478 4134 866 4203 prophetarum
897 4133 1118 4201 scriptis
1167 4133 1487 4204 deprompta
1521 4134 1976 4203 contemplemur.

780 4250 1171 4304 ΚΕΦΑΛΑΙΟΝ
1200 4250 1276 4305 9’.
1678 4298 1691 4307 .

2531 4247 2763 4305 CAPUT
2797 4246 2886 4301 IX.

228 4341 375 4409 Περὶ
407 4340 530 4397 τῶν
546 4343 683 4409 παρ’
715 4340 1006 4409 Ἑϐραίοις
1020 4340 1393 4411 δογματικῶν
1417 4340 1822 4410 θεωρημάτων.

309 4457 536 4529 Πρῶτος
556 4459 601 4511 δ’
622 4452 714 4512 οὖν
746 4458 1001 4511 ἁπάντων
1031 4456 1190 4520 αὐτὸς
1212 4458 1420 4519 ἐκεῖνος
1461 4460 1490 4511 ὁ
1524 4457 1829 4529 θαυμάσιος

231 4551 489 4620 θεολόγος
522 4567 582 4603 τε
611 4551 707 4604 καὶ
731 4549 1047 4621 νομοθέτης,
1073 4550 1347 4604 πολιτείαν
1377 4549 1630 4621 εὐσεϐείᾳ
1656 4567 1830 4622 προσ-

230 4647 480 4718 ήκουσαν
521 4643 608 4696 διὰ
632 4641 732 4713 τῆς
764 4643 971 4706 οίκείας
1002 4641 1219 4715 γραφῆς
1258 4640 1338 4713 τῷ
1390 4642 1657 4695 Ἰουδαίων
1687 4641 1829 4695 ἔθνει

233 4735 657 4810 πῳκαταὸαλλό
664 4753 843 4807 μενος,
861 4736 922 4788 οὐ
951 4738 1062 4799 τοῖς
1085 4735 1283 4797 κοινοῖς
1303 4735 1398 4788 καὶ
1417 4752 1636 4805 πεπατη
1647 4734 1829 4804 μένοις

230 4829 395 4901 ᾠήθη
424 4828 535 4882 δεῖν
554 4826 861 4899 χρήσασθαι
882 4826 1185 4900 προοιμίοις
1200 4827 1306 4880 τῶν
1318 4826 1491 4895 λόγων
1510 4842 1523 4856 ·
1543 4824 1832 4898 προλαϐὼν

230 4923 295 4976 δὲ
321 4922 502 4976 πάντα
527 4921 693 4992 νόμον
721 4920 1021 4990 πρακτικὸν
1043 4920 1153 4991 (69)
1177 4919 1283 4972 τῶν
1302 4919 1589 4991 ποιητέων,
1611 4919 1704 4971 καὶ
1724 4915 1831 4970 τῶν

231 5018 299 5073 οὐ
322 5015 594 5087 ποιητέων
610 5014 1066 5086 ἁπαγορευτικδν,
1086 5014 1182 5076 τάς
1203 5030 1263 5065 τε
1280 5012 1594 5084 δημοτελεῖς
1626 5013 1722 5066 καὶ
1742 5028 1834 5065 πο-

232 5109 457 5172 λιτικὰς
473 5107 724 5179 περὶτῶν
744 5107 879 5179 πρὸς
897 5105 1160 5176 ἀλλήλους
1182 5104 1525 5175 συμϐολαίων
1540 5103 1829 5170 διατάξεις,

232 5200 352 5254 ἀπὸ
380 5199 480 5269 τῆς
519 5199 749 5271 πατρίου
784 5196 1062 5264 θεολογίας
1093 5195 1202 5248 δεῖν
1242 5194 1381 5266 ᾤετο
1412 5195 1511 5265 τῆς
1554 5195 1833 5263 θεολογίας

235 5290 534 5364 ἄρξασθαι,
561 5292 657 5345 καὶ
690 5291 800 5362 (70)
822 5291 919 5360 τὴν
944 5288 1223 5360 καταρχὴν
1253 5288 1585 5360 ποιήσασθαι
1631 5288 1731 5358 τῆς
1752 5287 1832 5341 δι·-

236 5385 565 5449 δασκαλίας,
602 5385 723 5439 οὐδὲ
749 5385 940 5457 ἑτέραν
974 5384 1208 5457 μάθησιν
1237 5384 1443 5437 οἰκείαν
1486 5383 1670 5454 νόμοις
1719 5383 1830 5455 (71)

322 5498 371 5530 ⁴⁶
398 5496 536 5551 Gen.
562 5512 753 5559 χχχιι,
784 5497 838 5551 8.
898 5487 903 5491 ’

318 5586 439 5658 (69)
495 5588 849 5658 Πρακτικόν.
906 5587 1146 5643 Alterius
1202 5602 1497 5658 manuscr._
1542 5587 1828 5642 lectionem

239 5656 477 5729 secutus
520 5672 679 5720 sum;
726 5657 887 5729 habet
934 5659 1080 5713 enim
1132 5656 1565 5729 προστακτικόν,
1614 5659 1701 5712 cui
1745 5674 1833 5713 se-

241 5744 430 5799 quens
458 5727 890 5799 ἀπαγορευτικὸν
915 5736 1064 5799 recte
1088 5727 1397 5796 opponitur.

325 5795 439 5867 (70)
472 5795 587 5867 Τῆς
609 5795 918 5866 θεολογίας
943 5795 1239 5866 ἄρξασθαι
1260 5839 1275 5867 ,
1306 5799 1425 5851 καί.
1459 5798 1580 5853 llaec
1608 5815 1638 5852 a
1668 5798 1832 5852 libra-

2261 4345 2606 4399 llebrarorum
2634 4342 2890 4395 doctrina:
2915 4337 3135 4408 placita.

2004 4456 2259 4513 Omnium
2306 4472 2436 4527 ergo
2488 4455 2743 4526 princeps
2784 4450 3127 4506 admirabilis
3167 4447 3256 4501 ille
3300 4444 3508 4499 theolo—

1932 4566 2033 4620 gus
2075 4559 2238 4620 atque
2288 4549 2585 4619 legislator,
2630 4548 2766 4617 reip.
2820 4544 3056 4598 formam
3089 4555 3215 4595 cum
3248 4537 3509 4607 religione

1931 4641 2280 4710 conjunctam
2329 4639 2468 4709 stylo
2511 4637 2629 4707 ipse
2654 4651 2757 4691 suo
2775 4632 3017 4689 Iudaica:
3034 4628 3180 4699 genti
3204 4626 3507 4689 delincans,

1931 4748 2042 4786 non
2067 4732 2179 4800 jam
2209 4729 2528 4799 vulgaribus
2557 4727 2663 4782 illis
2689 4736 2851 4796 atque
2874 4721 3129 4778 contritis
3152 4716 3415 4774 utendum
3440 4715 3510 4768 si—
3543 4736 3551 4745 ’

1931 4822 1986 4877 bi
2020 4822 2259 4876 exordiis
2288 4820 2498 4890 putavit
2532 4838 2545 4874 :
2579 4818 2674 4875 sed
2725 4832 2849 4872 cum
2891 4825 3015 4870 ante
3056 4813 3168 4883 jam
3200 4810 3383 4865 animo
3427 4807 3506 4862 le-

1934 4929 2053 4984 gem
2109 4917 2460 4979 universam,
2522 4929 2630 4982 qua
2683 4911 2882 4981 partim
2934 4907 3139 4979 agenda
3164 4904 3504 4975 jnberentur,

1933 5006 2132 5078 partim
2158 5016 2470 5061 vetarentur
2520 5021 2628 5061 non
2669 5003 2909 5074 agenda,
2955 4999 3308 5071 publicasque
3346 4994 3509 5048 simul

1934 5116 2000 5157 ac
2031 5100 2217 5157 civiles
2244 5109 2436 5156 mutuo
2462 5099 2604 5154 inter
2644 5112 2764 5154 sese
2792 5091 3147 5150 contrahendi
3177 5090 3420 5143 rationes
3447 5101 3510 5141 ac

1935 5195 2153 5265 regulas
2183 5194 2603 5263 descripsisset;
2633 5207 2697 5245 ex
2726 5187 2944 5260 prepria
2976 5184 3245 5252 majorum
3283 5194 3510 5237 suorum

1934 5287 2208 5358 theologia
2255 5284 2516 5341 docrrinze
2558 5297 2672 5338 suae
2718 5277 3026 5335 ducendum
3083 5274 3299 5327 initium
3353 5270 3510 5324 intel-

1936 5384 2068 5440 lexit
2104 5401 2117 5437 :
2154 5380 2301 5454 quod
2328 5379 2473 5435 aliud
2510 5378 2718 5433 nullum
2754 5372 3057 5441 disciplina:
3108 5383 3280 5439 genus
3328 5367 3508 5433 legunt

1939 5585 2023 5639 rio
2053 5581 2289 5652 quodam
2316 5593 2597 5652 perperam
2627 5579 2827 5630 inserta
2856 5583 3013 5637 sunt,
3049 5585 3168 5642 qua:
3219 5563 3512 5620 manuscri-

1939 5649 2156 5724 ptorum
2187 5653 2334 5724 alter
2351 5649 2630 5724 expungit.

2014 5723 2126 5793 (71)
2177 5712 2668 5793 οὶκείιιιίνόέὶοιςἶ
2702 5712 3107 5793 Mendosahiec
3141 5716 3300 5774 sunt,
3350 5713 3514 5774 atque

1942 5795 1996 5851 in
2020 5781 2241 5847 ὀὶκέίων
2275 5790 2471 5859 νόμων,
2506 5781 2561 5841 ut
2587 5787 2815 5851 videtur,
2857 5781 3135 5837 mutanda.
