3878 6220
385 346 488 407 53f

1057 350 1328 408 susse"
1364 348 1844 409 cmsamsxsrs
1881 349 2029 406 opp.
2071 349 2254 406 PARS
2290 348 2353 404 ιι.
2392 379 2464 389 -
2492 330 3013 407 ammentum;
3558 350 3663 409 εει

385 483 621 527 suarum
666 472 858 542 pietati
905 480 1332 528 consentaneum
1374 480 1725 543 agnosceret,
1776 481 1967 542 praeter

2077 468 2321 540 εὐσεϐείᾳ
2348 469 2728 541 προσήκουσαν
2751 469 3100 541 ἡγησάμενος
3149 468 3187 540 ἢ
3224 469 3324 541 τὴν
3363 470 3567 526 ἄνωθεν
3597 475 3660 528 ὲκ

385 580 515 619 eam
549 565 841 634 theologia:
870 565 1163 631 rationem,
1187 580 1310 633 quae
1327 564 1442 634 jam
1479 564 1604 618 inde
1632 580 1663 618 a
1690 565 1881 634 primis
1919 566 1979 618 il-

387 652 460 711 lis
491 656 677 724 gentis
711 672 825 712 suae
870 656 1189 725 parentibus
1232 655 1300 709 ad
1355 671 1454 710 sua
1513 672 1685 725 usque
1732 666 1977 725 tempora

386 756 793 815 permanasset.
827 748 1015 815 Itaque
1052 760 1083 799 a
1114 743 1225 799 Deo
1256 744 1375 814 ipso
1406 745 1637 813 patriam
1669 746 1975 815 priscorum

387 835 749 892 Hebraeorum
804 838 1131 907 theologiam
1188 847 1427 903 secutus,
1455 836 1770 906 auspicatur
1808 856 1827 892 :
1865 853 1973 892 non

393 926 507 997 jam
545 925 953 999 Egyptiorum,
990 937 1086 982 aut
1117 925 1442 982 Phtenicum
1468 970 1483 994 ,
1509 936 1602 981 aut
1640 928 1976 997 reliquarum

399 1019 686 1073 nationum
718 1034 893 1081 more,
926 1035 1049 1089 quas
1072 1020 1443 1089 promiscuam
1487 1019 1541 1071 in
1572 1018 1975 1071 multitudinem

399 1110 773 1165 venerandum
806 1110 937 1164 illud
978 1109 1072 1164 Dei
1133 1126 1329 1164 nomen
1381 1110 1677 1178 abjicerent
1734 1117 1788 1163 et
1837 1110 1976 1164 alios

398 1201 621 1271 quidem
674 1203 1055 1273 aspectabiles,
1092 1202 1197 1256 hoc
1248 1212 1331 1257 est
1368 1203 1532 1256 inﬁxa
1591 1200 1731 1256 cmlo
1761 1200 1973 1265 sidera,

398 1296 536 1350 alios
570 1304 849 1363 aspectum
883 1294 1153 1365 fugientes
1173 1295 1305 1349 deos
1333 1295 1667 1357 inveherent,
1688 1292 1882 1362 partim
1907 1307 1975 1345 ex

400 1387 715 1444 hominibus
768 1389 895 1453 illis,
926 1388 1021 1458 qui
1080 1387 1193 1458 jam
1247 1398 1371 1443 ante
1423 1388 1729 1449 vixissent,
1777 1384 1974 1455 partim

396 1479 564 1534 etiam
593 1495 691 1536 eos
715 1482 993 1535 daamones
1012 1520 1028 1544 ,
1052 1480 1148 1550 qui
1177 1491 1353 1535 terras
1386 1487 1481 1533 aut
1517 1492 1700 1532 aerem
1746 1476 1974 1529 oberra-

397 1579 540 1635 rent,
578 1572 656 1624 uti
684 1574 935 1640 superius
965 1571 1019 1624 in
1053 1586 1243 1625 earnm
1281 1570 1600 1639 opinionum
1642 1565 1975 1621 confutatio—

397 1678 467 1718 ne
488 1662 848 1719 ostendimus.
880 1663 949 1717 At
977 1678 1107 1717 vero
1141 1662 1208 1716 ab
1238 1662 1471 1731 ipsemet
1509 1676 1694 1715 rerum
1724 1659 1973 1715 omnium

396 1767 642 1821 anetore,
689 1770 753 1810 ac
783 1764 894 1809 tam
926 1770 1138 1821 earum,
1175 1769 1298 1823 qua
1339 1752 1508 1807 videri
1556 1766 1667 1805 non
1718 1757 1974 1820 possunt,

2085 562 2449 633 προπατόρων
2481 564 2561 625 είς
2583 562 2744 616 αὑτὸν
2771 562 3011 631 ἥκουσαν
3057 563 3359 633 θεολογίαν.
3403 565 3661 636 Ἀρχεται

2084 653 2263 705 τοίνυν
2288 653 2397 706 ἀπὸ
2422 652 2557 705 Θεοῦ
2583 652 2725 706 κατά
2758 652 2827 705 τὰ
2851 654 3056 725 πάτρια
3083 653 3186 723 τῆς
3231 654 3339 706 τῶν
3385 654 3663 724 προγόνων

2097 743 2356 815 Ἑϐραίων
2382 744 2661 813 θεολογίας
2680 761 2693 773 ·
2728 744 2848 813 οὐχὶ
2876 743 3026 813 φίλον
3073 745 3183 816 (72)
3223 745 3539 813 Αἰγυπτίοις
3571 744 3667 799 καὶ

2084 835 2316 900 Φοίνιξιν
2347 832 2436 907 ἦν,
2469 836 2503 907 ἢ
2541 837 2655 899 τοῖς
2682 835 2887 900 λοιποῖς
2913 834 3121 889 ἔθνεσιν
3149 838 3229 900 εἰς
3253 836 3455 907 πλῆθος
3497 853 3669 892 κατα-

2086 928 2339 981 ϐάλλουσι
2366 928 2464 998 τὴν
2498 927 2791 1000 σεϐάσμιον
2826 928 3222 1000 προσηγορίαν,
3249 927 3406 991 θεούς
3432 945 3493 981 τε
3528 932 3668 1001 ὁρω-

2088 1018 2280 1090 μένους
2309 1020 2405 1088 μὲν
2434 1020 2560 1082 τοὺς
2593 1020 2714 1072 κατ’
2740 1019 2968 1091 οὐρανὸν
2999 1020 3291 1091 φωστῆρας
3334 1018 3666 1091 νομίζουσιν,

2085 1112 2308 1179 ἀφανεῖς
2335 1110 2391 1163 δὲ
2416 1112 2509 1164 καὶ
2532 1111 2796 1183 ἀοράτους
2835 1113 2962 1175 τοὺς
2994 1110 3052 1178 ἐξ
3086 1110 3388 1182 ἀνθρώπων
3412 1129 3667 1182 κατοιχο-

2088 1197 2312 1267 μένους,
2359 1198 2392 1270 ἢ
2440 1213 2533 1252 και
2562 1201 2687 1264 τοὺς
2733 1199 2976 1271 χθονίους
3003 1203 3097 1254 καὶ
3126 1203 3345 1274 ἀερίους
3382 1203 3666 1273 δαίμονας,

2083 1287 2225 1340 κατά
2262 1287 2330 1341 τὰ
2359 1289 2591 1359 πρόσθεν
2619 1290 2751 1360 ἡμῖν
2772 1289 3207 1360 ἀπεληλεγμένα.
3246 1290 3403 1343 Ἀλλά
3419 1289 3526 1362 γὰρ
3557 1291 3669 1343 ἀπὸ

2082 1378 2176 1432 τοῦ
2211 1380 2426 1435 πάντων
2456 1381 2649 1445 αἰτίου,
2685 1382 2934 1452 ἀοράτων
2959 1399 3021 1435 τε
3047 1383 3141 1436 καὶ
3160 1382 3368 1453 ὁρατῶν
3400 1383 3667 1456 δημιουρ-

2082 1470 2179 1537 γοῦ
2206 1471 2306 1542 τὴν
2339 1471 2619 1543 καταρχὴν
2651 1471 2746 1525 τοῦ
2774 1473 2973 1536 παντὸς
2993 1473 3152 1542 λόγου
3180 1491 3377 1545 πεποεη
3388 1475 3566 1545 μένος,
3587 1492 3671 1531 νο-

2086 1560 2318 1632 μοθέτην
2359 1561 2547 1616 τοῦτον
2596 1558 2734 1616 εἶναι
2785 1563 3026 1617 διδάσκει
3066 1564 3166 1633 τῆς
3196 1564 3292 1617 τοῦ
3334 1564 3536 1629 παντὸς
3566 1582 3667 1619 συ-

2084 1653 2346 1717 στάσεως,
2372 1652 2561 1726 ῶσπερ
2587 1656 2715 1725 μιᾶς
2735 1671 2880 1717 τινος
2905 1655 3316 1725 μεγαλοπόλεως
3342 1655 3436 1709 τοῦ
3460 1657 3667 1728 κόσμου

2085 1742 2717 1814 βασιλέα-καταστήσας.
2748 1744 2998 1798 Παιδεύει
3029 1745 3315 1818 τοιγαροῦν
3343 1747 3667 1818 ἀρχόμενος,

395 1860 560 1915 quam
594 1860 781 1899 earum
808 1885 823 1909 ,
855 1861 977 1915 quae
1022 1845 1271 1901 sensibus
1327 1851 1666 1913 usurpentur
1719 1841 1967 1895 molitore

2078 1834 2268 1887 τοῦτον
2313 1835 2567 1905 ἡγεῖσθαι
2606 1835 2681 1907 μὴ
2722 1836 2881 1906 μόνον
2912 1835 3023 1888 τῶν
3054 1837 3192 1908 πρὸς
3235 1838 3432 1901 αὐτοὺς
3472 1837 3670 1908 μικρὸν

397 1934 510 1991 Deo
569 1937 736 1993 tetius
788 1938 1055 1992 orationis
1088 1936 1311 1990 initium
1335 1934 1561 2001 faciens,
1589 1948 1778 1989 verum
1816 1932 1967 1985 illum

2077 1925 2301 1997 ὕστερον
2332 1926 2846 1998 διαταχθησομένων
2869 1927 3174 1999 ἀνθρώποις
3194 1928 3374 1998 νόμων
3401 1929 3670 2001 αὐθέντην

397 2027 566 2096 hujus
603 2029 975 2084 universitatis
1020 2028 1385 2099 legislatorem
1447 2041 1511 2081 ac
1570 2026 1967 2080 moderatorem

2077 2015 2213 2071 εἶναι
2241 2018 2335 2072 καὶ
2360 2017 2571 2089 κύριον,
2591 2017 2728 2072 ἀλλά
2745 2019 2839 2073 καὶ
2862 2019 2973 2073 τῶν
2998 2022 3055 2074 ὲν
3085 2023 3150 2092 τῇ
3194 2020 3354 2090 φύσει
3376 2020 3484 2074 τῶν
3505 2022 3665 2077 ὅλων.

392 2133 516 2175 esse
534 2119 711 2185 docet,
746 2136 1133 2191 summumque
1158 2120 1322 2191 315
1343 2120 1511 2175 totius
1541 2118 1713 2183 orbis,
1745 2114 1967 2185 perinde

2077 2110 2306 2164 Βασιλέα
2328 2110 2438 2183 γὰρ
2465 2112 2631 2165 αὑτὸν
2655 2112 2751 2166 καὶ⁵
2782 2112 3079 2184 νομοθέτην
3107 2112 3203 2166 τοῦ
3237 2113 3552 2184 σύμπαντος
3575 2113 3671 2168 κόν-

392 2220 556 2280 atque
581 2213 746 2265 unius
788 2212 1075 2280 cujusdam
1110 2226 1320 2282 magna:
1362 2208 1600 2263 civitatis
1626 2220 1807 2275 regem
1842 2219 1967 2258 con-

2077 2219 2217 2273 σμου
2246 2206 2505 2275 παριστᾷ.

392 2306 591 2362 stituit.
624 2305 912 2361 Enimvero
946 2308 1017 2361 ita
1050 2307 1300 2361 homines
1331 2306 1449 2375 ipso
1497 2304 1680 2359 statim
1729 2298 2001 2371 principio
2034 2298 2291 2367 instituit,
2333 2308 2394 2354 ut
2436 2300 2614 2370 ipsum
2667 2316 2776 2356 non
2817 2317 3005 2357 earum
3033 2301 3199 2358 modo
3223 2302 3429 2373 legum,
3463 2303 3671 2371 quibus

389 2402 611 2459 eosdem
650 2402 816 2472 paulo
843 2411 966 2472 post
995 2402 1391 2457 informaturus
1427 2407 1568 2463 erat,
1632 2397 1724 2452 sed
1775 2396 1992 2451 illarum
2030 2394 2219 2457 etiam,
2278 2395 2482 2465 quibus
2538 2406 2741 2452 natura
2788 2399 3043 2454 universa
3099 2408 3331 2469 pareret,
3384 2408 3672 2456 auctorem

390 2509 514 2552 esse
540 2508 603 2549 ac
628 2493 913 2548 Dominum
950 2495 1334 2564 intelligerent.
1359 2491 1562 2563 Regem
1601 2489 1746 2545 enim
1778 2487 1956 2557 ipsum
1996 2486 2187 2540 mundi
2222 2487 2395 2543 totius
2428 2503 2496 2543 ac
2522 2490 2895 2561 tegislatorem
2917 2506 3038 2545 esse
3062 2491 3377 2546 conﬁrmat.

1013 2585 1244 2642 CAPUT
1282 2584 1349 2639 Χ.

494 2678 567 2731 De
588 2678 820 2749 generali
841 2677 1204 2744 Providentia,
1237 2689 1283 2731 et
1313 2676 1545 2730 universi
1566 2673 1865 2728 molitione.

463 2833 750 2904 Videlicet,
790 2845 926 2889 nutu
953 2835 1075 2905 ejus
1110 2842 1274 2904 atque
1322 2840 1591 2905 potestate
1627 2847 1782 2888 suam
1805 2829 1971 2884 rebus

390 2926 650 2981 omnibus
699 2925 993 2981 essentiam
1050 2935 1416 2994 naturamque
1461 2932 1716 2978 constare
1756 2940 1769 2977 :
1817 2922 1968 2991 ejus-

389 3019 625 3089 demque
675 3019 887 3089 legibus
947 3033 1009 3072 ac
1055 3019 1324 3080 terminis,
1376 3028 1499 3086 apte
1549 3028 1713 3085 atque
1753 3015 1967 3079 ordine,

387 3115 702 3179 temporum
750 3124 947 3164 cursus
986 3109 1243 3178 vicesque
1292 3107 1547 3162 describi.
1607 3109 1685 3158 Ac
1729 3106 1966 3175 primum

2625 2585 3022 2639 ΚΕΦΑΛΑΙΟΝ
3062 2583 3121 2639 I'.

2077 2673 2216 2741 Περὶ
2255 2674 2361 2743 τῆς
2382 2678 2644 2750 καθᾴλου
2666 2678 3097 2750 αφονοίαᾳκαὶ
3122 2680 3263 2747 περὶ
3292 2679 3406 2750 τῆς
3436 2681 3670 2736 συστά-

2155 2762 2329 2811 σεως,
2362 2748 2459 2800 καὶ
2487 2747 2874 2817 δημιουργίας
2893 2748 2999 2802 τοῦ
3028 2752 3281 2818 κόσμου.

2144 2837 2391 2907 Νεύματι
2457 2837 2556 2909 μὲν
2619 2838 2728 2911 γὰρ
2776 2839 2943 2893 αὐτοῦ
2995 2842 3090 2894 καὶ
3129 2840 3377 2911 δυνάμει,
3418 2843 3514 2914 τὴν
3555 2843 3671 2897 τῶν

2073 2925 2325 2979 ἁπάντων
2373 2927 2629 2981 οὑσίωσιν
2672 2931 2993 2999 γεγονέναι,
3037 2931 3221 3001 νόμοις
3266 2933 3323 2985 δὲ
3379 2935 3473 2987 καὶ
3513 2936 3671 3005 ὅροις

2074 3016 2235 3069 πάλιν
2263 3018 2453 3083 αὐτοῦ,
2494 3019 2599 3090 ὁδῷ
2626 3022 2719 3074 καὶ
2753 3022 2905 3086 τάξει
2935 3023 3026 3075 τὸν
3057 3024 3349 3094 σύμπαντα
3375 3025 3671 3097 διακυϐερ-

2074 3110 2266 3162 νᾶσθαι
2295 3109 2485 3164 αἰῶνα.
2515 3112 2674 3182 Λόγῳ
2712 3113 2809 3183 μὲν
2839 3113 2946 3185 γὰρ
2971 3115 3065 3166 καὶ
3095 3115 3246 3185 νόμῳ
3275 3115 3410 3170 Θεοῦ
3446 3116 3671 3188 πρῶτον

389 3200 611 3268 quidem
661 3216 728 3254 ex
778 3201 1036 3255 omnibus
1090 3201 1292 3255 caelum
1328 3215 1463 3253 voce
1490 3199 1718 3269 legeque
1756 3198 1963 3263 divina,

2077 3202 2321 3256 ἁπάντων
2353 3203 2581 3275 οὐρανὸν
2616 3204 3004 3277 ἐστερεῶσθαι,
3040 3208 3133 3259 καὶ
3180 3207 3282 3275 γῆς
3312 3208 3372 3260 τὸ
3397 3207 3537 3280 βαρὺ
3568 3210 3670 3261 καὶ

389 3281 702 3346 firmitatem
735 3308 889 3347 suam
940 3292 1269 3359 obtinuisse,
1316 3305 1647 3362 gravemque
1697 3298 1969 3343 terrarum

388 3385 615 3449 molem,
646 3394 843 3454 praeter
876 3393 1087 3439 natura),
1116 3400 1229 3439 suae
1273 3385 1669 3451 conditionem,
1698 3383 1968 3437 leviorum

385 3474 780 3529 elementorum
802 3476 853 3529 in
883 3476 1061 3531 medio
1090 3477 1286 3530 mirum
1312 3479 1364 3530 in
1401 3479 1621 3530 modum
1647 3491 1967 3545 suspensam

390 3580 456 3620 ac
498 3566 751 3621 libratam
803 3568 1139 3633 constitisse,
1171 3583 1305 3623 voce
1339 3568 1565 3638 legeque
1599 3556 1814 3629 divina,
1846 3582 1970 3619 mu-

388 3671 538 3715 tuam
568 3659 945 3730 alternamque
981 3661 1159 3715 noctis
1187 3675 1251 3715 ac
1282 3660 1390 3714 diei
1420 3659 1836 3714 conversionem
1870 3658 1968 3712 ﬁe-

387 3754 460 3817 ri,
489 3768 619 3807 voce
669 3754 895 3823 legeque
926 3753 1112 3807 divina
1146 3752 1316 3805 solem
1362 3752 1564 3822 ipsum,
1604 3752 1815 3815 lunam,
1844 3750 1969 3804 reli-

388 3859 737 3915 quorumque
762 3845 1003 3900 siderum
1038 3845 1267 3899 chorum
1309 3845 1543 3915 eleganti
1566 3844 1969 3915 concinneque

395 3946 548 3993 motu
584 3938 771 3992 orbem
831 3954 992 3992 suum
1037 3938 1323 3992 coniicere.
1368 3936 1509 4008 Lege
1558 3935 1758 3989 summi
1800 3934 1967 4006 Regis

395 4030 820 4085 conversionum
878 4029 1242 4095 mutationes,
1269 4038 1576 4098 temporum
1624 4027 1964 4091 discrimina,

386 4137 660 4178 annorum
692 4122 952 4187 circulos,
979 4136 1301 4189 annuosque
1326 4128 1700 4190 tempestates,
1720 4134 1845 4173 cum
1872 4117 1969 4172 ad-

388 4214 629 4268 mirabili
688 4214 857 4268 totius
923 4214 1165 4269 universi
1236 4226 1515 4267 consensu
1569 4210 1969 4277 harmoniaque

387 4306 674 4375 compleri.
704 4304 894 4360 Divina
926 4306 1064 4375 lege,
1094 4304 1331 4359 hiemem
1362 4303 1495 4368 veri,
1520 4312 1682 4372 atque
1716 4303 1818 4356 hoc
1839 4317 1967 4355 con-

388 4398 737 4469 sequentium
772 4406 1156 4466 tempestatum
1190 4396 1404 4449 vicibus
1450 4395 1645 4448 cedere
1682 4411 1695 4445 :
1750 4392 1965 4456 eadem,

385 4489 528 4545 altos
549 4505 613 4544 ac
639 4488 944 4560 profundos
982 4485 1186 4543 Oceani
1208 4488 1445 4542 vortices
1470 4472 1713 4540 hibernis
1738 4485 1963 4540 aestibus

387 4590 552 4658 atque
582 4580 930 4636 eluvionibus
988 4581 1351 4646 exundantes,
1407 4594 1635 4634 suorum
1671 4594 1790 4632 sese
1845 4594 1964 4632 ma-

382 4675 527 4728 rium
565 4673 788 4737 linibus,
817 4688 957 4743 quos
977 4672 1253 4726 transilire
1274 4687 1383 4726 non
1409 4670 1632 4735 audent,
1659 4670 1959 4725 includere:

382 4766 599 4839 eadem,
625 4772 895 4819 terrarum
928 4765 1133 4819 siccam
1167 4763 1485 4833 aridamque
1534 4771 1809 4827 naturam,
1866 4762 1962 4816 de-

381 4856 679 4912 ﬂuentibus
708 4857 1000 4923 imbribus,
1027 4872 1091 4911 ae
1117 4856 1333 4910 nivibus
1363 4854 1577 4909 modice
1599 4855 1962 4910 allabentibus

382 4951 689 5021 irrigtuam,
722 4949 936 5003 infinita
974 4949 1285 5018 plantarum
1319 4955 1375 5001 et
1406 4947 1769 5002 animantium
1806 4962 1963 5018 gene-

372 5058 442 5098 ra
472 5044 792 5113 producere.
858 5040 980 5096 Uno
1004 5042 1193 5105 verbo,
1229 5051 1477 5097 naturam
1509 5042 1681 5105 illam,
1709 5056 1961 5096 commu—

372 5150 505 5192 nem
552 5151 738 5190 rerum
787 5143 1069 5205 parentem
1127 5136 1412 5202 omnium,
1468 5134 1564 5189 Dei
1604 5134 1960 5207 prtrpotentis

374 5226 608 5282 Numini
644 5229 1000 5293 servientem,
1031 5227 1233 5283 divinis
1279 5228 1399 5298 ejus
1427 5229 1638 5299 legibus
1683 5228 1958 5283 consiliis-

380 5338 489 5388 que
519 5336 733 5391 parere.
766 5320 878 5377 Nec
905 5322 1051 5377 enim
1087 5320 1330 5392 profecto
1357 5337 1489 5377 casu
1515 5338 1580 5377 ac
1611 5331 1833 5384 temere,
1863 5335 1964 5374 nec

376 5414 608 5470 fortuito
622 5430 686 5470 ac
704 5415 934 5470 rationis
950 5424 1170 5486 experte
1185 5426 1359 5480 motu,
1378 5424 1587 5469 tantum
1606 5416 1753 5468 hunc
1767 5422 1822 5469 et
1850 5421 1961 5466 tam

449 5538 481 5570 ι
534 5548 650 5599 717.,
687 5528 1023 5601 θαυμασίως.

457 5640 569 5714 (72)
599 5645 747 5715 Οὐχὶ
778 5649 983 5722 φίλων,
1012 5652 1118 5722 etc.
1179 5648 1389 5722 Locum
1417 5649 1566 5722 hunc
1610 5652 1685 5705 ita
1722 5653 1963 5722 concipit

385 5712 524 5793 alter
548 5712 869 5793 [ηῑξηὶέερὴζ
888 5719 987 5793 οὐχ
1024 5716 1169 5793 ᾗπερ
1199 5719 1517 5793 Αἰγυπτίοις
1551 5722 1702 5789 φίλον
1726 5719 1815 5793 ἦν,
1847 5712 1959 5777 ἀλλ’

385 5781 507 5834 οὐδὲ
537 5782 767 5850 Φοίνιξιν
787 5827 800 5851 ,
841 5787 875 5858 ἦ
906 5781 1291 5852 τοῖς”’λοι’ποῖς’
1311 5781 1957 5861 ἔθνεσι-παραπλησίως,

2077 3294 2390 3365 στερέμνιον
2412 3295 2563 3366 παρὰ
2595 3295 2694 3366 τὴν
2715 3297 2923 3350 οἰκείαν
2953 3295 3117 3365 φύσιν
3142 3297 3671 3370 λεπτομερεστέροις

2070 3382 2178 3435 τῶν
2207 3384 2484 3453 στοιχείων
2514 3384 2661 3456 παρά
2688 3385 2853 3453 φύσιν
2880 3397 2905 3425 ι
2938 3387 3271 3458 ὲπαιωρεῖσθ
3285 3405 3363 3440 αι.
3401 3387 3560 3458 Λόγῳ
3606 3388 3671 3442 δὲ

2072 3474 2166 3527 καὶ
2191 3475 2340 3545 νόμῳ
2368 3475 2494 3545 θείῳ
2517 3477 2709 3540 νυκτὸς
2741 3479 2835 3531 καὶ
2863 3477 3074 3548 ἡμέρας
3101 3478 3191 3531 τὸν
3216 3479 3502 3550 ἀμοιϐαῖον
3526 3480 3667 3533 ἀνα-

2072 3566 2386 3620 κυκλεῖσθαι
2419 3567 2616 3638 δρόμον
2641 3586 2654 3598 ·
2685 3568 2829 3640 λόγῳ
2863 3570 2999 3624 Θεοῦ
3027 3571 3124 3625 καὶ
3171 3571 3322 3642 νόμῳ
3360 3572 3455 3624 καὶ
3498 3570 3670 3626 αὐτὸν

2070 3657 2221 3726 ἥλιον
2247 3658 2341 3711 καὶ
2376 3658 2627 3731 σελήνην,
2665 3661 2759 3714 καὶ
2792 3661 2891 3733 τὴν
2913 3662 3021 3716 τῶν
3049 3663 3255 3717 λοιπῶν
3286 3663 3531 3733 ἀστέρων
3564 3680 3667 3734 χο-

2076 3750 2244 3821 ρείαν,
2282 3752 2338 3804 ἐν
2367 3752 2629 3823 πρέποντι
2661 3754 2851 3825 κόσμῳ
2876 3755 2973 3825 τὴν
2995 3756 3379 3826 προσήκουσαν
3411 3754 3671 3821 ὲξανύειν

2073 3840 2300 3910 πορείαν
2324 3857 2337 3870 ο
2362 3841 2513 3911 νόμῳ
2541 3841 2597 3893 δὲ
2623 3842 2715 3894 τοῦ
2741 3842 3018 3912 παμϐασιλ
3029 3844 3134 3907 έως
3157 3844 3374 3916 τροπῶν
3399 3844 3665 3914 ἀλλαγὰς,

2070 3931 2166 3984 καὶ
2193 3931 2493 4001 μεταϐολὰς
2521 3932 2751 4002 καιρῶν,
2793 3934 3038 3987 ἐνιαυτοῦ
3059 3952 3117 3987 τε
3147 3934 3402 4001 κύκλους,
3442 3936 3538 3988 καὶ
3560 3927 3667 4000 τὰς

2071 4021 2324 4092 ἐτησίους
2350 4021 2499 4093 ῶρας
2533 4024 2600 4092 τῇ
2630 4024 2987 4094 παναρμονίῳ
3027 4023 3121 4076 τοῦ
3168 4024 3368 4088 παντὸς
3413 4025 3671 4099 ἀποπλη-

2075 4115 2298 4187 ροῦσθαι
2318 4116 2637 4187 συμφωνίᾳ·
2673 4117 2821 4187 νόμῳ
2850 4116 2985 4169 Θεοῦ
3026 4118 3273 4189 χειμῶνα
3306 4120 3406 4190 μὲν
3440 4121 3669 4191 ὑποχω-

2073 4211 2186 4280 ρεῖν
2210 4208 2352 4280 έαρι,
2382 4208 2541 4262 τοῦτο
2568 4210 2625 4262 δὲ
2662 4214 2782 4273 ταῖς
2812 4211 3043 4280 ἄγχιστα
3070 4211 3183 4264 τῶν
3214 4211 3372 4282 ὡρῶν
3396 4217 3663 4285 τροπαῖς

2072 4303 2163 4355 καὶ
2193 4296 2461 4373 θαλῦιττης
2483 4302 2540 4355 δὲ
2569 4301 2784 4371 βυθοὺς,
2806 4303 2927 4364 ταῖς
2953 4302 3251 4371 χειμαδίοις
3280 4302 3667 4375 πλημμυρίσιν

2071 4394 2585 4464 ὲπικυματίζοντας,
2628 4393 2778 4464 νόμῳ
2809 4392 2940 4464 θείῳ
2984 4396 3098 4456 τοῖς
3134 4394 3358 4458 οἰκείοις
3396 4396 3667 4448 ἐναποκε-

2071 4486 2312 4540 κλεῖσθαι
2339 4487 2619 4554 πελάγεσι,
2649 4485 2723 4549 ὡς
2747 4485 2881 4557 μηδὲ
2908 4487 3033 4549 τοὺς
3053 4487 3214 4559 ὅρους
3243 4488 3351 4540 τῶν
3387 4488 3548 4560 ἱερῶν
3571 4488 3666 4543 νό-

2075 4599 2190 4653 μων
2215 4580 2564 4651 ὑπερϐαίνειν
2587 4578 2793 4649 τολμᾷν
2817 4597 2828 4607 ·
2860 4578 2955 4632 καὶ
2983 4578 3082 4649 τὴν
3118 4578 3288 4650 ξηρὰν
3334 4579 3521 4633 οὐσίαν
3552 4580 3662 4649 ὀμ-

2071 4673 2245 4744 ϐρίοις
2271 4674 2473 4743 νάμασι
2507 4674 2601 4727 καὶ
2630 4674 2872 4741 νιφετοῖς
2903 4672 3053 4741 νόμῳ
3088 4669 3218 4740 θείῳ
3250 4670 3411 4725 πάλιν
3442 4671 3661 4743 συμμέ-

2069 4782 2212 4837 τρως
2251 4765 2790 4837 ἐπιχορηγουμένοις,
2826 4763 3132 4835 ἀρδομένην
3171 4762 3270 4834 τὴν
3308 4764 3449 4833 γῆν,
3487 4764 3663 4836 μυρία

2069 4858 2200 4928 γένη
2234 4856 2413 4925 φυτῶν
2438 4874 2497 4909 τε
2520 4857 2612 4910 καὶ
2639 4856 2793 4922 ζώων
2817 4855 3122 4910 ἀναδιδόναι
3141 4872 3155 4886 ’
3178 4856 3258 4908 ἐνί
3287 4872 3347 4908 τε
3366 4854 3533 4926 λόγῳ,
3555 4855 3661 4928 τὴν

2071 4951 2407 5021 παμμήτορα
2435 4948 2542 5002 τῶν
2574 4949 2709 5002 ὅλων
2740 4948 2922 5018 φύσιν,
2967 4948 3349 5021 προστάγματι
3389 4948 3528 5002 Θεοῦ
3566 4948 3659 5001 δε-

2069 5042 2433 5115 δουλωμένην,
2472 5044 2658 5114 νόμοις
2679 5042 2843 5105 θείοις
2883 5041 3130 5097 ὑπείκειν
3166 5041 3261 5095 καὶ
3291 5043 3359 5113 τῇ
3398 5041 3494 5095 τοῦ
3515 5057 3661 5097 trav.

2067 5135 2336 5205 ηγεμόνος
2366 5132 2503 5187 Θεοῦ
2533 5134 2716 5205 βουλῇ.
2779 5133 2871 5205 Μὴ
2892 5132 3001 5204 γὰρ
3029 5133 3173 5204 εἰκῆ,
3221 5132 3343 5205 μηδ’
3377 5132 3453 5197 ὡς
3474 5132 3659 5203 ἔτυχε,

2074 5228 2197 5299 μηδ’
2233 5227 2525 5299 αὐτομάτῳ
2571 5229 2667 5281 καὶ
2696 5227 2877 5297 ἀλόγῳ
2907 5228 3053 5298 φορᾷ.
3082 5225 3406 5279 συνεστάναι
3439 5226 3531 5281 τὸν
3553 5244 3657 5298 τη-

2069 5319 2314 5375 λικοῦτον
2341 5320 2655 5390 διάκοσμον,
2689 5319 2809 5390 μηδ’
2840 5318 3083 5372 ἀναιτίου
3106 5318 3320 5386 φύσεως
3336 5317 3498 5389 ἔργον
3519 5333 3659 5389 tu?-

2069 5411 2251 5482 χάνειν
2283 5411 2343 5465 τὸ
2377 5410 2520 5481 μέγα
2549 5411 2706 5465 τοῦτο
2737 5411 2832 5466 καὶ
2865 5410 3188 5483 περικαλλὲς
3235 5409 3654 5481 τεχνούργημ.α⁸

2069 5662 2148 5722 εἰς
2183 5660 2368 5732 ττλῆοη
2394 5668 2498 5732 etc_.
2531 5659 2777 5717 Rectius.
2808 5660 3009 5716 Saltem
3038 5676 3138 5731 pro
3163 5657 3285 5730 οὐχί
3315 5656 3547 5714 omnino
3566 5670 3657 5714 ro-

2069 5727 2303 5800 poneml.
2332 5733 2430 5801 οὐχ
