3878 6220
308 228 414 301 55s

1467 245 1784 303 PRIEPAR.
1826 246 2078 305 EVANG.
2124 236 2253 303 Ll’B.
2303 244 2406 302 VII.

3472 242 3578 297 εει

303 358 425 413 ὐλλ⁹
445 356 585 414 εἶναι
614 360 712 431 μὲν
745 359 957 431 ποίημα
977 357 1074 412 τοῦ
1101 357 1377 426 πανσόφου
1405 356 1516 410 τῶν
1559 357 1695 411 ὅλων
1720 358 1880 430 ’ἀρχι-

1997 359 2334 430 singularem
2365 366 2618 413 ornatum
2647 358 2940 423 exstitisse,
2968 372 3071 414 nec
3096 372 3255 414 caecae
3270 356 3575 414 ulliiucon-

306 452 581 515 τέκτονος,
616 451 712 505 τοῦ
741 452 798 504 δὲ
830 450 995 504 αὑτοῦ
1024 450 1200 519 λόγοις
1224 450 1317 504 καὶ
1352 450 1535 520 νόμοις
1580 453 1745 522 ἱεροῖς
1773 451 1892 504 δια-

309 542 697 613 κυϐερνᾶσθαι.
733 541 927 595 Ἔνθεν
961 542 1264 612 ἀρξάμενος
1293 541 1642 613 ὁπροφήτης,
1664 542 1757 595 καὶ
1787 542 1894 612 πρὸ

308 636 409 706 τῆς
434 632 737 705 ἀνθρώπων
776 633 1101 704 νομοθεσίας
1132 634 1260 698 τοὺς
1294 634 1423 705 περὶ
1461 634 1563 704 τῆς
1604 632 1712 686 τῶν
1756 633 1893 686 ὅλων

308 725 528 795 φύσεως
548 724 857 797 προστάξας
879 726 1096 796 νόμους,
1150 725 1432 797 πρώτιστα
1484 727 1699 781 πάντων
1728 744 1895 799 προσ-

309 817 454 887 έχειν
478 816 558 887 τῷ
577 817 912 889 παμϐασιλεῖ
940 817 1059 888 Θεῷ
1084 820 1181 873 καὶ
1208 832 1231 860 ι
1277 818 1688 891 ἁπορῤᾳθυμεῖν
1727 819 1890 873 αὐτοῦ

306 907 419 961 τῶν
455 909 634 980 νόμων
657 908 1097 981 παρεκελεύσατο
1119 928 1132 940 ·
1167 910 1249 964 ὅτι
1288 912 1352 982 δὴ
1382 912 1476 965 καὶ
1511 911 1672 973 αὐτὸς
1719 911 1889 981 ἥλιος,

305 998 538 1069 οὐρανός
558 1015 618 1051 τε
643 999 739 1051 καὶ
766 998 990 1069 κόσμος,
1017 999 1091 1070 γῆ
1118 1016 1178 1053 τε
1197 1001 1292 1054 καὶ
1317 1000 1387 1053 τά
1408 1001 1500 1054 ἐπὶ
1520 999 1626 1069 γῆς
1654 999 1888 1063 ἅπαντα,

309 1087 412 1140 ὃσα
449 1104 510 1141 τε
541 1088 676 1160 ἔργα
704 1087 918 1158 φύσεως
943 1084 1081 1144 εἰναι
1103 1090 1434 1161 νενόμισται,
1459 1091 1696 1154 ἐντολαῖς
1725 1090 1890 1145 αὐτοῦ

313 1178 409 1231 καὶ
434 1177 763 1243 διατάξεσιν,
798 1179 963 1251 ἱεροῖς
986 1196 1046 1233 τε
1070 1179 1256 1251 νόμοις
1289 1179 1384 1233 καὶ
1410 1180 1588 1249 λόγοις
1628 1179 1886 1234 δουλεύει.

313 1270 405 1324 Διὸ
435 1269 529 1322 καὶ
555 1268 754 1339 μᾶλλον
779 1271 976 1341 χρῆναι
1003 1270 1065 1324 τδ
1091 1270 1426 1342 ἀνθρώπειον
1457 1271 1633 1340 γένος,
1676 1272 1738 1324 ού
1763 1288 1889 1343 σμι-

314 1360 445 1432 κρὸν
478 1360 642 1432 μέρος
669 1362 936 1431 τυγχάνον
964 1360 1057 1414 τοῦ
1090 1362 1308 1426 παντὸς,
1344 1362 1487 1415 κατά
1512 1362 1572 1415 τὸ
1598 1362 1892 1417 ἀκόλουθον

303 1455 421 1515 τοῖς
452 1451 616 1515 θείοις
635 1453 991 1523 προσανέχειν
1012 1453 1367 1523 διατάγμασι,
1394 1455 1518 1525 μηδ’
1537 1454 1891 1509 ἐλαττοῦσθαι

302 1542 416 1596 τῶν
436 1542 579 1596 κατά
610 1543 776 1615 μέρος
804 1544 1100 1615 στοιχείων.
1131 1545 1208 1617 Γῇ
1243 1546 1340 1616 μὲν
1368 1544 1476 1618 γὰρ
1520 1548 1578 1600 ὲν
1629 1547 1772 1619 ἀρχῇ
1801 1564 1889 1600 νο-

310 1634 610 1706 μοθετῆσαι
636 1635 728 1690 τὸν
755 1637 1004 1708 φήσαντα
1028 1653 1043 1668 ⁸
1076 1654 1095 1688 ι
1130 1637 1497 1708 Βλαστησάτω
1545 1640 1580 1709 ή
1623 1639 1697 1709 γῆ
1734 1639 1890 1709 βοτά-

1995 452 2261 520 sultaeque
2283 459 2493 505 naturae
2518 451 2660 504 hanc
2684 460 2792 504 tam
2814 450 3050 520 ingentis
3097 461 3316 519 tamque
3352 450 3576 519 perfecti

1994 542 2175 612 operis
2199 542 2431 610 speciem
2455 556 2577 597 esse
2606 540 2951 595 tribuendam
2978 558 2993 593 :
3018 541 3148 596 illud
3165 540 3408 611 quidem,
3433 548 3495 595 ut
3508 554 3577 594 ex

1996 632 2200 688 summi
2230 647 2411 686 rerum
2473 632 2721 688 omnium
2783 631 3064 687 architecti
3118 631 3371 686 manibus
3442 644 3575 699 pro-

1993 722 2181 787 diisse,
2218 720 2382 791 315
2414 721 2488 775 ita
2530 721 2704 776 sacris
2731 721 2976 791 ejusdem
3006 721 3253 776 consiliis
3277 735 3341 775 ac
3361 720 3576 789 legibus

1995 811 2308 884 gubernari.
2344 810 2486 881 Ergo
2518 812 2643 868 inde
2663 812 2978 882 auspicatus
2998 812 3284 882 propheta,
3310 826 3375 867 ac
3391 812 3575 880 prius-

1993 920 2157 976 quam
2192 903 2511 959 hominibus
2544 905 2713 975 legem
2742 903 2929 970 ferret,
2974 904 3202 960 sancitis
3230 906 3300 960 de
3332 903 3573 960 universi

1992 1007 2186 1053 natura
2218 997 2453 1069 legibus,
2484 1007 2693 1052 mentes
2722 996 2839 1067 ipse
2864 1004 3081 1053 nostras
3103 997 3169 1051 ad
3197 997 3398 1051 summi
3429 996 3572 1066 regis

1993 1089 2325 1145 voluntatem
2352 1088 2743 1155 adhaerescere,
2771 1102 2836 1144 ac
2858 1088 3076 1158 penitus
3096 1088 3151 1142 in
3167 1087 3413 1159 ejusdem
3434 1102 3575 1157 pne-

1992 1184 2163 1255 'ceptis
2215 1186 2565 1253 acquiescere
2615 1182 2833 1238 voluit:
2866 1197 3042 1254 eoque
3090 1182 3293 1249 verius,
3329 1197 3441 1252 quo
3489 1182 3573 1236 sol

1992 1274 2109 1344 ipse
2129 1288 2369 1344 quoque,
2400 1273 2620 1336 caelum,
2657 1273 2917 1339 mundus,
2954 1283 3121 1337 terra,
3158 1288 3388 1345 quaeque
3412 1280 3573 1327 terra:

1992 1366 2116 1421 sinu
2150 1365 2498 1421 continentur
2528 1366 2734 1433 omnia,
2765 1375 2817 1421 et
2864 1375 3139 1437 quotquot
3168 1374 3376 1420 naturae
3404 1378 3571 1434 opera

1992 1459 2201 1514 censeri
2225 1458 2420 1522 solent,
2451 1457 2696 1527 ejusdem
2727 1459 2999 1515 mandatis
3034 1458 3317 1528 sacrisque
3353 1458 3571 1529 legibus

1991 1558 2154 1620 atque.
2182 1550 2415 1606 decretis
2439 1550 2836 1620 obtemperant.
2868 1550 3102 1621 Equius
3129 1551 3273 1605 enim
3297 1564 3420 1604 esse
3437 1565 3570 1619 pro-

1991 1642 2156 1708 fecto,
2189 1642 2268 1697 uti
2301 1642 2601 1697 humanum
2624 1644 2849 1713 proinde
2869 1659 3062 1713 genus,
3084 1658 3212 1713 pars
3236 1642 3425 1712 utique
3446 1641 3571 1695 uni-

305 1746 408 1800 νην
436 1730 631 1802 χόρτου
648 1771 664 1797 ,
706 1733 926 1804 σπεῖρον
968 1731 1191 1802 σπέρμα
1216 1732 1357 1785 κατά
1380 1708 1577 1798 γένος,
1601 1708 1698 1787 καί
1725 1708 1878 1797 ξύλον

1987 1733 2134 1788 versi
2168 1748 2276 1789 non
2317 1733 2535 1804 exigua,
2565 1708 2766 1789 divinis
2791 1708 2953 1789 etiam
2987 1708 3178 1790 edictis
3207 1708 3563 1805 obsequatur,

305 1822 588 1894 κάρπιμον
636 1822 825 1879 ποιοῦν
877 1825 1125 1896 καρπόν
1175 1843 1195 1876 ι
1225 1824 1323 1896 τὴν
1351 1824 1428 1888 δὲ,
1463 1825 1580 1896 ἅμα
1624 1825 1769 1897 λόγῳ
1819 1826 1879 1879 τὸ

304 1914 556 1979 εὐπειθὲς
582 1915 1035 1987 ἐπιδεικνυμένην
1055 1915 1132 1987 τῷ
1148 1915 1317 1988 νόμῳ,
1337 1915 1490 1970 οὔπω
1508 1919 1603 1972 καὶ
1622 1920 1701 1983 εἰς
1720 1919 1881 1991 δεῦρο

299 2005 401 2076 τῆς
432 2005 582 2070 θείας
614 2007 1001 2079 παραμελῆσαι
1037 2009 1349 2075 διατάξεως.
1378 2009 1532 2063 Οῦτω
1556 2010 1614 2065 δὲ
1658 2012 1751 2065 καὶ
1781 2013 1880 2083 τὴν

304 2096 482 2167 ύγράν
506 2099 715 2164 οὐσίαν,
755 2104 1027 2172 φήσαντος
1052 2101 1145 2155 τοῦ
1172 2101 1336 2155 Θεοῦο
1369 2121 1388 2155 ι
1437 2100 1783 2172 Ἐξαγαγέτω
1813 2103 1883 2157 τά

296 2184 472 2241 ὕδατα
502 2189 708 2260 ἑρπετά
739 2189 925 2262 ψυχῶν
958 2192 1146 2256 ζωσῶν
1169 2232 1184 2258 ,
1214 2193 1311 2247 καί.
1342 2193 1564 2248 πετεινά
1612 2195 1883 2264 πετόμενα

303 2278 446 2332 κατά
471 2279 532 2333 τὸ
562 2281 849 2353 στερέωμα
871 2282 964 2336 τοῦ
1000 2283 1255 2354 ούρανοῦ,
1291 2304 1310 2337 ι
1345 2285 1461 2357 ἃμα
1487 2285 1628 2357 λόγῳ
1654 2287 1883 2360 τοῦργον

303 2370 624 2436 ἀποδοῦναι,
647 2373 877 2444 ὁρᾶσθαί
939 2392 1000 2428 τε
1031 2375 1199 2429 εἰσέτι
1238 2375 1399 2448 δεῦρο
1426 2376 1505 2448 τῷ
1535 2377 1696 2449 ζνόμῳ
1740 2396 1884 2451 παρ-

300 2460 533 2530 έχουσαν
552 2464 614 2517 τὸ
638 2465 939 2536 πειθήνιον.
967 2466 1031 2520 Εἰ
1051 2467 1110 2520 δὲ
1133 2467 1198 2539 δὴ
1222 2469 1319 2523 καὶ
1341 2469 1520 2540 ἥλιος,
1547 2471 1642 2524 καὶ
1661 2470 1882 2541 σελήνη,

302 2552 399 2607 καὶ
425 2554 677 2626 ἀστέρες,
703 2558 797 2611 τοῦ
826 2559 972 2612 θείου
989 2559 1152 2631 νόμου
1177 2561 1269 2615 καὶ
1296 2561 1478 2625 αὐτοῖς
1502 2562 1881 2634 διωρισμένου,

300 2644 430 2706 τοὺς
470 2645 704 2710 οἰκείους
737 2648 1044 2702 ἀποδιδόναι
1077 2649 1330 2721 δρόμους,
1375 2646 1514 2705 εἷναί
1546 2669 1606 2706 τε
1659 2652 1754 2706 καὶ
1804 2655 1885 2716 εἰς

301 2737 527 2803 σημεῖα,
582 2736 676 2789 καὶ
723 2737 804 2799 εἰς
835 2738 1081 2809 καιροὺς,
1135 2739 1228 2792 καὶ
1259 2742 1340 2803 εἰς
1384 2741 1618 2812 ἡμέρας,
1663 2742 1758 2794 καὶ
1804 2744 1884 2804 εἰς

299 2826 601 2892 ἐνιαυτοὺς,
630 2828 692 2880 ού
732 2829 1109 2900 παραμελοῦσι
1158 2832 1259 2902 τῆς
1305 2832 1663 2902 νομοθεσίας’
1702 2833 1785 2897 τίς
1817 2833 1883 2887 ἂν

300 2916 381 2969 ἑτι
408 2933 491 2971 σοι
520 2918 756 2973 λείποιτο
776 2920 1104 2992 συγγνώμης
1127 2923 1403 2994 ἀποφυγὴ,
1437 2923 1545 2977 τῶν
1577 2924 1733 2977 θείων
1755 2943 1884 2979 κατ-

1980 1840 2080 1880 nec
2123 1840 2246 1881 sese
2284 1826 2397 1897 hoc
2423 1827 2479 1880 in
2511 1842 2705 1896 genere
2735 1842 2764 1879 a
2801 1827 3030 1894 singulis
3070 1827 3358 1881 elementis
3414 1822 3564 1883 vinci

1980 1916 2239 1985 patiatur.
2274 1913 2485 1987 Quippe
2528 1918 2701 1987 legem
2754 1918 2909 1971 initio
2961 1926 3119 1972 terra:
3148 1916 3460 1986 impositam
3494 1919 3567 1974 ab

1983 2020 2050 2061 eo
2081 2005 2272 2071 fuisse,
2304 2008 2399 2075 qui
2430 2006 2675 2075 dixerit_:
2713 2027 2731 2057 ι
2761 2007 3039 2062 Germinet
3058 2015 3202 2061 terra
3226 2007 3448 2062 herbam
3478 2008 3566 2061 vi-

1984 2105 2215 2162 rentem,
2243 2105 2299 2153 et
2327 2096 2615 2153 facientem
2646 2112 2829 2152 semen
2864 2097 3165 2151 secundum
3189 2111 3359 2165 genus
3375 2111 3559 2163 suum,

1981 2198 2038 2244 et
2068 2189 2272 2259 lignum
2298 2188 2625 2259 pomiferum
2650 2186 2856 2243 faciens
2886 2186 3125 2243 fructum
3160 2187 3241 2253 ‘7;
3274 2205 3295 2240 ι
3323 2202 3443 2242 eam
3462 2176 3565 2242 ’νο-

1983 2297 2067 2347 ro,
2096 2282 2261 2337 simul
2294 2290 2457 2351 atque
2480 2296 2584 2335 vox
2625 2281 2715 2334 illa
2740 2280 2985 2345 exiisset,
3023 2279 3292 2349 impositas
3330 2280 3435 2351 legi
3465 2280 3566 2335 ob—

1985 2381 2256 2435 secutam,
2288 2387 2569 2441 nunquam
2606 2371 2862 2441 deinceps
2906 2386 2939 2425 a
2986 2371 3172 2426 divino
3198 2380 3469 2441 praecepto
3492 2369 3562 2426 ad

1985 2462 2100 2517 haec
2125 2476 2299 2532 usque
2328 2469 2571 2530 tempora
2598 2461 2943 2517 discessisse.
2979 2460 3275 2515 Humidum
3311 2459 3563 2516 similiter

1982 2553 2334 2617 elementum,
2358 2552 2499 2606 hanc
2532 2552 2599 2606 ad
2650 2550 2744 2606 Dei
2772 2566 2962 2605 vocem
3022 2570 3040 2603 ι
3068 2550 3381 2606 Producant
3405 2566 3563 2622 aquas

1984 2644 2195 2715 reptilia
2230 2645 2428 2699 anima:
2459 2643 2709 2709 viventis,
2742 2652 2797 2697 et
2837 2642 3077 2699 volatilia
3123 2644 3363 2698 volantia
3412 2644 3561 2700 circa

1984 2736 2389 2791 ﬁrmamentum
2426 2735 2631 2801 caeli“,
2678 2753 2696 2786 ι
2729 2749 2788 2789 re
2811 2735 2927 2803 ipsa
2979 2735 3241 2790 continuo
3287 2736 3558 2804 paruisse,

1984 2836 2147 2897 atque
2168 2827 2224 2881 in
2251 2826 2440 2882 eadem
2463 2826 2769 2881 obedientia
2789 2826 3075 2896 hucusque
3092 2827 3399 2896 persistere.
3416 2826 3561 2881 Prau-

1986 2926 2135 2973 tcrea
2167 2918 2215 2973 si
2248 2917 2352 2978 sol,
2384 2926 2547 2986 atque
2586 2917 2736 2981 luna,
2767 2924 3073 2986 caateraque
3112 2916 3313 2984 sidera,
3340 2918 3390 2971 ei
3421 2934 3557 2987 quo-

297 3006 647 3079 ολιγωροῦντι
700 3011 915 3080 νόμων;
953 3011 1134 3065 Ταῦτα
1168 3012 1569 3084 προπαιδεύσας
1607 3016 1637 3067 ό
1668 3014 1880 3084 θαυμά-

1986 3023 2092 3077 que
2122 3008 2256 3078 legi,
2288 3024 2397 3080 qua
2430 3023 2564 3064 suos
2590 3009 2707 3077 ipsa
2741 3023 2938 3063 cursus
2968 3007 3256 3075 conficere,
3287 3008 3442 3078 signa
3470 3023 3560 3063 re-

302 3115 438 3163 σιος,
466 3101 613 3170 ἡμᾶς
635 3117 693 3154 τε
713 3096 849 3166 εἷλε,
871 3104 965 3156 καὶ
993 3103 1094 3173 τῆς
1119 3103 1321 3168 οἰκείας
1346 3103 1676 3173 θεογνωσίας
1704 3123 1765 3160 τε
1786 3107 1879 3160 καὶ

297 3191 582 3257 εὐσεϐείας
610 3194 832 3259 εἰκότως
866 3195 1113 3265 ζηλωτὰς
1142 3198 1549 3267 κατεστήσατο,
1595 3198 1679 3251 ὅτι
1714 3199 1878 3269 μηδὲν

298 3281 509 3346 τούτοις
536 3283 719 3353 ὅμοιον
747 3284 897 3356 παρά
925 3288 1039 3347 τοῖς
1070 3285 1177 3338 τῶν
1208 3285 1659 3357 προδηλωθέντων
1708 3286 1878 3341 ἐθνῶν

299 3373 570 3443 θεολόγοις
617 3376 799 3447 εὑρεῖν
837 3376 1186 3448 δεδυνήμεθα.
1230 3378 1385 3431 Μετὰ
1416 3377 1474 3431 δὲ
1517 3378 1614 3448 τὴν
1656 3377 1904 3450 πρώτην·

298 3465 577 3535 θεολογίαν
631 3468 871 3538 μέτεισιν
924 3470 1018 3522 ἐπὶ
1068 3469 1128 3522 τὸ
1160 3467 1412 3540 δεύτερον
1453 3469 1629 3540 δόγμα
1652 3470 1877 3538 φυσικὸν

296 3557 434 3628 ὁμοῦ
458 3558 564 3612 καὶ
596 3559 899 3629 φιλόσοφον.
925 3559 1083 3616 Μετά
1113 3560 1244 3630 γοῦν
1270 3561 1371 3633 τὴν
1396 3562 1525 3633 περὶ
1564 3562 1701 3615 Θεοῦ
1734 3561 1879 3631 γνῶ-

297 3664 404 3713 σιν,
427 3650 528 3721 τήν
551 3666 612 3704 τε
665 3651 795 3722 περὶ
826 3652 962 3705 ὅλων
1007 3652 1365 3725 διακόσμησιν
1387 3691 1403 3717 ,
1436 3651 1588 3718 τάξει
1634 3654 1876 3725 πρόεισιν

294 3742 394 3796 ἐπὶ
417 3742 479 3794 τὸ
505 3743 599 3796 καὶ
628 3746 694 3815 τῇ
733 3744 892 3813 φύσει
932 3744 1204 3817 δεύτερον.
1243 3745 1415 3800 Τοῦτο
1452 3746 1497 3800 δ’
1534 3742 1603 3817 ἦν
1649 3746 1708 3800 τὸ
1751 3748 1879 3818 περί⁵

294 3832 516 3902 φύσεως
564 3835 871 3907 ἀνθρώπου,
908 3837 991 3891 ὅτι
1026 3837 1090 3908 δὴ
1130 3836 1270 3908 μετὰ
1304 3837 1439 3891 Θεοῦ
1481 3838 1679 3906 γνῶσιν
1711 3839 1877 3905 ἀναγ-

297 3928 455 3980 καῖον
483 3926 685 3994 γνῶναί
716 3943 835 3981 τινα
861 3928 1069 3981 ἑαυτόν.
1098 3928 1297 4002 Διόπερ
1342 3930 1471 3999 ἑξῆς
1516 3929 1790 3995 παιδεύει,
1822 3930 1876 3982 τί

293 4016 602 4088 ἄνθρωπος,
629 4018 720 4071 καὶ
755 4020 805 4071 τί
837 4020 897 4073 τὸ
932 4020 1173 4091 προάγον
1195 4021 1356 4073 αὑτὸν
1387 4024 1468 4084 εἰς
1514 4019 1718 4090 γνῶσιν
1777 4019 1872 4074 καὶ

294 4104 579 4159 εὐσέϐειαν
607 4107 764 4172 Θεοῦ,
787 4110 871 4173 τίς
902 4126 962 4163 τε
987 4111 1020 4181 ἠ
1050 4109 1189 4164 κατά
1232 4110 1295 4163 τὸ
1329 4111 1741 4182 προηγούμενον
1774 4112 1871 4165 ἀν-

294 4197 518 4269 θρώπου
551 4200 685 4272 ζωή.
730 4201 1043 4273 Διελόμενος
1087 4203 1221 4274 δῆτα
1259 4203 1350 4256 τὸν
1395 4205 1524 4275 περί⁸
1563 4203 1740 4275 ψυχῆς
1780 4204 1875 4257 καὶ

295 4286 551 4358 σώματος
598 4290 775 4360 λόγον,
834 4296 892 4348 ὲν
942 4292 1086 4363 ψυχῇ
1127 4294 1227 4363 μὲν
1256 4291 1498 4365 ὁρίζεται
1547 4294 1640 4348 τὸν
1696 4294 1871 4364 ἀληθῆ

1986 3115 2109 3155 rum
2139 3100 2447 3155 futurarum
2492 3100 2769 3164 exhibere,
2797 3106 3067 3170 tempora,
3095 3099 3237 3167 dies,
3274 3115 3559 3170 annuosque

1978 3189 2314 3260 distinguere
2336 3191 2620 3260 jubentur,
2650 3197 2965 3246 constanter
2990 3190 3368 3259 obtemperant
3394 3209 3409 3245 :
3434 3192 3560 3260 qui-

1979 3296 2103 3334 nam
2154 3281 2252 3335 tibi
2295 3297 2459 3351 porro
2506 3282 2721 3337 divinas
2779 3281 2926 3349 leges
2955 3281 3180 3336 violanti
3210 3290 3457 3351 receptus
3488 3282 3556 3337 ad

1980 3369 2192 3424 veniam
2242 3386 2529 3440 superesse
2576 3372 2787 3443 possit?
2832 3371 2959 3427 Haec
3011 3387 3114 3428 nos
3166 3371 3410 3442 profecto
3452 3374 3555 3427 viri

1978 3464 2272 3534 singularis
2318 3466 2373 3520 in
2420 3466 2665 3521 docendo
2694 3466 3001 3521 rudimenta
3046 3475 3329 3537 ceperunt,
3354 3482 3419 3521 ac
3445 3483 3559 3522 sua:

1978 3570 2081 3610 nos
2102 3571 2226 3611 cum
2258 3555 2352 3611 Dei
2386 3558 2611 3623 notitiae,
2646 3552 2759 3611 tdm
2801 3560 2964 3612 etiam
2998 3558 3212 3627 pietatis
3247 3570 3302 3613 et
3333 3558 3555 3629 religio-

1979 3644 2065 3699 nis
2109 3645 2458 3702 aemulatores
2484 3646 2779 3700 eﬂ'eceruut
2805 3666 2818 3701 :
2862 3647 3006 3716 quod
3038 3647 3179 3716 apud
3207 3656 3554 3716 czeterorum,

1977 3738 2045 3793 de
2089 3736 2289 3808 quibus
2342 3748 2469 3794 ante
2512 3739 2774 3804 diximus,
2810 3739 3137 3810 populorum
3168 3740 3448 3810 theologos
3476 3741 3555 3796 si~

1976 3835 2105 3889 mile
2158 3834 2295 3889 nihil
2350 3851 2581 3905 usquam
2632 3844 2963 3890 occurreret.
2995 3833 3142 3891 Idem
3185 3851 3367 3906 porro,
3388 3836 3555 3906 jactis

1977 3924 2244 3993 ejusmodi
2300 3925 2584 3996 theologia:
2615 3924 3003 3993 iundamentis,
3042 3926 3109 3981 ad
3144 3930 3372 3980 alterum
3405 3927 3558 3980 dein-

1977 4032 2105 4086 ceps
2155 4018 2420 4075 doctrina:
2464 4028 2649 4089 caput,
2681 4018 2923 4089 illudque
2971 4034 3097 4074 cum
3147 4029 3343 4073 natura
3390 4018 3555 4073 simul

1981 4110 2435 4181 philos0phiaque
2477 4111 2830 4180 conjunctum
2877 4111 3243 4182 progreditur.
3277 4109 3410 4164 Nam
3458 4110 3554 4165 Dei

1979 4201 2150 4256 semel
2197 4202 2531 4271 cognitione,
2561 4211 2727 4271 atque
2758 4202 3002 4257 universi
3046 4202 3253 4257 fabrica
3279 4210 3334 4257 et
3364 4203 3553 4258 mode-

1977 4294 2189 4349 ratione
2216 4294 2533 4359 constitnta,
2558 4295 2624 4348 ad
2652 4294 2703 4347 id
2727 4294 2873 4364 quod
2906 4302 3101 4348 natura
3122 4295 3421 4348 secundum
3448 4303 3552 4360 est,

293 4373 601 4445 ἄνθρωπον,
627 4380 820 4449 νοερᾶς
842 4380 1045 4445 οὐσίας,
1074 4382 1164 4434 καὶ
1186 4383 1498 4451 ἀσωμάτου,
1531 4384 1625 4437 καὶ
1653 4383 1874 4454 λογικῆς

1983 4387 2169 4442 ordine
2196 4401 2329 4442 sane
2356 4385 2643 4441 delabitur.
2679 4384 2755 4439 Ea
2802 4401 2933 4440 vero
2955 4395 3148 4439 natura
3182 4385 3421 4439 hominis
3448 4395 3549 4450 est,

297 4466 549 4538 μέτοχον,
583 4468 658 4532 ὡς
686 4468 750 4521 ἂν
775 4472 891 4523 κατ’
928 4472 1111 4525 εἰκόνα
1140 4472 1273 4529 Θεοῦ
1307 4473 1836 4545 δεδημιουργημένον
1859 4492 1870 4504 ·

295 4561 459 4633 σῶμα
498 4562 555 4615 δὲ
600 4562 800 4632 γεῶδες
843 4559 981 4616 εἶναι
1010 4562 1322 4634 περίϐλημα
1345 4565 1522 4634 ψυχῆς
1542 4580 1556 4593 ·
1584 4565 1765 4636 τρίτον
1819 4564 1877 4618 δὲ

290 4653 507 4717 τούτοις
545 4653 866 4727 προστίθησι
889 4693 903 4715 ,
935 4654 1102 4724 πνοὴν
1125 4655 1269 4725 ζωῆς
1302 4655 1565 4725 ἑνωτικήν
1607 4671 1748 4718 τινα,
1786 4656 1879 4709 καὶ

289 4740 391 4795 τοῦ
418 4743 527 4795 ἀπὸ
547 4743 649 4813 γῆς
670 4742 963 4815 ληφθέντος
992 4743 1071 4814 τῷ
1101 4743 1220 4797 κατ’
1263 4743 1446 4797 εἰκόνα
1477 4743 1610 4796 Θεοῦ
1652 4762 1880 4815 πεποιη-

291 4833 467 4907 μένῳ,
493 4834 827 4907 συναπτικὴν
850 4833 1099 4905 δύναμιν.
1131 4833 1243 4888 Καὶ
1282 4835 1382 4905 τὴν
1428 4834 1650 4909 πρώτην
1681 4852 1744 4904 γε
1777 4836 1871 4888 τοῦ

287 4927 621 4997 δηλουμένου
655 4926 849 4997 ἀνδρὸς
880 4926 1162 4998 διατριϐὴν
1206 4928 1264 4979 ὲν
1306 4926 1690 4998 τρισμακαρὰρ
1738 4924 1871 4980 Θεοῦ

290 5019 610 5092 παραδείσῳ
663 5018 946 5073 ἀθανάτων
977 5019 1072 5072 καὶ
1101 5019 1334 5072 αἰωνίων
1381 5016 1598 5087 ἀγαθῶν
1650 5018 1872 5095 ἔμπλεῳ

290 5111 575 5181 γεγονέναι
604 5112 828 5183 ἱστορεῖ.
856 5111 1025 5182 Νόμῳ
1048 5110 1105 5163 δὲ
1133 5110 1268 5163 Θεοῦ
1312 5111 1407 5164 καὶ
1443 5110 1630 5164 τοῦτον
1670 5111 1871 5182 ὁμοίως

286 5208 405 5271 τοῖς
432 5203 612 5269 ἄλλοις
640 5204 698 5255 ὲν
729 5202 925 5274 ἀρχαῖς
953 5202 1047 5255 τοῦ
1107 5202 1308 5265 παντὸς
1350 5202 1721 5272 ὑποϐληθέντα
1741 5244 1755 5268 ,
1802 5204 1871 5257 δι’

289 5295 647 5368 ἀπροσεξίαν,
701 5296 795 5349 καὶ
838 5294 939 5365 τῆς
969 5293 1118 5358 θείας
1164 5293 1384 5364 ἐντολῆς
1424 5294 1733 5369 παράϐασιν
1774 5296 1872 5367 τῆς

286 5389 620 5461 τριποθήτου
647 5388 971 5461 στερηθῆναι
1010 5386 1172 5458 ζωῆς.
1213 5386 1400 5442 Ταῦτά
1428 5406 1510 5441 τοι
1554 5391 1583 5441 ὁ
1632 5391 1871 5461 Μωῦσῆς

289 5482 355 5535 ιν
394 5480 699 5551 προοιμίοις
725 5479 833 5533 τῶν
866 5480 1025 5551 ἰερῶν
1053 5480 1232 5550 νόμων
1263 5479 1559 5549 φιλοσοφεῖ,
1593 5498 1848 5553 μονονουχ

370 5572 414 5603 ⁸⁷
446 5572 580 5626 Gen.
612 5588 668 5634 ι,
700 5571 784 5625 Η.
861 5572 908 5603 ⁸³
940 5572 1071 5626 ibid.
1097 5572 1187 5627 28.
1846 5598 1851 5604 ι

374 5674 399 5701 ⁸
417 5666 485 5720 Ic
539 5671 632 5734 μή.

1980 4481 2127 4551 quod
2151 4479 2447 4536 secundum
2480 4478 2626 4555 illam
2661 4477 2755 4531 Dei
2781 4478 3053 4541 notitiam,
3080 4492 3139 4532 se
3165 4478 3342 4548 ipsum
3368 4478 3553 4547 utique

1979 4587 2142 4628 nosse
2173 4571 2339 4626 homo
2371 4569 2583 4625 debeat.
2604 4568 2791 4640 Itaque
2817 4568 2977 4623 docet
3006 4569 3097 4624 ille
3126 4569 3552 4637 continuo,quid

1979 4663 2144 4717 homo
2169 4662 2260 4730 sit,
2291 4662 2492 4734 quibus
2538 4661 2655 4732 ipse
2708 4661 3001 4716 momentis
3046 4662 3115 4715 ad
3158 4661 3406 4715 notitiam
3438 4661 3553 4715 cul-

1979 4762 2205 4824 tumque
2269 4753 2516 4810 divinum
2567 4754 2903 4818 adducatur,
2945 4753 3402 4824 quemadmodum
3455 4768 3552 4822 pro

1980 4847 2153 4917 partis
2177 4847 2260 4903 sui
2290 4848 2577 4918 praecipuae
2601 4847 2913 4903 conditione
2941 4846 3107 4900 vitam
3135 4846 3421 4901 instituere
3453 4845 3549 4900 de-

1979 4939 2123 4997 beat.
2154 4939 2365 5011 Quippe
2416 4940 2586 4995 animi
2637 4939 2783 4994 enim
2833 4939 3189 5008 corporisque
3234 4936 3551 4992 discrimine

1979 5031 2298 5097 constituto,
2332 5032 2516 5086 animo
2556 5040 2717 5086 tenus
2764 5046 2951 5086 verum
2979 5030 3142 5102 316
3171 5031 3323 5085 illum
3363 5030 3544 5085 homi-

1978 5135 2127 5184 nem,
2154 5119 2248 5190 qui
2282 5119 2603 5190 spiritalem,
2644 5118 3045 5189 incorpoream,
3069 5127 3123 5171 et
3159 5119 3371 5172 ratione
3408 5131 3548 5187 prae-

1979 5212 2148 5266 ditam
2192 5221 2445 5267 naturam
2490 5211 2719 5267 sortitus
2764 5217 2871 5275 est,
2895 5208 3260 5265 deﬁniendum
3294 5207 3547 5277 putavit;

1979 5303 2125 5374 quod
2179 5304 2226 5359 is
2272 5303 2615 5374 potissimum
2663 5302 2861 5359 divina:
2886 5300 2954 5355 ad
2987 5299 3241 5369 imaginis
3268 5299 3548 5369 exemplar

1978 5411 2271 5465 expressus
2324 5405 2380 5452 et
2430 5396 2803 5451 conformatus
2850 5399 3019 5449 esset.
3075 5391 3289 5461 Corpus
3340 5398 3545 5454 autem,

1979 5487 2125 5543 aliud
2161 5487 2317 5554 nihil,
2351 5503 2516 5559 quam
2568 5488 2734 5546 animi
2784 5493 3040 5541 terrestre
3089 5481 3361 5556 quoddam
3389 5480 3551 5539 indu-
3586 5512 3595 5523 ι
