3856 6224
305 184 414 241 835

971 182 1059 238 EU
1071 179 1252 237 SEBll‘
1277 178 1758 236 CAESARIENSIS
1790 178 1900 236 0P]

2002 180 2166 237 PARS
2202 180 2268 235 ιι.
2306 209 2376 219 -
2416 149 2952 232 ΑΡοεοαετιαεέ

307 317 554 364 ruentum
593 319 657 359 ac
693 302 1031 359 demicilium
1078 318 1200 359 esse
1249 303 1457 358 statuit.
1493 300 1630 357 Tum
1665 304 1884 373 utrique

2002 302 2385 375 προκηρύττων
2421 301 2495 372 μὴ
2531 299 2870 370 παραμελεῖν
2892 297 2992 368 τῆς
3022 295 3228 362 οἰκείας
3265 296 3443 363 ἀξίας,
3478 298 3573 353 καὶ

307 398 532 453 tertium
586 395 739 466 quid,
768 395 1008 459 vitalem,
1034 396 1276 465 inquam,
1304 393 1555 463 spiritum
1607 395 1881 462 adjunxit,

315 492 425 547 hoc
448 500 532 545 est
563 490 673 543 vim
706 488 1035 559 singularem
1088 501 1152 541 ac
1203 486 1502 556 propriam,
1530 502 1652 556 qua:
1677 496 1886 556 partem

315 600 381 637 ex
407 594 552 638 terra
581 589 915 645 concretam,
945 595 1070 634 cum
1100 579 1269 633 altera
1297 579 1536 633 divinam
1581 580 1648 633 ad
1693 579 1888 634 simili-

311 675 556 731 tudinem
590 681 875 744 procreata
905 673 1089 727 nativo
1113 673 1351 743 quodam
1374 672 1597 727 vinculo
1630 673 1887 731 sociaret.

312 763 585 820 Caeterum
612 765 840 833 primam
873 762 1047 817 eidem
1083 763 1292 817 homini
1323 763 1505 818 sedem
1536 763 1589 816 iu
1619 764 1775 817 horto
1795 761 1890 818 Dei

313 854 657 917 felicissimo,
694 864 749 909 et
774 856 1176 910 immortalibus
1208 870 1272 910 ac
1310 856 1658 924 sempiternis
1694 856 1891 925 opibus

315 946 628 1002 abundante
652 949 883 1015 positam
909 957 954 1000 et
982 948 1300 1001 collocatam
1319 961 1440 1001 esse
1470 955 1887 1012 commemorat;

314 1037 494 1106 lapsum
529 1052 680 1104 vero,
717 1053 839 1091 cum
871 1038 1060 1093 eadem
1091 1038 1209 1107 ipso
1238 1037 1420 1092 statim
1453 1038 1631 1103 initio,
1664 1052 1771 1106 qua
1803 1052 1891 1090 re-

314 1127 465 1197 liqua
493 1143 720 1197 prorsus
753 1128 1135 1189 omniaulivini
1167 1126 1419 1182 Numinis
1445 1128 1561 1197 lege
1594 1136 1889 1193 teneretur,

317 1233 419 1274 sua
457 1220 632 1289 ipsius
658 1222 898 1283 vesania,
925 1220 1235 1289 violataque
1281 1220 1415 1273 tanti
1464 1220 1609 1291 regis
1641 1220 1891 1289 imperio,

275 1358 278 1360 η
316 1319 429 1368 tam
458 1312 772 1381 expetendae
796 1311 920 1365 vitae
956 1310 1136 1365 fructu
1167 1309 1453 1365 infeliciter
1479 1311 1766 1367 excidisse.
1800 1311 1894 1365 At-

316 1419 426 1473 que
453 1403 544 1458 illa
579 1413 708 1458 sunt
741 1419 862 1472 qua:
893 1403 1260 1472 persapienter
1286 1419 1317 1458 a
1346 1403 1526 1474 Moyse
1567 1403 1621 1457 in
1661 1404 1777 1471 ipsa
1824 1403 1896 1457 le-

319 1509 449 1564 gum
499 1494 968 1549 sanctissimarum
1020 1491 1199 1547 fronte
1229 1503 1530 1563 ponuntur,
1563 1494 1765 1563 quibus
1794 1506 1893 1547 no-

322 1588 409 1643 bis
456 1601 626 1657 prope
670 1585 976 1649 denuntiat,
1005 1584 1083 1638 uti
1115 1601 1183 1640 ne
1220 1587 1495 1655 prOpriam
1543 1586 1893 1655 nativamque

319 1680 661 1749 dignitatem,
688 1678 1125 1748 impressamque
1155 1677 1312 1732 nobis
1341 1677 1511 1732 divini
1537 1676 1791 1732 Numinis
1822 1678 1900 1732 si—
1927 1653 1970 1707 Β

318 1768 683 1824 militudinem
729 1769 964 1838 turpiter
1003 1769 1364 1839 negligamus,
1396 1786 1522 1824 cum
1557 1770 1648 1824 illa
1678 1785 1900 1841 quoque

320 1858 489 1915 animi
514 1858 676 1915 nobis
702 1859 1166 1914 immortalitatem
1205 1861 1531 1915 conciliarit.
1560 1860 1725 1916 Nefas
1752 1863 1899 1917 enim

321 1967 444 2007 esse
474 1950 739 2021 profecto,
773 1950 920 2019 regis
969 1949 1263 2019 imaginem
1316 1952 1522 2006 aboleri
1553 1970 1567 2007 :
1606 1968 1670 2007 ac
1697 1953 1901 2022 princi-

319 2061 445 2116 pem
472 2044 692 2115 quidem
720 2057 1016 2111 veramque
1061 2043 1156 2097 Dei
1204 2046 1559 2114 prazpotcntis
1606 2046 1898 2112 imaginem

328 2134 563 2191 Verbum
589 2134 710 2205 ejus
741 2149 885 2201 esse,
920 2136 1065 2206 quod
1095 2136 1210 2205 ipsa
1239 2151 1334 2205 per
1367 2152 1488 2191 sese
1518 2137 1904 2206 sapientia,vi-

320 2236 400 2295 ιιι,
433 2228 549 2293 lux,
582 2235 638 2282 et
668 2228 871 2283 veritas
915 2235 1019 2292 est,
1062 2235 1115 2281 et
1145 2228 1409 2297 quidquid
1437 2229 1662 2283 omnino
1686 2230 1900 2299 pulchri

323 2318 562 2390 bonique
589 2319 816 2389 cogitari
853 2319 1028 2389 possit
1065 2339 1078 2375 :
1114 2327 1171 2373 at
1209 2320 1465 2391 imaginis
1500 2321 1666 2390 hujus
1713 2320 1903 2392 imagi-

322 2427 449 2469 nem
505 2412 761 2468 humanae
806 2413 977 2467 menti
1010 2413 1323 2479 convenire,
1355 2428 1478 2483 quae
1505 2423 1791 2484 propterea
1821 2415 1905 2470 di-

325 2503 509 2559 vinam
552 2504 618 2559 ad
652 2504 1065 2560 similitudinem
1099 2520 1360 2574 expressa
1410 2506 1654 2559 omnium
1689 2505 1907 2562 confes-

324 2596 483 2651 sione
531 2596 880 2666 praadicatur.
907 2595 1118 2662 Quibus
1171 2596 1263 2651 ille
1309 2597 1628 2652 notionibus
1653 2612 1748 2652 eos
1778 2608 1906 2653 ante

325 2688 515 2742 omnia
547 2686 927 2745 informandos
949 2689 1179 2759 putavit,
1208 2704 1349 2760 quos
1383 2690 1553 2745 sacris
1583 2690 1795 2759 legibus
1817 2691 1905 2744 in-

328 2780 558 2837 stituere
609 2781 866 2852 cupiebat
903 2799 917 2835 :
953 2781 1053 2845 uti,
1089 2781 1218 2836 dum
1254 2780 1385 2851 quid
1433 2781 1487 2835 in
1534 2796 1657 2837 sese
1683 2797 1908 2836 concre-

327 2880 444 2927 tum
477 2886 543 2926 ex
568 2883 734 2936 terra,
768 2871 934 2942 inque
964 2879 1165 2926 terram
1190 2871 1369 2926 denuo
1393 2857 1799 2927 dissolvendum
1821 2887 1907 2927 es-

1988 391 2056 468 ἦς
2094 395 2359 465 ἐτύχομεν
2381 392 2519 462 πρὸς
2546 391 2609 444 τὸ
2645 390 2800 444 Θεῖον
2824 387 3235 460 ἀφομοιώσεως,
3268 388 3329 455 ἐξ
3359 384 3428 461 ἧς
3444 391 3574 461 ἡμῖν

1989 488 2086 542 καὶ
2106 486 2167 540 τὸ
2186 485 2453 539 ἀθάνατον
2476 484 2578 552 τῆς
2598 482 2775 553 ψυχῆς
2793 480 3340 554 προσκεκληρῶσθαι.
3364 481 3456 554 Μὴ
3467 482 3573 556 γὰρ

1989 579 2053 650 δὴ
2082 578 2302 649 θεμιτὸν
2330 573 2469 631 εἶναι
2495 575 2757 645 βασιλέως
2778 573 3136 642 ἀφανίζεσθαι
3180 574 3363 628 εἰκόνα
3382 591 3396 605 ο
3436 571 3574 631 εἶναι

1990 672 2047 725 δέ
2076 671 2383 744 ἀρχέτυπον
2430 670 2527 724 καὶ
2554 668 2729 738 ἀληθῆ
2762 667 2856 733 τοῦ
2886 667 3021 721 Θεοῦ
3052 668 3162 723 τῶν
3188 667 3324 721 ὅλων
3370 668 3575 733 εἰκόνα,

1990 765 2082 818 τὸν
2103 762 2271 818 αὐτοῦ
2298 762 2491 830 Λόγον,
2512 761 2840 829 αύτοσοφίαν
2883 760 3220 830 τυγχάνοντα
3242 800 3256 825 ,
3281 758 3377 813 καὶ
3420 760 3575 813 αὐτο·

1994 852 2161 924 ζωὴν,
2208 852 2302 906 καὶ
2342 851 2457 921 φῶς
2479 891 2493 916 ,
2522 852 2616 905 καὶ
2645 851 2901 922 ἀλήθειαν
2925 894 2939 917 ,
2970 854 3064 905 καὶ
3114 851 3171 904 εί
3197 869 3250 905 τι
3295 851 3457 905 καλὸν
3486 852 3573 905 καὶ

1994 946 2194 1015 ἀγαθόν
2234 963 2317 1009 τις
2359 946 2698 1016 ἐπινοήσειεν
2718 961 2734 975 ’
2767 946 2951 999 εἰκόνα
2981 945 3038 998 δὲ
3067 944 3312 1009 εἰκόνος,
3357 944 3448 997 τὸν
3483 944 3575 999 ἀν·

1994 1036 2263 1109 θρώπειον
2297 1036 2440 1102 νοῦν,
2475 1037 2605 1107 παρ’
2633 1036 2661 1089 ὃ
2687 1038 2781 1090 καὶ
2812 1039 2932 1090 κατ’
2976 1038 3159 1091 εἰκόνα
3197 1037 3330 1091 Θεοῦ
3357 1035 3577 1105 γεγονέ-

1994 1147 2080 1184 ναι
2109 1129 2544 1200 ἀνωμολόγηται.
2593 1129 2886 1195 Ἀναγκαῖα
2935 1128 2990 1182 δὲ
3035 1127 3207 1182 ταῦτα
3250 1125 3391 1182 εἶναι
3442 1127 3593 1199 ᾤετο-

1995 1222 2451 1294 προπαιδεύεσθαι
2512 1223 2639 1285 τοὺς
2675 1221 2965 1291 μέλλοντας
3011 1221 3178 1290 ἱεροῖς
3223 1220 3579 1292 προσανέχειν

1994 1317 2200 1388 νόμοις,
2229 1313 2588 1386 μνημονεύειν
2616 1330 2696 1378 τε,
2724 1313 2778 1365 τί
2802 1314 2861 1366 τὸ
2891 1302 2999 1365 ἀπὸ
3015 1314 3119 1383 γῆς
3143 1312 3346 1382 ληφθὲν
3373 1314 3583 1379 αὐτοῖς,

1995 1408 2090 1463 καὶ
2120 1409 2201 1471 εἰς
2226 1407 2331 1478 γῆν
2355 1402 2512 1470 αὖθις
2533 1404 3029 1476 ἀναλυθησόμενον,
3060 1405 3155 1457 καὶ
3180 1404 3235 1458 τί
3266 1403 3328 1458 τὸ
3362 1407 3420 1458 ἐν
3449 1406 3583 1476 ἡμῖν

1995 1503 2245 1572 κρεῖττον
2287 1500 2381 1552 καὶ
2420 1498 2538 1569 Θεῷ
2587 1498 2844 1569 ἐμφερὲς,
2873 1499 3022 1561 ὅπως
3052 1515 3113 1551 τε
3151 1498 3289 1569 χρῆν
3334 1497 3582 1568 ἐκατέρῳ

1996 1592 2105 1647 τῶν
2131 1591 2436 1665 εἰρημένων
2473 1590 2897 1663 προσφέρεσθαι,
2953 1590 3087 1661 μηδέ
3139 1588 3444 1659 ἐνυϐρίζειν
3488 1587 3583 1646 καὶ

2000 1685 2217 1738 ἀσεϐεῖν
2246 1685 2327 1748 εἰς
2349 1682 2440 1737 τὸν
2463 1684 2583 1737 κατ’
2612 1682 2796 1736 εἰκόνα
2828 1680 2921 1735 τοῦ
2949 1680 3084 1735 Θεοῦ
3112 1681 3418 1754 ἄνθρωπον,
3449 1677 3593 1752 μηδὲ

2000 1793 2065 1845 γε
2107 1775 2268 1829 αὑτὸν
2311 1773 2596 1845 ῥυπαίνειν
2648 1776 2899 1845 αἰσχραῖς
2933 1773 3029 1827 καὶ
3066 1772 3404 1844 παρανόμοις
3443 1769 3583 1842 πρό-

2001 1867 2139 1934 ξεσι,
2164 1866 2349 1938 φέρειν
2380 1866 2437 1918 δέ
2468 1864 2755 1928 διαπαντὸς
2775 1865 2875 1934 τῆς
2902 1863 3125 1936 πρώτης
3157 1864 3253 1917 καὶ⁸
3281 1878 3585 1934 τρισμακω-

2006 1958 2126 2030 ρίας
2156 1958 2370 2029 ἐκείνης
2392 1956 2677 2029 διατριϐῆς
2704 1974 2764 2009 τε
2813 1957 2906 2010 καὶ
2942 1955 3090 2027 ζωῆς
3124 1956 3214 2008 τὸν
3249 1955 3445 2020 πόθον,
3491 1953 3587 2008 καὶ

2004 2048 2254 2103 σπεύδειν
2277 2048 2684 2120 παλινδρομεῖν,
2712 2047 2876 2119 εὐχήν
2905 2046 3260 2117 ποιουμένους
3302 2045 3405 2116 τῆς
3431 2043 3583 2117 πρώ-

2001 2158 2101 2212 της
2131 2142 2227 2195 καὶ
2282 2141 2682 2212 τρισμακαρίου
2736 2141 2881 2211 ζωῆς
2904 2157 2965 2193 τε
3014 2139 3109 2192 καὶ
3153 2138 3308 2203 ἀξίας
3362 2140 3584 2209 τυχεῖν

2002 2232 2139 2286 ἀλλὰ
2154 2231 2249 2285 καὶ
2269 2230 2786 2303 παρασκευάζεσθαι
2807 2230 3017 2283 ἐνθένδε
3037 2231 3139 2302 ήδη
3167 2229 3259 2282 ἐπὶ
3279 2230 3377 2300 τὴν
3407 2230 3595 2282 ἐκεῖσε

2004 2323 2331 2393 ἀποδημίαν,
2360 2324 2443 2376 ὅτι
2473 2322 2607 2394 μηδέ
2635 2322 2810 2384 ἄλλως
2835 2321 3060 2375 δυνατὸν
3093 2320 3360 2392 βεϐήλοις,
3385 2320 3482 2373 καὶ
3511 2318 3587 2391 μὴ

2005 2413 2471 2485 κεκαθαρμένοις,
2526 2412 2635 2466 τῶν
2680 2412 2842 2485 ἱερῶν
2886 2412 3110 2466 ἐκείνων
3148 2411 3478 2475 ἐπιϐαίνειν,
3513 2404 3590 2466 ὧν

2005 2508 2102 2560 καὶ
2135 2508 2164 2559 ό
2190 2506 2407 2577 πρῶτος
2450 2506 2517 2559 δι’
2549 2505 2937 2577 ἀπροσεξίαν,’
2977 2504 3128 2568 θείας
3167 2505 3593 2574 καταφρονήσας

2006 2595 2244 2665 ἐντολῆς,
2277 2595 2694 2649 ἀποπέπτωκεν.
2761 2596 2885 2650 Ἐπὶ
2931 2594 3141 2658 τούτοις
3194 2597 3224 2649 ό
3266 2596 3594 2668 ἱεροφάντης

2006 2684 2364 2757 προστίθησιν
2392 2685 2518 2751 ἄλλο
2546 2685 3009 2741 συνεκτικώτατον
3040 2687 3217 2758 δόγμα
3237 2726 3252 2751 ,
3300 2685 3373 2758 μὴ
3416 2687 3604 2757 ἀμφι-

2007 2767 2488 2843 γνοεῖνἮιδάσκων,
2519 2776 2601 2828 ὅτι
2631 2775 2696 2847 δὴ
2730 2776 2961 2846 πάρεστί
2996 2793 3079 2839 τις
3115 2777 3331 2848 ἑκάστῳ
3355 2776 3594 2848 πονηρὸς

2008 2866 2216 2938 δαίμων
2250 2866 2471 2938 ἔφεδρος
2491 2906 2506 2930 ,
2556 2867 2825 2937 βάσκανος
2870 2868 2963 2922 καί
3023 2868 3331 2940 μισόκαλος,
3368 2869 3464 2923 καὶ
3494 2869 3599 2939 τῆς

330 2970 435 3028 set,
464 2963 595 3033 quid
625 2963 752 3018 item
781 2963 1135 3018 excellentius
1171 2963 1392 3033 Deoque
1423 2964 1602 3019 simile
1626 2965 1900 3021 meminis-

2012 2957 2315 3029 ἀνθρώπων
2339 2958 2579 3030 ἀρχῆθεν
2608 2960 2893 3024 ἐπίϐουλος
2917 2961 3211 3032 σωτηρίας.
3237 2960 3515 3031 Δράκοντα
3537 2958 3597 3013 δὲ

328 3063 471 3120 sent,
504 3055 812 3125 cogitarent
840 3054 944 3124 ipsi
974 3069 1213 3124 quoque,
1247 3056 1710 3124 quemadmodum
1758 3066 1908 3112 utra-

330 3160 437 3216 que
473 3154 628 3215 parte
666 3146 747 3199 uti
794 3153 1088 3215 oporteret,
1120 3145 1365 3215 adeoque
1412 3156 1732 3215 statuerent,
1758 3150 1909 3205 nullo

330 3237 435 3293 sibi
463 3238 549 3291 vel
584 3236 798 3306 injuria:
837 3237 922 3291 vel
952 3236 1245 3305 impietatis
1272 3254 1487 3308 genere,
1517 3241 1780 3297 adversus
1810 3243 1909 3296 ho-

333 3327 538 3383 minem
600 3327 777 3393 illum,
811 3328 905 3398 qui
967 3328 1208 3383 divinam
1264 3330 1544 3399 prazferret
1592 3330 1907 3400 imaginem,

332 3436 456 3478 esse
478 3423 835 3492 peccandum,
854 3423 1004 3479 nulla
1032 3438 1156 3479 eum
1191 3424 1576 3491 obscenorum,
1612 3425 1759 3478 nulla
1789 3440 1909 3480 sce-

333 3513 635 3568 leratorum
681 3513 990 3571 facinorum
1039 3518 1361 3588 contagione
1410 3515 1723 3571 foedandum
1760 3536 1773 3571 :
1812 3516 1907 3572 sed

336 3606 520 3675 potius
551 3607 850 3663 ardendum
885 3609 990 3664 sibi
1014 3625 1136 3665 esse
1162 3620 1427 3680 perpetuo
1459 3619 1540 3664 ter
1573 3610 1719 3665 illius
1743 3611 1912 3665 beatae

339 3695 487 3752 sedis
535 3699 770 3768 vitaeque
815 3700 1110 3767 desiderio,
1146 3711 1421 3773 tantaeque
1447 3703 1726 3771 dignitatis
1752 3719 1912 3759 recu-

333 3790 590 3860 peranda:
641 3791 844 3857 studio,
894 3802 1129 3864 votoque
1180 3794 1495 3859 stimulatis,
1549 3795 1614 3849 ad
1664 3795 1912 3849 eamdem

336 3883 484 3937 omni
516 3899 708 3938 rursus
739 3885 1087 3940 contentione
1115 3886 1517 3955 properandum
1553 3903 1566 3939 :
1598 3886 1711 3939 imo
1746 3901 1914 3955 agen-

2012 3052 2203 3107 τοῦτον
2234 3054 2329 3107 καὶ
2359 3053 2483 3123 ὅφιν
2510 3054 2790 3125 ὀνομάζει,
2822 3055 3026 3125 μέλανά
3045 3072 3105 3108 τε
3139 3057 3235 3109 xui.
3264 3056 3490 3119 σκότους
3513 3056 3597 3109 οἰ-

2013 3150 2178 3211 κεῖον,
2215 3146 2294 3199 ἰοῦ
2323 3164 2383 3199 τε
2412 3148 2506 3201 καὶ
2533 3148 2731 3211 κακίας
2766 3149 2949 3220 πλήρη
2967 3166 2981 3179 ’
3008 3149 3067 3203 ὃν
3096 3149 3191 3202 καί
3239 3165 3373 3220 φησι
3415 3147 3598 3219 φθόνῳ

2012 3239 2111 3309 τῆς
2160 3238 2434 3310 ἡμετέρας
2464 3238 2650 3293 ἐνθέου
2705 3239 2849 3312 ζωῆς
2887 3240 3263 3305 ὑποσκελίζειν
3295 3240 3464 3293 εἰσέτι
3501 3238 3599 3292 καὶ

1968 3350 1975 3356 -
2012 3330 2142 3395 νῦν,
2196 3332 2289 3385 καὶ
2318 3332 2613 3404 ὑποσύρειν
2654 3333 2884 3386 ἕκαστον
2915 3334 3023 3386 τῶν
3063 3333 3143 3404 τῷ
3207 3332 3327 3404 Θεῷ
3361 3349 3601 3404 προσαν-

2010 3424 2245 3494 εχόντων
2278 3424 2604 3494 πειρᾶσθαι·
2627 3425 2817 3479 τούτου
2838 3426 2882 3478 δ’
2900 3427 3083 3498 ἀπάτῃ
3110 3426 3204 3479 καὶ
3236 3427 3362 3490 τοὺς
3384 3425 3603 3497 προπά-

2012 3532 2177 3585 τορας
2205 3514 2363 3586 ἡμῶν
2393 3516 2487 3570 τοῦ
2518 3517 2711 3586 γένους
2750 3518 2849 3588 τῆς
2874 3518 3151 3590 θειοτέρας
3183 3517 3388 3589 λήξεως
3436 3519 3603 3571 ἐκπε-

2018 3611 2150 3661 σεῖν.
2181 3609 2274 3661 Διὸ
2298 3610 2393 3662 καὶ
2420 3611 2615 3680 χρῆναι
2639 3611 2926 3674 διαπαντὸς
2948 3610 3319 3682 ,ἐγρηγορέναι
3346 3609 3482 3681 πρὸς
3502 3608 3604 3672 τὰς

2016 3699 2109 3752 τοῦ
2138 3699 2472 3769 δηλωθέντος
2494 3702 2854 3773 κακοτέχνους
2888 3703 3263 3775 ῥᾳδιουργίας.
3291 3703 3399 3756 Καὶ
3424 3700 3476 3754 τί
3497 3699 3606 3772 χρὴ

2019 3794 2192 3847 ταῦτα
2220 3794 2658 3866 προσλαμϐάνειν
2690 3796 2826 3866 (75),
2854 3795 2971 3848 δέον
2998 3795 3099 3866 ῆδη
3130 3796 3260 3848 ποτέ
3286 3794 3380 3847 καὶ
3421 3792 3480 3859 ἐξ
3508 3792 3605 3845 αὐ-

2021 3885 2129 3940 τῶν
2154 3886 2264 3939 τῶν
2303 3886 2596 3958 ἐγγράφων
2623 3887 2828 3940 ἕκαστα
2851 3886 3077 3939 διελθεῖν
3099 3886 3206 3941 τῶν
3242 3882 3604 3956 διηγορευμέ-

338 3975 471 4030 dum
506 3977 611 4030 sibi
659 3993 781 4033 esse
825 3976 1095 4048 profecto,
1134 3978 1214 4032 uti
1244 3993 1303 4033 se
1323 3978 1435 4048 jam
1486 3979 1555 4032 ab
1598 3978 1762 4047 hujus
1793 3979 1900 4031 vita

2021 3997 2165 4046 νων;
2198 3980 2514 4052 ’Δρξώμεθα
2535 3980 2599 4051 δὴ
2627 3979 2843 4051 πρῶτον
2858 3978 2966 4031 ἀπὸ
2997 3977 3155 4043 Θεοῦ,
3201 3976 3396 4046 βοηθὸν
3437 3972 3603 4028 αὐτὸν

339 4068 672 4132 carceribus,
700 4069 766 4123 ad
800 4070 1024 4124 alterius
1057 4078 1258 4124 metam
1290 4071 1658 4139 attingendam
1695 4085 1900 4139 compa-

2023 4074 2080 4126 ἐν
2101 4071 2339 4144 πρώτοις
2378 4072 2467 4126 διὰ
2501 4072 2593 4125 τοῦ
2629 4072 2879 4142 Σωτῆρος
2924 4068 3080 4142 ἡμῶν
3126 4067 3598 4138 ἐπικαλεσάμενοι.

338 4168 526 4213 rarent
549 4178 562 4213 :
587 4175 712 4214 cum
731 4161 971 4229 profanis
987 4170 1041 4214 et
1066 4162 1294 4231 impuris
1316 4163 1381 4217 ad
1400 4177 1463 4217 ea
1500 4163 1743 4218 sacraria
1782 4163 1965 4218 nullus
2001 4164 2203 4234 alioqui
2252 4173 2430 4233 pateat
2464 4165 2666 4226 aditus,
2692 4164 2834 4218 unde
2860 4163 3073 4233 generis
3106 4161 3328 4216 humani
3350 4159 3620 4230 princeps.
3690 4195 3707 4207 .

341 4254 416 4310 ob
443 4256 748 4325 neglectum
777 4257 939 4327 317
961 4259 1163 4311 summi
1203 4257 1454 4314 Numinis
1482 4259 1799 4312 mandatum
1826 4258 2137 4313 excidisset.
2165 4257 2369 4313 Deinde
2395 4274 2524 4313 vero
2547 4258 2765 4314 divinus
2789 4273 2970 4312 rerum
3004 4272 3283 4312 sacrarum
3314 4256 3618 4325 interpres,

345 4350 579 4406 alterum
606 4353 806 4406 summi
838 4367 1057 4423 quoque
1083 4352 1339 4422 ponderis
1363 4369 1428 4408 ac
1447 4353 1708 4408 momenti
1733 4353 1929 4425 dogma
1960 4353 2259 4423 subjungit,
2277 4354 2405 4407 dum
2427 4354 2479 4408 id
2510 4354 2653 4423 apud
2680 4369 2872 4407 omnes
2894 4360 3100 4407 certum
3125 4367 3246 4407 esse
3274 4351 3410 4417 vult,
3441 4365 3608 4405 suum

341 4442 552 4499 homini
593 4443 817 4499 cuilibet
864 4445 1082 4501 animm
1121 4447 1326 4501 haerere
1381 4461 1609 4516 pravum
1663 4449 1987 4511 daemonem,
2033 4448 2276 4501 invidum
2316 4448 2466 4501 illum
2519 4455 2685 4517 atque
2732 4446 3038 4502 honestatis
3078 4446 3257 4500 omnis
3298 4444 3609 4507 inimicum,

343 4546 624 4609 postremo
646 4537 945 4608 ejusmodi,
964 4539 1057 4609 qui
1088 4540 1202 4611 jam
1235 4554 1410 4609 usque
1441 4540 1509 4594 ab
1539 4539 1693 4594 initio
1720 4540 2003 4596 hominum
2033 4540 2192 4594 saluti
2224 4541 2450 4594 insidias
2474 4540 2751 4594 struxerit.
2779 4537 3081 4593 Draconem
3117 4532 3268 4592 illum
3291 4552 3356 4591 ac
3379 4550 3611 4604 serpen-

342 4642 456 4689 tem
503 4634 773 4703 nominat,
794 4635 1156 4705 eumdemque
1210 4645 1390 4689 atrum
1449 4642 1833 4703 amantemque
1879 4632 2252 4696 tenebrarum,
2283 4648 2493 4687 veneno
2522 4631 2685 4687 simul
2724 4642 2776 4686 et
2808 4632 3155 4701 improbitate
3185 4638 3481 4686 scatentem
3512 4628 3617 4683 de-

346 4726 537 4783 scribit
573 4743 586 4778 :
615 4727 822 4782 addens
857 4726 1105 4796 insuper,
1134 4727 1281 4797 quod
1308 4725 1551 4781 divinam
1585 4725 1736 4779 illam
1779 4725 1940 4780 nobis
1977 4725 2145 4778 vitam
2202 4723 2461 4788 invideat,
2516 4724 2621 4778 hoc
2668 4723 2817 4777 illum
2848 4724 3147 4777 etiamnum
3193 4735 3352 4792 agere
3399 4719 3615 4774 moliri-

345 4834 456 4890 que
514 4827 852 4885 constanter,
898 4827 958 4873 ut
998 4833 1094 4875 eos
1137 4833 1351 4885 omnes,
1400 4818 1495 4889 qui
1550 4819 1746 4874 divinae
1798 4833 1920 4874 sese
1977 4819 2282 4890 adjunguut
2329 4815 2618 4880 voluntati,
2672 4816 2982 4885 supplantet
3036 4825 3198 4884 atque
3249 4812 3487 4881 dejiciat.
3543 4811 3616 4865 Ει

348 4913 608 4986 quoniam
656 4913 826 4983 ipsius
854 4911 995 4967 dolis
1020 4927 1083 4968 ac
1109 4911 1413 4977 fraudibus,
1445 4914 1656 4982 generis
1685 4928 1904 4982 quoque
1941 4913 2119 4967 nostri
2171 4910 2445 4982 principes
2507 4909 2789 4965 divinioris
2835 4909 2980 4963 illius
3032 4908 3197 4963 sortis
3263 4909 3613 4963 communio-

350 5022 476 5065 nem
518 5007 821 5075 amiserint,
852 5023 972 5062 eam
1011 5008 1171 5063 nobis
1203 5008 1257 5061 in
1291 5024 1406 5063 rem
1438 5007 1773 5078 vigilandum
1809 5024 1931 5063 esse
1970 5016 2253 5079 perpetuo,
2305 5022 2374 5061 ne
2413 5005 2574 5060 malis
2611 5005 2817 5059 versuti
2857 5003 3029 5058 hostis
3058 5004 3266 5057 artibus
3288 5003 3610 5074 praestigiis-

352 5116 460 5171 que
488 5102 791 5170 capiamur.
826 5099 1026 5155 Verum
1079 5100 1212 5170 quid
1260 5101 1375 5155 haec
1423 5115 1755 5171 occupamus
1788 5100 1913 5168 ipsi,
1955 5114 2081 5154 cum
2130 5114 2194 5152 ea
2240 5098 2355 5168 jam
2401 5113 2430 5151 a
2487 5098 2650 5152 nobis
2681 5095 3145 5166 ipsismetdivinaa
3174 5093 3469 5164 Scriptura:
3489 5111 3614 5149 vcr-

354 5195 440 5250 bis
497 5195 756 5251 illustrari
813 5195 1183 5266 explicarique
1236 5196 1488 5266 praestet?
1540 5196 1751 5251 Rursus
1813 5209 1941 5264 ergo
1997 5209 2199 5248 novum
2265 5209 2297 5247 a
2355 5209 2572 5249 summo
2642 5191 2880 5249 Numine
2936 5190 3266 5263 principium
3320 5190 3612 5258 ducamus,

353 5291 585 5361 ejusque
621 5308 776 5363 opem
810 5301 864 5347 et
890 5293 1151 5348 auxilium
1183 5290 1490 5349 Servatoris
1520 5292 1692 5348 nostri
1739 5290 1960 5346 nomine
1991 5290 2371 5359 imploremus.

432 5472 545 5543 (75)
594 5479 1104 5548 Προσλαμϐάνειν.
1180 5477 1441 5545 Rectius,
1498 5476 1723 5550 opinor,
1765 5475 1900 5535 fueri

2002 5475 2385 5548 προλαμϐάνειν.
