3856 6224
127 340 235 398 53.,

641 451 1042 506 ΚΕΦΑΛᾹῙΟΝ
1076 448 1180 505 lA'.

1258 332 1579 388 PB£PAR.
1620 330 1869 389 EVANG.
1906 333 2036 390 LIB.
2080 333 2199 390 Ἧι.

1734 461 1775 516 Α

3284 328 3396 386 533

2406 445 2635 503 CAPUT
2681 444 2777 500 XI.

133 568 420 638 Ἐϐραίων
449 566 600 631 δόξα
624 566 755 635 περὶ
780 565 950 639 Θεοῦ,
991 564 1097 619 τοῦ
1127 564 1362 632 πρώτου
1391 564 1511 618 τῶν
1545 565 1692 620 ὅλων

1810 559 1952 625 Quid
1978 559 2188 614 Hebraei
2223 560 2286 614 de
2317 559 2449 627 Deo,
2475 560 2711 639 principe
2733 574 2905 612 rerum
2934 556 3168 611 omnium
3194 572 3385 623 causa,

806 638 1022 690 αἰτίου.
1044 674 1051 682 .

193 746 317 818 Τὴν-
335 746 433 817 μὲν
451 746 517 817 δὴ
538 745 638 815 τῆς
661 744 940 814 θεολογίας
963 746 1162 818 ἀρχὴν,
1187 744 1294 799 ἀπὸ
1313 746 1411 817 τῆς
1437 746 1545 800 τῶν
1565 746 1703 800 ὅλων

120 837 412 909 ποιητικῆς
437 853 495 889 τε
519 836 613 890 καὶ
658 835 1053 907 δημιουργικῆς
1086 835 1367 905 δυνάμεως
1404 835 1702 907 ἀρχόμενος

119 930 149 982 6
176 928 297 980 κατ’
339 927 535 990 αὖτοὺς
574 926 767 995 λόγος,
808 927 1138 998 παρίστησιν
1187 929 1248 980 οὐ
1302 926 1698 995 συλλογισμοῖς,

119 1020 238 1072 οὐδὲ
265 1018 690 1086 πιθανολογίαις,
721 1017 1196 1090 δογματικόπερον
1229 1017 1285 1071 δὲ
1316 1019 1409 1071 καὶ
1445 1017 1701 1071 διδασκα-

119 1110 433 1183 λικώτερον,
483 1110 786 1174 ὲπιθεὰζων
833 1110 910 1181 τῷ
955 1110 1097 1181 ἁγίῳ
1140 1092 1451 1180 [Ῐνεῦματιο
1501 1109 1590 1178 ὑφ’
1637 1101 1698 1161 οῦ

121 1203 578 1274 θεοφορούμενος,
628 1196 732 1256 ὧδέ
780 1221 897 1266 πως
940 1203 970 1254 6
1000 1203 1244 1272 Μωῡσῆς
1275 1201 1559 1273 ἀπήρξατο
1600 1201 1699 1273 τῆς

120 1292 446 1360 θεολογίαςκ
471 1294 560 1346 Ἐν
579 1294 720 1365 ἀρχῇ
754 1294 1007 1364 ἐποίησεν
1032 1296 1060 1347 6
1085 1294 1216 1356 Θεὸς
1242 1293 1335 1348 τὸν
1358 1295 1581 1365 οὐρανὸν
1605 1294 1699 1347 καὶ

118 1384 215 1455 τὴν
234 1383 362 1453 γῆν.
407 1403 427 1436 3
479 1380 612 1437 Εἷτὰ
650 1402 812 1455 φησιν
832 1401 845 1414 °
902 1403 921 1437 ι
955 1381 1123 1438 Εἶπεν
1155 1387 1184 1437 6
1212 1384 1377 1448 Θεὸς,
1411 1386 1699 1456 Γενηθήτω

118 1474 253 1541 φῶς,
286 1475 383 1529 καὶ
412 1475 630 1543 ἐγένετο
659 1475 793 1544 φῶς.
820 1496 838 1527 3
871 1477 982 1530 Kal
1012 1477 1172 1531 πάλιν
1194 1494 1207 1506 ’
1241 1495 1260 1529 ι
1290 1474 1455 1530 Εἶπεν
1484 1479 1513 1530 6
1540 1477 1695 1542 Θεὸς,

119 1562 407 1635 Γενηθήτω
474 1565 778 1637 στερέωμα,
836 1566 932 1619 καὶ
991 1566 1224 1635 ἐγένετο.
1278 1586 1297 1619 3
1344 1569 1454 1621 Kal
1502 1568 1692 1621 πάλινο

122 1671 143 1704 ι
176 1650 347 1707 Εἶπεν
372 1656 401 1707 6
444 1654 576 1717 Θεὸς
596 1697 610 1719 ,
636 1644 1008 1726 ’Βλαστησάτω
1034 1660 1065 1729 ὴ
1111 1658 1185 1728 γῆ
1216 1658 1445 1730 βοτάνην
1477 1660 1692 1730 χόρτου,

121 1748 343 1817 σπεῖρον
375 1746 596 1818 σπέρμα
626 1746 771 1800 κατὰ
796 1749 951 1816 γένος
985 1748 1080 1804 καὶ
1114 1750 1237 1804 καθ’
1260 1752 1574 1823 ὁμοιότητα,
1603 1753 1696 1806 καὶ

120 1834 273 1901 ξύλον
303 1838 582 1908 κάρπιμον
615 1838 803 1891 ποιοῦν
830 1839 1062 1911 καρπὸν,
1098 1835 1159 1894 οῦ
1188 1841 1248 1894 τὸ
1278 1841 1497 1912 σπέρμα
1529 1839 1694 1894 αὑτοῦ

117 1926 172 1979 ιν
219 1926 391 1997 αὐτῷ,
451 1929 597 1981 κατὰ
635 1928 789 1996 γένος
830 1930 923 1982 ἐπὶ
964 1929 1067 1999 τῆς
1102 1930 1239 2001 γῆς,
1272 1930 1365 1983 καὶ
1394 1933 1627 1999 ἐγένετο.
1672 1948 1691 1982 ι

119 2020 224 2073 Καὶ
254 2015 447 2083 αὖθιςο
490 2039 509 2071 ι
540 2016 707 2074 Εἶπεν
739 2023 768 2075 6
796 2009 1379 2093 Θεὸς,Τενηθήτωσαν
1414 2023 1698 2094 φωστῆρες

114 2113 172 2165 ἐν
194 2111 274 2182 τῷ
300 2111 642 2183 περεώματι
675 2113 768 2166 τοῦ
794 2113 1045 2185 οὐρανοῦ,
1077 2113 1217 2167 ὥστε
1240 2114 1450 2185 φαίνειν
1479 2117 1571 2170 ἐπὶ
1595 2116 1696 2187 τῆς

115 2205 234 2274 γῆς,
257 2204 352 2257 καὶ
374 2204 616 2257 ἔστωσαν
653 2207 733 2268 εἰς
760 2209 986 2276 σημεῖα,
1016 2206 1111 2259 καὶ
1138 2208 1218 2270 είς
1244 2207 1479 2277 ἡμέρας,
1500 2207 1594 2260 καὶ
1616 2209 1695 2270 είς

115 2295 414 2359 ινιαυτοὺς.
437 2297 532 2349 καὶ
571 2297 803 2365 ἐγένετο.
846 2317 865 2349 3
898 2298 1005 2351 Kal
1038 2299 1230 2352 πάλινο
1258 2317 1276 2349 ι
1306 2296 1471 2352 Εἶπεν
1493 2284 1692 2364 6.856;,

126 2386 472 2456 Ἐξαγαγὲτω
492 2389 560 2441 τὰ
583 2387 753 2442 ῦδατα
776 2390 982 2461 ἑρπετὰ
1008 2388 1197 2460 ψυχῶν
1224 2388 1412 2453 ζωσῶν
1433 2390 1575 2442 κατὰ
1603 2388 1695 2458 γέ-

115 2492 234 2541 νος,
264 2478 360 2530 καὶ⁵
402 2479 580 2533 πάντα
606 2479 675 2533 τὰ
712 2481 932 2534 πετεινὰ
960 2480 1053 2533 τοῦ
1078 2479 1307 2551 οὐρανοῦ
1335 2480 1475 2533 κατὰ
1516 2480 1691 2549 γένος,

112 2569 205 2622 καὶ
225 2569 463 2638 ἐγένετο.
500 2590 519 2622 ι
560 2572 669 2624 Καὶ
693 2571 853 2625 πάλιν
871 2589 886 2604 ’
916 2590 935 2624 ι
972 2571 1317 2640 Ἑξαγαγὲτω
1344 2572 1471 2642 ἡγῆ
1501 2572 1693 2644 τετρά-

111 2659 268 2722 ποδα,
301 2660 397 2713 καὶ
420 2659 647 2731 ἑρπετὰ,
679 2661 772 2714 καὶ
797 2660 962 2733 θηρία
981 2662 1079 2732 τῆς
1113 2662 1214 2731 γῆς
1246 2661 1384 2714 κατὰ
1406 2664 1579 2729 γένος,
1599 2661 1694 2714 καὶ

107 2752 345 2821 ἐγένετο.
389 2771 409 2803 3
450 2753 537 2805 'Ev
557 2752 620 2824 δὴ
642 2751 850 2816 τούτοις
874 2752 1154 2822 φάσκουσα
1182 2754 1215 2823 ἡ
1240 2752 1279 2803 Γ
1286 2752 1450 2823 ραφὴ,
1483 2772 1501 2804 ι
1526 2749 1692 2805 Εἶπεν

106 2844 133 2897 6
164 2845 324 2909 Θεὸς,
356 2864 375 2896 3
403 2845 463 2897 τὸ
488 2844 632 2897 θεῖον
658 2843 831 2914 νεῦμα
850 2844 944 2897 καὶ
970 2845 1030 2896 τὸ
1056 2844 1152 2896 ὡδί
1185 2861 1302 2907 πως
1338 2843 1588 2913 γενέσθαι
1623 2842 1694 2897 τὰ

18 2994 21 3025 L
107 2936 238 2990 εντα
261 2935 589 3007 βουληθῆναι
606 2935 696 2988 τὸν
723 2936 854 2988 Θεὸν
877 2936 1220 3006 παρίστησιν,
1246 2935 1305 2987 o6
1331 2936 1436 3006 μὴν
1457 2934 1514 2987 δὲ
1539 2937 1688 3006 φωνῇ

18 3034 21 3096 ‘[
106 3030 202 3082 καὶ
239 3027 532 3092 συλλαϐαῖς
566 3028 730 3096 φάναι
753 3028 913 3080 αὐτὸν
935 3029 1168 3080 ἐπινοεῖν
1190 3028 1503 3095 ἀναγκαῖον.
1535 3029 1693 3084 Ἀλλὰ

1727 1814 1768 1869 Β

2454 636 2730 683 senserint.

1876 742 2140 800 Sublimis
2166 742 2336 813 hujus
2362 742 2646 812 theologia:
2680 740 2977 810 primordia
3007 755 3115 793 non
3160 728 3381 794 aliunde

1803 850 1967 905 quam
1996 851 2061 889 ex
2088 835 2201 904 ipsa
2232 835 2285 887 vi
2315 848 2493 887 rerum
2537 833 2780 885 omnium
2809 829 3096 889 cﬂ'cctrice.
3122 826 3378 881 Hebrazor

1803 943 1924 980 rum
1973 925 2223 980 doctrina
2268 924 2481 993 repetit,
2511 938 2684 992 caque
2731 937 2839 976 non
2895 921 3101 991 argutis
3129 929 3181 974 et
3208 918 3387 973 artili-

1802 1020 1950 1074 ciose
1980 1017 2320 1072 concinnatis
2351 1015 2732 1085 probationum
2774 1013 3245 1074 conclusionibus,
3278 1010 3374 1066 sed

1801 1114 1962 1181 plane
1996 1110 2245 1164 docentis
2277 1108 2329 1162 in
2366 1123 2595 1168 morem,
2619 1114 2804 1175 utpote
2837 1105 3020 1158 divino
3054 1102 3228 1156 amata
3253 1098 3376 1169 Spi-

1800 1203 1907 1256 ritu
1937 1209 2347 1256 commemorat.
2370 1198 2491 1266 Quo
2514 1198 2734 1269 quidem
2769 1205 2926 1251 actus
2958 1204 3375 1262 commotusque

1801 1291 2035 1361 Moyses,
2066 1291 2353 1354 theologiaa
2405 1304 2519 1344 sua:
2571 1288 2829 1363 mysteria
2872 1288 3019 1340 hunc
3067 1285 3120 1338 in
3151 1285 3372 1338 modum

1800 1385 2117 1454 auspicatur
2147 1400 2159 1434 :
2198 1402 2216 1434 ι
2250 1382 2308 1436 in
2340 1381 2613 1452 principio
2658 1382 2862 1435 creavit
2910 1378 3053 1437 Deus
3094 1379 3291 1432 omium
3320 1388 3376 1436 et

1801 1486 1999 1531 terram
2022 1475 2089 1539 ";
2119 1495 2139 1529 3
2177 1485 2289 1531 tum
2318 1476 2391 1529 ita
2437 1474 2818 1545 progreditur:
2852 1492 2870 1521 ε
2905 1472 3048 1526 Dixit
3086 1467 3375 1533 Deus,Fiat

1798 1568 1913 1634 lux,
1940 1577 1994 1623 et
2040 1566 2180 1623 facta
2211 1575 2295 1621 est
2317 1568 2441 1632 lux;
2475 1584 2494 1618 3
2530 1566 2768 1635 itemque
2801 1582 2815 1619 :
2853 1582 2871 1615 ι
2903 1562 3021 1617 Fiat
3061 1562 3373 1617 firmamen-

1798 1669 1937 1723 tum,
1978 1669 2032 1713 et
2064 1658 2268 1713 factum
2299 1666 2417 1723 est;
2454 1676 2473 1710 3
2500 1673 2564 1712 ac
2593 1672 2786 1712 rursus
2818 1675 2830 1710 :
2875 1675 2892 1707 ‹
2920 1654 3197 1710 Germinet
3226 1662 3371 1707 terra

1800 1751 2022 1806 herbam
2071 1751 2360 1815 virentem,
2392 1747 2679 1803 facientem
2713 1764 2898 1803 semen
2948 1744 3246 1801 secundum
3279 1757 3371 1811 ge-

1798 1860 1903 1900 nus
1954 1858 2019 1898 ac
2069 1840 2480 1897 similitudinem
2510 1855 2688 1905 suam,
2716 1848 2774 1893 et
2805 1838 3008 1904 lignum
3043 1833 3371 1905 pomiferum

1797 1933 2002 1989 faciens
2026 1932 2467 2003 fructum.cujus
2496 1946 2682 1988 semen
2716 1931 2769 1985 in
2799 1930 2919 1999 ipso
2947 1929 3039 1996 sit,
3067 1926 3369 1984 secundum

1797 2040 1970 2093 genus
2017 2042 2176 2080 suum
2223 2041 2385 2094 super
2431 2035 2632 2079 terram
2672 2041 2687 2079 :
2723 2034 2776 2080 et
2825 2023 3026 2079 factum
3076 2031 3181 2078 est.
3227 2019 3374 2078 Dixit

1795 2125 2053 2187 praeterea
2086 2115 2438 2172 Deustiant
2467 2116 2758 2170 luminaria
2791 2114 2849 2171 in
2880 2116 3224 2170 firmamento
3253 2128 3370 2169 cm-

1796 2209 1855 2272 li,
1885 2218 1946 2264 ut
1971 2209 2190 2264 luceant
2220 2225 2384 2279 super
2416 2220 2640 2273 terram,
2670 2218 2725 2264 et
2757 2209 2867 2264 sint
2894 2208 2947 2262 in
2976 2208 3132 2279 signa
3154 2216 3207 2262 et
3235 2220 3373 2262 tem-

1793 2316 1949 2371 pora,
1982 2309 2038 2356 et
2077 2300 2217 2365 dies,
2250 2310 2306 2355 et
2328 2316 2502 2355 annos
2536 2319 2549 2356 :
2581 2310 2637 2355 et
2666 2299 2868 2355 factum
2904 2308 3010 2356 est.
3039 2299 3372 2367 Addiditque

1793 2392 1938 2448 Deus
1962 2410 1974 2446 :
1996 2392 2307 2447 Producant
2337 2392 2504 2462 318
2534 2407 2689 2462 aqua:
2712 2392 2925 2461 reptilia
2952 2391 3259 2446 animarum
3291 2392 3377 2445 vi-

1792 2483 2036 2537 ventium
2069 2482 2370 2537 secundum
2410 2498 2582 2551 genus
2610 2498 2793 2546 suum,
2819 2490 2874 2536 et
2917 2483 3101 2536 omnia
3130 2482 3373 2537 volatilia

1793 2573 1916 2629 (εωιί
1967 2573 2267 2628 secundum
2312 2587 2483 2642 genus
2531 2586 2713 2635 suum,
2746 2580 2801 2625 et
2838 2569 3040 2625 factum
3074 2580 3189 2637 est;
3220 2590 3239 2622 3
3271 2572 3375 2625 ite-

1792 2680 2026 2734 rumque
2054 2682 2069 2718 :
2098 2682 2117 2715 ‹
2138 2661 2414 2718 Producat
2448 2670 2590 2716 terra
2620 2662 3021 2731 quadrupedes,
3051 2671 3105 2717 et
3130 2663 3367 2733 reptilia,

1792 2765 1847 2809 et
1871 2754 2073 2808 bestias
2100 2762 2258 2808 terra:
2289 2752 2591 2807 secundum
2641 2767 2812 2821 genus
2846 2768 3004 2806 suum
3039 2770 3052 2805 :
3081 2761 3137 2807 et
3166 2754 3376 2807 factum

1791 2854 1875 2900 est
1893 2846 1960 2898 '°.
1993 2864 2012 2896 3
2038 2843 2248 2911 Quibus
2267 2843 2520 2898 omnibus
2534 2844 3050 2907 commemorandis,
3076 2846 3201 2897 dum
3228 2844 3377 2900 hanc

1794 2933 2077 3005 Scriptura
2132 2934 2423 2989 formulam
2456 2933 2699 2997 adhibet,
2745 2952 2764 2984 ι
2796 2933 2942 2987 Dixit
2974 2933 3139 2999 Deus,
3162 2953 3180 2985 3
3219 2935 3368 2989 aliud

1793 3027 1950 3090 nihil,
1973 3034 2168 3095 praeter
2201 3040 2365 3095 quam
2406 3024 2472 3078 ad
2505 3025 2682 3093 ipsum
2716 3024 3013 3078 voluntatis
3042 3024 3240 3078 divinae
3267 3041 3371 3080 nu-

20 3114 25 3165 ἷ
105 3120 195 3174 τὸν
233 3120 413 3173 πάντα
432 3120 590 3187 λόγον
610 3118 1194 3190 ἁνακεφαλαιούμενος,
1230 3139 1248 3171 ι
1275 3119 1446 3190 Αῦτη,
1488 3139 1505 3171 3
1534 3121 1687 3190 φησὶ,

1794 3125 1932 3184 tum,
1967 3117 2069 3172 hoc
2102 3116 2262 3171 illove
2300 3114 2464 3170 modo
2506 3130 2595 3170 res
2623 3130 2816 3171 omnes
2839 3115 3118 3170 exstitisse
3145 3130 3209 3169 ac
3244 3130 3372 3185 ρει-ς

111 3231 129 3263 ι
162 3215 200 3283 ἡ
232 3211 414 3281 βίϐλος
441 3211 706 3280 γενέσεως
731 3211 959 3289 οὐρανοῦ
983 3213 1077 3265 καὶ
1117 3214 1229 3282 γῆς,
1330 3213 1516 3284 ἡμέρα
1541 3213 1691 3266 ἐποί-

106 3319 240 3372 ησεν
265 3305 294 3355 6
324 3303 458 3366 Θεὸς
484 3302 575 3356 τὸν
599 3303 826 3373 οὐρανὸν
850 3304 943 3356 καὶ
981 3304 1079 3373 τὴν
1120 3304 1243 3375 γῆν,
1279 3305 1374 3357 καὶ
1407 3303 1583 3357 πάντα
1621 3305 1691 3358 τὰ

108 3394 161 3447 ἐν
188 3396 401 3458 αὐτοῖς.
436 3414 454 3446 3
490 3393 725 3464 Τοιαύτη
754 3395 850 3465 μὲν
876 3398 909 3465 ἡ
944 3395 1065 3449 καθ’
1100 3395 1384 3467 Ἑϐραίους
1420 3394 1687 3465 θεολογία,

108 3485 251 3557 λόγῳ
271 3485 409 3540 Θεοῦ
436 3485 809 3557 δημιουργικῷ
830 3486 898 3539 τὰ
921 3488 1096 3540 πάντα
1120 3488 1438 3541 συνεστάναι
1474 3487 1692 3541 παιδεύ-

109 3594 262 3632 ουσα.
306 3579 543 3633 Ἔπειτα
591 3578 647 3631 δὲ
687 3580 785 3648 οὐχ
830 3572 933 3631 ὦδε
971 3578 1174 3650 ἔρημον
1203 3579 1278 3643 ὡς
1316 3579 1552 3651 ὀρφανὸν
1587 3580 1691 3633 ὑπὸ

112 3669 316 3741 πατρὸς
340 3669 771 3739 καταλειφθέντα
800 3671 893 3723 τὸν
929 3670 1218 3742 σύμπαντα
1242 3670 1446 3742 κόσμον
1472 3671 1577 3724 ὑπὸ
1597 3670 1689 3724 τοῦ

114 3761 523 3833 συστησαμένου
569 3760 840 3826 διδάσκει,
872 3752 984 3815 ἀλλ’
1020 3764 1097 3825 είς
1122 3762 1183 3815 τὸ
1207 3762 1295 3816 ἀεὶ
1338 3762 1442 3815 ὑπὸ
1466 3762 1565 3833 τῆς
1597 3761 1689 3815 τοῦ

113 3851 242 3905 Θεοῦ
277 3850 540 3922 προνοίας
580 3851 741 3904 αὐτὸν
787 3852 1139 3918 διοικεῖσθαι,
1183 3852 1259 3918 ὡς
1291 3854 1364 3925 μὴ
1396 3854 1555 3925 μόνον
1597 3854 1692 3926 δη-

118 3941 373 4012 μιουργὸν
400 3938 545 3994 εἶναι
576 3940 686 4005 τῶν
713 3940 851 3995 ὅλων
872 3941 965 3995 καὶ
988 3943 1217 4014 ποιητὴν
1249 3942 1342 3996 τὸν
1363 3943 1514 4007 Θεὸν,
1556 3942 1692 3997 ἀλλὰ

117 4034 202 4086 καὶ
236 4033 464 4105 σωτῆρα
484 4075 501 4100 ,
549 4034 641 4087 καὶ
673 4033 948 4106 διοικητὴν
972 4074 989 4101 ,
1034 4035 1127 4088 καὶ
1154 4034 1402 4104 βασιλέα,
1439 4034 1535 4103 καὶ
1563 4036 1692 4106 ἡγε-

117 4127 267 4194 μόνα,
292 4125 430 4198 ἡλίῳ
459 4123 608 4195 αὐτῷ
631 4165 645 4188 ,
671 4126 764 4179 καὶ
794 4125 1012 4199 σελήνῃ,
1044 4126 1139 4179 καὶ
1180 4125 1400 4198 ἄστροις
1424 4165 1440 4190 ,
1480 4127 1575 4180 καὶ
1611 4124 1689 4196 τῷ

116 4218 388 4289 σύμπαντι
425 4217 640 4289 οὐρανῷ
675 4235 734 4269 τε
765 4217 861 4270 καὶ
906 4218 1095 4288 κόσμῳ
1135 4217 1201 4270 δι’
1231 4215 1424 4280 αἰῶνος
1456 4217 1689 4270 ἐπιστά-

112 4310 322 4375 τοῦντα,
360 4309 581 4380 μεγάλῳ
603 4326 662 4362 τε
693 4308 956 4380 ὀφθαλμῷ
981 4310 1075 4364 καὶ
1098 4309 1267 4380 ὲνθέῳ
1287 4309 1511 4381 δυνάμει
1528 4311 1687 4363 πάντ’

112 4402 410 4473 ἐφορῶντα,
447 4401 543 4455 καὶ
578 4404 688 4464 τοῖς
722 4403 885 4455 πᾶσιν
914 4401 1183 4472 οὐρανίοις
1204 4418 1263 4453 τε
1297 4401 1390 4453 καὶ
1426 4390 1688 4469 ἐπιγείοις

1792 3206 1965 3262 iectas
2005 3222 2128 3262 esse
2170 3205 2460 3276 signiﬁcat,
2494 3204 2741 3273 adeoque
2769 3219 2991 3258 necesse
3021 3219 3130 3258 non
3157 3212 3260 3269 est,
3289 3204 3377 3258 uti

1789 3313 1978 3353 vocem
2030 3297 2235 3362 ullam,
2293 3297 2502 3352 ullasve
2556 3295 2795 3367 syllabas
2843 3297 3167 3367 cogitemus.
3223 3295 3379 3352 Idem.

1790 3404 1956 3459 porro
1983 3402 2153 3453 vates,
2188 3389 2455 3443 orationis
2486 3388 2756 3443 universa:
2783 3404 3055 3443 summam
3084 3389 3373 3460 colligens,

1791 3482 1864 3536 ita
1903 3480 2177 3537 concludit
2206 3500 2219 3536 :
2255 3501 2274 3532 ι
2304 3480 2403 3536 llic
2429 3482 2586 3545 liber,
2622 3482 2817 3552 inquit,
2850 3483 3215 3552 generationis
3245 3483 3377 3538 caeli

1790 3583 1844 3628 et
1872 3582 2048 3639 terras,
2080 3575 2133 3627 in
2160 3573 2270 3641 die,
2302 3589 2410 3644 qua
2446 3572 2573 3627 fecit
2595 3576 2793 3628 caalum
2821 3582 2874 3627 et
2907 3584 3130 3638 terram,
3161 3582 3215 3628 et
3246 3588 3369 3628 om-

1790 3665 1903 3731 nia,
1923 3681 2043 3735 qua:
2073 3664 2127 3719 in
2151 3665 2231 3721 eis
2261 3664 2986 3734 sunt“.3ﬂujusmodicrgo
3003 3673 3086 3719 est
3115 3662 3375 3719 llebrao-

1789 3773 1914 3811 rum
1963 3757 2253 3826 theologia,
2286 3772 2408 3828 quae
2451 3758 2601 3811 verbi
2650 3756 2821 3810 divini
2863 3756 3133 3810 ell'ectrice
3162 3756 3214 3810 vi
3247 3765 3373 3812 sata

1790 3863 1913 3904 esse
1937 3863 2002 3903 ac
2029 3857 2315 3918 procreata
2347 3849 2507 3903 docet
2531 3847 2806 3903 universa.
2840 3847 3045 3902 Deinde
3069 3862 3220 3914 vero,
3256 3863 3375 3902 non

1786 3941 1901 4011 jam
1948 3950 2170 3996 auctore
2206 3941 2291 3996 sui
2321 3957 2385 3996 ac
2413 3941 2669 3997 molitore
2696 3940 2827 4005 Deo,
2856 3942 2935 3996 sic
2966 3950 3226 4011 tanquam
3271 3954 3378 3995 or-

1790 4034 2033 4103 phanum
2068 4048 2098 4088 a
2129 4042 2350 4102 parente
2378 4033 2625 4088 relictum
2647 4048 2769 4090 esse
2793 4034 3081 4100 mundum,
3099 4033 3195 4090 sed
3221 4038 3370 4106 ejus-

1788 4125 1912 4179 dem
1962 4124 2304 4195 providentia
2363 4134 2627 4195 perpetuo
2682 4135 3106 4196 constanterque
3145 4127 3281 4197 regi,
3309 4134 3375 4181 ut

1789 4232 1901 4272 non
1959 4218 2121 4273 modo
2173 4233 2358 4273 rerum
2410 4218 2743 4273 architectus
2777 4234 2842 4273 ac
2870 4219 3089 4274 molitor
3120 4221 3367 4274 omnium

1790 4310 1906 4381 ipse
1933 4309 2116 4377 fuerit,
2147 4311 2243 4366 sed
2277 4327 2467 4366 earum
2500 4326 2720 4381 quoque
2755 4320 3005 4366 servator
3049 4320 3213 4382 atque
3244 4327 3369 4367 mo-

1790 4402 2027 4467 derator,
2061 4417 2158 4457 rex
2189 4401 2318 4457 item
2364 4418 2430 4458 ac
2478 4403 2730 4472 princeps
2756 4417 2877 4458 esse
2901 4404 3031 4459 velit
3066 4423 3080 4459 :
3114 4405 3377 4475 idemque

111 4492 468 4567 ἱπιπαρόντα,
496 4494 590 4546 καὶ
614 4492 681 4546 τὰ
718 4493 899 4547 πάντα
925 4495 982 4547 ὲν
1012 4492 1203 4564 κόσμῳ
1242 4493 1595 4547 διατάττοντα
1625 4509 1684 4545 τε

1794 4508 1916 4548 cum
1962 4494 2086 4561 soli,
2121 4493 2285 4560 lunae,
2316 4493 2610 4559 sideribus,
2648 4495 2899 4565 cteloque
2924 4496 3128 4565 passim
3158 4505 3213 4551 et
3245 4496 3375 4551 orbi

111 4590 200 4641 καὶ
230 4585 559 4642 διοικοῦντα.
589 4587 797 4659 Ὥσπερ
820 4582 912 4640 οῦν
940 4587 1133 4656 ἀμέλει
1162 4584 1255 4638 καὶ
1282 4587 1330 4638 οἱ
1357 4585 1494 4656 μετὰ
1514 4584 1689 4638 ταῦτα

1794 4584 2145 4642 continentur
2196 4587 2454 4642 universo
2490 4588 2698 4656 praesit,
2726 4595 2841 4641 tum
2883 4602 3081 4656 magno
3135 4589 3370 4656 ipsemet

110 4680 406 4750 προφῆται,
434 4678 703 4733 ἀκόλουθα
734 4678 829 4731 καὶ
860 4678 1012 4731 αὐτοὶ
1031 4676 1338 4741 θειάζοντες
1360 4717 1376 4743 ,
1411 4677 1532 4729 τοτὲ
1586 4678 1688 4748 μὲν

108 4767 416 4838 ἀνεφώνουν
440 4767 498 4834 ἐξ
526 4767 688 4821 αὐτοῦ
733 4767 825 4821 τοῦ
876 4767 1019 4820 θείου
1066 4766 1318 4835 λέγοντες
1355 4764 1645 4836 προσώπου
1668 4783 1683 4797 ·

113 4880 132 4913 ι
158 4861 291 4926 Θεὸς
318 4860 557 4931 ἐγγίζων
584 4860 695 4929 ἐγώ
722 4862 858 4931 εἰμι,
876 4859 1024 4928 λέγει
1045 4859 1267 4930 Κύριος,
1294 4861 1395 4925 καὶ,
1415 4861 1535 4930 οὐχὶ
1554 4860 1686 4923 Θεὸς

56 4966 57 5027 ι
110 4954 408 5027 πόρρωθεν.
430 4955 496 5007 Εἰ
521 4955 733 5024 ποιήσει
752 4971 805 5006 τι
823 4952 918 5007 ἄνθ
929 4970 1106 5025 ρωπος
1125 4955 1182 5006 ὲν
1202 4954 1506 5025 κρυφαίοις,
1531 4952 1686 5025 κάγὼ

58 5074 59 5081 ι
109 5047 167 5100 οὐ
184 5046 467 5117 γνώσομαι
499 5047 658 5112 αὑτό;
687 5047 820 5117 Οὐχὶ
838 5046 928 5100 τὸν
958 5046 1183 5118 οὐρανὸν
1214 5046 1307 5099 καὶ
1333 5046 1433 5117 τὴν
1452 5045 1556 5115 γῆν
1575 5044 1686 5114 ἐγὼ

113 5136 331 5208 πληρῶ;
365 5136 515 5204 λέγει
539 5135 762 5207 Κύριος.
813 5155 832 5187 3
871 5137 1005 5189 Τοτὲ
1034 5137 1090 5189 δὲ
1120 5128 1223 5187 ὦδὲ
1257 5154 1333 5207 πη
1375 5134 1691 5203 θεολογῶν--

96 5186 245 5291 ιτξῗ
258 5186 292 5281 Ῑ
312 5186 421 5292 ίι-έξ
438 5186 807 5300 aegis},
833 5186 1493 5299 χέιρἶτξιδωραέατδν
1518 5186 1683 5296 0.693.—

62 5310 67 5391 ξ
111 5316 196 5371 νὸν
228 5321 473 5391 σπιθαμῇ
508 5320 602 5373 καὶ
633 5320 813 5373 πᾶσαν
836 5320 936 5390 τὴν
967 5320 1073 5389 γῆν
1110 5306 1305 5391 δρακί;
1350 5319 1448 5383 Τίς
1491 5318 1687 5391 ἔστησε

111 5410 176 5463 τὰ
199 5410 297 5482 ὅρη
322 5410 569 5482 σταθμῷ,
603 5411 697 5464 καὶ
722 5410 820 5474 τὰς
844 5411 1020 5474 νάπας
1046 5409 1192 5481 ζυγῷ
1219 5427 1233 5474 ;
1261 5409 1357 5474 Τίς
1386 5410 1526 5478 ἔγνω
1558 5409 1683 5465 νοῦν

114 5501 331 5573 Κυρίου,
352 5504 449 5556 καὶ
475 5501 558 5564 τίς
590 5501 888 5572 σύμϐουλος
913 5500 1078 5555 αὑτοῦ
1109 5501 1360 5571 ὲγένετο;
1401 5520 1419 5553 3
1447 5502 1557 5555 Kal
1587 5502 1684 5555 πά-

114 5589 192 5643 λιν
214 5610 226 5621 ο
270 5611 288 5644 ι
327 5594 389 5650 '0
412 5594 619 5665 στήσας
657 5593 732 5656 ὡς
764 5593 1020 5665 καμάραν
1052 5593 1143 5647 τὸν
1173 5593 1420 5665 οὐρανὸν,
1450 5594 1544 5648 καὶ
1570 5593 1683 5648 δια-

182 5772 226 5803 “
252 5774 381 5832 Gen.
417 5790 458 5843 ι,
492 5768 547 5829 1.

623 5773 669 5806 ⁸⁸
701 5774 829 5831 ibid.
866 5775 900 5830 ὅ
927 5791 1077 5846 seqq.
1176 5774 1219 5807 ’“
1250 5774 1384 5831 Gen.
1420 5792 1480 5845 ιι,
1516 5776 1573 5831 4,

1786 4677 1947 4734 oculo
1993 4677 2288 4748 divinoque
2317 4675 2554 4733 Numine
2588 4687 2787 4735 cuncta
2819 4680 3060 4735 lustrans
3090 4694 3157 4734 ac
3186 4681 3366 4749 pervi-

1784 4769 1940 4838 dens,
1967 4769 2240 4838 rebusque
2289 4768 2548 4824 omnibus
2594 4784 2690 4824 seu
2739 4786 2862 4840 quas
2906 4772 3069 4835 cmlo,
3106 4787 3200 4827 seu
3243 4788 3371 4842 qua}

1786 4872 1927 4917 terra
1976 4861 2349 4929 continentur,
2394 4861 2621 4917 omnino
2666 4878 2930 4932 praesens,
2978 4878 3080 4919 suo
3135 4879 3370 4935 quasque

1783 4954 1980 5010 ordine
2031 4954 2305 5024 sapienter
2357 4964 2590 5025 apteque
2614 4956 2915 5011 conStituat
2943 4967 3108 5027 atque
3141 4956 3364 5025 dispen-

1785 5053 1886 5100 set.
1904 5043 2082 5114 Atque
2130 5043 2187 5098 id
2237 5043 2413 5098 secuti
2459 5043 2717 5113 deinceps
2763 5043 3059 5113 prophetas,
3093 5042 3370 5112 prioribus

1785 5136 1892 5191 illis
1920 5144 2287 5191 consentanea
2335 5134 2521 5190 divino
2571 5133 2777 5203 Spiritu
2805 5142 3062 5190 canentes
3093 5134 3195 5205 ipsi
3227 5148 3366 5203 quo-

1788 5244 1914 5299 que,
1950 5237 2207 5284 testatum
2238 5227 2619 5296 reliquerunt;
2653 5243 2748 5283 seu
2778 5242 2903 5283 cum
2954 5226 3194 5281 divinam
3248 5240 3368 5294 per-

1788 5336 1981 5377 sonam
2007 5322 2362 5389 sustinentes,
2387 5321 2534 5376 hunc
2576 5320 2631 5375 in
2682 5321 2903 5375 modum
2943 5320 3312 5376 exclamarent
3345 5336 3361 5373 ;

1802 5431 1820 5464 ι
1849 5412 1993 5467 Deus
2026 5413 2469 5483 appropinquans
2497 5428 2598 5484 ego
2636 5428 2782 5480 sum,
2833 5414 2964 5468 dicit
2992 5413 3279 5476 Dominus,
3310 5419 3372 5468 et

1790 5520 1901 5560 non
1948 5504 2093 5561 Deus
2141 5507 2212 5561 de
2253 5506 2434 5577 longe.
2470 5504 2528 5560 Si
2554 5503 2716 5561 faciet
2740 5506 2944 5574 aliquid
2978 5506 3143 5561 homo
3175 5507 3232 5560 in
3265 5518 3363 5560 oc-

1789 5597 1973 5664 cultis,
2008 5606 2061 5653 et
2080 5612 2179 5668 ego
2200 5598 2439 5655 nesciam
2475 5599 2606 5656 illud
2624 5600 2647 5655 ?
2665 5598 2921 5671 Nunquid
2959 5613 3067 5654 non
3088 5599 3290 5657 calum
3308 5606 3366 5657 οι
