  <div class='ocr_page' id='page_1' title='image "/cluster/home/n/w/nwhite01/storage/ocr_20150623/21/nnc1.0046978437/415.png"; bbox 0 0 3856 6224; ppageno 0'>
   <div class='ocr_carea' id='block_1_1' title="bbox 475 310 581 370">
    <p class='ocr_par' dir='ltr' id='par_1_1' title="bbox 475 310 581 370">
     <span class='ocr_line' id='line_1_1' title="bbox 475 310 581 370; baseline -0.038 1"><span class='ocrx_word' id='word_1_1' title='bbox 475 310 581 370; x_wconf 73' lang='lat'><strong>559</strong></span> 
     </span>
    </p>
   </div>
   <div class='ocr_carea' id='block_1_2' title="bbox 1127 268 3164 377">
    <p class='ocr_par' dir='ltr' id='par_1_2' title="bbox 1127 268 3164 377">
     <span class='ocr_line' id='line_1_2' title="bbox 1127 268 3164 377; baseline -0.007 -2"><span class='ocrx_word' id='word_1_2' title='bbox 1127 300 1931 377; x_wconf 13' lang='lat' dir='ltr'><strong>EUSEDI&#39;I’CIESARIENSIS</strong></span> <span class='ocrx_word' id='word_1_3' title='bbox 1964 314 2116 373; x_wconf 78' lang='lat' dir='ltr'><strong>opp.</strong></span> <span class='ocrx_word' id='word_1_4' title='bbox 2156 309 2348 368; x_wconf 80' lang='lat' dir='ltr'><strong>PARS</strong></span> <span class='ocrx_word' id='word_1_5' title='bbox 2384 308 2448 366; x_wconf 85' lang='grc' dir='ltr'>η.</span> <span class='ocrx_word' id='word_1_6' title='bbox 2492 288 2575 350; x_wconf 69' lang='lat'><strong>‘—&#39;</strong></span> <span class='ocrx_word' id='word_1_7' title='bbox 2604 303 3103 366; x_wconf 84' lang='lat' dir='ltr'><strong>APOLOGETICA.</strong></span> <span class='ocrx_word' id='word_1_8' title='bbox 3156 268 3164 277; x_wconf 75' lang='grc'><strong>’</strong></span> 
     </span>
    </p>
   </div>
   <div class='ocr_carea' id='block_1_3' title="bbox 3640 298 3732 357">
    <p class='ocr_par' dir='ltr' id='par_1_3' title="bbox 3640 298 3732 357">
     <span class='ocr_line' id='line_1_3' title="bbox 3640 298 3732 357; baseline -0.022 0"><span class='ocrx_word' id='word_1_9' title='bbox 3640 298 3732 357; x_wconf 60' lang='lat'><strong>510</strong></span> 
     </span>
    </p>
   </div>
   <div class='ocr_carea' id='block_1_4' title="bbox 458 411 2031 513">
    <p class='ocr_par' dir='ltr' id='par_1_4' title="bbox 458 417 2031 513">
     <span class='ocr_line' id='line_1_4' title="bbox 458 417 2031 513; baseline -0.006 -15"><span class='ocrx_word' id='word_1_10' title='bbox 458 417 797 513; x_wconf 41' lang='lat' dir='ltr'><strong>terram&#39;ego</strong></span> <span class='ocrx_word' id='word_1_11' title='bbox 821 422 1058 509; x_wconf 86' lang='lat' dir='ltr'><strong>impleo?</strong></span> <span class='ocrx_word' id='word_1_12' title='bbox 1080 437 1577 494; x_wconf 78' lang='lat' dir='ltr'><strong>dicitDominus&quot;.</strong></span> <span class='ocrx_word' id='word_1_13' title='bbox 1603 456 1622 490; x_wconf 82' lang='grc'><strong>›</strong></span> <span class='ocrx_word' id='word_1_14' title='bbox 1649 434 1758 491; x_wconf 91' lang='lat' dir='ltr'><strong>Seu</strong></span> <span class='ocrx_word' id='word_1_15' title='bbox 1787 450 1913 491; x_wconf 90' lang='lat' dir='ltr'><strong>eum</strong></span> <span class='ocrx_word' id='word_1_16' title='bbox 1941 435 2031 489; x_wconf 60' lang='lat' dir='ltr'><strong>hor</strong></span> 
     </span>
    </p>
   </div>
   <div class='ocr_carea' id='block_1_5' title="bbox 2144 411 3734 513">
    <p class='ocr_par' dir='ltr' id='par_1_5' title="bbox 2147 411 3734 497">
     <span class='ocr_line' id='line_1_5' title="bbox 2147 411 3734 497; baseline -0.009 -14"><span class='ocrx_word' id='word_1_17' title='bbox 2147 429 2332 493; x_wconf 82' lang='grc' dir='ltr'>τείνας</span> <span class='ocrx_word' id='word_1_18' title='bbox 2371 428 2447 492; x_wconf 81' lang='grc' dir='ltr'>ὡς</span> <span class='ocrx_word' id='word_1_19' title='bbox 2493 424 2697 497; x_wconf 83' lang='grc' dir='ltr'>σκηνὴν</span> <span class='ocrx_word' id='word_1_20' title='bbox 2735 423 3032 478; x_wconf 78' lang='grc' dir='ltr'><strong>κατοικεῖν.</strong></span> <span class='ocrx_word' id='word_1_21' title='bbox 3085 438 3104 472; x_wconf 68' lang='grc' dir='ltr'><strong>ι</strong></span> <span class='ocrx_word' id='word_1_22' title='bbox 3158 416 3272 474; x_wconf 88' lang='lat' dir='ltr'><strong>Kal</strong></span> <span class='ocrx_word' id='word_1_23' title='bbox 3298 411 3454 482; x_wconf 76' lang='grc' dir='ltr'>αὖθις</span> <span class='ocrx_word' id='word_1_24' title='bbox 3477 433 3492 448; x_wconf 90' lang='grc'><strong>·</strong></span> <span class='ocrx_word' id='word_1_25' title='bbox 3525 435 3545 469; x_wconf 79' lang='grc' dir='ltr'><strong>ι</strong></span> <span class='ocrx_word' id='word_1_26' title='bbox 3588 415 3734 470; x_wconf 68' lang='grc' dir='ltr'>Ἄνα-</span> 
     </span>
    </p>
   </div>
   <div class='ocr_carea' id='block_1_6' title="bbox 461 528 2050 603">
    <p class='ocr_par' dir='ltr' id='par_1_6' title="bbox 461 528 2050 603">
     <span class='ocr_line' id='line_1_6' title="bbox 461 528 2050 603; baseline -0.005 -12"><span class='ocrx_word' id='word_1_27' title='bbox 461 532 566 603; x_wconf 83' lang='lat' dir='ltr'><strong>ipsi</strong></span> <span class='ocrx_word' id='word_1_28' title='bbox 592 533 759 588; x_wconf 91' lang='lat' dir='ltr'><strong>modo</strong></span> <span class='ocrx_word' id='word_1_29' title='bbox 805 531 874 587; x_wconf 93' lang='lat' dir='ltr'><strong>de</strong></span> <span class='ocrx_word' id='word_1_30' title='bbox 915 530 1026 586; x_wconf 91' lang='lat' dir='ltr'><strong>Deo</strong></span> <span class='ocrx_word' id='word_1_31' title='bbox 1060 530 1522 601; x_wconf 79' lang='lat' dir='ltr'><strong>philosophantur</strong></span> <span class='ocrx_word' id='word_1_32' title='bbox 1551 548 1566 585; x_wconf 89' lang='lat'><strong>:</strong></span> <span class='ocrx_word' id='word_1_33' title='bbox 1610 548 1629 582; x_wconf 77' lang='grc' dir='ltr'><strong>ε</strong></span> <span class='ocrx_word' id='word_1_34' title='bbox 1658 528 1795 596; x_wconf 87' lang='lat' dir='ltr'><strong>Quis</strong></span> <span class='ocrx_word' id='word_1_35' title='bbox 1824 543 2050 585; x_wconf 89' lang='lat' dir='ltr'><strong>mensus</strong></span> 
     </span>
    </p>
   </div>
   <div class='ocr_carea' id='block_1_7' title="bbox 465 625 2050 695">
    <p class='ocr_par' dir='ltr' id='par_1_7' title="bbox 465 625 2050 695">
     <span class='ocr_line' id='line_1_7' title="bbox 465 625 2050 695; baseline -0.003 -14"><span class='ocrx_word' id='word_1_36' title='bbox 465 635 545 680; x_wconf 72' lang='lat' dir='ltr'><strong>est</strong></span> <span class='ocrx_word' id='word_1_37' title='bbox 568 640 735 681; x_wconf 87' lang='lat' dir='ltr'><strong>manu</strong></span> <span class='ocrx_word' id='word_1_38' title='bbox 770 641 991 695; x_wconf 81' lang='lat' dir='ltr'><strong>aquam,</strong></span> <span class='ocrx_word' id='word_1_39' title='bbox 1023 633 1074 680; x_wconf 88' lang='lat' dir='ltr'><strong>et</strong></span> <span class='ocrx_word' id='word_1_40' title='bbox 1106 625 1305 680; x_wconf 74' lang='lat' dir='ltr'><strong>ccelum</strong></span> <span class='ocrx_word' id='word_1_41' title='bbox 1332 625 1537 695; x_wconf 87' lang='lat' dir='ltr'><strong>palmo,</strong></span> <span class='ocrx_word' id='word_1_42' title='bbox 1567 631 1623 678; x_wconf 90' lang='lat' dir='ltr'><strong>et</strong></span> <span class='ocrx_word' id='word_1_43' title='bbox 1672 639 1890 678; x_wconf 91' lang='lat' dir='ltr'><strong>omnem</strong></span> <span class='ocrx_word' id='word_1_44' title='bbox 1936 632 2050 679; x_wconf 83' lang='lat' dir='ltr'><strong>ter-</strong></span> 
     </span>
    </p>
   </div>
   <div class='ocr_carea' id='block_1_8' title="bbox 465 715 2051 788">
    <p class='ocr_par' dir='ltr' id='par_1_8' title="bbox 465 715 2051 788">
     <span class='ocr_line' id='line_1_8' title="bbox 465 715 2051 788; baseline 0 -19"><span class='ocrx_word' id='word_1_45' title='bbox 465 731 581 770; x_wconf 91' lang='lat' dir='ltr'><strong>ram</strong></span> <span class='ocrx_word' id='word_1_46' title='bbox 613 716 1019 788; x_wconf 84' lang='lat' dir='ltr'><strong>pugillo?Quis</strong></span> <span class='ocrx_word' id='word_1_47' title='bbox 1064 717 1284 771; x_wconf 81' lang='lat' dir='ltr'><strong>libravit</strong></span> <span class='ocrx_word' id='word_1_48' title='bbox 1328 725 1544 772; x_wconf 80' lang='lat' dir='ltr'><strong>montes</strong></span> <span class='ocrx_word' id='word_1_49' title='bbox 1594 716 1649 770; x_wconf 92' lang='lat' dir='ltr'><strong>in</strong></span> <span class='ocrx_word' id='word_1_50' title='bbox 1702 715 1964 785; x_wconf 89' lang='lat' dir='ltr'><strong>pondere,</strong></span> <span class='ocrx_word' id='word_1_51' title='bbox 1996 723 2051 770; x_wconf 92' lang='lat' dir='ltr'><strong>et</strong></span> 
     </span>
    </p>
   </div>
   <div class='ocr_carea' id='block_1_9' title="bbox 464 807 2052 879">
    <p class='ocr_par' dir='ltr' id='par_1_9' title="bbox 464 807 2052 879">
     <span class='ocr_line' id='line_1_9' title="bbox 464 807 2052 879; baseline -0.001 -15"><span class='ocrx_word' id='word_1_52' title='bbox 464 810 630 864; x_wconf 86' lang='lat' dir='ltr'><strong>colles</strong></span> <span class='ocrx_word' id='word_1_53' title='bbox 662 808 716 863; x_wconf 92' lang='lat' dir='ltr'><strong>in</strong></span> <span class='ocrx_word' id='word_1_54' title='bbox 749 809 990 865; x_wconf 86' lang='lat' dir='ltr'><strong>statera?</strong></span> <span class='ocrx_word' id='word_1_55' title='bbox 1015 807 1150 876; x_wconf 84' lang='lat' dir='ltr'><strong>Quis</strong></span> <span class='ocrx_word' id='word_1_56' title='bbox 1175 810 1432 879; x_wconf 81' lang='lat' dir='ltr'><strong>cognovit</strong></span> <span class='ocrx_word' id='word_1_57' title='bbox 1458 817 1696 863; x_wconf 79' lang='lat' dir='ltr'><strong>mentem</strong></span> <span class='ocrx_word' id='word_1_58' title='bbox 1724 807 1962 871; x_wconf 88' lang='lat' dir='ltr'><strong>Domini,</strong></span> <span class='ocrx_word' id='word_1_59' title='bbox 1996 816 2052 863; x_wconf 91' lang='lat' dir='ltr'><strong>et</strong></span> 
     </span>
    </p>
   </div>
   <div class='ocr_carea' id='block_1_10' title="bbox 380 895 2051 971">
    <p class='ocr_par' dir='ltr' id='par_1_10' title="bbox 380 895 2051 971">
     <span class='ocr_line' id='line_1_10' title="bbox 380 895 2051 971; baseline 0.002 -18"><span class='ocrx_word' id='word_1_60' title='bbox 380 895 387 903; x_wconf 88' lang='grc'><em>’</em></span> <span class='ocrx_word' id='word_1_61' title='bbox 463 900 588 969; x_wconf 87' lang='lat' dir='ltr'><strong>quis</strong></span> <span class='ocrx_word' id='word_1_62' title='bbox 621 901 968 957; x_wconf 87' lang='lat' dir='ltr'><strong>consiliarius</strong></span> <span class='ocrx_word' id='word_1_63' title='bbox 993 903 1113 971; x_wconf 83' lang='lat' dir='ltr'><strong>eius</strong></span> <span class='ocrx_word' id='word_1_64' title='bbox 1144 902 1346 956; x_wconf 73' lang='lat' dir='ltr'><strong>fuit”?</strong></span> <span class='ocrx_word' id='word_1_65' title='bbox 1375 923 1393 954; x_wconf 75' lang='grc' dir='ltr'><strong>ι</strong></span> <span class='ocrx_word' id='word_1_66' title='bbox 1428 902 1673 971; x_wconf 88' lang='lat' dir='ltr'><strong>Itemque</strong></span> <span class='ocrx_word' id='word_1_67' title='bbox 1706 920 1720 955; x_wconf 90' lang='lat'><strong>:</strong></span> <span class='ocrx_word' id='word_1_68' title='bbox 1757 920 1776 952; x_wconf 80' lang='grc' dir='ltr'><strong>ι</strong></span> <span class='ocrx_word' id='word_1_69' title='bbox 1806 901 1910 968; x_wconf 87' lang='lat' dir='ltr'><strong>Qui</strong></span> <span class='ocrx_word' id='word_1_70' title='bbox 1939 911 2051 957; x_wconf 85' lang='lat' dir='ltr'><strong>sta-</strong></span> 
     </span>
    </p>
   </div>
   <div class='ocr_carea' id='block_1_11' title="bbox 462 991 2049 1063">
    <p class='ocr_par' dir='ltr' id='par_1_11' title="bbox 462 991 2049 1063">
     <span class='ocr_line' id='line_1_11' title="bbox 462 991 2049 1063; baseline 0 -17"><span class='ocrx_word' id='word_1_71' title='bbox 462 992 567 1047; x_wconf 90' lang='lat' dir='ltr'><strong>tuit</strong></span> <span class='ocrx_word' id='word_1_72' title='bbox 619 992 773 1063; x_wconf 90' lang='lat' dir='ltr'><strong>quasi</strong></span> <span class='ocrx_word' id='word_1_73' title='bbox 828 1008 1101 1048; x_wconf 89' lang='lat' dir='ltr'><strong>cameram</strong></span> <span class='ocrx_word' id='word_1_74' title='bbox 1152 994 1375 1057; x_wconf 87' lang='lat' dir='ltr'><strong>coelum,</strong></span> <span class='ocrx_word' id='word_1_75' title='bbox 1410 1002 1463 1047; x_wconf 88' lang='lat' dir='ltr'><strong>et</strong></span> <span class='ocrx_word' id='word_1_76' title='bbox 1503 991 1744 1047; x_wconf 81' lang='lat' dir='ltr'><strong>extendit</strong></span> <span class='ocrx_word' id='word_1_77' title='bbox 1772 992 1931 1062; x_wconf 89' lang='lat' dir='ltr'><strong>quasi</strong></span> <span class='ocrx_word' id='word_1_78' title='bbox 1966 1002 2049 1047; x_wconf 90' lang='lat' dir='ltr'><strong>ta-</strong></span> 
     </span>
    </p>
   </div>
   <div class='ocr_carea' id='block_1_12' title="bbox 463 1084 2043 1141">
    <p class='ocr_par' dir='ltr' id='par_1_12' title="bbox 463 1084 2043 1141">
     <span class='ocr_line' id='line_1_12' title="bbox 463 1084 2043 1141; baseline -0.001 0"><span class='ocrx_word' id='word_1_79' title='bbox 463 1084 818 1141; x_wconf 90' lang='lat' dir='ltr'><strong>bernaculum</strong></span> <span class='ocrx_word' id='word_1_80' title='bbox 849 1085 917 1139; x_wconf 89' lang='lat' dir='ltr'><strong>ad</strong></span> <span class='ocrx_word' id='word_1_81' title='bbox 950 1085 1305 1139; x_wconf 88' lang='lat' dir='ltr'><strong>habitandum</strong></span> <span class='ocrx_word' id='word_1_82' title='bbox 1327 1084 1397 1140; x_wconf 73' lang='lat'><strong>&quot;.</strong></span> <span class='ocrx_word' id='word_1_83' title='bbox 1430 1104 1447 1135; x_wconf 73' lang='grc' dir='ltr'><strong>ι</strong></span> <span class='ocrx_word' id='word_1_84' title='bbox 1481 1084 1545 1139; x_wconf 83' lang='grc' dir='ltr'><strong>Ει</strong></span> <span class='ocrx_word' id='word_1_85' title='bbox 1570 1102 1764 1140; x_wconf 80' lang='lat' dir='ltr'><strong>rursus</strong></span> <span class='ocrx_word' id='word_1_86' title='bbox 1787 1102 1801 1139; x_wconf 89' lang='lat'><strong>:</strong></span> <span class='ocrx_word' id='word_1_87' title='bbox 1823 1104 1841 1136; x_wconf 75' lang='grc' dir='ltr'><strong>ι</strong></span> <span class='ocrx_word' id='word_1_88' title='bbox 1875 1084 2043 1140; x_wconf 84' lang='lat' dir='ltr'><strong>Leva-</strong></span> 
     </span>
    </p>
   </div>
   <div class='ocr_carea' id='block_1_13' title="bbox 463 1173 2049 1245">
    <p class='ocr_par' dir='ltr' id='par_1_13' title="bbox 463 1173 2049 1245">
     <span class='ocr_line' id='line_1_13' title="bbox 463 1173 2049 1245; baseline 0 -15"><span class='ocrx_word' id='word_1_89' title='bbox 463 1183 516 1230; x_wconf 85' lang='lat' dir='ltr'><strong>te</strong></span> <span class='ocrx_word' id='word_1_90' title='bbox 562 1174 618 1228; x_wconf 90' lang='lat' dir='ltr'><strong>in</strong></span> <span class='ocrx_word' id='word_1_91' title='bbox 671 1173 953 1230; x_wconf 79' lang='lat' dir='ltr'><strong>excelsum</strong></span> <span class='ocrx_word' id='word_1_92' title='bbox 981 1173 1171 1229; x_wconf 92' lang='lat' dir='ltr'><strong>oculos</strong></span> <span class='ocrx_word' id='word_1_93' title='bbox 1198 1182 1430 1237; x_wconf 90' lang='lat' dir='ltr'><strong>vestros,</strong></span> <span class='ocrx_word' id='word_1_94' title='bbox 1462 1182 1515 1228; x_wconf 92' lang='lat' dir='ltr'><strong>et</strong></span> <span class='ocrx_word' id='word_1_95' title='bbox 1543 1174 1741 1240; x_wconf 85' lang='lat' dir='ltr'><strong>videte,</strong></span> <span class='ocrx_word' id='word_1_96' title='bbox 1772 1175 1896 1245; x_wconf 92' lang='lat' dir='ltr'><strong>quis</strong></span> <span class='ocrx_word' id='word_1_97' title='bbox 1924 1189 2049 1245; x_wconf 91' lang='lat' dir='ltr'><strong>per-</strong></span> 
     </span>
    </p>
   </div>
   <div class='ocr_carea' id='block_1_14' title="bbox 461 1264 2045 1335">
    <p class='ocr_par' dir='ltr' id='par_1_14' title="bbox 461 1264 2045 1335">
     <span class='ocr_line' id='line_1_14' title="bbox 461 1264 2045 1335; baseline 0.001 -15"><span class='ocrx_word' id='word_1_98' title='bbox 461 1265 590 1321; x_wconf 76' lang='lat' dir='ltr'><strong>fecit</strong></span> <span class='ocrx_word' id='word_1_99' title='bbox 639 1265 756 1321; x_wconf 69' lang='lat' dir='ltr'><strong>haec</strong></span> <span class='ocrx_word' id='word_1_100' title='bbox 794 1266 1001 1321; x_wconf 89' lang='lat' dir='ltr'><strong>omnia.</strong></span> <span class='ocrx_word' id='word_1_101' title='bbox 1034 1284 1053 1317; x_wconf 75' lang='grc' dir='ltr'><strong>ι</strong></span> <span class='ocrx_word' id='word_1_102' title='bbox 1091 1264 1158 1320; x_wconf 84' lang='grc' dir='ltr'>Ει</span> <span class='ocrx_word' id='word_1_103' title='bbox 1187 1265 1447 1335; x_wconf 82' lang='lat' dir='ltr'><strong>deinceps</strong></span> <span class='ocrx_word' id='word_1_104' title='bbox 1485 1283 1499 1319; x_wconf 92' lang='lat'><strong>:</strong></span> <span class='ocrx_word' id='word_1_105' title='bbox 1534 1284 1552 1316; x_wconf 76' lang='grc' dir='ltr'><strong>ι</strong></span> <span class='ocrx_word' id='word_1_106' title='bbox 1586 1265 1850 1322; x_wconf 91' lang='lat' dir='ltr'><strong>Dominus</strong></span> <span class='ocrx_word' id='word_1_107' title='bbox 1878 1265 2045 1331; x_wconf 86' lang='lat' dir='ltr'><strong>Deus,</strong></span> 
     </span>
    </p>
   </div>
   <div class='ocr_carea' id='block_1_15' title="bbox 460 1355 2049 1428">
    <p class='ocr_par' dir='ltr' id='par_1_15' title="bbox 460 1355 2049 1428">
     <span class='ocr_line' id='line_1_15' title="bbox 460 1355 2049 1428; baseline 0.001 -16"><span class='ocrx_word' id='word_1_108' title='bbox 460 1357 556 1427; x_wconf 91' lang='lat' dir='ltr'><strong>qui</strong></span> <span class='ocrx_word' id='word_1_109' title='bbox 602 1355 732 1413; x_wconf 83' lang='lat' dir='ltr'><strong>fecit</strong></span> <span class='ocrx_word' id='word_1_110' title='bbox 778 1357 1001 1423; x_wconf 63' lang='lat' dir='ltr'><strong>caelum,</strong></span> <span class='ocrx_word' id='word_1_111' title='bbox 1039 1366 1094 1411; x_wconf 89' lang='lat' dir='ltr'><strong>et</strong></span> <span class='ocrx_word' id='word_1_112' title='bbox 1130 1357 1395 1413; x_wconf 86' lang='lat' dir='ltr'><strong>stabilivit</strong></span> <span class='ocrx_word' id='word_1_113' title='bbox 1422 1358 1597 1427; x_wconf 88' lang='lat' dir='ltr'><strong>ipsum</strong></span> <span class='ocrx_word' id='word_1_114' title='bbox 1633 1377 1645 1412; x_wconf 95' lang='lat'><strong>:</strong></span> <span class='ocrx_word' id='word_1_115' title='bbox 1677 1360 1769 1428; x_wconf 91' lang='lat' dir='ltr'><strong>qui</strong></span> <span class='ocrx_word' id='word_1_116' title='bbox 1810 1359 2049 1413; x_wconf 89' lang='lat' dir='ltr'><strong>ﬁrmavit</strong></span> 
     </span>
    </p>
   </div>
   <div class='ocr_carea' id='block_1_16' title="bbox 461 1446 2043 1517">
    <p class='ocr_par' dir='ltr' id='par_1_16' title="bbox 461 1446 2043 1517">
     <span class='ocr_line' id='line_1_16' title="bbox 461 1446 2043 1517; baseline -0.001 -15"><span class='ocrx_word' id='word_1_117' title='bbox 461 1456 689 1514; x_wconf 88' lang='lat' dir='ltr'><strong>terram,</strong></span> <span class='ocrx_word' id='word_1_118' title='bbox 718 1454 773 1502; x_wconf 90' lang='lat' dir='ltr'><strong>et</strong></span> <span class='ocrx_word' id='word_1_119' title='bbox 817 1462 939 1517; x_wconf 68' lang='lat' dir='ltr'><strong>quae</strong></span> <span class='ocrx_word' id='word_1_120' title='bbox 993 1448 1048 1502; x_wconf 91' lang='lat' dir='ltr'><strong>in</strong></span> <span class='ocrx_word' id='word_1_121' title='bbox 1092 1462 1156 1503; x_wconf 87' lang='lat' dir='ltr'><strong>ea</strong></span> <span class='ocrx_word' id='word_1_122' title='bbox 1208 1456 1382 1503; x_wconf 87' lang='lat' dir='ltr'><strong>sunt:</strong></span> <span class='ocrx_word' id='word_1_123' title='bbox 1423 1448 1559 1502; x_wconf 90' lang='lat' dir='ltr'><strong>dans</strong></span> <span class='ocrx_word' id='word_1_124' title='bbox 1596 1446 1786 1501; x_wconf 85' lang='lat' dir='ltr'><strong>ﬂatum</strong></span> <span class='ocrx_word' id='word_1_125' title='bbox 1821 1448 2043 1516; x_wconf 89' lang='lat' dir='ltr'><strong>populo,</strong></span> 
     </span>
    </p>
   </div>
   <div class='ocr_carea' id='block_1_17' title="bbox 462 1537 2042 1608">
    <p class='ocr_par' dir='ltr' id='par_1_17' title="bbox 462 1537 2042 1608">
     <span class='ocr_line' id='line_1_17' title="bbox 462 1537 2042 1608; baseline -0.001 -16"><span class='ocrx_word' id='word_1_126' title='bbox 462 1537 558 1608; x_wconf 91' lang='lat' dir='ltr'><strong>qui</strong></span> <span class='ocrx_word' id='word_1_127' title='bbox 611 1546 696 1592; x_wconf 89' lang='lat' dir='ltr'><strong>est</strong></span> <span class='ocrx_word' id='word_1_128' title='bbox 739 1553 904 1607; x_wconf 89' lang='lat' dir='ltr'><strong>super</strong></span> <span class='ocrx_word' id='word_1_129' title='bbox 949 1553 1094 1603; x_wconf 93' lang='lat' dir='ltr'><strong>eam,</strong></span> <span class='ocrx_word' id='word_1_130' title='bbox 1125 1545 1180 1592; x_wconf 91' lang='lat' dir='ltr'><strong>et</strong></span> <span class='ocrx_word' id='word_1_131' title='bbox 1223 1537 1475 1606; x_wconf 87' lang='lat' dir='ltr'><strong>spiritum</strong></span> <span class='ocrx_word' id='word_1_132' title='bbox 1507 1537 1843 1593; x_wconf 84' lang='lat' dir='ltr'><strong>calcantibus</strong></span> <span class='ocrx_word' id='word_1_133' title='bbox 1873 1553 1992 1592; x_wconf 88' lang='lat' dir='ltr'><strong>eam</strong></span> <span class='ocrx_word' id='word_1_134' title='bbox 2029 1556 2042 1591; x_wconf 89' lang='lat'><strong>:</strong></span> 
     </span>
    </p>
   </div>
   <div class='ocr_carea' id='block_1_18' title="bbox 459 1627 2045 1700">
    <p class='ocr_par' dir='ltr' id='par_1_18' title="bbox 459 1627 2045 1700">
     <span class='ocr_line' id='line_1_18' title="bbox 459 1627 2045 1700; baseline 0.001 -17"><span class='ocrx_word' id='word_1_135' title='bbox 459 1644 562 1700; x_wconf 80' lang='lat' dir='ltr'><strong>ego</strong></span> <span class='ocrx_word' id='word_1_136' title='bbox 618 1629 884 1686; x_wconf 89' lang='lat' dir='ltr'><strong>Dominus</strong></span> <span class='ocrx_word' id='word_1_137' title='bbox 937 1629 1102 1685; x_wconf 91' lang='lat' dir='ltr'><strong>Deus.</strong></span> <span class='ocrx_word' id='word_1_138' title='bbox 1129 1649 1148 1682; x_wconf 71' lang='grc' dir='ltr'><strong>ι</strong></span> <span class='ocrx_word' id='word_1_139' title='bbox 1182 1629 1248 1683; x_wconf 85' lang='grc' dir='ltr'>Ει</span> <span class='ocrx_word' id='word_1_140' title='bbox 1275 1629 1534 1697; x_wconf 87' lang='lat' dir='ltr'><strong>deinceps</strong></span> <span class='ocrx_word' id='word_1_141' title='bbox 1566 1648 1582 1683; x_wconf 86' lang='lat'><strong>:</strong></span> <span class='ocrx_word' id='word_1_142' title='bbox 1621 1648 1639 1681; x_wconf 88' lang='grc'><strong>‹</strong></span> <span class='ocrx_word' id='word_1_143' title='bbox 1672 1627 1902 1684; x_wconf 78' lang='lat' dir='ltr'><strong>Extendi</strong></span> <span class='ocrx_word' id='word_1_144' title='bbox 1929 1645 2045 1685; x_wconf 73' lang='lat' dir='ltr'><strong>cce—</strong></span> 
     </span>
    </p>
   </div>
   <div class='ocr_carea' id='block_1_19' title="bbox 460 1722 2045 1793">
    <p class='ocr_par' dir='ltr' id='par_1_19' title="bbox 460 1722 2045 1793">
     <span class='ocr_line' id='line_1_19' title="bbox 460 1722 2045 1793; baseline 0.002 -17"><span class='ocrx_word' id='word_1_145' title='bbox 460 1723 573 1776; x_wconf 89' lang='lat' dir='ltr'><strong>lum</strong></span> <span class='ocrx_word' id='word_1_146' title='bbox 603 1722 774 1786; x_wconf 80' lang='lat' dir='ltr'><strong>solus,</strong></span> <span class='ocrx_word' id='word_1_147' title='bbox 803 1731 858 1777; x_wconf 91' lang='lat' dir='ltr'><strong>et</strong></span> <span class='ocrx_word' id='word_1_148' title='bbox 890 1723 1105 1777; x_wconf 88' lang='lat' dir='ltr'><strong>ﬁrmavi</strong></span> <span class='ocrx_word' id='word_1_149' title='bbox 1161 1730 1361 1776; x_wconf 89' lang='lat' dir='ltr'><strong>terram</strong></span> <span class='ocrx_word' id='word_1_150' title='bbox 1399 1740 1412 1776; x_wconf 91' lang='lat'><strong>:</strong></span> <span class='ocrx_word' id='word_1_151' title='bbox 1441 1722 1605 1793; x_wconf 83' lang='lat'><strong>319</strong></span> <span class='ocrx_word' id='word_1_152' title='bbox 1643 1737 1744 1793; x_wconf 82' lang='lat' dir='ltr'><strong>ego</strong></span> <span class='ocrx_word' id='word_1_153' title='bbox 1779 1722 2045 1779; x_wconf 89' lang='lat' dir='ltr'><strong>Dominus</strong></span> 
     </span>
    </p>
   </div>
   <div class='ocr_carea' id='block_1_20' title="bbox 2155 506 3734 590">
    <p class='ocr_par' dir='ltr' id='par_1_20' title="bbox 2155 506 3734 590">
     <span class='ocr_line' id='line_1_20' title="bbox 2155 506 3734 590; baseline -0.008 -17"><span class='ocrx_word' id='word_1_154' title='bbox 2155 519 2389 590; x_wconf 79' lang='grc' dir='ltr'>ϐλέψατε</span> <span class='ocrx_word' id='word_1_155' title='bbox 2442 519 2524 582; x_wconf 79' lang='grc' dir='ltr'><strong>εἰς</strong></span> <span class='ocrx_word' id='word_1_156' title='bbox 2582 516 2645 570; x_wconf 87' lang='grc' dir='ltr'><strong>τὸ</strong></span> <span class='ocrx_word' id='word_1_157' title='bbox 2699 514 2833 586; x_wconf 78' lang='grc' dir='ltr'>ὕψος</span> <span class='ocrx_word' id='word_1_158' title='bbox 2883 514 3009 576; x_wconf 76' lang='grc' dir='ltr'>τοὺς</span> <span class='ocrx_word' id='word_1_159' title='bbox 3057 509 3370 581; x_wconf 79' lang='grc' dir='ltr'>ὀφθαλμοὺς</span> <span class='ocrx_word' id='word_1_160' title='bbox 3418 506 3595 579; x_wconf 85' lang='grc' dir='ltr'>ὑμῶν,</span> <span class='ocrx_word' id='word_1_161' title='bbox 3645 509 3734 561; x_wconf 78' lang='lat' dir='ltr'><strong>xal</strong></span> 
     </span>
    </p>
   </div>
   <div class='ocr_carea' id='block_1_21' title="bbox 2156 601 3732 676">
    <p class='ocr_par' dir='ltr' id='par_1_21' title="bbox 2156 601 3732 676">
     <span class='ocr_line' id='line_1_21' title="bbox 2156 601 3732 676; baseline -0.008 -12"><span class='ocrx_word' id='word_1_162' title='bbox 2156 612 2316 676; x_wconf 84' lang='grc' dir='ltr'>ῐδετε,</span> <span class='ocrx_word' id='word_1_163' title='bbox 2346 610 2430 675; x_wconf 85' lang='grc' dir='ltr'><strong>τίς</strong></span> <span class='ocrx_word' id='word_1_164' title='bbox 2465 608 2740 673; x_wconf 80' lang='grc' dir='ltr'><strong>κατέδειξε</strong></span> <span class='ocrx_word' id='word_1_165' title='bbox 2764 607 2940 662; x_wconf 78' lang='grc' dir='ltr'>ταῦτα</span> <span class='ocrx_word' id='word_1_166' title='bbox 2978 604 3174 658; x_wconf 90' lang='grc' dir='ltr'>πάντα.</span> <span class='ocrx_word' id='word_1_167' title='bbox 3219 622 3237 654; x_wconf 73' lang='grc' dir='ltr'><strong>ι</strong></span> <span class='ocrx_word' id='word_1_168' title='bbox 3260 602 3369 655; x_wconf 87' lang='lat' dir='ltr'><strong>Kal</strong></span> <span class='ocrx_word' id='word_1_169' title='bbox 3390 601 3515 672; x_wconf 78' lang='grc' dir='ltr'><strong>ἑξῆς</strong></span> <span class='ocrx_word' id='word_1_170' title='bbox 3539 619 3553 631; x_wconf 88' lang='grc'>·</span> <span class='ocrx_word' id='word_1_171' title='bbox 3580 621 3598 652; x_wconf 79' lang='grc' dir='ltr'><strong>ι</strong></span> <span class='ocrx_word' id='word_1_172' title='bbox 3623 601 3732 653; x_wconf 82' lang='grc' dir='ltr'><strong>Κύ-</strong></span> 
     </span>
    </p>
   </div>
   <div class='ocr_carea' id='block_1_22' title="bbox 2155 693 3731 775">
    <p class='ocr_par' dir='ltr' id='par_1_22' title="bbox 2155 693 3731 775">
     <span class='ocr_line' id='line_1_22' title="bbox 2155 693 3731 775; baseline -0.006 -17"><span class='ocrx_word' id='word_1_173' title='bbox 2155 721 2270 775; x_wconf 84' lang='grc' dir='ltr'>ριος</span> <span class='ocrx_word' id='word_1_174' title='bbox 2291 706 2319 757; x_wconf 94' lang='lat'><strong>6</strong></span> <span class='ocrx_word' id='word_1_175' title='bbox 2339 703 2474 767; x_wconf 82' lang='grc' dir='ltr'>Θεὸς</span> <span class='ocrx_word' id='word_1_176' title='bbox 2500 704 2529 756; x_wconf 93' lang='lat'><strong>6</strong></span> <span class='ocrx_word' id='word_1_177' title='bbox 2559 703 2788 772; x_wconf 82' lang='grc' dir='ltr'><strong>ποιήσας</strong></span> <span class='ocrx_word' id='word_1_178' title='bbox 2815 698 2905 752; x_wconf 88' lang='grc' dir='ltr'><strong>τὸν</strong></span> <span class='ocrx_word' id='word_1_179' title='bbox 2938 696 3166 770; x_wconf 86' lang='grc' dir='ltr'>οὐρανὸν</span> <span class='ocrx_word' id='word_1_180' title='bbox 3184 735 3200 762; x_wconf 88' lang='grc'><strong>,</strong></span> <span class='ocrx_word' id='word_1_181' title='bbox 3235 696 3330 749; x_wconf 76' lang='grc' dir='ltr'>καὶ</span> <span class='ocrx_word' id='word_1_182' title='bbox 3359 694 3536 765; x_wconf 80' lang='grc' dir='ltr'>πήξας</span> <span class='ocrx_word' id='word_1_183' title='bbox 3560 693 3731 757; x_wconf 83' lang='grc' dir='ltr'>αὑτὸν,</span> 
     </span>
    </p>
   </div>
   <div class='ocr_carea' id='block_1_23' title="bbox 2151 788 3733 867">
    <p class='ocr_par' dir='ltr' id='par_1_23' title="bbox 2151 788 3733 867">
     <span class='ocr_line' id='line_1_23' title="bbox 2151 788 3733 867; baseline -0.006 -17"><span class='ocrx_word' id='word_1_184' title='bbox 2151 798 2180 851; x_wconf 92' lang='lat'><strong>6</strong></span> <span class='ocrx_word' id='word_1_185' title='bbox 2221 794 2532 867; x_wconf 85' lang='grc' dir='ltr'>στερεώσας</span> <span class='ocrx_word' id='word_1_186' title='bbox 2581 793 2679 867; x_wconf 80' lang='grc' dir='ltr'><strong>τήν</strong></span> <span class='ocrx_word' id='word_1_187' title='bbox 2730 795 2835 865; x_wconf 84' lang='grc' dir='ltr'><strong>γῆν</strong></span> <span class='ocrx_word' id='word_1_188' title='bbox 2884 794 2978 847; x_wconf 60' lang='grc' dir='ltr'><strong>καὶ¹</strong></span> <span class='ocrx_word' id='word_1_189' title='bbox 3028 790 3099 844; x_wconf 84' lang='grc' dir='ltr'>τὰ</span> <span class='ocrx_word' id='word_1_190' title='bbox 3130 793 3188 845; x_wconf 89' lang='grc' dir='ltr'><strong>ἐν</strong></span> <span class='ocrx_word' id='word_1_191' title='bbox 3226 791 3385 861; x_wconf 84' lang='grc' dir='ltr'>αὑτῇ,</span> <span class='ocrx_word' id='word_1_192' title='bbox 3432 789 3526 843; x_wconf 79' lang='grc' dir='ltr'><strong>καὶ</strong></span> <span class='ocrx_word' id='word_1_193' title='bbox 3565 788 3733 851; x_wconf 66' lang='grc' dir='ltr'>διδοὺς</span> 
     </span>
    </p>
   </div>
   <div class='ocr_carea' id='block_1_24' title="bbox 2152 878 3734 959">
    <p class='ocr_par' dir='ltr' id='par_1_24' title="bbox 2152 878 3734 959">
     <span class='ocr_line' id='line_1_24' title="bbox 2152 878 3734 959; baseline -0.006 -18"><span class='ocrx_word' id='word_1_194' title='bbox 2152 886 2321 959; x_wconf 80' lang='grc' dir='ltr'>πνοὴν</span> <span class='ocrx_word' id='word_1_195' title='bbox 2348 886 2428 958; x_wconf 84' lang='grc' dir='ltr'>τῷ</span> <span class='ocrx_word' id='word_1_196' title='bbox 2450 885 2565 957; x_wconf 82' lang='grc' dir='ltr'>λαῷ</span> <span class='ocrx_word' id='word_1_197' title='bbox 2588 885 2665 957; x_wconf 81' lang='grc' dir='ltr'>τῷ</span> <span class='ocrx_word' id='word_1_198' title='bbox 2691 887 2778 940; x_wconf 86' lang='grc' dir='ltr'>ἐπ’</span> <span class='ocrx_word' id='word_1_199' title='bbox 2816 885 3007 955; x_wconf 80' lang='grc' dir='ltr'>αὑτῆς,</span> <span class='ocrx_word' id='word_1_200' title='bbox 3040 884 3133 937; x_wconf 77' lang='grc' dir='ltr'>καὶ</span> <span class='ocrx_word' id='word_1_201' title='bbox 3162 881 3381 953; x_wconf 81' lang='grc' dir='ltr'>πνεῦμα</span> <span class='ocrx_word' id='word_1_202' title='bbox 3401 883 3515 945; x_wconf 86' lang='grc' dir='ltr'>τοῖς</span> <span class='ocrx_word' id='word_1_203' title='bbox 3537 878 3734 933; x_wconf 86' lang='grc' dir='ltr'>πατοῦ-</span> 
     </span>
    </p>
   </div>
   <div class='ocr_carea' id='block_1_25' title="bbox 2153 973 3733 1051">
    <p class='ocr_par' dir='ltr' id='par_1_25' title="bbox 2153 973 3733 1051">
     <span class='ocr_line' id='line_1_25' title="bbox 2153 973 3733 1051; baseline -0.006 -17"><span class='ocrx_word' id='word_1_204' title='bbox 2153 997 2237 1034; x_wconf 92' lang='grc' dir='ltr'><strong>σιν</strong></span> <span class='ocrx_word' id='word_1_205' title='bbox 2270 979 2459 1051; x_wconf 85' lang='grc' dir='ltr'>αὐτὴν,</span> <span class='ocrx_word' id='word_1_206' title='bbox 2494 978 2606 1050; x_wconf 87' lang='grc' dir='ltr'><strong>ἐγὼ</strong></span> <span class='ocrx_word' id='word_1_207' title='bbox 2636 977 2840 1049; x_wconf 83' lang='grc' dir='ltr'>Κύριος</span> <span class='ocrx_word' id='word_1_208' title='bbox 2861 979 2889 1030; x_wconf 98' lang='lat'><strong>6</strong></span> <span class='ocrx_word' id='word_1_209' title='bbox 2916 977 3065 1039; x_wconf 90' lang='grc' dir='ltr'>Θεός.</span> <span class='ocrx_word' id='word_1_210' title='bbox 3082 996 3101 1028; x_wconf 72' lang='grc' dir='ltr'><strong>ι</strong></span> <span class='ocrx_word' id='word_1_211' title='bbox 3130 977 3241 1029; x_wconf 90' lang='lat' dir='ltr'><strong>Kal</strong></span> <span class='ocrx_word' id='word_1_212' title='bbox 3258 974 3403 1044; x_wconf 72' lang='grc' dir='ltr'>ἑξῆς·</span> <span class='ocrx_word' id='word_1_213' title='bbox 3426 991 3446 1025; x_wconf 70' lang='grc' dir='ltr'><strong>ι</strong></span> <span class='ocrx_word' id='word_1_214' title='bbox 3468 973 3733 1038; x_wconf 80' lang='grc' dir='ltr'>Ἐξέτεινα</span> 
     </span>
    </p>
   </div>
   <div class='ocr_carea' id='block_1_26' title="bbox 2149 1060 3736 1143">
    <p class='ocr_par' dir='ltr' id='par_1_26' title="bbox 2149 1060 3736 1143">
     <span class='ocr_line' id='line_1_26' title="bbox 2149 1060 3736 1143; baseline -0.007 -17"><span class='ocrx_word' id='word_1_215' title='bbox 2149 1074 2240 1126; x_wconf 84' lang='grc' dir='ltr'><strong>τὸν</strong></span> <span class='ocrx_word' id='word_1_216' title='bbox 2259 1072 2486 1143; x_wconf 90' lang='grc' dir='ltr'>οὑρανὸν</span> <span class='ocrx_word' id='word_1_217' title='bbox 2512 1072 2693 1141; x_wconf 83' lang='grc' dir='ltr'><strong>μόνος,</strong></span> <span class='ocrx_word' id='word_1_218' title='bbox 2734 1069 2829 1123; x_wconf 78' lang='grc' dir='ltr'>καὶ</span> <span class='ocrx_word' id='word_1_219' title='bbox 2858 1067 3169 1139; x_wconf 82' lang='grc' dir='ltr'>ἐστερέωσα</span> <span class='ocrx_word' id='word_1_220' title='bbox 3196 1065 3295 1136; x_wconf 84' lang='grc' dir='ltr'>τὴν</span> <span class='ocrx_word' id='word_1_221' title='bbox 3318 1066 3421 1135; x_wconf 78' lang='grc' dir='ltr'>γῆν</span> <span class='ocrx_word' id='word_1_222' title='bbox 3438 1080 3452 1092; x_wconf 94' lang='grc'><strong>·</strong></span> <span class='ocrx_word' id='word_1_223' title='bbox 3489 1062 3600 1131; x_wconf 85' lang='grc' dir='ltr'><strong>ἐγὼ</strong></span> <span class='ocrx_word' id='word_1_224' title='bbox 3625 1060 3736 1115; x_wconf 85' lang='grc' dir='ltr'><strong>Κύ-</strong></span> 
     </span>
    </p>
   </div>
   <div class='ocr_carea' id='block_1_27' title="bbox 2153 1152 3737 1237">
    <p class='ocr_par' dir='ltr' id='par_1_27' title="bbox 2153 1152 3737 1237">
     <span class='ocr_line' id='line_1_27' title="bbox 2153 1152 3737 1237; baseline -0.007 -20"><span class='ocrx_word' id='word_1_225' title='bbox 2153 1181 2266 1237; x_wconf 92' lang='grc' dir='ltr'>ριος</span> <span class='ocrx_word' id='word_1_226' title='bbox 2293 1166 2321 1217; x_wconf 88' lang='grc' dir='ltr'><strong>ὀ</strong></span> <span class='ocrx_word' id='word_1_227' title='bbox 2346 1162 2480 1227; x_wconf 87' lang='grc' dir='ltr'>Θεός</span> <span class='ocrx_word' id='word_1_228' title='bbox 2499 1180 2513 1193; x_wconf 71' lang='grc'><strong>⁸</strong></span> <span class='ocrx_word' id='word_1_229' title='bbox 2546 1162 2647 1216; x_wconf 87' lang='grc' dir='ltr'><strong>οὑκ</strong></span> <span class='ocrx_word' id='word_1_230' title='bbox 2670 1160 2785 1214; x_wconf 77' lang='grc' dir='ltr'>ἔστι</span> <span class='ocrx_word' id='word_1_231' title='bbox 2816 1158 2954 1230; x_wconf 86' lang='grc' dir='ltr'>πλὴν</span> <span class='ocrx_word' id='word_1_232' title='bbox 2980 1158 3137 1230; x_wconf 78' lang='grc' dir='ltr'>ἐμοῦ.</span> <span class='ocrx_word' id='word_1_233' title='bbox 3171 1177 3191 1209; x_wconf 68' lang='grc' dir='ltr'><strong>ι</strong></span> <span class='ocrx_word' id='word_1_234' title='bbox 3217 1159 3327 1211; x_wconf 85' lang='lat' dir='ltr'><strong>Kal</strong></span> <span class='ocrx_word' id='word_1_235' title='bbox 3360 1155 3520 1209; x_wconf 82' lang='grc' dir='ltr'>πάλιν</span> <span class='ocrx_word' id='word_1_236' title='bbox 3542 1172 3557 1186; x_wconf 78' lang='grc'><em>’</em></span> <span class='ocrx_word' id='word_1_237' title='bbox 3592 1174 3611 1206; x_wconf 75' lang='grc' dir='ltr'><strong>ι</strong></span> <span class='ocrx_word' id='word_1_238' title='bbox 3630 1152 3737 1207; x_wconf 68' lang='lat'><strong>05-</strong></span> 
     </span>
    </p>
   </div>
   <div class='ocr_carea' id='block_1_28' title="bbox 2147 1247 3739 1328">
    <p class='ocr_par' dir='ltr' id='par_1_28' title="bbox 2147 1247 3739 1328">
     <span class='ocr_line' id='line_1_28' title="bbox 2147 1247 3739 1328; baseline -0.006 -19"><span class='ocrx_word' id='word_1_239' title='bbox 2147 1273 2256 1319; x_wconf 88' lang='grc' dir='ltr'><strong>τως</strong></span> <span class='ocrx_word' id='word_1_240' title='bbox 2289 1257 2465 1328; x_wconf 84' lang='grc' dir='ltr'>ἐρεῖτε</span> <span class='ocrx_word' id='word_1_241' title='bbox 2498 1255 2715 1317; x_wconf 70' lang='grc' dir='ltr'>αὑτοῖς*</span> <span class='ocrx_word' id='word_1_242' title='bbox 2749 1252 2893 1317; x_wconf 75' lang='grc' dir='ltr'>Θεοὶ,</span> <span class='ocrx_word' id='word_1_243' title='bbox 2920 1251 2969 1305; x_wconf 85' lang='grc' dir='ltr'>οἳ</span> <span class='ocrx_word' id='word_1_244' title='bbox 3002 1251 3093 1305; x_wconf 88' lang='grc' dir='ltr'><strong>τὸν</strong></span> <span class='ocrx_word' id='word_1_245' title='bbox 3123 1250 3350 1324; x_wconf 75' lang='grc' dir='ltr'>οὐρανὸν</span> <span class='ocrx_word' id='word_1_246' title='bbox 3388 1249 3481 1302; x_wconf 74' lang='grc' dir='ltr'><strong>καὶ</strong></span> <span class='ocrx_word' id='word_1_247' title='bbox 3506 1247 3602 1319; x_wconf 85' lang='grc' dir='ltr'>τὴν</span> <span class='ocrx_word' id='word_1_248' title='bbox 3631 1249 3739 1319; x_wconf 76' lang='grc' dir='ltr'>γῆν</span> 
     </span>
    </p>
   </div>
   <div class='ocr_carea' id='block_1_29' title="bbox 2149 1339 3731 1418">
    <p class='ocr_par' dir='ltr' id='par_1_29' title="bbox 2149 1339 3731 1418">
     <span class='ocr_line' id='line_1_29' title="bbox 2149 1339 3731 1418; baseline -0.004 -18"><span class='ocrx_word' id='word_1_249' title='bbox 2149 1349 2247 1400; x_wconf 86' lang='grc' dir='ltr'><strong>οὐκ</strong></span> <span class='ocrx_word' id='word_1_250' title='bbox 2277 1347 2559 1418; x_wconf 85' lang='grc' dir='ltr'>ἐποίησαν,</span> <span class='ocrx_word' id='word_1_251' title='bbox 2591 1343 2978 1399; x_wconf 85' lang='grc' dir='ltr'>ἀπολέσθωσαν</span> <span class='ocrx_word' id='word_1_252' title='bbox 3010 1342 3119 1396; x_wconf 88' lang='grc' dir='ltr'>ἀπὸ</span> <span class='ocrx_word' id='word_1_253' title='bbox 3152 1340 3441 1414; x_wconf 79' lang='grc' dir='ltr'><strong>προσώπου</strong></span> <span class='ocrx_word' id='word_1_254' title='bbox 3474 1340 3576 1410; x_wconf 81' lang='grc' dir='ltr'>τῆς</span> <span class='ocrx_word' id='word_1_255' title='bbox 3607 1339 3731 1410; x_wconf 84' lang='grc' dir='ltr'>γῆς,</span> 
     </span>
    </p>
   </div>
   <div class='ocr_carea' id='block_1_30' title="bbox 2149 1431 3734 1506">
    <p class='ocr_par' dir='ltr' id='par_1_30' title="bbox 2149 1431 3734 1506">
     <span class='ocr_line' id='line_1_30' title="bbox 2149 1431 3734 1506; baseline -0.004 -14"><span class='ocrx_word' id='word_1_256' title='bbox 2149 1439 2243 1492; x_wconf 74' lang='grc' dir='ltr'><strong>καὶ</strong></span> <span class='ocrx_word' id='word_1_257' title='bbox 2270 1437 2621 1492; x_wconf 82' lang='grc' dir='ltr'>ὑποκάτωθεν</span> <span class='ocrx_word' id='word_1_258' title='bbox 2652 1435 2747 1489; x_wconf 81' lang='grc' dir='ltr'>τοῦ</span> <span class='ocrx_word' id='word_1_259' title='bbox 2780 1434 3032 1506; x_wconf 78' lang='grc' dir='ltr'>ούρανοῦ.</span> <span class='ocrx_word' id='word_1_260' title='bbox 3064 1434 3268 1505; x_wconf 86' lang='grc' dir='ltr'>Κύριος</span> <span class='ocrx_word' id='word_1_261' title='bbox 3300 1435 3328 1486; x_wconf 89' lang='lat'><strong>6</strong></span> <span class='ocrx_word' id='word_1_262' title='bbox 3377 1433 3606 1502; x_wconf 80' lang='grc' dir='ltr'>ποιήσας</span> <span class='ocrx_word' id='word_1_263' title='bbox 3632 1431 3734 1503; x_wconf 78' lang='grc' dir='ltr'>τὴν</span> 
     </span>
    </p>
   </div>
   <div class='ocr_carea' id='block_1_31' title="bbox 2148 1524 3733 1602">
    <p class='ocr_par' dir='ltr' id='par_1_31' title="bbox 2148 1524 3733 1602">
     <span class='ocr_line' id='line_1_31' title="bbox 2148 1524 3733 1602; baseline -0.004 -18"><span class='ocrx_word' id='word_1_264' title='bbox 2148 1531 2251 1601; x_wconf 82' lang='grc' dir='ltr'><strong>γῆν</strong></span> <span class='ocrx_word' id='word_1_265' title='bbox 2283 1532 2341 1585; x_wconf 84' lang='grc' dir='ltr'><strong>ἐν</strong></span> <span class='ocrx_word' id='word_1_266' title='bbox 2367 1533 2432 1602; x_wconf 79' lang='grc' dir='ltr'>τῇ</span> <span class='ocrx_word' id='word_1_267' title='bbox 2471 1529 2616 1600; x_wconf 73' lang='grc' dir='ltr'>ἰσχύϊ</span> <span class='ocrx_word' id='word_1_268' title='bbox 2652 1528 2817 1582; x_wconf 73' lang='grc' dir='ltr'>αὑτοῦ</span> <span class='ocrx_word' id='word_1_269' title='bbox 2845 1526 3140 1599; x_wconf 81' lang='grc' dir='ltr'>ἁνώρθωσε</span> <span class='ocrx_word' id='word_1_270' title='bbox 3170 1525 3267 1597; x_wconf 86' lang='grc' dir='ltr'><strong>τὴν</strong></span> <span class='ocrx_word' id='word_1_271' title='bbox 3317 1524 3641 1596; x_wconf 81' lang='grc' dir='ltr'>οἰκουμένην</span> <span class='ocrx_word' id='word_1_272' title='bbox 3672 1524 3733 1578; x_wconf 82' lang='grc' dir='ltr'><strong>ἐν</strong></span> 
     </span>
    </p>
   </div>
   <div class='ocr_carea' id='block_1_32' title="bbox 2146 1614 3733 1691">
    <p class='ocr_par' dir='ltr' id='par_1_32' title="bbox 2146 1614 3733 1691">
     <span class='ocr_line' id='line_1_32' title="bbox 2146 1614 3733 1691; baseline -0.002 -21"><span class='ocrx_word' id='word_1_273' title='bbox 2146 1621 2212 1689; x_wconf 78' lang='grc' dir='ltr'>τῇ</span> <span class='ocrx_word' id='word_1_274' title='bbox 2239 1619 2401 1691; x_wconf 81' lang='grc' dir='ltr'>σοφίᾳ</span> <span class='ocrx_word' id='word_1_275' title='bbox 2431 1617 2629 1684; x_wconf 82' lang='grc' dir='ltr'>αὑτοῦ,</span> <span class='ocrx_word' id='word_1_276' title='bbox 2682 1619 2777 1672; x_wconf 77' lang='grc' dir='ltr'>καὶ</span> <span class='ocrx_word' id='word_1_277' title='bbox 2824 1619 2881 1670; x_wconf 87' lang='grc' dir='ltr'><strong>ἐν</strong></span> <span class='ocrx_word' id='word_1_278' title='bbox 2912 1620 2979 1689; x_wconf 79' lang='grc' dir='ltr'>τῇ</span> <span class='ocrx_word' id='word_1_279' title='bbox 3008 1617 3268 1688; x_wconf 79' lang='grc' dir='ltr'>φρονήσει</span> <span class='ocrx_word' id='word_1_280' title='bbox 3300 1615 3463 1669; x_wconf 84' lang='grc' dir='ltr'>αὑτοῦ</span> <span class='ocrx_word' id='word_1_281' title='bbox 3498 1614 3733 1681; x_wconf 78' lang='grc' dir='ltr'>ἐξέτεινε</span> 
     </span>
    </p>
   </div>
   <div class='ocr_carea' id='block_1_33' title="bbox 2146 1707 3729 1782">
    <p class='ocr_par' dir='ltr' id='par_1_33' title="bbox 2146 1707 3729 1782">
     <span class='ocr_line' id='line_1_33' title="bbox 2146 1707 3729 1782; baseline -0.001 -19"><span class='ocrx_word' id='word_1_282' title='bbox 2146 1710 2236 1764; x_wconf 87' lang='grc' dir='ltr'><strong>τὸν</strong></span> <span class='ocrx_word' id='word_1_283' title='bbox 2252 1711 2499 1780; x_wconf 84' lang='grc' dir='ltr'>οὐρανὸν,</span> <span class='ocrx_word' id='word_1_284' title='bbox 2522 1711 2615 1764; x_wconf 83' lang='grc' dir='ltr'><strong>καί</strong></span> <span class='ocrx_word' id='word_1_285' title='bbox 2637 1711 2880 1782; x_wconf 80' lang='grc' dir='ltr'>ἀνήγαγε</span> <span class='ocrx_word' id='word_1_286' title='bbox 2907 1708 3134 1778; x_wconf 83' lang='grc' dir='ltr'>νεφέλας</span> <span class='ocrx_word' id='word_1_287' title='bbox 3157 1707 3216 1773; x_wconf 84' lang='grc' dir='ltr'><strong>ἐξ</strong></span> <span class='ocrx_word' id='word_1_288' title='bbox 3234 1708 3461 1779; x_wconf 77' lang='grc' dir='ltr'>ἐσχάτου</span> <span class='ocrx_word' id='word_1_289' title='bbox 3483 1707 3583 1778; x_wconf 81' lang='grc' dir='ltr'>τῆς</span> <span class='ocrx_word' id='word_1_290' title='bbox 3604 1710 3729 1780; x_wconf 67' lang='grc' dir='ltr'>γῆς*</span> 
     </span>
    </p>
   </div>
   <div class='ocr_carea' id='block_1_34' title="bbox 460 1782 2031 1882">
    <p class='ocr_par' dir='ltr' id='par_1_34' title="bbox 460 1782 2031 1882">
     <span class='ocr_line' id='line_1_34' title="bbox 460 1782 2031 1882; baseline 0.001 -16"><span class='ocrx_word' id='word_1_291' title='bbox 460 1810 608 1868; x_wconf 88' lang='lat' dir='ltr'><strong>Deus</strong></span> <span class='ocrx_word' id='word_1_292' title='bbox 637 1832 652 1868; x_wconf 92' lang='lat'><strong>:</strong></span> <span class='ocrx_word' id='word_1_293' title='bbox 687 1813 872 1869; x_wconf 85' lang='lat' dir='ltr'><strong>nullus</strong></span> <span class='ocrx_word' id='word_1_294' title='bbox 920 1822 1003 1868; x_wconf 91' lang='lat' dir='ltr'><strong>est</strong></span> <span class='ocrx_word' id='word_1_295' title='bbox 1032 1821 1227 1882; x_wconf 71' lang='lat' dir='ltr'><strong>prarter</strong></span> <span class='ocrx_word' id='word_1_296' title='bbox 1259 1828 1346 1867; x_wconf 90' lang='lat' dir='ltr'><strong>me</strong></span> <span class='ocrx_word' id='word_1_297' title='bbox 1363 1782 1808 1867; x_wconf 48' lang='lat' dir='ltr'><strong>&quot;.vi-i‘ltiterum</strong></span> <span class='ocrx_word' id='word_1_298' title='bbox 1840 1833 1853 1868; x_wconf 90' lang='lat'><strong>:</strong></span> <span class='ocrx_word' id='word_1_299' title='bbox 1898 1833 1917 1867; x_wconf 78' lang='grc' dir='ltr'><strong>ι</strong></span> <span class='ocrx_word' id='word_1_300' title='bbox 1953 1813 2031 1869; x_wconf 63' lang='grc' dir='ltr'><strong>εἰ(</strong></span> 
     </span>
    </p>
   </div>
   <div class='ocr_carea' id='block_1_35' title="bbox 2144 1782 3733 1882">
    <p class='ocr_par' dir='ltr' id='par_1_35' title="bbox 2145 1799 3733 1874">
     <span class='ocr_line' id='line_1_35' title="bbox 2145 1799 3733 1874; baseline -0.002 -19"><span class='ocrx_word' id='word_1_301' title='bbox 2145 1803 2434 1874; x_wconf 81' lang='grc' dir='ltr'>ἀστραπὰς</span> <span class='ocrx_word' id='word_1_302' title='bbox 2455 1805 2535 1866; x_wconf 77' lang='grc' dir='ltr'>εἰς</span> <span class='ocrx_word' id='word_1_303' title='bbox 2568 1803 2721 1856; x_wconf 86' lang='grc' dir='ltr'>ὑετὸν</span> <span class='ocrx_word' id='word_1_304' title='bbox 2760 1802 3007 1874; x_wconf 89' lang='grc' dir='ltr'>ἐποίησε,</span> <span class='ocrx_word' id='word_1_305' title='bbox 3057 1801 3151 1854; x_wconf 67' lang='grc' dir='ltr'>καὶ.</span> <span class='ocrx_word' id='word_1_306' title='bbox 3189 1799 3454 1871; x_wconf 79' lang='grc' dir='ltr'>ἐξήγαγεν</span> <span class='ocrx_word' id='word_1_307' title='bbox 3494 1799 3733 1870; x_wconf 82' lang='grc' dir='ltr'>ἀνέμους</span> 
     </span>
    </p>
   </div>
   <div class='ocr_carea' id='block_1_36' title="bbox 459 1904 2045 1975">
    <p class='ocr_par' dir='ltr' id='par_1_36' title="bbox 459 1904 2045 1975">
     <span class='ocr_line' id='line_1_36' title="bbox 459 1904 2045 1975; baseline 0.001 -15"><span class='ocrx_word' id='word_1_308' title='bbox 459 1905 653 1961; x_wconf 90' lang='lat' dir='ltr'><strong>dicetis</strong></span> <span class='ocrx_word' id='word_1_309' title='bbox 685 1905 819 1975; x_wconf 89' lang='lat' dir='ltr'><strong>ipsis</strong></span> <span class='ocrx_word' id='word_1_310' title='bbox 848 1904 990 1968; x_wconf 87' lang='lat' dir='ltr'><strong>:Dil,</strong></span> <span class='ocrx_word' id='word_1_311' title='bbox 1021 1905 1116 1974; x_wconf 90' lang='lat' dir='ltr'><strong>qui</strong></span> <span class='ocrx_word' id='word_1_312' title='bbox 1148 1905 1348 1960; x_wconf 70' lang='lat' dir='ltr'><strong>emtum</strong></span> <span class='ocrx_word' id='word_1_313' title='bbox 1391 1914 1446 1961; x_wconf 94' lang='lat' dir='ltr'><strong>et</strong></span> <span class='ocrx_word' id='word_1_314' title='bbox 1493 1914 1694 1959; x_wconf 90' lang='lat' dir='ltr'><strong>terram</strong></span> <span class='ocrx_word' id='word_1_315' title='bbox 1745 1921 1854 1960; x_wconf 89' lang='lat' dir='ltr'><strong>non</strong></span> <span class='ocrx_word' id='word_1_316' title='bbox 1900 1906 2045 1962; x_wconf 80' lang='lat' dir='ltr'><strong>fece-</strong></span> 
     </span>
    </p>
   </div>
   <div class='ocr_carea' id='block_1_37' title="bbox 459 1994 2043 2064">
    <p class='ocr_par' dir='ltr' id='par_1_37' title="bbox 459 1994 2043 2064">
     <span class='ocr_line' id='line_1_37' title="bbox 459 1994 2043 2064; baseline 0 -15"><span class='ocrx_word' id='word_1_317' title='bbox 459 2004 610 2058; x_wconf 85' lang='lat' dir='ltr'><strong>runt,</strong></span> <span class='ocrx_word' id='word_1_318' title='bbox 644 2001 873 2064; x_wconf 83' lang='lat' dir='ltr'><strong>pereant</strong></span> <span class='ocrx_word' id='word_1_319' title='bbox 907 2009 935 2047; x_wconf 88' lang='lat' dir='ltr'><strong>a</strong></span> <span class='ocrx_word' id='word_1_320' title='bbox 970 1994 1110 2049; x_wconf 82' lang='lat' dir='ltr'><strong>facie</strong></span> <span class='ocrx_word' id='word_1_321' title='bbox 1145 2003 1322 2058; x_wconf 66' lang='lat' dir='ltr'><strong>terrae,</strong></span> <span class='ocrx_word' id='word_1_322' title='bbox 1358 1995 1505 2050; x_wconf 89' lang='lat' dir='ltr'><strong>etde</strong></span> <span class='ocrx_word' id='word_1_323' title='bbox 1535 1995 1637 2050; x_wconf 91' lang='lat' dir='ltr'><strong>sub</strong></span> <span class='ocrx_word' id='word_1_324' title='bbox 1663 1995 1824 2051; x_wconf 71' lang='lat' dir='ltr'><strong>coelo.</strong></span> <span class='ocrx_word' id='word_1_325' title='bbox 1857 1994 2043 2049; x_wconf 83' lang='lat' dir='ltr'><strong>Domi-</strong></span> 
     </span>
    </p>
   </div>
   <div class='ocr_carea' id='block_1_38' title="bbox 458 2085 2043 2156">
    <p class='ocr_par' dir='ltr' id='par_1_38' title="bbox 458 2085 2043 2156">
     <span class='ocr_line' id='line_1_38' title="bbox 458 2085 2043 2156; baseline 0.001 -16"><span class='ocrx_word' id='word_1_326' title='bbox 458 2101 587 2151; x_wconf 88' lang='lat' dir='ltr'><strong>nus,</strong></span> <span class='ocrx_word' id='word_1_327' title='bbox 618 2087 714 2156; x_wconf 90' lang='lat' dir='ltr'><strong>qui</strong></span> <span class='ocrx_word' id='word_1_328' title='bbox 762 2085 891 2141; x_wconf 82' lang='lat' dir='ltr'><strong>fecit</strong></span> <span class='ocrx_word' id='word_1_329' title='bbox 934 2098 1135 2141; x_wconf 86' lang='lat' dir='ltr'><strong>terram</strong></span> <span class='ocrx_word' id='word_1_330' title='bbox 1193 2087 1246 2139; x_wconf 92' lang='lat' dir='ltr'><strong>in</strong></span> <span class='ocrx_word' id='word_1_331' title='bbox 1287 2085 1613 2141; x_wconf 84' lang='lat' dir='ltr'><strong>fortitudine</strong></span> <span class='ocrx_word' id='word_1_332' title='bbox 1653 2101 1773 2152; x_wconf 90' lang='lat' dir='ltr'><strong>sua,</strong></span> <span class='ocrx_word' id='word_1_333' title='bbox 1804 2087 2043 2142; x_wconf 78' lang='lat' dir='ltr'><strong>correxit</strong></span> 
     </span>
    </p>
   </div>
   <div class='ocr_carea' id='block_1_39' title="bbox 457 2179 2039 2249">
    <p class='ocr_par' dir='ltr' id='par_1_39' title="bbox 457 2179 2039 2249">
     <span class='ocr_line' id='line_1_39' title="bbox 457 2179 2039 2249; baseline 0 -15"><span class='ocrx_word' id='word_1_334' title='bbox 457 2179 645 2234; x_wconf 86' lang='lat' dir='ltr'><strong>orbem</strong></span> <span class='ocrx_word' id='word_1_335' title='bbox 684 2188 840 2235; x_wconf 67' lang='lat' dir='ltr'><strong>terra:</strong></span> <span class='ocrx_word' id='word_1_336' title='bbox 880 2179 934 2233; x_wconf 91' lang='lat' dir='ltr'><strong>in</strong></span> <span class='ocrx_word' id='word_1_337' title='bbox 966 2179 1233 2248; x_wconf 86' lang='lat' dir='ltr'><strong>sapientia</strong></span> <span class='ocrx_word' id='word_1_338' title='bbox 1270 2193 1391 2243; x_wconf 90' lang='lat' dir='ltr'><strong>sua,</strong></span> <span class='ocrx_word' id='word_1_339' title='bbox 1426 2188 1481 2233; x_wconf 88' lang='lat' dir='ltr'><strong>et</strong></span> <span class='ocrx_word' id='word_1_340' title='bbox 1521 2179 1575 2232; x_wconf 91' lang='lat' dir='ltr'><strong>in</strong></span> <span class='ocrx_word' id='word_1_341' title='bbox 1624 2179 1911 2249; x_wconf 85' lang='lat' dir='ltr'><strong>prudentia</strong></span> <span class='ocrx_word' id='word_1_342' title='bbox 1941 2195 2039 2234; x_wconf 88' lang='lat' dir='ltr'><strong>sua</strong></span> 
     </span>
    </p>
   </div>
   <div class='ocr_carea' id='block_1_40' title="bbox 456 2270 2042 2336">
    <p class='ocr_par' dir='ltr' id='par_1_40' title="bbox 456 2270 2042 2336">
     <span class='ocr_line' id='line_1_40' title="bbox 456 2270 2042 2336; baseline 0.001 -13"><span class='ocrx_word' id='word_1_343' title='bbox 456 2270 701 2324; x_wconf 83' lang='lat' dir='ltr'><strong>extendit</strong></span> <span class='ocrx_word' id='word_1_344' title='bbox 740 2270 964 2336; x_wconf 68' lang='lat' dir='ltr'><strong>coelum,</strong></span> <span class='ocrx_word' id='word_1_345' title='bbox 998 2277 1054 2325; x_wconf 85' lang='lat' dir='ltr'><strong>et</strong></span> <span class='ocrx_word' id='word_1_346' title='bbox 1078 2270 1310 2324; x_wconf 85' lang='lat' dir='ltr'><strong>elevavit</strong></span> <span class='ocrx_word' id='word_1_347' title='bbox 1356 2272 1531 2325; x_wconf 87' lang='lat' dir='ltr'><strong>nubes</strong></span> <span class='ocrx_word' id='word_1_348' title='bbox 1564 2271 1634 2325; x_wconf 87' lang='lat' dir='ltr'><strong>ab</strong></span> <span class='ocrx_word' id='word_1_349' title='bbox 1662 2284 1907 2326; x_wconf 85' lang='lat' dir='ltr'><strong>extremo</strong></span> <span class='ocrx_word' id='word_1_350' title='bbox 1936 2280 2042 2326; x_wconf 60' lang='lat' dir='ltr'><strong>tero</strong></span> 
     </span>
    </p>
   </div>
   <div class='ocr_carea' id='block_1_41' title="bbox 454 2360 2040 2433">
    <p class='ocr_par' dir='ltr' id='par_1_41' title="bbox 454 2360 2040 2433">
     <span class='ocr_line' id='line_1_41' title="bbox 454 2360 2040 2433; baseline 0.001 -16"><span class='ocrx_word' id='word_1_351' title='bbox 454 2376 534 2417; x_wconf 66' lang='lat' dir='ltr'><strong>rm</strong></span> <span class='ocrx_word' id='word_1_352' title='bbox 565 2380 580 2416; x_wconf 90' lang='lat'><strong>:</strong></span> <span class='ocrx_word' id='word_1_353' title='bbox 619 2360 833 2433; x_wconf 78' lang='lat' dir='ltr'><strong>fulgura</strong></span> <span class='ocrx_word' id='word_1_354' title='bbox 880 2363 935 2417; x_wconf 91' lang='lat' dir='ltr'><strong>in</strong></span> <span class='ocrx_word' id='word_1_355' title='bbox 983 2362 1224 2431; x_wconf 84' lang='lat' dir='ltr'><strong>pluviam</strong></span> <span class='ocrx_word' id='word_1_356' title='bbox 1255 2361 1402 2425; x_wconf 88' lang='lat' dir='ltr'><strong>fecit,</strong></span> <span class='ocrx_word' id='word_1_357' title='bbox 1428 2371 1485 2417; x_wconf 87' lang='lat' dir='ltr'><strong>et</strong></span> <span class='ocrx_word' id='word_1_358' title='bbox 1517 2363 1701 2417; x_wconf 89' lang='lat' dir='ltr'><strong>eduxit</strong></span> <span class='ocrx_word' id='word_1_359' title='bbox 1733 2373 1929 2419; x_wconf 89' lang='lat' dir='ltr'><strong>ventos</strong></span> <span class='ocrx_word' id='word_1_360' title='bbox 1972 2364 2040 2419; x_wconf 90' lang='lat' dir='ltr'><strong>de</strong></span> 
     </span>
    </p>
   </div>
   <div class='ocr_carea' id='block_1_42' title="bbox 455 2452 2038 2527">
    <p class='ocr_par' dir='ltr' id='par_1_42' title="bbox 455 2452 2038 2527">
     <span class='ocr_line' id='line_1_42' title="bbox 455 2452 2038 2527; baseline 0.003 -19"><span class='ocrx_word' id='word_1_361' title='bbox 455 2453 731 2527; x_wconf 76' lang='lat' dir='ltr'><strong>thesauris</strong></span> <span class='ocrx_word' id='word_1_362' title='bbox 782 2454 919 2510; x_wconf 88' lang='lat' dir='ltr'><strong>suis.</strong></span> <span class='ocrx_word' id='word_1_363' title='bbox 960 2452 1172 2509; x_wconf 91' lang='lat' dir='ltr'><strong>Stultus</strong></span> <span class='ocrx_word' id='word_1_364' title='bbox 1218 2452 1397 2509; x_wconf 87' lang='lat' dir='ltr'><strong>factus</strong></span> <span class='ocrx_word' id='word_1_365' title='bbox 1442 2463 1527 2509; x_wconf 88' lang='lat' dir='ltr'><strong>est</strong></span> <span class='ocrx_word' id='word_1_366' title='bbox 1572 2456 1753 2511; x_wconf 88' lang='lat' dir='ltr'><strong>omnis</strong></span> <span class='ocrx_word' id='word_1_367' title='bbox 1801 2457 1967 2510; x_wconf 88' lang='lat' dir='ltr'><strong>homo</strong></span> <span class='ocrx_word' id='word_1_368' title='bbox 2004 2471 2038 2512; x_wconf 85' lang='lat' dir='ltr'><strong>a</strong></span> 
     </span>
    </p>
   </div>
   <div class='ocr_carea' id='block_1_43' title="bbox 453 2543 2039 2615">
    <p class='ocr_par' dir='ltr' id='par_1_43' title="bbox 453 2543 2039 2615">
     <span class='ocr_line' id='line_1_43' title="bbox 453 2543 2039 2615; baseline 0.003 -16"><span class='ocrx_word' id='word_1_369' title='bbox 453 2545 756 2600; x_wconf 79' lang='lat' dir='ltr'><strong>scientia&quot;.</strong></span> <span class='ocrx_word' id='word_1_370' title='bbox 789 2564 808 2597; x_wconf 72' lang='grc' dir='ltr'><strong>ι</strong></span> <span class='ocrx_word' id='word_1_371' title='bbox 848 2545 915 2599; x_wconf 89' lang='lat' dir='ltr'><strong>Et</strong></span> <span class='ocrx_word' id='word_1_372' title='bbox 929 2561 1154 2600; x_wconf 86' lang='lat' dir='ltr'><strong>rursus:</strong></span> <span class='ocrx_word' id='word_1_373' title='bbox 1179 2563 1198 2595; x_wconf 77' lang='grc' dir='ltr'><strong>ι</strong></span> <span class='ocrx_word' id='word_1_374' title='bbox 1225 2543 1344 2610; x_wconf 86' lang='lat' dir='ltr'><strong>Quo</strong></span> <span class='ocrx_word' id='word_1_375' title='bbox 1371 2545 1461 2600; x_wconf 91' lang='lat' dir='ltr'><strong>ibo</strong></span> <span class='ocrx_word' id='word_1_376' title='bbox 1487 2561 1516 2598; x_wconf 86' lang='lat' dir='ltr'><strong>a</strong></span> <span class='ocrx_word' id='word_1_377' title='bbox 1539 2546 1729 2615; x_wconf 85' lang='lat' dir='ltr'><strong>spiritu</strong></span> <span class='ocrx_word' id='word_1_378' title='bbox 1762 2556 1874 2613; x_wconf 89' lang='lat' dir='ltr'><strong>tuo,</strong></span> <span class='ocrx_word' id='word_1_379' title='bbox 1899 2565 1930 2603; x_wconf 93' lang='lat' dir='ltr'><strong>a</strong></span> <span class='ocrx_word' id='word_1_380' title='bbox 1958 2548 2039 2603; x_wconf 78' lang='lat' dir='ltr'><strong>{a-</strong></span> 
     </span>
    </p>
   </div>
   <div class='ocr_carea' id='block_1_44' title="bbox 452 2635 2036 2704">
    <p class='ocr_par' dir='ltr' id='par_1_44' title="bbox 452 2635 2036 2704">
     <span class='ocr_line' id='line_1_44' title="bbox 452 2635 2036 2704; baseline 0.003 -13"><span class='ocrx_word' id='word_1_381' title='bbox 452 2637 538 2692; x_wconf 87' lang='lat' dir='ltr'><strong>cie</strong></span> <span class='ocrx_word' id='word_1_382' title='bbox 563 2646 654 2693; x_wconf 91' lang='lat' dir='ltr'><strong>tua</strong></span> <span class='ocrx_word' id='word_1_383' title='bbox 689 2638 782 2693; x_wconf 91' lang='lat' dir='ltr'><strong>ubi</strong></span> <span class='ocrx_word' id='word_1_384' title='bbox 817 2638 1178 2693; x_wconf 84' lang='lat' dir='ltr'><strong>occultabor?</strong></span> <span class='ocrx_word' id='word_1_385' title='bbox 1202 2635 1260 2692; x_wconf 92' lang='lat' dir='ltr'><strong>Si</strong></span> <span class='ocrx_word' id='word_1_386' title='bbox 1297 2638 1595 2693; x_wconf 88' lang='lat' dir='ltr'><strong>ascendero</strong></span> <span class='ocrx_word' id='word_1_387' title='bbox 1622 2640 1674 2693; x_wconf 92' lang='lat' dir='ltr'><strong>in</strong></span> <span class='ocrx_word' id='word_1_388' title='bbox 1707 2641 1929 2704; x_wconf 68' lang='lat' dir='ltr'><strong>caelum,</strong></span> <span class='ocrx_word' id='word_1_389' title='bbox 1978 2650 2036 2695; x_wconf 93' lang='lat' dir='ltr'><strong>tu</strong></span> 
     </span>
    </p>
   </div>
   <div class='ocr_carea' id='block_1_45' title="bbox 451 2729 2037 2797">
    <p class='ocr_par' dir='ltr' id='par_1_45' title="bbox 451 2729 2037 2797">
     <span class='ocr_line' id='line_1_45' title="bbox 451 2729 2037 2797; baseline 0.003 -13"><span class='ocrx_word' id='word_1_390' title='bbox 451 2729 565 2784; x_wconf 87' lang='lat' dir='ltr'><strong>illic</strong></span> <span class='ocrx_word' id='word_1_391' title='bbox 594 2745 655 2785; x_wconf 90' lang='lat' dir='ltr'><strong>es</strong></span> <span class='ocrx_word' id='word_1_392' title='bbox 691 2748 706 2784; x_wconf 80' lang='grc' dir='ltr'><strong>ι</strong></span> <span class='ocrx_word' id='word_1_393' title='bbox 736 2730 782 2785; x_wconf 90' lang='lat' dir='ltr'><strong>si</strong></span> <span class='ocrx_word' id='word_1_394' title='bbox 816 2745 903 2784; x_wconf 94' lang='lat' dir='ltr'><strong>me</strong></span> <span class='ocrx_word' id='word_1_395' title='bbox 936 2738 1182 2786; x_wconf 89' lang='lat' dir='ltr'><strong>stravero</strong></span> <span class='ocrx_word' id='word_1_396' title='bbox 1218 2731 1272 2784; x_wconf 90' lang='lat' dir='ltr'><strong>in</strong></span> <span class='ocrx_word' id='word_1_397' title='bbox 1317 2731 1555 2797; x_wconf 82' lang='lat' dir='ltr'><strong>inferno,</strong></span> <span class='ocrx_word' id='word_1_398' title='bbox 1591 2733 1722 2788; x_wconf 88' lang='lat' dir='ltr'><strong>ades</strong></span> <span class='ocrx_word' id='word_1_399' title='bbox 1761 2752 1773 2788; x_wconf 95' lang='lat'>:</span> <span class='ocrx_word' id='word_1_400' title='bbox 1806 2734 1849 2788; x_wconf 90' lang='lat' dir='ltr'><strong>si</strong></span> <span class='ocrx_word' id='word_1_401' title='bbox 1885 2750 2037 2788; x_wconf 84' lang='lat' dir='ltr'><strong>sum-</strong></span> 
     </span>
    </p>
   </div>
   <div class='ocr_carea' id='block_1_46' title="bbox 449 2822 2036 2890">
    <p class='ocr_par' dir='ltr' id='par_1_46' title="bbox 449 2822 2036 2890">
     <span class='ocr_line' id='line_1_46' title="bbox 449 2822 2036 2890; baseline 0.003 -14"><span class='ocrx_word' id='word_1_402' title='bbox 449 2835 614 2890; x_wconf 87' lang='lat' dir='ltr'><strong>psero</strong></span> <span class='ocrx_word' id='word_1_403' title='bbox 648 2836 857 2890; x_wconf 89' lang='lat' dir='ltr'><strong>pennas</strong></span> <span class='ocrx_word' id='word_1_404' title='bbox 888 2837 1037 2876; x_wconf 81' lang='lat' dir='ltr'><strong>meas</strong></span> <span class='ocrx_word' id='word_1_405' title='bbox 1080 2822 1342 2889; x_wconf 88' lang='lat' dir='ltr'><strong>diluculo,</strong></span> <span class='ocrx_word' id='word_1_406' title='bbox 1372 2830 1428 2878; x_wconf 89' lang='lat' dir='ltr'><strong>et</strong></span> <span class='ocrx_word' id='word_1_407' title='bbox 1474 2823 1792 2879; x_wconf 90' lang='lat' dir='ltr'><strong>habitavero</strong></span> <span class='ocrx_word' id='word_1_408' title='bbox 1839 2825 1893 2878; x_wconf 91' lang='lat' dir='ltr'><strong>in</strong></span> <span class='ocrx_word' id='word_1_409' title='bbox 1941 2842 2036 2880; x_wconf 83' lang='lat' dir='ltr'><strong>cx-</strong></span> 
     </span>
    </p>
   </div>
   <div class='ocr_carea' id='block_1_47' title="bbox 452 2915 2038 2975">
    <p class='ocr_par' dir='ltr' id='par_1_47' title="bbox 452 2915 2038 2975">
     <span class='ocr_line' id='line_1_47' title="bbox 452 2915 2038 2975; baseline 0.006 -9"><span class='ocrx_word' id='word_1_410' title='bbox 452 2915 645 2969; x_wconf 84' lang='lat' dir='ltr'><strong>tremis</strong></span> <span class='ocrx_word' id='word_1_411' title='bbox 696 2915 906 2970; x_wconf 89' lang='lat' dir='ltr'><strong>maris:</strong></span> <span class='ocrx_word' id='word_1_412' title='bbox 941 2917 1142 2969; x_wconf 90' lang='lat' dir='ltr'><strong>etenim</strong></span> <span class='ocrx_word' id='word_1_413' title='bbox 1204 2916 1336 2972; x_wconf 90' lang='lat' dir='ltr'><strong>illuc</strong></span> <span class='ocrx_word' id='word_1_414' title='bbox 1392 2933 1591 2974; x_wconf 89' lang='lat' dir='ltr'><strong>manus</strong></span> <span class='ocrx_word' id='word_1_415' title='bbox 1655 2926 1746 2973; x_wconf 92' lang='lat' dir='ltr'><strong>tua</strong></span> <span class='ocrx_word' id='word_1_416' title='bbox 1804 2918 2038 2975; x_wconf 88' lang='lat' dir='ltr'><strong>deducet</strong></span> 
     </span>
    </p>
   </div>
   <div class='ocr_carea' id='block_1_48' title="bbox 450 3004 2035 3075">
    <p class='ocr_par' dir='ltr' id='par_1_48' title="bbox 450 3004 2035 3075">
     <span class='ocr_line' id='line_1_48' title="bbox 450 3004 2035 3075; baseline 0.004 -18"><span class='ocrx_word' id='word_1_417' title='bbox 450 3005 658 3059; x_wconf 71' lang='lat'><strong>&quot;10&quot;.)</strong></span> <span class='ocrx_word' id='word_1_418' title='bbox 688 3004 865 3074; x_wconf 80' lang='lat' dir='ltr'><strong>Atque</strong></span> <span class='ocrx_word' id='word_1_419' title='bbox 895 3005 1010 3059; x_wconf 67' lang='lat' dir='ltr'><strong>hanc</strong></span> <span class='ocrx_word' id='word_1_420' title='bbox 1038 3014 1342 3075; x_wconf 68' lang='lat' dir='ltr'><strong>cmteraque</strong></span> <span class='ocrx_word' id='word_1_421' title='bbox 1368 3006 1453 3061; x_wconf 89' lang='lat' dir='ltr'><strong>his</strong></span> <span class='ocrx_word' id='word_1_422' title='bbox 1474 3007 1670 3072; x_wconf 82' lang='lat' dir='ltr'><strong>aﬁiuia,</strong></span> <span class='ocrx_word' id='word_1_423' title='bbox 1695 3023 1882 3063; x_wconf 91' lang='lat' dir='ltr'><strong>eorum</strong></span> <span class='ocrx_word' id='word_1_424' title='bbox 1910 3021 2035 3064; x_wconf 87' lang='lat' dir='ltr'><strong>sunt</strong></span> 
     </span>
    </p>
   </div>
   <div class='ocr_carea' id='block_1_49' title="bbox 2144 1892 3728 1968">
    <p class='ocr_par' dir='ltr' id='par_1_49' title="bbox 2144 1892 3728 1968">
     <span class='ocr_line' id='line_1_49' title="bbox 2144 1892 3728 1968; baseline -0.002 -19"><span class='ocrx_word' id='word_1_425' title='bbox 2144 1897 2208 1949; x_wconf 79' lang='grc' dir='ltr'><strong>ἐκ</strong></span> <span class='ocrx_word' id='word_1_426' title='bbox 2241 1895 2533 1968; x_wconf 84' lang='grc' dir='ltr'>θησαυρῶν</span> <span class='ocrx_word' id='word_1_427' title='bbox 2568 1894 2755 1949; x_wconf 77' lang='grc' dir='ltr'>αὑτοῦ.</span> <span class='ocrx_word' id='word_1_428' title='bbox 2805 1894 3127 1967; x_wconf 86' lang='grc' dir='ltr'>Ἐμωράνθη</span> <span class='ocrx_word' id='word_1_429' title='bbox 3160 1895 3267 1956; x_wconf 82' lang='grc' dir='ltr'>πᾶς</span> <span class='ocrx_word' id='word_1_430' title='bbox 3304 1893 3591 1964; x_wconf 82' lang='grc' dir='ltr'>ἄνθρωπος</span> <span class='ocrx_word' id='word_1_431' title='bbox 3618 1892 3728 1946; x_wconf 86' lang='grc' dir='ltr'><strong>ἀπὸ</strong></span> 
     </span>
    </p>
   </div>
   <div class='ocr_carea' id='block_1_50' title="bbox 2143 1983 3729 2057">
    <p class='ocr_par' dir='ltr' id='par_1_50' title="bbox 2143 1983 3729 2057">
     <span class='ocr_line' id='line_1_50' title="bbox 2143 1983 3729 2057; baseline -0.001 -18"><span class='ocrx_word' id='word_1_432' title='bbox 2143 1986 2415 2055; x_wconf 87' lang='grc' dir='ltr'>γνώσεως.</span> <span class='ocrx_word' id='word_1_433' title='bbox 2449 2006 2468 2039; x_wconf 72' lang='grc' dir='ltr'><strong>ι</strong></span> <span class='ocrx_word' id='word_1_434' title='bbox 2499 1988 2611 2041; x_wconf 91' lang='lat' dir='ltr'><strong>Kal</strong></span> <span class='ocrx_word' id='word_1_435' title='bbox 2642 1987 2804 2041; x_wconf 87' lang='grc' dir='ltr'>πάλιν</span> <span class='ocrx_word' id='word_1_436' title='bbox 2829 2003 2842 2016; x_wconf 92' lang='grc'><strong>·</strong></span> <span class='ocrx_word' id='word_1_437' title='bbox 2877 2006 2895 2038; x_wconf 78' lang='grc' dir='ltr'><strong>ι</strong></span> <span class='ocrx_word' id='word_1_438' title='bbox 2918 1985 3030 2040; x_wconf 81' lang='grc' dir='ltr'><strong>Ποῦ</strong></span> <span class='ocrx_word' id='word_1_439' title='bbox 3051 1984 3299 2057; x_wconf 81' lang='grc' dir='ltr'>πορευθῶ</span> <span class='ocrx_word' id='word_1_440' title='bbox 3322 1984 3430 2039; x_wconf 82' lang='grc' dir='ltr'><strong>ἀπὸ</strong></span> <span class='ocrx_word' id='word_1_441' title='bbox 3449 1983 3545 2037; x_wconf 79' lang='grc' dir='ltr'>τοῦ</span> <span class='ocrx_word' id='word_1_442' title='bbox 3567 1983 3729 2037; x_wconf 84' lang='grc' dir='ltr'>πνεύ-</span> 
     </span>
    </p>
   </div>
   <div class='ocr_carea' id='block_1_51' title="bbox 2146 2076 3733 2151">
    <p class='ocr_par' dir='ltr' id='par_1_51' title="bbox 2146 2076 3733 2151">
     <span class='ocr_line' id='line_1_51' title="bbox 2146 2076 3733 2151; baseline -0.004 -17"><span class='ocrx_word' id='word_1_443' title='bbox 2146 2081 2314 2151; x_wconf 87' lang='grc' dir='ltr'>ματός</span> <span class='ocrx_word' id='word_1_444' title='bbox 2344 2098 2460 2146; x_wconf 87' lang='grc' dir='ltr'>σου,</span> <span class='ocrx_word' id='word_1_445' title='bbox 2495 2082 2589 2134; x_wconf 76' lang='grc' dir='ltr'><strong>καὶ</strong></span> <span class='ocrx_word' id='word_1_446' title='bbox 2620 2080 2729 2134; x_wconf 87' lang='grc' dir='ltr'><strong>ἀπὸ</strong></span> <span class='ocrx_word' id='word_1_447' title='bbox 2748 2077 2842 2134; x_wconf 80' lang='grc' dir='ltr'>τοῦ</span> <span class='ocrx_word' id='word_1_448' title='bbox 2892 2077 3183 2151; x_wconf 85' lang='grc' dir='ltr'>προσώπου</span> <span class='ocrx_word' id='word_1_449' title='bbox 3219 2095 3312 2131; x_wconf 86' lang='grc' dir='ltr'><strong>σου</strong></span> <span class='ocrx_word' id='word_1_450' title='bbox 3348 2077 3451 2130; x_wconf 81' lang='grc' dir='ltr'>ποῦ</span> <span class='ocrx_word' id='word_1_451' title='bbox 3497 2076 3733 2148; x_wconf 63' lang='lat'><strong>2:97.166);</strong></span> 
     </span>
    </p>
   </div>
   <div class='ocr_carea' id='block_1_52' title="bbox 2154 2167 3739 2246">
    <p class='ocr_par' dir='ltr' id='par_1_52' title="bbox 2154 2167 3739 2246">
     <span class='ocr_line' id='line_1_52' title="bbox 2154 2167 3739 2246; baseline -0.004 -17"><span class='ocrx_word' id='word_1_452' title='bbox 2154 2175 2279 2229; x_wconf 84' lang='grc' dir='ltr'><strong>Ἐὰν</strong></span> <span class='ocrx_word' id='word_1_453' title='bbox 2303 2174 2489 2228; x_wconf 78' lang='grc' dir='ltr'>ἀναϐῶ</span> <span class='ocrx_word' id='word_1_454' title='bbox 2518 2177 2598 2239; x_wconf 84' lang='grc' dir='ltr'><strong>είς</strong></span> <span class='ocrx_word' id='word_1_455' title='bbox 2622 2175 2714 2228; x_wconf 89' lang='grc' dir='ltr'><strong>τὸν</strong></span> <span class='ocrx_word' id='word_1_456' title='bbox 2739 2174 2989 2246; x_wconf 86' lang='grc' dir='ltr'>οὑρανὸν,</span> <span class='ocrx_word' id='word_1_457' title='bbox 3014 2174 3080 2227; x_wconf 83' lang='grc' dir='ltr'><strong>σὺ</strong></span> <span class='ocrx_word' id='word_1_458' title='bbox 3104 2175 3221 2226; x_wconf 82' lang='grc' dir='ltr'>ἐκεῖ</span> <span class='ocrx_word' id='word_1_459' title='bbox 3251 2167 3304 2225; x_wconf 77' lang='grc' dir='ltr'>εἴ</span> <span class='ocrx_word' id='word_1_460' title='bbox 3321 2188 3337 2202; x_wconf 79' lang='grc' dir='ltr'><strong>ο</strong></span> <span class='ocrx_word' id='word_1_461' title='bbox 3372 2171 3467 2225; x_wconf 83' lang='grc' dir='ltr'>ἐὰν</span> <span class='ocrx_word' id='word_1_462' title='bbox 3498 2168 3739 2241; x_wconf 73' lang='grc' dir='ltr'>στρώσω</span> 
     </span>
    </p>
   </div>
   <div class='ocr_carea' id='block_1_53' title="bbox 2140 2262 3738 2339">
    <p class='ocr_par' dir='ltr' id='par_1_53' title="bbox 2140 2262 3738 2339">
     <span class='ocr_line' id='line_1_53' title="bbox 2140 2262 3738 2339; baseline -0.003 -20"><span class='ocrx_word' id='word_1_463' title='bbox 2140 2267 2221 2330; x_wconf 87' lang='grc' dir='ltr'><strong>είς</strong></span> <span class='ocrx_word' id='word_1_464' title='bbox 2245 2266 2338 2319; x_wconf 91' lang='grc' dir='ltr'><strong>τὸν</strong></span> <span class='ocrx_word' id='word_1_465' title='bbox 2363 2266 2518 2338; x_wconf 71' lang='grc' dir='ltr'>ᾅδην,</span> <span class='ocrx_word' id='word_1_466' title='bbox 2549 2269 2749 2339; x_wconf 89' lang='grc' dir='ltr'>πάρει·</span> <span class='ocrx_word' id='word_1_467' title='bbox 2774 2268 2821 2320; x_wconf 83' lang='grc' dir='ltr'><strong>εί</strong></span> <span class='ocrx_word' id='word_1_468' title='bbox 2841 2265 3165 2336; x_wconf 81' lang='grc' dir='ltr'>ἀναλάϐοιμι</span> <span class='ocrx_word' id='word_1_469' title='bbox 3192 2264 3291 2327; x_wconf 79' lang='grc' dir='ltr'>τὰς</span> <span class='ocrx_word' id='word_1_470' title='bbox 3314 2262 3590 2334; x_wconf 80' lang='grc' dir='ltr'>πτέρυγάς</span> <span class='ocrx_word' id='word_1_471' title='bbox 3622 2279 3738 2333; x_wconf 62' lang='grc' dir='ltr'><strong>μου</strong></span> 
     </span>
    </p>
   </div>
   <div class='ocr_carea' id='block_1_54' title="bbox 2140 2354 3728 2434">
    <p class='ocr_par' dir='ltr' id='par_1_54' title="bbox 2140 2354 3728 2434">
     <span class='ocr_line' id='line_1_54' title="bbox 2140 2354 3728 2434; baseline -0.006 -19"><span class='ocrx_word' id='word_1_472' title='bbox 2140 2361 2261 2415; x_wconf 77' lang='grc' dir='ltr'>κατ’</span> <span class='ocrx_word' id='word_1_473' title='bbox 2290 2360 2506 2434; x_wconf 68' lang='grc' dir='ltr'>ὄρθρον,</span> <span class='ocrx_word' id='word_1_474' title='bbox 2539 2361 2634 2413; x_wconf 77' lang='grc' dir='ltr'><strong>καὶ</strong></span> <span class='ocrx_word' id='word_1_475' title='bbox 2663 2357 3149 2428; x_wconf 86' lang='grc' dir='ltr'>κατασκηνώσαιμι</span> <span class='ocrx_word' id='word_1_476' title='bbox 3172 2358 3252 2419; x_wconf 88' lang='grc' dir='ltr'><strong>είς</strong></span> <span class='ocrx_word' id='word_1_477' title='bbox 3284 2355 3354 2409; x_wconf 78' lang='grc' dir='ltr'>τὰ</span> <span class='ocrx_word' id='word_1_478' title='bbox 3391 2355 3597 2425; x_wconf 86' lang='grc' dir='ltr'>ἔσχατα</span> <span class='ocrx_word' id='word_1_479' title='bbox 3625 2354 3728 2423; x_wconf 79' lang='grc' dir='ltr'><strong>τῆς</strong></span> 
     </span>
    </p>
   </div>
   <div class='ocr_carea' id='block_1_55' title="bbox 2139 2446 3725 2525">
    <p class='ocr_par' dir='ltr' id='par_1_55' title="bbox 2139 2446 3725 2525">
     <span class='ocr_line' id='line_1_55' title="bbox 2139 2446 3725 2525; baseline -0.006 -18"><span class='ocrx_word' id='word_1_480' title='bbox 2139 2453 2449 2525; x_wconf 83' lang='grc' dir='ltr'>θαλάσσης·</span> <span class='ocrx_word' id='word_1_481' title='bbox 2500 2453 2597 2507; x_wconf 70' lang='grc' dir='ltr'><strong>καὶ</strong></span> <span class='ocrx_word' id='word_1_482' title='bbox 2638 2451 2747 2523; x_wconf 83' lang='grc' dir='ltr'>γὰρ</span> <span class='ocrx_word' id='word_1_483' title='bbox 2789 2451 2958 2521; x_wconf 80' lang='grc' dir='ltr'><strong>ἐκεῖή</strong></span> <span class='ocrx_word' id='word_1_484' title='bbox 3015 2450 3135 2521; x_wconf 83' lang='grc' dir='ltr'>χείρ</span> <span class='ocrx_word' id='word_1_485' title='bbox 3166 2465 3259 2501; x_wconf 92' lang='grc' dir='ltr'><strong>σου</strong></span> <span class='ocrx_word' id='word_1_486' title='bbox 3288 2446 3541 2518; x_wconf 84' lang='grc' dir='ltr'>ὁδηγήσει</span> <span class='ocrx_word' id='word_1_487' title='bbox 3576 2464 3665 2517; x_wconf 86' lang='grc' dir='ltr'>με.</span> <span class='ocrx_word' id='word_1_488' title='bbox 3700 2465 3725 2497; x_wconf 68' lang='grc' dir='ltr'><strong>ι</strong></span> 
     </span>
    </p>
   </div>
   <div class='ocr_carea' id='block_1_56' title="bbox 2150 2538 3731 2616">
    <p class='ocr_par' dir='ltr' id='par_1_56' title="bbox 2150 2538 3731 2616">
     <span class='ocr_line' id='line_1_56' title="bbox 2150 2538 3731 2616; baseline -0.003 -19"><span class='ocrx_word' id='word_1_489' title='bbox 2150 2544 2311 2598; x_wconf 79' lang='grc' dir='ltr'>Ἀλλὰ</span> <span class='ocrx_word' id='word_1_490' title='bbox 2333 2544 2506 2598; x_wconf 79' lang='grc' dir='ltr'>ταῦτα</span> <span class='ocrx_word' id='word_1_491' title='bbox 2529 2544 2626 2616; x_wconf 81' lang='grc' dir='ltr'><strong>μὲν</strong></span> <span class='ocrx_word' id='word_1_492' title='bbox 2649 2542 2828 2597; x_wconf 76' lang='grc' dir='ltr'>καὶτὰ</span> <span class='ocrx_word' id='word_1_493' title='bbox 2848 2541 3057 2605; x_wconf 77' lang='grc' dir='ltr'>τούτοις</span> <span class='ocrx_word' id='word_1_494' title='bbox 3077 2542 3238 2611; x_wconf 83' lang='grc' dir='ltr'>ὃμοια</span> <span class='ocrx_word' id='word_1_495' title='bbox 3260 2538 3370 2591; x_wconf 85' lang='grc' dir='ltr'><strong>τῶν</strong></span> <span class='ocrx_word' id='word_1_496' title='bbox 3392 2539 3532 2609; x_wconf 75' lang='grc' dir='ltr'>μετὰ</span> <span class='ocrx_word' id='word_1_497' title='bbox 3559 2540 3731 2592; x_wconf 59' lang='lat' dir='ltr'><strong>Maii}-</strong></span> 
     </span>
    </p>
   </div>
   <div class='ocr_carea' id='block_1_57' title="bbox 2139 2630 3729 2713">
    <p class='ocr_par' dir='ltr' id='par_1_57' title="bbox 2139 2630 3729 2713">
     <span class='ocr_line' id='line_1_57' title="bbox 2139 2630 3729 2713; baseline -0.004 -24"><span class='ocrx_word' id='word_1_498' title='bbox 2139 2636 2235 2689; x_wconf 81' lang='grc' dir='ltr'><strong>σέα</strong></span> <span class='ocrx_word' id='word_1_499' title='bbox 2265 2630 2549 2704; x_wconf 84' lang='grc' dir='ltr'>θεολόγων,</span> <span class='ocrx_word' id='word_1_500' title='bbox 2584 2635 2790 2713; x_wconf 58' lang='grc' dir='ltr'>τῶνδὴ</span> <span class='ocrx_word' id='word_1_501' title='bbox 2824 2634 2917 2688; x_wconf 74' lang='grc' dir='ltr'><strong>καὶ</strong></span> <span class='ocrx_word' id='word_1_502' title='bbox 2947 2632 3131 2687; x_wconf 88' lang='grc' dir='ltr'>αὑτῶν</span> <span class='ocrx_word' id='word_1_503' title='bbox 3175 2633 3443 2703; x_wconf 76' lang='grc' dir='ltr'>Ἑϐραίων</span> <span class='ocrx_word' id='word_1_504' title='bbox 3464 2672 3479 2697; x_wconf 91' lang='grc'><strong>,</strong></span> <span class='ocrx_word' id='word_1_505' title='bbox 3522 2630 3729 2700; x_wconf 82' lang='grc' dir='ltr'>τυγχά-</span> 
     </span>
    </p>
   </div>
   <div class='ocr_carea' id='block_1_58' title="bbox 2136 2724 3730 2799">
    <p class='ocr_par' dir='ltr' id='par_1_58' title="bbox 2136 2724 3730 2799">
     <span class='ocr_line' id='line_1_58' title="bbox 2136 2724 3730 2799; baseline -0.003 -18"><span class='ocrx_word' id='word_1_506' title='bbox 2136 2745 2238 2793; x_wconf 87' lang='grc' dir='ltr'>νει,</span> <span class='ocrx_word' id='word_1_507' title='bbox 2273 2728 2481 2799; x_wconf 81' lang='grc' dir='ltr'>συνῳδὰ</span> <span class='ocrx_word' id='word_1_508' title='bbox 2509 2731 2622 2793; x_wconf 82' lang='grc' dir='ltr'>τοῖς</span> <span class='ocrx_word' id='word_1_509' title='bbox 2648 2727 3001 2791; x_wconf 83' lang='grc' dir='ltr'>παλαιτάτοις</span> <span class='ocrx_word' id='word_1_510' title='bbox 3024 2726 3363 2798; x_wconf 79' lang='grc' dir='ltr'>προπάτορσι</span> <span class='ocrx_word' id='word_1_511' title='bbox 3410 2724 3730 2794; x_wconf 80' lang='grc' dir='ltr'>θεολογούν-</span> 
     </span>
    </p>
   </div>
   <div class='ocr_carea' id='block_1_59' title="bbox 2135 2819 3727 2892">
    <p class='ocr_par' dir='ltr' id='par_1_59' title="bbox 2135 2819 3727 2892">
     <span class='ocr_line' id='line_1_59' title="bbox 2135 2819 3727 2892; baseline -0.003 -19"><span class='ocrx_word' id='word_1_512' title='bbox 2135 2838 2242 2875; x_wconf 88' lang='grc' dir='ltr'><strong>των</strong></span> <span class='ocrx_word' id='word_1_513' title='bbox 2263 2839 2276 2851; x_wconf 93' lang='grc'><strong>·</strong></span> <span class='ocrx_word' id='word_1_514' title='bbox 2305 2822 2412 2875; x_wconf 87' lang='grc' dir='ltr'><strong>τῶν</strong></span> <span class='ocrx_word' id='word_1_515' title='bbox 2440 2822 2497 2875; x_wconf 88' lang='grc' dir='ltr'><strong>δέ</strong></span> <span class='ocrx_word' id='word_1_516' title='bbox 2529 2838 2594 2891; x_wconf 89' lang='grc' dir='ltr'><strong>γε</strong></span> <span class='ocrx_word' id='word_1_517' title='bbox 2630 2822 2736 2892; x_wconf 89' lang='grc' dir='ltr'><strong>πρὸ</strong></span> <span class='ocrx_word' id='word_1_518' title='bbox 2768 2820 3045 2884; x_wconf 83' lang='grc' dir='ltr'>Μωῦσέως</span> <span class='ocrx_word' id='word_1_519' title='bbox 3069 2819 3333 2889; x_wconf 79' lang='grc' dir='ltr'>θεοφιλῶν</span> <span class='ocrx_word' id='word_1_520' title='bbox 3369 2820 3462 2872; x_wconf 77' lang='grc' dir='ltr'><strong>καὶ</strong></span> <span class='ocrx_word' id='word_1_521' title='bbox 3488 2835 3727 2890; x_wconf 81' lang='grc' dir='ltr'>τρισμα-</span> 
     </span>
    </p>
   </div>
   <div class='ocr_carea' id='block_1_60' title="bbox 2135 2910 3734 2985">
    <p class='ocr_par' dir='ltr' id='par_1_60' title="bbox 2135 2910 3734 2985">
     <span class='ocr_line' id='line_1_60' title="bbox 2135 2910 3734 2985; baseline -0.003 -18"><span class='ocrx_word' id='word_1_522' title='bbox 2135 2914 2340 2985; x_wconf 87' lang='grc' dir='ltr'>καρίων</span> <span class='ocrx_word' id='word_1_523' title='bbox 2373 2913 2603 2983; x_wconf 84' lang='grc' dir='ltr'>ἀνδρῶν,</span> <span class='ocrx_word' id='word_1_524' title='bbox 2636 2913 2743 2967; x_wconf 92' lang='grc' dir='ltr'><strong>τῶν</strong></span> <span class='ocrx_word' id='word_1_525' title='bbox 2768 2913 2832 2985; x_wconf 81' lang='grc' dir='ltr'><strong>δὴ</strong></span> <span class='ocrx_word' id='word_1_526' title='bbox 2863 2913 2956 2966; x_wconf 73' lang='grc' dir='ltr'><strong>καὶ</strong></span> <span class='ocrx_word' id='word_1_527' title='bbox 2977 2911 3208 2983; x_wconf 91' lang='grc' dir='ltr'>πρώτων</span> <span class='ocrx_word' id='word_1_528' title='bbox 3244 2911 3531 2983; x_wconf 73' lang='grc' dir='ltr'>Ἐϐραίων,</span> <span class='ocrx_word' id='word_1_529' title='bbox 3555 2910 3734 2964; x_wconf 70' lang='grc' dir='ltr'>αὐτοῦ’</span> 
     </span>
    </p>
   </div>
   <div class='ocr_carea' id='block_1_61' title="bbox 2134 3001 3727 3077">
    <p class='ocr_par' dir='ltr' id='par_1_61' title="bbox 2134 3001 3727 3077">
     <span class='ocr_line' id='line_1_61' title="bbox 2134 3001 3727 3077; baseline -0.003 -19"><span class='ocrx_word' id='word_1_530' title='bbox 2134 3023 2194 3058; x_wconf 84' lang='grc' dir='ltr'><strong>τε</strong></span> <span class='ocrx_word' id='word_1_531' title='bbox 2216 3005 2431 3076; x_wconf 82' lang='grc' dir='ltr'>πρώτου</span> <span class='ocrx_word' id='word_1_532' title='bbox 2460 3004 2677 3058; x_wconf 86' lang='grc' dir='ltr'>πάντων</span> <span class='ocrx_word' id='word_1_533' title='bbox 2710 3004 2982 3077; x_wconf 77' lang='grc' dir='ltr'>Ἀϐραὰμ,</span> <span class='ocrx_word' id='word_1_534' title='bbox 3015 3002 3075 3067; x_wconf 80' lang='grc' dir='ltr'>ὃς</span> <span class='ocrx_word' id='word_1_535' title='bbox 3133 3003 3226 3056; x_wconf 78' lang='grc' dir='ltr'><strong>καὶ</strong></span> <span class='ocrx_word' id='word_1_536' title='bbox 3264 3002 3568 3074; x_wconf 85' lang='grc' dir='ltr'>προπάτωρ</span> <span class='ocrx_word' id='word_1_537' title='bbox 3627 3001 3727 3054; x_wconf 78' lang='grc' dir='ltr'>τοῦ</span> 
     </span>
    </p>
   </div>
   <div class='ocr_carea' id='block_1_62' title="bbox 453 3090 2031 3180">
    <p class='ocr_par' dir='ltr' id='par_1_62' title="bbox 453 3094 2031 3172">
     <span class='ocr_line' id='line_1_62' title="bbox 453 3094 2031 3172; baseline 0.004 -23"><span class='ocrx_word' id='word_1_538' title='bbox 453 3094 854 3166; x_wconf 76' lang='lat' dir='ltr'><strong>theologorum,</strong></span> <span class='ocrx_word' id='word_1_539' title='bbox 889 3097 979 3164; x_wconf 86' lang='lat' dir='ltr'><strong>qui</strong></span> <span class='ocrx_word' id='word_1_540' title='bbox 1016 3111 1140 3149; x_wconf 92' lang='lat' dir='ltr'><strong>cum</strong></span> <span class='ocrx_word' id='word_1_541' title='bbox 1186 3107 1370 3152; x_wconf 90' lang='lat' dir='ltr'><strong>essent</strong></span> <span class='ocrx_word' id='word_1_542' title='bbox 1419 3097 1517 3166; x_wconf 89' lang='lat' dir='ltr'><strong>ipsi</strong></span> <span class='ocrx_word' id='word_1_543' title='bbox 1550 3115 1765 3168; x_wconf 88' lang='lat' dir='ltr'><strong>quoque</strong></span> <span class='ocrx_word' id='word_1_544' title='bbox 1795 3099 2031 3172; x_wconf 71' lang='lat' dir='ltr'><strong>Moysen]</strong></span> 
     </span>
    </p>
   </div>
   <div class='ocr_carea' id='block_1_63' title="bbox 2144 3090 3729 3180">
    <p class='ocr_par' dir='ltr' id='par_1_63' title="bbox 2144 3090 3729 3179">
     <span class='ocr_line' id='line_1_63' title="bbox 2144 3090 3729 3179; baseline -0.002 -28"><span class='ocrx_word' id='word_1_545' title='bbox 2144 3098 2336 3162; x_wconf 89' lang='grc' dir='ltr'>παντὸς</span> <span class='ocrx_word' id='word_1_546' title='bbox 2387 3098 2657 3179; x_wconf 67' lang='grc' dir='ltr'>Ἰουδαίων</span> <span class='ocrx_word' id='word_1_547' title='bbox 2686 3096 2871 3160; x_wconf 74' lang='grc' dir='ltr'>ἔθνους</span> <span class='ocrx_word' id='word_1_548' title='bbox 2896 3097 3203 3168; x_wconf 83' lang='grc' dir='ltr'>ἁνείρηται,</span> <span class='ocrx_word' id='word_1_549' title='bbox 3235 3097 3416 3150; x_wconf 85' lang='grc' dir='ltr'>ἄκουε.</span> <span class='ocrx_word' id='word_1_550' title='bbox 3459 3115 3478 3145; x_wconf 74' lang='grc' dir='ltr'><strong>ι</strong></span> <span class='ocrx_word' id='word_1_551' title='bbox 3506 3090 3647 3148; x_wconf 83' lang='grc' dir='ltr'>Εἷπε</span> <span class='ocrx_word' id='word_1_552' title='bbox 3667 3095 3729 3148; x_wconf 75' lang='grc' dir='ltr'>δὲ</span> 
     </span>
    </p>
   </div>
   <div class='ocr_carea' id='block_1_64' title="bbox 451 3186 2030 3260">
    <p class='ocr_par' dir='ltr' id='par_1_64' title="bbox 451 3186 2030 3260">
     <span class='ocr_line' id='line_1_64' title="bbox 451 3186 2030 3260; baseline 0.004 -20"><span class='ocrx_word' id='word_1_553' title='bbox 451 3195 695 3255; x_wconf 60' lang='lat' dir='ltr'><strong>tempore</strong></span> <span class='ocrx_word' id='word_1_554' title='bbox 730 3187 1031 3252; x_wconf 89' lang='lat' dir='ltr'><strong>consecuti,</strong></span> <span class='ocrx_word' id='word_1_555' title='bbox 1067 3187 1136 3241; x_wconf 90' lang='lat' dir='ltr'><strong>de</strong></span> <span class='ocrx_word' id='word_1_556' title='bbox 1180 3186 1293 3241; x_wconf 89' lang='lat' dir='ltr'><strong>Deo</strong></span> <span class='ocrx_word' id='word_1_557' title='bbox 1340 3188 1592 3243; x_wconf 88' lang='lat' dir='ltr'><strong>similiter</strong></span> <span class='ocrx_word' id='word_1_558' title='bbox 1631 3192 2030 3260; x_wconf 89' lang='lat' dir='ltr'><strong>antiquissimis</strong></span> 
     </span>
    </p>
   </div>
   <div class='ocr_carea' id='block_1_65' title="bbox 451 3276 2026 3347">
    <p class='ocr_par' dir='ltr' id='par_1_65' title="bbox 451 3276 2026 3347">
     <span class='ocr_line' id='line_1_65' title="bbox 451 3276 2026 3347; baseline 0.003 -16"><span class='ocrx_word' id='word_1_559' title='bbox 451 3277 560 3331; x_wconf 90' lang='lat' dir='ltr'><strong>illis</strong></span> <span class='ocrx_word' id='word_1_560' title='bbox 591 3276 844 3331; x_wconf 85' lang='lat' dir='ltr'><strong>Patribus</strong></span> <span class='ocrx_word' id='word_1_561' title='bbox 871 3278 1084 3347; x_wconf 88' lang='lat' dir='ltr'><strong>gemina</strong></span> <span class='ocrx_word' id='word_1_562' title='bbox 1119 3279 1455 3332; x_wconf 88' lang='lat' dir='ltr'><strong>cecinerunt.</strong></span> <span class='ocrx_word' id='word_1_563' title='bbox 1490 3278 1610 3334; x_wconf 81' lang='lat' dir='ltr'><strong>Jam</strong></span> <span class='ocrx_word' id='word_1_564' title='bbox 1652 3297 1781 3335; x_wconf 79' lang='lat' dir='ltr'><strong>vero</strong></span> <span class='ocrx_word' id='word_1_565' title='bbox 1810 3283 2026 3337; x_wconf 91' lang='lat' dir='ltr'><strong>illorum</strong></span> 
     </span>
    </p>
   </div>
   <div class='ocr_carea' id='block_1_66' title="bbox 451 3367 2031 3439">
    <p class='ocr_par' dir='ltr' id='par_1_66' title="bbox 451 3367 2031 3439">
     <span class='ocr_line' id='line_1_66' title="bbox 451 3367 2031 3439; baseline 0.003 -17"><span class='ocrx_word' id='word_1_566' title='bbox 451 3367 730 3438; x_wconf 83' lang='lat' dir='ltr'><strong>deinceps,</strong></span> <span class='ocrx_word' id='word_1_567' title='bbox 759 3369 851 3437; x_wconf 92' lang='lat' dir='ltr'><strong>qui</strong></span> <span class='ocrx_word' id='word_1_568' title='bbox 888 3379 1014 3423; x_wconf 89' lang='lat' dir='ltr'><strong>ante</strong></span> <span class='ocrx_word' id='word_1_569' title='bbox 1041 3368 1278 3439; x_wconf 84' lang='lat' dir='ltr'><strong>Moysem</strong></span> <span class='ocrx_word' id='word_1_570' title='bbox 1312 3370 1587 3437; x_wconf 83' lang='lat' dir='ltr'><strong>vixerunt,</strong></span> <span class='ocrx_word' id='word_1_571' title='bbox 1613 3380 1667 3425; x_wconf 84' lang='lat' dir='ltr'><strong>et</strong></span> <span class='ocrx_word' id='word_1_572' title='bbox 1701 3371 1811 3426; x_wconf 87' lang='lat' dir='ltr'><strong>Deo</strong></span> <span class='ocrx_word' id='word_1_573' title='bbox 1841 3374 2031 3428; x_wconf 83' lang='lat' dir='ltr'><strong>claris-</strong></span> 
     </span>
    </p>
   </div>
   <div class='ocr_carea' id='block_1_67' title="bbox 452 3459 2029 3534">
    <p class='ocr_par' dir='ltr' id='par_1_67' title="bbox 452 3459 2029 3534">
     <span class='ocr_line' id='line_1_67' title="bbox 452 3459 2029 3534; baseline 0.003 -19"><span class='ocrx_word' id='word_1_574' title='bbox 452 3459 739 3523; x_wconf 85' lang='lat' dir='ltr'><strong>simorum,</strong></span> <span class='ocrx_word' id='word_1_575' title='bbox 768 3470 822 3515; x_wconf 87' lang='lat' dir='ltr'><strong>et</strong></span> <span class='ocrx_word' id='word_1_576' title='bbox 848 3460 1282 3516; x_wconf 87' lang='lat' dir='ltr'><strong>beatissimorum</strong></span> <span class='ocrx_word' id='word_1_577' title='bbox 1313 3462 1579 3526; x_wconf 88' lang='lat' dir='ltr'><strong>virorum,</strong></span> <span class='ocrx_word' id='word_1_578' title='bbox 1609 3464 1809 3534; x_wconf 90' lang='lat' dir='ltr'><strong>quique</strong></span> <span class='ocrx_word' id='word_1_579' title='bbox 1839 3467 2029 3520; x_wconf 86' lang='lat' dir='ltr'><strong>eodem</strong></span> 
     </span>
    </p>
   </div>
   <div class='ocr_carea' id='block_1_68' title="bbox 451 3550 2029 3627">
    <p class='ocr_par' dir='ltr' id='par_1_68' title="bbox 451 3550 2029 3627">
     <span class='ocr_line' id='line_1_68' title="bbox 451 3550 2029 3627; baseline 0.004 -20"><span class='ocrx_word' id='word_1_580' title='bbox 451 3550 804 3609; x_wconf 69' lang='lat' dir='ltr'><strong>Hebraeorum</strong></span> <span class='ocrx_word' id='word_1_581' title='bbox 851 3570 918 3609; x_wconf 75' lang='lat' dir='ltr'><strong>ex</strong></span> <span class='ocrx_word' id='word_1_582' title='bbox 962 3569 1159 3624; x_wconf 80' lang='lat' dir='ltr'><strong>genere</strong></span> <span class='ocrx_word' id='word_1_583' title='bbox 1204 3555 1443 3620; x_wconf 79' lang='lat' dir='ltr'><strong>fuerunt,</strong></span> <span class='ocrx_word' id='word_1_584' title='bbox 1474 3555 1721 3624; x_wconf 87' lang='lat' dir='ltr'><strong>adeoque</strong></span> <span class='ocrx_word' id='word_1_585' title='bbox 1768 3557 2029 3627; x_wconf 87' lang='lat' dir='ltr'><strong>principis</strong></span> 
     </span>
    </p>
   </div>
   <div class='ocr_carea' id='block_1_69' title="bbox 451 3645 2031 3715">
    <p class='ocr_par' dir='ltr' id='par_1_69' title="bbox 451 3645 2031 3715">
     <span class='ocr_line' id='line_1_69' title="bbox 451 3645 2031 3715; baseline 0.003 -17"><span class='ocrx_word' id='word_1_586' title='bbox 451 3646 697 3700; x_wconf 84' lang='lat' dir='ltr'><strong>omnium</strong></span> <span class='ocrx_word' id='word_1_587' title='bbox 725 3645 1047 3711; x_wconf 83' lang='lat' dir='ltr'><strong>Abrahami,</strong></span> <span class='ocrx_word' id='word_1_588' title='bbox 1083 3661 1244 3715; x_wconf 91' lang='lat' dir='ltr'><strong>quem</strong></span> <span class='ocrx_word' id='word_1_589' title='bbox 1277 3646 1548 3701; x_wconf 62' lang='lat' dir='ltr'><strong>universae</strong></span> <span class='ocrx_word' id='word_1_590' title='bbox 1582 3645 1896 3702; x_wconf 70' lang='lat' dir='ltr'><strong>Iudaeorum</strong></span> <span class='ocrx_word' id='word_1_591' title='bbox 1940 3667 2031 3703; x_wconf 89' lang='lat' dir='ltr'><strong>na-</strong></span> 
     </span>
    </p>
   </div>
   <div class='ocr_carea' id='block_1_70' title="bbox 452 3737 2029 3806">
    <p class='ocr_par' dir='ltr' id='par_1_70' title="bbox 452 3737 2029 3806">
     <span class='ocr_line' id='line_1_70' title="bbox 452 3737 2029 3806; baseline 0.003 -14"><span class='ocrx_word' id='word_1_592' title='bbox 452 3737 618 3793; x_wconf 92' lang='lat' dir='ltr'><strong>tionis</strong></span> <span class='ocrx_word' id='word_1_593' title='bbox 648 3747 923 3806; x_wconf 88' lang='lat' dir='ltr'><strong>parentem</strong></span> <span class='ocrx_word' id='word_1_594' title='bbox 949 3738 1245 3801; x_wconf 87' lang='lat' dir='ltr'><strong>celebrant,</strong></span> <span class='ocrx_word' id='word_1_595' title='bbox 1272 3753 1434 3793; x_wconf 90' lang='lat' dir='ltr'><strong>voces</strong></span> <span class='ocrx_word' id='word_1_596' title='bbox 1468 3739 1595 3793; x_wconf 90' lang='lat' dir='ltr'><strong>audi</strong></span> <span class='ocrx_word' id='word_1_597' title='bbox 1632 3758 1646 3793; x_wconf 88' lang='lat'><strong>:</strong></span> <span class='ocrx_word' id='word_1_598' title='bbox 1687 3758 1706 3791; x_wconf 75' lang='grc' dir='ltr'><strong>ι</strong></span> <span class='ocrx_word' id='word_1_599' title='bbox 1740 3739 1887 3794; x_wconf 89' lang='lat' dir='ltr'><strong>Dixit</strong></span> <span class='ocrx_word' id='word_1_600' title='bbox 1931 3757 2029 3796; x_wconf 89' lang='lat' dir='ltr'><strong>au-</strong></span> 
     </span>
    </p>
   </div>
   <div class='ocr_carea' id='block_1_71' title="bbox 452 3827 2025 3901">
    <p class='ocr_par' dir='ltr' id='par_1_71' title="bbox 452 3827 2025 3901">
     <span class='ocr_line' id='line_1_71' title="bbox 452 3827 2025 3901; baseline 0.002 -18"><span class='ocrx_word' id='word_1_601' title='bbox 452 3841 559 3885; x_wconf 88' lang='lat' dir='ltr'><strong>tem</strong></span> <span class='ocrx_word' id='word_1_602' title='bbox 614 3829 886 3883; x_wconf 83' lang='lat' dir='ltr'><strong>Abraham</strong></span> <span class='ocrx_word' id='word_1_603' title='bbox 938 3829 1006 3883; x_wconf 89' lang='lat' dir='ltr'><strong>ad</strong></span> <span class='ocrx_word' id='word_1_604' title='bbox 1055 3844 1236 3901; x_wconf 76' lang='lat' dir='ltr'><strong>regem</strong></span> <span class='ocrx_word' id='word_1_605' title='bbox 1274 3827 1640 3883; x_wconf 85' lang='lat' dir='ltr'><strong>Sodomorum</strong></span> <span class='ocrx_word' id='word_1_606' title='bbox 1674 3847 1688 3883; x_wconf 89' lang='lat'>:</span> <span class='ocrx_word' id='word_1_607' title='bbox 1724 3829 2025 3886; x_wconf 86' lang='lat' dir='ltr'><strong>Extendam</strong></span> 
     </span>
    </p>
   </div>
   <div class='ocr_carea' id='block_1_72' title="bbox 449 3920 2028 3992">
    <p class='ocr_par' dir='ltr' id='par_1_72' title="bbox 449 3920 2028 3992">
     <span class='ocr_line' id='line_1_72' title="bbox 449 3920 2028 3992; baseline 0.002 -16"><span class='ocrx_word' id='word_1_608' title='bbox 449 3937 673 3977; x_wconf 91' lang='lat' dir='ltr'><strong>manum</strong></span> <span class='ocrx_word' id='word_1_609' title='bbox 727 3936 903 3975; x_wconf 86' lang='lat' dir='ltr'><strong>meam</strong></span> <span class='ocrx_word' id='word_1_610' title='bbox 965 3921 1031 3975; x_wconf 93' lang='lat' dir='ltr'><strong>ad</strong></span> <span class='ocrx_word' id='word_1_611' title='bbox 1085 3920 1251 3975; x_wconf 86' lang='lat' dir='ltr'><strong>Deum</strong></span> <span class='ocrx_word' id='word_1_612' title='bbox 1307 3921 1656 3989; x_wconf 89' lang='lat' dir='ltr'><strong>altissimum,</strong></span> <span class='ocrx_word' id='word_1_613' title='bbox 1695 3923 1787 3992; x_wconf 88' lang='lat' dir='ltr'><strong>qui</strong></span> <span class='ocrx_word' id='word_1_614' title='bbox 1823 3926 2028 3979; x_wconf 88' lang='lat' dir='ltr'><strong>creavit</strong></span> 
     </span>
    </p>
   </div>
   <div class='ocr_carea' id='block_1_73' title="bbox 449 4011 2028 4073">
    <p class='ocr_par' dir='ltr' id='par_1_73' title="bbox 449 4011 2028 4073">
     <span class='ocr_line' id='line_1_73' title="bbox 449 4011 2028 4073; baseline 0.006 -9"><span class='ocrx_word' id='word_1_615' title='bbox 449 4015 649 4068; x_wconf 57' lang='lat' dir='ltr'><strong>malum</strong></span> <span class='ocrx_word' id='word_1_616' title='bbox 677 4022 731 4067; x_wconf 90' lang='lat' dir='ltr'><strong>et</strong></span> <span class='ocrx_word' id='word_1_617' title='bbox 756 4020 955 4067; x_wconf 89' lang='lat' dir='ltr'><strong>terram</strong></span> <span class='ocrx_word' id='word_1_618' title='bbox 977 4013 1043 4066; x_wconf 82' lang='grc'>⁸⁸.</span> <span class='ocrx_word' id='word_1_619' title='bbox 1060 4032 1078 4064; x_wconf 76' lang='grc' dir='ltr'><strong>ι</strong></span> <span class='ocrx_word' id='word_1_620' title='bbox 1106 4011 1219 4067; x_wconf 92' lang='lat' dir='ltr'><strong>lmo</strong></span> <span class='ocrx_word' id='word_1_621' title='bbox 1245 4020 1369 4067; x_wconf 89' lang='lat' dir='ltr'><strong>ante</strong></span> <span class='ocrx_word' id='word_1_622' title='bbox 1385 4012 1657 4069; x_wconf 86' lang='lat' dir='ltr'><strong>Abraham</strong></span> <span class='ocrx_word' id='word_1_623' title='bbox 1673 4015 2028 4073; x_wconf 84' lang='lat' dir='ltr'><strong>Melchisedec</strong></span> 
     </span>
    </p>
   </div>
   <div class='ocr_carea' id='block_1_74' title="bbox 450 4103 2027 4178">
    <p class='ocr_par' dir='ltr' id='par_1_74' title="bbox 450 4103 2027 4178">
     <span class='ocr_line' id='line_1_74' title="bbox 450 4103 2027 4178; baseline 0.004 -21"><span class='ocrx_word' id='word_1_624' title='bbox 450 4103 546 4159; x_wconf 82' lang='lat' dir='ltr'><strong>Dei</strong></span> <span class='ocrx_word' id='word_1_625' title='bbox 593 4104 846 4159; x_wconf 89' lang='lat' dir='ltr'><strong>altissimi</strong></span> <span class='ocrx_word' id='word_1_626' title='bbox 900 4104 1155 4159; x_wconf 88' lang='lat' dir='ltr'><strong>sacerdos</strong></span> <span class='ocrx_word' id='word_1_627' title='bbox 1206 4105 1591 4170; x_wconf 88' lang='lat' dir='ltr'><strong>introducitur,</strong></span> <span class='ocrx_word' id='word_1_628' title='bbox 1629 4107 1722 4176; x_wconf 90' lang='lat' dir='ltr'><strong>qui</strong></span> <span class='ocrx_word' id='word_1_629' title='bbox 1749 4109 2027 4178; x_wconf 88' lang='lat' dir='ltr'><strong>conceptis</strong></span> 
     </span>
    </p>
   </div>
   <div class='ocr_carea' id='block_1_75' title="bbox 450 4196 2027 4255">
    <p class='ocr_par' dir='ltr' id='par_1_75' title="bbox 450 4196 2027 4255">
     <span class='ocr_line' id='line_1_75' title="bbox 450 4196 2027 4255; baseline 0.004 -7"><span class='ocrx_word' id='word_1_630' title='bbox 450 4197 632 4251; x_wconf 88' lang='lat' dir='ltr'><strong>verbis</strong></span> <span class='ocrx_word' id='word_1_631' title='bbox 663 4197 744 4251; x_wconf 91' lang='lat' dir='ltr'><strong>sic</strong></span> <span class='ocrx_word' id='word_1_632' title='bbox 771 4196 1083 4250; x_wconf 88' lang='lat' dir='ltr'><strong>Ahrahamo</strong></span> <span class='ocrx_word' id='word_1_633' title='bbox 1107 4197 1377 4252; x_wconf 88' lang='lat' dir='ltr'><strong>benedicit</strong></span> <span class='ocrx_word' id='word_1_634' title='bbox 1406 4217 1419 4252; x_wconf 89' lang='lat'><strong>:</strong></span> <span class='ocrx_word' id='word_1_635' title='bbox 1457 4217 1475 4249; x_wconf 81' lang='grc' dir='ltr'><strong>ι</strong></span> <span class='ocrx_word' id='word_1_636' title='bbox 1505 4198 1830 4255; x_wconf 89' lang='lat' dir='ltr'><strong>Benedictus</strong></span> <span class='ocrx_word' id='word_1_637' title='bbox 1852 4199 2027 4254; x_wconf 85' lang='lat' dir='ltr'><strong>Abra-</strong></span> 
     </span>
    </p>
   </div>
   <div class='ocr_carea' id='block_1_76' title="bbox 448 4289 2024 4357">
    <p class='ocr_par' dir='ltr' id='par_1_76' title="bbox 448 4289 2024 4357">
     <span class='ocr_line' id='line_1_76' title="bbox 448 4289 2024 4357; baseline 0.003 -14"><span class='ocrx_word' id='word_1_638' title='bbox 448 4289 577 4344; x_wconf 89' lang='lat' dir='ltr'><strong>ham</strong></span> <span class='ocrx_word' id='word_1_639' title='bbox 607 4290 716 4343; x_wconf 92' lang='lat' dir='ltr'><strong>Deo</strong></span> <span class='ocrx_word' id='word_1_640' title='bbox 737 4290 975 4352; x_wconf 83' lang='lat' dir='ltr'><strong>excelso,</strong></span> <span class='ocrx_word' id='word_1_641' title='bbox 1006 4289 1098 4357; x_wconf 91' lang='lat' dir='ltr'><strong>qui</strong></span> <span class='ocrx_word' id='word_1_642' title='bbox 1132 4289 1354 4345; x_wconf 88' lang='lat' dir='ltr'><strong>tradidit</strong></span> <span class='ocrx_word' id='word_1_643' title='bbox 1383 4290 1705 4345; x_wconf 91' lang='lat' dir='ltr'><strong>hostcstuos</strong></span> <span class='ocrx_word' id='word_1_644' title='bbox 1737 4291 1790 4345; x_wconf 93' lang='lat' dir='ltr'><strong>in</strong></span> <span class='ocrx_word' id='word_1_645' title='bbox 1826 4307 2024 4348; x_wconf 88' lang='lat' dir='ltr'><strong>manus</strong></span> 
     </span>
    </p>
   </div>
   <div class='ocr_carea' id='block_1_77' title="bbox 447 4379 2024 4450">
    <p class='ocr_par' dir='ltr' id='par_1_77' title="bbox 447 4379 2024 4450">
     <span class='ocr_line' id='line_1_77' title="bbox 447 4379 2024 4450; baseline 0.003 -17"><span class='ocrx_word' id='word_1_646' title='bbox 447 4386 614 4433; x_wconf 90' lang='lat' dir='ltr'><strong>tuas:</strong></span> <span class='ocrx_word' id='word_1_647' title='bbox 650 4386 704 4433; x_wconf 93' lang='lat' dir='ltr'><strong>et</strong></span> <span class='ocrx_word' id='word_1_648' title='bbox 750 4379 1068 4434; x_wconf 88' lang='lat' dir='ltr'><strong>benedictus</strong></span> <span class='ocrx_word' id='word_1_649' title='bbox 1119 4379 1282 4444; x_wconf 91' lang='lat' dir='ltr'><strong>Deus,</strong></span> <span class='ocrx_word' id='word_1_650' title='bbox 1325 4381 1417 4450; x_wconf 90' lang='lat' dir='ltr'><strong>qui</strong></span> <span class='ocrx_word' id='word_1_651' title='bbox 1475 4382 1683 4436; x_wconf 83' lang='lat' dir='ltr'><strong>crearit</strong></span> <span class='ocrx_word' id='word_1_652' title='bbox 1726 4383 1925 4438; x_wconf 66' lang='lat' dir='ltr'><strong>coelum</strong></span> <span class='ocrx_word' id='word_1_653' title='bbox 1970 4391 2024 4438; x_wconf 89' lang='lat' dir='ltr'><strong>et</strong></span> 
     </span>
    </p>
   </div>
   <div class='ocr_carea' id='block_1_78' title="bbox 2150 3185 3729 3261">
    <p class='ocr_par' dir='ltr' id='par_1_78' title="bbox 2150 3185 3729 3261">
     <span class='ocr_line' id='line_1_78' title="bbox 2150 3185 3729 3261; baseline -0.001 -20"><span class='ocrx_word' id='word_1_654' title='bbox 2150 3189 2398 3260; x_wconf 81' lang='grc' dir='ltr'>Ἀϐραὰμ</span> <span class='ocrx_word' id='word_1_655' title='bbox 2426 3189 2563 3261; x_wconf 85' lang='grc' dir='ltr'>πρὸς</span> <span class='ocrx_word' id='word_1_656' title='bbox 2595 3187 2815 3259; x_wconf 82' lang='grc' dir='ltr'>βασιλέα</span> <span class='ocrx_word' id='word_1_657' title='bbox 2842 3187 3116 3258; x_wconf 75' lang='grc' dir='ltr'><strong>Σοδόμων⁸</strong></span> <span class='ocrx_word' id='word_1_658' title='bbox 3162 3185 3395 3239; x_wconf 84' lang='grc' dir='ltr'>Ἐκτενῶ</span> <span class='ocrx_word' id='word_1_659' title='bbox 3428 3186 3527 3257; x_wconf 79' lang='grc' dir='ltr'><strong>τήν</strong></span> <span class='ocrx_word' id='word_1_660' title='bbox 3562 3188 3729 3257; x_wconf 67' lang='grc' dir='ltr'><strong>χείρᾶ</strong></span> 
     </span>
    </p>
   </div>
   <div class='ocr_carea' id='block_1_79' title="bbox 2140 3279 3728 3352">
    <p class='ocr_par' dir='ltr' id='par_1_79' title="bbox 2140 3279 3728 3352">
     <span class='ocr_line' id='line_1_79' title="bbox 2140 3279 3728 3352; baseline -0.001 -18"><span class='ocrx_word' id='word_1_661' title='bbox 2140 3300 2239 3352; x_wconf 91' lang='grc' dir='ltr'><strong>μου</strong></span> <span class='ocrx_word' id='word_1_662' title='bbox 2269 3282 2405 3352; x_wconf 86' lang='grc' dir='ltr'>πρὸς</span> <span class='ocrx_word' id='word_1_663' title='bbox 2431 3282 2521 3334; x_wconf 81' lang='grc' dir='ltr'><strong>τὸν</strong></span> <span class='ocrx_word' id='word_1_664' title='bbox 2550 3282 2681 3334; x_wconf 84' lang='grc' dir='ltr'>Θεὸν</span> <span class='ocrx_word' id='word_1_665' title='bbox 2710 3282 2801 3334; x_wconf 88' lang='grc' dir='ltr'><strong>τὸν</strong></span> <span class='ocrx_word' id='word_1_666' title='bbox 2834 3280 3076 3350; x_wconf 76' lang='grc' dir='ltr'>ὕψιστον,</span> <span class='ocrx_word' id='word_1_667' title='bbox 3105 3280 3164 3342; x_wconf 80' lang='grc' dir='ltr'><strong>ὸς</strong></span> <span class='ocrx_word' id='word_1_668' title='bbox 3197 3279 3378 3333; x_wconf 72' lang='grc' dir='ltr'>ἔκτισε</span> <span class='ocrx_word' id='word_1_669' title='bbox 3422 3280 3515 3332; x_wconf 83' lang='grc' dir='ltr'><strong>τὸν</strong></span> <span class='ocrx_word' id='word_1_670' title='bbox 3552 3282 3728 3350; x_wconf 81' lang='grc' dir='ltr'>ούρα-</span> 
     </span>
    </p>
   </div>
   <div class='ocr_carea' id='block_1_80' title="bbox 2136 3369 3732 3444">
    <p class='ocr_par' dir='ltr' id='par_1_80' title="bbox 2136 3369 3732 3444">
     <span class='ocr_line' id='line_1_80' title="bbox 2136 3369 3732 3444; baseline -0.003 -16"><span class='ocrx_word' id='word_1_671' title='bbox 2136 3375 2225 3428; x_wconf 65' lang='grc' dir='ltr'>’.μὸν</span> <span class='ocrx_word' id='word_1_672' title='bbox 2254 3375 2346 3426; x_wconf 70' lang='grc' dir='ltr'><strong>καὶ</strong></span> <span class='ocrx_word' id='word_1_673' title='bbox 2362 3374 2459 3443; x_wconf 86' lang='grc' dir='ltr'><strong>τὴν</strong></span> <span class='ocrx_word' id='word_1_674' title='bbox 2488 3374 2610 3443; x_wconf 83' lang='grc' dir='ltr'>γῆν.</span> <span class='ocrx_word' id='word_1_675' title='bbox 2655 3392 2673 3424; x_wconf 74' lang='grc' dir='ltr'><strong>ι</strong></span> <span class='ocrx_word' id='word_1_676' title='bbox 2712 3374 2822 3426; x_wconf 86' lang='lat' dir='ltr'><strong>Kal</strong></span> <span class='ocrx_word' id='word_1_677' title='bbox 2854 3374 2961 3444; x_wconf 87' lang='grc' dir='ltr'><strong>πρό</strong></span> <span class='ocrx_word' id='word_1_678' title='bbox 2982 3390 3045 3440; x_wconf 91' lang='grc' dir='ltr'><strong>γε</strong></span> <span class='ocrx_word' id='word_1_679' title='bbox 3075 3370 3172 3425; x_wconf 78' lang='grc' dir='ltr'>τοῦ</span> <span class='ocrx_word' id='word_1_680' title='bbox 3212 3369 3466 3442; x_wconf 72' lang='grc' dir='ltr'>Ἀϐραὰμ</span> <span class='ocrx_word' id='word_1_681' title='bbox 3503 3371 3732 3439; x_wconf 74' lang='grc' dir='ltr'>εἰσάγε-</span> 
     </span>
    </p>
   </div>
   <div class='ocr_carea' id='block_1_81' title="bbox 2134 3462 3731 3537">
    <p class='ocr_par' dir='ltr' id='par_1_81' title="bbox 2134 3462 3731 3537">
     <span class='ocr_line' id='line_1_81' title="bbox 2134 3462 3731 3537; baseline -0.001 -20"><span class='ocrx_word' id='word_1_682' title='bbox 2134 3483 2224 3518; x_wconf 90' lang='grc' dir='ltr'><strong>ται</strong></span> <span class='ocrx_word' id='word_1_683' title='bbox 2256 3468 2284 3519; x_wconf 87' lang='grc' dir='ltr'><strong>ὀ</strong></span> <span class='ocrx_word' id='word_1_684' title='bbox 2316 3464 2641 3536; x_wconf 80' lang='grc' dir='ltr'>Μελχισεδὲκ</span> <span class='ocrx_word' id='word_1_685' title='bbox 2678 3466 2857 3537; x_wconf 81' lang='grc' dir='ltr'>ἱερεὺς</span> <span class='ocrx_word' id='word_1_686' title='bbox 2888 3464 2980 3518; x_wconf 78' lang='grc' dir='ltr'>τοῦ</span> <span class='ocrx_word' id='word_1_687' title='bbox 3011 3462 3147 3517; x_wconf 76' lang='grc' dir='ltr'>Θεοῦ</span> <span class='ocrx_word' id='word_1_688' title='bbox 3178 3463 3272 3517; x_wconf 79' lang='grc' dir='ltr'>τοῦ</span> <span class='ocrx_word' id='word_1_689' title='bbox 3323 3463 3547 3533; x_wconf 68' lang='grc' dir='ltr'>ὑψίστου</span> <span class='ocrx_word' id='word_1_690' title='bbox 3571 3506 3587 3527; x_wconf 90' lang='grc'><strong>,</strong></span> <span class='ocrx_word' id='word_1_691' title='bbox 3630 3464 3731 3517; x_wconf 85' lang='grc' dir='ltr'><strong>τὸν</strong></span> 
     </span>
    </p>
   </div>
   <div class='ocr_carea' id='block_1_82' title="bbox 2149 3556 3728 3628">
    <p class='ocr_par' dir='ltr' id='par_1_82' title="bbox 2149 3556 3728 3628">
     <span class='ocr_line' id='line_1_82' title="bbox 2149 3556 3728 3628; baseline -0.001 -18"><span class='ocrx_word' id='word_1_692' title='bbox 2149 3557 2397 3628; x_wconf 74' lang='grc' dir='ltr'>Ἀϐραὰμ</span> <span class='ocrx_word' id='word_1_693' title='bbox 2428 3558 2664 3627; x_wconf 71' lang='grc' dir='ltr'>εὐλογῶν</span> <span class='ocrx_word' id='word_1_694' title='bbox 2692 3558 2902 3621; x_wconf 86' lang='grc' dir='ltr'>τούτοις</span> <span class='ocrx_word' id='word_1_695' title='bbox 2933 3559 3045 3619; x_wconf 86' lang='grc' dir='ltr'>τοῖς</span> <span class='ocrx_word' id='word_1_696' title='bbox 3090 3557 3357 3626; x_wconf 75' lang='grc' dir='ltr'>ῥήμασιν·</span> <span class='ocrx_word' id='word_1_697' title='bbox 3402 3574 3420 3606; x_wconf 78' lang='grc' dir='ltr'><strong>ι</strong></span> <span class='ocrx_word' id='word_1_698' title='bbox 3475 3556 3689 3627; x_wconf 85' lang='grc' dir='ltr'>Εὑλογη</span> <span class='ocrx_word' id='word_1_699' title='bbox 3710 3586 3728 3596; x_wconf 85' lang='grc'><strong><em>-</em></strong></span> 
     </span>
    </p>
   </div>
   <div class='ocr_carea' id='block_1_83' title="bbox 2119 3646 3731 3727">
    <p class='ocr_par' dir='ltr' id='par_1_83' title="bbox 2119 3646 3731 3727">
     <span class='ocr_line' id='line_1_83' title="bbox 2119 3646 3731 3727; baseline 0 -26"><span class='ocrx_word' id='word_1_700' title='bbox 2119 3649 2296 3719; x_wconf 79' lang='grc' dir='ltr'><strong>¹μένος</strong></span> <span class='ocrx_word' id='word_1_701' title='bbox 2339 3648 2589 3721; x_wconf 79' lang='grc' dir='ltr'>Ἀϐραὰμ</span> <span class='ocrx_word' id='word_1_702' title='bbox 2609 3649 2685 3720; x_wconf 84' lang='grc' dir='ltr'><strong>τῷ</strong></span> <span class='ocrx_word' id='word_1_703' title='bbox 2703 3647 2822 3718; x_wconf 85' lang='grc' dir='ltr'><strong>Θεῷ</strong></span> <span class='ocrx_word' id='word_1_704' title='bbox 2842 3648 2927 3727; x_wconf 65' lang='grc' dir='ltr'><strong>τῷ,</strong></span> <span class='ocrx_word' id='word_1_705' title='bbox 2946 3647 3176 3719; x_wconf 76' lang='grc' dir='ltr'>ὑψίστῳ,</span> <span class='ocrx_word' id='word_1_706' title='bbox 3201 3646 3260 3711; x_wconf 81' lang='grc' dir='ltr'>ὃς</span> <span class='ocrx_word' id='word_1_707' title='bbox 3288 3646 3574 3718; x_wconf 83' lang='grc' dir='ltr'>παρέδωκε</span> <span class='ocrx_word' id='word_1_708' title='bbox 3592 3649 3731 3712; x_wconf 71' lang='grc' dir='ltr'>τοὺς</span> 
     </span>
    </p>
   </div>
   <div class='ocr_carea' id='block_1_84' title="bbox 2135 3739 3729 3812">
    <p class='ocr_par' dir='ltr' id='par_1_84' title="bbox 2135 3739 3729 3812">
     <span class='ocr_line' id='line_1_84' title="bbox 2135 3739 3729 3812; baseline 0.002 -20"><span class='ocrx_word' id='word_1_709' title='bbox 2135 3739 2361 3811; x_wconf 86' lang='grc' dir='ltr'>ἐχθρούς</span> <span class='ocrx_word' id='word_1_710' title='bbox 2394 3758 2488 3794; x_wconf 92' lang='grc' dir='ltr'><strong>σου</strong></span> <span class='ocrx_word' id='word_1_711' title='bbox 2514 3741 2857 3812; x_wconf 80' lang='grc' dir='ltr'>ὑποχειρίους</span> <span class='ocrx_word' id='word_1_712' title='bbox 2889 3757 2970 3793; x_wconf 90' lang='grc' dir='ltr'><strong>σοι</strong></span> <span class='ocrx_word' id='word_1_713' title='bbox 2989 3756 3009 3770; x_wconf 67' lang='grc' dir='ltr'><strong>ι</strong></span> <span class='ocrx_word' id='word_1_714' title='bbox 3036 3739 3132 3794; x_wconf 74' lang='grc' dir='ltr'><strong>καὶ</strong></span> <span class='ocrx_word' id='word_1_715' title='bbox 3165 3739 3457 3810; x_wconf 80' lang='grc' dir='ltr'>εὐλογητὸς</span> <span class='ocrx_word' id='word_1_716' title='bbox 3489 3741 3519 3791; x_wconf 87' lang='grc' dir='ltr'><strong>ό</strong></span> <span class='ocrx_word' id='word_1_717' title='bbox 3562 3739 3729 3803; x_wconf 72' lang='grc' dir='ltr'>Θεὸς,</span> 
     </span>
    </p>
   </div>
   <div class='ocr_carea' id='block_1_85' title="bbox 2133 3831 3731 3905">
    <p class='ocr_par' dir='ltr' id='par_1_85' title="bbox 2133 3831 3731 3905">
     <span class='ocr_line' id='line_1_85' title="bbox 2133 3831 3731 3905; baseline -0.006 -21"><span class='ocrx_word' id='word_1_718' title='bbox 2133 3832 2192 3894; x_wconf 79' lang='grc' dir='ltr'>ὃς</span> <span class='ocrx_word' id='word_1_719' title='bbox 2217 3831 2398 3885; x_wconf 72' lang='grc' dir='ltr'>ἔκτισε</span> <span class='ocrx_word' id='word_1_720' title='bbox 2424 3834 2516 3886; x_wconf 89' lang='grc' dir='ltr'><strong>τὸν</strong></span> <span class='ocrx_word' id='word_1_721' title='bbox 2541 3833 2770 3904; x_wconf 78' lang='grc' dir='ltr'>οὐρανὸν</span> <span class='ocrx_word' id='word_1_722' title='bbox 2795 3832 2889 3886; x_wconf 78' lang='grc' dir='ltr'>καὶ</span> <span class='ocrx_word' id='word_1_723' title='bbox 2913 3832 3011 3904; x_wconf 86' lang='grc' dir='ltr'><strong>τὴν</strong></span> <span class='ocrx_word' id='word_1_724' title='bbox 3043 3832 3168 3901; x_wconf 83' lang='grc' dir='ltr'>γῆν.</span> <span class='ocrx_word' id='word_1_725' title='bbox 3207 3852 3224 3885; x_wconf 73' lang='grc' dir='ltr'><strong>ι</strong></span> <span class='ocrx_word' id='word_1_726' title='bbox 3264 3834 3383 3886; x_wconf 85' lang='grc' dir='ltr'><strong>Ἔτι</strong></span> <span class='ocrx_word' id='word_1_727' title='bbox 3413 3832 3551 3905; x_wconf 86' lang='grc' dir='ltr'>πρὸς</span> <span class='ocrx_word' id='word_1_728' title='bbox 3596 3833 3731 3887; x_wconf 62' lang='grc' dir='ltr'>τού-</span> 
     </span>
    </p>
   </div>
   <div class='ocr_carea' id='block_1_86' title="bbox 2133 3923 3735 3996">
    <p class='ocr_par' dir='ltr' id='par_1_86' title="bbox 2133 3923 3735 3996">
     <span class='ocr_line' id='line_1_86' title="bbox 2133 3923 3735 3996; baseline 0.001 -21"><span class='ocrx_word' id='word_1_729' title='bbox 2133 3940 2245 3988; x_wconf 87' lang='grc' dir='ltr'>τοις</span> <span class='ocrx_word' id='word_1_730' title='bbox 2276 3925 2304 3976; x_wconf 88' lang='lat'><strong>6</strong></span> <span class='ocrx_word' id='word_1_731' title='bbox 2334 3923 2487 3992; x_wconf 81' lang='grc' dir='ltr'>λόγος</span> <span class='ocrx_word' id='word_1_732' title='bbox 2514 3925 2604 3978; x_wconf 88' lang='grc' dir='ltr'><strong>τὸν</strong></span> <span class='ocrx_word' id='word_1_733' title='bbox 2643 3924 2893 3995; x_wconf 80' lang='grc' dir='ltr'>Ἀϐραὰμ</span> <span class='ocrx_word' id='word_1_734' title='bbox 2935 3924 3146 3993; x_wconf 77' lang='grc' dir='ltr'>εἰσάγει</span> <span class='ocrx_word' id='word_1_735' title='bbox 3174 3924 3253 3996; x_wconf 85' lang='grc' dir='ltr'>τῷ</span> <span class='ocrx_word' id='word_1_736' title='bbox 3305 3926 3490 3996; x_wconf 81' lang='grc' dir='ltr'>οἰκείῳ</span> <span class='ocrx_word' id='word_1_737' title='bbox 3538 3925 3735 3978; x_wconf 76' lang='grc' dir='ltr'>τοιάδε</span> 
     </span>
    </p>
   </div>
   <div class='ocr_carea' id='block_1_87' title="bbox 2135 3999 3734 4088">
    <p class='ocr_par' dir='ltr' id='par_1_87' title="bbox 2135 3999 3734 4088">
     <span class='ocr_line' id='line_1_87' title="bbox 2135 3999 3734 4088; baseline 0.001 -21"><span class='ocrx_word' id='word_1_738' title='bbox 2135 4015 2655 4086; x_wconf 82' lang='grc' dir='ltr'>προσδιαλεγόμενον</span> <span class='ocrx_word' id='word_1_739' title='bbox 2682 4033 2695 4046; x_wconf 93' lang='grc'><strong>·</strong></span> <span class='ocrx_word' id='word_1_740' title='bbox 2729 4034 2748 4068; x_wconf 78' lang='grc' dir='ltr'><strong>ι</strong></span> <span class='ocrx_word' id='word_1_741' title='bbox 2787 4016 2891 4080; x_wconf 85' lang='grc' dir='ltr'><strong>Θὲς</strong></span> <span class='ocrx_word' id='word_1_742' title='bbox 2922 4016 3018 4087; x_wconf 80' lang='grc' dir='ltr'>τὴν</span> <span class='ocrx_word' id='word_1_743' title='bbox 3050 4018 3209 4088; x_wconf 83' lang='grc' dir='ltr'>χεῖρά</span> <span class='ocrx_word' id='word_1_744' title='bbox 3237 4034 3330 4070; x_wconf 92' lang='grc' dir='ltr'><strong>σου</strong></span> <span class='ocrx_word' id='word_1_745' title='bbox 3363 4017 3469 4070; x_wconf 86' lang='grc' dir='ltr'><strong>ὑπὸ</strong></span> <span class='ocrx_word' id='word_1_746' title='bbox 3500 3999 3591 4069; x_wconf 82' lang='grc' dir='ltr'><strong>τὸν</strong></span> <span class='ocrx_word' id='word_1_747' title='bbox 3618 4035 3734 4087; x_wconf 77' lang='grc' dir='ltr'>μη-</span> 
     </span>
    </p>
   </div>
   <div class='ocr_carea' id='block_1_88' title="bbox 2137 4106 3739 4181">
    <p class='ocr_par' dir='ltr' id='par_1_88' title="bbox 2137 4106 3739 4181">
     <span class='ocr_line' id='line_1_88' title="bbox 2137 4106 3739 4181; baseline 0.001 -20"><span class='ocrx_word' id='word_1_748' title='bbox 2137 4109 2227 4177; x_wconf 86' lang='grc' dir='ltr'><strong>ρόν</strong></span> <span class='ocrx_word' id='word_1_749' title='bbox 2256 4125 2377 4180; x_wconf 88' lang='grc' dir='ltr'>μου,</span> <span class='ocrx_word' id='word_1_750' title='bbox 2406 4108 2499 4162; x_wconf 75' lang='grc' dir='ltr'>καὶ</span> <span class='ocrx_word' id='word_1_751' title='bbox 2526 4108 2757 4179; x_wconf 79' lang='grc' dir='ltr'>ἐξορκιῶ</span> <span class='ocrx_word' id='word_1_752' title='bbox 2792 4125 2850 4162; x_wconf 89' lang='grc' dir='ltr'><strong>σε</strong></span> <span class='ocrx_word' id='word_1_753' title='bbox 2885 4108 3090 4181; x_wconf 80' lang='grc' dir='ltr'>Κύριον</span> <span class='ocrx_word' id='word_1_754' title='bbox 3120 4109 3212 4163; x_wconf 85' lang='grc' dir='ltr'><strong>τὸν</strong></span> <span class='ocrx_word' id='word_1_755' title='bbox 3238 4107 3371 4162; x_wconf 85' lang='grc' dir='ltr'>Θεὸν</span> <span class='ocrx_word' id='word_1_756' title='bbox 3413 4106 3510 4161; x_wconf 78' lang='grc' dir='ltr'>τοῦ</span> <span class='ocrx_word' id='word_1_757' title='bbox 3552 4109 3739 4179; x_wconf 83' lang='grc' dir='ltr'>οὐρα-</span> 
     </span>
    </p>
   </div>
   <div class='ocr_carea' id='block_1_89' title="bbox 2136 4195 3735 4271">
    <p class='ocr_par' dir='ltr' id='par_1_89' title="bbox 2136 4195 3735 4271">
     <span class='ocr_line' id='line_1_89' title="bbox 2136 4195 3735 4271; baseline -0.001 -19"><span class='ocrx_word' id='word_1_758' title='bbox 2136 4195 2228 4253; x_wconf 79' lang='grc' dir='ltr'>νοῦ</span> <span class='ocrx_word' id='word_1_759' title='bbox 2253 4239 2267 4261; x_wconf 90' lang='grc'><strong>,</strong></span> <span class='ocrx_word' id='word_1_760' title='bbox 2322 4199 2414 4253; x_wconf 68' lang='grc' dir='ltr'><strong>καὶ</strong></span> <span class='ocrx_word' id='word_1_761' title='bbox 2438 4199 2528 4253; x_wconf 87' lang='grc' dir='ltr'><strong>τὸν</strong></span> <span class='ocrx_word' id='word_1_762' title='bbox 2554 4199 2684 4252; x_wconf 83' lang='grc' dir='ltr'>Θεὸν</span> <span class='ocrx_word' id='word_1_763' title='bbox 2704 4199 2799 4271; x_wconf 78' lang='grc' dir='ltr'>τῆς</span> <span class='ocrx_word' id='word_1_764' title='bbox 2819 4197 2941 4268; x_wconf 85' lang='grc' dir='ltr'>γῆς.</span> <span class='ocrx_word' id='word_1_765' title='bbox 2967 4219 2986 4250; x_wconf 76' lang='grc' dir='ltr'><strong>ι</strong></span> <span class='ocrx_word' id='word_1_766' title='bbox 3019 4200 3131 4252; x_wconf 90' lang='lat' dir='ltr'><strong>Kal</strong></span> <span class='ocrx_word' id='word_1_767' title='bbox 3159 4197 3398 4267; x_wconf 78' lang='grc' dir='ltr'>ἐπιλέγει</span> <span class='ocrx_word' id='word_1_768' title='bbox 3426 4214 3436 4228; x_wconf 64' lang='grc'>³</span> <span class='ocrx_word' id='word_1_769' title='bbox 3462 4215 3480 4248; x_wconf 81' lang='grc' dir='ltr'><strong>ι</strong></span> <span class='ocrx_word' id='word_1_770' title='bbox 3512 4197 3735 4267; x_wconf 77' lang='grc' dir='ltr'>Κύριος</span> 
     </span>
    </p>
   </div>
   <div class='ocr_carea' id='block_1_90' title="bbox 2130 4288 3733 4362">
    <p class='ocr_par' dir='ltr' id='par_1_90' title="bbox 2130 4288 3733 4362">
     <span class='ocr_line' id='line_1_90' title="bbox 2130 4288 3733 4362; baseline -0.001 -19"><span class='ocrx_word' id='word_1_771' title='bbox 2130 4292 2159 4343; x_wconf 96' lang='lat'><strong>6</strong></span> <span class='ocrx_word' id='word_1_772' title='bbox 2183 4290 2314 4354; x_wconf 90' lang='grc' dir='ltr'>Θεὸς</span> <span class='ocrx_word' id='word_1_773' title='bbox 2335 4289 2429 4343; x_wconf 80' lang='grc' dir='ltr'>τοῦ</span> <span class='ocrx_word' id='word_1_774' title='bbox 2457 4290 2684 4362; x_wconf 86' lang='grc' dir='ltr'>οὐρανοῦ</span> <span class='ocrx_word' id='word_1_775' title='bbox 2705 4331 2721 4357; x_wconf 94' lang='grc'><strong>,</strong></span> <span class='ocrx_word' id='word_1_776' title='bbox 2761 4291 2854 4343; x_wconf 74' lang='grc' dir='ltr'><strong>καὶ</strong></span> <span class='ocrx_word' id='word_1_777' title='bbox 2880 4292 2909 4343; x_wconf 80' lang='lat'><strong>6</strong></span> <span class='ocrx_word' id='word_1_778' title='bbox 2939 4289 3073 4354; x_wconf 85' lang='grc' dir='ltr'>Θεὸς</span> <span class='ocrx_word' id='word_1_779' title='bbox 3094 4292 3192 4361; x_wconf 86' lang='grc' dir='ltr'>τῆς</span> <span class='ocrx_word' id='word_1_780' title='bbox 3217 4292 3340 4360; x_wconf 80' lang='grc' dir='ltr'>γῆς,</span> <span class='ocrx_word' id='word_1_781' title='bbox 3375 4288 3432 4352; x_wconf 75' lang='grc' dir='ltr'>ὃς</span> <span class='ocrx_word' id='word_1_782' title='bbox 3458 4288 3624 4342; x_wconf 75' lang='grc' dir='ltr'>ἔλαϐέ</span> <span class='ocrx_word' id='word_1_783' title='bbox 3651 4307 3733 4359; x_wconf 82' lang='grc' dir='ltr'><strong>με</strong></span> 
     </span>
    </p>
   </div>
   <div class='ocr_carea' id='block_1_91' title="bbox 2131 4377 3737 4452">
    <p class='ocr_par' dir='ltr' id='par_1_91' title="bbox 2131 4377 3737 4452">
     <span class='ocr_line' id='line_1_91' title="bbox 2131 4377 3737 4452; baseline 0.001 -17"><span class='ocrx_word' id='word_1_784' title='bbox 2131 4384 2195 4435; x_wconf 90' lang='grc' dir='ltr'><strong>ἐκ</strong></span> <span class='ocrx_word' id='word_1_785' title='bbox 2238 4381 2332 4435; x_wconf 78' lang='grc' dir='ltr'>τοῦ</span> <span class='ocrx_word' id='word_1_786' title='bbox 2365 4381 2514 4436; x_wconf 79' lang='grc' dir='ltr'>οἴκου</span> <span class='ocrx_word' id='word_1_787' title='bbox 2553 4380 2647 4435; x_wconf 78' lang='grc' dir='ltr'>τοῦ</span> <span class='ocrx_word' id='word_1_788' title='bbox 2700 4383 2907 4452; x_wconf 85' lang='grc' dir='ltr'>πατρός</span> <span class='ocrx_word' id='word_1_789' title='bbox 2943 4398 3077 4452; x_wconf 88' lang='grc' dir='ltr'>μου,</span> <span class='ocrx_word' id='word_1_790' title='bbox 3110 4380 3205 4434; x_wconf 72' lang='grc' dir='ltr'><strong>καὶ</strong></span> <span class='ocrx_word' id='word_1_791' title='bbox 3231 4384 3296 4434; x_wconf 82' lang='grc' dir='ltr'><strong>ἐκ</strong></span> <span class='ocrx_word' id='word_1_792' title='bbox 3326 4382 3425 4451; x_wconf 81' lang='grc' dir='ltr'>τῆς</span> <span class='ocrx_word' id='word_1_793' title='bbox 3463 4381 3605 4450; x_wconf 81' lang='grc' dir='ltr'>γῆς,</span> <span class='ocrx_word' id='word_1_794' title='bbox 3650 4377 3737 4452; x_wconf 84' lang='grc' dir='ltr'>ἦς</span> 
     </span>
    </p>
   </div>
   <div class='ocr_carea' id='block_1_92' title="bbox 446 4469 2031 4544">
    <p class='ocr_par' dir='ltr' id='par_1_92' title="bbox 446 4469 2027 4529">
     <span class='ocr_line' id='line_1_92' title="bbox 446 4469 2027 4529; baseline 0.003 -4"><span class='ocrx_word' id='word_1_795' title='bbox 446 4477 649 4525; x_wconf 89' lang='lat' dir='ltr'><strong>terram</strong></span> <span class='ocrx_word' id='word_1_796' title='bbox 671 4471 739 4524; x_wconf 77' lang='lat'><strong>&quot;.</strong></span> <span class='ocrx_word' id='word_1_797' title='bbox 774 4489 792 4522; x_wconf 81' lang='grc'>›</span> <span class='ocrx_word' id='word_1_798' title='bbox 827 4469 999 4525; x_wconf 92' lang='lat' dir='ltr'><strong>Porro</strong></span> <span class='ocrx_word' id='word_1_799' title='bbox 1031 4472 1281 4525; x_wconf 91' lang='lat' dir='ltr'><strong>eumdem</strong></span> <span class='ocrx_word' id='word_1_800' title='bbox 1329 4471 1702 4527; x_wconf 84' lang='lat' dir='ltr'><strong>Abrahamum</strong></span> <span class='ocrx_word' id='word_1_801' title='bbox 1753 4475 1925 4529; x_wconf 88' lang='lat' dir='ltr'><strong>sacris</strong></span> <span class='ocrx_word' id='word_1_802' title='bbox 1975 4475 2027 4529; x_wconf 89' lang='lat' dir='ltr'><strong>in</strong></span> 
     </span>
    </p>
   </div>
   <div class='ocr_carea' id='block_1_93' title="bbox 2144 4469 3735 4544">
    <p class='ocr_par' dir='ltr' id='par_1_93' title="bbox 2144 4472 3735 4544">
     <span class='ocr_line' id='line_1_93' title="bbox 2144 4472 3735 4544; baseline -0.001 -19"><span class='ocrx_word' id='word_1_803' title='bbox 2144 4472 2451 4544; x_wconf 70' lang='grc' dir='ltr'>ἐγεννήθην.</span> <span class='ocrx_word' id='word_1_804' title='bbox 2507 4492 2527 4525; x_wconf 76' lang='grc' dir='ltr'><strong>ι</strong></span> <span class='ocrx_word' id='word_1_805' title='bbox 2575 4474 2698 4526; x_wconf 80' lang='grc' dir='ltr'>Ἐπὶ</span> <span class='ocrx_word' id='word_1_806' title='bbox 2746 4475 2881 4527; x_wconf 83' lang='grc' dir='ltr'>πᾶσι</span> <span class='ocrx_word' id='word_1_807' title='bbox 2916 4472 3125 4536; x_wconf 88' lang='grc' dir='ltr'>τούτοις</span> <span class='ocrx_word' id='word_1_808' title='bbox 3172 4473 3230 4526; x_wconf 89' lang='grc' dir='ltr'><strong>ἐν</strong></span> <span class='ocrx_word' id='word_1_809' title='bbox 3258 4474 3325 4543; x_wconf 81' lang='grc' dir='ltr'>τῇ</span> <span class='ocrx_word' id='word_1_810' title='bbox 3368 4472 3507 4544; x_wconf 84' lang='grc' dir='ltr'>πρὸς</span> <span class='ocrx_word' id='word_1_811' title='bbox 3552 4472 3735 4525; x_wconf 79' lang='grc' dir='ltr'>αὑτὸν</span> 
     </span>
    </p>
   </div>
   <div class='ocr_carea' id='block_1_94' title="bbox 446 4563 2028 4631">
    <p class='ocr_par' dir='ltr' id='par_1_94' title="bbox 446 4563 2028 4631">
     <span class='ocr_line' id='line_1_94' title="bbox 446 4563 2028 4631; baseline 0.002 -12"><span class='ocrx_word' id='word_1_812' title='bbox 446 4564 644 4620; x_wconf 85' lang='lat' dir='ltr'><strong>litteris</strong></span> <span class='ocrx_word' id='word_1_813' title='bbox 673 4563 960 4631; x_wconf 87' lang='lat' dir='ltr'><strong>habemus,</strong></span> <span class='ocrx_word' id='word_1_814' title='bbox 988 4580 1113 4620; x_wconf 93' lang='lat' dir='ltr'><strong>cum</strong></span> <span class='ocrx_word' id='word_1_815' title='bbox 1146 4579 1259 4618; x_wconf 92' lang='lat' dir='ltr'><strong>uno</strong></span> <span class='ocrx_word' id='word_1_816' title='bbox 1287 4581 1317 4620; x_wconf 92' lang='lat' dir='ltr'><strong>e</strong></span> <span class='ocrx_word' id='word_1_817' title='bbox 1343 4567 1520 4623; x_wconf 85' lang='lat' dir='ltr'><strong>servis</strong></span> <span class='ocrx_word' id='word_1_818' title='bbox 1542 4566 1649 4622; x_wconf 89' lang='lat' dir='ltr'><strong>hoc</strong></span> <span class='ocrx_word' id='word_1_819' title='bbox 1673 4569 1839 4622; x_wconf 90' lang='lat' dir='ltr'><strong>modo</strong></span> <span class='ocrx_word' id='word_1_820' title='bbox 1861 4567 2028 4623; x_wconf 87' lang='lat' dir='ltr'><strong>collo-</strong></span> 
     </span>
    </p>
   </div>
   <div class='ocr_carea' id='block_1_95' title="bbox 443 4654 2023 4727">
    <p class='ocr_par' dir='ltr' id='par_1_95' title="bbox 443 4654 2023 4727">
     <span class='ocr_line' id='line_1_95' title="bbox 443 4654 2023 4727; baseline 0.004 -19"><span class='ocrx_word' id='word_1_821' title='bbox 443 4663 700 4725; x_wconf 89' lang='lat' dir='ltr'><strong>quentem</strong></span> <span class='ocrx_word' id='word_1_822' title='bbox 727 4673 742 4709; x_wconf 91' lang='lat'><strong>:</strong></span> <span class='ocrx_word' id='word_1_823' title='bbox 766 4673 783 4705; x_wconf 73' lang='grc' dir='ltr'><strong>ι</strong></span> <span class='ocrx_word' id='word_1_824' title='bbox 811 4654 957 4709; x_wconf 92' lang='lat' dir='ltr'><strong>Pone</strong></span> <span class='ocrx_word' id='word_1_825' title='bbox 982 4672 1201 4711; x_wconf 82' lang='lat' dir='ltr'><strong>manum</strong></span> <span class='ocrx_word' id='word_1_826' title='bbox 1226 4665 1374 4712; x_wconf 89' lang='lat' dir='ltr'><strong>tuam</strong></span> <span class='ocrx_word' id='word_1_827' title='bbox 1401 4659 1588 4713; x_wconf 89' lang='lat' dir='ltr'><strong>subter</strong></span> <span class='ocrx_word' id='word_1_828' title='bbox 1616 4658 1794 4713; x_wconf 84' lang='lat' dir='ltr'><strong>femur</strong></span> <span class='ocrx_word' id='word_1_829' title='bbox 1820 4675 2023 4727; x_wconf 90' lang='lat' dir='ltr'><strong>meum,</strong></span> 
     </span>
    </p>
   </div>
   <div class='ocr_carea' id='block_1_96' title="bbox 443 4746 2021 4816">
    <p class='ocr_par' dir='ltr' id='par_1_96' title="bbox 443 4746 2021 4816">
     <span class='ocr_line' id='line_1_96' title="bbox 443 4746 2021 4816; baseline 0.003 -14"><span class='ocrx_word' id='word_1_830' title='bbox 443 4756 500 4802; x_wconf 89' lang='lat' dir='ltr'><strong>et</strong></span> <span class='ocrx_word' id='word_1_831' title='bbox 530 4746 799 4815; x_wconf 88' lang='lat' dir='ltr'><strong>adjurabo</strong></span> <span class='ocrx_word' id='word_1_832' title='bbox 849 4757 901 4801; x_wconf 91' lang='lat' dir='ltr'><strong>te</strong></span> <span class='ocrx_word' id='word_1_833' title='bbox 950 4763 1045 4816; x_wconf 90' lang='lat' dir='ltr'><strong>per</strong></span> <span class='ocrx_word' id='word_1_834' title='bbox 1073 4747 1366 4803; x_wconf 90' lang='lat' dir='ltr'><strong>Dominum</strong></span> <span class='ocrx_word' id='word_1_835' title='bbox 1397 4748 1565 4804; x_wconf 92' lang='lat' dir='ltr'><strong>Deum</strong></span> <span class='ocrx_word' id='word_1_836' title='bbox 1596 4749 1742 4814; x_wconf 86' lang='lat' dir='ltr'><strong>coeli,</strong></span> <span class='ocrx_word' id='word_1_837' title='bbox 1771 4759 1826 4805; x_wconf 91' lang='lat' dir='ltr'><strong>et</strong></span> <span class='ocrx_word' id='word_1_838' title='bbox 1851 4750 2021 4807; x_wconf 91' lang='lat' dir='ltr'><strong>Deum</strong></span> 
     </span>
    </p>
   </div>
   <div class='ocr_carea' id='block_1_97' title="bbox 442 4835 2025 4909">
    <p class='ocr_par' dir='ltr' id='par_1_97' title="bbox 442 4835 2025 4909">
     <span class='ocr_line' id='line_1_97' title="bbox 442 4835 2025 4909; baseline 0.005 -18"><span class='ocrx_word' id='word_1_839' title='bbox 442 4835 687 4893; x_wconf 69' lang='lat' dir='ltr'><strong>terrae&quot;.</strong></span> <span class='ocrx_word' id='word_1_840' title='bbox 722 4856 742 4889; x_wconf 75' lang='grc' dir='ltr'><strong>ι</strong></span> <span class='ocrx_word' id='word_1_841' title='bbox 777 4836 845 4892; x_wconf 84' lang='grc' dir='ltr'>Ει</span> <span class='ocrx_word' id='word_1_842' title='bbox 868 4839 1028 4908; x_wconf 83' lang='lat' dir='ltr'><strong>paulo</strong></span> <span class='ocrx_word' id='word_1_843' title='bbox 1059 4849 1180 4909; x_wconf 91' lang='lat' dir='ltr'><strong>post</strong></span> <span class='ocrx_word' id='word_1_844' title='bbox 1215 4857 1228 4892; x_wconf 95' lang='lat'>:</span> <span class='ocrx_word' id='word_1_845' title='bbox 1269 4858 1287 4890; x_wconf 76' lang='grc' dir='ltr'><strong>ι</strong></span> <span class='ocrx_word' id='word_1_846' title='bbox 1319 4839 1583 4896; x_wconf 87' lang='lat' dir='ltr'><strong>Dominus</strong></span> <span class='ocrx_word' id='word_1_847' title='bbox 1614 4840 1758 4898; x_wconf 87' lang='lat' dir='ltr'><strong>Deus</strong></span> <span class='ocrx_word' id='word_1_848' title='bbox 1798 4842 1941 4909; x_wconf 62' lang='lat' dir='ltr'><strong>caeli,</strong></span> <span class='ocrx_word' id='word_1_849' title='bbox 1971 4854 2025 4899; x_wconf 88' lang='lat' dir='ltr'><strong>et</strong></span> 
     </span>
    </p>
   </div>
   <div class='ocr_carea' id='block_1_98' title="bbox 440 4928 2017 5003">
    <p class='ocr_par' dir='ltr' id='par_1_98' title="bbox 440 4928 2017 5003">
     <span class='ocr_line' id='line_1_98' title="bbox 440 4928 2017 5003; baseline 0.006 -21"><span class='ocrx_word' id='word_1_850' title='bbox 440 4938 618 4994; x_wconf 64' lang='lat' dir='ltr'><strong>terrae,</strong></span> <span class='ocrx_word' id='word_1_851' title='bbox 648 4928 741 5000; x_wconf 90' lang='lat' dir='ltr'><strong>qui</strong></span> <span class='ocrx_word' id='word_1_852' title='bbox 793 4931 1001 4999; x_wconf 82' lang='lat' dir='ltr'><strong>accepit</strong></span> <span class='ocrx_word' id='word_1_853' title='bbox 1054 4947 1142 4987; x_wconf 91' lang='lat' dir='ltr'><strong>me</strong></span> <span class='ocrx_word' id='word_1_854' title='bbox 1186 4932 1253 4987; x_wconf 94' lang='lat' dir='ltr'><strong>de</strong></span> <span class='ocrx_word' id='word_1_855' title='bbox 1303 4933 1468 4987; x_wconf 92' lang='lat' dir='ltr'><strong>domo</strong></span> <span class='ocrx_word' id='word_1_856' title='bbox 1515 4934 1687 5003; x_wconf 90' lang='lat' dir='ltr'><strong>patris</strong></span> <span class='ocrx_word' id='word_1_857' title='bbox 1717 4935 1845 5000; x_wconf 91' lang='lat' dir='ltr'><strong>mei,</strong></span> <span class='ocrx_word' id='word_1_858' title='bbox 1873 4938 2017 4992; x_wconf 87' lang='lat' dir='ltr'><strong>etde</strong></span> 
     </span>
    </p>
   </div>
   <div class='ocr_carea' id='block_1_99' title="bbox 436 5020 2015 5091">
    <p class='ocr_par' dir='ltr' id='par_1_99' title="bbox 436 5020 2015 5091">
     <span class='ocr_line' id='line_1_99' title="bbox 436 5020 2015 5091; baseline 0.005 -16"><span class='ocrx_word' id='word_1_859' title='bbox 436 5027 603 5085; x_wconf 87' lang='lat' dir='ltr'><strong>terra,</strong></span> <span class='ocrx_word' id='word_1_860' title='bbox 635 5020 689 5074; x_wconf 93' lang='lat' dir='ltr'><strong>in</strong></span> <span class='ocrx_word' id='word_1_861' title='bbox 722 5036 829 5090; x_wconf 88' lang='lat' dir='ltr'><strong>qua</strong></span> <span class='ocrx_word' id='word_1_862' title='bbox 853 5031 1011 5078; x_wconf 91' lang='lat' dir='ltr'><strong>natus</strong></span> <span class='ocrx_word' id='word_1_863' title='bbox 1049 5037 1171 5077; x_wconf 92' lang='lat' dir='ltr'><strong>sum</strong></span> <span class='ocrx_word' id='word_1_864' title='bbox 1190 5023 1259 5079; x_wconf 59' lang='lat'><strong>&#39;1.</strong></span> <span class='ocrx_word' id='word_1_865' title='bbox 1294 5043 1314 5074; x_wconf 76' lang='grc' dir='ltr'><strong>ι</strong></span> <span class='ocrx_word' id='word_1_866' title='bbox 1349 5023 1560 5091; x_wconf 80' lang='lat' dir='ltr'><strong>Quibus</strong></span> <span class='ocrx_word' id='word_1_867' title='bbox 1596 5027 1853 5082; x_wconf 90' lang='lat' dir='ltr'><strong>omnibus</strong></span> <span class='ocrx_word' id='word_1_868' title='bbox 1882 5027 2015 5083; x_wconf 93' lang='lat' dir='ltr'><strong>illud</strong></span> 
     </span>
    </p>
   </div>
   <div class='ocr_carea' id='block_1_100' title="bbox 434 5111 2015 5192">
    <p class='ocr_par' dir='ltr' id='par_1_100' title="bbox 434 5111 2015 5192">
     <span class='ocr_line' id='line_1_100' title="bbox 434 5111 2015 5192; baseline 0.006 -26"><span class='ocrx_word' id='word_1_869' title='bbox 434 5111 601 5166; x_wconf 90' lang='lat' dir='ltr'><strong>etiam</strong></span> <span class='ocrx_word' id='word_1_870' title='bbox 653 5113 875 5184; x_wconf 76' lang='lat' dir='ltr'><strong>adiungi</strong></span> <span class='ocrx_word' id='word_1_871' title='bbox 927 5124 1122 5184; x_wconf 87' lang='lat' dir='ltr'><strong>potest,</strong></span> <span class='ocrx_word' id='word_1_872' title='bbox 1152 5116 1296 5185; x_wconf 91' lang='lat' dir='ltr'><strong>quod</strong></span> <span class='ocrx_word' id='word_1_873' title='bbox 1323 5132 1388 5171; x_wconf 81' lang='lat' dir='ltr'><strong>ex</strong></span> <span class='ocrx_word' id='word_1_874' title='bbox 1419 5115 1551 5184; x_wconf 90' lang='lat' dir='ltr'><strong>Deo,</strong></span> <span class='ocrx_word' id='word_1_875' title='bbox 1583 5119 1675 5188; x_wconf 91' lang='lat' dir='ltr'><strong>qui</strong></span> <span class='ocrx_word' id='word_1_876' title='bbox 1709 5120 1811 5175; x_wconf 86' lang='lat' dir='ltr'><strong>sibi</strong></span> <span class='ocrx_word' id='word_1_877' title='bbox 1846 5136 2015 5192; x_wconf 90' lang='lat' dir='ltr'><strong>appa-</strong></span> 
     </span>
    </p>
   </div>
   <div class='ocr_carea' id='block_1_101' title="bbox 436 5203 2016 5283">
    <p class='ocr_par' dir='ltr' id='par_1_101' title="bbox 436 5203 2016 5283">
     <span class='ocr_line' id='line_1_101' title="bbox 436 5203 2016 5283; baseline 0.006 -26"><span class='ocrx_word' id='word_1_878' title='bbox 436 5212 641 5268; x_wconf 87' lang='lat' dir='ltr'><strong>ruerat,</strong></span> <span class='ocrx_word' id='word_1_879' title='bbox 681 5203 892 5277; x_wconf 79' lang='lat' dir='ltr'><strong>Moyses</strong></span> <span class='ocrx_word' id='word_1_880' title='bbox 921 5206 1147 5262; x_wconf 89' lang='lat' dir='ltr'><strong>audivit.</strong></span> <span class='ocrx_word' id='word_1_881' title='bbox 1180 5207 1458 5275; x_wconf 73' lang='lat' dir='ltr'><strong>Quaereuti</strong></span> <span class='ocrx_word' id='word_1_882' title='bbox 1486 5211 1628 5264; x_wconf 90' lang='lat' dir='ltr'><strong>enim</strong></span> <span class='ocrx_word' id='word_1_883' title='bbox 1666 5211 1792 5281; x_wconf 88' lang='lat' dir='ltr'><strong>ipsi,</strong></span> <span class='ocrx_word' id='word_1_884' title='bbox 1828 5228 2016 5283; x_wconf 60' lang='lat' dir='ltr'><strong>quem.</strong></span> 
     </span>
    </p>
   </div>
   <div class='ocr_carea' id='block_1_102' title="bbox 433 5298 2012 5367">
    <p class='ocr_par' dir='ltr' id='par_1_102' title="bbox 433 5298 2012 5367">
     <span class='ocr_line' id='line_1_102' title="bbox 433 5298 2012 5367; baseline 0.004 -16"><span class='ocrx_word' id='word_1_885' title='bbox 433 5298 726 5353; x_wconf 81' lang='lat' dir='ltr'><strong>admOdum</strong></span> <span class='ocrx_word' id='word_1_886' title='bbox 772 5308 919 5354; x_wconf 86' lang='lat' dir='ltr'><strong>esset</strong></span> <span class='ocrx_word' id='word_1_887' title='bbox 962 5299 1031 5355; x_wconf 91' lang='lat' dir='ltr'><strong>de</strong></span> <span class='ocrx_word' id='word_1_888' title='bbox 1076 5298 1187 5354; x_wconf 90' lang='lat' dir='ltr'><strong>Deo</strong></span> <span class='ocrx_word' id='word_1_889' title='bbox 1218 5301 1585 5367; x_wconf 86' lang='lat' dir='ltr'><strong>sentiendum,</strong></span> <span class='ocrx_word' id='word_1_890' title='bbox 1620 5304 1904 5358; x_wconf 86' lang='lat' dir='ltr'><strong>oraculum</strong></span> <span class='ocrx_word' id='word_1_891' title='bbox 1937 5304 2012 5359; x_wconf 90' lang='lat' dir='ltr'><strong>ita</strong></span> 
     </span>
    </p>
   </div>
   <div class='ocr_carea' id='block_1_103' title="bbox 432 5388 2009 5471">
    <p class='ocr_par' dir='ltr' id='par_1_103' title="bbox 432 5388 2009 5471">
     <span class='ocr_line' id='line_1_103' title="bbox 432 5388 2009 5471; baseline 0.006 -31"><span class='ocrx_word' id='word_1_892' title='bbox 432 5389 713 5456; x_wconf 88' lang='lat' dir='ltr'><strong>respondit</strong></span> <span class='ocrx_word' id='word_1_893' title='bbox 741 5407 755 5444; x_wconf 90' lang='lat'><strong>:</strong></span> <span class='ocrx_word' id='word_1_894' title='bbox 793 5407 813 5442; x_wconf 79' lang='grc' dir='ltr'><strong>ι</strong></span> <span class='ocrx_word' id='word_1_895' title='bbox 842 5388 956 5460; x_wconf 84' lang='lat' dir='ltr'><strong>Ego</strong></span> <span class='ocrx_word' id='word_1_896' title='bbox 984 5405 1106 5444; x_wconf 92' lang='lat' dir='ltr'><strong>sum</strong></span> <span class='ocrx_word' id='word_1_897' title='bbox 1154 5391 1253 5471; x_wconf 83' lang='lat' dir='ltr'><strong>qui</strong></span> <span class='ocrx_word' id='word_1_898' title='bbox 1297 5407 1417 5448; x_wconf 89' lang='lat' dir='ltr'><strong>sum</strong></span> <span class='ocrx_word' id='word_1_899' title='bbox 1447 5412 1458 5446; x_wconf 91' lang='lat'>:</span> <span class='ocrx_word' id='word_1_900' title='bbox 1495 5393 1574 5449; x_wconf 90' lang='lat' dir='ltr'><strong>sic</strong></span> <span class='ocrx_word' id='word_1_901' title='bbox 1598 5392 1749 5449; x_wconf 90' lang='lat' dir='ltr'><strong>dices</strong></span> <span class='ocrx_word' id='word_1_902' title='bbox 1774 5395 1898 5450; x_wconf 85' lang='lat' dir='ltr'><strong>ﬁliis</strong></span> <span class='ocrx_word' id='word_1_903' title='bbox 1927 5394 2009 5449; x_wconf 90' lang='lat' dir='ltr'><strong>ls-</strong></span> 
     </span>
    </p>
   </div>
   <div class='ocr_carea' id='block_1_104' title="bbox 432 5477 2009 5547">
    <p class='ocr_par' dir='ltr' id='par_1_104' title="bbox 432 5477 2009 5547">
     <span class='ocr_line' id='line_1_104' title="bbox 432 5477 2009 5547; baseline 0.008 -16"><span class='ocrx_word' id='word_1_904' title='bbox 432 5479 543 5532; x_wconf 87' lang='lat' dir='ltr'><strong>rael</strong></span> <span class='ocrx_word' id='word_1_905' title='bbox 565 5477 695 5545; x_wconf 82' lang='lat' dir='ltr'><strong>:Qui</strong></span> <span class='ocrx_word' id='word_1_906' title='bbox 719 5490 822 5547; x_wconf 63' lang='lat' dir='ltr'><strong>est,</strong></span> <span class='ocrx_word' id='word_1_907' title='bbox 855 5482 1005 5537; x_wconf 89' lang='lat' dir='ltr'><strong>misit</strong></span> <span class='ocrx_word' id='word_1_908' title='bbox 1040 5498 1126 5539; x_wconf 88' lang='lat' dir='ltr'><strong>me</strong></span> <span class='ocrx_word' id='word_1_909' title='bbox 1174 5484 1242 5539; x_wconf 87' lang='lat' dir='ltr'><strong>ad</strong></span> <span class='ocrx_word' id='word_1_910' title='bbox 1292 5500 1392 5540; x_wconf 86' lang='lat' dir='ltr'><strong>vos</strong></span> <span class='ocrx_word' id='word_1_911' title='bbox 1410 5484 1478 5537; x_wconf 69' lang='grc' dir='ltr'><strong>θ’.</strong></span> <span class='ocrx_word' id='word_1_912' title='bbox 1512 5505 1530 5537; x_wconf 87' lang='grc'><strong><em>›</em></strong></span> <span class='ocrx_word' id='word_1_913' title='bbox 1571 5485 1650 5541; x_wconf 84' lang='lat' dir='ltr'><strong>Ac</strong></span> <span class='ocrx_word' id='word_1_914' title='bbox 1679 5487 1745 5541; x_wconf 93' lang='lat' dir='ltr'><strong>de</strong></span> <span class='ocrx_word' id='word_1_915' title='bbox 1778 5486 2009 5543; x_wconf 86' lang='lat' dir='ltr'><strong>inﬁnitis</strong></span> 
     </span>
    </p>
   </div>
   <div class='ocr_carea' id='block_1_105' title="bbox 2126 4562 3733 4638">
    <p class='ocr_par' dir='ltr' id='par_1_105' title="bbox 2126 4562 3733 4638">
     <span class='ocr_line' id='line_1_105' title="bbox 2126 4562 3733 4638; baseline -0.001 -19"><span class='ocrx_word' id='word_1_916' title='bbox 2126 4563 2365 4619; x_wconf 83' lang='grc' dir='ltr'><strong>Μωῦσὲα</strong></span> <span class='ocrx_word' id='word_1_917' title='bbox 2398 4564 2707 4638; x_wconf 73' lang='grc' dir='ltr'>θεοφανείᾳ,</span> <span class='ocrx_word' id='word_1_918' title='bbox 2740 4564 3030 4636; x_wconf 83' lang='grc' dir='ltr'>πυθομένῳ</span> <span class='ocrx_word' id='word_1_919' title='bbox 3057 4564 3135 4636; x_wconf 81' lang='grc' dir='ltr'>τῷ</span> <span class='ocrx_word' id='word_1_920' title='bbox 3166 4565 3373 4634; x_wconf 79' lang='grc' dir='ltr'>Μωῦσῇ</span> <span class='ocrx_word' id='word_1_921' title='bbox 3398 4602 3412 4626; x_wconf 94' lang='grc'><strong>,</strong></span> <span class='ocrx_word' id='word_1_922' title='bbox 3451 4562 3578 4617; x_wconf 86' lang='grc' dir='ltr'>τίνα</span> <span class='ocrx_word' id='word_1_923' title='bbox 3608 4563 3733 4635; x_wconf 84' lang='grc' dir='ltr'>χρὴ</span> 
     </span>
    </p>
   </div>
   <div class='ocr_carea' id='block_1_106' title="bbox 2123 4658 3733 4731">
    <p class='ocr_par' dir='ltr' id='par_1_106' title="bbox 2123 4658 3733 4731">
     <span class='ocr_line' id='line_1_106' title="bbox 2123 4658 3733 4731; baseline 0 -20"><span class='ocrx_word' id='word_1_924' title='bbox 2123 4658 2215 4713; x_wconf 89' lang='grc' dir='ltr'><strong>τὸν</strong></span> <span class='ocrx_word' id='word_1_925' title='bbox 2247 4659 2378 4713; x_wconf 89' lang='grc' dir='ltr'>Θεὸν</span> <span class='ocrx_word' id='word_1_926' title='bbox 2411 4659 2682 4730; x_wconf 85' lang='grc' dir='ltr'>ἡγεῖσθαι,</span> <span class='ocrx_word' id='word_1_927' title='bbox 2720 4660 2885 4730; x_wconf 72' lang='grc' dir='ltr'>φησὶν</span> <span class='ocrx_word' id='word_1_928' title='bbox 2916 4661 2945 4712; x_wconf 95' lang='lat'><strong>6</strong></span> <span class='ocrx_word' id='word_1_929' title='bbox 2966 4659 3212 4731; x_wconf 85' lang='grc' dir='ltr'>χρησμός</span> <span class='ocrx_word' id='word_1_930' title='bbox 3232 4674 3246 4688; x_wconf 74' lang='grc'><strong><em>⁸</em></strong></span> <span class='ocrx_word' id='word_1_931' title='bbox 3285 4676 3305 4709; x_wconf 76' lang='grc' dir='ltr'><strong>ι</strong></span> <span class='ocrx_word' id='word_1_932' title='bbox 3358 4658 3502 4726; x_wconf 84' lang='grc' dir='ltr'>Ἐγώ</span> <span class='ocrx_word' id='word_1_933' title='bbox 3526 4660 3647 4728; x_wconf 77' lang='grc' dir='ltr'>εἰμι</span> <span class='ocrx_word' id='word_1_934' title='bbox 3692 4660 3733 4711; x_wconf 79' lang='grc' dir='ltr'><strong><em>ὁ</em></strong></span> 
     </span>
    </p>
   </div>
   <div class='ocr_carea' id='block_1_107' title="bbox 2122 4748 3734 4823">
    <p class='ocr_par' dir='ltr' id='par_1_107' title="bbox 2122 4748 3734 4823">
     <span class='ocr_line' id='line_1_107' title="bbox 2122 4748 3734 4823; baseline 0 -19"><span class='ocrx_word' id='word_1_935' title='bbox 2122 4750 2226 4805; x_wconf 78' lang='grc' dir='ltr'><strong>ὤν’</strong></span> <span class='ocrx_word' id='word_1_936' title='bbox 2252 4750 2423 4816; x_wconf 79' lang='grc' dir='ltr'>οὕτως</span> <span class='ocrx_word' id='word_1_937' title='bbox 2455 4754 2601 4823; x_wconf 85' lang='grc' dir='ltr'>ἐρεῖς</span> <span class='ocrx_word' id='word_1_938' title='bbox 2621 4754 2733 4816; x_wconf 86' lang='grc' dir='ltr'>τοῖς</span> <span class='ocrx_word' id='word_1_939' title='bbox 2762 4753 2901 4816; x_wconf 84' lang='grc' dir='ltr'>υἱοῖς</span> <span class='ocrx_word' id='word_1_940' title='bbox 2936 4751 3154 4823; x_wconf 84' lang='grc' dir='ltr'>Ἰσραήλ</span> <span class='ocrx_word' id='word_1_941' title='bbox 3172 4769 3185 4781; x_wconf 70' lang='grc'><strong>⁸</strong></span> <span class='ocrx_word' id='word_1_942' title='bbox 3222 4751 3278 4805; x_wconf 89' lang='lat'><strong>&#39;0</strong></span> <span class='ocrx_word' id='word_1_943' title='bbox 3294 4748 3369 4805; x_wconf 85' lang='grc' dir='ltr'>ὣν</span> <span class='ocrx_word' id='word_1_944' title='bbox 3398 4749 3734 4804; x_wconf 84' lang='grc' dir='ltr'>ἀπέσταλκὲ</span> 
     </span>
    </p>
   </div>
   <div class='ocr_carea' id='block_1_108' title="bbox 2125 4840 3736 4917">
    <p class='ocr_par' dir='ltr' id='par_1_108' title="bbox 2125 4840 3736 4917">
     <span class='ocr_line' id='line_1_108' title="bbox 2125 4840 3736 4917; baseline 0.002 -21"><span class='ocrx_word' id='word_1_945' title='bbox 2125 4861 2193 4914; x_wconf 90' lang='grc' dir='ltr'><strong>με</strong></span> <span class='ocrx_word' id='word_1_946' title='bbox 2218 4844 2353 4916; x_wconf 86' lang='grc' dir='ltr'>πρὸς</span> <span class='ocrx_word' id='word_1_947' title='bbox 2381 4845 2544 4915; x_wconf 69' lang='grc' dir='ltr'>ὑμᾶς.</span> <span class='ocrx_word' id='word_1_948' title='bbox 2572 4864 2591 4895; x_wconf 73' lang='grc' dir='ltr'><strong>ι</strong></span> <span class='ocrx_word' id='word_1_949' title='bbox 2620 4844 2807 4898; x_wconf 83' lang='grc' dir='ltr'>Ταῦτα</span> <span class='ocrx_word' id='word_1_950' title='bbox 2826 4845 2924 4916; x_wconf 82' lang='grc' dir='ltr'><strong>μὲν</strong></span> <span class='ocrx_word' id='word_1_951' title='bbox 2941 4840 3034 4899; x_wconf 76' lang='grc' dir='ltr'><strong>οὖν</strong></span> <span class='ocrx_word' id='word_1_952' title='bbox 3062 4845 3168 4898; x_wconf 87' lang='grc' dir='ltr'><strong>ἀπὸ</strong></span> <span class='ocrx_word' id='word_1_953' title='bbox 3193 4844 3403 4916; x_wconf 84' lang='grc' dir='ltr'>μυρίων</span> <span class='ocrx_word' id='word_1_954' title='bbox 3436 4845 3583 4899; x_wconf 84' lang='grc' dir='ltr'>ὅσων</span> <span class='ocrx_word' id='word_1_955' title='bbox 3612 4846 3736 4917; x_wconf 80' lang='grc' dir='ltr'>τῆς</span> 
     </span>
    </p>
   </div>
   <div class='ocr_carea' id='block_1_109' title="bbox 2131 4933 3737 5009">
    <p class='ocr_par' dir='ltr' id='par_1_109' title="bbox 2131 4933 3737 5009">
     <span class='ocr_line' id='line_1_109' title="bbox 2131 4933 3737 5009; baseline 0.001 -21"><span class='ocrx_word' id='word_1_956' title='bbox 2131 4935 2399 5008; x_wconf 79' lang='grc' dir='ltr'>Ἐϐραίων</span> <span class='ocrx_word' id='word_1_957' title='bbox 2422 4936 2702 5005; x_wconf 85' lang='grc' dir='ltr'>θεολογίας</span> <span class='ocrx_word' id='word_1_958' title='bbox 2727 4936 3014 4991; x_wconf 87' lang='grc' dir='ltr'>ἐκκείσθω.</span> <span class='ocrx_word' id='word_1_959' title='bbox 3038 4935 3164 5009; x_wconf 68' lang='grc' dir='ltr'>Ἆρ’</span> <span class='ocrx_word' id='word_1_960' title='bbox 3192 4933 3286 4991; x_wconf 81' lang='grc' dir='ltr'><strong>οὖν</strong></span> <span class='ocrx_word' id='word_1_961' title='bbox 3313 4934 3465 5002; x_wconf 78' lang='grc' dir='ltr'>ἄξιον</span> <span class='ocrx_word' id='word_1_962' title='bbox 3495 4938 3555 4991; x_wconf 82' lang='grc' dir='ltr'><strong>ἐν</strong></span> <span class='ocrx_word' id='word_1_963' title='bbox 3578 4953 3737 5006; x_wconf 82' lang='grc' dir='ltr'>συγ-</span> 
     </span>
    </p>
   </div>
   <div class='ocr_carea' id='block_1_110' title="bbox 2120 5029 3740 5100">
    <p class='ocr_par' dir='ltr' id='par_1_110' title="bbox 2120 5029 3740 5100">
     <span class='ocr_line' id='line_1_110' title="bbox 2120 5029 3740 5100; baseline 0.001 -18"><span class='ocrx_word' id='word_1_964' title='bbox 2120 5029 2299 5100; x_wconf 82' lang='grc' dir='ltr'>κρίσει</span> <span class='ocrx_word' id='word_1_965' title='bbox 2332 5029 2702 5099; x_wconf 80' lang='grc' dir='ltr'>παραϐάλλειν</span> <span class='ocrx_word' id='word_1_966' title='bbox 2732 5030 2930 5093; x_wconf 83' lang='grc' dir='ltr'>αὐτοὺς</span> <span class='ocrx_word' id='word_1_967' title='bbox 2960 5029 3060 5094; x_wconf 85' lang='grc' dir='ltr'><strong>τὰς</strong></span> <span class='ocrx_word' id='word_1_968' title='bbox 3082 5029 3188 5082; x_wconf 90' lang='grc' dir='ltr'><strong>τῶν</strong></span> <span class='ocrx_word' id='word_1_969' title='bbox 3215 5030 3396 5099; x_wconf 81' lang='grc' dir='ltr'>σοφῶν</span> <span class='ocrx_word' id='word_1_970' title='bbox 3442 5029 3740 5099; x_wconf 79' lang='grc' dir='ltr'>Ἑλλήνων</span> 
     </span>
    </p>
   </div>
   <div class='ocr_carea' id='block_1_111' title="bbox 2122 5118 3736 5194">
    <p class='ocr_par' dir='ltr' id='par_1_111' title="bbox 2122 5118 3736 5194">
     <span class='ocr_line' id='line_1_111' title="bbox 2122 5118 3736 5194; baseline 0 -18"><span class='ocrx_word' id='word_1_971' title='bbox 2122 5121 2418 5191; x_wconf 86' lang='grc' dir='ltr'>θεολογίας,</span> <span class='ocrx_word' id='word_1_972' title='bbox 2450 5124 2559 5175; x_wconf 90' lang='grc' dir='ltr'><strong>τῶν</strong></span> <span class='ocrx_word' id='word_1_973' title='bbox 2594 5123 2690 5193; x_wconf 77' lang='grc' dir='ltr'>μὲν</span> <span class='ocrx_word' id='word_1_974' title='bbox 2717 5122 2836 5194; x_wconf 79' lang='grc' dir='ltr'>μηδ’</span> <span class='ocrx_word' id='word_1_975' title='bbox 2857 5122 2994 5186; x_wconf 77' lang='grc' dir='ltr'>ὅλως</span> <span class='ocrx_word' id='word_1_976' title='bbox 3022 5118 3160 5175; x_wconf 84' lang='grc' dir='ltr'>εἷναι</span> <span class='ocrx_word' id='word_1_977' title='bbox 3189 5122 3322 5176; x_wconf 84' lang='grc' dir='ltr'>Θεὸν</span> <span class='ocrx_word' id='word_1_978' title='bbox 3350 5123 3736 5193; x_wconf 75' lang='grc' dir='ltr'>ἀποφηναμέ-</span> 
     </span>
    </p>
   </div>
   <div class='ocr_carea' id='block_1_112' title="bbox 2122 5210 3739 5283">
    <p class='ocr_par' dir='ltr' id='par_1_112' title="bbox 2122 5210 3739 5283">
     <span class='ocr_line' id='line_1_112' title="bbox 2122 5210 3739 5283; baseline 0.001 -17"><span class='ocrx_word' id='word_1_979' title='bbox 2122 5228 2248 5275; x_wconf 89' lang='grc' dir='ltr'>νων,</span> <span class='ocrx_word' id='word_1_980' title='bbox 2266 5212 2373 5264; x_wconf 89' lang='grc' dir='ltr'><strong>τῶν</strong></span> <span class='ocrx_word' id='word_1_981' title='bbox 2399 5211 2455 5264; x_wconf 83' lang='grc' dir='ltr'>δὲ</span> <span class='ocrx_word' id='word_1_982' title='bbox 2486 5212 2612 5275; x_wconf 77' lang='grc' dir='ltr'>τοὺς</span> <span class='ocrx_word' id='word_1_983' title='bbox 2644 5212 2878 5283; x_wconf 82' lang='grc' dir='ltr'>ἀστέρας</span> <span class='ocrx_word' id='word_1_984' title='bbox 2906 5213 3045 5265; x_wconf 84' lang='grc' dir='ltr'>εἶναι</span> <span class='ocrx_word' id='word_1_985' title='bbox 3071 5213 3387 5281; x_wconf 86' lang='grc' dir='ltr'>φασκόντων</span> <span class='ocrx_word' id='word_1_986' title='bbox 3409 5255 3424 5278; x_wconf 94' lang='grc'><strong>,</strong></span> <span class='ocrx_word' id='word_1_987' title='bbox 3469 5210 3566 5275; x_wconf 83' lang='grc' dir='ltr'><strong>οὓς</strong></span> <span class='ocrx_word' id='word_1_988' title='bbox 3614 5213 3739 5269; x_wconf 70' lang='grc' dir='ltr'><strong>καὶ</strong></span> 
     </span>
    </p>
   </div>
   <div class='ocr_carea' id='block_1_113' title="bbox 2123 5303 3741 5376">
    <p class='ocr_par' dir='ltr' id='par_1_113' title="bbox 2123 5303 3741 5376">
     <span class='ocr_line' id='line_1_113' title="bbox 2123 5303 3741 5376; baseline 0.002 -20"><span class='ocrx_word' id='word_1_989' title='bbox 2123 5303 2356 5375; x_wconf 87' lang='grc' dir='ltr'>μύδρους</span> <span class='ocrx_word' id='word_1_990' title='bbox 2375 5305 2664 5375; x_wconf 81' lang='grc' dir='ltr'>τυγχάνειν</span> <span class='ocrx_word' id='word_1_991' title='bbox 2692 5304 3010 5376; x_wconf 86' lang='grc' dir='ltr'>διαπύρους,</span> <span class='ocrx_word' id='word_1_992' title='bbox 3032 5305 3177 5376; x_wconf 76' lang='grc' dir='ltr'>ἥλων</span> <span class='ocrx_word' id='word_1_993' title='bbox 3205 5306 3299 5358; x_wconf 79' lang='grc' dir='ltr'>καὶ</span> <span class='ocrx_word' id='word_1_994' title='bbox 3344 5304 3596 5358; x_wconf 81' lang='grc' dir='ltr'>πετάλων</span> <span class='ocrx_word' id='word_1_995' title='bbox 3630 5306 3741 5359; x_wconf 76' lang='grc' dir='ltr'>δί-</span> 
     </span>
    </p>
   </div>
   <div class='ocr_carea' id='block_1_114' title="bbox 2119 5393 3739 5469">
    <p class='ocr_par' dir='ltr' id='par_1_114' title="bbox 2119 5393 3739 5469">
     <span class='ocr_line' id='line_1_114' title="bbox 2119 5393 3739 5469; baseline 0 -19"><span class='ocrx_word' id='word_1_996' title='bbox 2119 5414 2221 5468; x_wconf 91' lang='grc' dir='ltr'><strong>κην</strong></span> <span class='ocrx_word' id='word_1_997' title='bbox 2247 5398 2638 5469; x_wconf 86' lang='grc' dir='ltr'>ἐμπεπηγότας</span> <span class='ocrx_word' id='word_1_998' title='bbox 2674 5397 2753 5469; x_wconf 82' lang='grc' dir='ltr'>τῷ</span> <span class='ocrx_word' id='word_1_999' title='bbox 2779 5397 2993 5469; x_wconf 82' lang='grc' dir='ltr'>ούρανῴ</span> <span class='ocrx_word' id='word_1_1000' title='bbox 3016 5417 3027 5427; x_wconf 93' lang='grc'>·</span> <span class='ocrx_word' id='word_1_1001' title='bbox 3056 5397 3163 5451; x_wconf 90' lang='grc' dir='ltr'><strong>τῶν</strong></span> <span class='ocrx_word' id='word_1_1002' title='bbox 3193 5398 3249 5450; x_wconf 81' lang='grc' dir='ltr'>δὲ</span> <span class='ocrx_word' id='word_1_1003' title='bbox 3286 5396 3399 5469; x_wconf 85' lang='grc' dir='ltr'>πῦρ</span> <span class='ocrx_word' id='word_1_1004' title='bbox 3433 5393 3572 5451; x_wconf 79' lang='grc' dir='ltr'>εἶναι</span> <span class='ocrx_word' id='word_1_1005' title='bbox 3619 5414 3739 5450; x_wconf 80' lang='grc' dir='ltr'>τε-</span> 
     </span>
    </p>
   </div>
   <div class='ocr_carea' id='block_1_115' title="bbox 2117 5488 3735 5573">
    <p class='ocr_par' dir='ltr' id='par_1_115' title="bbox 2117 5488 3735 5573">
     <span class='ocr_line' id='line_1_115' title="bbox 2117 5488 3735 5573; baseline -0.001 -28"><span class='ocrx_word' id='word_1_1006' title='bbox 2117 5491 2299 5573; x_wconf 87' lang='grc' dir='ltr'>χνικὸν</span> <span class='ocrx_word' id='word_1_1007' title='bbox 2332 5490 2435 5562; x_wconf 84' lang='grc' dir='ltr'><strong>ὀδῷ</strong></span> <span class='ocrx_word' id='word_1_1008' title='bbox 2467 5489 2680 5562; x_wconf 78' lang='grc' dir='ltr'>βαδίζον</span> <span class='ocrx_word' id='word_1_1009' title='bbox 2702 5508 2714 5521; x_wconf 66' lang='grc'><strong><em>⁸</em></strong></span> <span class='ocrx_word' id='word_1_1010' title='bbox 2750 5492 2840 5545; x_wconf 74' lang='grc' dir='ltr'><strong>καὶ</strong></span> <span class='ocrx_word' id='word_1_1011' title='bbox 2871 5491 2980 5545; x_wconf 90' lang='grc' dir='ltr'><strong>τῶν</strong></span> <span class='ocrx_word' id='word_1_1012' title='bbox 3038 5491 3137 5560; x_wconf 83' lang='grc' dir='ltr'><strong>μὲν</strong></span> <span class='ocrx_word' id='word_1_1013' title='bbox 3172 5490 3246 5562; x_wconf 82' lang='grc' dir='ltr'>μὴ</span> <span class='ocrx_word' id='word_1_1014' title='bbox 3295 5490 3527 5561; x_wconf 73' lang='grc' dir='ltr'>προνοίᾳ</span> <span class='ocrx_word' id='word_1_1015' title='bbox 3567 5488 3735 5543; x_wconf 69' lang='grc' dir='ltr'>Θεοῦ</span> 
     </span>
    </p>
   </div>
   <div class='ocr_carea' id='block_1_116' title="bbox 2115 5580 3729 5653">
    <p class='ocr_par' dir='ltr' id='par_1_116' title="bbox 2115 5580 3729 5653">
     <span class='ocr_line' id='line_1_116' title="bbox 2115 5580 3729 5653; baseline -0.001 -18"><span class='ocrx_word' id='word_1_1016' title='bbox 2115 5583 2432 5636; x_wconf 84' lang='grc' dir='ltr'>διοικεῖσθαι</span> <span class='ocrx_word' id='word_1_1017' title='bbox 2454 5583 2544 5636; x_wconf 85' lang='grc' dir='ltr'><strong>τὸν</strong></span> <span class='ocrx_word' id='word_1_1018' title='bbox 2579 5584 2805 5653; x_wconf 80' lang='grc' dir='ltr'>κόσμον,</span> <span class='ocrx_word' id='word_1_1019' title='bbox 2839 5581 2999 5651; x_wconf 85' lang='grc' dir='ltr'>φύσει</span> <span class='ocrx_word' id='word_1_1020' title='bbox 3031 5582 3087 5635; x_wconf 84' lang='grc' dir='ltr'><strong>δέ</strong></span> <span class='ocrx_word' id='word_1_1021' title='bbox 3106 5599 3211 5634; x_wconf 88' lang='grc' dir='ltr'>τινι</span> <span class='ocrx_word' id='word_1_1022' title='bbox 3243 5581 3450 5651; x_wconf 81' lang='grc' dir='ltr'>άλόγῳ’</span> <span class='ocrx_word' id='word_1_1023' title='bbox 3485 5580 3593 5633; x_wconf 82' lang='grc' dir='ltr'><strong>τῶν</strong></span> <span class='ocrx_word' id='word_1_1024' title='bbox 3626 5580 3729 5646; x_wconf 75' lang='grc' dir='ltr'><strong>δὲ,</strong></span> 
     </span>
    </p>
   </div>
   <div class='ocr_carea' id='block_1_117' title="bbox 2645 5694 3725 5760">
    <p class='ocr_par' dir='ltr' id='par_1_117' title="bbox 2645 5694 3725 5760">
     <span class='ocr_line' id='line_1_117' title="bbox 2645 5694 3725 5760; baseline 0.001 -11"><span class='ocrx_word' id='word_1_1025' title='bbox 2645 5699 2691 5729; x_wconf 73' lang='grc'><strong>⁵³</strong></span> <span class='ocrx_word' id='word_1_1026' title='bbox 2718 5699 2818 5750; x_wconf 86' lang='lat' dir='ltr'><strong>lsa.</strong></span> <span class='ocrx_word' id='word_1_1027' title='bbox 2856 5711 2998 5759; x_wconf 84' lang='lat' dir='ltr'><strong>xuv,</strong></span> <span class='ocrx_word' id='word_1_1028' title='bbox 3039 5696 3128 5748; x_wconf 66' lang='grc'><strong>24.</strong></span> <span class='ocrx_word' id='word_1_1029' title='bbox 3244 5697 3290 5725; x_wconf 71' lang='grc'><strong>’⁸⁸</strong></span> <span class='ocrx_word' id='word_1_1030' title='bbox 3337 5694 3449 5749; x_wconf 82' lang='lat' dir='ltr'><strong>Jer.</strong></span> <span class='ocrx_word' id='word_1_1031' title='bbox 3487 5712 3540 5760; x_wconf 85' lang='lat' dir='ltr'><strong>x,</strong></span> <span class='ocrx_word' id='word_1_1032' title='bbox 3608 5697 3725 5751; x_wconf 78' lang='lat' dir='ltr'><strong>il-</strong></span> 
     </span>
    </p>
   </div>
   <div class='ocr_carea' id='block_1_118' title="bbox 2639 5765 3481 5836">
    <p class='ocr_par' dir='ltr' id='par_1_118' title="bbox 2639 5765 3481 5836">
     <span class='ocr_line' id='line_1_118' title="bbox 2639 5765 3481 5836; baseline -0.005 -13"><span class='ocrx_word' id='word_1_1033' title='bbox 2639 5769 2678 5797; x_wconf 76' lang='grc'>⁶¹</span> <span class='ocrx_word' id='word_1_1034' title='bbox 2710 5767 2838 5824; x_wconf 81' lang='lat' dir='ltr'><strong>ibid.</strong></span> <span class='ocrx_word' id='word_1_1035' title='bbox 2875 5766 2924 5820; x_wconf 84' lang='lat'><strong>7.</strong></span> <span class='ocrx_word' id='word_1_1036' title='bbox 3005 5767 3048 5797; x_wconf 68' lang='grc' dir='ltr'>δ’</span> <span class='ocrx_word' id='word_1_1037' title='bbox 3072 5765 3252 5836; x_wconf 63' lang='lat' dir='ltr'><strong>Exod.</strong></span> <span class='ocrx_word' id='word_1_1038' title='bbox 3288 5782 3365 5833; x_wconf 87' lang='lat' dir='ltr'><strong>Ill,</strong></span> <span class='ocrx_word' id='word_1_1039' title='bbox 3394 5768 3481 5821; x_wconf 77' lang='lat' dir='ltr'><strong>ii.</strong></span> 
     </span>
    </p>
   </div>
   <div class='ocr_carea' id='block_1_119' title="bbox 433 5569 2005 5648">
    <p class='ocr_par' dir='ltr' id='par_1_119' title="bbox 433 5569 2005 5648">
     <span class='ocr_line' id='line_1_119' title="bbox 433 5569 2005 5648; baseline 0.01 -27"><span class='ocrx_word' id='word_1_1040' title='bbox 433 5582 605 5636; x_wconf 75' lang='lat' dir='ltr'><strong>pauca</strong></span> <span class='ocrx_word' id='word_1_1041' title='bbox 640 5569 743 5626; x_wconf 88' lang='lat' dir='ltr'><strong>ista</strong></span> <span class='ocrx_word' id='word_1_1042' title='bbox 769 5570 1119 5629; x_wconf 66' lang='lat' dir='ltr'><strong>Hebraeorum</strong></span> <span class='ocrx_word' id='word_1_1043' title='bbox 1140 5590 1206 5631; x_wconf 82' lang='lat' dir='ltr'><strong>ex</strong></span> <span class='ocrx_word' id='word_1_1044' title='bbox 1228 5576 1501 5648; x_wconf 82' lang='lat' dir='ltr'><strong>theologia</strong></span> <span class='ocrx_word' id='word_1_1045' title='bbox 1524 5579 1689 5648; x_wconf 87' lang='lat' dir='ltr'><strong>petita</strong></span> <span class='ocrx_word' id='word_1_1046' title='bbox 1715 5580 2005 5637; x_wconf 85' lang='lat' dir='ltr'><strong>suiliciant.</strong></span> 
     </span>
    </p>
   </div>
   <div class='ocr_carea' id='block_1_120' title="bbox 504 5679 1991 5758">
    <p class='ocr_par' dir='ltr' id='par_1_120' title="bbox 504 5679 1991 5758">
     <span class='ocr_line' id='line_1_120' title="bbox 504 5679 1991 5758; baseline 0.011 -25"><span class='ocrx_word' id='word_1_1047' title='bbox 504 5680 554 5758; x_wconf 55' lang='grc' dir='ltr'><strong>’ξ</strong></span> <span class='ocrx_word' id='word_1_1048' title='bbox 579 5679 689 5758; x_wconf 77' lang='lat' dir='ltr'><strong>Jer.</strong></span> <span class='ocrx_word' id='word_1_1049' title='bbox 720 5700 873 5748; x_wconf 85' lang='lat' dir='ltr'><strong>xxm,</strong></span> <span class='ocrx_word' id='word_1_1050' title='bbox 907 5687 973 5753; x_wconf 65' lang='grc' dir='ltr'>τις</span> <span class='ocrx_word' id='word_1_1051' title='bbox 1005 5686 1109 5743; x_wconf 90' lang='lat' dir='ltr'><strong>lsa.</strong></span> <span class='ocrx_word' id='word_1_1052' title='bbox 1139 5706 1226 5754; x_wconf 67' lang='grc' dir='ltr'>χι,</span> <span class='ocrx_word' id='word_1_1053' title='bbox 1258 5691 1343 5745; x_wconf 73' lang='grc'><strong>12.</strong></span> <span class='ocrx_word' id='word_1_1054' title='bbox 1455 5693 1501 5723; x_wconf 81' lang='grc'><strong>⁸³</strong></span> <span class='ocrx_word' id='word_1_1055' title='bbox 1532 5691 1632 5747; x_wconf 80' lang='lat' dir='ltr'><strong>lsa.</strong></span> <span class='ocrx_word' id='word_1_1056' title='bbox 1661 5711 1748 5757; x_wconf 78' lang='lat' dir='ltr'><strong>xL,</strong></span> <span class='ocrx_word' id='word_1_1057' title='bbox 1780 5695 1869 5758; x_wconf 65' lang='grc' dir='ltr'>Ἠ,</span> <span class='ocrx_word' id='word_1_1058' title='bbox 1900 5695 1991 5749; x_wconf 75' lang='lat'><strong>9.6.</strong></span> 
     </span>
    </p>
   </div>
   <div class='ocr_carea' id='block_1_121' title="bbox 434 5696 2031 5779">
    <p class='ocr_par' dir='ltr' id='par_1_121' title="bbox 434 5696 1993 5779">
     <span class='ocr_line' id='line_1_121' title="bbox 434 5696 1993 5779; baseline 0 0"><span class='ocrx_word' id='word_1_1059' title='bbox 434 5747 481 5779; x_wconf 75' lang='grc' dir='ltr'>ιτ</span> <span class='ocrx_word' id='word_1_1060' title='bbox 504 5696 689 5779; x_wconf 53' lang='lat'><strong>&#39;33.?“</strong></span> <span class='ocrx_word' id='word_1_1061' title='bbox 715 5696 973 5779; x_wconf 51' lang='lat'><strong>351913.;</strong></span> <span class='ocrx_word' id='word_1_1062' title='bbox 1001 5696 1109 5779; x_wconf 60' lang='grc'><strong>1⁵³·</strong></span> <span class='ocrx_word' id='word_1_1063' title='bbox 1130 5696 1343 5779; x_wconf 52' lang='grc' dir='ltr'><strong>ἐδιπῖῗ·</strong></span> <span class='ocrx_word' id='word_1_1064' title='bbox 1455 5696 1501 5779; x_wconf 67' lang='lat'><strong>&#39;,&quot;</strong></span> <span class='ocrx_word' id='word_1_1065' title='bbox 1522 5696 1632 5779; x_wconf 56' lang='lat'><strong>153-</strong></span> <span class='ocrx_word' id='word_1_1066' title='bbox 1661 5711 1748 5779; x_wconf 53' lang='grc' dir='ltr'><strong>κᾶν</strong></span> <span class='ocrx_word' id='word_1_1067' title='bbox 1766 5696 1871 5779; x_wconf 49' lang='grc' dir='ltr'><strong>βίη</strong></span> <span class='ocrx_word' id='word_1_1068' title='bbox 1900 5696 1993 5779; x_wconf 57' lang='lat'><strong>3.5.-</strong></span> 
     </span>
    </p>
   </div>
   <div class='ocr_carea' id='block_1_122' title="bbox 2144 5696 2543 5779">
    <p class='ocr_par' dir='ltr' id='par_1_122' title="bbox 2144 5696 2543 5779">
     <span class='ocr_line' id='line_1_122' title="bbox 2144 5696 2543 5779; baseline 0 -30"><span class='ocrx_word' id='word_1_1069' title='bbox 2144 5696 2291 5779; x_wconf 52' lang='lat' dir='ltr'><strong>‘nlsa.</strong></span> <span class='ocrx_word' id='word_1_1070' title='bbox 2326 5713 2456 5761; x_wconf 76' lang='lat' dir='ltr'><strong>XLII,</strong></span> 
     </span>
    </p>
   </div>
   <div class='ocr_carea' id='block_1_123' title="bbox 518 5747 1994 5833">
    <p class='ocr_par' dir='ltr' id='par_1_123' title="bbox 518 5747 1994 5833">
     <span class='ocr_line' id='line_1_123' title="bbox 518 5747 1994 5833; baseline 0.012 -29"><span class='ocrx_word' id='word_1_1071' title='bbox 518 5747 662 5806; x_wconf 89' lang='lat' dir='ltr'><strong>Psal.</strong></span> <span class='ocrx_word' id='word_1_1072' title='bbox 713 5747 973 5823; x_wconf 74' lang='lat' dir='ltr'><strong>cxxxvm,</strong></span> <span class='ocrx_word' id='word_1_1073' title='bbox 1001 5758 1052 5811; x_wconf 90' lang='lat'><strong>7.</strong></span> <span class='ocrx_word' id='word_1_1074' title='bbox 1129 5760 1174 5791; x_wconf 80' lang='grc'><strong>⁸⁸</strong></span> <span class='ocrx_word' id='word_1_1075' title='bbox 1206 5747 1340 5815; x_wconf 74' lang='lat' dir='ltr'><strong>Ceu.</strong></span> <span class='ocrx_word' id='word_1_1076' title='bbox 1377 5777 1485 5833; x_wconf 76' lang='lat' dir='ltr'><strong>xxv,</strong></span> <span class='ocrx_word' id='word_1_1077' title='bbox 1522 5763 1610 5815; x_wconf 67' lang='lat'><strong>92.</strong></span> <span class='ocrx_word' id='word_1_1078' title='bbox 1687 5747 1893 5821; x_wconf 30' lang='lat' dir='ltr'><strong>&quot;Vibid.</strong></span> <span class='ocrx_word' id='word_1_1079' title='bbox 1924 5747 1994 5821; x_wconf 60' lang='grc' dir='ltr'>ιφ</span> 
     </span>
    </p>
   </div>
   <div class='ocr_carea' id='block_1_124' title="bbox 2095 5766 2561 5832">
    <p class='ocr_par' dir='ltr' id='par_1_124' title="bbox 2095 5766 2561 5832">
     <span class='ocr_line' id='line_1_124' title="bbox 2095 5766 2561 5832; baseline 0.004 -11"><span class='ocrx_word' id='word_1_1080' title='bbox 2095 5768 2137 5798; x_wconf 77' lang='grc'><strong>⁶⁰</strong></span> <span class='ocrx_word' id='word_1_1081' title='bbox 2163 5766 2297 5822; x_wconf 83' lang='lat' dir='ltr'><strong>Gen.</strong></span> <span class='ocrx_word' id='word_1_1082' title='bbox 2323 5783 2471 5832; x_wconf 75' lang='lat' dir='ltr'><strong>xxn&#39;,</strong></span> <span class='ocrx_word' id='word_1_1083' title='bbox 2510 5768 2561 5823; x_wconf 85' lang='grc'><strong>’5.</strong></span> 
     </span>
    </p>
   </div>
  </div>
