3856 6224
136 394 225 451 ιιι

1262 394 1595 451 ΡΒσιΕΡΑῐὶ.
1626 392 1879 450 EVANG.
1924 391 2053 447 LIB.
2093 391 2195 449 ver

3292 395 3404 451 δη

133 522 194 575 τὰ
224 520 323 593 μὲν
356 516 596 589 ὀὐράνια
650 516 785 589 μόνα
832 517 938 571 ὑπὸ
963 516 1098 571 Θεοῦ
1129 516 1484 581 διοικεῖσθαι,
1518 517 1581 570 οὐ
1614 516 1719 587 μὴν

1829 514 2201 586 Quisquamne
2247 533 2378 573 vero
2433 534 2559 574 cum
2608 518 2717 576 illis
2762 518 3012 591 egregias
3057 518 3426 607 eruditorum.i

134 613 218 666 καὶ
244 612 313 664 τά
341 611 436 663 ἐπὶ
456 612 561 681 γῆς
581 627 596 639 ⁸
630 610 724 663 καὶ
753 608 935 671 πάλιν,
957 608 1255 680 ἀγέννητον
1306 603 1446 661 εἶναι
1486 606 1578 660 τόν
1623 607 1719 661 κό-

136 720 282 774 σμον,
316 701 414 755 καὶ
432 702 571 773 ,μήθ’
595 700 733 764 ὅλως
757 701 864 753 ὑπὸ
890 701 1024 754 Θεοῦ
1054 699 1340 768 γενέσθαι,
1395 699 1719 771 αὐτομάτως

132 796 182 849 δὲ
205 797 298 849 καὶ
327 793 665 864 συντυχικῶς
697 794 997 863 ὑφεστάναι
1019 812 1033 824 ·
1056 794 1166 847 τῶν
1195 793 1272 857 δὲ,
1302 793 1361 859 ἐξ
1388 793 1606 864 ἀτόμων
1627 792 1720 845 καὶ

134 887 337 943 λεπτῶν
365 886 637 958 σωμάτων
667 885 891 956 ἀψύχων
910 884 1093 947 τινῶν,
1122 884 1214 939 καὶ
1257 884 1466 951 ἀλόγων
1494 882 1591 954 τὴν
1622 880 1716 935 τοῦ

137 980 326 1045 παντὸς
354 980 616 1034 σύστασιν
633 979 936 1047 γεγονέναι.
975 977 1135 1030 Ἀλλὰ
1153 976 1221 1030 τὰ
1250 977 1348 1047 μὲν
1367 978 1430 1028 ὲκ
1449 976 1557 1029 τῶν
1584 974 1713 1046 παρ’

143 1072 409 1144 Ἑϐραίοις
440 1072 636 1140 λογίων
660 1071 790 1142 περὶ
815 1070 915 1122 τοῦ
948 1070 1058 1122 τῶν
1080 1070 1215 1122 ὅλων
1238 1069 1372 1122 Θεοῦ
1398 1068 1476 1132 ὡς
1504 1070 1561 1121 ὲν
1585 1068 1716 1140 βρα-

131 1166 241 1236 χέσι
261 1163 518 1218 τοιαῦτα·
557 1163 787 1216 συνιδεῖν
814 1162 868 1215 δὲ
891 1161 1082 1214 ἕπεται
1108 1162 1201 1214 καὶ
1225 1162 1294 1214 τὰ
1318 1160 1454 1232 μετὰ
1491 1160 1580 1213 τὸν
1605 1160 1714 1214 τῶν

132 1258 258 1311 ὅλων
295 1256 431 1310 Θεὸν
476 1256 607 1327 περὶ
644 1255 741 1326 τῆς
783 1253 892 1307 τῶν
923 1252 1198 1324 γεννητῶν
1226 1254 1399 1325 ἀρχῆς
1444 1251 1714 1322 Ἑϐραίοις

132 1350 460 1420 τεφιλοσοφη
470 1349 625 1419 μένα.

1822 606 2135 663 Graecorum
2171 609 2238 664 de
2266 609 2376 665 Deo
2403 611 2816 682 disputationes
2832 612 3191 668 conferendas
3213 594 3414 683 putet?

1821 712 2055 768 quorum
2091 700 2183 754 alii
2233 672 2572 757 divinitatem
2610 703 2857 760 funditus
2904 720 3122 759 onmem
3166 672 3428 769 δόμοιο-ε

1819 796 1984 857 runt;
2022 790 2114 844 alii
2146 792 2320 848 stellis
2346 795 2594 848 eamdem
2640 794 2972 858 tribuerunt,
3013 811 3153 865 quas
3183 795 3286 865 ipsi
3320 788 3432 850 ιιι-⁵

1821 897 1942 936 men
1985 883 2177 952 globos
2226 885 2494 955 quosdam
2525 887 2714 956 igneos
2737 895 2793 941 et
2823 888 3121 942 candentes
3151 902 3275 943 esse
3307 902 3406 941 vo-

1820 973 2022 1036 lebant,
2062 974 2228 1045 320
2275 976 2330 1030 in
2379 977 2519 1031 coelo
2552 977 2831 1033 clavorum
2866 988 2961 1033 aut
2994 979 3321 1034 laminarum
3345 979 3406 1033 in

1821 1081 2030 1120 morem
2058 1069 2163 1121 alte
2196 1069 2523 1137 penitusque
2546 1068 2755 1124 deﬁxos
2787 1087 2802 1124 :
2836 1069 2927 1123 alii
2969 1069 3205 1139 denique
3231 1069 3407 1125 artiﬁ-

1820 1156 2032 1211 ciosum
2080 1157 2283 1228 ignem,
2312 1168 2369 1213 et
2414 1167 2563 1213 certo
2604 1160 2844 1229 quodam
2881 1161 3073 1216 ordine
3100 1176 3221 1216 sese
3251 1175 3408 1217 com-

1818 1258 2127 1304 moventem
2170 1248 2267 1305 Dei
2311 1251 2437 1306 loco
2463 1258 2793 1310 statuerunt.
2824 1253 2931 1307 Alii
2961 1261 3219 1323 praeterea
3253 1253 3411 1308 nullo

1822 1341 1916 1397 Dei
1974 1344 2210 1399 consilio
2264 1345 2529 1400 mundum
2587 1348 2904 1418 gubernari,
2958 1348 3051 1403 sed
3110 1348 3411 1403 temerario

131 1442 358 1508 quodam
407 1449 619 1494 naturae
664 1440 867 1509 impetu
913 1439 1040 1495 ferri
1103 1437 1415 1493 docebant:
1451 1434 1566 1496 alii,
1623 1448 1748 1488 cum
1790 1432 1844 1486 in
1910 1434 2227 1491 ccelestibus
2263 1439 2429 1492 modo
2461 1438 2629 1493 rebus
2670 1439 2867 1495 divinae
2913 1438 3273 1494 Providentia:
3301 1439 3376 1493 du
3394 1467 3426 1479 -ν

132 1548 269 1589 ctum
300 1543 676 1605 agnoscerent,
728 1532 1075 1588 terrestribus
1116 1544 1331 1584 omnem
1385 1526 1716 1581 adimebant.
1757 1522 1993 1592 Rursus,
2024 1535 2148 1582 ortu
2198 1530 2443 1585 caruisse
2493 1530 2758 1585 mundum
2809 1531 2891 1585 vel
2927 1546 2959 1585 a
2986 1529 3096 1585 Deo
3122 1532 3404 1586 conditum

133 1639 246 1679 eum
291 1624 465 1680 fuisse
506 1626 823 1695 negabant:
855 1639 982 1679 cum
1045 1622 1138 1676 alii
1194 1636 1294 1677 sua
1345 1626 1539 1690 sponte
1566 1627 1619 1672 et
1646 1632 1778 1671 casu
1817 1619 2056 1687 quodam
2103 1622 2381 1677 exstitisse
2433 1623 2587 1677 illum
2635 1632 2690 1677 et
2719 1623 2991 1678 coaluisse
3030 1624 3260 1690 vellent;
3310 1615 3407 1677 alii

133 1730 254 1769 vero
285 1731 354 1770 ex
422 1715 720 1771 individuis
755 1714 1107 1785 quibusdam,
1140 1710 1586 1778 tenuissimisque
1618 1709 1981 1775 corpusculis,
2022 1710 2327 1783 iisdemque
2388 1714 2571 1768 anima
2612 1714 2777 1768 simul
2836 1723 2892 1769 et
2939 1715 3147 1769 ratione
3206 1729 3405 1769 caren-

132 1807 288 1872 tibus,
323 1806 564 1863 universi
608 1807 804 1861 molem
857 1805 1144 1861 conﬂatam
1185 1817 1306 1857 esse
1360 1800 1733 1855 defenderent.
1791 1798 1859 1853 At
1908 1799 1976 1854 de
2028 1816 2215 1857 rerum
2262 1805 2510 1859 omnium
2565 1815 2897 1875 prmpotente
2969 1806 3116 1873 Deo,
3187 1808 3303 1863 haec
3368 1825 3407 1865 a

133 1903 285 1957 nobis
313 1917 383 1955 ex
414 1899 768 1955 Hebraeorum
800 1900 1039 1954 oraculis
1066 1899 1325 1962 delibata,
1347 1894 1512 1949 modo
1543 1893 1697 1948 satis.
1738 1890 2092 1964 Consequens
2146 1898 2403 1969 deinceps
2452 1900 2576 1966 erit,
2629 1909 2687 1956 ut
2736 1901 3218 1972 quemadmodum,
3249 1902 3405 1959 orbis

132 1996 354 2065 praeside
383 1996 700 2057 constituto,
734 1995 803 2048 de
835 2010 1018 2048 rerum
1055 1994 1131 2047 illi
1158 2000 1463 2048 creatarum
1502 1987 1773 2060 principio
1796 1989 2166 2062 philosophati
2192 1994 2322 2061 sint,
2357 1995 2663 2053 videamus.

648 2089 949 2141 ΚΕΦΑΛΑΙ
963 2088 1053 2140 ΟΝ
1091 2088 1107 2139 Ι
1114 2085 1166 2138 B'
1177 2127 1189 2138 .

250 2200 394 2270 Περὶ
426 2200 540 2268 τῆς
571 2199 678 2255 τοῦ
706 2200 988 2268 δευτέρου
1024 2200 1217 2254 αἰτίου
1250 2198 1581 2269 θεολογίας.

198 2315 376 2386 Θαλῆς
410 2315 509 2386 μὲν
528 2316 557 2368 ὀ
579 2314 845 2385 Μιλήσιος
872 2314 1046 2386 ἀρχὴν
1064 2314 1171 2369 τῶν
1203 2315 1458 2368 ἁπάντων
1485 2315 1543 2367 τὸ
1574 2312 1721 2385 ωωρ

135 2402 266 2461 εἶναι
312 2409 631 2480 ἀπεφήνατο
653 2445 669 2470 ,
709 2406 1063 2478 Ἀναξιμένης
1106 2407 1165 2460 δὲ
1201 2407 1292 2459 τὸν
1334 2406 1471 2479 ἀέρα
1494 2446 1509 2469 ,
1557 2406 1721 2478 Ἠρά-

134 2499 338 2563 κλειτος
355 2500 418 2551 τὸ
440 2498 575 2570 πῦρ,
592 2498 913 2569 Πυθαγόρας
944 2497 1233 2571 ἀριθμοὺς,
1263 2498 1580 2570 Ἐπίκουρος
1602 2497 1723 2569 ἅμα

134 2590 457 2661 Δημοκρίτῳ
484 2589 711 2661 σώματα
737 2591 934 2661 ἄτομα,
982 2588 1353 2661 Ἐμπεδοκλῆς
1385 2589 1454 2642 τὰ
1478 2589 1719 2661 τέσσαρα

135 2685 393 2752 στοιχεῖα.
439 2681 669 2753 ’Ῑδωμεν
698 2681 989 2753 τοιγαροῦν
1020 2683 1116 2736 καὶ
1149 2681 1218 2735 τὰ
1268 2682 1399 2752 παρ’
1447 2679 1721 2751 Ἑϐραίοις

131 2773 303 2842 λόγια.
340 2772 499 2828 Μετὰ
525 2773 622 2844 τὴν
650 2773 884 2845 ἄναρχον
912 2774 1007 2827 καὶ
1033 2775 1295 2844 ἀγένητον
1328 2771 1420 2825 τοῦ
1451 2771 1585 2825 Θεοῦ
1612 2772 1719 2825 τῶν

131 2864 268 2919 ὅλων
296 2864 506 2926 οὐσίαν,
534 2865 763 2934 ἄμικτον
789 2859 955 2917 οὖσαν
979 2864 1073 2917 καὶ
1109 2864 1368 2916 ἐπέκεινα
1416 2864 1596 2934 πάσης
1623 2880 1722 2915 κα-

128 2955 437 3027 ταλήψεως,
467 2955 726 3026 δευτέραν
763 2955 952 3009 οὐσίαν
995 2955 1105 3027 (74)
1150 2956 1243 3009 καί
1285 2952 1434 3007 θείαν
1469 2954 1718 3025 δύναμιν,

130 3050 304 3121 ἀρχὴν
334 3048 448 3102 τῶν
472 3049 717 3120 γενητῶν
748 3048 1025 3115 ἁπάντων,
1050 3047 1275 3120 πρώτην
1297 3065 1355 3101 τε
1379 3048 1719 3111 ὑποστᾶσαν,

131 3146 242 3199 κάκ
254 3142 346 3197 τοῦ
375 3142 595 3216 πρώτου
624 3143 798 3195 αίτίου
816 3142 1187 3213 γεγενημένην
1205 3142 1506 3211 εἰσάγουσι,
1526 3140 1723 3208 Λόγον,

131 3238 226 3292 καὶ
258 3237 484 3304 Σοφίαν,
512 3236 610 3289 καὶ
637 3235 772 3289 Θεοῦ
820 3236 1051 3307 δύναμιν
1090 3234 1258 3306 αὐτὴν
1292 3234 1723 3306 προσαγορεύονυ

132 3344 244 3392 τες.
275 3326 450 3381 Τοῦτο
469 3327 527 3380 δὲ
552 3326 768 3399 πρῶτος
803 3327 1045 3381 διδάσκει
1086 3326 1258 3395 λέγων
1314 3325 1434 3379 Ἰώό
1453 3343 1466 3355 ·
1509 3345 1528 3377 ί
1576 3325 1639 3377 Ἦ
1665 3324 1722 3378 δὲ

2419 2087 2650 2143 CAPUT
2688 2087 2804 2146 ΧΠ.

1966 2198 2315 2255 Hebraeorum
2337 2200 2402 2255 de
2430 2204 2658 2258 secundo
2687 2203 2951 2273 principio
2981 2204 3260 2274 theologia.

1892 2314 2095 2372 Thales
2123 2318 2344 2387 quidem
2378 2318 2468 2373 ille
2491 2318 2758 2384 Milesius,
2795 2336 2980 2374 rerum
3017 2321 3410 2377 universarum

1819 2408 2150 2479 principium
2183 2424 2382 2479 aquam
2425 2425 2548 2466 esse
2583 2410 2928 2478 defendebat,
2961 2427 3149 2467 aerem
3196 2414 3405 2468 Anaxi-

1820 2515 2027 2566 menes,
2090 2499 2396 2557 Heraclitus
2446 2502 2661 2573 ignem,
2725 2518 2986 2559 numeros
3041 2502 3411 2577 Pythagoras,

1820 2590 2092 2662 Epicurus
2145 2609 2270 2647 cum
2322 2592 2637 2648 Democrito
2670 2595 2997 2664 corpuscula
3031 2597 3283 2664 quaedam
3317 2598 3403 2650 in-

1819 2682 2062 2750 dividua,
2093 2683 2448 2754 Empedocles
2480 2696 2718 2756 quatuor
2744 2687 3035 2743 elementa.
3067 2687 3179 2744 Nos
3203 2690 3305 2744 hac
3339 2690 3409 2745 de

1819 2789 1879 2829 re
1913 2774 2262 2830 Hebraeorum
2290 2793 2511 2847 quoque
2551 2778 2762 2833 litteras
2788 2780 3165 2835 consulamus.
3212 2779 3291 2834 Illi
3325 2796 3411 2834 er-

1821 2882 1911 2937 go,
1944 2869 2248 2925 secundum
2281 2870 2580 2940 principem
2607 2871 2777 2935 illam,
2818 2882 2871 2926 et
2920 2873 3192 2942 principio
3240 2875 3409 2929 simul

1821 2968 2056 3030 ortuque
2101 2971 2373 3017 carentem
2421 2964 2771 3031 praepotentis
2807 2962 2900 3017 Dei
2951 2971 3227 3027 naturam,
3260 2981 3405 3035 qua:-

1821 3063 1928 3117 que
1959 3058 2018 3101 ut
2040 3048 2110 3103 ab
2135 3050 2283 3102 omni
2317 3051 2673 3120 permistione
2707 3052 2957 3122 sejuncta
3005 3062 3112 3119 est,
3146 3054 3228 3110 si:
3253 3055 3409 3108 omni

1822 3140 2315 3208 comprehensione
2374 3142 2572 3211 major,
2619 3153 2873 3197 naturam
2927 3145 3154 3200 alteram
3202 3147 3409 3201 consti-

1820 3239 2003 3293 tuunt,
2034 3232 2254 3302 vimque
2297 3233 2561 3293 divinam,
2590 3250 2713 3308 quae
2744 3250 2869 3289 cum
2909 3250 3100 3291 eorum
3133 3238 3411 3303 omnium,

1824 3338 1946 3390 qum
1995 3322 2312 3393 gignuntur,
2346 3325 2674 3394 principium
2727 3327 2817 3389 sit,
2850 3335 2962 3381 tum
3014 3337 3141 3384 ante
3182 3338 3412 3386 caeteras

139 3420 300 3488 σοφία
326 3418 494 3472 πόθεν
523 3419 757 3489 εὑρέθης
790 3420 942 3481 ποῖος
969 3418 1027 3470 δὲ
1069 3418 1232 3481 τόπος
1264 3417 1412 3469 ἐστὶν
1461 3414 1561 3486 τῆς
1599 3417 1721 3467 ὲπι-

1829 3429 2018 3469 omnes
2051 3416 2339 3478 exstiterit,
2378 3418 2446 3470 ab
2480 3416 2783 3487 eodemque
2813 3419 2991 3488 primo
3027 3421 3296 3490 principio
3319 3436 3414 3490 ge-

141 3514 391 3583 στήμης;
420 3510 535 3563 Οὐκ
558 3505 667 3562 οἶδε
699 3508 887 3580 βροτὸς
917 3507 1033 3561 ὁδὸν
1072 3508 1271 3577 αὐτῆς,
1319 3506 1441 3560 οὐδὲ
1487 3504 1592 3576 μὴν
1631 3505 1720 3557 εὑ-

144 3602 270 3677 ρέθη
313 3604 373 3655 ὲν
425 3599 731 3672 ἀνθρώποις
759 3617 773 3630 ·
796 3599 1113 3671 ἀκηκόαμεν
1149 3598 1206 3652 δὲ
1234 3599 1404 3669 αὐτῆς
1451 3598 1513 3651 τὸ
1544 3597 1741 3663 κλέος..

148 3693 204 3749 Ὀ
233 3693 443 3765 Κύριος
468 3692 795 3763 συνέστησεν
823 3691 991 3762 αὐτῆς
1015 3691 1112 3763 τὴν
1139 3690 1287 3755 ὁδὸν,
1317 3690 1481 3755 αὐτὸς
1524 3689 1581 3742 δὲ
1613 3685 1722 3743 οἶδε

138 3789 221 3842 τὸν
242 3788 412 3842 τόπον
428 3786 621 3856 αὐτῆς.
652 3805 670 3836 ι
699 3785 811 3839 Καὶ
836 3785 866 3837 ό
898 3784 1062 3838 Δαϐὶδ
1083 3783 1140 3836 δέ
1170 3802 1273 3838 που
1306 3784 1362 3836 ὲν
1383 3782 1724 3854 ψαλμῳδίαις

141 3882 301 3954 ἑτέρῳ
352 3877 677 3952 προσειπὼν
709 3876 806 3949 τὴν
864 3878 1053 3947 σοφίαν
1093 3876 1317 3948 ὀνόματί
1350 3892 1514 3946 φησιο
1565 3894 1584 3926 ι
1633 3874 1724 3945 Τῷ

142 3971 276 4043 λόγῳ
308 3971 522 4042 Κυρίου
570 3972 620 4024 οί
663 3970 884 4042 οὐρανοὶ
919 3967 1328 4041 ἐστερεώθησαν
1352 4008 1368 4033 ,
1422 3988 1441 4019 ι
1486 3967 1577 4021 τὸν
1615 3966 1730 4021 τῶν¹

144 4062 396 4116 ἁπάντων
422 4060 812 4132 δημιουργικὸν
842 4061 1013 4129 Λόγον
1044 4059 1179 4114 Θεοῦ
1208 4058 1395 4112 τοῦτον
1418 4057 1726 4128 ὲνευφημή-

144 4169 236 4216 σας
262 4151 357 4205 τὸν
378 4151 603 4221 τρόπον.
635 4148 713 4203 Οὐ
746 4149 851 4220 μὴν
877 4148 1012 4202 ἀλλὰ
1052 4150 1146 4203 καὶ
1175 4151 1203 4201 ὁ
1233 4147 1423 4202 τούτου
1462 4150 1590 4210 παῖς
1628 4147 1725 4199 Σο-

144 4241 319 4315 λομὼν
349 4242 450 4295 ὡδί
474 4258 553 4312 πη
580 4240 641 4305 ἐξ
673 4242 840 4312 αὐτῆς
870 4242 1279 4313 προσωποποιεῖ
1307 4239 1406 4309 τῆς
1430 4237 1621 4306 σοφίας
1640 4237 1728 4291 λέ-

144 4351 248 4402 γων
271 4350 289 4366 ’
327 4353 348 4385 ι
404 4332 548 4401 Ἐγὼ
576 4335 610 4404 ἠ
646 4331 804 4401 σοφία
824 4333 1216 4403 κατεσκήνωσα
1248 4330 1442 4401 βουλὴν
1476 4329 1574 4383 καὶ
1595 4328 1730 4398 γνῶ-

146 4443 244 4491 σιν,
280 4427 387 4480 καὶν
412 4423 620 4481 ἔννοιαν
644 4422 758 4493 ἐγὼ
788 4423 1230 4495 ὲπεκαλεσάμην.
1284 4423 1361 4474 Δι’
1394 4420 1529 4492 ἐμοῦ
1576 4420 1729 4490 βασι-

145 4518 253 4583 λεῖς
275 4516 647 4589 βασιλεύουσι,
679 4517 774 4572 ml.
799 4518 846 4570 οἱ
869 4517 1125 4570 δυνάσται
1157 4515 1425 4588 γράφουσι
1457 4512 1737 4567 δικαιοσύ-.

148 4628 260 4680 νην.
290 4630 311 4663 ›
343 4610 460 4665 Καὶ
482 4608 646 4664 πάλιν
664 4625 681 4641 ο
712 4628 730 4659 ι
756 4608 960 4680 Κύριος
983 4608 1167 4662 ἐκτισέ
1197 4627 1264 4679 με
1278 4608 1454 4680 ἀρχὴν
1470 4606 1605 4660 ὁδῶν
1634 4607 1730 4661 αὐ-

149 4702 239 4756 τοῦ
265 4705 347 4767 είς
372 4701 513 4773 ἔργα
544 4699 730 4754 αὐτοῦ.
759 4700 873 4770 Πρὸ
900 4699 994 4753 τοῦ
1022 4688 1218 4764 αἰῶνος
1252 4698 1583 4769 ὲθεμελίωσέ
1620 4715 1689 4768 με
1709 4712 1723 4726 ⁸

148 4797 204 4847 ὲν
226 4796 370 4867 ἀρχῇ
399 4792 510 4865 πρὸ
538 4792 634 4845 τοῦ
657 4792 756 4861 τὴν
779 4792 881 4863 γῆν
909 4791 1155 4861 ποιῆσαι,
1188 4791 1295 4861 πρὸ
1327 4790 1419 4844 τοῦ
1450 4788 1548 4855 τὰς
1574 4788 1737 4843 ἀϐύσ-

151 4904 274 4950 σους
304 4884 583 4954 γενέσθαι,
615 4884 721 4956 πρὸ
741 4884 834 4938 τοῦ
869 4883 970 4955 ὅρη
997 4882 1343 4955 ἑδρασθῆναι,
1376 4882 1483 4955 πρὸ
1514 4881 1570 4935 δὲ
1596 4882 1734 4935 πάν-

149 4995 254 5033 των
275 4977 487 5049 βουνῶν
511 4978 675 5048 γεννᾷ
710 4994 798 5048 με.
840 4976 1034 5032 Ἠνίκα
1059 4975 1324 5047 ἡτοίμαζε
1350 4975 1441 5029 τὸν
1485 4975 1732 5049 οὐρανὸν,

148 5072 531 5143 συμπαρήμην
569 5068 719 5139 αὐτῷ
740 5110 754 5132 ,
786 5070 883 5123 xal
914 5068 991 5132 ὡς
1037 5068 1298 5141 ἀσφαλεῖς
1336 5066 1502 5119 ἐτίθει
1552 5066 1735 5138 πηγὰς

152 5162 248 5233 τῆς
280 5176 309 5205 ι
348 5163 444 5216 ὑπ’
472 5161 722 5235 οὐρανὸν,
751 5162 898 5232 ἥμην
928 5162 1025 5215 σὺν
1054 5159 1202 5231 αὐτῴ
1234 5159 1738 5231 ἁρμόζουσα.ξἘγὼ

154 5254 300 5326 ήμην
394 5254 729 5327 προσέχαιρε
751 5253 871 5308 καθ’
887 5253 1122 5326 ἡμέραν·
1141 5253 1585 5325 ηὑφραινόμηνδὲ
1600 5252 1736 5307 ἑνώ-

156 5358 276 5397 πιον
298 5343 470 5398 αὐτοῦ
502 5345 561 5397 ὲν
585 5344 747 5397 παντὶ
776 5342 954 5415 καιρῷ
975 5383 991 5407 ,
1037 5344 1126 5399 ὅτε
1159 5343 1491 5416 ηὐφραίνετο
1532 5345 1633 5417 τὴν
1662 5348 1743 5400 oi-

1824 3504 1937 3557 nita
1976 3502 2158 3569 fuerit,
2188 3521 2352 3574 quam
2403 3506 2506 3576 ipsi
2562 3505 2830 3571 Verbum,
2888 3507 3245 3577 Sapientiam,
3291 3508 3412 3565 Dei-

1824 3609 1930 3663 que
1958 3594 2213 3648 virtutem
2250 3597 2525 3665 appellare
2562 3597 2759 3651 solent.
2792 3599 2970 3667 Atque
2994 3598 3097 3651 hoc
3128 3598 3181 3652 in
3214 3599 3416 3668 primis

1822 3684 1995 3741 Jobus
2034 3686 2240 3754 docuit,
2270 3688 2401 3743 dum
2449 3689 2522 3744 ita
2569 3690 2786 3744 locutus
2819 3698 2946 3745 est:
2983 3708 3002 3740 ‹
3040 3688 3192 3745 Unde
3224 3702 3411 3745 autem

1825 3778 2095 3847 sapientia
2129 3778 2347 3834 inventa
2378 3781 2499 3835 eat?
2533 3789 2629 3835 aut
2657 3782 2781 3852 quis
2812 3781 2967 3837 locus
3010 3790 3095 3836 est
3130 3782 3415 3838 scientiae?

1823 3869 2010 3927 Nescit
2038 3872 2204 3926 homo
2232 3874 2374 3927 viam
2406 3874 2549 3943 ejus,
2580 3888 2756 3943 neque
2782 3874 3000 3927 inventa
3028 3881 3113 3928 est
3139 3874 3284 3928 inter
3306 3874 3410 3930 ho-

1825 3966 2004 4021 mines
2042 3984 2056 4020 :
2096 3966 2406 4022 audivimus
2435 3974 2615 4021 autem
2656 3965 2882 4035 gloriam
2917 3965 3110 4035 ipsius.
3144 3964 3417 4024 Dominus

1826 4060 2261 4116 constituitviam
2283 4060 2423 4130 ejus,
2443 4060 2556 4128 ipse
2573 4067 2754 4115 autem
2780 4059 2931 4113 novit
2957 4060 3138 4114 locum
3158 4060 3279 4129 ejus
3302 4060 3370 4116 ⁸³.
3385 4078 3409 4111 ι

1827 4148 2069 4221 Itemque
2085 4150 2254 4205 David
2274 4150 2326 4203 in
2339 4148 2594 4215 Psalmis,
2612 4148 2756 4203 aliud
2770 4148 2899 4202 huic
2912 4148 3193 4218 sapientia:
3212 4162 3415 4203 nomen

1827 4243 2128 4298 attribuens
2157 4259 2171 4296 :
2205 4239 2449 4306 «Verbo,
2506 4241 2704 4310 inquit,
2758 4238 2973 4295 Domini
3019 4241 3145 4296 cceli
3214 4238 3414 4295 ﬁrmati

1830 4343 1959 4390 sunt
1977 4333 2043 4400 εις
2073 4352 2093 4385 ι
2115 4334 2315 4402 quibus
2332 4331 2688 4403 ipseVerbum
2712 4333 2840 4388 illud
2858 4333 3100 4387 divinum
3119 4332 3284 4400 hujus
3300 4333 3420 4387 uni-

1829 4422 1975 4477 versi
2026 4422 2337 4477 molitorem
2393 4422 2710 4478 celebravit.
2744 4422 2887 4490 Quin
2920 4422 3085 4477 etiam
3120 4423 3266 4478 (ilius
3292 4423 3415 4493 ejus

1834 4515 2132 4579 Salomon,
2179 4515 2427 4585 ejusdem
2483 4530 2550 4569 ex
2604 4515 2889 4585 sapientia:
2945 4530 3202 4585 persona,
3266 4515 3419 4569 hunc

1833 4608 1993 4681 3.21
2024 4609 2077 4663 in
2110 4608 2330 4662 modum
2379 4607 2660 4676 loquitur:
2723 4625 2743 4657 (
2765 4606 2877 4677 Ego
2906 4606 3175 4676 sapientia
3223 4606 3414 4660 habito

1837 4701 1895 4755 in
1929 4700 2162 4756 consilio
2184 4710 2240 4754 et
2263 4699 2514 4763 scientia,
2544 4707 2597 4753 et
2619 4698 3036 4769 intelligentiam
3072 4712 3173 4769 ego
3201 4697 3417 4751 vocavi.

1842 4793 1946 4848 Per
1968 4808 2056 4847 me
2079 4807 2235 4862 reges
2263 4800 2519 4862 regnant,
2553 4801 2608 4846 et
2641 4801 2892 4861 potentes
2927 4791 3230 4846 decernunt
3247 4789 3415 4858 justi—

1842 4886 1973 4941 tiam
1996 4885 2063 4939 “.
2096 4904 2114 4936 ι
2161 4883 2230 4938 Et
2253 4900 2468 4939 rursus.
2506 4902 2524 4935 ι
2551 4882 2817 4938 Dominus
2846 4881 3049 4937 creavit
3091 4896 3176 4936 me
3203 4880 3418 4934 initium

1841 4977 2057 5032 viarum
2103 4989 2328 5031 suarum
2365 4972 2434 5029 ad
2466 4988 2632 5043 opera
2675 4989 2795 5028 sua.
2835 4972 2977 5027 Ante
3009 4987 3182 5026 aevum
3215 4969 3417 5024 funda-

1840 5069 1920 5123 vit
1964 5083 2089 5124 me:
2139 5066 2197 5121 In
2249 5067 2542 5138 principio,
2581 5074 2872 5136 antequam
2935 5074 3133 5119 terram
3192 5061 3419 5125 faceret,

1843 5167 2134 5228 antequam
2156 5166 2342 5213 essent
2364 5156 2579 5228 abyssi:
2605 5164 2898 5225 antequam
2925 5165 3136 5209 montes
3161 5151 3251 5205 ﬁxi
3288 5165 3341 5205 cc
3356 5166 3421 5204 n-

1845 5251 2143 5309 stitissent:
2165 5259 2292 5306 ante
2318 5264 2511 5304 omnes
2532 5248 2701 5303 colles
2728 5245 3010 5317 generavit
3036 5259 3146 5298 me.
3187 5241 3421 5310 Quando

1854 5345 2196 5415 prazparabat
2237 5341 2460 5405 caalum,
2513 5338 2732 5395 aderam
2772 5337 2910 5407 ipsi:
2970 5334 3188 5406 quando
3226 5340 3423 5389 certos

227 5462 275 5494 ⁸³
302 5461 410 5519 Job
457 5477 650 5528 xxvm,
683 5461 774 5519 20.
849 5462 896 5493 “
919 5460 1297 5529 Psalexxur,
1327 5462 1380 5519 6.
1455 5462 1501 5495 “
1529 5462 1691 5521 Prov.
1724 5481 1842 5530 vm,
1875 5464 1964 5520 12.

226 5567 255 5596 ι
280 5558 372 5612 Ζσ.
400 5553 526 5618 τάς.

222 5674 341 5737 (74)
384 5673 681 5747 Αευτέραν
727 5673 963 5747 οὐσίαν.
1027 5673 1298 5747 Eusebius
1335 5674 1435 5747 hic
1476 5677 1732 5747 ἄντικρυς

163 5742 509 5816 ’Δρειανίζει.
528 5742 768 5799 Tametsi
798 5744 935 5816 ejus
984 5746 1289 5800 orationem
1308 5815 1317 5816 ί
1334 5742 1734 5814 Trapezuntius

156 5813 587 5885 υποκορίζεσθαι
612 5855 630 5882 ,
656 5824 709 5869 et
745 5813 990 5871 adhibito
1017 5817 1173 5885 quasi
1199 5815 1381 5883 studio
1413 5813 1624 5872 mollire
1646 5817 1730 5871 vi-

1842 5675 2057 5730 deatur.
2112 5671 2216 5726 Sed
2275 5680 2436 5725 notus
2480 5666 2615 5723 satis
2641 5665 2950 5732 Eusebius;
3002 5677 3068 5718 ac
3122 5662 3424 5732 praesertim

1843 5753 1970 5807 ante
2017 5741 2293 5797 Nicuenum
2342 5738 2634 5794 concilium
2663 5778 2678 5803 ,
2732 5745 2858 5793 ante
2903 5735 3050 5807 quod
3092 5734 3207 5790 haec
3247 5734 3315 5788 ab
3361 5748 3433 5788 eo

1841 5815 2040 5883 scripta
2073 5813 2243 5868 fuisse
2277 5825 2386 5866 non
2413 5809 2625 5865 dubito.
