  <div class='ocr_page' id='page_1' title='image "/cluster/home/n/w/nwhite01/storage/ocr_20150623/21/nnc1.0046978437/417.png"; bbox 0 0 3856 6224; ppageno 0'>
   <div class='ocr_carea' id='block_1_1' title="bbox 450 374 553 433">
    <p class='ocr_par' dir='ltr' id='par_1_1' title="bbox 450 374 553 433">
     <span class='ocr_line' id='line_1_1' title="bbox 450 374 553 433; baseline -0.01 0"><span class='ocrx_word' id='word_1_1' title='bbox 450 374 553 433; x_wconf 70' lang='lat'><strong>563</strong></span> 
     </span>
    </p>
   </div>
   <div class='ocr_carea' id='block_1_2' title="bbox 1102 366 3064 434">
    <p class='ocr_par' dir='ltr' id='par_1_2' title="bbox 1102 366 3064 434">
     <span class='ocr_line' id='line_1_2' title="bbox 1102 366 3064 434; baseline 0.003 -5"><span class='ocrx_word' id='word_1_2' title='bbox 1102 373 1373 431; x_wconf 71' lang='lat' dir='ltr'><strong>EL‘SEBEI</strong></span> <span class='ocrx_word' id='word_1_3' title='bbox 1411 373 1890 431; x_wconf 59' lang='lat' dir='ltr'><strong>CrESARlENSlS</strong></span> <span class='ocrx_word' id='word_1_4' title='bbox 1928 372 2077 429; x_wconf 86' lang='lat' dir='ltr'><strong>OPP.</strong></span> <span class='ocrx_word' id='word_1_5' title='bbox 2122 373 2304 431; x_wconf 78' lang='lat' dir='ltr'><strong>PARS</strong></span> <span class='ocrx_word' id='word_1_6' title='bbox 2342 375 2405 431; x_wconf 86' lang='grc'><strong>11.</strong></span> <span class='ocrx_word' id='word_1_7' title='bbox 2447 407 2517 417; x_wconf 89' lang='lat'><strong><em>—</em></strong></span> <span class='ocrx_word' id='word_1_8' title='bbox 2554 366 3064 434; x_wconf 60' lang='lat' dir='ltr'><strong>APOLOGETICA:</strong></span> 
     </span>
    </p>
   </div>
   <div class='ocr_carea' id='block_1_3' title="bbox 3606 384 3707 442">
    <p class='ocr_par' dir='ltr' id='par_1_3' title="bbox 3606 384 3707 442">
     <span class='ocr_line' id='line_1_3' title="bbox 3606 384 3707 442; baseline 0 0"><span class='ocrx_word' id='word_1_9' title='bbox 3606 384 3707 442; x_wconf 76' lang='lat' dir='ltr'><strong>5M-</strong></span> 
     </span>
    </p>
   </div>
   <div class='ocr_carea' id='block_1_4' title="bbox 446 497 2006 572">
    <p class='ocr_par' dir='ltr' id='par_1_4' title="bbox 446 497 2006 572">
     <span class='ocr_line' id='line_1_4' title="bbox 446 497 2006 572; baseline -0.003 -17"><span class='ocrx_word' id='word_1_10' title='bbox 446 500 688 572; x_wconf 85' lang='lat' dir='ltr'><strong>ponebat</strong></span> <span class='ocrx_word' id='word_1_11' title='bbox 731 499 932 565; x_wconf 88' lang='lat' dir='ltr'><strong>fontes,</strong></span> <span class='ocrx_word' id='word_1_12' title='bbox 971 497 1065 567; x_wconf 82' lang='lat' dir='ltr'><strong>qui</strong></span> <span class='ocrx_word' id='word_1_13' title='bbox 1113 497 1217 552; x_wconf 92' lang='lat' dir='ltr'><strong>sub</strong></span> <span class='ocrx_word' id='word_1_14' title='bbox 1263 498 1404 552; x_wconf 66' lang='lat' dir='ltr'><strong>caelo</strong></span> <span class='ocrx_word' id='word_1_15' title='bbox 1430 506 1581 559; x_wconf 88' lang='lat' dir='ltr'><strong>sunt,</strong></span> <span class='ocrx_word' id='word_1_16' title='bbox 1607 513 1763 552; x_wconf 80' lang='lat' dir='ltr'><strong>eram</strong></span> <span class='ocrx_word' id='word_1_17' title='bbox 1797 513 1921 552; x_wconf 88' lang='lat' dir='ltr'><strong>cum</strong></span> <span class='ocrx_word' id='word_1_18' title='bbox 1959 511 2006 551; x_wconf 71' lang='lat' dir='ltr'><strong>et</strong></span> 
     </span>
    </p>
   </div>
   <div class='ocr_carea' id='block_1_5' title="bbox 2110 497 3708 572">
    <p class='ocr_par' dir='ltr' id='par_1_5' title="bbox 2129 497 3708 571">
     <span class='ocr_line' id='line_1_5' title="bbox 2129 497 3708 571; baseline 0.003 -21"><span class='ocrx_word' id='word_1_19' title='bbox 2129 498 2403 570; x_wconf 84' lang='grc' dir='ltr'>κουμένην</span> <span class='ocrx_word' id='word_1_20' title='bbox 2446 497 2793 560; x_wconf 80' lang='grc' dir='ltr'><strong>συντελέσας.</strong></span> <span class='ocrx_word' id='word_1_21' title='bbox 2830 516 2849 549; x_wconf 75' lang='grc' dir='ltr'><strong>ι</strong></span> <span class='ocrx_word' id='word_1_22' title='bbox 2881 497 3066 551; x_wconf 78' lang='grc' dir='ltr'>Ταῦτα</span> <span class='ocrx_word' id='word_1_23' title='bbox 3113 497 3365 570; x_wconf 89' lang='grc' dir='ltr'>Σολομὼν</span> <span class='ocrx_word' id='word_1_24' title='bbox 3406 499 3464 553; x_wconf 84' lang='grc' dir='ltr'><strong>ἐν</strong></span> <span class='ocrx_word' id='word_1_25' title='bbox 3506 501 3708 571; x_wconf 85' lang='grc' dir='ltr'>Παροι-</span> 
     </span>
    </p>
   </div>
   <div class='ocr_carea' id='block_1_6' title="bbox 446 588 2026 659">
    <p class='ocr_par' dir='ltr' id='par_1_6' title="bbox 446 588 2026 659">
     <span class='ocr_line' id='line_1_6' title="bbox 446 588 2026 659; baseline -0.004 -11"><span class='ocrx_word' id='word_1_26' title='bbox 446 603 646 648; x_wconf 78' lang='lat' dir='ltr'><strong>cuncta</strong></span> <span class='ocrx_word' id='word_1_27' title='bbox 694 605 1055 659; x_wconf 92' lang='lat' dir='ltr'><strong>componens.</strong></span> <span class='ocrx_word' id='word_1_28' title='bbox 1094 588 1205 658; x_wconf 82' lang='lat' dir='ltr'><strong>Ego</strong></span> <span class='ocrx_word' id='word_1_29' title='bbox 1253 604 1443 654; x_wconf 87' lang='lat' dir='ltr'><strong>eram,</strong></span> <span class='ocrx_word' id='word_1_30' title='bbox 1492 606 1608 659; x_wconf 35' lang='lat' dir='ltr'><strong>qua.</strong></span> <span class='ocrx_word' id='word_1_31' title='bbox 1652 591 2026 644; x_wconf 85' lang='lat' dir='ltr'><strong>delectabatur</strong></span> 
     </span>
    </p>
   </div>
   <div class='ocr_carea' id='block_1_7' title="bbox 444 680 2023 751">
    <p class='ocr_par' dir='ltr' id='par_1_7' title="bbox 444 680 2023 751">
     <span class='ocr_line' id='line_1_7' title="bbox 444 680 2023 751; baseline 0 -18"><span class='ocrx_word' id='word_1_32' title='bbox 444 681 689 751; x_wconf 81' lang='lat' dir='ltr'><strong>quotidie</strong></span> <span class='ocrx_word' id='word_1_33' title='bbox 713 699 725 734; x_wconf 93' lang='lat'><strong>:</strong></span> <span class='ocrx_word' id='word_1_34' title='bbox 760 680 983 733; x_wconf 55' lang='lat' dir='ltr'><strong>lzetabar</strong></span> <span class='ocrx_word' id='word_1_35' title='bbox 1007 688 1190 733; x_wconf 83' lang='lat' dir='ltr'><strong>autem</strong></span> <span class='ocrx_word' id='word_1_36' title='bbox 1214 694 1400 733; x_wconf 88' lang='lat' dir='ltr'><strong>coram</strong></span> <span class='ocrx_word' id='word_1_37' title='bbox 1426 680 1547 749; x_wconf 86' lang='lat' dir='ltr'><strong>ipso</strong></span> <span class='ocrx_word' id='word_1_38' title='bbox 1574 681 1729 733; x_wconf 86' lang='lat' dir='ltr'><strong>omni</strong></span> <span class='ocrx_word' id='word_1_39' title='bbox 1759 689 2023 748; x_wconf 86' lang='lat' dir='ltr'><strong>tempore,</strong></span> 
     </span>
    </p>
   </div>
   <div class='ocr_carea' id='block_1_8' title="bbox 443 769 2026 842">
    <p class='ocr_par' dir='ltr' id='par_1_8' title="bbox 443 769 2026 842">
     <span class='ocr_line' id='line_1_8' title="bbox 443 769 2026 842; baseline 0.003 -19"><span class='ocrx_word' id='word_1_40' title='bbox 443 769 665 842; x_wconf 85' lang='lat' dir='ltr'><strong>quando</strong></span> <span class='ocrx_word' id='word_1_41' title='bbox 692 770 1059 824; x_wconf 84' lang='lat' dir='ltr'><strong>delectabatur</strong></span> <span class='ocrx_word' id='word_1_42' title='bbox 1072 770 1259 823; x_wconf 87' lang='lat' dir='ltr'><strong>orbem</strong></span> <span class='ocrx_word' id='word_1_43' title='bbox 1277 779 1434 825; x_wconf 64' lang='lat' dir='ltr'><strong>terra:</strong></span> <span class='ocrx_word' id='word_1_44' title='bbox 1460 772 1769 841; x_wconf 87' lang='lat' dir='ltr'><strong>perliciens.</strong></span> <span class='ocrx_word' id='word_1_45' title='bbox 1798 772 1878 824; x_wconf 74' lang='grc'><strong>⁵⁸)</strong></span> <span class='ocrx_word' id='word_1_46' title='bbox 1902 771 2026 827; x_wconf 59' lang='lat' dir='ltr'><strong>llaec</strong></span> 
     </span>
    </p>
   </div>
   <div class='ocr_carea' id='block_1_9' title="bbox 445 860 2022 933">
    <p class='ocr_par' dir='ltr' id='par_1_9' title="bbox 445 860 2022 933">
     <span class='ocr_line' id='line_1_9' title="bbox 445 860 2022 933; baseline 0.001 -15"><span class='ocrx_word' id='word_1_47' title='bbox 445 863 708 918; x_wconf 79' lang='lat' dir='ltr'><strong>Salomon</strong></span> <span class='ocrx_word' id='word_1_48' title='bbox 737 862 792 915; x_wconf 88' lang='lat' dir='ltr'><strong>in</strong></span> <span class='ocrx_word' id='word_1_49' title='bbox 813 860 1143 916; x_wconf 86' lang='lat' dir='ltr'><strong>Proverbiis.</strong></span> <span class='ocrx_word' id='word_1_50' title='bbox 1181 861 1315 927; x_wconf 69' lang='lat' dir='ltr'><strong>Qua:</strong></span> <span class='ocrx_word' id='word_1_51' title='bbox 1343 876 1662 933; x_wconf 88' lang='lat' dir='ltr'><strong>sequuntur,</strong></span> <span class='ocrx_word' id='word_1_52' title='bbox 1682 881 1746 919; x_wconf 80' lang='lat' dir='ltr'><strong>ex</strong></span> <span class='ocrx_word' id='word_1_53' title='bbox 1776 866 2022 933; x_wconf 81' lang='lat' dir='ltr'><strong>ejusdem</strong></span> 
     </span>
    </p>
   </div>
   <div class='ocr_carea' id='block_1_10' title="bbox 442 959 2023 1036">
    <p class='ocr_par' dir='ltr' id='par_1_10' title="bbox 442 959 2023 1036">
     <span class='ocr_line' id='line_1_10' title="bbox 442 959 2023 1036; baseline -0.005 -18"><span class='ocrx_word' id='word_1_54' title='bbox 442 977 664 1036; x_wconf 66' lang='lat' dir='ltr'><strong>quoque</strong></span> <span class='ocrx_word' id='word_1_55' title='bbox 694 977 926 1033; x_wconf 85' lang='lat' dir='ltr'><strong>persona</strong></span> <span class='ocrx_word' id='word_1_56' title='bbox 976 962 1313 1017; x_wconf 82' lang='lat' dir='ltr'><strong>referuntur.</strong></span> <span class='ocrx_word' id='word_1_57' title='bbox 1361 980 1379 1012; x_wconf 75' lang='grc' dir='ltr'><strong>ι</strong></span> <span class='ocrx_word' id='word_1_58' title='bbox 1409 959 1551 1025; x_wconf 84' lang='lat' dir='ltr'><strong>Quid</strong></span> <span class='ocrx_word' id='word_1_59' title='bbox 1612 959 1684 1013; x_wconf 88' lang='lat' dir='ltr'><strong>sit</strong></span> <span class='ocrx_word' id='word_1_60' title='bbox 1717 966 1898 1012; x_wconf 88' lang='lat' dir='ltr'><strong>autem</strong></span> <span class='ocrx_word' id='word_1_61' title='bbox 1932 971 2023 1011; x_wconf 89' lang='lat' dir='ltr'><strong>sa-</strong></span> 
     </span>
    </p>
   </div>
   <div class='ocr_carea' id='block_1_11' title="bbox 449 1047 2025 1124">
    <p class='ocr_par' dir='ltr' id='par_1_11' title="bbox 449 1047 2025 1124">
     <span class='ocr_line' id='line_1_11' title="bbox 449 1047 2025 1124; baseline -0.004 -17"><span class='ocrx_word' id='word_1_62' title='bbox 449 1053 678 1124; x_wconf 88' lang='lat' dir='ltr'><strong>pientia,</strong></span> <span class='ocrx_word' id='word_1_63' title='bbox 732 1063 787 1107; x_wconf 92' lang='lat' dir='ltr'><strong>et</strong></span> <span class='ocrx_word' id='word_1_64' title='bbox 812 1054 1277 1123; x_wconf 89' lang='lat' dir='ltr'><strong>quemadmodum</strong></span> <span class='ocrx_word' id='word_1_65' title='bbox 1322 1052 1464 1105; x_wconf 84' lang='lat' dir='ltr'><strong>facta</strong></span> <span class='ocrx_word' id='word_1_66' title='bbox 1511 1052 1604 1116; x_wconf 88' lang='lat' dir='ltr'><strong>sit,</strong></span> <span class='ocrx_word' id='word_1_67' title='bbox 1661 1047 1915 1112; x_wconf 84' lang='lat' dir='ltr'><strong>referam,</strong></span> <span class='ocrx_word' id='word_1_68' title='bbox 1970 1055 2025 1101; x_wconf 90' lang='lat' dir='ltr'><strong>et</strong></span> 
     </span>
    </p>
   </div>
   <div class='ocr_carea' id='block_1_12' title="bbox 441 1140 2024 1205">
    <p class='ocr_par' dir='ltr' id='par_1_12' title="bbox 441 1140 2024 1205">
     <span class='ocr_line' id='line_1_12' title="bbox 441 1140 2024 1205; baseline -0.004 -6"><span class='ocrx_word' id='word_1_69' title='bbox 441 1160 551 1199; x_wconf 88' lang='lat' dir='ltr'><strong>non</strong></span> <span class='ocrx_word' id='word_1_70' title='bbox 588 1146 922 1201; x_wconf 85' lang='lat' dir='ltr'><strong>abscondam</strong></span> <span class='ocrx_word' id='word_1_71' title='bbox 956 1162 987 1201; x_wconf 88' lang='lat' dir='ltr'><strong>a</strong></span> <span class='ocrx_word' id='word_1_72' title='bbox 1028 1146 1189 1200; x_wconf 80' lang='lat' dir='ltr'><strong>vobis</strong></span> <span class='ocrx_word' id='word_1_73' title='bbox 1233 1152 1605 1205; x_wconf 89' lang='lat' dir='ltr'><strong>sacramenta,</strong></span> <span class='ocrx_word' id='word_1_74' title='bbox 1643 1143 1736 1197; x_wconf 90' lang='lat' dir='ltr'><strong>sed</strong></span> <span class='ocrx_word' id='word_1_75' title='bbox 1769 1142 1837 1195; x_wconf 90' lang='lat' dir='ltr'><strong>ab</strong></span> <span class='ocrx_word' id='word_1_76' title='bbox 1866 1140 2024 1193; x_wconf 82' lang='lat' dir='ltr'><strong>initio</strong></span> 
     </span>
    </p>
   </div>
   <div class='ocr_carea' id='block_1_13' title="bbox 441 1233 2022 1309">
    <p class='ocr_par' dir='ltr' id='par_1_13' title="bbox 441 1233 2022 1309">
     <span class='ocr_line' id='line_1_13' title="bbox 441 1233 2022 1309; baseline -0.005 -18"><span class='ocrx_word' id='word_1_77' title='bbox 441 1238 739 1293; x_wconf 85' lang='lat' dir='ltr'><strong>nativitatis</strong></span> <span class='ocrx_word' id='word_1_78' title='bbox 778 1238 1114 1309; x_wconf 81' lang='lat' dir='ltr'><strong>investigabo</strong></span> <span class='ocrx_word' id='word_1_79' title='bbox 1130 1239 1200 1291; x_wconf 78' lang='lat'><strong>&quot;’.</strong></span> <span class='ocrx_word' id='word_1_80' title='bbox 1228 1257 1247 1288; x_wconf 77' lang='grc' dir='ltr'><strong>ι</strong></span> <span class='ocrx_word' id='word_1_81' title='bbox 1304 1236 1515 1303; x_wconf 79' lang='lat' dir='ltr'><strong>Quibus</strong></span> <span class='ocrx_word' id='word_1_82' title='bbox 1556 1235 1750 1289; x_wconf 86' lang='lat' dir='ltr'><strong>deinde</strong></span> <span class='ocrx_word' id='word_1_83' title='bbox 1789 1233 2022 1302; x_wconf 57' lang='lat' dir='ltr'><strong>subjunn</strong></span> 
     </span>
    </p>
   </div>
   <div class='ocr_carea' id='block_1_14' title="bbox 442 1329 2016 1400">
    <p class='ocr_par' dir='ltr' id='par_1_14' title="bbox 442 1329 2016 1400">
     <span class='ocr_line' id='line_1_14' title="bbox 442 1329 2016 1400; baseline -0.002 -17"><span class='ocrx_word' id='word_1_84' title='bbox 442 1330 550 1400; x_wconf 89' lang='lat' dir='ltr'><strong>git:</strong></span> <span class='ocrx_word' id='word_1_85' title='bbox 587 1348 607 1382; x_wconf 70' lang='grc' dir='ltr'><strong>ι</strong></span> <span class='ocrx_word' id='word_1_86' title='bbox 635 1329 732 1385; x_wconf 87' lang='lat' dir='ltr'><strong>Est</strong></span> <span class='ocrx_word' id='word_1_87' title='bbox 758 1331 902 1385; x_wconf 91' lang='lat' dir='ltr'><strong>enim</strong></span> <span class='ocrx_word' id='word_1_88' title='bbox 951 1331 1068 1385; x_wconf 64' lang='lat' dir='ltr'><strong>haec</strong></span> <span class='ocrx_word' id='word_1_89' title='bbox 1096 1331 1323 1399; x_wconf 86' lang='lat' dir='ltr'><strong>spiritus</strong></span> <span class='ocrx_word' id='word_1_90' title='bbox 1378 1329 1708 1398; x_wconf 79' lang='lat' dir='ltr'><strong>intelligens,</strong></span> <span class='ocrx_word' id='word_1_91' title='bbox 1770 1337 2016 1390; x_wconf 89' lang='lat' dir='ltr'><strong>sanctus,</strong></span> 
     </span>
    </p>
   </div>
   <div class='ocr_carea' id='block_1_15' title="bbox 440 1420 2023 1492">
    <p class='ocr_par' dir='ltr' id='par_1_15' title="bbox 440 1420 2023 1492">
     <span class='ocr_line' id='line_1_15' title="bbox 440 1420 2023 1492; baseline -0.001 -17"><span class='ocrx_word' id='word_1_92' title='bbox 440 1421 776 1491; x_wconf 86' lang='lat' dir='ltr'><strong>unigenilus,</strong></span> <span class='ocrx_word' id='word_1_93' title='bbox 815 1423 1131 1492; x_wconf 83' lang='lat' dir='ltr'><strong>multiplex,</strong></span> <span class='ocrx_word' id='word_1_94' title='bbox 1183 1421 1421 1481; x_wconf 87' lang='lat' dir='ltr'><strong>subtilis.</strong></span> <span class='ocrx_word' id='word_1_95' title='bbox 1471 1421 1711 1486; x_wconf 84' lang='lat' dir='ltr'><strong>mobilis,</strong></span> <span class='ocrx_word' id='word_1_96' title='bbox 1755 1420 2023 1483; x_wconf 77' lang='lat' dir='ltr'><strong>disertus,</strong></span> 
     </span>
    </p>
   </div>
   <div class='ocr_carea' id='block_1_16' title="bbox 440 1511 2022 1585">
    <p class='ocr_par' dir='ltr' id='par_1_16' title="bbox 440 1511 2022 1585">
     <span class='ocr_line' id='line_1_16' title="bbox 440 1511 2022 1585; baseline 0.001 -18"><span class='ocrx_word' id='word_1_97' title='bbox 440 1511 915 1583; x_wconf 89' lang='lat' dir='ltr'><strong>incoinquinatus,</strong></span> <span class='ocrx_word' id='word_1_98' title='bbox 967 1514 1337 1585; x_wconf 90' lang='lat' dir='ltr'><strong>omnipotens,</strong></span> <span class='ocrx_word' id='word_1_99' title='bbox 1393 1514 1578 1568; x_wconf 88' lang='lat' dir='ltr'><strong>omnia</strong></span> <span class='ocrx_word' id='word_1_100' title='bbox 1627 1522 1899 1583; x_wconf 87' lang='lat' dir='ltr'><strong>spectans,</strong></span> <span class='ocrx_word' id='word_1_101' title='bbox 1955 1528 2022 1569; x_wconf 87' lang='lat' dir='ltr'><strong>ac</strong></span> 
     </span>
    </p>
   </div>
   <div class='ocr_carea' id='block_1_17' title="bbox 437 1606 2019 1677">
    <p class='ocr_par' dir='ltr' id='par_1_17' title="bbox 437 1606 2019 1677">
     <span class='ocr_line' id='line_1_17' title="bbox 437 1606 2019 1677; baseline 0.001 -18"><span class='ocrx_word' id='word_1_102' title='bbox 437 1619 537 1674; x_wconf 85' lang='lat' dir='ltr'><strong>per</strong></span> <span class='ocrx_word' id='word_1_103' title='bbox 589 1621 784 1661; x_wconf 91' lang='lat' dir='ltr'><strong>omnes</strong></span> <span class='ocrx_word' id='word_1_104' title='bbox 813 1607 1119 1677; x_wconf 78' lang='lat' dir='ltr'><strong>pervadens</strong></span> <span class='ocrx_word' id='word_1_105' title='bbox 1150 1607 1376 1676; x_wconf 88' lang='lat' dir='ltr'><strong>spiritus</strong></span> <span class='ocrx_word' id='word_1_106' title='bbox 1404 1606 1790 1674; x_wconf 84' lang='lat' dir='ltr'><strong>intelligentes,</strong></span> <span class='ocrx_word' id='word_1_107' title='bbox 1827 1620 2019 1675; x_wconf 83' lang='lat' dir='ltr'><strong>puros,</strong></span> 
     </span>
    </p>
   </div>
   <div class='ocr_carea' id='block_1_18' title="bbox 438 1695 2023 1752">
    <p class='ocr_par' dir='ltr' id='par_1_18' title="bbox 438 1695 2023 1752">
     <span class='ocr_line' id='line_1_18' title="bbox 438 1695 2023 1752; baseline 0 -3"><span class='ocrx_word' id='word_1_108' title='bbox 438 1695 853 1752; x_wconf 83' lang='lat' dir='ltr'><strong>subtilissimos.</strong></span> <span class='ocrx_word' id='word_1_109' title='bbox 919 1695 1190 1751; x_wconf 88' lang='lat' dir='ltr'><strong>Omnibus</strong></span> <span class='ocrx_word' id='word_1_110' title='bbox 1232 1697 1381 1751; x_wconf 89' lang='lat' dir='ltr'><strong>enim</strong></span> <span class='ocrx_word' id='word_1_111' title='bbox 1431 1695 1727 1750; x_wconf 84' lang='lat' dir='ltr'><strong>mobilibus</strong></span> <span class='ocrx_word' id='word_1_112' title='bbox 1762 1695 2023 1749; x_wconf 76' lang='lat' dir='ltr'><strong>mobilior</strong></span> 
     </span>
    </p>
   </div>
   <div class='ocr_carea' id='block_1_19' title="bbox 436 1786 2015 1857">
    <p class='ocr_par' dir='ltr' id='par_1_19' title="bbox 436 1786 2015 1857">
     <span class='ocr_line' id='line_1_19' title="bbox 436 1786 2015 1857; baseline 0 -18"><span class='ocrx_word' id='word_1_113' title='bbox 436 1796 522 1840; x_wconf 86' lang='lat' dir='ltr'><strong>est</strong></span> <span class='ocrx_word' id='word_1_114' title='bbox 557 1787 868 1855; x_wconf 84' lang='lat' dir='ltr'><strong>Sapientia:</strong></span> <span class='ocrx_word' id='word_1_115' title='bbox 917 1796 1163 1857; x_wconf 87' lang='lat' dir='ltr'><strong>permeat</strong></span> <span class='ocrx_word' id='word_1_116' title='bbox 1204 1798 1386 1842; x_wconf 87' lang='lat' dir='ltr'><strong>autem</strong></span> <span class='ocrx_word' id='word_1_117' title='bbox 1423 1802 1489 1842; x_wconf 84' lang='lat' dir='ltr'><strong>ac</strong></span> <span class='ocrx_word' id='word_1_118' title='bbox 1526 1786 1773 1856; x_wconf 82' lang='lat' dir='ltr'><strong>pervadit</strong></span> <span class='ocrx_word' id='word_1_119' title='bbox 1807 1786 2015 1853; x_wconf 91' lang='lat' dir='ltr'><strong>omnia,</strong></span> 
     </span>
    </p>
   </div>
   <div class='ocr_carea' id='block_1_20' title="bbox 2132 588 3709 665">
    <p class='ocr_par' dir='ltr' id='par_1_20' title="bbox 2132 588 3709 665">
     <span class='ocr_line' id='line_1_20' title="bbox 2132 588 3709 665; baseline 0.004 -25"><span class='ocrx_word' id='word_1_120' title='bbox 2132 589 2302 659; x_wconf 82' lang='grc' dir='ltr'>μίαις.</span> <span class='ocrx_word' id='word_1_121' title='bbox 2334 590 2444 644; x_wconf 89' lang='lat' dir='ltr'><strong>Kal</strong></span> <span class='ocrx_word' id='word_1_122' title='bbox 2466 590 2638 643; x_wconf 81' lang='grc' dir='ltr'>ταῦτα</span> <span class='ocrx_word' id='word_1_123' title='bbox 2670 590 2727 643; x_wconf 88' lang='grc' dir='ltr'><strong>δέ</strong></span> <span class='ocrx_word' id='word_1_124' title='bbox 2761 608 2835 663; x_wconf 86' lang='grc' dir='ltr'><strong>πη</strong></span> <span class='ocrx_word' id='word_1_125' title='bbox 2868 591 2925 657; x_wconf 79' lang='grc' dir='ltr'><strong>ἐξ</strong></span> <span class='ocrx_word' id='word_1_126' title='bbox 2963 588 3126 644; x_wconf 81' lang='grc' dir='ltr'>αὐτοῦ</span> <span class='ocrx_word' id='word_1_127' title='bbox 3155 590 3369 659; x_wconf 89' lang='grc' dir='ltr'>λέγεται</span> <span class='ocrx_word' id='word_1_128' title='bbox 3410 592 3503 645; x_wconf 80' lang='grc' dir='ltr'>τοῦ</span> <span class='ocrx_word' id='word_1_129' title='bbox 3538 610 3709 665; x_wconf 87' lang='grc' dir='ltr'>προσ-</span> 
     </span>
    </p>
   </div>
   <div class='ocr_carea' id='block_1_21' title="bbox 2126 678 3707 755">
    <p class='ocr_par' dir='ltr' id='par_1_21' title="bbox 2126 678 3707 755">
     <span class='ocr_line' id='line_1_21' title="bbox 2126 678 3707 755; baseline 0.004 -23"><span class='ocrx_word' id='word_1_130' title='bbox 2126 678 2277 733; x_wconf 88' lang='grc' dir='ltr'>ώπου</span> <span class='ocrx_word' id='word_1_131' title='bbox 2304 698 2317 711; x_wconf 87' lang='grc'><strong>·</strong></span> <span class='ocrx_word' id='word_1_132' title='bbox 2352 700 2371 732; x_wconf 79' lang='grc' dir='ltr'><strong>ι</strong></span> <span class='ocrx_word' id='word_1_133' title='bbox 2414 681 2478 734; x_wconf 92' lang='grc' dir='ltr'><strong>Τί</strong></span> <span class='ocrx_word' id='word_1_134' title='bbox 2511 681 2567 735; x_wconf 87' lang='grc' dir='ltr'><strong>δέ</strong></span> <span class='ocrx_word' id='word_1_135' title='bbox 2598 685 2745 735; x_wconf 81' lang='grc' dir='ltr'>ἐστιν</span> <span class='ocrx_word' id='word_1_136' title='bbox 2776 683 2956 752; x_wconf 90' lang='grc' dir='ltr'>σοφία,</span> <span class='ocrx_word' id='word_1_137' title='bbox 2993 684 3087 736; x_wconf 82' lang='lat' dir='ltr'><strong>xal</strong></span> <span class='ocrx_word' id='word_1_138' title='bbox 3115 683 3234 747; x_wconf 86' lang='grc' dir='ltr'><strong>πῶς</strong></span> <span class='ocrx_word' id='word_1_139' title='bbox 3261 684 3493 752; x_wconf 85' lang='grc' dir='ltr'>ἐγένετο,</span> <span class='ocrx_word' id='word_1_140' title='bbox 3529 686 3707 755; x_wconf 89' lang='grc' dir='ltr'>ἀπαγ-</span> 
     </span>
    </p>
   </div>
   <div class='ocr_carea' id='block_1_22' title="bbox 2126 771 3707 847">
    <p class='ocr_par' dir='ltr' id='par_1_22' title="bbox 2126 771 3707 847">
     <span class='ocr_line' id='line_1_22' title="bbox 2126 771 3707 847; baseline 0.004 -24"><span class='ocrx_word' id='word_1_141' title='bbox 2126 771 2290 840; x_wconf 86' lang='grc' dir='ltr'>γελῶ,</span> <span class='ocrx_word' id='word_1_142' title='bbox 2339 773 2431 825; x_wconf 80' lang='grc' dir='ltr'><strong>καὶ</strong></span> <span class='ocrx_word' id='word_1_143' title='bbox 2485 773 2585 826; x_wconf 81' lang='grc' dir='ltr'><strong>οὐκ</strong></span> <span class='ocrx_word' id='word_1_144' title='bbox 2636 773 2939 845; x_wconf 66' lang='grc' dir='ltr'>ἀποκρύψω</span> <span class='ocrx_word' id='word_1_145' title='bbox 2972 774 3098 846; x_wconf 86' lang='grc' dir='ltr'>ὑμῖν</span> <span class='ocrx_word' id='word_1_146' title='bbox 3151 778 3443 847; x_wconf 84' lang='grc' dir='ltr'>μυστήρια,</span> <span class='ocrx_word' id='word_1_147' title='bbox 3499 778 3615 831; x_wconf 75' lang='grc' dir='ltr'>ἀλλ’</span> <span class='ocrx_word' id='word_1_148' title='bbox 3648 777 3707 844; x_wconf 80' lang='grc' dir='ltr'>ἐξ</span> 
     </span>
    </p>
   </div>
   <div class='ocr_carea' id='block_1_23' title="bbox 2125 861 3702 937">
    <p class='ocr_par' dir='ltr' id='par_1_23' title="bbox 2125 861 3702 937">
     <span class='ocr_line' id='line_1_23' title="bbox 2125 861 3702 937; baseline 0.003 -20"><span class='ocrx_word' id='word_1_149' title='bbox 2125 864 2305 935; x_wconf 79' lang='grc' dir='ltr'>ἀρχῆς</span> <span class='ocrx_word' id='word_1_150' title='bbox 2359 865 2626 934; x_wconf 86' lang='grc' dir='ltr'>γενέσεως</span> <span class='ocrx_word' id='word_1_151' title='bbox 2677 864 2994 936; x_wconf 81' lang='grc' dir='ltr'>ὲξιχνιάσω’</span> <span class='ocrx_word' id='word_1_152' title='bbox 3053 885 3071 917; x_wconf 74' lang='grc' dir='ltr'><strong>ι</strong></span> <span class='ocrx_word' id='word_1_153' title='bbox 3121 861 3203 925; x_wconf 77' lang='grc' dir='ltr'>οἷς</span> <span class='ocrx_word' id='word_1_154' title='bbox 3257 867 3381 937; x_wconf 48' lang='grc' dir='ltr'><strong>ἑῇς</strong></span> <span class='ocrx_word' id='word_1_155' title='bbox 3423 867 3702 936; x_wconf 88' lang='grc' dir='ltr'>ἐπιλέγει·</span> 
     </span>
    </p>
   </div>
   <div class='ocr_carea' id='block_1_24' title="bbox 2131 944 3705 1031">
    <p class='ocr_par' dir='ltr' id='par_1_24' title="bbox 2131 944 3705 1031">
     <span class='ocr_line' id='line_1_24' title="bbox 2131 944 3705 1031; baseline 0.004 -23"><span class='ocrx_word' id='word_1_156' title='bbox 2131 976 2149 1008; x_wconf 80' lang='grc' dir='ltr'><strong>ι</strong></span> <span class='ocrx_word' id='word_1_157' title='bbox 2175 958 2329 1009; x_wconf 84' lang='grc' dir='ltr'>Ἐστι</span> <span class='ocrx_word' id='word_1_158' title='bbox 2367 956 2476 1029; x_wconf 78' lang='grc' dir='ltr'>γὰρ</span> <span class='ocrx_word' id='word_1_159' title='bbox 2512 956 2648 1029; x_wconf 79' lang='grc' dir='ltr'>αὕτη</span> <span class='ocrx_word' id='word_1_160' title='bbox 2691 957 2906 1029; x_wconf 83' lang='grc' dir='ltr'>πνεῦμα</span> <span class='ocrx_word' id='word_1_161' title='bbox 2938 958 3141 1030; x_wconf 88' lang='grc' dir='ltr'>νοερὸν,</span> <span class='ocrx_word' id='word_1_162' title='bbox 3174 944 3348 1028; x_wconf 73' lang='grc' dir='ltr'>ἅγιον,</span> <span class='ocrx_word' id='word_1_163' title='bbox 3396 961 3705 1031; x_wconf 83' lang='grc' dir='ltr'><strong>μονογενὲς,</strong></span> 
     </span>
    </p>
   </div>
   <div class='ocr_carea' id='block_1_25' title="bbox 2125 1048 3702 1123">
    <p class='ocr_par' dir='ltr' id='par_1_25' title="bbox 2125 1048 3702 1123">
     <span class='ocr_line' id='line_1_25' title="bbox 2125 1048 3702 1123; baseline 0.001 -20"><span class='ocrx_word' id='word_1_164' title='bbox 2125 1048 2451 1122; x_wconf 80' lang='grc' dir='ltr'>πολυμερὲς,</span> <span class='ocrx_word' id='word_1_165' title='bbox 2485 1049 2700 1115; x_wconf 86' lang='grc' dir='ltr'>λεπτὸν,</span> <span class='ocrx_word' id='word_1_166' title='bbox 2750 1052 3068 1122; x_wconf 78' lang='grc' dir='ltr'>εὐκίνητον,</span> <span class='ocrx_word' id='word_1_167' title='bbox 3108 1052 3301 1123; x_wconf 90' lang='grc' dir='ltr'>τρανὸν</span> <span class='ocrx_word' id='word_1_168' title='bbox 3323 1091 3338 1116; x_wconf 91' lang='grc'><strong>,</strong></span> <span class='ocrx_word' id='word_1_169' title='bbox 3383 1052 3702 1123; x_wconf 87' lang='grc' dir='ltr'>άμόλυντον,</span> 
     </span>
    </p>
   </div>
   <div class='ocr_carea' id='block_1_26' title="bbox 2127 1140 3705 1214">
    <p class='ocr_par' dir='ltr' id='par_1_26' title="bbox 2127 1140 3705 1214">
     <span class='ocr_line' id='line_1_26' title="bbox 2127 1140 3705 1214; baseline 0.004 -23"><span class='ocrx_word' id='word_1_170' title='bbox 2127 1140 2556 1211; x_wconf 87' lang='grc' dir='ltr'>παντοδύναμον,</span> <span class='ocrx_word' id='word_1_171' title='bbox 2593 1142 3055 1208; x_wconf 87' lang='grc' dir='ltr'>παντεπίσκοπον,</span> <span class='ocrx_word' id='word_1_172' title='bbox 3089 1142 3184 1195; x_wconf 77' lang='grc' dir='ltr'><strong>καὶ</strong></span> <span class='ocrx_word' id='word_1_173' title='bbox 3228 1142 3317 1196; x_wconf 80' lang='grc' dir='ltr'><strong>διὰ</strong></span> <span class='ocrx_word' id='word_1_174' title='bbox 3346 1144 3563 1196; x_wconf 89' lang='grc' dir='ltr'>πάντων</span> <span class='ocrx_word' id='word_1_175' title='bbox 3595 1162 3705 1214; x_wconf 82' lang='grc' dir='ltr'><strong>χω-</strong></span> 
     </span>
    </p>
   </div>
   <div class='ocr_carea' id='block_1_27' title="bbox 2126 1230 3707 1305">
    <p class='ocr_par' dir='ltr' id='par_1_27' title="bbox 2126 1230 3707 1305">
     <span class='ocr_line' id='line_1_27' title="bbox 2126 1230 3707 1305; baseline 0.004 -22"><span class='ocrx_word' id='word_1_176' title='bbox 2126 1230 2254 1303; x_wconf 81' lang='grc' dir='ltr'>ροῦν</span> <span class='ocrx_word' id='word_1_177' title='bbox 2280 1232 2625 1302; x_wconf 84' lang='grc' dir='ltr'>πνευμάτων,</span> <span class='ocrx_word' id='word_1_178' title='bbox 2650 1232 2871 1305; x_wconf 89' lang='grc' dir='ltr'>νοερῶν,</span> <span class='ocrx_word' id='word_1_179' title='bbox 2905 1233 3185 1305; x_wconf 81' lang='grc' dir='ltr'>καθαρῶν,</span> <span class='ocrx_word' id='word_1_180' title='bbox 3206 1234 3567 1288; x_wconf 81' lang='grc' dir='ltr'>λεπτοτάτων.</span> <span class='ocrx_word' id='word_1_181' title='bbox 3594 1236 3707 1289; x_wconf 83' lang='grc' dir='ltr'><strong>Πά-</strong></span> 
     </span>
    </p>
   </div>
   <div class='ocr_carea' id='block_1_28' title="bbox 2125 1324 3704 1398">
    <p class='ocr_par' dir='ltr' id='par_1_28' title="bbox 2125 1324 3704 1398">
     <span class='ocr_line' id='line_1_28' title="bbox 2125 1324 3704 1398; baseline 0.003 -22"><span class='ocrx_word' id='word_1_182' title='bbox 2125 1340 2225 1393; x_wconf 89' lang='grc' dir='ltr'><strong>σης</strong></span> <span class='ocrx_word' id='word_1_183' title='bbox 2249 1324 2356 1394; x_wconf 82' lang='grc' dir='ltr'>γὰρ</span> <span class='ocrx_word' id='word_1_184' title='bbox 2389 1325 2654 1395; x_wconf 83' lang='grc' dir='ltr'>κινήσεως</span> <span class='ocrx_word' id='word_1_185' title='bbox 2679 1327 3073 1398; x_wconf 88' lang='grc' dir='ltr'>κινητικωτέρα</span> <span class='ocrx_word' id='word_1_186' title='bbox 3104 1327 3263 1395; x_wconf 83' lang='grc' dir='ltr'>σοφία</span> <span class='ocrx_word' id='word_1_187' title='bbox 3281 1345 3294 1357; x_wconf 91' lang='grc'><strong>·</strong></span> <span class='ocrx_word' id='word_1_188' title='bbox 3328 1327 3502 1397; x_wconf 77' lang='grc' dir='ltr'>διήκει</span> <span class='ocrx_word' id='word_1_189' title='bbox 3531 1328 3587 1381; x_wconf 84' lang='grc' dir='ltr'>δὲ</span> <span class='ocrx_word' id='word_1_190' title='bbox 3611 1329 3704 1381; x_wconf 73' lang='grc' dir='ltr'>καὶ</span> 
     </span>
    </p>
   </div>
   <div class='ocr_carea' id='block_1_29' title="bbox 2123 1417 3704 1493">
    <p class='ocr_par' dir='ltr' id='par_1_29' title="bbox 2123 1417 3704 1493">
     <span class='ocr_line' id='line_1_29' title="bbox 2123 1417 3704 1493; baseline 0.004 -25"><span class='ocrx_word' id='word_1_191' title='bbox 2123 1419 2292 1488; x_wconf 89' lang='grc' dir='ltr'>χωρεῖ</span> <span class='ocrx_word' id='word_1_192' title='bbox 2313 1417 2400 1470; x_wconf 76' lang='grc' dir='ltr'>διὰ</span> <span class='ocrx_word' id='word_1_193' title='bbox 2429 1418 2644 1471; x_wconf 88' lang='grc' dir='ltr'>πάντων</span> <span class='ocrx_word' id='word_1_194' title='bbox 2670 1417 2757 1471; x_wconf 87' lang='grc' dir='ltr'><strong>διά</strong></span> <span class='ocrx_word' id='word_1_195' title='bbox 2798 1419 2896 1489; x_wconf 84' lang='grc' dir='ltr'>τὴν</span> <span class='ocrx_word' id='word_1_196' title='bbox 2928 1420 3300 1491; x_wconf 78' lang='grc' dir='ltr'>καθαρότητα..</span> <span class='ocrx_word' id='word_1_197' title='bbox 3358 1421 3548 1491; x_wconf 73' lang='grc' dir='ltr'>Ἀτμὶς</span> <span class='ocrx_word' id='word_1_198' title='bbox 3595 1422 3704 1493; x_wconf 84' lang='grc' dir='ltr'><strong>γάρ</strong></span> 
     </span>
    </p>
   </div>
   <div class='ocr_carea' id='block_1_30' title="bbox 2122 1508 3701 1582">
    <p class='ocr_par' dir='ltr' id='par_1_30' title="bbox 2122 1508 3701 1582">
     <span class='ocr_line' id='line_1_30' title="bbox 2122 1508 3701 1582; baseline 0.001 -19"><span class='ocrx_word' id='word_1_199' title='bbox 2122 1508 2239 1563; x_wconf 65' lang='grc' dir='ltr'>ἔστι</span> <span class='ocrx_word' id='word_1_200' title='bbox 2279 1508 2378 1580; x_wconf 86' lang='grc' dir='ltr'><strong>τῆς</strong></span> <span class='ocrx_word' id='word_1_201' title='bbox 2413 1509 2505 1562; x_wconf 76' lang='grc' dir='ltr'>τοῦ</span> <span class='ocrx_word' id='word_1_202' title='bbox 2556 1509 2688 1561; x_wconf 84' lang='grc' dir='ltr'>Θεοῦ</span> <span class='ocrx_word' id='word_1_203' title='bbox 2735 1509 3038 1579; x_wconf 90' lang='grc' dir='ltr'>δυνάμεως,</span> <span class='ocrx_word' id='word_1_204' title='bbox 3063 1512 3157 1565; x_wconf 84' lang='grc' dir='ltr'><strong>καὶ</strong></span> <span class='ocrx_word' id='word_1_205' title='bbox 3187 1511 3452 1582; x_wconf 79' lang='grc' dir='ltr'>ἀπόρῤοια</span> <span class='ocrx_word' id='word_1_206' title='bbox 3481 1512 3579 1581; x_wconf 84' lang='grc' dir='ltr'>τῆς</span> <span class='ocrx_word' id='word_1_207' title='bbox 3608 1511 3701 1565; x_wconf 78' lang='grc' dir='ltr'>τοῦ</span> 
     </span>
    </p>
   </div>
   <div class='ocr_carea' id='block_1_31' title="bbox 2121 1597 3705 1671">
    <p class='ocr_par' dir='ltr' id='par_1_31' title="bbox 2121 1597 3705 1671">
     <span class='ocr_line' id='line_1_31' title="bbox 2121 1597 3705 1671; baseline 0.001 -20"><span class='ocrx_word' id='word_1_208' title='bbox 2121 1598 2559 1669; x_wconf 85' lang='grc' dir='ltr'>παντοκράτορος</span> <span class='ocrx_word' id='word_1_209' title='bbox 2580 1597 2735 1669; x_wconf 76' lang='grc' dir='ltr'>δόξης</span> <span class='ocrx_word' id='word_1_210' title='bbox 2768 1598 3085 1671; x_wconf 82' lang='grc' dir='ltr'>εἰλικρινής.</span> <span class='ocrx_word' id='word_1_211' title='bbox 3139 1599 3229 1653; x_wconf 86' lang='grc' dir='ltr'>Διὸ</span> <span class='ocrx_word' id='word_1_212' title='bbox 3272 1600 3420 1652; x_wconf 74' lang='grc' dir='ltr'>οὐδὲν</span> <span class='ocrx_word' id='word_1_213' title='bbox 3468 1601 3705 1671; x_wconf 81' lang='grc' dir='ltr'>μεμολυ-</span> 
     </span>
    </p>
   </div>
   <div class='ocr_carea' id='block_1_32' title="bbox 2122 1688 3705 1763">
    <p class='ocr_par' dir='ltr' id='par_1_32' title="bbox 2122 1688 3705 1763">
     <span class='ocr_line' id='line_1_32' title="bbox 2122 1688 3705 1763; baseline 0.003 -22"><span class='ocrx_word' id='word_1_214' title='bbox 2122 1688 2317 1759; x_wconf 82' lang='grc' dir='ltr'>σμένον</span> <span class='ocrx_word' id='word_1_215' title='bbox 2361 1690 2442 1750; x_wconf 89' lang='grc' dir='ltr'><strong>είς</strong></span> <span class='ocrx_word' id='word_1_216' title='bbox 2498 1689 2668 1759; x_wconf 79' lang='grc' dir='ltr'>αὐτὴν</span> <span class='ocrx_word' id='word_1_217' title='bbox 2719 1689 3114 1760; x_wconf 83' lang='grc' dir='ltr'>παρεμπίπτει.</span> <span class='ocrx_word' id='word_1_218' title='bbox 3180 1690 3544 1761; x_wconf 85' lang='grc' dir='ltr'>Ἀπαύγασμα</span> <span class='ocrx_word' id='word_1_219' title='bbox 3594 1692 3705 1763; x_wconf 80' lang='grc' dir='ltr'><strong>γάρ</strong></span> 
     </span>
    </p>
   </div>
   <div class='ocr_carea' id='block_1_33' title="bbox 2122 1780 3703 1854">
    <p class='ocr_par' dir='ltr' id='par_1_33' title="bbox 2122 1780 3703 1854">
     <span class='ocr_line' id='line_1_33' title="bbox 2122 1780 3703 1854; baseline 0.003 -22"><span class='ocrx_word' id='word_1_220' title='bbox 2122 1781 2237 1833; x_wconf 80' lang='grc' dir='ltr'>ἐστι</span> <span class='ocrx_word' id='word_1_221' title='bbox 2265 1780 2440 1848; x_wconf 81' lang='grc' dir='ltr'>φωτὸς</span> <span class='ocrx_word' id='word_1_222' title='bbox 2471 1780 2641 1834; x_wconf 78' lang='grc' dir='ltr'>ἀϊδίου</span> <span class='ocrx_word' id='word_1_223' title='bbox 2675 1783 2770 1835; x_wconf 76' lang='grc' dir='ltr'>καὶ</span> <span class='ocrx_word' id='word_1_224' title='bbox 2802 1781 3062 1854; x_wconf 80' lang='grc' dir='ltr'>ἔσοπτρον</span> <span class='ocrx_word' id='word_1_225' title='bbox 3101 1781 3428 1853; x_wconf 83' lang='grc' dir='ltr'>ἀκηλίδωτον</span> <span class='ocrx_word' id='word_1_226' title='bbox 3468 1782 3569 1852; x_wconf 78' lang='grc' dir='ltr'>τῆς</span> <span class='ocrx_word' id='word_1_227' title='bbox 3606 1782 3703 1838; x_wconf 74' lang='grc' dir='ltr'>τοῦ</span> 
     </span>
    </p>
   </div>
   <div class='ocr_carea' id='block_1_34' title="bbox 435 1852 2006 1945">
    <p class='ocr_par' dir='ltr' id='par_1_34' title="bbox 435 1852 2006 1945">
     <span class='ocr_line' id='line_1_34' title="bbox 435 1852 2006 1945; baseline 0.001 -18"><span class='ocrx_word' id='word_1_228' title='bbox 435 1852 659 1945; x_wconf 77' lang='lat' dir='ltr'><strong>propter</strong></span> <span class='ocrx_word' id='word_1_229' title='bbox 687 1892 845 1931; x_wconf 91' lang='lat' dir='ltr'><strong>suam</strong></span> <span class='ocrx_word' id='word_1_230' title='bbox 884 1852 1238 1931; x_wconf 80' lang='lat' dir='ltr'><strong>munditiam.</strong></span> <span class='ocrx_word' id='word_1_231' title='bbox 1277 1875 1458 1945; x_wconf 84' lang='lat' dir='ltr'><strong>Vapor</strong></span> <span class='ocrx_word' id='word_1_232' title='bbox 1485 1852 1631 1935; x_wconf 80' lang='lat' dir='ltr'><strong>enim</strong></span> <span class='ocrx_word' id='word_1_233' title='bbox 1666 1882 1749 1929; x_wconf 91' lang='lat' dir='ltr'><strong>est</strong></span> <span class='ocrx_word' id='word_1_234' title='bbox 1783 1874 1877 1928; x_wconf 86' lang='lat' dir='ltr'><strong>Dei</strong></span> <span class='ocrx_word' id='word_1_235' title='bbox 1905 1852 2006 1929; x_wconf 55' lang='lat' dir='ltr'><strong>vir?</strong></span> 
     </span>
    </p>
   </div>
   <div class='ocr_carea' id='block_1_35' title="bbox 2110 1852 3711 1945">
    <p class='ocr_par' dir='ltr' id='par_1_35' title="bbox 2117 1852 3711 1945">
     <span class='ocr_line' id='line_1_35' title="bbox 2117 1852 3711 1945; baseline 0.003 -22"><span class='ocrx_word' id='word_1_236' title='bbox 2117 1870 2249 1924; x_wconf 75' lang='grc' dir='ltr'>Θεοῦ</span> <span class='ocrx_word' id='word_1_237' title='bbox 2275 1872 2573 1943; x_wconf 88' lang='grc' dir='ltr'>ἐνεργείας,</span> <span class='ocrx_word' id='word_1_238' title='bbox 2599 1874 2691 1926; x_wconf 85' lang='grc' dir='ltr'>καὶ</span> <span class='ocrx_word' id='word_1_239' title='bbox 2713 1872 2876 1927; x_wconf 80' lang='grc' dir='ltr'>εἰκὼν</span> <span class='ocrx_word' id='word_1_240' title='bbox 3016 1852 3347 1944; x_wconf 86' lang='grc' dir='ltr'>ἀγαθότητος</span> <span class='ocrx_word' id='word_1_241' title='bbox 3366 1873 3551 1927; x_wconf 78' lang='grc' dir='ltr'>αὑτοῦ.</span> <span class='ocrx_word' id='word_1_242' title='bbox 3575 1876 3711 1927; x_wconf 79' lang='grc' dir='ltr'>Δια-</span> 
     </span>
    </p>
   </div>
   <div class='ocr_carea' id='block_1_36' title="bbox 438 1964 2016 2037">
    <p class='ocr_par' dir='ltr' id='par_1_36' title="bbox 438 1964 2016 2037">
     <span class='ocr_line' id='line_1_36' title="bbox 438 1964 2016 2037; baseline 0.001 -19"><span class='ocrx_word' id='word_1_243' title='bbox 438 1968 588 2031; x_wconf 91' lang='lat' dir='ltr'><strong>tutis,</strong></span> <span class='ocrx_word' id='word_1_244' title='bbox 618 1976 671 2021; x_wconf 91' lang='lat' dir='ltr'><strong>et</strong></span> <span class='ocrx_word' id='word_1_245' title='bbox 701 1970 977 2021; x_wconf 88' lang='lat' dir='ltr'><strong>emanatio</strong></span> <span class='ocrx_word' id='word_1_246' title='bbox 1007 1967 1196 2036; x_wconf 68' lang='lat' dir='ltr'><strong>gloriae</strong></span> <span class='ocrx_word' id='word_1_247' title='bbox 1238 1966 1634 2037; x_wconf 85' lang='lat' dir='ltr'><strong>omnipotentis</strong></span> <span class='ocrx_word' id='word_1_248' title='bbox 1675 1965 1907 2021; x_wconf 80' lang='lat' dir='ltr'><strong>sincera.</strong></span> <span class='ocrx_word' id='word_1_249' title='bbox 1948 1964 2016 2020; x_wconf 81' lang='lat' dir='ltr'><strong>Et</strong></span> 
     </span>
    </p>
   </div>
   <div class='ocr_carea' id='block_1_37' title="bbox 435 2056 2014 2129">
    <p class='ocr_par' dir='ltr' id='par_1_37' title="bbox 435 2056 2014 2129">
     <span class='ocr_line' id='line_1_37' title="bbox 435 2056 2014 2129; baseline -0.002 -15"><span class='ocrx_word' id='word_1_250' title='bbox 435 2060 557 2114; x_wconf 89' lang='lat' dir='ltr'><strong>ideo</strong></span> <span class='ocrx_word' id='word_1_251' title='bbox 606 2059 744 2113; x_wconf 87' lang='lat' dir='ltr'><strong>nihil</strong></span> <span class='ocrx_word' id='word_1_252' title='bbox 812 2058 1158 2129; x_wconf 86' lang='lat' dir='ltr'><strong>inquinatum</strong></span> <span class='ocrx_word' id='word_1_253' title='bbox 1218 2058 1275 2113; x_wconf 89' lang='lat' dir='ltr'><strong>in</strong></span> <span class='ocrx_word' id='word_1_254' title='bbox 1327 2073 1449 2113; x_wconf 90' lang='lat' dir='ltr'><strong>eam</strong></span> <span class='ocrx_word' id='word_1_255' title='bbox 1495 2059 1744 2113; x_wconf 87' lang='lat' dir='ltr'><strong>incurrit.</strong></span> <span class='ocrx_word' id='word_1_256' title='bbox 1795 2056 2014 2112; x_wconf 90' lang='lat' dir='ltr'><strong>Candor</strong></span> 
     </span>
    </p>
   </div>
   <div class='ocr_carea' id='block_1_38' title="bbox 431 2146 2013 2216">
    <p class='ocr_par' dir='ltr' id='par_1_38' title="bbox 431 2146 2013 2216">
     <span class='ocr_line' id='line_1_38' title="bbox 431 2146 2013 2216; baseline -0.001 -13"><span class='ocrx_word' id='word_1_257' title='bbox 431 2149 579 2203; x_wconf 90' lang='lat' dir='ltr'><strong>enim</strong></span> <span class='ocrx_word' id='word_1_258' title='bbox 610 2159 692 2203; x_wconf 90' lang='lat' dir='ltr'><strong>est</strong></span> <span class='ocrx_word' id='word_1_259' title='bbox 745 2149 885 2203; x_wconf 90' lang='lat' dir='ltr'><strong>lucis</strong></span> <span class='ocrx_word' id='word_1_260' title='bbox 919 2157 1159 2214; x_wconf 60' lang='lat' dir='ltr'><strong>aeternae,</strong></span> <span class='ocrx_word' id='word_1_261' title='bbox 1212 2156 1268 2202; x_wconf 89' lang='lat' dir='ltr'><strong>et</strong></span> <span class='ocrx_word' id='word_1_262' title='bbox 1315 2146 1595 2216; x_wconf 88' lang='lat' dir='ltr'><strong>speculum</strong></span> <span class='ocrx_word' id='word_1_263' title='bbox 1637 2147 1754 2202; x_wconf 91' lang='lat' dir='ltr'><strong>sine</strong></span> <span class='ocrx_word' id='word_1_264' title='bbox 1796 2146 2013 2201; x_wconf 86' lang='lat' dir='ltr'><strong>macula</strong></span> 
     </span>
    </p>
   </div>
   <div class='ocr_carea' id='block_1_39' title="bbox 431 2237 2010 2309">
    <p class='ocr_par' dir='ltr' id='par_1_39' title="bbox 431 2237 2010 2309">
     <span class='ocr_line' id='line_1_39' title="bbox 431 2237 2010 2309; baseline -0.002 -15"><span class='ocrx_word' id='word_1_265' title='bbox 431 2238 528 2295; x_wconf 89' lang='lat' dir='ltr'><strong>Dei</strong></span> <span class='ocrx_word' id='word_1_266' title='bbox 560 2240 915 2308; x_wconf 64' lang='lat' dir='ltr'><strong>eﬂicacitatis;</strong></span> <span class='ocrx_word' id='word_1_267' title='bbox 951 2248 1005 2293; x_wconf 89' lang='lat' dir='ltr'><strong>et</strong></span> <span class='ocrx_word' id='word_1_268' title='bbox 1035 2239 1213 2309; x_wconf 80' lang='lat' dir='ltr'><strong>imago</strong></span> <span class='ocrx_word' id='word_1_269' title='bbox 1263 2238 1525 2293; x_wconf 82' lang='lat' dir='ltr'><strong>bonitatis</strong></span> <span class='ocrx_word' id='word_1_270' title='bbox 1578 2238 1777 2309; x_wconf 79' lang='lat' dir='ltr'><strong>ejus“.</strong></span> <span class='ocrx_word' id='word_1_271' title='bbox 1830 2237 2010 2292; x_wconf 82' lang='lat' dir='ltr'><strong>Attin-</strong></span> 
     </span>
    </p>
   </div>
   <div class='ocr_carea' id='block_1_40' title="bbox 429 2328 2009 2403">
    <p class='ocr_par' dir='ltr' id='par_1_40' title="bbox 429 2328 2009 2403">
     <span class='ocr_line' id='line_1_40' title="bbox 429 2328 2009 2403; baseline -0.001 -18"><span class='ocrx_word' id='word_1_272' title='bbox 429 2332 510 2403; x_wconf 91' lang='lat' dir='ltr'><strong>git</strong></span> <span class='ocrx_word' id='word_1_273' title='bbox 539 2341 719 2386; x_wconf 86' lang='lat' dir='ltr'><strong>autem</strong></span> <span class='ocrx_word' id='word_1_274' title='bbox 756 2347 785 2385; x_wconf 91' lang='lat' dir='ltr'><strong>a</strong></span> <span class='ocrx_word' id='word_1_275' title='bbox 812 2333 919 2385; x_wconf 86' lang='lat' dir='ltr'><strong>line</strong></span> <span class='ocrx_word' id='word_1_276' title='bbox 940 2344 1116 2399; x_wconf 88' lang='lat' dir='ltr'><strong>usque</strong></span> <span class='ocrx_word' id='word_1_277' title='bbox 1156 2329 1222 2383; x_wconf 89' lang='lat' dir='ltr'><strong>ad</strong></span> <span class='ocrx_word' id='word_1_278' title='bbox 1264 2329 1426 2383; x_wconf 84' lang='lat' dir='ltr'><strong>finem</strong></span> <span class='ocrx_word' id='word_1_279' title='bbox 1460 2329 1694 2396; x_wconf 80' lang='lat' dir='ltr'><strong>fortiter,</strong></span> <span class='ocrx_word' id='word_1_280' title='bbox 1736 2338 1791 2383; x_wconf 87' lang='lat' dir='ltr'><strong>et</strong></span> <span class='ocrx_word' id='word_1_281' title='bbox 1820 2328 2009 2399; x_wconf 88' lang='lat' dir='ltr'><strong>dispo-</strong></span> 
     </span>
    </p>
   </div>
   <div class='ocr_carea' id='block_1_41' title="bbox 429 2419 2008 2485">
    <p class='ocr_par' dir='ltr' id='par_1_41' title="bbox 429 2419 2008 2485">
     <span class='ocr_line' id='line_1_41' title="bbox 429 2419 2008 2485; baseline -0.003 -7"><span class='ocrx_word' id='word_1_282' title='bbox 429 2425 512 2479; x_wconf 88' lang='lat' dir='ltr'><strong>nit</strong></span> <span class='ocrx_word' id='word_1_283' title='bbox 537 2423 720 2478; x_wconf 89' lang='lat' dir='ltr'><strong>omnia</strong></span> <span class='ocrx_word' id='word_1_284' title='bbox 751 2423 990 2478; x_wconf 90' lang='lat' dir='ltr'><strong>suaviter</strong></span> <span class='ocrx_word' id='word_1_285' title='bbox 1015 2422 1117 2474; x_wconf 78' lang='grc'><strong><em>⁶⁹.›</em></strong></span> <span class='ocrx_word' id='word_1_286' title='bbox 1143 2421 1262 2476; x_wconf 82' lang='lat' dir='ltr'><strong>.lam</strong></span> <span class='ocrx_word' id='word_1_287' title='bbox 1282 2422 1526 2476; x_wconf 91' lang='lat' dir='ltr'><strong>divinum</strong></span> <span class='ocrx_word' id='word_1_288' title='bbox 1554 2421 1722 2476; x_wconf 90' lang='lat' dir='ltr'><strong>hocce</strong></span> <span class='ocrx_word' id='word_1_289' title='bbox 1746 2419 2008 2485; x_wconf 82' lang='lat' dir='ltr'><strong>Verbum,</strong></span> 
     </span>
    </p>
   </div>
   <div class='ocr_carea' id='block_1_42' title="bbox 429 2514 2009 2579">
    <p class='ocr_par' dir='ltr' id='par_1_42' title="bbox 429 2514 2009 2579">
     <span class='ocr_line' id='line_1_42' title="bbox 429 2514 2009 2579; baseline -0.004 -8"><span class='ocrx_word' id='word_1_290' title='bbox 429 2532 460 2571; x_wconf 89' lang='lat' dir='ltr'><strong>a</strong></span> <span class='ocrx_word' id='word_1_291' title='bbox 485 2515 645 2571; x_wconf 86' lang='lat' dir='ltr'><strong>Patre</strong></span> <span class='ocrx_word' id='word_1_292' title='bbox 693 2516 978 2570; x_wconf 86' lang='lat' dir='ltr'><strong>hominum</strong></span> <span class='ocrx_word' id='word_1_293' title='bbox 1019 2514 1074 2570; x_wconf 87' lang='lat' dir='ltr'><strong>in</strong></span> <span class='ocrx_word' id='word_1_294' title='bbox 1116 2516 1350 2570; x_wconf 88' lang='lat' dir='ltr'><strong>salutem</strong></span> <span class='ocrx_word' id='word_1_295' title='bbox 1385 2514 1638 2579; x_wconf 88' lang='lat' dir='ltr'><strong>missum,</strong></span> <span class='ocrx_word' id='word_1_296' title='bbox 1681 2514 1851 2567; x_wconf 89' lang='lat' dir='ltr'><strong>variis</strong></span> <span class='ocrx_word' id='word_1_297' title='bbox 1884 2528 2009 2567; x_wconf 88' lang='lat' dir='ltr'><strong>om-</strong></span> 
     </span>
    </p>
   </div>
   <div class='ocr_carea' id='block_1_43' title="bbox 428 2601 2013 2676">
    <p class='ocr_par' dir='ltr' id='par_1_43' title="bbox 428 2601 2013 2676">
     <span class='ocr_line' id='line_1_43' title="bbox 428 2601 2013 2676; baseline -0.003 -16"><span class='ocrx_word' id='word_1_298' title='bbox 428 2608 561 2660; x_wconf 86' lang='lat' dir='ltr'><strong>nino</strong></span> <span class='ocrx_word' id='word_1_299' title='bbox 591 2607 769 2661; x_wconf 91' lang='lat' dir='ltr'><strong>modis</strong></span> <span class='ocrx_word' id='word_1_300' title='bbox 801 2606 1083 2676; x_wconf 86' lang='lat' dir='ltr'><strong>Scriptura</strong></span> <span class='ocrx_word' id='word_1_301' title='bbox 1114 2606 1299 2661; x_wconf 85' lang='lat' dir='ltr'><strong>divina</strong></span> <span class='ocrx_word' id='word_1_302' title='bbox 1327 2612 1701 2674; x_wconf 69' lang='lat' dir='ltr'><strong>repraesentat.</strong></span> <span class='ocrx_word' id='word_1_303' title='bbox 1747 2601 1815 2657; x_wconf 87' lang='lat' dir='ltr'><strong>Et</strong></span> <span class='ocrx_word' id='word_1_304' title='bbox 1841 2604 2013 2657; x_wconf 76' lang='lat' dir='ltr'><strong>Abra-</strong></span> 
     </span>
    </p>
   </div>
   <div class='ocr_carea' id='block_1_44' title="bbox 427 2695 2009 2770">
    <p class='ocr_par' dir='ltr' id='par_1_44' title="bbox 427 2695 2009 2770">
     <span class='ocr_line' id='line_1_44' title="bbox 427 2695 2009 2770; baseline -0.001 -19"><span class='ocrx_word' id='word_1_305' title='bbox 427 2697 592 2753; x_wconf 90' lang='lat' dir='ltr'><strong>hamo</strong></span> <span class='ocrx_word' id='word_1_306' title='bbox 633 2699 849 2768; x_wconf 88' lang='lat' dir='ltr'><strong>quidem</strong></span> <span class='ocrx_word' id='word_1_307' title='bbox 895 2706 1059 2769; x_wconf 90' lang='lat' dir='ltr'><strong>atque</strong></span> <span class='ocrx_word' id='word_1_308' title='bbox 1103 2697 1296 2770; x_wconf 86' lang='lat' dir='ltr'><strong>Moysi,</strong></span> <span class='ocrx_word' id='word_1_309' title='bbox 1350 2696 1674 2764; x_wconf 60' lang='lat' dir='ltr'><strong>ceterisque</strong></span> <span class='ocrx_word' id='word_1_310' title='bbox 1730 2695 2009 2764; x_wconf 81' lang='lat' dir='ltr'><strong>prophetis</strong></span> 
     </span>
    </p>
   </div>
   <div class='ocr_carea' id='block_1_45' title="bbox 427 2785 2007 2853">
    <p class='ocr_par' dir='ltr' id='par_1_45' title="bbox 427 2785 2007 2853">
     <span class='ocr_line' id='line_1_45' title="bbox 427 2785 2007 2853; baseline -0.002 -13"><span class='ocrx_word' id='word_1_311' title='bbox 427 2786 540 2842; x_wconf 89' lang='lat' dir='ltr'><strong>Deo</strong></span> <span class='ocrx_word' id='word_1_312' title='bbox 590 2788 951 2853; x_wconf 87' lang='lat' dir='ltr'><strong>charissimis,</strong></span> <span class='ocrx_word' id='word_1_313' title='bbox 1007 2804 1118 2843; x_wconf 89' lang='lat' dir='ltr'><strong>non</strong></span> <span class='ocrx_word' id='word_1_314' title='bbox 1176 2803 1297 2843; x_wconf 91' lang='lat' dir='ltr'><strong>sese</strong></span> <span class='ocrx_word' id='word_1_315' title='bbox 1334 2786 1498 2841; x_wconf 91' lang='lat' dir='ltr'><strong>modo</strong></span> <span class='ocrx_word' id='word_1_316' title='bbox 1526 2785 1817 2839; x_wconf 86' lang='lat' dir='ltr'><strong>videndum</strong></span> <span class='ocrx_word' id='word_1_317' title='bbox 1849 2785 2007 2839; x_wconf 81' lang='lat' dir='ltr'><strong>exhi-</strong></span> 
     </span>
    </p>
   </div>
   <div class='ocr_carea' id='block_1_46' title="bbox 425 2875 2005 2943">
    <p class='ocr_par' dir='ltr' id='par_1_46' title="bbox 425 2875 2005 2943">
     <span class='ocr_line' id='line_1_46' title="bbox 425 2875 2005 2943; baseline -0.001 -10"><span class='ocrx_word' id='word_1_318' title='bbox 425 2878 637 2943; x_wconf 76' lang='lat' dir='ltr'><strong>buisse,</strong></span> <span class='ocrx_word' id='word_1_319' title='bbox 672 2897 863 2935; x_wconf 87' lang='lat' dir='ltr'><strong>verum</strong></span> <span class='ocrx_word' id='word_1_320' title='bbox 899 2881 1066 2935; x_wconf 89' lang='lat' dir='ltr'><strong>etiam</strong></span> <span class='ocrx_word' id='word_1_321' title='bbox 1100 2890 1153 2935; x_wconf 90' lang='lat' dir='ltr'><strong>et</strong></span> <span class='ocrx_word' id='word_1_322' title='bbox 1194 2880 1449 2935; x_wconf 82' lang='lat' dir='ltr'><strong>docuisse</strong></span> <span class='ocrx_word' id='word_1_323' title='bbox 1481 2879 1675 2940; x_wconf 88' lang='lat' dir='ltr'><strong>multa,</strong></span> <span class='ocrx_word' id='word_1_324' title='bbox 1716 2885 1771 2931; x_wconf 90' lang='lat' dir='ltr'><strong>et</strong></span> <span class='ocrx_word' id='word_1_325' title='bbox 1819 2875 2005 2931; x_wconf 88' lang='lat' dir='ltr'><strong>futura</strong></span> 
     </span>
    </p>
   </div>
   <div class='ocr_carea' id='block_1_47' title="bbox 2114 1963 3707 2037">
    <p class='ocr_par' dir='ltr' id='par_1_47' title="bbox 2114 1963 3707 2037">
     <span class='ocr_line' id='line_1_47' title="bbox 2114 1963 3707 2037; baseline 0.002 -22"><span class='ocrx_word' id='word_1_326' title='bbox 2114 1964 2278 2016; x_wconf 80' lang='grc' dir='ltr'>τείνει</span> <span class='ocrx_word' id='word_1_327' title='bbox 2307 1963 2363 2016; x_wconf 83' lang='grc' dir='ltr'><strong>δὲ</strong></span> <span class='ocrx_word' id='word_1_328' title='bbox 2398 1964 2506 2017; x_wconf 81' lang='grc' dir='ltr'><strong>ἀπὸ</strong></span> <span class='ocrx_word' id='word_1_329' title='bbox 2536 1965 2768 2037; x_wconf 83' lang='grc' dir='ltr'>πέρατος</span> <span class='ocrx_word' id='word_1_330' title='bbox 2803 1966 2896 2018; x_wconf 73' lang='grc' dir='ltr'>ἐπὶ</span> <span class='ocrx_word' id='word_1_331' title='bbox 2926 1967 3099 2036; x_wconf 85' lang='grc' dir='ltr'>πέρας</span> <span class='ocrx_word' id='word_1_332' title='bbox 3117 1963 3426 2036; x_wconf 79' lang='grc' dir='ltr'>εὐρώστως,</span> <span class='ocrx_word' id='word_1_333' title='bbox 3454 1966 3547 2018; x_wconf 73' lang='grc' dir='ltr'>καὶ</span> <span class='ocrx_word' id='word_1_334' title='bbox 3570 1965 3707 2018; x_wconf 85' lang='grc' dir='ltr'>διοι-</span> 
     </span>
    </p>
   </div>
   <div class='ocr_carea' id='block_1_48' title="bbox 2112 2055 3713 2129">
    <p class='ocr_par' dir='ltr' id='par_1_48' title="bbox 2112 2055 3713 2129">
     <span class='ocr_line' id='line_1_48' title="bbox 2112 2055 3713 2129; baseline -0.002 -20"><span class='ocrx_word' id='word_1_335' title='bbox 2112 2058 2201 2109; x_wconf 85' lang='grc' dir='ltr'><strong>κεῖ</strong></span> <span class='ocrx_word' id='word_1_336' title='bbox 2243 2055 2314 2109; x_wconf 82' lang='grc' dir='ltr'><strong>τά</strong></span> <span class='ocrx_word' id='word_1_337' title='bbox 2357 2057 2533 2110; x_wconf 87' lang='grc' dir='ltr'>πάντα</span> <span class='ocrx_word' id='word_1_338' title='bbox 2580 2057 2851 2129; x_wconf 87' lang='grc' dir='ltr'>χρηστῶς.</span> <span class='ocrx_word' id='word_1_339' title='bbox 2901 2076 2920 2109; x_wconf 75' lang='grc' dir='ltr'><strong>ι</strong></span> <span class='ocrx_word' id='word_1_340' title='bbox 2959 2059 3067 2110; x_wconf 88' lang='lat' dir='ltr'><strong>Kal</strong></span> <span class='ocrx_word' id='word_1_341' title='bbox 3112 2057 3176 2129; x_wconf 81' lang='grc' dir='ltr'><strong>δὴ</strong></span> <span class='ocrx_word' id='word_1_342' title='bbox 3216 2057 3364 2109; x_wconf 84' lang='grc' dir='ltr'>τόνδε</span> <span class='ocrx_word' id='word_1_343' title='bbox 3390 2056 3480 2111; x_wconf 87' lang='grc' dir='ltr'><strong>τὸν</strong></span> <span class='ocrx_word' id='word_1_344' title='bbox 3519 2056 3713 2111; x_wconf 77' lang='grc' dir='ltr'>ἔνθεον,</span> 
     </span>
    </p>
   </div>
   <div class='ocr_carea' id='block_1_49' title="bbox 2111 2148 3701 2222">
    <p class='ocr_par' dir='ltr' id='par_1_49' title="bbox 2111 2148 3701 2222">
     <span class='ocr_line' id='line_1_49' title="bbox 2111 2148 3701 2222; baseline 0 -21"><span class='ocrx_word' id='word_1_345' title='bbox 2111 2148 2280 2217; x_wconf 82' lang='grc' dir='ltr'>Λόγον</span> <span class='ocrx_word' id='word_1_346' title='bbox 2313 2148 2587 2221; x_wconf 82' lang='grc' dir='ltr'>διαφόρως</span> <span class='ocrx_word' id='word_1_347' title='bbox 2613 2152 2647 2222; x_wconf 81' lang='grc' dir='ltr'><strong>ἡ</strong></span> <span class='ocrx_word' id='word_1_348' title='bbox 2682 2150 2800 2204; x_wconf 87' lang='grc' dir='ltr'>θεία</span> <span class='ocrx_word' id='word_1_349' title='bbox 2822 2149 3012 2222; x_wconf 85' lang='grc' dir='ltr'>Γραφὴ</span> <span class='ocrx_word' id='word_1_350' title='bbox 3048 2149 3187 2222; x_wconf 84' lang='grc' dir='ltr'>πρὸς</span> <span class='ocrx_word' id='word_1_351' title='bbox 3223 2148 3317 2203; x_wconf 85' lang='grc' dir='ltr'>τοῦ</span> <span class='ocrx_word' id='word_1_352' title='bbox 3354 2149 3571 2221; x_wconf 84' lang='grc' dir='ltr'>Πατρὸς</span> <span class='ocrx_word' id='word_1_353' title='bbox 3604 2150 3701 2202; x_wconf 70' lang='grc' dir='ltr'>ἐπὶ</span> 
     </span>
    </p>
   </div>
   <div class='ocr_carea' id='block_1_50' title="bbox 2112 2236 3713 2311">
    <p class='ocr_par' dir='ltr' id='par_1_50' title="bbox 2112 2236 3713 2311">
     <span class='ocr_line' id='line_1_50' title="bbox 2112 2236 3713 2311; baseline -0.001 -21"><span class='ocrx_word' id='word_1_354' title='bbox 2112 2240 2177 2308; x_wconf 82' lang='grc' dir='ltr'>τῇ</span> <span class='ocrx_word' id='word_1_355' title='bbox 2200 2236 2308 2290; x_wconf 89' lang='grc' dir='ltr'><strong>τῶν</strong></span> <span class='ocrx_word' id='word_1_356' title='bbox 2334 2237 2639 2310; x_wconf 88' lang='grc' dir='ltr'>ἀνθρώπων</span> <span class='ocrx_word' id='word_1_357' title='bbox 2671 2240 2912 2311; x_wconf 67' lang='grc' dir='ltr'>σωτηρία</span> <span class='ocrx_word' id='word_1_358' title='bbox 2938 2239 3293 2310; x_wconf 84' lang='grc' dir='ltr'>πεπεμμένον</span> <span class='ocrx_word' id='word_1_359' title='bbox 3319 2238 3552 2306; x_wconf 84' lang='grc' dir='ltr'>εἰσάγει.</span> <span class='ocrx_word' id='word_1_360' title='bbox 3592 2239 3713 2290; x_wconf 74' lang='grc' dir='ltr'><strong>Αὐσ-</strong></span> 
     </span>
    </p>
   </div>
   <div class='ocr_carea' id='block_1_51' title="bbox 2110 2325 3711 2404">
    <p class='ocr_par' dir='ltr' id='par_1_51' title="bbox 2110 2325 3711 2404">
     <span class='ocr_line' id='line_1_51' title="bbox 2110 2325 3711 2404; baseline 0.003 -23"><span class='ocrx_word' id='word_1_361' title='bbox 2110 2327 2200 2381; x_wconf 81' lang='grc' dir='ltr'><strong>τὸν</strong></span> <span class='ocrx_word' id='word_1_362' title='bbox 2222 2329 2267 2381; x_wconf 88' lang='grc' dir='ltr'>δ’</span> <span class='ocrx_word' id='word_1_363' title='bbox 2293 2325 2385 2383; x_wconf 81' lang='grc' dir='ltr'><strong>οὖν</strong></span> <span class='ocrx_word' id='word_1_364' title='bbox 2418 2330 2612 2401; x_wconf 75' lang='grc' dir='ltr'>καὶτῷ</span> <span class='ocrx_word' id='word_1_365' title='bbox 2658 2330 2929 2404; x_wconf 77' lang='grc' dir='ltr'>Ἀϐραὰμ,</span> <span class='ocrx_word' id='word_1_366' title='bbox 2958 2332 3167 2401; x_wconf 81' lang='grc' dir='ltr'>Μωῦσῇ</span> <span class='ocrx_word' id='word_1_367' title='bbox 3199 2347 3257 2383; x_wconf 92' lang='grc' dir='ltr'><strong>τε</strong></span> <span class='ocrx_word' id='word_1_368' title='bbox 3310 2332 3406 2383; x_wconf 78' lang='grc' dir='ltr'><strong>καὶ</strong></span> <span class='ocrx_word' id='word_1_369' title='bbox 3446 2334 3561 2393; x_wconf 87' lang='grc' dir='ltr'>τοῖς</span> <span class='ocrx_word' id='word_1_370' title='bbox 3599 2329 3711 2386; x_wconf 74' lang='grc' dir='ltr'>ἀλ-</span> 
     </span>
    </p>
   </div>
   <div class='ocr_carea' id='block_1_52' title="bbox 2108 2420 3706 2495">
    <p class='ocr_par' dir='ltr' id='par_1_52' title="bbox 2108 2420 3706 2495">
     <span class='ocr_line' id='line_1_52' title="bbox 2108 2420 3706 2495; baseline 0.002 -22"><span class='ocrx_word' id='word_1_371' title='bbox 2108 2420 2218 2484; x_wconf 86' lang='grc' dir='ltr'>λοις</span> <span class='ocrx_word' id='word_1_372' title='bbox 2242 2420 2509 2491; x_wconf 89' lang='grc' dir='ltr'>θεοφιλέσι</span> <span class='ocrx_word' id='word_1_373' title='bbox 2553 2424 2859 2495; x_wconf 80' lang='grc' dir='ltr'>προφήταις</span> <span class='ocrx_word' id='word_1_374' title='bbox 2879 2424 3043 2494; x_wconf 80' lang='grc' dir='ltr'>φῆναι</span> <span class='ocrx_word' id='word_1_375' title='bbox 3062 2423 3279 2488; x_wconf 80' lang='grc' dir='ltr'>ἐαυτὸν,</span> <span class='ocrx_word' id='word_1_376' title='bbox 3301 2425 3394 2477; x_wconf 80' lang='grc' dir='ltr'><strong>καὶ</strong></span> <span class='ocrx_word' id='word_1_377' title='bbox 3427 2426 3706 2495; x_wconf 67' lang='grc' dir='ltr'>χρησμοῖς,</span> 
     </span>
    </p>
   </div>
   <div class='ocr_carea' id='block_1_53' title="bbox 2107 2511 3700 2587">
    <p class='ocr_par' dir='ltr' id='par_1_53' title="bbox 2107 2511 3700 2587">
     <span class='ocr_line' id='line_1_53' title="bbox 2107 2511 3700 2587; baseline 0.003 -23"><span class='ocrx_word' id='word_1_378' title='bbox 2107 2511 2177 2565; x_wconf 84' lang='grc' dir='ltr'><strong>τά</strong></span> <span class='ocrx_word' id='word_1_379' title='bbox 2216 2512 2386 2567; x_wconf 87' lang='grc' dir='ltr'>πολλά</span> <span class='ocrx_word' id='word_1_380' title='bbox 2442 2514 2731 2568; x_wconf 77' lang='grc' dir='ltr'>παιδεῦσαί</span> <span class='ocrx_word' id='word_1_381' title='bbox 2763 2534 2821 2569; x_wconf 91' lang='grc' dir='ltr'><strong>τε</strong></span> <span class='ocrx_word' id='word_1_382' title='bbox 2862 2516 2955 2569; x_wconf 76' lang='grc' dir='ltr'><strong>καὶ</strong></span> <span class='ocrx_word' id='word_1_383' title='bbox 3007 2515 3260 2570; x_wconf 84' lang='grc' dir='ltr'>θεσπίσαι</span> <span class='ocrx_word' id='word_1_384' title='bbox 3317 2516 3385 2569; x_wconf 85' lang='grc' dir='ltr'><strong>τά</strong></span> <span class='ocrx_word' id='word_1_385' title='bbox 3435 2516 3700 2587; x_wconf 83' lang='grc' dir='ltr'>μέλλοντα</span> 
     </span>
    </p>
   </div>
   <div class='ocr_carea' id='block_1_54' title="bbox 2111 2601 3699 2678">
    <p class='ocr_par' dir='ltr' id='par_1_54' title="bbox 2111 2601 3699 2678">
     <span class='ocr_line' id='line_1_54' title="bbox 2111 2601 3699 2678; baseline 0.004 -23"><span class='ocrx_word' id='word_1_386' title='bbox 2111 2604 2332 2673; x_wconf 77' lang='grc' dir='ltr'>ἱστορεῖ,</span> <span class='ocrx_word' id='word_1_387' title='bbox 2366 2607 2601 2676; x_wconf 85' lang='grc' dir='ltr'>ὁπηνίκα</span> <span class='ocrx_word' id='word_1_388' title='bbox 2637 2606 2767 2660; x_wconf 83' lang='grc' dir='ltr'>Θεὸν</span> <span class='ocrx_word' id='word_1_389' title='bbox 2809 2608 2904 2661; x_wconf 78' lang='grc' dir='ltr'>καὶ</span> <span class='ocrx_word' id='word_1_390' title='bbox 2932 2607 3136 2678; x_wconf 85' lang='grc' dir='ltr'>Κύριον</span> <span class='ocrx_word' id='word_1_391' title='bbox 3168 2601 3347 2677; x_wconf 82' lang='grc' dir='ltr'>ὧφθαί</span> <span class='ocrx_word' id='word_1_392' title='bbox 3392 2625 3455 2660; x_wconf 90' lang='grc' dir='ltr'><strong>τε</strong></span> <span class='ocrx_word' id='word_1_393' title='bbox 3486 2610 3579 2661; x_wconf 75' lang='grc' dir='ltr'>καὶ</span> <span class='ocrx_word' id='word_1_394' title='bbox 3613 2610 3699 2671; x_wconf 88' lang='grc' dir='ltr'><strong>είς</strong></span> 
     </span>
    </p>
   </div>
   <div class='ocr_carea' id='block_1_55' title="bbox 2106 2692 3711 2770">
    <p class='ocr_par' dir='ltr' id='par_1_55' title="bbox 2106 2692 3711 2770">
     <span class='ocr_line' id='line_1_55' title="bbox 2106 2692 3711 2770; baseline 0.006 -24"><span class='ocrx_word' id='word_1_395' title='bbox 2106 2692 2298 2763; x_wconf 84' lang='grc' dir='ltr'>λόγους</span> <span class='ocrx_word' id='word_1_396' title='bbox 2320 2696 2427 2749; x_wconf 89' lang='grc' dir='ltr'><strong>τῶν</strong></span> <span class='ocrx_word' id='word_1_397' title='bbox 2457 2697 2749 2768; x_wconf 75' lang='grc' dir='ltr'>προφητῶν</span> <span class='ocrx_word' id='word_1_398' title='bbox 2778 2697 2951 2751; x_wconf 86' lang='grc' dir='ltr'>ἐλθεῖν</span> <span class='ocrx_word' id='word_1_399' title='bbox 2982 2698 3332 2770; x_wconf 87' lang='grc' dir='ltr'>μνημονεύει.</span> <span class='ocrx_word' id='word_1_400' title='bbox 3364 2698 3565 2752; x_wconf 79' lang='grc' dir='ltr'>Τοῦτον</span> <span class='ocrx_word' id='word_1_401' title='bbox 3602 2700 3711 2755; x_wconf 78' lang='grc' dir='ltr'>καὶ.</span> 
     </span>
    </p>
   </div>
   <div class='ocr_carea' id='block_1_56' title="bbox 2108 2786 3697 2863">
    <p class='ocr_par' dir='ltr' id='par_1_56' title="bbox 2108 2786 3697 2863">
     <span class='ocr_line' id='line_1_56' title="bbox 2108 2786 3697 2863; baseline 0.003 -24"><span class='ocrx_word' id='word_1_402' title='bbox 2108 2789 2272 2841; x_wconf 77' lang='grc' dir='ltr'>πᾶσιν</span> <span class='ocrx_word' id='word_1_403' title='bbox 2312 2789 2392 2852; x_wconf 87' lang='grc' dir='ltr'><strong>είς</strong></span> <span class='ocrx_word' id='word_1_404' title='bbox 2427 2789 2628 2857; x_wconf 88' lang='grc' dir='ltr'>γνῶσιν</span> <span class='ocrx_word' id='word_1_405' title='bbox 2662 2790 2832 2845; x_wconf 78' lang='grc' dir='ltr'>ἐλθεῖν</span> <span class='ocrx_word' id='word_1_406' title='bbox 2868 2791 3210 2863; x_wconf 88' lang='grc' dir='ltr'>ἀνθρώποις,</span> <span class='ocrx_word' id='word_1_407' title='bbox 3253 2786 3342 2844; x_wconf 78' lang='grc' dir='ltr'>οἷα</span> <span class='ocrx_word' id='word_1_408' title='bbox 3387 2792 3697 2845; x_wconf 82' lang='grc' dir='ltr'>νοσούντων</span> 
     </span>
    </p>
   </div>
   <div class='ocr_carea' id='block_1_57' title="bbox 2108 2880 3698 2954">
    <p class='ocr_par' dir='ltr' id='par_1_57' title="bbox 2108 2880 3698 2954">
     <span class='ocr_line' id='line_1_57' title="bbox 2108 2880 3698 2954; baseline 0.003 -23"><span class='ocrx_word' id='word_1_409' title='bbox 2108 2880 2346 2951; x_wconf 80' lang='grc' dir='ltr'>σωτῆρα,</span> <span class='ocrx_word' id='word_1_410' title='bbox 2394 2881 2488 2934; x_wconf 79' lang='grc' dir='ltr'>καὶ</span> <span class='ocrx_word' id='word_1_411' title='bbox 2528 2880 2715 2952; x_wconf 76' lang='grc' dir='ltr'>ψυχῶν</span> <span class='ocrx_word' id='word_1_412' title='bbox 2744 2882 2925 2954; x_wconf 81' lang='grc' dir='ltr'>ίατρὸν</span> <span class='ocrx_word' id='word_1_413' title='bbox 2961 2883 3099 2954; x_wconf 86' lang='grc' dir='ltr'>πρὸς</span> <span class='ocrx_word' id='word_1_414' title='bbox 3157 2882 3252 2935; x_wconf 81' lang='grc' dir='ltr'>τοῦ</span> <span class='ocrx_word' id='word_1_415' title='bbox 3305 2880 3549 2953; x_wconf 78' lang='grc' dir='ltr'>μείζονος</span> <span class='ocrx_word' id='word_1_416' title='bbox 3587 2884 3698 2935; x_wconf 85' lang='grc' dir='ltr'>ἁπ-</span> 
     </span>
    </p>
   </div>
   <div class='ocr_carea' id='block_1_58' title="bbox 423 2967 2006 3046">
    <p class='ocr_par' dir='ltr' id='par_1_58' title="bbox 423 2969 2003 3042">
     <span class='ocr_line' id='line_1_58' title="bbox 423 2969 2003 3042; baseline -0.003 -17"><span class='ocrx_word' id='word_1_417' title='bbox 423 2973 825 3041; x_wconf 70' lang='lat' dir='ltr'><strong>przenuntiasse</strong></span> <span class='ocrx_word' id='word_1_418' title='bbox 874 2979 1132 3035; x_wconf 87' lang='lat' dir='ltr'><strong>testatur,</strong></span> <span class='ocrx_word' id='word_1_419' title='bbox 1174 2971 1391 3042; x_wconf 87' lang='lat' dir='ltr'><strong>quoties</strong></span> <span class='ocrx_word' id='word_1_420' title='bbox 1422 2971 1588 3024; x_wconf 87' lang='lat' dir='ltr'><strong>Deum</strong></span> <span class='ocrx_word' id='word_1_421' title='bbox 1615 2984 1680 3023; x_wconf 88' lang='lat' dir='ltr'><strong>ac</strong></span> <span class='ocrx_word' id='word_1_422' title='bbox 1711 2969 2003 3023; x_wconf 91' lang='lat' dir='ltr'><strong>Dominum</strong></span> 
     </span>
    </p>
   </div>
   <div class='ocr_carea' id='block_1_59' title="bbox 2110 2967 3697 3046">
    <p class='ocr_par' dir='ltr' id='par_1_59' title="bbox 2110 2967 3697 3046">
     <span class='ocr_line' id='line_1_59' title="bbox 2110 2967 3697 3046; baseline 0.003 -22"><span class='ocrx_word' id='word_1_423' title='bbox 2110 2972 2455 3043; x_wconf 80' lang='grc' dir='ltr'>εσταλμένον,</span> <span class='ocrx_word' id='word_1_424' title='bbox 2488 2967 2589 3026; x_wconf 82' lang='grc' dir='ltr'>ὧδέ</span> <span class='ocrx_word' id='word_1_425' title='bbox 2622 2992 2697 3046; x_wconf 89' lang='grc' dir='ltr'><strong>πη</strong></span> <span class='ocrx_word' id='word_1_426' title='bbox 2725 2972 2969 3038; x_wconf 77' lang='grc' dir='ltr'>θεσπίζει</span> <span class='ocrx_word' id='word_1_427' title='bbox 2990 2990 3003 3004; x_wconf 76' lang='grc' dir='ltr'><strong>ο</strong></span> <span class='ocrx_word' id='word_1_428' title='bbox 3032 2992 3051 3026; x_wconf 79' lang='grc' dir='ltr'><strong>ι</strong></span> <span class='ocrx_word' id='word_1_429' title='bbox 3086 2974 3394 3027; x_wconf 81' lang='grc' dir='ltr'>Ἀπέστειλε</span> <span class='ocrx_word' id='word_1_430' title='bbox 3412 2975 3501 3027; x_wconf 87' lang='grc' dir='ltr'><strong>τὸν</strong></span> <span class='ocrx_word' id='word_1_431' title='bbox 3521 2975 3697 3043; x_wconf 86' lang='grc' dir='ltr'>Λόγον</span> 
     </span>
    </p>
   </div>
   <div class='ocr_carea' id='block_1_60' title="bbox 425 3062 2006 3138">
    <p class='ocr_par' dir='ltr' id='par_1_60' title="bbox 425 3062 2003 3134">
     <span class='ocr_line' id='line_1_60' title="bbox 425 3062 2003 3134; baseline -0.001 -16"><span class='ocrx_word' id='word_1_432' title='bbox 425 3075 521 3118; x_wconf 84' lang='lat' dir='ltr'><strong>aut</strong></span> <span class='ocrx_word' id='word_1_433' title='bbox 552 3065 870 3134; x_wconf 85' lang='lat' dir='ltr'><strong>apparuisse</strong></span> <span class='ocrx_word' id='word_1_434' title='bbox 899 3064 1196 3134; x_wconf 89' lang='lat' dir='ltr'><strong>pr0pbetis,</strong></span> <span class='ocrx_word' id='word_1_435' title='bbox 1245 3073 1341 3117; x_wconf 87' lang='lat' dir='ltr'><strong>aut</strong></span> <span class='ocrx_word' id='word_1_436' title='bbox 1389 3077 1513 3117; x_wconf 92' lang='lat' dir='ltr'><strong>cum</strong></span> <span class='ocrx_word' id='word_1_437' title='bbox 1552 3062 1622 3117; x_wconf 90' lang='lat' dir='ltr'><strong>iis</strong></span> <span class='ocrx_word' id='word_1_438' title='bbox 1674 3062 2003 3118; x_wconf 91' lang='lat' dir='ltr'><strong>collocutum</strong></span> 
     </span>
    </p>
   </div>
   <div class='ocr_carea' id='block_1_61' title="bbox 2110 3062 3697 3138">
    <p class='ocr_par' dir='ltr' id='par_1_61' title="bbox 2110 3062 3697 3138">
     <span class='ocr_line' id='line_1_61' title="bbox 2110 3062 3697 3138; baseline 0.003 -22"><span class='ocrx_word' id='word_1_439' title='bbox 2110 3062 2270 3116; x_wconf 82' lang='grc' dir='ltr'>αὑτοῦ</span> <span class='ocrx_word' id='word_1_440' title='bbox 2291 3105 2306 3131; x_wconf 83' lang='grc'><strong>,</strong></span> <span class='ocrx_word' id='word_1_441' title='bbox 2352 3064 2447 3118; x_wconf 73' lang='grc' dir='ltr'><strong>καὶ</strong></span> <span class='ocrx_word' id='word_1_442' title='bbox 2491 3065 2676 3119; x_wconf 86' lang='grc' dir='ltr'>ίάσατο</span> <span class='ocrx_word' id='word_1_443' title='bbox 2705 3067 2922 3130; x_wconf 80' lang='grc' dir='ltr'>αὐτοὺς,</span> <span class='ocrx_word' id='word_1_444' title='bbox 2956 3067 3052 3121; x_wconf 76' lang='grc' dir='ltr'><strong>καὶ</strong></span> <span class='ocrx_word' id='word_1_445' title='bbox 3097 3066 3366 3138; x_wconf 75' lang='grc' dir='ltr'>ἐρρύσατο</span> <span class='ocrx_word' id='word_1_446' title='bbox 3396 3068 3596 3137; x_wconf 77' lang='grc' dir='ltr'>αὐτοὺς</span> <span class='ocrx_word' id='word_1_447' title='bbox 3628 3069 3697 3121; x_wconf 82' lang='grc' dir='ltr'><strong>ἐκ</strong></span> 
     </span>
    </p>
   </div>
   <div class='ocr_carea' id='block_1_62' title="bbox 422 3154 2006 3254">
    <p class='ocr_par' dir='ltr' id='par_1_62' title="bbox 422 3154 1999 3224">
     <span class='ocr_line' id='line_1_62' title="bbox 422 3154 1999 3224; baseline -0.002 -14"><span class='ocrx_word' id='word_1_448' title='bbox 422 3170 547 3210; x_wconf 79' lang='lat' dir='ltr'><strong>esse</strong></span> <span class='ocrx_word' id='word_1_449' title='bbox 577 3167 989 3210; x_wconf 77' lang='lat' dir='ltr'><strong>commemorat.</strong></span> <span class='ocrx_word' id='word_1_450' title='bbox 1021 3156 1167 3210; x_wconf 85' lang='lat' dir='ltr'><strong>Idem</strong></span> <span class='ocrx_word' id='word_1_451' title='bbox 1214 3169 1362 3219; x_wconf 89' lang='lat' dir='ltr'><strong>vero,</strong></span> <span class='ocrx_word' id='word_1_452' title='bbox 1409 3154 1490 3208; x_wconf 90' lang='lat' dir='ltr'><strong>sic</strong></span> <span class='ocrx_word' id='word_1_453' title='bbox 1533 3162 1794 3224; x_wconf 89' lang='lat' dir='ltr'><strong>tanquam</strong></span> <span class='ocrx_word' id='word_1_454' title='bbox 1846 3154 1999 3209; x_wconf 87' lang='lat' dir='ltr'><strong>labo-</strong></span> 
     </span>
    </p>
   </div>
   <div class='ocr_carea' id='block_1_63' title="bbox 2110 3154 3692 3254">
    <p class='ocr_par' dir='ltr' id='par_1_63' title="bbox 2110 3154 3692 3230">
     <span class='ocr_line' id='line_1_63' title="bbox 2110 3154 3692 3230; baseline 0.003 -23"><span class='ocrx_word' id='word_1_455' title='bbox 2110 3154 2212 3208; x_wconf 88' lang='grc' dir='ltr'><strong>τῶν</strong></span> <span class='ocrx_word' id='word_1_456' title='bbox 2239 3156 2545 3227; x_wconf 86' lang='grc' dir='ltr'>διαφθορῶν</span> <span class='ocrx_word' id='word_1_457' title='bbox 2599 3157 2798 3211; x_wconf 82' lang='grc' dir='ltr'>αὐτῶν.</span> <span class='ocrx_word' id='word_1_458' title='bbox 2832 3177 2851 3209; x_wconf 76' lang='grc' dir='ltr'><strong>ι</strong></span> <span class='ocrx_word' id='word_1_459' title='bbox 2905 3159 3015 3213; x_wconf 88' lang='lat' dir='ltr'><strong>Kal</strong></span> <span class='ocrx_word' id='word_1_460' title='bbox 3043 3159 3205 3213; x_wconf 85' lang='grc' dir='ltr'>πάλιν</span> <span class='ocrx_word' id='word_1_461' title='bbox 3254 3159 3440 3213; x_wconf 79' lang='grc' dir='ltr'>ἄλλοτέ</span> <span class='ocrx_word' id='word_1_462' title='bbox 3494 3176 3692 3230; x_wconf 78' lang='grc' dir='ltr'>φησιν’</span> 
     </span>
    </p>
   </div>
   <div class='ocr_carea' id='block_1_64' title="bbox 422 3243 2003 3309">
    <p class='ocr_par' dir='ltr' id='par_1_64' title="bbox 422 3243 2003 3309">
     <span class='ocr_line' id='line_1_64' title="bbox 422 3243 2003 3309; baseline -0.001 -9"><span class='ocrx_word' id='word_1_463' title='bbox 422 3246 664 3300; x_wconf 88' lang='lat' dir='ltr'><strong>rantium</strong></span> <span class='ocrx_word' id='word_1_464' title='bbox 691 3253 1053 3309; x_wconf 80' lang='lat' dir='ltr'><strong>servatorem,</strong></span> <span class='ocrx_word' id='word_1_465' title='bbox 1081 3255 1137 3299; x_wconf 89' lang='lat' dir='ltr'><strong>et</strong></span> <span class='ocrx_word' id='word_1_466' title='bbox 1160 3244 1435 3299; x_wconf 89' lang='lat' dir='ltr'><strong>medicum</strong></span> <span class='ocrx_word' id='word_1_467' title='bbox 1464 3243 1779 3298; x_wconf 91' lang='lat' dir='ltr'><strong>animorum</strong></span> <span class='ocrx_word' id='word_1_468' title='bbox 1818 3259 1850 3299; x_wconf 92' lang='lat' dir='ltr'><strong>a</strong></span> <span class='ocrx_word' id='word_1_469' title='bbox 1886 3259 2003 3298; x_wconf 91' lang='lat' dir='ltr'><strong>ma-</strong></span> 
     </span>
    </p>
   </div>
   <div class='ocr_carea' id='block_1_65' title="bbox 414 3337 2002 3411">
    <p class='ocr_par' dir='ltr' id='par_1_65' title="bbox 414 3337 2002 3411">
     <span class='ocr_line' id='line_1_65' title="bbox 414 3337 2002 3411; baseline -0.001 -19"><span class='ocrx_word' id='word_1_470' title='bbox 414 3337 537 3411; x_wconf 85' lang='lat' dir='ltr'><strong>jore</strong></span> <span class='ocrx_word' id='word_1_471' title='bbox 562 3338 733 3393; x_wconf 88' lang='lat' dir='ltr'><strong>altero</strong></span> <span class='ocrx_word' id='word_1_472' title='bbox 759 3338 988 3393; x_wconf 90' lang='lat' dir='ltr'><strong>missum</strong></span> <span class='ocrx_word' id='word_1_473' title='bbox 1037 3339 1087 3404; x_wconf 83' lang='grc'><strong>¹,</strong></span> <span class='ocrx_word' id='word_1_474' title='bbox 1124 3338 1409 3392; x_wconf 92' lang='lat' dir='ltr'><strong>hominum</strong></span> <span class='ocrx_word' id='word_1_475' title='bbox 1472 3338 2002 3407; x_wconf 83' lang='lat' dir='ltr'><strong>omniumincogni-</strong></span> 
     </span>
    </p>
   </div>
   <div class='ocr_carea' id='block_1_66' title="bbox 421 3428 2006 3499">
    <p class='ocr_par' dir='ltr' id='par_1_66' title="bbox 421 3428 2006 3499">
     <span class='ocr_line' id='line_1_66' title="bbox 421 3428 2006 3499; baseline 0 -16"><span class='ocrx_word' id='word_1_476' title='bbox 421 3428 625 3483; x_wconf 88' lang='lat' dir='ltr'><strong>tionem</strong></span> <span class='ocrx_word' id='word_1_477' title='bbox 643 3430 879 3492; x_wconf 81' lang='lat' dir='ltr'><strong>venisse,</strong></span> <span class='ocrx_word' id='word_1_478' title='bbox 899 3429 970 3483; x_wconf 88' lang='lat' dir='ltr'><strong>ita</strong></span> <span class='ocrx_word' id='word_1_479' title='bbox 987 3429 1263 3499; x_wconf 55' lang='lat' dir='ltr'><strong>praedicat.</strong></span> <span class='ocrx_word' id='word_1_480' title='bbox 1290 3449 1308 3480; x_wconf 73' lang='grc' dir='ltr'><strong>ι</strong></span> <span class='ocrx_word' id='word_1_481' title='bbox 1331 3428 1477 3484; x_wconf 76' lang='lat' dir='ltr'><strong>Misit</strong></span> <span class='ocrx_word' id='word_1_482' title='bbox 1495 3428 1731 3485; x_wconf 84' lang='lat' dir='ltr'><strong>Verbum</strong></span> <span class='ocrx_word' id='word_1_483' title='bbox 1751 3437 2006 3493; x_wconf 88' lang='lat' dir='ltr'><strong>suum,et</strong></span> 
     </span>
    </p>
   </div>
   <div class='ocr_carea' id='block_1_67' title="bbox 421 3521 1997 3593">
    <p class='ocr_par' dir='ltr' id='par_1_67' title="bbox 421 3521 1997 3593">
     <span class='ocr_line' id='line_1_67' title="bbox 421 3521 1997 3593; baseline -0.002 -16"><span class='ocrx_word' id='word_1_484' title='bbox 421 3521 761 3589; x_wconf 83' lang='lat' dir='ltr'><strong>sanaviteos,</strong></span> <span class='ocrx_word' id='word_1_485' title='bbox 789 3531 841 3576; x_wconf 90' lang='lat' dir='ltr'><strong>et</strong></span> <span class='ocrx_word' id='word_1_486' title='bbox 864 3522 1062 3593; x_wconf 88' lang='lat' dir='ltr'><strong>eripuit</strong></span> <span class='ocrx_word' id='word_1_487' title='bbox 1077 3537 1172 3577; x_wconf 87' lang='lat' dir='ltr'><strong>eos</strong></span> <span class='ocrx_word' id='word_1_488' title='bbox 1190 3523 1254 3576; x_wconf 89' lang='lat' dir='ltr'><strong>de</strong></span> <span class='ocrx_word' id='word_1_489' title='bbox 1278 3522 1682 3579; x_wconf 88' lang='lat' dir='ltr'><strong>interitionibus</strong></span> <span class='ocrx_word' id='word_1_490' title='bbox 1703 3523 1997 3582; x_wconf 65' lang='lat' dir='ltr'><strong>eorum,&#39;°i</strong></span> 
     </span>
    </p>
   </div>
   <div class='ocr_carea' id='block_1_68' title="bbox 421 3612 2002 3685">
    <p class='ocr_par' dir='ltr' id='par_1_68' title="bbox 421 3612 2002 3685">
     <span class='ocr_line' id='line_1_68' title="bbox 421 3612 2002 3685; baseline 0.002 -19"><span class='ocrx_word' id='word_1_491' title='bbox 421 3612 663 3683; x_wconf 88' lang='lat' dir='ltr'><strong>Itemque</strong></span> <span class='ocrx_word' id='word_1_492' title='bbox 678 3614 836 3668; x_wconf 89' lang='lat' dir='ltr'><strong>alibi:</strong></span> <span class='ocrx_word' id='word_1_493' title='bbox 858 3632 877 3663; x_wconf 78' lang='grc' dir='ltr'><strong>ι</strong></span> <span class='ocrx_word' id='word_1_494' title='bbox 908 3613 1353 3671; x_wconf 84' lang='lat' dir='ltr'><strong>Velocitercurrit</strong></span> <span class='ocrx_word' id='word_1_495' title='bbox 1372 3617 1598 3671; x_wconf 88' lang='lat' dir='ltr'><strong>verbum</strong></span> <span class='ocrx_word' id='word_1_496' title='bbox 1616 3616 1815 3685; x_wconf 81' lang='lat' dir='ltr'><strong>ejus&quot;.</strong></span> <span class='ocrx_word' id='word_1_497' title='bbox 1845 3634 1863 3666; x_wconf 75' lang='grc' dir='ltr'><strong>ι</strong></span> <span class='ocrx_word' id='word_1_498' title='bbox 1882 3614 2002 3681; x_wconf 88' lang='lat' dir='ltr'><strong>Quo</strong></span> 
     </span>
    </p>
   </div>
   <div class='ocr_carea' id='block_1_69' title="bbox 422 3704 2002 3777">
    <p class='ocr_par' dir='ltr' id='par_1_69' title="bbox 422 3704 2002 3777">
     <span class='ocr_line' id='line_1_69' title="bbox 422 3704 2002 3777; baseline 0.001 -20"><span class='ocrx_word' id='word_1_499' title='bbox 422 3704 623 3757; x_wconf 89' lang='lat' dir='ltr'><strong>factum</strong></span> <span class='ocrx_word' id='word_1_500' title='bbox 690 3713 793 3768; x_wconf 92' lang='lat' dir='ltr'><strong>est,</strong></span> <span class='ocrx_word' id='word_1_501' title='bbox 839 3715 899 3758; x_wconf 87' lang='lat' dir='ltr'><strong>ut</strong></span> <span class='ocrx_word' id='word_1_502' title='bbox 956 3706 1266 3777; x_wconf 77' lang='lat' dir='ltr'><strong>evangelica</strong></span> <span class='ocrx_word' id='word_1_503' title='bbox 1301 3721 1520 3776; x_wconf 86' lang='lat' dir='ltr'><strong>quoque</strong></span> <span class='ocrx_word' id='word_1_504' title='bbox 1587 3705 1837 3761; x_wconf 88' lang='lat' dir='ltr'><strong>doctrina</strong></span> <span class='ocrx_word' id='word_1_505' title='bbox 1876 3722 2002 3775; x_wconf 92' lang='lat' dir='ltr'><strong>pro-</strong></span> 
     </span>
    </p>
   </div>
   <div class='ocr_carea' id='block_1_70' title="bbox 419 3794 1995 3866">
    <p class='ocr_par' dir='ltr' id='par_1_70' title="bbox 419 3794 1995 3866">
     <span class='ocr_line' id='line_1_70' title="bbox 419 3794 1995 3866; baseline 0.001 -20"><span class='ocrx_word' id='word_1_506' title='bbox 419 3794 690 3862; x_wconf 79' lang='lat' dir='ltr'><strong>pheticum</strong></span> <span class='ocrx_word' id='word_1_507' title='bbox 717 3796 865 3849; x_wconf 89' lang='lat' dir='ltr'><strong>illam</strong></span> <span class='ocrx_word' id='word_1_508' title='bbox 893 3795 1231 3863; x_wconf 87' lang='lat' dir='ltr'><strong>instaurans,</strong></span> <span class='ocrx_word' id='word_1_509' title='bbox 1266 3797 1610 3866; x_wconf 87' lang='lat' dir='ltr'><strong>patriamque</strong></span> <span class='ocrx_word' id='word_1_510' title='bbox 1643 3796 1995 3861; x_wconf 85' lang='lat' dir='ltr'><strong>sententiam,</strong></span> 
     </span>
    </p>
   </div>
   <div class='ocr_carea' id='block_1_71' title="bbox 419 3887 1995 3959">
    <p class='ocr_par' dir='ltr' id='par_1_71' title="bbox 419 3887 1995 3959">
     <span class='ocr_line' id='line_1_71' title="bbox 419 3887 1995 3959; baseline 0.003 -20"><span class='ocrx_word' id='word_1_511' title='bbox 419 3887 561 3941; x_wconf 85' lang='lat' dir='ltr'><strong>idem</strong></span> <span class='ocrx_word' id='word_1_512' title='bbox 598 3888 884 3957; x_wconf 72' lang='lat' dir='ltr'><strong>theologia:</strong></span> <span class='ocrx_word' id='word_1_513' title='bbox 922 3904 1092 3959; x_wconf 88' lang='lat' dir='ltr'><strong>genus</strong></span> <span class='ocrx_word' id='word_1_514' title='bbox 1135 3889 1281 3944; x_wconf 88' lang='lat' dir='ltr'><strong>hunc</strong></span> <span class='ocrx_word' id='word_1_515' title='bbox 1313 3889 1367 3942; x_wconf 92' lang='lat' dir='ltr'><strong>in</strong></span> <span class='ocrx_word' id='word_1_516' title='bbox 1399 3890 1624 3943; x_wconf 86' lang='lat' dir='ltr'><strong>modum</strong></span> <span class='ocrx_word' id='word_1_517' title='bbox 1666 3888 1995 3943; x_wconf 86' lang='lat' dir='ltr'><strong>illustrarit:</strong></span> 
     </span>
    </p>
   </div>
   <div class='ocr_carea' id='block_1_72' title="bbox 423 3976 1998 4052">
    <p class='ocr_par' dir='ltr' id='par_1_72' title="bbox 423 3976 1998 4052">
     <span class='ocr_line' id='line_1_72' title="bbox 423 3976 1998 4052; baseline 0.004 -21"><span class='ocrx_word' id='word_1_518' title='bbox 423 3995 445 4030; x_wconf 73' lang='grc' dir='ltr'><strong>ι</strong></span> <span class='ocrx_word' id='word_1_519' title='bbox 483 3976 540 4032; x_wconf 94' lang='lat' dir='ltr'><strong>ln</strong></span> <span class='ocrx_word' id='word_1_520' title='bbox 598 3980 868 4050; x_wconf 87' lang='lat' dir='ltr'><strong>principio</strong></span> <span class='ocrx_word' id='word_1_521' title='bbox 892 3991 1010 4035; x_wconf 88' lang='lat' dir='ltr'><strong>erat</strong></span> <span class='ocrx_word' id='word_1_522' title='bbox 1042 3979 1302 4046; x_wconf 84' lang='lat' dir='ltr'><strong>Verbum,</strong></span> <span class='ocrx_word' id='word_1_523' title='bbox 1339 3990 1393 4035; x_wconf 89' lang='lat' dir='ltr'><strong>et</strong></span> <span class='ocrx_word' id='word_1_524' title='bbox 1422 3979 1663 4035; x_wconf 90' lang='lat' dir='ltr'><strong>Verbum</strong></span> <span class='ocrx_word' id='word_1_525' title='bbox 1704 3990 1825 4037; x_wconf 88' lang='lat' dir='ltr'><strong>erat</strong></span> <span class='ocrx_word' id='word_1_526' title='bbox 1855 3981 1998 4052; x_wconf 87' lang='lat' dir='ltr'><strong>apud</strong></span> 
     </span>
    </p>
   </div>
   <div class='ocr_carea' id='block_1_73' title="bbox 416 4068 1997 4141">
    <p class='ocr_par' dir='ltr' id='par_1_73' title="bbox 416 4068 1997 4141">
     <span class='ocr_line' id='line_1_73' title="bbox 416 4068 1997 4141; baseline 0 -15"><span class='ocrx_word' id='word_1_527' title='bbox 416 4068 580 4141; x_wconf 75' lang='lat'><strong>322</strong></span> <span class='ocrx_word' id='word_1_528' title='bbox 614 4070 813 4139; x_wconf 81' lang='lat' dir='ltr'><strong>Deum,</strong></span> <span class='ocrx_word' id='word_1_529' title='bbox 848 4080 901 4126; x_wconf 92' lang='lat' dir='ltr'><strong>et</strong></span> <span class='ocrx_word' id='word_1_530' title='bbox 954 4070 1098 4127; x_wconf 88' lang='lat' dir='ltr'><strong>Deus</strong></span> <span class='ocrx_word' id='word_1_531' title='bbox 1153 4082 1270 4127; x_wconf 89' lang='lat' dir='ltr'><strong>erat</strong></span> <span class='ocrx_word' id='word_1_532' title='bbox 1320 4071 1585 4127; x_wconf 87' lang='lat' dir='ltr'><strong>Verbum.</strong></span> <span class='ocrx_word' id='word_1_533' title='bbox 1618 4072 1733 4128; x_wconf 83' lang='lat' dir='ltr'><strong>Hoc</strong></span> <span class='ocrx_word' id='word_1_534' title='bbox 1781 4082 1902 4127; x_wconf 89' lang='lat' dir='ltr'><strong>erat</strong></span> <span class='ocrx_word' id='word_1_535' title='bbox 1939 4073 1997 4127; x_wconf 89' lang='lat' dir='ltr'><strong>in</strong></span> 
     </span>
    </p>
   </div>
   <div class='ocr_carea' id='block_1_74' title="bbox 416 4164 1995 4237">
    <p class='ocr_par' dir='ltr' id='par_1_74' title="bbox 416 4164 1995 4237">
     <span class='ocr_line' id='line_1_74' title="bbox 416 4164 1995 4237; baseline 0.001 -20"><span class='ocrx_word' id='word_1_536' title='bbox 416 4164 689 4237; x_wconf 74' lang='lat' dir='ltr'><strong>principio</strong></span> <span class='ocrx_word' id='word_1_537' title='bbox 716 4165 857 4233; x_wconf 91' lang='lat' dir='ltr'><strong>apud</strong></span> <span class='ocrx_word' id='word_1_538' title='bbox 886 4164 1055 4219; x_wconf 91' lang='lat' dir='ltr'><strong>Deum</strong></span> <span class='ocrx_word' id='word_1_539' title='bbox 1079 4181 1091 4217; x_wconf 94' lang='lat'><strong>:</strong></span> <span class='ocrx_word' id='word_1_540' title='bbox 1123 4165 1308 4220; x_wconf 85' lang='lat' dir='ltr'><strong>omnia</strong></span> <span class='ocrx_word' id='word_1_541' title='bbox 1332 4180 1429 4235; x_wconf 91' lang='lat' dir='ltr'><strong>per</strong></span> <span class='ocrx_word' id='word_1_542' title='bbox 1457 4166 1637 4235; x_wconf 90' lang='lat' dir='ltr'><strong>ipsum</strong></span> <span class='ocrx_word' id='word_1_543' title='bbox 1674 4166 1813 4220; x_wconf 90' lang='lat' dir='ltr'><strong>facta</strong></span> <span class='ocrx_word' id='word_1_544' title='bbox 1845 4172 1995 4228; x_wconf 87' lang='lat' dir='ltr'><strong>sunt,</strong></span> 
     </span>
    </p>
   </div>
   <div class='ocr_carea' id='block_1_75' title="bbox 2110 3249 3701 3321">
    <p class='ocr_par' dir='ltr' id='par_1_75' title="bbox 2110 3249 3701 3321">
     <span class='ocr_line' id='line_1_75' title="bbox 2110 3249 3701 3321; baseline 0.003 -22"><span class='ocrx_word' id='word_1_545' title='bbox 2110 3266 2129 3298; x_wconf 77' lang='grc' dir='ltr'><strong>ι</strong></span> <span class='ocrx_word' id='word_1_546' title='bbox 2169 3249 2314 3313; x_wconf 86' lang='grc' dir='ltr'>Ἕως</span> <span class='ocrx_word' id='word_1_547' title='bbox 2354 3250 2551 3320; x_wconf 85' lang='grc' dir='ltr'>τάχους</span> <span class='ocrx_word' id='word_1_548' title='bbox 2595 3250 2883 3321; x_wconf 85' lang='grc' dir='ltr'>δραμεῖται</span> <span class='ocrx_word' id='word_1_549' title='bbox 2919 3252 2949 3304; x_wconf 92' lang='lat'><strong>6</strong></span> <span class='ocrx_word' id='word_1_550' title='bbox 2987 3251 3158 3321; x_wconf 87' lang='grc' dir='ltr'>Λόγος</span> <span class='ocrx_word' id='word_1_551' title='bbox 3188 3251 3375 3306; x_wconf 78' lang='grc' dir='ltr'>αὑτοῦ.</span> <span class='ocrx_word' id='word_1_552' title='bbox 3431 3270 3450 3303; x_wconf 72' lang='grc' dir='ltr'><strong>ι</strong></span> <span class='ocrx_word' id='word_1_553' title='bbox 3498 3251 3701 3303; x_wconf 84' lang='grc' dir='ltr'>Ἔνθεν</span> 
     </span>
    </p>
   </div>
   <div class='ocr_carea' id='block_1_76' title="bbox 2105 3342 3696 3416">
    <p class='ocr_par' dir='ltr' id='par_1_76' title="bbox 2105 3342 3696 3416">
     <span class='ocr_line' id='line_1_76' title="bbox 2105 3342 3696 3416; baseline 0.003 -23"><span class='ocrx_word' id='word_1_554' title='bbox 2105 3342 2199 3393; x_wconf 81' lang='grc' dir='ltr'><strong>καὶ</strong></span> <span class='ocrx_word' id='word_1_555' title='bbox 2228 3344 2259 3412; x_wconf 82' lang='grc' dir='ltr'>ἡ</span> <span class='ocrx_word' id='word_1_556' title='bbox 2293 3342 2620 3414; x_wconf 82' lang='grc' dir='ltr'>εὐαγγελικὴ</span> <span class='ocrx_word' id='word_1_557' title='bbox 2652 3342 2991 3409; x_wconf 88' lang='grc' dir='ltr'>διδασκαλία,</span> <span class='ocrx_word' id='word_1_558' title='bbox 3016 3344 3077 3396; x_wconf 89' lang='grc' dir='ltr'><strong>τὸ</strong></span> <span class='ocrx_word' id='word_1_559' title='bbox 3110 3344 3443 3416; x_wconf 83' lang='grc' dir='ltr'>προφητικὸν</span> <span class='ocrx_word' id='word_1_560' title='bbox 3473 3343 3571 3397; x_wconf 84' lang='lat' dir='ltr'><strong>xal</strong></span> <span class='ocrx_word' id='word_1_561' title='bbox 3585 3344 3696 3398; x_wconf 85' lang='grc' dir='ltr'>πά-</span> 
     </span>
    </p>
   </div>
   <div class='ocr_carea' id='block_1_77' title="bbox 2103 3435 3697 3509">
    <p class='ocr_par' dir='ltr' id='par_1_77' title="bbox 2103 3435 3697 3509">
     <span class='ocr_line' id='line_1_77' title="bbox 2103 3435 3697 3509; baseline 0.004 -25"><span class='ocrx_word' id='word_1_562' title='bbox 2103 3450 2253 3503; x_wconf 90' lang='grc' dir='ltr'>τριον</span> <span class='ocrx_word' id='word_1_563' title='bbox 2303 3435 2675 3506; x_wconf 81' lang='grc' dir='ltr'>ἀνανεουμένη</span> <span class='ocrx_word' id='word_1_564' title='bbox 2719 3435 2935 3506; x_wconf 86' lang='grc' dir='ltr'>δόγμα,</span> <span class='ocrx_word' id='word_1_565' title='bbox 2982 3435 3251 3509; x_wconf 83' lang='grc' dir='ltr'>ταύτῃπη</span> <span class='ocrx_word' id='word_1_566' title='bbox 3282 3436 3536 3507; x_wconf 80' lang='grc' dir='ltr'>διασαφεῖ</span> <span class='ocrx_word' id='word_1_567' title='bbox 3591 3437 3697 3509; x_wconf 73' lang='grc' dir='ltr'><strong>τὴν</strong></span> 
     </span>
    </p>
   </div>
   <div class='ocr_carea' id='block_1_78' title="bbox 2051 3523 3694 3600">
    <p class='ocr_par' dir='ltr' id='par_1_78' title="bbox 2051 3523 3694 3600">
     <span class='ocr_line' id='line_1_78' title="bbox 2051 3523 3694 3600; baseline 0.003 -23"><span class='ocrx_word' id='word_1_568' title='bbox 2051 3591 2055 3594; x_wconf 19' lang='grc' dir='ltr'>ν</span> <span class='ocrx_word' id='word_1_569' title='bbox 2105 3523 2383 3595; x_wconf 83' lang='grc' dir='ltr'>θεολογίαν</span> <span class='ocrx_word' id='word_1_570' title='bbox 2408 3545 2422 3557; x_wconf 82' lang='grc'><strong>’</strong></span> <span class='ocrx_word' id='word_1_571' title='bbox 2462 3546 2481 3579; x_wconf 71' lang='grc' dir='ltr'><strong>ι</strong></span> <span class='ocrx_word' id='word_1_572' title='bbox 2535 3529 2623 3582; x_wconf 84' lang='grc' dir='ltr'>Ἐν</span> <span class='ocrx_word' id='word_1_573' title='bbox 2648 3529 2789 3600; x_wconf 79' lang='grc' dir='ltr'>ἀρχῇ</span> <span class='ocrx_word' id='word_1_574' title='bbox 2823 3524 2891 3600; x_wconf 80' lang='grc' dir='ltr'>ἦν</span> <span class='ocrx_word' id='word_1_575' title='bbox 2916 3531 2945 3582; x_wconf 97' lang='lat'><strong>6</strong></span> <span class='ocrx_word' id='word_1_576' title='bbox 2976 3530 3172 3597; x_wconf 80' lang='grc' dir='ltr'>Λόγος,</span> <span class='ocrx_word' id='word_1_577' title='bbox 3221 3528 3316 3582; x_wconf 77' lang='grc' dir='ltr'><strong>καὶ</strong></span> <span class='ocrx_word' id='word_1_578' title='bbox 3347 3531 3376 3582; x_wconf 90' lang='lat'><strong>6</strong></span> <span class='ocrx_word' id='word_1_579' title='bbox 3412 3529 3589 3597; x_wconf 78' lang='grc' dir='ltr'>Λόγος</span> <span class='ocrx_word' id='word_1_580' title='bbox 3620 3525 3694 3599; x_wconf 82' lang='grc' dir='ltr'>ἦν</span> 
     </span>
    </p>
   </div>
   <div class='ocr_carea' id='block_1_79' title="bbox 2104 3609 3696 3690">
    <p class='ocr_par' dir='ltr' id='par_1_79' title="bbox 2104 3609 3696 3690">
     <span class='ocr_line' id='line_1_79' title="bbox 2104 3609 3696 3690; baseline 0.003 -23"><span class='ocrx_word' id='word_1_581' title='bbox 2104 3615 2241 3685; x_wconf 88' lang='grc' dir='ltr'>πρὸς</span> <span class='ocrx_word' id='word_1_582' title='bbox 2281 3616 2372 3669; x_wconf 87' lang='grc' dir='ltr'><strong>τὸν</strong></span> <span class='ocrx_word' id='word_1_583' title='bbox 2424 3616 2555 3669; x_wconf 89' lang='grc' dir='ltr'>Θεὸν</span> <span class='ocrx_word' id='word_1_584' title='bbox 2577 3657 2591 3678; x_wconf 89' lang='grc'><strong>,</strong></span> <span class='ocrx_word' id='word_1_585' title='bbox 2639 3616 2735 3670; x_wconf 83' lang='lat' dir='ltr'><strong>xal</strong></span> <span class='ocrx_word' id='word_1_586' title='bbox 2780 3618 2914 3682; x_wconf 87' lang='grc' dir='ltr'>Θεὸς</span> <span class='ocrx_word' id='word_1_587' title='bbox 2944 3612 3012 3690; x_wconf 79' lang='grc' dir='ltr'>ἦν</span> <span class='ocrx_word' id='word_1_588' title='bbox 3043 3619 3071 3671; x_wconf 97' lang='lat'><strong>6</strong></span> <span class='ocrx_word' id='word_1_589' title='bbox 3099 3617 3289 3687; x_wconf 85' lang='grc' dir='ltr'>Λόγος.</span> <span class='ocrx_word' id='word_1_590' title='bbox 3322 3609 3491 3681; x_wconf 75' lang='grc' dir='ltr'>Οὗτος</span> <span class='ocrx_word' id='word_1_591' title='bbox 3529 3613 3600 3690; x_wconf 81' lang='grc' dir='ltr'>ἦν</span> <span class='ocrx_word' id='word_1_592' title='bbox 3632 3621 3696 3671; x_wconf 83' lang='grc' dir='ltr'><strong>ἐν</strong></span> 
     </span>
    </p>
   </div>
   <div class='ocr_carea' id='block_1_80' title="bbox 2103 3708 3695 3782">
    <p class='ocr_par' dir='ltr' id='par_1_80' title="bbox 2103 3708 3695 3782">
     <span class='ocr_line' id='line_1_80' title="bbox 2103 3708 3695 3782; baseline 0.002 -18"><span class='ocrx_word' id='word_1_593' title='bbox 2103 3711 2246 3781; x_wconf 84' lang='grc' dir='ltr'>ἀρχῇ</span> <span class='ocrx_word' id='word_1_594' title='bbox 2277 3710 2413 3782; x_wconf 86' lang='grc' dir='ltr'>πρὸς</span> <span class='ocrx_word' id='word_1_595' title='bbox 2437 3709 2528 3762; x_wconf 88' lang='grc' dir='ltr'><strong>τὸν</strong></span> <span class='ocrx_word' id='word_1_596' title='bbox 2555 3709 2686 3766; x_wconf 90' lang='grc' dir='ltr'>Θεόν</span> <span class='ocrx_word' id='word_1_597' title='bbox 2708 3727 2722 3740; x_wconf 85' lang='grc'><strong>·</strong></span> <span class='ocrx_word' id='word_1_598' title='bbox 2778 3711 2957 3764; x_wconf 88' lang='grc' dir='ltr'>πάντα</span> <span class='ocrx_word' id='word_1_599' title='bbox 2987 3709 3053 3763; x_wconf 84' lang='grc' dir='ltr'>δι’</span> <span class='ocrx_word' id='word_1_600' title='bbox 3092 3708 3256 3764; x_wconf 79' lang='grc' dir='ltr'>αὐτοῦ</span> <span class='ocrx_word' id='word_1_601' title='bbox 3299 3710 3515 3778; x_wconf 85' lang='grc' dir='ltr'>ἐγένετο</span> <span class='ocrx_word' id='word_1_602' title='bbox 3537 3751 3553 3776; x_wconf 87' lang='grc'><strong>,</strong></span> <span class='ocrx_word' id='word_1_603' title='bbox 3596 3713 3695 3767; x_wconf 74' lang='grc' dir='ltr'><strong>καὶ</strong></span> 
     </span>
    </p>
   </div>
   <div class='ocr_carea' id='block_1_81' title="bbox 2102 3800 3690 3874">
    <p class='ocr_par' dir='ltr' id='par_1_81' title="bbox 2102 3800 3690 3874">
     <span class='ocr_line' id='line_1_81' title="bbox 2102 3800 3690 3874; baseline 0 -21"><span class='ocrx_word' id='word_1_604' title='bbox 2102 3802 2271 3874; x_wconf 72' lang='grc' dir='ltr'>χωρὶς</span> <span class='ocrx_word' id='word_1_605' title='bbox 2299 3800 2463 3854; x_wconf 83' lang='grc' dir='ltr'>αὑτοῦ</span> <span class='ocrx_word' id='word_1_606' title='bbox 2491 3801 2706 3869; x_wconf 81' lang='grc' dir='ltr'>ἐγένετο</span> <span class='ocrx_word' id='word_1_607' title='bbox 2737 3802 2909 3865; x_wconf 76' lang='grc' dir='ltr'>οὐδὲν,</span> <span class='ocrx_word' id='word_1_608' title='bbox 2938 3801 2967 3854; x_wconf 84' lang='grc' dir='ltr'><strong>ὃ</strong></span> <span class='ocrx_word' id='word_1_609' title='bbox 2992 3800 3231 3871; x_wconf 89' lang='grc' dir='ltr'>γέγονεν.</span> <span class='ocrx_word' id='word_1_610' title='bbox 3274 3801 3363 3856; x_wconf 89' lang='grc' dir='ltr'><strong>Ἐν</strong></span> <span class='ocrx_word' id='word_1_611' title='bbox 3399 3801 3549 3873; x_wconf 80' lang='grc' dir='ltr'><strong>αὑτῷ</strong></span> <span class='ocrx_word' id='word_1_612' title='bbox 3574 3800 3690 3873; x_wconf 78' lang='grc' dir='ltr'><strong>ζωὴ</strong></span> 
     </span>
    </p>
   </div>
   <div class='ocr_carea' id='block_1_82' title="bbox 2099 3888 3691 3964">
    <p class='ocr_par' dir='ltr' id='par_1_82' title="bbox 2099 3888 3691 3964">
     <span class='ocr_line' id='line_1_82' title="bbox 2099 3888 3691 3964; baseline -0.002 -18"><span class='ocrx_word' id='word_1_613' title='bbox 2099 3888 2189 3964; x_wconf 79' lang='grc' dir='ltr'>ἦν,</span> <span class='ocrx_word' id='word_1_614' title='bbox 2224 3892 2321 3946; x_wconf 77' lang='grc' dir='ltr'><strong>καὶ</strong></span> <span class='ocrx_word' id='word_1_615' title='bbox 2350 3895 2382 3964; x_wconf 80' lang='grc' dir='ltr'>ἡ</span> <span class='ocrx_word' id='word_1_616' title='bbox 2416 3891 2528 3964; x_wconf 79' lang='grc' dir='ltr'><strong>ζωὴ</strong></span> <span class='ocrx_word' id='word_1_617' title='bbox 2551 3888 2617 3963; x_wconf 80' lang='grc' dir='ltr'>ἦν</span> <span class='ocrx_word' id='word_1_618' title='bbox 2640 3892 2700 3944; x_wconf 90' lang='grc' dir='ltr'><strong>τὸ</strong></span> <span class='ocrx_word' id='word_1_619' title='bbox 2735 3892 2849 3962; x_wconf 88' lang='grc' dir='ltr'><strong>φῶς</strong></span> <span class='ocrx_word' id='word_1_620' title='bbox 2876 3891 2985 3945; x_wconf 92' lang='grc' dir='ltr'><strong>τῶν</strong></span> <span class='ocrx_word' id='word_1_621' title='bbox 3016 3888 3342 3962; x_wconf 86' lang='grc' dir='ltr'>ἀνθρώπων.</span> <span class='ocrx_word' id='word_1_622' title='bbox 3391 3910 3411 3944; x_wconf 74' lang='grc' dir='ltr'><strong>ι</strong></span> <span class='ocrx_word' id='word_1_623' title='bbox 3442 3891 3691 3954; x_wconf 72' lang='grc' dir='ltr'>Εἰκότως</span> 
     </span>
    </p>
   </div>
   <div class='ocr_carea' id='block_1_83' title="bbox 2099 3981 3687 4057">
    <p class='ocr_par' dir='ltr' id='par_1_83' title="bbox 2099 3981 3687 4057">
     <span class='ocr_line' id='line_1_83' title="bbox 2099 3981 3687 4057; baseline -0.001 -19"><span class='ocrx_word' id='word_1_624' title='bbox 2099 3985 2233 4057; x_wconf 85' lang='grc' dir='ltr'>δῆτα</span> <span class='ocrx_word' id='word_1_625' title='bbox 2259 3983 2339 4055; x_wconf 80' lang='grc' dir='ltr'>τῷ</span> <span class='ocrx_word' id='word_1_626' title='bbox 2393 3983 2542 4053; x_wconf 77' lang='grc' dir='ltr'>αὐτῷ</span> <span class='ocrx_word' id='word_1_627' title='bbox 2581 3982 2853 4053; x_wconf 88' lang='grc' dir='ltr'>πνεύματι</span> <span class='ocrx_word' id='word_1_628' title='bbox 2896 3982 2991 4036; x_wconf 77' lang='grc' dir='ltr'><strong>καὶ</strong></span> <span class='ocrx_word' id='word_1_629' title='bbox 3034 3981 3278 4053; x_wconf 80' lang='grc' dir='ltr'>Μωῦσῆς</span> <span class='ocrx_word' id='word_1_630' title='bbox 3314 3984 3343 4037; x_wconf 90' lang='grc' dir='ltr'><strong>ό</strong></span> <span class='ocrx_word' id='word_1_631' title='bbox 3385 3984 3687 4051; x_wconf 84' lang='grc' dir='ltr'>πάνσοφος,</span> 
     </span>
    </p>
   </div>
   <div class='ocr_carea' id='block_1_84' title="bbox 2099 4072 3690 4148">
    <p class='ocr_par' dir='ltr' id='par_1_84' title="bbox 2099 4072 3690 4148">
     <span class='ocr_line' id='line_1_84' title="bbox 2099 4072 3690 4148; baseline -0.005 -18"><span class='ocrx_word' id='word_1_632' title='bbox 2099 4077 2399 4148; x_wconf 85' lang='grc' dir='ltr'>ἀρχόμενος</span> <span class='ocrx_word' id='word_1_633' title='bbox 2424 4076 2522 4147; x_wconf 84' lang='grc' dir='ltr'>τῆς</span> <span class='ocrx_word' id='word_1_634' title='bbox 2550 4076 2673 4128; x_wconf 84' lang='grc' dir='ltr'>κατ’</span> <span class='ocrx_word' id='word_1_635' title='bbox 2697 4073 2858 4127; x_wconf 85' lang='grc' dir='ltr'>αὑτὸν</span> <span class='ocrx_word' id='word_1_636' title='bbox 2894 4072 3274 4143; x_wconf 88' lang='grc' dir='ltr'>κοσμογονίας,</span> <span class='ocrx_word' id='word_1_637' title='bbox 3332 4073 3390 4125; x_wconf 81' lang='grc' dir='ltr'><strong>ἐν</strong></span> <span class='ocrx_word' id='word_1_638' title='bbox 3429 4072 3498 4141; x_wconf 83' lang='grc' dir='ltr'>τῇ</span> <span class='ocrx_word' id='word_1_639' title='bbox 3555 4085 3690 4139; x_wconf 85' lang='grc' dir='ltr'>προ-</span> 
     </span>
    </p>
   </div>
   <div class='ocr_carea' id='block_1_85' title="bbox 2090 4159 3691 4240">
    <p class='ocr_par' dir='ltr' id='par_1_85' title="bbox 2090 4159 3691 4240">
     <span class='ocr_line' id='line_1_85' title="bbox 2090 4159 3691 4240; baseline -0.006 -21"><span class='ocrx_word' id='word_1_640' title='bbox 2090 4165 2413 4240; x_wconf 84' lang='grc' dir='ltr'>αποδοθείσῃ</span> <span class='ocrx_word' id='word_1_641' title='bbox 2430 4166 2570 4239; x_wconf 78' lang='grc' dir='ltr'>ἀρχῇ</span> <span class='ocrx_word' id='word_1_642' title='bbox 2588 4163 2942 4236; x_wconf 86' lang='grc' dir='ltr'>πεποιηκέναι</span> <span class='ocrx_word' id='word_1_643' title='bbox 2964 4163 3055 4217; x_wconf 88' lang='grc' dir='ltr'><strong>τὸν</strong></span> <span class='ocrx_word' id='word_1_644' title='bbox 3076 4162 3207 4216; x_wconf 86' lang='grc' dir='ltr'>Θεὸν</span> <span class='ocrx_word' id='word_1_645' title='bbox 3226 4162 3316 4214; x_wconf 90' lang='grc' dir='ltr'><strong>τὸν</strong></span> <span class='ocrx_word' id='word_1_646' title='bbox 3344 4159 3572 4230; x_wconf 78' lang='grc' dir='ltr'>οὐρανὸν</span> <span class='ocrx_word' id='word_1_647' title='bbox 3590 4161 3691 4211; x_wconf 73' lang='grc' dir='ltr'><strong>καὶ</strong></span> 
     </span>
    </p>
   </div>
   <div class='ocr_carea' id='block_1_86' title="bbox 414 4251 2006 4328">
    <p class='ocr_par' dir='ltr' id='par_1_86' title="bbox 414 4254 1996 4328">
     <span class='ocr_line' id='line_1_86' title="bbox 414 4254 1996 4328; baseline -0.001 -17"><span class='ocrx_word' id='word_1_648' title='bbox 414 4264 471 4311; x_wconf 84' lang='lat' dir='ltr'><strong>et</strong></span> <span class='ocrx_word' id='word_1_649' title='bbox 502 4255 622 4311; x_wconf 85' lang='lat' dir='ltr'><strong>sine</strong></span> <span class='ocrx_word' id='word_1_650' title='bbox 658 4256 779 4325; x_wconf 90' lang='lat' dir='ltr'><strong>ipso</strong></span> <span class='ocrx_word' id='word_1_651' title='bbox 821 4254 1026 4311; x_wconf 84' lang='lat' dir='ltr'><strong>factum</strong></span> <span class='ocrx_word' id='word_1_652' title='bbox 1060 4268 1143 4313; x_wconf 89' lang='lat' dir='ltr'><strong>est</strong></span> <span class='ocrx_word' id='word_1_653' title='bbox 1165 4257 1324 4322; x_wconf 86' lang='lat' dir='ltr'><strong>nihil,</strong></span> <span class='ocrx_word' id='word_1_654' title='bbox 1366 4258 1511 4328; x_wconf 83' lang='lat' dir='ltr'><strong>quod</strong></span> <span class='ocrx_word' id='word_1_655' title='bbox 1543 4256 1747 4312; x_wconf 86' lang='lat' dir='ltr'><strong>factum</strong></span> <span class='ocrx_word' id='word_1_656' title='bbox 1773 4267 1875 4312; x_wconf 89' lang='lat' dir='ltr'><strong>est.</strong></span> <span class='ocrx_word' id='word_1_657' title='bbox 1936 4255 1996 4310; x_wconf 85' lang='lat' dir='ltr'><strong>In</strong></span> 
     </span>
    </p>
   </div>
   <div class='ocr_carea' id='block_1_87' title="bbox 2110 4251 3691 4328">
    <p class='ocr_par' dir='ltr' id='par_1_87' title="bbox 2110 4251 3691 4328">
     <span class='ocr_line' id='line_1_87' title="bbox 2110 4251 3691 4328; baseline -0.003 -18"><span class='ocrx_word' id='word_1_658' title='bbox 2110 4256 2196 4328; x_wconf 74' lang='grc' dir='ltr'><strong>τὴν</strong></span> <span class='ocrx_word' id='word_1_659' title='bbox 2220 4257 2324 4327; x_wconf 80' lang='grc' dir='ltr'>γῆν</span> <span class='ocrx_word' id='word_1_660' title='bbox 2355 4271 2547 4326; x_wconf 89' lang='grc' dir='ltr'>φησιν·</span> <span class='ocrx_word' id='word_1_661' title='bbox 2572 4254 2722 4327; x_wconf 81' lang='grc' dir='ltr'>αὐτῷ</span> <span class='ocrx_word' id='word_1_662' title='bbox 2747 4272 2807 4308; x_wconf 89' lang='grc' dir='ltr'><strong>τε</strong></span> <span class='ocrx_word' id='word_1_663' title='bbox 2852 4255 3090 4324; x_wconf 80' lang='grc' dir='ltr'>εἰσάγει,</span> <span class='ocrx_word' id='word_1_664' title='bbox 3123 4253 3199 4317; x_wconf 90' lang='grc' dir='ltr'><strong>ώς</strong></span> <span class='ocrx_word' id='word_1_665' title='bbox 3236 4251 3303 4306; x_wconf 82' lang='grc' dir='ltr'>ἂν</span> <span class='ocrx_word' id='word_1_666' title='bbox 3356 4251 3545 4322; x_wconf 83' lang='grc' dir='ltr'>οἰκείῳ</span> <span class='ocrx_word' id='word_1_667' title='bbox 3591 4252 3691 4305; x_wconf 75' lang='grc' dir='ltr'><strong>καὶ</strong></span> 
     </span>
    </p>
   </div>
   <div class='ocr_carea' id='block_1_88' title="bbox 415 4343 2006 4421">
    <p class='ocr_par' dir='ltr' id='par_1_88' title="bbox 415 4346 1995 4418">
     <span class='ocr_line' id='line_1_88' title="bbox 415 4346 1995 4418; baseline 0 -16"><span class='ocrx_word' id='word_1_668' title='bbox 415 4347 535 4418; x_wconf 85' lang='lat' dir='ltr'><strong>ipso</strong></span> <span class='ocrx_word' id='word_1_669' title='bbox 561 4347 669 4401; x_wconf 91' lang='lat' dir='ltr'><strong>vita</strong></span> <span class='ocrx_word' id='word_1_670' title='bbox 699 4357 837 4413; x_wconf 89' lang='lat' dir='ltr'><strong>erat,</strong></span> <span class='ocrx_word' id='word_1_671' title='bbox 865 4356 919 4403; x_wconf 91' lang='lat' dir='ltr'><strong>et</strong></span> <span class='ocrx_word' id='word_1_672' title='bbox 942 4349 1048 4403; x_wconf 91' lang='lat' dir='ltr'><strong>vita</strong></span> <span class='ocrx_word' id='word_1_673' title='bbox 1080 4359 1201 4404; x_wconf 85' lang='lat' dir='ltr'><strong>erat</strong></span> <span class='ocrx_word' id='word_1_674' title='bbox 1241 4350 1332 4404; x_wconf 77' lang='lat' dir='ltr'><strong>lux</strong></span> <span class='ocrx_word' id='word_1_675' title='bbox 1366 4349 1764 4403; x_wconf 56' lang='lat' dir='ltr'><strong>hominum’m</strong></span> <span class='ocrx_word' id='word_1_676' title='bbox 1809 4346 1995 4417; x_wconf 80' lang='lat' dir='ltr'><strong>Itaque</strong></span> 
     </span>
    </p>
   </div>
   <div class='ocr_carea' id='block_1_89' title="bbox 2110 4343 3691 4421">
    <p class='ocr_par' dir='ltr' id='par_1_89' title="bbox 2110 4343 3691 4421">
     <span class='ocr_line' id='line_1_89' title="bbox 2110 4343 3691 4421; baseline -0.003 -19"><span class='ocrx_word' id='word_1_677' title='bbox 2110 4348 2424 4421; x_wconf 81' lang='grc' dir='ltr'>πρωτογόνῳ</span> <span class='ocrx_word' id='word_1_678' title='bbox 2454 4346 2618 4400; x_wconf 78' lang='grc' dir='ltr'>αὐτοῦ</span> <span class='ocrx_word' id='word_1_679' title='bbox 2649 4347 2827 4417; x_wconf 84' lang='grc' dir='ltr'>Λόγῳ,</span> <span class='ocrx_word' id='word_1_680' title='bbox 2851 4344 3323 4416; x_wconf 75' lang='grc' dir='ltr'>κοινολογούμενον</span> <span class='ocrx_word' id='word_1_681' title='bbox 3353 4345 3446 4396; x_wconf 74' lang='grc' dir='ltr'><strong>ἐπὶ</strong></span> <span class='ocrx_word' id='word_1_682' title='bbox 3467 4343 3568 4414; x_wconf 83' lang='grc' dir='ltr'>τῆς</span> <span class='ocrx_word' id='word_1_683' title='bbox 3587 4343 3691 4398; x_wconf 78' lang='grc' dir='ltr'>τοῦ</span> 
     </span>
    </p>
   </div>
   <div class='ocr_carea' id='block_1_90' title="bbox 415 4435 2006 4514">
    <p class='ocr_par' dir='ltr' id='par_1_90' title="bbox 415 4435 1993 4508">
     <span class='ocr_line' id='line_1_90' title="bbox 415 4435 1993 4508; baseline 0.002 -18"><span class='ocrx_word' id='word_1_684' title='bbox 415 4436 683 4506; x_wconf 85' lang='lat' dir='ltr'><strong>sanejure</strong></span> <span class='ocrx_word' id='word_1_685' title='bbox 697 4435 915 4508; x_wconf 76' lang='lat' dir='ltr'><strong>Moyses</strong></span> <span class='ocrx_word' id='word_1_686' title='bbox 938 4438 1027 4493; x_wconf 89' lang='lat' dir='ltr'><strong>ille</strong></span> <span class='ocrx_word' id='word_1_687' title='bbox 1056 4439 1525 4508; x_wconf 90' lang='lat' dir='ltr'><strong>sapientissimus,</strong></span> <span class='ocrx_word' id='word_1_688' title='bbox 1557 4440 1750 4493; x_wconf 82' lang='lat' dir='ltr'><strong>eodem</strong></span> <span class='ocrx_word' id='word_1_689' title='bbox 1780 4438 1993 4493; x_wconf 77' lang='lat' dir='ltr'><strong>afﬂatus</strong></span> 
     </span>
    </p>
   </div>
   <div class='ocr_carea' id='block_1_91' title="bbox 2110 4435 3687 4514">
    <p class='ocr_par' dir='ltr' id='par_1_91' title="bbox 2110 4435 3687 4514">
     <span class='ocr_line' id='line_1_91' title="bbox 2110 4435 3687 4514; baseline -0.003 -20"><span class='ocrx_word' id='word_1_690' title='bbox 2110 4441 2389 4514; x_wconf 68' lang='grc' dir='ltr'>ὶνθρώπου</span> <span class='ocrx_word' id='word_1_691' title='bbox 2448 4440 2807 4511; x_wconf 82' lang='grc' dir='ltr'>δημιουργίας</span> <span class='ocrx_word' id='word_1_692' title='bbox 2843 4440 2936 4493; x_wconf 89' lang='grc' dir='ltr'><strong>τὸν</strong></span> <span class='ocrx_word' id='word_1_693' title='bbox 2993 4439 3146 4502; x_wconf 86' lang='grc' dir='ltr'>Θεὸν,</span> <span class='ocrx_word' id='word_1_694' title='bbox 3195 4439 3252 4490; x_wconf 81' lang='grc' dir='ltr'><strong>ἐν</strong></span> <span class='ocrx_word' id='word_1_695' title='bbox 3311 4435 3395 4501; x_wconf 75' lang='grc' dir='ltr'>οἷς</span> <span class='ocrx_word' id='word_1_696' title='bbox 3442 4436 3687 4508; x_wconf 76' lang='grc' dir='ltr'>γράφει*</span> 
     </span>
    </p>
   </div>
   <div class='ocr_carea' id='block_1_92' title="bbox 415 4526 2006 4601">
    <p class='ocr_par' dir='ltr' id='par_1_92' title="bbox 415 4526 1989 4600">
     <span class='ocr_line' id='line_1_92' title="bbox 415 4526 1989 4600; baseline 0.002 -19"><span class='ocrx_word' id='word_1_697' title='bbox 415 4526 612 4595; x_wconf 75' lang='lat' dir='ltr'><strong>Spiritu</strong></span> <span class='ocrx_word' id='word_1_698' title='bbox 642 4542 768 4583; x_wconf 89' lang='lat' dir='ltr'><strong>cum</strong></span> <span class='ocrx_word' id='word_1_699' title='bbox 799 4538 963 4597; x_wconf 84' lang='lat' dir='ltr'><strong>esset,</strong></span> <span class='ocrx_word' id='word_1_700' title='bbox 1002 4530 1121 4599; x_wconf 88' lang='lat' dir='ltr'><strong>ipso</strong></span> <span class='ocrx_word' id='word_1_701' title='bbox 1152 4532 1339 4585; x_wconf 85' lang='lat' dir='ltr'><strong>statim</strong></span> <span class='ocrx_word' id='word_1_702' title='bbox 1379 4532 1500 4600; x_wconf 90' lang='lat' dir='ltr'><strong>ejus</strong></span> <span class='ocrx_word' id='word_1_703' title='bbox 1530 4547 1693 4600; x_wconf 85' lang='lat' dir='ltr'><strong>quam</strong></span> <span class='ocrx_word' id='word_1_704' title='bbox 1726 4530 1989 4585; x_wconf 88' lang='lat' dir='ltr'><strong>describit</strong></span> 
     </span>
    </p>
   </div>
   <div class='ocr_carea' id='block_1_93' title="bbox 2110 4526 3695 4601">
    <p class='ocr_par' dir='ltr' id='par_1_93' title="bbox 2110 4528 3695 4601">
     <span class='ocr_line' id='line_1_93' title="bbox 2110 4528 3695 4601; baseline -0.003 -15"><span class='ocrx_word' id='word_1_705' title='bbox 2110 4552 2117 4585; x_wconf 75' lang='grc' dir='ltr'><strong>ι</strong></span> <span class='ocrx_word' id='word_1_706' title='bbox 2154 4533 2263 4586; x_wconf 77' lang='lat' dir='ltr'><strong>Kal</strong></span> <span class='ocrx_word' id='word_1_707' title='bbox 2292 4528 2443 4585; x_wconf 73' lang='grc' dir='ltr'>εἶπεν</span> <span class='ocrx_word' id='word_1_708' title='bbox 2480 4534 2507 4585; x_wconf 88' lang='grc' dir='ltr'><strong>ό</strong></span> <span class='ocrx_word' id='word_1_709' title='bbox 2536 4531 2701 4594; x_wconf 79' lang='grc' dir='ltr'>Θεός’</span> <span class='ocrx_word' id='word_1_710' title='bbox 2738 4531 3061 4601; x_wconf 84' lang='grc' dir='ltr'>Ποιήσωμεν</span> <span class='ocrx_word' id='word_1_711' title='bbox 3097 4529 3380 4601; x_wconf 84' lang='grc' dir='ltr'>ἄνθρωπον</span> <span class='ocrx_word' id='word_1_712' title='bbox 3426 4530 3550 4581; x_wconf 84' lang='grc' dir='ltr'>κατ’</span> <span class='ocrx_word' id='word_1_713' title='bbox 3609 4531 3695 4582; x_wconf 80' lang='grc' dir='ltr'>εί-</span> 
     </span>
    </p>
   </div>
   <div class='ocr_carea' id='block_1_94' title="bbox 413 4618 2006 4696">
    <p class='ocr_par' dir='ltr' id='par_1_94' title="bbox 413 4618 1985 4690">
     <span class='ocr_line' id='line_1_94' title="bbox 413 4618 1985 4690; baseline 0.004 -19"><span class='ocrx_word' id='word_1_714' title='bbox 413 4618 601 4673; x_wconf 86' lang='lat' dir='ltr'><strong>mundi</strong></span> <span class='ocrx_word' id='word_1_715' title='bbox 653 4621 950 4678; x_wconf 86' lang='lat' dir='ltr'><strong>molitionis</strong></span> <span class='ocrx_word' id='word_1_716' title='bbox 992 4621 1172 4690; x_wconf 89' lang='lat' dir='ltr'><strong>initio,</strong></span> <span class='ocrx_word' id='word_1_717' title='bbox 1205 4623 1377 4678; x_wconf 90' lang='lat' dir='ltr'><strong>Deum</strong></span> <span class='ocrx_word' id='word_1_718' title='bbox 1401 4634 1679 4679; x_wconf 88' lang='lat' dir='ltr'><strong>asseverat</strong></span> <span class='ocrx_word' id='word_1_719' title='bbox 1706 4624 1759 4678; x_wconf 92' lang='lat' dir='ltr'><strong>in</strong></span> <span class='ocrx_word' id='word_1_720' title='bbox 1795 4624 1985 4678; x_wconf 91' lang='lat' dir='ltr'><strong>eodem</strong></span> 
     </span>
    </p>
   </div>
   <div class='ocr_carea' id='block_1_95' title="bbox 2110 4618 3691 4696">
    <p class='ocr_par' dir='ltr' id='par_1_95' title="bbox 2110 4619 3691 4696">
     <span class='ocr_line' id='line_1_95' title="bbox 2110 4619 3691 4696; baseline -0.002 -19"><span class='ocrx_word' id='word_1_721' title='bbox 2110 4624 2234 4678; x_wconf 70' lang='grc' dir='ltr'>ιιόνα</span> <span class='ocrx_word' id='word_1_722' title='bbox 2265 4623 2540 4696; x_wconf 80' lang='grc' dir='ltr'>ἡμετέραν</span> <span class='ocrx_word' id='word_1_723' title='bbox 2572 4623 2667 4675; x_wconf 73' lang='grc' dir='ltr'>καὶ</span> <span class='ocrx_word' id='word_1_724' title='bbox 2692 4620 2812 4675; x_wconf 87' lang='grc' dir='ltr'>καθ’</span> <span class='ocrx_word' id='word_1_725' title='bbox 2848 4620 3126 4692; x_wconf 85' lang='grc' dir='ltr'>ὁμοίωσιν.</span> <span class='ocrx_word' id='word_1_726' title='bbox 3173 4639 3190 4671; x_wconf 83' lang='grc'><strong>›</strong></span> <span class='ocrx_word' id='word_1_727' title='bbox 3222 4620 3392 4673; x_wconf 76' lang='grc' dir='ltr'>Τοῦτο</span> <span class='ocrx_word' id='word_1_728' title='bbox 3430 4619 3489 4672; x_wconf 82' lang='grc' dir='ltr'>δὲ</span> <span class='ocrx_word' id='word_1_729' title='bbox 3524 4621 3620 4674; x_wconf 80' lang='lat' dir='ltr'><strong>xal</strong></span> <span class='ocrx_word' id='word_1_730' title='bbox 3658 4622 3691 4674; x_wconf 87' lang='lat'><strong>6</strong></span> 
     </span>
    </p>
   </div>
   <div class='ocr_carea' id='block_1_96' title="bbox 411 4707 2006 4787">
    <p class='ocr_par' dir='ltr' id='par_1_96' title="bbox 411 4709 1987 4787">
     <span class='ocr_line' id='line_1_96' title="bbox 411 4709 1987 4787; baseline 0.003 -22"><span class='ocrx_word' id='word_1_731' title='bbox 411 4709 507 4765; x_wconf 89' lang='lat' dir='ltr'><strong>illo</strong></span> <span class='ocrx_word' id='word_1_732' title='bbox 543 4712 812 4784; x_wconf 87' lang='lat' dir='ltr'><strong>principio</strong></span> <span class='ocrx_word' id='word_1_733' title='bbox 856 4716 1055 4770; x_wconf 64' lang='lat' dir='ltr'><strong>caelum</strong></span> <span class='ocrx_word' id='word_1_734' title='bbox 1085 4725 1399 4787; x_wconf 90' lang='lat' dir='ltr'><strong>terramque</strong></span> <span class='ocrx_word' id='word_1_735' title='bbox 1445 4715 1676 4772; x_wconf 83' lang='lat' dir='ltr'><strong>fecisse:</strong></span> <span class='ocrx_word' id='word_1_736' title='bbox 1724 4732 1834 4786; x_wconf 91' lang='lat' dir='ltr'><strong>quo</strong></span> <span class='ocrx_word' id='word_1_737' title='bbox 1862 4732 1987 4770; x_wconf 88' lang='lat' dir='ltr'><strong>cum</strong></span> 
     </span>
    </p>
   </div>
   <div class='ocr_carea' id='block_1_97' title="bbox 2110 4707 3686 4787">
    <p class='ocr_par' dir='ltr' id='par_1_97' title="bbox 2110 4707 3686 4785">
     <span class='ocr_line' id='line_1_97' title="bbox 2110 4707 3686 4785; baseline -0.002 -18"><span class='ocrx_word' id='word_1_738' title='bbox 2110 4714 2395 4785; x_wconf 70' lang='grc' dir='ltr'>Ψαλμῳδὸς</span> <span class='ocrx_word' id='word_1_739' title='bbox 2424 4713 2689 4784; x_wconf 70' lang='grc' dir='ltr'>ᾐνίττετο,</span> <span class='ocrx_word' id='word_1_740' title='bbox 2720 4710 2953 4783; x_wconf 81' lang='grc' dir='ltr'>ὁπηνίκα</span> <span class='ocrx_word' id='word_1_741' title='bbox 2974 4709 3103 4781; x_wconf 76' lang='grc' dir='ltr'>περὶ</span> <span class='ocrx_word' id='word_1_742' title='bbox 3132 4708 3226 4763; x_wconf 79' lang='grc' dir='ltr'>τοῦ</span> <span class='ocrx_word' id='word_1_743' title='bbox 3255 4707 3474 4781; x_wconf 84' lang='grc' dir='ltr'>πρώτου</span> <span class='ocrx_word' id='word_1_744' title='bbox 3504 4711 3686 4764; x_wconf 73' lang='grc' dir='ltr'>αἰτίου</span> 
     </span>
    </p>
   </div>
   <div class='ocr_carea' id='block_1_98' title="bbox 407 4799 2006 4879">
    <p class='ocr_par' dir='ltr' id='par_1_98' title="bbox 407 4802 1989 4879">
     <span class='ocr_line' id='line_1_98' title="bbox 407 4802 1989 4879; baseline 0.003 -22"><span class='ocrx_word' id='word_1_745' title='bbox 407 4802 599 4869; x_wconf 81' lang='lat' dir='ltr'><strong>etiam,</strong></span> <span class='ocrx_word' id='word_1_746' title='bbox 637 4804 801 4859; x_wconf 90' lang='lat' dir='ltr'><strong>veluti</strong></span> <span class='ocrx_word' id='word_1_747' title='bbox 827 4821 952 4860; x_wconf 92' lang='lat' dir='ltr'><strong>cum</strong></span> <span class='ocrx_word' id='word_1_748' title='bbox 982 4822 1083 4862; x_wconf 89' lang='lat' dir='ltr'><strong>suo</strong></span> <span class='ocrx_word' id='word_1_749' title='bbox 1118 4807 1293 4877; x_wconf 87' lang='lat' dir='ltr'><strong>ipsius</strong></span> <span class='ocrx_word' id='word_1_750' title='bbox 1323 4822 1386 4863; x_wconf 93' lang='lat' dir='ltr'><strong>ac</strong></span> <span class='ocrx_word' id='word_1_751' title='bbox 1413 4808 1779 4879; x_wconf 76' lang='lat' dir='ltr'><strong>primOgenito</strong></span> <span class='ocrx_word' id='word_1_752' title='bbox 1810 4805 1989 4863; x_wconf 91' lang='lat' dir='ltr'><strong>Verbo</strong></span> 
     </span>
    </p>
   </div>
   <div class='ocr_carea' id='block_1_99' title="bbox 2110 4799 3685 4879">
    <p class='ocr_par' dir='ltr' id='par_1_99' title="bbox 2110 4799 3685 4875">
     <span class='ocr_line' id='line_1_99' title="bbox 2110 4799 3685 4875; baseline -0.002 -16"><span class='ocrx_word' id='word_1_753' title='bbox 2110 4806 2321 4874; x_wconf 76' lang='grc' dir='ltr'>ῑιεξιὼν,</span> <span class='ocrx_word' id='word_1_754' title='bbox 2350 4825 2369 4857; x_wconf 81' lang='grc' dir='ltr'><strong>ι</strong></span> <span class='ocrx_word' id='word_1_755' title='bbox 2425 4806 2614 4871; x_wconf 83' lang='grc' dir='ltr'>Αὐτὸς,</span> <span class='ocrx_word' id='word_1_756' title='bbox 2679 4805 2859 4875; x_wconf 69' lang='grc' dir='ltr'>φησιν,</span> <span class='ocrx_word' id='word_1_757' title='bbox 2920 4799 3060 4868; x_wconf 77' lang='grc' dir='ltr'>εἷπε,</span> <span class='ocrx_word' id='word_1_758' title='bbox 3123 4802 3219 4855; x_wconf 73' lang='grc' dir='ltr'><strong>καὶ</strong></span> <span class='ocrx_word' id='word_1_759' title='bbox 3275 4802 3645 4874; x_wconf 76' lang='grc' dir='ltr'>ἐγεννήθησαν</span> <span class='ocrx_word' id='word_1_760' title='bbox 3669 4820 3685 4834; x_wconf 93' lang='grc'><strong>·</strong></span> 
     </span>
    </p>
   </div>
   <div class='ocr_carea' id='block_1_100' title="bbox 408 4891 1989 4972">
    <p class='ocr_par' dir='ltr' id='par_1_100' title="bbox 408 4891 1989 4972">
     <span class='ocr_line' id='line_1_100' title="bbox 408 4891 1989 4972; baseline 0.007 -26"><span class='ocrx_word' id='word_1_761' title='bbox 408 4891 479 4947; x_wconf 86' lang='lat' dir='ltr'><strong>de</strong></span> <span class='ocrx_word' id='word_1_762' title='bbox 525 4894 763 4951; x_wconf 92' lang='lat' dir='ltr'><strong>hominis</strong></span> <span class='ocrx_word' id='word_1_763' title='bbox 798 4900 1176 4967; x_wconf 90' lang='lat' dir='ltr'><strong>procreatione</strong></span> <span class='ocrx_word' id='word_1_764' title='bbox 1226 4902 1626 4972; x_wconf 82' lang='lat' dir='ltr'><strong>colloquentem</strong></span> <span class='ocrx_word' id='word_1_765' title='bbox 1681 4900 1852 4957; x_wconf 89' lang='lat' dir='ltr'><strong>Deum</strong></span> <span class='ocrx_word' id='word_1_766' title='bbox 1903 4903 1989 4957; x_wconf 88' lang='lat' dir='ltr'><strong>in-</strong></span> 
     </span>
    </p>
   </div>
   <div class='ocr_carea' id='block_1_101' title="bbox 408 4982 1981 5061">
    <p class='ocr_par' dir='ltr' id='par_1_101' title="bbox 408 4982 1981 5061">
     <span class='ocr_line' id='line_1_101' title="bbox 408 4982 1981 5061; baseline 0.005 -23"><span class='ocrx_word' id='word_1_767' title='bbox 408 4982 582 5052; x_wconf 89' lang='lat' dir='ltr'><strong>ducit,</strong></span> <span class='ocrx_word' id='word_1_768' title='bbox 613 4984 698 5040; x_wconf 90' lang='lat' dir='ltr'><strong>his</strong></span> <span class='ocrx_word' id='word_1_769' title='bbox 724 4988 923 5053; x_wconf 88' lang='lat' dir='ltr'><strong>verbis,</strong></span> <span class='ocrx_word' id='word_1_770' title='bbox 954 5007 974 5040; x_wconf 80' lang='grc' dir='ltr'><strong>ι</strong></span> <span class='ocrx_word' id='word_1_771' title='bbox 1010 4988 1263 5061; x_wconf 78' lang='lat' dir='ltr'><strong>Dixitque</strong></span> <span class='ocrx_word' id='word_1_772' title='bbox 1303 4991 1447 5047; x_wconf 86' lang='lat' dir='ltr'><strong>Deus</strong></span> <span class='ocrx_word' id='word_1_773' title='bbox 1490 5010 1504 5047; x_wconf 89' lang='lat'><strong>:</strong></span> <span class='ocrx_word' id='word_1_774' title='bbox 1557 4990 1847 5049; x_wconf 84' lang='lat' dir='ltr'><strong>Faciamus</strong></span> <span class='ocrx_word' id='word_1_775' title='bbox 1878 4993 1981 5046; x_wconf 88' lang='lat' dir='ltr'><strong>bo-</strong></span> 
     </span>
    </p>
   </div>
   <div class='ocr_carea' id='block_1_102' title="bbox 404 5074 1976 5148">
    <p class='ocr_par' dir='ltr' id='par_1_102' title="bbox 404 5074 1976 5148">
     <span class='ocr_line' id='line_1_102' title="bbox 404 5074 1976 5148; baseline 0.004 -18"><span class='ocrx_word' id='word_1_776' title='bbox 404 5074 610 5130; x_wconf 86' lang='lat' dir='ltr'><strong>minem</strong></span> <span class='ocrx_word' id='word_1_777' title='bbox 649 5077 715 5132; x_wconf 89' lang='lat' dir='ltr'><strong>ad</strong></span> <span class='ocrx_word' id='word_1_778' title='bbox 743 5078 1033 5148; x_wconf 86' lang='lat' dir='ltr'><strong>imaginem</strong></span> <span class='ocrx_word' id='word_1_779' title='bbox 1064 5090 1117 5135; x_wconf 90' lang='lat' dir='ltr'><strong>et</strong></span> <span class='ocrx_word' id='word_1_780' title='bbox 1149 5082 1562 5139; x_wconf 89' lang='lat' dir='ltr'><strong>similitudinem</strong></span> <span class='ocrx_word' id='word_1_781' title='bbox 1590 5093 1834 5139; x_wconf 88' lang='lat' dir='ltr'><strong>nostram</strong></span> <span class='ocrx_word' id='word_1_782' title='bbox 1858 5085 1926 5138; x_wconf 84' lang='grc'><strong>⁷³.</strong></span> <span class='ocrx_word' id='word_1_783' title='bbox 1958 5104 1976 5137; x_wconf 71' lang='grc' dir='ltr'><strong>ι</strong></span> 
     </span>
    </p>
   </div>
   <div class='ocr_carea' id='block_1_103' title="bbox 405 5162 1984 5246">
    <p class='ocr_par' dir='ltr' id='par_1_103' title="bbox 405 5162 1984 5246">
     <span class='ocr_line' id='line_1_103' title="bbox 405 5162 1984 5246; baseline 0.008 -28"><span class='ocrx_word' id='word_1_784' title='bbox 405 5162 565 5231; x_wconf 84' lang='lat' dir='ltr'><strong>Quod</strong></span> <span class='ocrx_word' id='word_1_785' title='bbox 617 5166 795 5236; x_wconf 88' lang='lat' dir='ltr'><strong>ipsum</strong></span> <span class='ocrx_word' id='word_1_786' title='bbox 837 5171 1183 5226; x_wconf 84' lang='lat' dir='ltr'><strong>adumbravit</strong></span> <span class='ocrx_word' id='word_1_787' title='bbox 1239 5171 1553 5242; x_wconf 87' lang='lat' dir='ltr'><strong>Psalmista,</strong></span> <span class='ocrx_word' id='word_1_788' title='bbox 1592 5176 1682 5229; x_wconf 90' lang='lat' dir='ltr'><strong>ubi</strong></span> <span class='ocrx_word' id='word_1_789' title='bbox 1712 5177 1779 5230; x_wconf 84' lang='lat' dir='ltr'><strong>de</strong></span> <span class='ocrx_word' id='word_1_790' title='bbox 1806 5177 1984 5246; x_wconf 87' lang='lat' dir='ltr'><strong>primo</strong></span> 
     </span>
    </p>
   </div>
   <div class='ocr_carea' id='block_1_104' title="bbox 408 5257 1981 5336">
    <p class='ocr_par' dir='ltr' id='par_1_104' title="bbox 408 5257 1981 5336">
     <span class='ocr_line' id='line_1_104' title="bbox 408 5257 1981 5336; baseline 0.008 -27"><span class='ocrx_word' id='word_1_791' title='bbox 408 5257 678 5328; x_wconf 78' lang='lat' dir='ltr'><strong>principio</strong></span> <span class='ocrx_word' id='word_1_792' title='bbox 704 5261 955 5331; x_wconf 89' lang='lat' dir='ltr'><strong>loquens,</strong></span> <span class='ocrx_word' id='word_1_793' title='bbox 987 5283 1005 5315; x_wconf 78' lang='grc' dir='ltr'><strong>ι</strong></span> <span class='ocrx_word' id='word_1_794' title='bbox 1030 5264 1151 5334; x_wconf 88' lang='lat' dir='ltr'><strong>lpse</strong></span> <span class='ocrx_word' id='word_1_795' title='bbox 1174 5265 1328 5329; x_wconf 83' lang='lat' dir='ltr'><strong>dixit,</strong></span> <span class='ocrx_word' id='word_1_796' title='bbox 1357 5267 1552 5336; x_wconf 87' lang='lat' dir='ltr'><strong>inquit,</strong></span> <span class='ocrx_word' id='word_1_797' title='bbox 1577 5277 1630 5322; x_wconf 89' lang='lat' dir='ltr'><strong>et</strong></span> <span class='ocrx_word' id='word_1_798' title='bbox 1652 5267 1794 5323; x_wconf 82' lang='lat' dir='ltr'><strong>facta</strong></span> <span class='ocrx_word' id='word_1_799' title='bbox 1821 5279 1981 5323; x_wconf 87' lang='lat' dir='ltr'><strong>sunt:</strong></span> 
     </span>
    </p>
   </div>
   <div class='ocr_carea' id='block_1_105' title="bbox 405 5346 1985 5429">
    <p class='ocr_par' dir='ltr' id='par_1_105' title="bbox 405 5346 1985 5429">
     <span class='ocr_line' id='line_1_105' title="bbox 405 5346 1985 5429; baseline 0.004 -27"><span class='ocrx_word' id='word_1_800' title='bbox 405 5346 523 5417; x_wconf 81' lang='lat' dir='ltr'><strong>ipse</strong></span> <span class='ocrx_word' id='word_1_801' title='bbox 561 5352 855 5419; x_wconf 87' lang='lat' dir='ltr'><strong>mandavit,</strong></span> <span class='ocrx_word' id='word_1_802' title='bbox 882 5363 936 5408; x_wconf 90' lang='lat' dir='ltr'><strong>et</strong></span> <span class='ocrx_word' id='word_1_803' title='bbox 975 5365 1155 5409; x_wconf 86' lang='lat' dir='ltr'><strong>creata</strong></span> <span class='ocrx_word' id='word_1_804' title='bbox 1188 5364 1317 5410; x_wconf 89' lang='lat' dir='ltr'><strong>sunt</strong></span> <span class='ocrx_word' id='word_1_805' title='bbox 1333 5355 1434 5410; x_wconf 69' lang='grc'><strong>⁷⁸.»</strong></span> <span class='ocrx_word' id='word_1_806' title='bbox 1466 5355 1584 5423; x_wconf 87' lang='lat' dir='ltr'><strong>Quo</strong></span> <span class='ocrx_word' id='word_1_807' title='bbox 1617 5356 1985 5429; x_wconf 68' lang='lat' dir='ltr'><strong>prol&#39;ectolo-</strong></span> 
     </span>
    </p>
   </div>
   <div class='ocr_carea' id='block_1_106' title="bbox 404 5440 1980 5516">
    <p class='ocr_par' dir='ltr' id='par_1_106' title="bbox 404 5440 1980 5516">
     <span class='ocr_line' id='line_1_106' title="bbox 404 5440 1980 5516; baseline 0.006 -26"><span class='ocrx_word' id='word_1_808' title='bbox 404 5440 607 5509; x_wconf 81' lang='lat' dir='ltr'><strong>quendi</strong></span> <span class='ocrx_word' id='word_1_809' title='bbox 637 5457 858 5511; x_wconf 88' lang='lat' dir='ltr'><strong>genere,</strong></span> <span class='ocrx_word' id='word_1_810' title='bbox 886 5444 1123 5500; x_wconf 87' lang='lat' dir='ltr'><strong>edictum</strong></span> <span class='ocrx_word' id='word_1_811' title='bbox 1157 5446 1291 5501; x_wconf 91' lang='lat' dir='ltr'><strong>illud</strong></span> <span class='ocrx_word' id='word_1_812' title='bbox 1342 5449 1772 5516; x_wconf 85' lang='lat' dir='ltr'><strong>mandatumque</strong></span> <span class='ocrx_word' id='word_1_813' title='bbox 1810 5448 1980 5516; x_wconf 83' lang='lat' dir='ltr'><strong>signi-</strong></span> 
     </span>
    </p>
   </div>
   <div class='ocr_carea' id='block_1_107' title="bbox 407 5530 1981 5610">
    <p class='ocr_par' dir='ltr' id='par_1_107' title="bbox 407 5530 1981 5610">
     <span class='ocr_line' id='line_1_107' title="bbox 407 5530 1981 5610; baseline 0.006 -26"><span class='ocrx_word' id='word_1_814' title='bbox 407 5530 554 5596; x_wconf 82' lang='lat' dir='ltr'><strong>fleat,</strong></span> <span class='ocrx_word' id='word_1_815' title='bbox 589 5548 699 5602; x_wconf 90' lang='lat' dir='ltr'><strong>quo</strong></span> <span class='ocrx_word' id='word_1_816' title='bbox 719 5536 959 5604; x_wconf 89' lang='lat' dir='ltr'><strong>primum</strong></span> <span class='ocrx_word' id='word_1_817' title='bbox 994 5539 1327 5610; x_wconf 89' lang='lat' dir='ltr'><strong>principium</strong></span> <span class='ocrx_word' id='word_1_818' title='bbox 1365 5554 1491 5594; x_wconf 86' lang='lat' dir='ltr'><strong>cum</strong></span> <span class='ocrx_word' id='word_1_819' title='bbox 1526 5540 1787 5606; x_wconf 87' lang='lat' dir='ltr'><strong>secundo,</strong></span> <span class='ocrx_word' id='word_1_820' title='bbox 1815 5540 1981 5594; x_wconf 90' lang='lat' dir='ltr'><strong>veluti</strong></span> 
     </span>
    </p>
   </div>
   <div class='ocr_carea' id='block_1_108' title="bbox 2093 4892 3689 4965">
    <p class='ocr_par' dir='ltr' id='par_1_108' title="bbox 2093 4892 3689 4965">
     <span class='ocr_line' id='line_1_108' title="bbox 2093 4892 3689 4965; baseline -0.004 -12"><span class='ocrx_word' id='word_1_821' title='bbox 2093 4900 2254 4963; x_wconf 79' lang='grc' dir='ltr'>αὐτὸς</span> <span class='ocrx_word' id='word_1_822' title='bbox 2285 4897 2607 4963; x_wconf 87' lang='grc' dir='ltr'>ἐνετείλατο,</span> <span class='ocrx_word' id='word_1_823' title='bbox 2633 4897 2725 4949; x_wconf 73' lang='grc' dir='ltr'>καὶ</span> <span class='ocrx_word' id='word_1_824' title='bbox 2750 4893 3099 4965; x_wconf 88' lang='grc' dir='ltr'>ἐκτίσθησαν,</span> <span class='ocrx_word' id='word_1_825' title='bbox 3130 4913 3150 4946; x_wconf 76' lang='grc' dir='ltr'><strong>ι</strong></span> <span class='ocrx_word' id='word_1_826' title='bbox 3184 4892 3443 4965; x_wconf 80' lang='grc' dir='ltr'>ἄντικρυς</span> <span class='ocrx_word' id='word_1_827' title='bbox 3466 4893 3567 4963; x_wconf 79' lang='grc' dir='ltr'>τὴν</span> <span class='ocrx_word' id='word_1_828' title='bbox 3585 4893 3689 4947; x_wconf 76' lang='grc' dir='ltr'>τοῦ</span> 
     </span>
    </p>
   </div>
   <div class='ocr_carea' id='block_1_109' title="bbox 2093 4980 3689 5061">
    <p class='ocr_par' dir='ltr' id='par_1_109' title="bbox 2093 4980 3689 5061">
     <span class='ocr_line' id='line_1_109' title="bbox 2093 4980 3689 5061; baseline -0.007 -18"><span class='ocrx_word' id='word_1_829' title='bbox 2093 4988 2311 5061; x_wconf 87' lang='grc' dir='ltr'>πρώτου</span> <span class='ocrx_word' id='word_1_830' title='bbox 2342 4988 2478 5061; x_wconf 86' lang='grc' dir='ltr'>πρὸς</span> <span class='ocrx_word' id='word_1_831' title='bbox 2506 4988 2567 5041; x_wconf 90' lang='grc' dir='ltr'><strong>τὸ</strong></span> <span class='ocrx_word' id='word_1_832' title='bbox 2596 4987 2846 5059; x_wconf 83' lang='grc' dir='ltr'>δεύτερον</span> <span class='ocrx_word' id='word_1_833' title='bbox 2871 4984 3061 5051; x_wconf 70' lang='grc' dir='ltr'>αἴτιον,</span> <span class='ocrx_word' id='word_1_834' title='bbox 3095 4982 3170 5045; x_wconf 78' lang='grc' dir='ltr'>ὡς</span> <span class='ocrx_word' id='word_1_835' title='bbox 3192 4982 3259 5037; x_wconf 80' lang='grc' dir='ltr'><strong>ἂν</strong></span> <span class='ocrx_word' id='word_1_836' title='bbox 3292 4981 3509 5053; x_wconf 86' lang='grc' dir='ltr'>Πατρὸς</span> <span class='ocrx_word' id='word_1_837' title='bbox 3542 4980 3689 5053; x_wconf 77' lang='grc' dir='ltr'>πρὸς</span> 
     </span>
    </p>
   </div>
   <div class='ocr_carea' id='block_1_110' title="bbox 2091 5074 3731 5151">
    <p class='ocr_par' dir='ltr' id='par_1_110' title="bbox 2091 5074 3731 5151">
     <span class='ocr_line' id='line_1_110' title="bbox 2091 5074 3731 5151; baseline -0.005 -15"><span class='ocrx_word' id='word_1_838' title='bbox 2091 5083 2240 5147; x_wconf 86' lang='grc' dir='ltr'>Υίὸν,</span> <span class='ocrx_word' id='word_1_839' title='bbox 2284 5081 2524 5149; x_wconf 79' lang='grc' dir='ltr'>διάταξίν</span> <span class='ocrx_word' id='word_1_840' title='bbox 2581 5098 2643 5135; x_wconf 91' lang='grc' dir='ltr'><strong>τε</strong></span> <span class='ocrx_word' id='word_1_841' title='bbox 2694 5082 2790 5134; x_wconf 78' lang='grc' dir='ltr'><strong>καὶ</strong></span> <span class='ocrx_word' id='word_1_842' title='bbox 2830 5077 3232 5151; x_wconf 86' lang='grc' dir='ltr'>παρακέλευσιν</span> <span class='ocrx_word' id='word_1_843' title='bbox 3288 5074 3683 5145; x_wconf 80' lang='grc' dir='ltr'>ὑφιστάμενος.</span> <span class='ocrx_word' id='word_1_844' title='bbox 3724 5132 3731 5147; x_wconf 32' lang='grc' dir='ltr'><em>ι</em></span> 
     </span>
    </p>
   </div>
   <div class='ocr_carea' id='block_1_111' title="bbox 2090 5152 3729 5246">
    <p class='ocr_par' dir='ltr' id='par_1_111' title="bbox 2090 5152 3729 5246">
     <span class='ocr_line' id='line_1_111' title="bbox 2090 5152 3729 5246; baseline -0.005 -18"><span class='ocrx_word' id='word_1_845' title='bbox 2090 5175 2260 5229; x_wconf 81' lang='grc' dir='ltr'>Παντὶ</span> <span class='ocrx_word' id='word_1_846' title='bbox 2284 5174 2392 5246; x_wconf 81' lang='grc' dir='ltr'>γὰρ</span> <span class='ocrx_word' id='word_1_847' title='bbox 2416 5172 2684 5245; x_wconf 85' lang='grc' dir='ltr'>δήπουθεν</span> <span class='ocrx_word' id='word_1_848' title='bbox 2716 5170 2891 5242; x_wconf 87' lang='grc' dir='ltr'>δῆλον,</span> <span class='ocrx_word' id='word_1_849' title='bbox 2933 5169 3010 5233; x_wconf 89' lang='grc' dir='ltr'><strong>ὡς</strong></span> <span class='ocrx_word' id='word_1_850' title='bbox 3032 5170 3137 5232; x_wconf 83' lang='grc' dir='ltr'><strong>πᾶς</strong></span> <span class='ocrx_word' id='word_1_851' title='bbox 3159 5168 3187 5219; x_wconf 91' lang='lat'><strong>6</strong></span> <span class='ocrx_word' id='word_1_852' title='bbox 3217 5167 3393 5237; x_wconf 88' lang='grc' dir='ltr'>λέγων</span> <span class='ocrx_word' id='word_1_853' title='bbox 3421 5183 3475 5219; x_wconf 88' lang='grc' dir='ltr'><strong>τι</strong></span> <span class='ocrx_word' id='word_1_854' title='bbox 3507 5165 3685 5238; x_wconf 77' lang='grc' dir='ltr'>ἑτέρῳ</span> <span class='ocrx_word' id='word_1_855' title='bbox 3722 5152 3729 5173; x_wconf 61' lang='grc'><strong><em>’</em></strong></span> 
     </span>
    </p>
   </div>
   <div class='ocr_carea' id='block_1_112' title="bbox 2089 5257 3687 5338">
    <p class='ocr_par' dir='ltr' id='par_1_112' title="bbox 2089 5257 3687 5338">
     <span class='ocr_line' id='line_1_112' title="bbox 2089 5257 3687 5338; baseline -0.009 -14"><span class='ocrx_word' id='word_1_856' title='bbox 2089 5270 2257 5338; x_wconf 85' lang='grc' dir='ltr'>λέγει,</span> <span class='ocrx_word' id='word_1_857' title='bbox 2286 5268 2381 5322; x_wconf 78' lang='grc' dir='ltr'>καὶ</span> <span class='ocrx_word' id='word_1_858' title='bbox 2404 5269 2432 5319; x_wconf 88' lang='lat'><strong>6</strong></span> <span class='ocrx_word' id='word_1_859' title='bbox 2459 5264 2837 5335; x_wconf 76' lang='grc' dir='ltr'>ἐντελλόμενος</span> <span class='ocrx_word' id='word_1_860' title='bbox 2869 5261 3040 5332; x_wconf 78' lang='grc' dir='ltr'>ἑτέρῳ</span> <span class='ocrx_word' id='word_1_861' title='bbox 3069 5259 3199 5330; x_wconf 85' lang='grc' dir='ltr'>παρ’</span> <span class='ocrx_word' id='word_1_862' title='bbox 3228 5259 3418 5312; x_wconf 86' lang='grc' dir='ltr'>ἐαυτὸν</span> <span class='ocrx_word' id='word_1_863' title='bbox 3438 5257 3687 5312; x_wconf 85' lang='grc' dir='ltr'>ἐντέλλε-</span> 
     </span>
    </p>
   </div>
   <div class='ocr_carea' id='block_1_113' title="bbox 2088 5352 3686 5431">
    <p class='ocr_par' dir='ltr' id='par_1_113' title="bbox 2088 5352 3686 5431">
     <span class='ocr_line' id='line_1_113' title="bbox 2088 5352 3686 5431; baseline -0.01 -16"><span class='ocrx_word' id='word_1_864' title='bbox 2088 5379 2198 5415; x_wconf 86' lang='grc' dir='ltr'>ται.</span> <span class='ocrx_word' id='word_1_865' title='bbox 2233 5359 2539 5431; x_wconf 76' lang='grc' dir='ltr'>Διαρῤήδην</span> <span class='ocrx_word' id='word_1_866' title='bbox 2559 5357 2603 5413; x_wconf 73' lang='grc' dir='ltr'>δ’</span> <span class='ocrx_word' id='word_1_867' title='bbox 2624 5353 2689 5411; x_wconf 75' lang='grc' dir='ltr'><strong>αὖ</strong></span> <span class='ocrx_word' id='word_1_868' title='bbox 2716 5359 2743 5410; x_wconf 88' lang='grc' dir='ltr'>ὁ</span> <span class='ocrx_word' id='word_1_869' title='bbox 2774 5354 3035 5424; x_wconf 78' lang='grc' dir='ltr'>Μωῦσῆς,</span> <span class='ocrx_word' id='word_1_870' title='bbox 3075 5353 3243 5423; x_wconf 86' lang='grc' dir='ltr'>ἄμφω</span> <span class='ocrx_word' id='word_1_871' title='bbox 3279 5352 3424 5405; x_wconf 87' lang='grc' dir='ltr'>δυοῖν</span> <span class='ocrx_word' id='word_1_872' title='bbox 3468 5366 3686 5422; x_wconf 82' lang='grc' dir='ltr'>μνημο-</span> 
     </span>
    </p>
   </div>
   <div class='ocr_carea' id='block_1_114' title="bbox 2087 5437 3683 5524">
    <p class='ocr_par' dir='ltr' id='par_1_114' title="bbox 2087 5437 3683 5524">
     <span class='ocr_line' id='line_1_114' title="bbox 2087 5437 3683 5524; baseline -0.008 -16"><span class='ocrx_word' id='word_1_873' title='bbox 2087 5454 2256 5509; x_wconf 86' lang='grc' dir='ltr'>νεύων</span> <span class='ocrx_word' id='word_1_874' title='bbox 2289 5452 2529 5524; x_wconf 84' lang='grc' dir='ltr'>Κυρίων,</span> <span class='ocrx_word' id='word_1_875' title='bbox 2564 5448 2777 5520; x_wconf 82' lang='grc' dir='ltr'>Πατρὸς</span> <span class='ocrx_word' id='word_1_876' title='bbox 2809 5446 3008 5519; x_wconf 79' lang='grc' dir='ltr'>δηλαδὴ</span> <span class='ocrx_word' id='word_1_877' title='bbox 3043 5445 3138 5499; x_wconf 83' lang='lat' dir='ltr'><strong>xal</strong></span> <span class='ocrx_word' id='word_1_878' title='bbox 3160 5443 3311 5509; x_wconf 81' lang='grc' dir='ltr'><strong>Υίοῦ,</strong></span> <span class='ocrx_word' id='word_1_879' title='bbox 3349 5437 3456 5497; x_wconf 81' lang='grc' dir='ltr'>ὧδέ</span> <span class='ocrx_word' id='word_1_880' title='bbox 3480 5459 3561 5514; x_wconf 83' lang='grc' dir='ltr'><strong>πη</strong></span> <span class='ocrx_word' id='word_1_881' title='bbox 3585 5442 3683 5496; x_wconf 73' lang='grc' dir='ltr'>ἐπὶ</span> 
     </span>
    </p>
   </div>
   <div class='ocr_carea' id='block_1_115' title="bbox 2086 5536 3685 5617">
    <p class='ocr_par' dir='ltr' id='par_1_115' title="bbox 2086 5536 3685 5617">
     <span class='ocr_line' id='line_1_115' title="bbox 2086 5536 3685 5617; baseline -0.008 -17"><span class='ocrx_word' id='word_1_882' title='bbox 2086 5548 2184 5617; x_wconf 82' lang='grc' dir='ltr'>τῆς</span> <span class='ocrx_word' id='word_1_883' title='bbox 2209 5544 2349 5599; x_wconf 86' lang='grc' dir='ltr'><strong>κατά</strong></span> <span class='ocrx_word' id='word_1_884' title='bbox 2375 5543 2484 5598; x_wconf 87' lang='grc' dir='ltr'><strong>τῶν</strong></span> <span class='ocrx_word' id='word_1_885' title='bbox 2506 5540 2718 5596; x_wconf 81' lang='grc' dir='ltr'>ἀσεϐῶν</span> <span class='ocrx_word' id='word_1_886' title='bbox 2737 5542 3009 5611; x_wconf 84' lang='grc' dir='ltr'>τιμωρίας</span> <span class='ocrx_word' id='word_1_887' title='bbox 3041 5538 3261 5609; x_wconf 81' lang='grc' dir='ltr'>ἱστορεῖ,</span> <span class='ocrx_word' id='word_1_888' title='bbox 3289 5536 3465 5604; x_wconf 79' lang='grc' dir='ltr'>λέγων</span> <span class='ocrx_word' id='word_1_889' title='bbox 3486 5551 3502 5566; x_wconf 87' lang='grc'><strong>·</strong></span> <span class='ocrx_word' id='word_1_890' title='bbox 3521 5554 3544 5588; x_wconf 73' lang='grc' dir='ltr'><strong>ι</strong></span> <span class='ocrx_word' id='word_1_891' title='bbox 3567 5536 3685 5589; x_wconf 82' lang='lat' dir='ltr'><strong>Kal</strong></span> 
     </span>
    </p>
   </div>
   <div class='ocr_carea' id='block_1_116' title="bbox 466 5652 3679 5739">
    <p class='ocr_par' dir='ltr' id='par_1_116' title="bbox 466 5652 3679 5739">
     <span class='ocr_line' id='line_1_116' title="bbox 466 5652 3679 5739; baseline -0.004 -14"><span class='ocrx_word' id='word_1_892' title='bbox 466 5652 514 5686; x_wconf 76' lang='grc'><strong><em>⁵⁸</em></strong></span> <span class='ocrx_word' id='word_1_893' title='bbox 542 5652 702 5739; x_wconf 66' lang='grc' dir='ltr'><strong>Ρτίξνο</strong></span> <span class='ocrx_word' id='word_1_894' title='bbox 740 5673 863 5739; x_wconf 59' lang='grc' dir='ltr'><strong>ἶνις</strong></span> <span class='ocrx_word' id='word_1_895' title='bbox 898 5658 1095 5739; x_wconf 52' lang='grc' dir='ltr'><strong>224)οε</strong></span> <span class='ocrx_word' id='word_1_896' title='bbox 1168 5659 1372 5739; x_wconf 43' lang='lat' dir='ltr'><strong>&quot;&#39;“Sap.</strong></span> <span class='ocrx_word' id='word_1_897' title='bbox 1405 5678 1479 5728; x_wconf 82' lang='lat' dir='ltr'><strong>vr,</strong></span> <span class='ocrx_word' id='word_1_898' title='bbox 1512 5662 1611 5739; x_wconf 67' lang='lat'><strong>_2_4.</strong></span> <span class='ocrx_word' id='word_1_899' title='bbox 1674 5664 1897 5739; x_wconf 15' lang='lat' dir='ltr'><strong>f&#39;gSap.</strong></span> <span class='ocrx_word' id='word_1_900' title='bbox 1930 5679 2029 5729; x_wconf 83' lang='lat' dir='ltr'><strong>vn,</strong></span> <span class='ocrx_word' id='word_1_901' title='bbox 2060 5663 2248 5739; x_wconf 52' lang='lat'><strong>22:26.</strong></span> <span class='ocrx_word' id='word_1_902' title='bbox 2326 5666 2370 5701; x_wconf 81' lang='lat'><strong>&quot;</strong></span> <span class='ocrx_word' id='word_1_903' title='bbox 2404 5666 2534 5739; x_wconf 88' lang='lat' dir='ltr'><strong>Sap.</strong></span> <span class='ocrx_word' id='word_1_904' title='bbox 2570 5680 2701 5731; x_wconf 87' lang='lat' dir='ltr'><strong>vm,</strong></span> <span class='ocrx_word' id='word_1_905' title='bbox 2740 5664 2792 5719; x_wconf 80' lang='lat' dir='ltr'><strong>l.</strong></span> <span class='ocrx_word' id='word_1_906' title='bbox 2870 5663 2916 5696; x_wconf 82' lang='grc'><strong>⁷⁸</strong></span> <span class='ocrx_word' id='word_1_907' title='bbox 2949 5660 3092 5718; x_wconf 87' lang='lat' dir='ltr'><strong>Psal.</strong></span> <span class='ocrx_word' id='word_1_908' title='bbox 3124 5676 3233 5729; x_wconf 76' lang='lat' dir='ltr'><strong>cvi,</strong></span> <span class='ocrx_word' id='word_1_909' title='bbox 3272 5656 3365 5716; x_wconf 71' lang='lat'><strong>20.</strong></span> <span class='ocrx_word' id='word_1_910' title='bbox 3440 5658 3487 5691; x_wconf 85' lang='lat'><strong>&#39;“</strong></span> <span class='ocrx_word' id='word_1_911' title='bbox 3524 5656 3679 5715; x_wconf 80' lang='lat' dir='ltr'><strong>Psal.</strong></span> 
     </span>
    </p>
   </div>
   <div class='ocr_carea' id='block_1_117' title="bbox 392 5726 2006 5802">
    <p class='ocr_par' dir='ltr' id='par_1_117' title="bbox 392 5726 2006 5800">
     <span class='ocr_line' id='line_1_117' title="bbox 392 5726 2006 5800; baseline 0.007 -20"><span class='ocrx_word' id='word_1_912' title='bbox 392 5736 594 5790; x_wconf 75' lang='lat' dir='ltr'><strong>cum,</strong></span> <span class='ocrx_word' id='word_1_913' title='bbox 623 5726 674 5780; x_wconf 74' lang='grc'>4.</span> <span class='ocrx_word' id='word_1_914' title='bbox 751 5729 797 5758; x_wconf 78' lang='grc'>⁷⁸</span> <span class='ocrx_word' id='word_1_915' title='bbox 818 5727 974 5785; x_wconf 82' lang='lat' dir='ltr'><strong>Joan.</strong></span> <span class='ocrx_word' id='word_1_916' title='bbox 1005 5747 1042 5796; x_wconf 88' lang='grc' dir='ltr'><strong>ι,</strong></span> <span class='ocrx_word' id='word_1_917' title='bbox 1075 5732 1123 5784; x_wconf 75' lang='grc' dir='ltr'><strong>ί.</strong></span> <span class='ocrx_word' id='word_1_918' title='bbox 1202 5732 1248 5764; x_wconf 90' lang='grc'><strong>⁷³</strong></span> <span class='ocrx_word' id='word_1_919' title='bbox 1278 5726 1412 5791; x_wconf 80' lang='lat' dir='ltr'><strong>Gen.</strong></span> <span class='ocrx_word' id='word_1_920' title='bbox 1446 5726 1596 5800; x_wconf 70' lang='lat'><strong>1,26.</strong></span> <span class='ocrx_word' id='word_1_921' title='bbox 1671 5737 1717 5767; x_wconf 70' lang='grc'>⁷⁸</span> <span class='ocrx_word' id='word_1_922' title='bbox 1742 5726 1886 5793; x_wconf 79' lang='lat' dir='ltr'><strong>Psal.</strong></span> <span class='ocrx_word' id='word_1_923' title='bbox 1924 5753 2006 5791; x_wconf 66' lang='grc' dir='ltr'>χιιι</span> 
     </span>
    </p>
   </div>
   <div class='ocr_carea' id='block_1_118' title="bbox 2110 5726 2176 5802">
    <p class='ocr_par' dir='ltr' id='par_1_118' title="bbox 2123 5736 2176 5791">
     <span class='ocr_line' id='line_1_118' title="bbox 2123 5736 2176 5791; baseline 0.057 -3"><span class='ocrx_word' id='word_1_924' title='bbox 2123 5736 2176 5791; x_wconf 85' lang='grc'>9.</span> 
     </span>
    </p>
   </div>
   <div class='ocr_carea' id='block_1_119' title="bbox 468 5830 1298 5910">
    <p class='ocr_par' dir='ltr' id='par_1_119' title="bbox 468 5830 1298 5910">
     <span class='ocr_line' id='line_1_119' title="bbox 468 5830 1298 5910; baseline 0.014 -25"><span class='ocrx_word' id='word_1_925' title='bbox 468 5832 482 5864; x_wconf 80' lang='grc'><strong><em>⁸</em></strong></span> <span class='ocrx_word' id='word_1_926' title='bbox 515 5830 690 5890; x_wconf 87' lang='lat' dir='ltr'><strong>Locus</strong></span> <span class='ocrx_word' id='word_1_927' title='bbox 721 5835 808 5891; x_wconf 88' lang='lat' dir='ltr'><strong>hic</strong></span> <span class='ocrx_word' id='word_1_928' title='bbox 838 5846 993 5893; x_wconf 85' lang='lat' dir='ltr'><strong>caute</strong></span> <span class='ocrx_word' id='word_1_929' title='bbox 1023 5839 1298 5910; x_wconf 76' lang='lat' dir='ltr'><strong>legendus.</strong></span> 
     </span>
    </p>
   </div>
  </div>
