3856 6224
176 337 275 392 545

1337 330 1660 388 ΡΒᾹΣΡΑΒ.
1699 327 1950 388 ΕΥΑΝΕ.
1992 326 2122 384 LIB.
2164 324 2278 384 Vll.

3340 319 3445 375 ιιιο

171 455 353 526 ἔϐρεξε
382 455 591 528 Κύριος
619 454 771 528 παρὰ
795 453 1001 527 Κυρίου
1028 455 1121 509 ἐπὶ
1146 454 1353 526 Σόδομα
1373 454 1467 509 καὶ
1499 454 1754 528 Γόμορρα

1873 452 2015 507 Pater
2038 466 2163 507 cum
2177 450 2319 507 Filio
2335 461 2498 526 agere
2518 445 2774 502 voluerit.
2802 443 2973 501 Nemo
2994 443 3139 500 enim
3171 442 3420 499 omnium

173 547 305 601 θεῖον
336 548 434 600 καὶ
469 546 607 617 πῦρ.
664 564 683 597 ι
714 540 810 609 Οἷς
837 544 1143 616 συμφώνως
1164 545 1259 600 καὶ
1288 546 1317 598 6
1338 545 1502 600 Δασὶδ
1542 544 1759 614 ψάλλων

174 639 367 708 ἔφησεν
387 653 403 667 ⁸
435 655 455 687 ι
488 632 655 690 Εἶπεν
682 638 711 689 6
750 634 953 707 Κύριος
983 634 1063 707 τῷ
1088 636 1277 707 Κυρίῳ
1309 652 1409 706 μου
1429 651 1443 666 ο
1480 634 1664 688 Κάθου
1692 635 1758 687 ὲκ

172 726 355 792 δεξιῶν
395 744 519 797 μου,
543 726 650 790 ἕως
676 724 742 779 ἂν
787 724 866 779 θῶ
905 725 1034 787 τοὺς
1076 724 1303 797 ἐχθρούς
1331 742 1426 779 σου
1472 724 1761 779 ὑποπόδιον

174 820 273 872 τῶν
294 818 476 871 ποδῶν
506 834 621 871 σου.
667 836 685 869 ι
723 818 834 870 Καὶ
862 815 1090 887 προῖὼν,
1122 817 1218 886 τὴν
1260 816 1490 889 κρύφιον
1526 818 1621 870 καὶ
1648 818 1762 880 τοῖς

176 915 337 966 πᾶσιν
368 910 682 981 ἀπόρρητον
713 910 882 964 αὐτοῦ
915 910 1321 980 γενεσιουργίαν
1341 910 1563 981 ᾐνίξατο
1590 951 1604 972 ,
1657 910 1762 980 φά-

178 1018 315 1055 σκων
336 1019 350 1030 ·
396 1019 416 1051 ι
470 1001 564 1053 Ἐκ
581 1000 817 1069 γαστρὸς
845 1000 953 1071 πρὸ
986 1001 1292 1070 Ἑωσφόρου
1324 1001 1591 1072 ἐγέννησὰ
1618 1018 1698 1057 σε.
1734 1019 1754 1053 ι

180 1094 287 1146 Ἵνα
310 1092 370 1146 δὲ
402 1091 478 1162 μὴ
502 1090 813 1159 σοφίζεσθαί
837 1108 904 1160 με
925 1090 1100 1144 ταῦτα
1127 1091 1374 1164 νομίσῃς,
1406 1091 1649 1163 ἑρμηνέα
1675 1109 1756 1145 σοι

175 1185 271 1255 τῆς
292 1187 354 1237 ὲν
382 1186 447 1255 τῇ
476 1184 664 1253 Γραφῇ
680 1182 917 1244 διανοίας
942 1180 1189 1253 Ἑϐραίον
1210 1183 1377 1252 ἄνδρα
1395 1184 1751 1254 παραστήσω,

177 1276 240 1329 τὰ
268 1278 450 1329 οίκεία
481 1272 745 1345 πατρόθεν
772 1273 1102 1343 ἀκριϐοῦντα
1121 1313 1136 1335 ,
1179 1273 1270 1326 καὶ
1319 1273 1469 1345 παρὰ
1502 1274 1754 1328 διδασκά-

178 1366 278 1419 λων
292 1366 357 1418 τὸ
384 1365 558 1435 δόγμα
577 1364 955 1436 μεμαθηκότα,
977 1366 1025 1417 εί
1044 1365 1106 1436 δή
1130 1382 1211 1417 σοι
1240 1364 1476 1427 τοιοῦτος
1506 1367 1535 1417 6
1560 1365 1753 1419 Φίλων.

191 1457 523 1511 Έπάκουσον
549 1451 642 1510 οὖν
674 1454 768 1509 καὶ
786 1454 962 1522 τοῦδε,
988 1455 1136 1519 ὅπως
1158 1455 1256 1518 τὰς
1285 1454 1435 1518 θείας
1464 1455 1756 1528 ἑρμηνεύει

180 1550 382 1617 φωνάς.

1860 558 1963 617 est,
1994 551 2086 621 qui
2118 564 2229 603 non
2278 546 2562 616 intelligat,
2588 543 2839 615 quisquis
2891 541 3096 613 aliquid
3138 540 3425 611 loquatur,

1862 658 1986 698 eum
2019 657 2145 698 cum
2175 642 2346 696 altero
2376 637 2563 707 loqui:
2600 636 2854 706 quisquis
2882 635 3010 689 item
3062 632 3192 703 quid
3242 632 3439 700 praeci-

1863 734 1998 804 piat,
2040 733 2096 789 id
2139 732 2317 803 ipsum
2372 728 2530 784 alteri
2584 727 2653 782 ab
2681 739 2804 782 sese
2832 726 3092 781 distincto
3123 724 3438 793 prmeipere.

1863 824 1933 880 At
1969 824 2256 895 perspicue
2308 823 2555 886 omnino,
2605 822 2837 878 duorum
2890 817 3209 872 nominatim
3248 812 3436 867 Domi-

1865 932 2090 981 norum,
2128 915 2327 979 Patris,
2360 918 2607 985 inquam,
2634 923 2690 969 ct
2725 912 2869 977 Filii,
2904 909 3120 980 Moyses
3143 908 3284 960 idem
3313 903 3443 959 alibi

1863 1008 2133 1073 meminit,
2178 1024 2301 1062 eum
2356 1008 2647 1077 impiorum
2708 1003 3035 1074 supplicium
3099 1010 3443 1053 commemo-

1861 1114 2011 1163 rans,
2036 1118 2053 1150 ι
2082 1098 2247 1162 Pluit,
2285 1101 2483 1169 inquit,
2514 1097 2782 1152 Dominus
2824 1111 2854 1150 a
2892 1093 3123 1149 Domino
3155 1106 3319 1159 super
3339 1087 3445 1143 So-

1859 1190 2074 1245 domam
2094 1191 2544 1253 etGomorrham,
2565 1176 2805 1260 sulphur.
2824 1198 2879 1243 et
2908 1183 3086 1255 ignem
3102 1187 3203 1238 ⁷⁸.»
3234 1181 3446 1248 Quibus

1856 1292 2225 1337 consentanea
2258 1282 2426 1337 David
2458 1283 2710 1337 accinens
2744 1300 2759 1335 :
2814 1299 2832 1332 ι
2869 1279 3012 1332 Dixit
3040 1275 3323 1337 Dominus,
3357 1272 3447 1326 in-

1864 1372 1983 1441 quit
2025 1372 2333 1438 ",Domino
2367 1390 2508 1439 meo,
2530 1374 2664 1429 Sede
2692 1388 2721 1428 a
2750 1372 2954 1427 dextris
2972 1371 3129 1434 meis,
3147 1367 3319 1421 donec
3343 1378 3445 1435 po-

1859 1476 1987 1516 nam
2011 1463 2261 1519 inimicos
2279 1472 2404 1519 tuos
2432 1466 2726 1521 scabellum
2754 1464 2950 1534 pedum
2975 1471 3216 1515 tuorum.
3245 1477 3264 1511 ι
3303 1455 3444 1510 Tum

1859 1567 2184 1623 progressus
2229 1556 2478 1621 ulterius,
2511 1564 2565 1612 et
2610 1556 2946 1611 reconditam
2981 1554 3127 1608 illam
3171 1565 3233 1605 ac
3281 1548 3447 1603 nullis

175 1642 502 1709 cujusquam
552 1637 734 1693 verbis
809 1637 1186 1707 explicandam
1245 1639 1613 1709 generationis
1660 1639 1805 1696 illius
1879 1645 2144 1698 rationem
2202 1645 2636 1711 subindicans",
2671 1645 2796 1700 «Ex
2848 1656 3024 1712 utero,
3075 1642 3272 1711 inquit,
3320 1649 3448 1695 ante

179 1730 493 1787 Luciferum
525 1729 686 1800 genui
710 1741 812 1784 te.»
845 1727 1069 1795 Verum,
1097 1746 1166 1784 ne
1192 1730 1433 1801 argutari
1488 1746 1575 1785 me
1619 1741 1797 1800 putes,
1838 1731 2122 1790 Hebraeum
2178 1737 2274 1790 tibi
2323 1736 2598 1791 hominem
2647 1738 2965 1807 producam,
3011 1736 3200 1789 harum
3242 1734 3449 1787 littera-

177 1839 298 1878 rum
348 1839 513 1879 sensa
553 1823 940 1891 resignantem,
987 1822 1082 1893 qui
1116 1838 1240 1877 cum
1278 1838 1365 1878 res
1404 1838 1516 1877 suae
1574 1825 1752 1893 gentis
1781 1841 1810 1879 a
1849 1828 2149 1895 majoribus
2214 1838 2463 1897 acceptas
2523 1839 2775 1882 accurate
2811 1845 2875 1882 ac
2929 1828 3214 1897 diligenter
3247 1834 3450 1891 expett-

179 1917 277 1980 dit,
305 1925 419 1971 tum
461 1915 687 1985 hujusce
722 1914 993 1984 dogmatis
1038 1914 1308 1969 rationem
1354 1930 1420 1969 ex
1449 1915 1769 1972 doctoribus
1809 1916 1942 1987 ipsis
1991 1919 2272 1985 intellexit,
2329 1919 2374 1973 si
2421 1928 2597 1973 tamen
2623 1919 2697 1973 ita
2750 1920 2815 1973 de
2861 1918 3087 1972 Philone
3122 1924 3444 1985 persuasum

180 2007 370 2066 habes.
402 2006 547 2060 Audi
589 2019 741 2077 ergo,
775 2005 1237 2073 quemadmodum
1272 2004 1389 2076 ipse
1427 2005 1630 2061 similia
1656 2006 1856 2063 divinae
1889 2007 2185 2080 Scriptura:
2218 2010 2337 2064 loca
2363 2010 2614 2079 accipiat.

706 2120 1101 2175 ΚΕΦΛΛΑΙΟΝ
1140 2117 1245 2180 II".

412 2233 681 2299 Φίλωνος
710 2232 843 2300 περὶ
874 2232 980 2286 τοῦ
1008 2231 1290 2300 δευτέρου
1315 2234 1527 2290 αίτίου.

262 2359 285 2393 ι
319 2344 419 2398 Διὰ
433 2345 488 2397 τί
514 2344 625 2415 (75)
653 2344 729 2407 ὡς
762 2346 889 2415 περὶ
912 2344 1097 2416 ἑτέρου
1129 2344 1266 2399 Θεοῦ
1298 2362 1429 2416 φησι
1457 2346 1552 2414 τὸ,
1591 2348 1679 2401 Ἐν
1699 2348 1777 2402 εί-

183 2438 304 2491 κόνι
332 2435 470 2489 Θεοῦ
502 2436 748 2507 Δἐποίησα
778 2436 871 2489 τὸν
911 2435 1198 2507 ἄνθρωπον
1218 2479 1234 2504 ,
1278 2438 1391 2490 ἀλλ’
1417 2439 1537 2510 οὐχὶ
1562 2442 1627 2511 τῇ
1660 2441 1777 2493 ἑαυ-

181 2526 312 2592 τοῦ;
360 2524 669 2594 Παγκὰλως
720 2526 815 2579 καὶ
862 2524 1042 2595 σοφῶς
1093 2527 1242 2580 τουτὶ
1298 2527 1773 2601 κεχρησμῲδηται.

183 2617 393 2690 Θνητὸν
421 2620 530 2690 γὰρ
562 2616 716 2670 οὐδὲν
748 2618 1191 2688 ἁπεικονισθῆναι
1223 2616 1360 2689 πρὸς
1393 2618 1485 2674 τὸν
1515 2622 1776 2676 ἀνωτάτω

184 2714 285 2766 καὶ
318 2713 545 2784 Πατέρα
574 2710 681 2765 τῶν
709 2711 845 2764 ὅλων
871 2709 1113 2775 ἐδύνατο,
1141 2710 1276 2764 ἀλλὰ
1304 2713 1438 2782 πρὸς
1474 2712 1563 2765 τὸν
1594 2713 1778 2767 δεύτε-

183 2820 284 2874 ρον
308 2802 440 2856 Θεὸν
477 2803 615 2872 (76),
648 2802 707 2866 ὃς
738 2804 885 2854 εστιν
907 2802 1117 2853 ἐκείνου
1141 2801 1333 2870 Λόγος.
1366 2802 1520 2855 ’Ἔδει
1551 2804 1659 2876 γὰρ
1683 2803 1775 2856 τὸν

182 2894 408 2962 λογικὸν
437 2896 495 2945 ὲν
520 2892 805 2963 ἀνθρώπου
825 2892 968 2964 ψυχῇ
989 2891 1158 2945 τύπον
1185 2894 1290 2945 ὑπὸ
1308 2893 1451 2946 θείου
1473 2895 1645 2963 Λόγου
1673 2912 1775 2965 χα-
1808 2906 1813 2911 ’

185 2984 465 3059 ραχθῖψαι
491 3025 506 3048 ,
544 2984 735 3055 ἐπειδὴ
768 2985 797 3036 6
843 2984 952 3056 πρὸ
981 2983 1076 3037 τοῦ
1110 2983 1285 3051 Λόγου
1319 2983 1451 3048 Θεὸς
1505 2986 1777 3056 κρείσσων

184 3079 342 3132 ἐστὶν
373 3077 408 3149 ἢ
442 3079 595 3131 πᾶσα
626 3075 816 3145 λογικὴ
843 3074 1038 3144 φύσιςο
1073 3073 1153 3144 τῷ
1190 3074 1247 3128 δὲ
1280 3075 1422 3147 ὑπὲρ
1469 3075 1560 3129 τὸν
1605 3075 1776 3144 Λόγον

183 3171 245 3224 ὲν
274 3172 346 3241 τῇ
382 3168 636 3241 βελτίστῃ
668 3168 761 3221 καί
785 3184 891 3220 τινι
919 3166 1185 3238 ἐξαιρέτῳ
1217 3165 1522 3220 καθεστῶτι
1548 3167 1661 3238 ἰδέᾳ
1685 3169 1777 3221 οὐ·

184 3261 278 3315 δὲν
311 3261 471 3331 θέμις
506 3257 574 3331 ἦν
605 3258 862 3330 γεννητὸν
892 3257 1290 3330 ἐξομοιοῦσθαι.
1322 3276 1342 3311 ι
1379 3257 1565 3311 Ταῦτα
1587 3261 1652 3312 ἐκ
1680 3257 1774 3312 τοῦ

184 3350 412 3424 πρώτου
451 3367 542 3422 μοι
587 3350 787 3404 κείσθω
829 3349 934 3402 τῶν
977 3349 1212 3412 Φίλωνος
1277 3348 1642 3419 Ζητημάτων
1676 3347 1775 3403 καὶ

2472 2124 2701 2180 CAPUT
2733 2122 2872 2179 XIII.

2067 2228 2307 2291 Philonis
2340 2238 2403 2291 de
2436 2238 2658 2291 secundo
2687 2236 2948 2308 principio
2998 2236 3281 2293 sententia.

1962 2367 1983 2402 ι
2012 2348 2142 2412 Cur,
2176 2350 2374 2419 inquit,
2403 2350 2623 2422 pet-inde
2647 2368 2712 2407 ac
2739 2352 2784 2407 si
2811 2353 2879 2406 de
2917 2352 3026 2405 alio
3054 2349 3165 2404 Deo
3203 2351 3453 2420 loquere-

1875 2448 1989 2505 tur,
2034 2441 2099 2494 ad
2150 2442 2446 2514 imaginem
2507 2443 2598 2498 Dei
2639 2442 2839 2497 tactum
2875 2442 2944 2495 ab
2993 2455 3115 2495 sese
3166 2440 3444 2494 hominem

1881 2546 2009 2587 esse
2069 2532 2167 2599 ait,
2203 2549 2311 2588 non
2360 2544 2539 2588 autem
2589 2534 2654 2586 ad
2686 2532 2875 2586 suam?
2923 2531 2977 2586 Id
3027 2545 3160 2585 vero
3196 2530 3453 2599 praeclare

1876 2624 2102 2678 omnino
2163 2634 2328 2693 atque
2373 2624 2534 2694 323
2579 2623 2860 2692 sapienter
2911 2622 3098 2677 divino
3146 2621 3452 2676 celebratur

1876 2717 2120 2771 oraculo.
2184 2715 2417 2771 Prorsus
2464 2718 2610 2769 enim
2644 2713 2874 2768 mortale
2904 2714 3040 2767 nihil
3084 2722 3244 2775 erat,
3305 2711 3451 2782 quod

1877 2807 2078 2861 summi
2106 2807 2252 2862 illius
2279 2822 2344 2861 ac
2374 2822 2554 2860 rerum
2603 2806 2981 2860 universarum
3022 2802 3273 2857 Parentis
3314 2803 3455 2856 ima-

1877 2897 2002 2966 gine
2029 2898 2343 2967 consignari
2373 2905 2593 2967 posset;
2626 2904 2745 2950 erat
2787 2905 2970 2950 tamen
3025 2893 3171 2963 quod
3221 2892 3449 2947 secundi

1878 2987 1994 3054 Dei,
2036 2988 2140 3043 hoc
2166 2998 2249 3043 est
2266 2988 2508 3058 ejusdem
2531 2986 2716 3054 Verbi,
2736 2996 2939 3056 posset.
2964 2983 3261 3055 Oportebat
3280 2985 3451 3049 enim,

1879 3079 2119 3134 hominis
2151 3080 2337 3134 animo
2369 3080 2741 3134 characterem
2775 3079 2924 3133 illum
2956 3076 3188 3132 rationis
3212 3091 3242 3130 a
3265 3075 3450 3129 divina

1878 3169 2108 3225 Ratione
2134 3169 2442 3232 informari,
2467 3184 2593 3223 cum
2622 3178 2674 3223 et
2705 3168 2848 3224 Deus
2876 3169 2965 3223 ille
2998 3165 3177 3220 Verbo
3214 3180 3309 3220 seu
3337 3162 3451 3218 Ra-

1877 3260 2026 3315 tione
2053 3262 2220 3330 prior,
2271 3269 2517 3313 naturam
2558 3274 2778 3313 omnem
2811 3260 3028 3313 ratione
3053 3258 3331 3327 praeditam
3368 3256 3453 3308 in-

1877 3352 2030 3407 ﬁnito
2054 3363 2270 3421 superet
2292 3350 2608 3404 intervallo:
2643 3366 2743 3405 nec
2771 3338 2854 3405 fas
2888 3350 3114 3404 omnino
3145 3349 3446 3418 quidquam

185 3445 462 3498 Λύσεων.
504 3443 562 3495 '0
590 3441 636 3495 δ’
670 3441 830 3504 αὐτὸς
862 3443 921 3494 ὲν
950 3440 1028 3511 τῷ
1062 3442 1199 3509 Περὶ
1225 3444 1505 3512 γεωργίας
1530 3444 1774 3515 προτέρῳ

1877 3452 2042 3507 esset,
2078 3444 2222 3512 quod
2255 3449 2433 3496 ortum
2480 3440 2780 3505 habuisset,
2818 3439 2886 3493 ad
2923 3436 3176 3493 Numinis
3227 3437 3376 3492 illius
3399 3445 3455 3490 et

187 3537 285 3589 καὶ
313 3534 444 3588 Υίὸν
465 3532 601 3587 Θεοῦ
643 3534 736 3588 τὸν
780 3534 1122 3604 πρωτόγονον
1168 3534 1334 3587 αὐτοῦ
1376 3533 1547 3603 Λόγον
1589 3533 1778 3588 τοῦτον

189 3624 451 3697 ὀνομάζει
482 3625 575 3677 τὸν
591 3624 816 3693 τρόπον’
850 3643 869 3674 ι
901 3626 1085 3679 Ταῦτα
1116 3627 1181 3697 δὴ
1202 3626 1380 3680 πάντα
1403 3629 1432 3680 6
1460 3625 1661 3697 ποιμὴν
1686 3629 1780 3681 καὶ

192 3716 452 3787 βασιλεὺς
471 3714 603 3777 Θεὸς
635 3716 758 3784 ἄγει
785 3714 923 3768 κατὰ
948 3716 1101 3787 δίκην
1118 3760 1132 3782 ,
1187 3716 1351 3787 νόμον
1395 3719 1782 3788 προστησάμε-

190 3825 283 3872 νος
313 3806 410 3859 τὸν
440 3805 599 3876 ὀρθὸν
622 3804 786 3858 αὐτοῦ
817 3806 1008 3876 Λόγον,
1038 3807 1132 3861 καὶ
1160 3808 1503 3879 πρωτόγονον
1542 3808 1692 3870 Υἱὸν,
1721 3807 1781 3870 ὃς

193 3900 295 3969 τὴν
319 3898 644 3968 ἐπιμέλειαν
674 3897 772 3967 τῆς
806 3899 956 3968 ἱερᾶς
983 3898 1187 3967 ταύτης
1214 3898 1414 3970 ἀγέλης
1443 3894 1532 3952 οἶά.
1562 3915 1644 3962 τις
1689 3914 1783 3969 με-

194 3989 363 4057 γάλου
420 3988 683 4058 βασιλέως
735 3986 978 4059 ὕπαρχος
1010 3987 1324 4051 διαδέξεται.
1379 4007 1399 4039 ι
1450 3988 1560 4041 Καὶ
1604 3989 1662 4040 ἐν
1703 3986 1782 4059 τῷ

193 4079 439 4148 δευτέρῳ
466 4079 578 4149 (77)
610 4078 667 4130 δὲ
692 4078 851 4131 πάλιν
882 4079 910 4129 6
939 4078 1101 4141 αὐτὸς
1122 4079 1247 4131 τάδε
1276 4078 1478 4150 γράφει
1519 4078 1655 4150 πρὸς
1690 4077 1780 4130 λέ-

197 4171 283 4238 ξιν
301 4187 316 4201 ’
354 4189 376 4222 ι
409 4169 522 4232 Τὰς
549 4168 876 4241 δυστροπίας
905 4169 1015 4240 (78)
1042 4166 1132 4222 οὖν
1155 4170 1206 4221 εἰ
1245 4187 1329 4233 τις
1367 4169 1782 4240 ἀποδιδράσκειν

201 4261 457 4333 βούλεται
482 4261 584 4325 τὰς
603 4262 661 4314 ὲν
687 4264 799 4324 τοῖς
819 4259 1214 4330 διαπορηθεῖσι,
1243 4260 1446 4328 λεγέτω
1474 4258 1612 4329 μετὰ
1643 4260 1784 4332 παῤ-

274 4372 322 4405 "
348 4370 489 4428 Gen.
521 4386 635 4436 xix,
664 4370 751 4425 M.
826 4371 873 4403 "
896 4367 1166 4437 Psal.c1x,
1196 4370 1249 4424 1.
1323 4369 1367 4400 ⁷⁷
1392 4367 1521 4423 ibid.
1546 4367 1600 4422 4.

278 4496 525 4570 (75)Δώ
540 4498 628 4570 Δτί.
661 4495 787 4570 Haec
815 4496 1088 4570 Eusebius
1112 4512 1232 4570 pag.
1262 4505 1631 4570 sequsumpta
1659 4511 1782 4554 esse

208 4565 383 4624 ait'ex'
404 4568 443 4621 1.
478 4582 496 4620 ι
524 4565 887 4639 Quaestionum
912 4577 961 4621 et
995 4565 1354 4639 SolutiOnurn.
1380 4565 1437 4639 S_.
1464 4565 1777 4639 Hieronym.

208 4657 243 4695 ν
274 4640 447 4693 libros
478 4648 730 4691 numerat
762 4637 962 4701 Quwst.
994 4649 1043 4691 et
1071 4636 1245 4691 Salue.
1278 4637 1337 4689 in
1381 4636 1647 4702 Exodum,
1668 4636 1779 4706 'qui

211 4726 320 4765 non
350 4714 591 4761 exstant.
634 4706 832 4761 Euseb.
862 4716 1044 4761 autem
1080 4706 1285 4760 Histor.
1321 4722 1359 4760 ιι
1403 4717 1529 4760 ante
1581 4707 1776 4760 horum

1879 3533 2061 3589 Verbo
2093 3534 2412 3602 superioris,
2438 3542 2488 3587 et
2525 3532 2578 3586 in
2610 3534 2828 3602 optimae
2857 3530 3123 3599 planeque
3155 3527 3452 3597 singularis

1878 3636 2087 3680 natura:
2137 3626 2308 3695 gradu
2361 3624 2646 3679 constituti
2697 3620 3107 3677 similitudinem
3152 3622 3447 3689 aspirare»

1878 3718 2005 3773 Haec
2037 3719 2270 3773 breviter
2300 3734 2365 3772 ex
2404 3718 2580 3787 primo
2609 3714 2853 3769 Philonis
2894 3712 3261 3777 Quwstionum
3305 3711 3452 3763 solu-
3514 3751 3539 3760 -

1881 3812 2182 3880 tionumque
2216 3810 2376 3864 libro.
2413 3808 2532 3864 Jam
2567 3809 2730 3874 idem,
2771 3808 2952 3876 priore
2990 3805 3062 3859 De
3095 3803 3451 3874 agricultura,

1880 3898 1976 3953 Dei
2014 3897 2247 3953 Verbum
2277 3898 2400 3967 ejus
2433 3913 2651 3969 quoque
2678 3894 3098 3967 primogenitum
3132 3894 3331 3950 Filium
3361 3912 3455 3949 no-

1879 3992 2073 4055 minat,
2113 3991 2196 4046 his
2229 3991 2448 4047 verbis:
2476 3988 2652 4053 «Haec,
2696 3990 2894 4059 inquit,
2935 3991 3119 4044 omnia
3146 3998 3333 4059 pastor
3364 3989 3454 4042 ille

1880 4094 2084 4150 rexque
2142 4078 2285 4134 Deus
2348 4094 2564 4134 summa
2624 4095 2749 4134 cum
2802 4081 3058 4151 mquitate
3116 4079 3451 4144 moderatur,

1879 4171 2025 4240 quod
2062 4171 2130 4225 iis
2164 4186 2324 4225 suum
2374 4171 2548 4239 ipsius
2581 4168 2849 4237 Verbum,
2906 4188 3017 4240 quo
3068 4173 3269 4227 rectius
3316 4171 3455 4225 nihil

1878 4270 1982 4328 est,
2016 4277 2079 4316 ac
2107 4261 2533 4330 primogenitum
2577 4258 2775 4313 Filiqu
2813 4259 3143 4330 praefecerit,
3178 4262 3271 4327 qui
3313 4261 3455 4316 sacri

1870 4491 2461 4619 Ξερὲξέἒῗῦζὲἆένεῐδος
2504 4492 2982 4568 ἀμπελουργικῆς,
3025 4496 3102 4560 ὡς
3147 4490 3213 4551 ἂν
3244 4495 3355 4554 οἷόν
3386 4519 3445 4556 τι

1868 4564 2896 4706 ᾗ’(ξῶοδίῖἓέιμδΐστροπίας.-Εχειιιῑ
2937 4636 3028 4690 hic
3067 4636 3220 4691 locus
3247 4652 3303 4706 p.
3340 4637 3443 4694 168

1873 4706 1916 4760 Β
1951 4703 2197 4759 Philonis
2222 4706 2406 4759 excusi
2438 4703 2805 4770 Graeco-ML,
2838 4708 3000 4775 paulo
3029 4715 3153 4775 post
3198 4703 3438 4772 initium,

211 4781 454 4849 quinque
480 4776 741 4849 librorum
777 4779 1126 4849 mentionem.
1158 4774 1535 4849 ριιιενιιιίορεηηιΔ
1551 4784 1599 4827 et
1623 4773 1774 4849 Solu-

1877 4778 1966 4849 ubi
1995 4791 2098 4849 pro
2117 4775 2446 4849 δυστροπίας
2465 4775 2674 4849 legitur
2696 4815 2711 4838 ,
2748 4785 2807 4830 ut
2835 4773 2887 4849 in
2923 4773 3171 4849 ntaliusc.
3195 4816 3210 4849 ,
3237 4777 3445 4830 δυσσω-

214 4844 420 4903 {ianum
458 4846 737 4915 meminit,
764 4861 902 4915 quas
941 4848 996 4900 in
1040 4845 1262 4899 Genesin
1293 4855 1344 4899 et
1385 4844 1628 4915 Ea‘odum
1656 4846 1784 4899 scri-

212 4924 420 4989 pseragl.
451 4914 626 4989 Τοῦτο
724 4955 738 4979 ,
772 4914 983 4989 ἰηιμρι,
1012 4917 1154 4969 κατὰ
1174 4916 1344 4989 Δμέρος
1375 4914 1658 4989 διαστολὰς
1690 4931 1785 4989 κε-

213 4984 493 5058 φαλαίων,
521 4984 629 5058 τῷν
656 4987 716 5058 εν
745 4984 863 5049 ταῖς
885 4987 1133 5058 Γραφαῖςᾼ
1167 4984 1789 5058 ζητουμένωνηὲπιστά-

215 5049 328 5121 ἄεις
360 5072 419 5126 τε
450 5049 544 5126 καὶ
567 5054 835 5126 διαλύσεις
862 5049 1259 5126 πεποιημένοςίζ
1282 5049 1350 5106 ἐν’
1370 5049 1566 5126 οἷς-καὶ
1585 5054 1787 5126 αὐτοῖς,

215 5125 567 5195 mqu
597 5124 705 5195 τῶν
730 5126 788 5177 ὲν
812 5122 1167 5195 γενέσει,’καὶ
1194 5124 1301 5177 τῶν
1331 5127 1387 5177 ὲν
1416 5122 1664 5193 ἐξαγωγῇ
1702 5124 1790 5195 ζη-

501 5195 595 5270 κα).
617 5194 847 5270 λύσεων,
870 5194 1104 5270 τέθειται
1132 5195 1587 5270 τὴνέπιγραφὴν.

288 5262 402 5337 (76)
426 5265 713 5337 Δεύτερον
738 5265 904 5337 Θεόν.
935 5264 1039 5337 Hic
1067 5262 1197 5337 vere
1222 5262 1400 5337 Philo
1423 5262 1779 5337 πλατωνίζει,

221 5346 279 5391 ιιι
298 5333 533 5404 ῥίψειε
561 5335 867 5404 philosophi
899 5336 1077 5389 verbis
1111 5333 1339 5388 inferius
1372 5333 1596 5404 patebit.

285 5406 402 5477 (77)
426 5401 824 5477 Ϊῷῌδευτέρῲ.
852 5403 994 5474 Ergo
1024 5415 1154 5477 tunc
1181 5405 1289 5457 duo
1320 5401 1407 5458 isti
1442 5401 1687 5457 Philonis
1715 5402 1781 5455 li-

217 5475 303 5530 bri
338 5475 482 5542 Περὶ
503 5475 797 5543 Γεωργίας
817 5475 1060 5543 inscripti
1083 5482 1266 5537 erant;
1298 5487 1444 5527 nunc
1472 5480 1655 5543 tamen
1686 5488 1783 5539 po-

219 5548 432 5614 sterior,
455 5543 597 5612 Περὶ
634 5542 995 5614 φυτουργίας
1036 5545 1352 5598 inscribitur
1386 5562 1398 5596 :
1434 5542 1783 5614 idque__satis

219 5632 286 5670 ex
315 5611 585 5684 Philonis
611 5611 789 5684 mente
808 5654 824 5679 ,
871 5611 994 5684 qur
1014 5614 1208 5667 librum
1230 5612 1497 5684 huncgsic
1526 5611 1739 5684 orditur
1767 5630 1779 5666 :

230 5686 319 5740 ἐν
366 5685 469 5756 μὲν
518 5682 839 5756 «eam
888 5680 1118 5756 βιϐλίῳ)
1183 5683 1251 5756 τὰ
1295 5680 1783 5756 mittereris

219 5749 416 5829 τέχνής
437 5749 701 5824 γενικῶς,
728 5749 827 5808 ὅσα
856 5749 1143 5828 καιρὺς’ἧν
1176 5749 1419 5824 εἴπομεν·
1440 5752 1496 5803 ὲν
1526 5749 1596 5802 δέ
1611 5749 1785 5819 τούτῳ

1872 4846 2019 4918 πίας.
2064 4844 2195 4918 Quae
2230 4844 2275 4898 si
2297 4860 2435 4918 _vera
2465 4844 2625 4918 lectio
2652 4856 2735 4918 est
2756 4893 2768 4909 ,
2800 4845 2913 4918 τὰς
2945 4847 3002 4918 ἐν
3033 4847 3145 4910 τοῖς
3189 4845 3446 4918 διαπορη-

1873 4916 2010 4969 θεῖσι
2048 4913 2408 4986 δυσσωπίας,
2458 4914 2729 4982 pudendas
2773 4915 3122 4984 difﬁcultates
3188 4913 3440 4986 appellat,

1871 5000 1994 5055 quae
2045 4984 2356 5056 hujusmodi
2398 4986 2725 5053 quaestiones
2772 4984 3443 5056 consequuntur.itaque

1872 5062 2067 5126 nostra
2107 5054 2161 5107 in
2208 5055 2488 5126 versione,
2543 5070 2640 5126 pro
2686 5056 3108 5119 dubitationem,
3153 5054 3440 5126 legendum

1876 5135 1993 5185 est,
2048 5122 2567 5196 Itasdubitutiones.
2617 5124 2923 5196 Δύστροπία
2977 5122 3228 5196 morum'
3262 5129 3442 5194 potius

1876 5210 2039 5264 quam
2068 5193 2172 5264 loci
2202 5193 2433 5261 alicujus
2471 5193 2815 5261 asperitatem
2851 5206 3029 5249 sonat.
3057 5193 3327 5249 Fortassis
3358 5209 3441 5250 ta-

1874 5263 2021 5328 men,
2053 5263 2381 5317 dilliciliores
2409 5264 2572 5316 etiam
2601 5267 2881 5332 angustias
2903 5266 3212 5331 signiﬁcare
3242 5268 3439 5333 possit,

1870 5335 1924 5388 in
1959 5333 2158 5404 quibus
2188 5347 2330 5400 aegre
2357 5342 2672 5404 convertere
2710 5343 2760 5404 te
2788 5343 2883 5387 aut
2925 5349 3269 5389 commovere
3307 5352 3435 5404 pos-

1871 5401 2271 5470 sis.’Przecipna
2298 5404 2514 5472 questio
2536 5402 2612 5472 ibi
2649 5417 2678 5454 a
2711 5402 2938 5472 Philone
2971 5405 3246 5472 proposita
3265 5444 3280 5467 ,
3307 5401 3437 5460 'ha-c

1869 5482 1982 5535 est,
2014 5474 2099 5534 τίς
2139 5474 2284 5545 ἐστιΔ
2300 5470 2489 5542 κόσμῳ
2525 5471 2678 5545 βάσις
2702 5511 2717 5535 ,
2748 5474 2832 5542 ἐφ’
2868 5470 2936 5544 ἦς
2974 5470 3171 5545 ῶσπερ
3220 5473 3441 5545 ἀνδριὰς

1870 5545 2214 5615 ἐιρήρεισται.
2251 5541 2439 5615 Quam
2468 5544 2822 5610 quwstionetn
2864 5541 2931 5596 ab
2966 5544 3033 5597 iis
3064 5541 3193 5615 sine
3237 5541 3441 5612 pudore

1872 5611 1937 5666 ac
1966 5611 2175 5681 probro
2223 5611 2442 5666 traCIari
2494 5626 2650 5679 posse
2680 5620 2872 5681 negat,
2920 5615 3014 5681 qui
3062 5611 3247 5667 basim
3291 5616 3439 5671 illam

1873 5681 2074 5746 ὑλῶδές
2097 5699 2150 5735 τι
2179 5682 2275 5736 καὶ
2305 5681 2631 5753 σωματῶδες
2665 5697 2785 5737 esse
2815 5684 3164 5755 arbitrentur.
