3856 6224
346 306 452 358 ιιη

992 300 1263 357 EUSEBII
1297 300 1779 359 CrESAR‘lENSlS
1819 301 1973 359 OPP.
2012 299 2193 355 PARS
2230 297 2293 353 ll.
2331 324 2404 338 —-
2436 294 2942 352 APOLOGETICA.

3508 295 3608 350 548

354 419 525 490 hujus
555 418 735 489 gregis
759 432 970 485 curam,
1000 434 1109 473 non
1151 432 1312 473 secus
1346 433 1418 475 ac
1457 420 1658 475 summi
1698 420 1933 490 impera-

2048 418 2263 490 ρησίας,
2306 416 2387 469 ὅτι
2415 415 2567 468 οὐδὲν
2598 414 2708 468 τῶν
2737 411 2945 468 ἐνύλων
2993 411 3256 485 κραταιὸν
3301 412 3502 478 οὗτος,
3539 412 3612 476 ὡς

347 513 491 568 toris
541 512 754 583 legatus
805 511 1163 580 susciperet.»
1208 510 1267 565 ln
1303 513 1609 581 posteriore
1659 528 1817 576 vero,
1852 513 1930 568 sic

344 601 420 656 ad
452 601 716 655 verbum:
764 598 1075 668 «Quisquis,
1110 600 1309 669 inquit,
1357 615 1423 655 eo
1455 616 1514 656 se
1557 601 1791 655 liberum
1832 617 1934 671 pu-

349 694 481 749 dore
530 693 690 755 volet,
740 692 832 761 qui
885 692 1287 746 dubitationem
1349 694 1512 762 vulgo
1546 694 1929 763 consequitur,

353 785 403 841 is
439 786 606 839 libere
627 785 924 854 palamque
957 785 1292 854 pronuntiet,
1326 786 1460 840 nihil
1491 801 1682 841 eorum
1713 802 1833 855 quae
1875 786 1932 840 in

351 876 637 929 materiam
670 874 930 931 immersa
959 876 1090 939 sint,
1118 876 1190 931 ad
1226 876 1601 932 sustinendam
1630 877 1781 932 orbis
1812 890 1933 929 mo-

348 969 461 1023 lem
515 969 648 1023 satis
709 969 909 1023 hal»ere
954 969 1191 1035 virium;
1238 978 1295 1023 at
1351 969 1741 1037 sempiternum
1799 967 1933 1023 illud

348 1061 542 1115 aeterni
580 1060 676 1115 Dei
710 1058 973 1124 Verbum,
1021 1063 1182 1132 longe
1236 1062 1679 1131 potentissimum
1732 1076 1796 1115 ac
1836 1061 1932 1114 tir-

348 1152 667 1207 missimum
696 1167 824 1208 esse
854 1154 1106 1207 columen
1143 1152 1406 1206 universi.
1475 1150 1588 1206 Hoc
1618 1152 1763 1205 enim
1800 1151 1933 1204 illud

344 1253 457 1309 est,
489 1245 647 1313 cujus
677 1244 910 1298 arbitrio
962 1244 1090 1299 d'um
1128 1260 1159 1298 a
1190 1244 1385 1298 mediis
1425 1244 1498 1298 ad
1543 1252 1810 1306 extrema,
1860 1243 1935 1296 si-

350 1334 577 1403 mulque
622 1349 653 1389 a
689 1335 921 1389 summis
967 1335 1037 1389 ad
1082 1334 1257 1388 media
1295 1335 1553 1403 pertinet,
1599 1335 1934 1388 constitutus

354 1440 420 1480 ac
444 1434 741 1496 perpetuus
779 1436 989 1481 naturae
1014 1442 1211 1482 cursus
1236 1426 1539 1496 peragitur.
1569 1425 1761 1480 Partes
1786 1428 1932 1479 enim

350 1534 545 1574 omnes
578 1521 717 1574 inter
746 1535 870 1576 sese
899 1521 1179 1575 consociat
1212 1528 1377 1589 atque
1401 1519 1745 1590 constringit,
1785 1521 1935 1588 quod

351 1610 485 1666 illud
515 1610 695 1679 Pater,
721 1630 750 1666 a
774 1628 884 1683 quo
916 1612 1164 1683 genitum
1202 1621 1306 1677 est,
1349 1613 1724 1666 ﬁrmissimum
1754 1612 1936 1681 quod-

355 1707 482 1763 dam
511 1707 680 1761 totius
722 1707 963 1761 universi
992 1706 1269 1760 vinculum
1298 1721 1420 1760 esse
1446 1705 1701 1759 voluerit.
1736 1704 1932 1758 Mirum

2031 513 2123 567 τὸν
2147 511 2351 580 κόσμον
2367 508 2693 579 ἀχθοφορεῖν
2725 507 2961 578 ίσχύσαι.
2987 507 3159 575 Λόγος
3186 508 3232 560 δ’
3261 506 3374 576 (79)
3394 508 3428 559 ό
3452 505 3612 568 ἀΐδιος

2033 602 2167 657 Θεοῦ
2195 600 2289 655 τοῦ
2342 602 2561 655 αἰωνίου
2619 602 2681 654 τὸ
2732 597 3072 672 ὀχυρώτατον
3119 601 3214 653 καὶ
3275 597 3612 669 βεδαιὶτατον

2034 694 2264 766 ἔρεισμα
2295 692 2404 746 τῶν
2433 694 2568 746 ὅλων
2595 693 2765 746 ἐστίν.
2795 687 2962 757 Οὗτος
2993 692 3102 746 άπὸ
3144 692 3253 746 τῶν
3305 691 3483 762 μέσων
3524 692 3614 745 ἐπὶ

2032 786 2101 840 τά
2135 786 2363 857 πέρατα,
2390 785 2484 838 καὶ
2509 785 2617 837 ἀπὸ
2643 783 2752 837 τῶν
2776 786 2959 858 ἄκρων
2987 785 3080 838 ἐπὶ
3112 783 3184 838 τά
3224 783 3365 855 μέσα
3410 783 3641 873 “Belgi

2031 878 2295 950 δολιχεύει
2323 878 2415 931 τὸν
2448 877 2665 948 φύσεως
2690 880 2959 949 ἀήττητον
2995 878 3197 949 δρόμον
3224 919 3238 942 ,
3272 877 3518 945 συνάγων
3546 876 3631 935 τάη

2037 968 2179 1041 μέρη
2216 969 2392 1021 πάντα
2423 968 2518 1020 καὶ
2545 967 2879 1036 συσφίγγων.
2910 967 3120 1038 Δεσμὸν
3171 966 3281 1038 γὰρ
3326 964 3488 1020 αὑτὸν
3526 965 3616 1037 dp-

2036 1062 2197 1131 ρητον
2233 1058 2342 1129 (80)
2376 1058 2469 1111 τοῦ
2498 1057 2700 1122 παντὸς
2718 1060 2753 1111 ὁ
2785 1059 3053 1129 γεννήσας
3080 1058 3253 1110 ἐποίει
3286 1058 3495 1128 Πατήρ.
3524 1044 3637 1109 Εί-’

2033 1152 2208 1215 κότως
2232 1147 2325 1205 οῦν
2353 1151 2475 1204 οὐδὲ
2519 1152 2589 1222 γῆ
2628 1152 2779 1205 πάσα
2815 1150 3202 1222 διαλυθήσεται
3249 1152 3384 1222 πρὸς
3423 1148 3619 1214 παντὸς

2035 1242 2247 1308 ὓδατος,
2275 1245 2412 1315 ὅπερ
2436 1243 2608 1312 αὐτῆς
2632 1244 2682 1295 οἱ
2716 1243 2906 1296 κόλποι
2932 1244 3334 1315 κεχωρήκασιν,
3379 1242 3488 1295 οὐδ’
3514 1240 3617 1294 ὑπὸ

2034 1335 2194 1406 ἀέρος
2219 1334 2577 1406 σϐεσθήσεται
2613 1333 2744 1406 πῦρ,
2773 1334 2883 1387 οὐδ’
2909 1334 3142 1406 ἔμπαλιν
3173 1336 3281 1388 ὑπὸ
3309 1332 3479 1406 πυρὸς
3509 1334 3618 1406 ἀὴρ

2034 1427 2521 1497 ἀναφλεχθήσεται,
2553 1427 2648 1481 τοῦ
2680 1427 2825 1481 θείου
2854 1427 3029 1496 Λόγου
3059 1428 3309 1499 μεθόριον
3334 1426 3616 1489 τάττοντος

2036 1518 2196 1573 αὐτὸν
2226 1520 2437 1590 φωνῆεν
2483 1520 2593 1591 (81)
2630 1521 2908 1590 στοιχείων
2949 1518 3180 1589 ἀφώνων
3201 1538 3214 1551 ·
3262 1521 3348 1573 ἵνα
3379 1519 3440 1573 τὸ
3500 1517 3618 1572 ἔλον

2035 1608 2223 1681 ὥσπερ
2256 1614 2350 1665 ἐπὶ
2381 1612 2483 1682 τῆς
2511 1613 2839 1685 ἐγγράμμου
2874 1612 3139 1683 μουσικῆς
3171 1613 3281 1681 (82)
3320 1612 3615 1682 συνηιήσην

2036 1702 2134 1766 τὰς
2163 1703 2270 1756 τῶν
2296 1706 2553 1760 ἐναντίων
2585 1705 2815 1768 ἀπειλάς
2837 1704 3016 1758 πειθοῖ
3035 1708 3099 1776 τῇ
3138 1704 3340 1775 συνόδῳ
3372 1702 3622 1774 μεσιτεῦ·

352 1812 483 1867 ergo
516 1796 651 1850 nihil
694 1804 798 1861 est,
834 1796 880 1849 si
909 1810 1087 1864 neque
1128 1803 1401 1848 terrarum
1438 1794 1630 1856 moles,
1666 1808 1934 1863 aquarum

2048 1795 2190 1858 οντός
2216 1813 2274 1849 τε
2308 1796 2402 1850 καὶ
2430 1796 2759 1860 διαιτῶντος.
2795 1816 2816 1847 »
2845 1797 3030 1850 Ταῦτα
3061 1773 3440 1849 Φίλωνξιζαὶ
3478 1794 3622 1864 ’Δρι-

354 1897 506 1945 tanta
554 1890 629 1957 vi,
661 1889 816 1944 sinus
853 1904 1039 1943 carum
1077 1888 1366 1941 interiores
1419 1895 1756 1955 permeante,
1794 1900 1934 1939 nun-

2048 1886 2327 1951 πόὸουλος
2357 1887 2435 1953 δὲ,
2465 1888 2621 1953 ἄλλος
2667 1890 2931 1961 Ἐὃραίων
2957 1890 3122 1957 σοφὸς
3149 1888 3287 1959 ἀνὴρ
3307 1927 3321 1951 ,
3355 1884 3495 1940 κατά
3523 1884 3621 1955 τὴν

352 1997 522 2052 quam
571 1981 922 2047 dissolvetur,
956 1995 1056 2034 nec
1082 1979 1151 2033 ab
1190 1994 1314 2033 aere
1361 1978 1739 2047 exstinguetur
1770 1976 1931 2046 ignis,

2048 1977 2147 2029 τῶν
2171 1977 2521 2049 Πτολεμαίων
2547 1979 2804 2049 ἀκμάσας
2834 1983 2933 2051 ήγε
2944 1980 3153 2050 μονίαν,
3178 1979 3338 2049 κυροῖ
3363 1976 3425 2028 τὸ
3447 1974 3623 2044 δόγμα

354 2089 457 2128 nec
482 2089 577 2128 aer
607 2084 797 2128 contra
828 2073 950 2142 igne
986 2070 1501 2141 conﬂagrabit,cum
1532 2069 1775 2122 divinum
1804 2068 1934 2121 illud

2048 2067 2115 2131 ὡς
2148 2068 2399 2138 πάτριον,
2435 2069 2584 2140 αὐτῷ
2620 2071 2941 2142 Πτολεμαίῳ
2969 2071 3067 2142 τὴν
3090 2070 3199 2123 τῶν
3244 2067 3403 2140 ἱερῶν
3443 2066 3625 2138 νόμων

355 2162 619 2231 Verbum,
651 2165 796 2234 quod
827 2178 951 2217 sese
974 2170 1125 2216 muta
1161 2162 1305 2215 inter
1339 2162 1631 2225 elementa,
1658 2159 1815 2228 quasi
1847 2173 1934 2212 vo-

2048 2162 2382 2232 προσφωνῶν
2424 2163 2739 2234 ἑρμηνείαν,
2772 2166 2830 2217 ἐν
2862 2158 2895 2237 ᾖ
2930 2163 3055 2217 τάδε
3085 2161 3235 2234 φησί.

357 2259 476 2313 cale
524 2258 799 2327 quoddam
849 2256 1089 2311 medium
1138 2253 1461 2318 constituit;
1496 2260 1553 2305 ut
1598 2262 1860 2320 tanquam
1919 2250 1971 2303 in
2038 2253 2247 2306 musica
2292 2254 2409 2308 suis
2457 2255 2722 2309 instructa
2784 2256 3103 2324 digestaque
3149 2253 3314 2317 notis,
3359 2259 3519 2321 aptus
3568 2258 3628 2305 et

357 2354 547 2409 suavis
604 2353 769 2407 totius
814 2351 1059 2406 universi
1113 2358 1413 2404 concentus
1469 2347 1776 2411 exsisteret,
1829 2346 2231 2401 contrariorum
2278 2350 2456 2404 minas
2494 2351 2671 2405 amica
2716 2350 2953 2421 quadam
2998 2348 3382 2417 conjunctione
3424 2345 3628 2399 lenien-

357 2447 459 2500 das
515 2443 984 2512 moderandasque
1043 2441 1400 2510 susceperit.»
1448 2436 1575 2491 Haec
1636 2436 1819 2490 Philo.
1871 2435 2222 2493 Aristobulus
2282 2454 2521 2510 quoque,
2578 2441 2720 2495 alius
2780 2441 2908 2494 item
2964 2438 3213 2493 eruditus
3271 2433 3623 2490 Hebraeorum

357 2539 615 2607 scriptor,
661 2535 754 2606 qui
799 2534 1221 2588 Ptolemaaorum
1290 2532 1521 2601 imperio
1587 2530 1787 2593 ﬂoruit,
1852 2528 2100 2583 eamdem
2158 2533 2485 2586 sententiam
2560 2533 2705 2605 genti
2768 2531 3009 2587 defendit
3073 2528 3421 2598 vindicatqae
3474 2538 3625 2593 suae,

357 2633 650 2690 Ptolemaao
679 2631 780 2703 ipsi
833 2632 1142 2684 divinarum
1174 2626 1679 2698 interpretationem
1721 2625 2027 2679 litterarum
2049 2622 2379 2692 inscribens,
2409 2628 2503 2684 ubi
2528 2629 2646 2683 haec
2674 2628 2820 2684 inter
2858 2638 3073 2683 caetera.

825 2741 990 2814 334
1019 2739 1252 2795 CAPUT
1295 2738 1443 2794 xw.

546 2836 843 2893 Aristobuli
873 2838 1026 2890 verba
1051 2836 1107 2888 in
1147 2834 1384 2889 eamdem
1414 2834 1751 2893 sententiam.

435 2929 817 3000 «Quanquam,
875 2929 1074 2996 inquit,
1144 2926 1202 2981 in
1259 2926 1596 2997 Sapientiam
1655 2926 1942 2984 transferri

358 3024 467 3080 hoc
522 3039 739 3093 quoque
780 3023 978 3092 possit,
1031 3036 1157 3075 cum
1187 3036 1255 3075 ex
1299 3036 1364 3075 ea
1404 3020 1500 3073 lux
1527 3019 1782 3075 universa
1815 3036 1943 3091 pro-

2571 2744 2966 2796 ΚΕΦΑΛΑΙΟΝ
2995 2741 3093 2796 ΙΔ’.

2334 2834 2788 2903 Ἀριστοϐούλου
2820 2834 2955 2903 περὶ
2988 2834 3095 2888 τοῦ
3133 2834 3342 2889 αὐτοῦ.

2116 2944 2135 2976 ι
2170 2927 2542 2999 Μεταφέροιτο
2574 2927 2619 2981 δ’
2642 2928 2707 2983 ἂν
2734 2928 2795 2981 τὸ
2822 2928 2955 2982 αὐτὸ
2988 2927 3081 2981 καὶ
3129 2926 3222 2979 ἐπὶ
3264 2927 3361 2996 τῆς
3394 2926 3625 2996 σοφίας·

2039 3016 2099 3072 τὸ
2128 3018 2237 3090 γὰρ
2267 3021 2373 3073 πᾶν
2395 3019 2511 3089 φῶς
2540 3021 2689 3074 ἐστιν
2711 3020 2769 3085 ἐξ
2800 3020 2989 3089 αὐτῆς.
3024 3019 3117 3072 Διὸ
3157 3019 3250 3073 καί
3283 3036 3431 3083 τινες
3471 3020 3633 3091 εἰρή-

359 3116 539 3171 dierit.
588 3113 777 3183 Itaque
804 3128 870 3167 ex
920 3111 1401 3183 Peripateticorum
1428 3113 1617 3167 schola
1666 3111 1934 3176 nonnulli,

2048 3128 2172 3166 κατι
2206 3112 2316 3165 τῶν
2361 3114 2427 3167 ἐκ
2463 3115 2563 3184 τῆς
2598 3115 2861 3186 αἱρέσεως
2892 3115 3044 3179 ὄντες
3071 3118 3135 3169 ἐκ
3171 3114 3266 3169 τοῦ
3288 3114 3633 3187 Περιπάτου,

360 3204 502 3258 l'acis
529 3218 647 3257 eam
676 3203 847 3257 instar
876 3217 997 3256 esse
1029 3202 1343 3269 voluerunt,
1370 3203 1517 3272 quod
1552 3204 1646 3272 qui
1687 3203 1809 3273 ejus
1839 3204 1940 3257 du-

357 3306 508 3351 ctum
558 3304 872 3351 constanter
921 3295 1095 3349 secuti
1141 3303 1324 3362 erunt,
1385 3294 1421 3349 ii
1485 3305 1600 3350 toto
1648 3297 1775 3350 vita:
1828 3312 1944 3351 suae

359 3399 607 3457 tempore
638 3388 706 3440 ab
734 3387 885 3440 omni
922 3385 1333 3455 perturbatione
1382 3386 1541 3441 vacui
1590 3386 1701 3441 sint
1745 3386 1940 3444 futuri.

361 3477 564 3533 Verum
602 3478 654 3533 id
689 3478 894 3533 clarius
923 3477 1089 3532 simul
1138 3493 1203 3532 ac
1246 3478 1443 3533 melius
1467 3477 1726 3533 Salomon
1760 3495 1790 3535 e
1822 3498 1943 3535 ma-

354 3571 580 3641 joribus
624 3570 828 3625 nostris
863 3586 1007 3625 unus
1042 3571 1335 3640 expressit,
1371 3587 1495 3626 cum
1518 3588 1647 3626 eam
1678 3573 1801 3627 cmii
1834 3582 1943 3627 ter-

360 3680 545 3734 raque
573 3663 855 3718 molitione
886 3665 1126 3733 priorem
1162 3679 1284 3719 esse
1319 3664 1557 3731 «liceret;
1587 3667 1731 3737 quod
1764 3668 1939 3737 ipsum

359 3766 544 3812 tamen
582 3771 708 3811 cum
756 3755 848 3810 illo
893 3754 1384 3822 Peripateticorum
1433 3757 1579 3811 dicto
1627 3759 1935 3813 convenit.»

360 3850 538 3918 Atque
571 3848 717 3903 hunc
765 3847 821 3901 in
879 3848 1101 3902 modum
1158 3848 1261 3917 ipsi
1322 3864 1546 3918 quoque
1607 3846 1819 3904 llebrmi
1873 3851 1941 3905 de

362 3939 542 3994 Verbo
582 3939 768 3994 divino
799 3938 1169 4009 philosophati
1222 3951 1373 3994 sunt.
1427 3939 1561 4005 Quis
1607 3952 1786 3995 autem
1832 3958 1940 3996 non

363 4040 648 4103 agnoscat,
679 4031 785 4085 hoc
817 4030 1076 4100 loquendi
1110 4046 1283 4101 genus
1320 4032 1565 4085 divinam
1597 4034 1940 4103 majestatem

370 4126 429 4180 in
473 4124 663 4197 primis
717 4124 933 4190 decere,
999 4139 1111 4193 quo
1163 4124 1484 4194 intelligenti
1532 4141 1597 4181 ac
1649 4128 1941 4197 sapientis-

364 4217 507 4272 simo
545 4217 691 4271 illius
716 4206 963 4281 Numini,
1003 4216 1109 4281 vel,
1146 4224 1207 4269 ut
1241 4217 1435 4271 melius
1484 4217 1689 4284 dicam,
1720 4219 1941 4288 ipsimet

364 4310 487 4380 ejus
516 4308 810 4378 Sapientia:
838 4317 1003 4378 atque
1045 4307 1263 4363 Rationi
1295 4311 1494 4378 potius,
1544 4327 1710 4381 quam
1755 4313 1940 4367 inani-

365 4402 473 4458 mis
523 4400 853 4470 quibusdam
905 4410 960 4454 et
1004 4400 1216 4455 ratione
1272 4402 1584 4457 carentibus
1631 4404 1937 4475 elementis,

2042 3201 2363 3275 λαμπτῆρος
2387 3206 2554 3276 αὐτὴν
2585 3206 2728 3278 ἔχειν
2754 3209 2927 3273 τάξιν,
2951 3207 3370 3273 ἀκολουθοῦντες
3402 3208 3511 3281 γὰρ
3529 3206 3637 3261 αἱ..

2040 3294 2140 3366 τὴν
2167 3308 2193 3336 ι
2222 3297 2479 3369 συνεχῶς,
2512 3300 2775 3371 ἀτάραχοι
2805 3303 3238 3372 καταστήσονται
3269 3301 3337 3354 δι’
3380 3299 3504 3354 ὅλου
3530 3298 3631 3355 τοῦ

2043 3384 2179 3455 βίου.
2216 3387 2557 3459 Σαφέστερον
2583 3389 2640 3442 δὲ
2664 3391 2757 3443 καὶ
2782 3390 2999 3444 κάλλιον
3032 3390 3141 3444 τῶν
3172 3391 3457 3462 ἡμετέρων
3489 3407 3630 3461 προ-

2040 3480 2213 3548 γόνων
2238 3496 2323 3542 τις
2355 3475 2476 3533 εἶπε
2509 3481 2780 3553 Σολομὼν,
2816 3484 2921 3555 πρὸ
2944 3481 3174 3554 οὐρανοῦ
3210 3484 3429 3553 καὶτῆς
3459 3482 3631 3555 αὐτὴδ

2042 3572 2308 3643 ὑπάρχειν
2330 3590 2343 3603 ο
2382 3573 2440 3626 τὸ
2466 3575 2522 3627 δέ
2569 3574 2858 3645 σύμφωνον
2893 3577 3008 3627 ἐστι
3043 3574 3120 3645 τῷ
3154 3575 3557 3646 προειρημένῳ.
3602 3592 3623 3627 r

2043 3664 2230 3718 Ταῦτα
2267 3665 2365 3735 μὲν
2396 3662 2489 3719 οὖν
2514 3666 2607 3719 καὶ
2632 3666 2701 3718 τὰ
2732 3665 2954 3720 τοιαῦτα
2981 3668 3110 3737 περὶ
3133 3666 3286 3720 τοῦδε
3312 3668 3407 3720 καὶ
3439 3666 3632 3731 παῖδες

2054 3756 2321 3828 Ἐϐραίων
2337 3757 2858 3829 πεφιλοσοφήκασιν.
2880 3755 3006 3830 Ἆρ’
3028 3755 3121 3813 οὖν
3142 3760 3239 3830 οὐχ
3266 3754 3420 3822 οὗτος
3452 3758 3633 3827 λόγων

2041 3849 2125 3921 εἴη
2155 3849 2220 3903 ἂν
2258 3852 2287 3903 ὁ
2318 3849 2818 3923 θεοπρεπέστατος,
2860 3851 3088 3921 δυνάμει
3131 3850 3266 3904 Θεοῦ
3294 3850 3483 3921 λογικῇ
3532 3850 3632 3903 καὶ

2042 3942 2321 4012 πανσόφῳ,
2349 3942 2548 4012 μᾶλλον
2573 3944 2631 3997 δὲ
2659 3946 2796 4016 αὐτῇ
2826 3944 2989 4014 σοφίᾳ
3005 3943 3100 3996 καὶ
3129 3943 3277 4013 αὐτῷ
3303 3942 3439 3996 Θεοῦ
3465 3943 3629 4014 Λόγῳ
3686 3946 3695 3951 “

2040 4034 2139 4104 τὴν
2163 4034 2336 4105 ἀρχὴν
2368 4035 2640 4100 ἀνατιθεὶς
2684 4035 2785 4104 τῆς
2823 4034 2919 4087 τοῦ
2968 4035 3167 4098 παντὸς
3216 4034 3549 4098 συστάσεως,
3590 4034 3629 4105 ἦ

2040 4130 2152 4191 τοῖς
2177 4127 2405 4199 ἀψύχοις
2438 4130 2533 4182 καὶ
2552 4129 2766 4198 ἀλόγοις
2792 4126 3114 4196 στοιχείοις;
3180 4125 3342 4178 Ἀλλά
3377 4124 3485 4197 γὰρ
3516 4141 3633 4178 τοι·

2042 4221 2182 4275 αῦτα
2215 4223 2344 4293 παρ’
2383 4221 2654 4290 Ἑϐραίοις
2688 4221 2785 4274 καὶ
2806 4219 2875 4272 τὰ
2907 4220 3038 4288 περὶ
3073 4219 3172 4289 τῆς
3199 4218 3307 4271 τῶν
3355 4218 3493 4272 ὅλων
3528 4219 3635 4291 ἀρ-

2042 4314 2163 4385 χῆς.
2205 4314 2543 4384 Σκεψώμεθα
2570 4314 2626 4367 δὲ
2655 4315 2748 4367 καὶ
2768 4311 2803 4367 ἃ
2833 4313 2966 4385 περὶ
2985 4313 3084 4383 τῆς
3116 4311 3223 4365 τῶν
3265 4309 3497 4379 λογικῶν
3531 4326 3632 4363 συ-

2045 4414 2307 4477 στάσεως,
2337 4412 2448 4466 τῶν
2481 4412 2620 4484 μετά
2637 4412 2735 4484 τὴν
2759 4410 2982 4482 πρώτην
3010 4409 3206 4481 ἀρχὴν,
3230 4406 3629 4460 ἐκδιδάσκουσι.

367 4499 612 4553 universi
663 4497 989 4568 principium
1026 4497 1348 4566 molitioque
1390 4499 1711 4556 tribuatur?
1757 4506 1827 4559 At
1856 4509 1936 4577 ,de
1978 4526 2159 4566 rerum
2211 4511 2480 4581 principio
2537 4527 2604 4564 ex
2667 4508 3016 4564 Hebraeorum
3059 4522 3226 4562 sensu
3269 4502 3633 4571 doctrinaque

365 4595 522 4651 satis.
544 4591 663 4648 Jam
692 4593 821 4663 quid
850 4593 953 4662 ipsi
971 4601 1228 4662 praeterea
1246 4593 1313 4648 de
1348 4605 1722 4653 creaturarum
1770 4604 1983 4663 ratione
2020 4609 2395 4679 praeditarum,
2424 4608 2725 4663 secundum
2755 4606 2932 4677 prima
2961 4605 3052 4659 illa
3106 4603 3295 4659 mundi
3347 4600 3632 4657 nascentis

367 4685 544 4751 initia,
571 4683 928 4756 productione
957 4683 1227 4738 senserint
1265 4683 1520 4755 deinceps
1556 4687 1864 4747 videamus.

957 4772 1188 4830 CAPUT
1223 4774 1341 4831 XV.

405 4871 482 4925 De
504 4879 872 4924 creaturarum
900 4868 1103 4921 ratione
1130 4869 1482 4938 prazditarum
1509 4872 1882 4940 productione.

441 4959 585 5031 Ergo
614 4969 737 5030 post
770 4960 941 5025 illaut,
974 4959 1133 5029 cujus
1162 4975 1263 5015 nec
1286 4962 1618 5031 principium
1643 4981 1744 5021 nec
1776 4979 1941 5026 ortus

370 5055 519 5111 ullus
560 5063 664 5118 est,
718 5053 811 5108 Dei
843 5053 1194 5123 prapotentis
1234 5055 1560 5122 essentiam,
1609 5057 1944 5129 principium

438 5179 469 5210 ι
493 5167 653 5239 αὐτῇ.

439 5260 554 5331 (79)
595 5262 785 5330 Λόγος
822 5262 909 5317 δέ.
958 5261 1160 5317 Excus.
1212 5263 1315 5332 leg.
1358 5263 1522 5332 νόμος
1566 5262 1643 5315 δέ.
1701 5261 1937 5319 Dubium

364 5346 492 5389 esse
523 5341 839 5403 non‘potest
872 5334 1003 5402 quin
1039 5331 1309 5387 Eusebius
1336 5331 1518 5403 noster
1540 5336 1731 5403 Λόγος
1759 5335 1939 5402 potius

368 5417 534 5472 quam
577 5401 764 5473 νόμος
800 5401 1177 5473 ιοεοι·ἰῑ,ίευιη
1220 5403 1324 5458 hoc
1348 5404 1414 5457 de
1449 5401 1831 5458 Verho‘divino
1861 5417 1943 5458 tem

370 5471 684 5543 stimopium
718 5471 979 5541 proferat.
1010 5472 1074 5527 Et
1105 5489 1396 5539 sane,cum
1431 5474 1743 5543 paulopost
1771 5473 1938 5528 Deum

369 5543 491 5613 ejus
523 5540 735 5595 Patrem
760 5545 1007 5611 appellet,
1026 5544 1367 5598 commodius
1396 5540 1447 5596 id
1476 5543 1544 5596 dc
1574 5540 1748 5597 verbo
1772 5560 1937 5613 quam

370 5612 449 5683 de
476 5612 590 5677 lege
623 5614 878 5683 accipias.
920 5614 1035 5667 lino
1058 5616 1201 5683 quod
1235 5616 1401 5677 addit,
1435 5630 1555 5668 csse
1590 5618 1744 5683 quasi
1781 5612 1939 5683 μεθό-

369 5682 486 5804 ξίιόν
514 5697 567 5733 τι
594 5682 806 5751 φωνῆεν
843 5682 1120 5753 στοιχείων
1153 5684 1413 5751 ἀφώνων,
1459 5682 1630 5737 multo
1661 5682 1855 5737 melius
1883 5685 1938 5737 in

421 5752 641 5804 erbum.
672 5752 817 5804 nuod
848 5756 1034 5804 vocale
1059 5754 1185 5804 auid
1210 5765 1402 5804 sonat.
1440 5770 1602 5804 uuam
1639 5754 1693 5804 in
1739 5754 1937 5804 legem.

421 5752 641 5820 erbutn,
672 5752 817 5822 quod
848 5752 1034 5810 vocale
1059 5754 1185 5826 quid
1210 5765 1403 5823 sonat,
1440 5770 1602 5826 quam
1639 5754 1693 5809 in
1739 5754 1937 5823 legem,

2560 4783 2959 4837 ΚΕΦΑΔΑΙΟΝ
2992 4780 3091 4835 IE'.

2282 4876 2423 4946 Περὶ
2444 4874 2564 4943 *τῆς
2586 4875 2703 4929 τῶν
2732 4873 2990 4944 λογικῶν
3013 4872 3389 4940 συστάσεως.

2116 4970 2270 5024 Μετά
2295 4970 2395 5039 τὴν
2430 4969 2663 5038 ἄναρχον
2685 4968 2780 5020 καὶ
2813 4966 3107 5034 ἀγέννητον
3132 4965 3226 5018 τοῦ
3255 4964 3393 5018 Θεοῦ
3414 4965 3631 5037 παμϐα-

2045 5058 2240 5123 σιλέως
2270 5056 2591 5128 οὐσίαν,τὴν
2613 5056 2712 5108 οὐκ
2737 5053 3015 5126 ἄλλοθενῆ
3045 5056 3110 5108 ἐκ
3150 5053 3244 5107 τοῦ
3284 5053 3499 5126 Πατρὸς
3532 5072 3633 5125 γε-

2050 5262 2359 5334 κωφότερόν
2383 5278 2437 5314 τι
2469 5262 2573 5331 χρῆ
2584 5277 2677 5334 μοι,
2698 5259 3017 5334 conveniat.

2122 5327 2233 5400 (80)
2268 5327 2790 5400 δἈρῤηέόνξῬΙιίΙο,
2825 5327 3122 5400 ἄρρηκτον,
3153 5327 3314 5400 longe
3347 5327 3566 5400 melius.

2122 5334 2212 5397 (80
2268 5334 2578 5400 "Ajipntor.
2615 5334 2790 5394 Philo,
2825 5334 3122 5400 ἄρρηκτον,
3155 5334 3314 5397 longe
3347 5334 3566 5383 melius.

2120 5334 2233 5485 (gl;
2263 5400 2524 5485 φωνῆενς.
2555 5399 2740 5485 ‘Philo,
2768 5398 3017 5469 καθάπερ
3040 5398 3343 5468 φωνήεντα,
3373 5399 3520 5468 quod
3553 5398 3635 5453 εἰη

2048 5473 2395 5545 gnificantius
2424 5473 2661 5545 videtur.

2118 5544 2229 5614 (8‘2)
2280 5540 2646 5614 Ἐγγράμμου
2677 5538 3001 5614 μουσικῆς.
3048 5537 3186 5614 Hinc
3212 5552 3474 5614 excusum
3502 5551 3637 5614 cor-

2048 5607 2220 5683 rigas
2257 5607 2420 5681 licet,
2476 5607 2568 5668 ubi
2629 5607 2915 5682 perperam
2970 5610 3166 5682 legitur
3227 5607 3636 5681 ἐγγραμμάτου

2050 5685 2277 5758 μούσης.
