3878 6220
199 257 312 315 549

1386 257 1711 315 ΡΒᾸΞΡΑΒ.
1754 256 2010 316 EVANG.
2052 259 2183 315 LIB.
2226 258 2338 315 νη.

162 432 169 449 ,
194 368 545 450 γεννηῖὶένην
585 377 781 450 ἀρχὴν,
813 376 1160 449 πρωτότοκόν
1190 395 1250 433 τε
1281 375 1446 434 οὖσαν
1466 383 1561 436 xui
1613 399 1788 454 συνερ·

1905 382 2037 437 illud
2082 389 2353 450 statuunt,
2393 380 2542 452 quod
2592 395 2715 447 non,
2757 381 2977 437 aliunde
3027 397 3197 453 quam
3248 396 3317 437 ex
3366 380 3488 452 ipso

198 471 300 542 γὸν
329 471 428 540 τῆς
465 470 558 524 τοῦ
592 471 806 541 Πατρὸς
840 470 1058 540 βουλῆς,
1090 469 1229 543 πρὸς
1271 472 1435 525 αὐτόν
1473 490 1533 526 τε
1571 474 1798 527 ἀπεικο-

196 562 467 633 νισμένην
494 561 826 618 διδάσκουσι.
858 562 1073 636 Ταύτην
1093 565 1150 617 δὲ
1164 563 1284 635 *τῶν
1331 566 1469 635 μετά
1505 564 1677 617 ταῦτα
1706 582 1798 633 γε-

198 653 383 725 νητῶν
419 654 675 706 ἁπάντων
720 654 1046 726 πρωτεύειν,
1083 656 1213 726 παρ’
1247 654 1276 707 ὃ
1298 655 1393 708 καὶ
1439 655 1623 708 εἰκόνα
1658 654 1792 708 Θεοῦ

199 744 396 815 αὐτὴν,
432 744 527 797 xui
545 742 678 796 Θεοῦ
702 743 950 816 δύναμιν,
987 746 1080 798 xui
1104 743 1240 799 Θεοῦ
1279 745 1472 815 σοφίαν
1493 785 1507 809 ,
1539 746 1633 800 καὶ
1659 745 1793 799 Θεοῦ

198 836 399 904 Λόγον,
431 835 520 889 ναὶ
543 836 650 907 μὴν
678 838 773 890 καὶ
792 836 1231 909 ἀρχιστράτηγον
1252 837 1536 907 δυνάμεως
1564 838 1792 908 Κυρίου,

203 927 452 998 μεγάλης
487 944 547 980 τε
582 926 777 999 βουλῆς
804 928 1033 996 ἄγγελον
1058 928 1353 983 ἀποκαλεῖν
1379 929 1626 985 εἰώθασι.
1682 930 1795 995 Τάς

198 1020 259 1073 δὲ
287 1021 428 1091 μετά
468 1019 623 1091 τήνδε
653 1019 751 1091 τὴν
792 1022 968 1093 ἀρχὴν
999 1023 1191 1095 νοεράς
1228 1022 1324 1075 καὶ
1370 1022 1595 1091 λογικὰς
1630 1023 1794 1079 δυνά-

202 1130 327 1183 μεις
348 1113 410 1166 ού
441 1112 640 1176 λεπτὰς
661 1108 800 1167 εἶναι
822 1112 1108 1185 ἀνθρώπου
1132 1113 1314 1182 φύσει,
1338 1113 1433 1168 τοῦ
1460 1132 1519 1167 τε
1554 1115 1793 1185 πλήθους

197 1202 367 1257 ἕνεκα
397 1203 497 1274 τῆς
522 1220 582 1256 τε
612 1205 733 1257 κατ’
755 1199 893 1267 εἶδος
915 1204 1200 1277 διαφορᾶς,
1235 1203 1376 1277 πλὴν
1401 1206 1526 1259 ὅσον
1571 1205 1796 1259 ἐπιϐάλ-

197 1298 313 1353 λειν
345 1298 571 1351 δυνατὸν
596 1301 711 1361 τοῖς
742 1298 1184 1370 παραδείγμασιν
1220 1301 1285 1352 ὲκ
1315 1299 1413 1369 τῆς
1445 1298 1554 1352 τῶν
1582 1299 1794 1371 δρωμέ-

196 1406 308 1445 νων
337 1388 653 1457 ἀναλογίας,
682 1387 856 1460 ἡλίου,
894 1391 992 1442 xui
1025 1389 1276 1461 σελήνης,
1299 1390 1394 1442 xui
1422 1389 1658 1460 ἄστρων,
1697 1389 1794 1442 xui

194 1479 367 1535 αὐτοῦ
402 1481 469 1552 δὴ
488 1479 743 1552 ούρανοῦ,
775 1479 921 1533 ἔνδον
954 1482 1044 1549 ὑφ’
1076 1480 1254 1551 ἑαυτῷ
1279 1480 1347 1532 τὰ
1366 1479 1657 1551 σύμπαντα
1695 1498 1794 1533 πε-

196 1572 562 1645 ριειληφότος.
602 1591 620 1624 t
658 1571 827 1641 ’Ἄλλη
848 1572 956 1643 γὰρ
984 1571 1111 1637 δόξα
1143 1571 1316 1643 ἡλίου,
1348 1573 1446 1626 xui
1483 1571 1615 1644 άλλη
1666 1571 1794 1637 δόξα

193 1661 462 1732 σελήνης,
510 1664 604 1717 καὶ
651 1664 782 1736 ἄλλη
833 1666 963 1733 δόξα
1006 1668 1286 1740 ἀστέρων,
1340 1689 1361 1723 ›
1415 1672 1548 1742 φησὶ
1580 1672 1609 1724 ὁ
1647 1670 1788 1735 θεῖος

188 1752 816 1830 ’ΔπόσωλοςΑἌστέρα
839 1759 948 1832 γὰρ
972 1761 1197 1833 ἀστέρος
1224 1740 1501 1835 διαφέρειν
1523 1766 1581 1817 ὲν
1601 1762 1782 1835 δόξῃ.»
1823 1740 1866 1795 Β

189 1849 382 1923 Ταύτῃ
412 1869 491 1922 πη
531 1851 823 1921 τοιγαροῦν
853 1854 948 1906 xui
979 1852 1073 1907 τὸν
1103 1855 1162 1909 ὲν
1204 1855 1517 1925 ἀσωμάτοις
1551 1855 1642 1909 καὶ
1671 1873 1787 1910 νοε-

195 1940 321 2008 ραῖς
348 1937 559 2002 οὐσίαις
588 1939 795 2009 κόσμον
817 1938 924 2010 χρὴ
948 1942 1109 2003 νοεῖν,
1129 1937 1197 1992 τά
1233 1938 1411 1991 πάντα
1439 1938 1538 2009 μὲν
1581 1939 1791 2011 ἀθρόως

192 2028 581 2102 ἀπολαϐούσης
602 2030 705 2100 τῆς
752 2030 1135 2102 ἀνεκφράστου
1187 2030 1283 2083 xui
1324 2030 1793 2102 ἀπειρομεγέθους

192 2120 480 2193 δυνάμεως
504 2121 597 2175 τοῦ
628 2121 767 2177 Θεοῦ
813 2122 920 2175 τῶν
953 2121 1090 2174 ὅλων
1116 2164 1132 2189 ,
1172 2121 1537 2194 δευτερούσης
1576 2122 1687 2194 (85)
1735 2122 1792 2175 δὲ

198 2213 340 2284 μετά
379 2212 473 2267 τὸν
500 2215 721 2288 Πατέρα
762 2216 863 2287 τῆς
903 2214 1303 2286 δημιουργικῆς
1333 2214 1468 2286 ὁμοῦ
1492 2214 1588 2269 καὶ
1621 2230 1790 2283 φωτι-

197 2306 390 2376 στικῆς
408 2305 690 2376 δυνάμεως
717 2305 811 2359 τοῦ
854 2305 1000 2360 θείου
1037 2305 1242 2374 Λόγου·
1279 2304 1360 2358 διὸ
1389 2306 1481 2359 καὶ
1509 2305 1623 2374 φῶς
1656 2304 1791 2375 ἀλη-

194 2396 378 2459 θινὸν,
421 2397 519 2450 xui
562 2396 911 2467 δικαιοσύνης
938 2395 1089 2466 ἥλιον
1130 2395 1404 2467 Ἑϐραίοις
1441 2395 1593 2464 φίλον
1627 2394 1791 2448 αὑτὸν

194 2487 519 2558 ὀνομάζεινσ
558 2488 750 2559 τρίτης
769 2487 825 2539 δὲ
856 2487 957 2558 ἤδη
995 2485 1133 2558 μετά
1161 2485 1259 2557 τὴν
1304 2485 1562 2557 δευτέραν
1604 2486 1791 2539 οὐσίαν

193 2579 255 2631 ὲν
280 2576 437 2650 χώρᾳ
459 2577 689 2650 σελήνης
711 2578 1120 2649 καθισταμένης
1146 2576 1242 2631 τοῦ
1266 2577 1423 2645 ἀγίου
1452 2575 1789 2647 Πνεύματος·

189 2669 223 2723 ὂ
250 2673 354 2724 xui
381 2669 513 2724 αὐτό
541 2673 599 2723 ὲν
621 2672 689 2742 τῇ
712 2669 905 2744 πρώτῃ
929 2670 1022 2724 καὶ
1057 2669 1310 2741 βασιλικῇ
1359 2670 1458 2741 τῆς
1504 2669 1611 2722 τῶν
1655 2669 1791 2723 ὅλων

190 2764 375 2836 ἀρχῆς
398 2763 546 2835 ἀξίᾳ,
579 2763 674 2817 καί
706 2765 838 2833 τιμῇ
865 2761 1284 2831 καταλέγουσιν,
1340 2764 1418 2825 είς
1465 2759 1638 2832 ἀρχὴν
1683 2760 1792 2814 τῶν

195 2855 340 2926 μετά
370 2855 548 2910 ταῦτα
574 2853 853 2926 γενητῶν·
902 2854 1045 2922 λέγω
1092 2854 1150 2908 δὲ
1194 2853 1305 2907 τῶν
1348 2853 1787 2923 ὑποϐεϐηκὸτων,

190 2947 289 3001 xui
313 2946 416 3018 τῆς
443 2946 574 3017 παρ’
601 2945 764 3001 αὐτοῦ
799 2945 1063 3018 χορηγίας
1093 2944 1477 3016 ὲπιδεομένων,
1501 2945 1596 2998 xui
1625 2943 1789 2998 αὑτοῦ

190 3039 332 3112 πρὸς
358 3037 459 3091 τοῦ
492 3037 601 3091 τῶν
635 3037 772 3091 ὅλων
798 3037 1026 3108 ποιητοῦ
1073 3037 1575 3107 κατατεταγμένου.
1628 3036 1789 3091 Ἀλλά

189 3131 353 3186 τοῦτο
382 3131 482 3203 μὲν
501 3171 515 3196 ,
550 3131 740 3202 τρίτην
784 3129 980 3201 ἐπέχον
1011 3128 1107 3201 τὴν
1149 3128 1331 3195 τάξιν,
1372 3131 1484 3192 τοῖς
1515 3128 1783 3201 ὑποϐεδηο

188 3224 313 3278 κόσι
341 3223 453 3277 τῶν
479 3224 536 3276 ὲν
561 3222 713 3294 αύτῷ
744 3220 1072 3294 κρειττόνων
1113 3221 1396 3291 δυνάμεων
1441 3222 1781 3291 ὲπιχορηγεῖ,

189 3320 252 3371 οὐ
279 3318 390 3390 μὴν
416 3316 552 3371 ἀλλά
581 3314 1098 3386 καὶ-ἀντιλαμϐάνει
1130 3315 1258 3384 παρ’
1289 3314 1479 3385 ἑτέρου
1511 3312 1623 3382 (84)
1667 3330 1783 3377 του,

187 3410 225 3482 ἢ
252 3410 408 3483 παρά
446 3408 582 3464 Θεοῦ
609 3410 805 3478 Λόγου,
837 3407 931 3462 τοῦ
956 3407 1020 3479 δὴ
1050 3407 1146 3461 καὶ
1183 3405 1443 3477 ἀνωτέρω
1474 3405 1570 3457 xui
1603 3405 1788 3477 κρείτ-

188 3521 342 3569 τονος
364 3544 381 3567 ,
414 3503 475 3556 ὃν
505 3502 568 3575 δὴ
597 3501 937 3573 δευτερεύειν
975 3499 1187 3570 ἔφαμεν
1234 3498 1334 3568 τῆς
1388 3497 1647 3550 ἀνωτάτω
1689 3496 1785 3550 xui

189 3597 493 3667 ἀγεννήτου
528 3593 743 3665 φύσεως
774 3591 911 3647 Θεοῦ
950 3590 1051 3645 τοῦ
1086 3588 1497 3661 παμϐασιλέως.
1539 3589 1677 3660 Παρ’
1724 3583 1784 3644 οὗ

186 3691 254 3763 δὴ
282 3690 383 3744 xui
403 3689 566 3753 αὐτὸς
593 3676 1090 3764 ἐπιχορηγούμενος
1116 3685 1145 3736 ὁ
1165 3684 1297 3747 Θεὸς
1329 3683 1522 3752 Λόγος,
1548 3683 1643 3736 xui
1676 3682 1784 3735 ὥσ-

186 3799 299 3853 περ
328 3781 390 3847 ἐξ
414 3780 612 3835 ἀενάου
646 3779 830 3850 πηγῆς
853 3777 1082 3848 θεότητα
1111 3771 1621 3842 ἀναϐλαστανούσης
1653 3774 1787 3844 ἀρυ-

184 3869 407 3939 όμενος,
443 3870 560 3932 τοῖς
599 3868 766 3921 πᾶσιν
824 3864 964 3943 ῥμοῦ
993 3864 1090 3918 καὶ
1118 3863 1183 3934 δὴ
1216 3864 1310 3917 καὶ
1354 3860 1503 3932 αὐτῷ
1535 3861 1614 3932 τῷ
1646 3861 1784 3933 ἁγίῳ

190 3960 497 4031 Πνεύματι,
532 3958 733 4029 μᾶλλον
761 3958 1017 4012 ἁπάντων
1042 3954 1191 4024 αὐτῷ
1213 3957 1472 4025 προσεχεῖ
1497 3954 1593 4007 xui
1622 3955 1785 4023 ὲγγυ-

188 4052 341 4105 τάτω
372 4050 510 4112 ὄντι,
537 4052 659 4113 ταῖς
692 4065 751 4101 τε
782 4048 920 4118 μετὰ
941 4046 1100 4105 τοῦτο
1133 4046 1348 4115 νοεραῖς
1374 4043 1471 4097 xui
1495 4041 1669 4104 θείαις
1695 4041 1785 4094 δυ-

190 4144 425 4214 νάμεσιν
457 4140 668 4214 ἀθρόως
689 4141 783 4194 xui
807 4137 1181 4202 ἀνεπιφθόνως
1198 4135 1308 4190 τῶν
1336 4134 1430 4188 τοῦ
1455 4133 1656 4187 οἰκείου
1680 4151 1785 4202 φω-

188 4235 283 4299 τὸς
319 4231 703 4306 μαρμαρυγῶν
730 4230 1070 4301 μεταδίδωσι.
1108 4227 1218 4298 Τὴν
1244 4226 1301 4279 δὲ
1333 4225 1441 4278 τῶν
1474 4225 1609 4278 ὅλων
1651 4224 1782 4292 ἀγέ-

188 4342 355 4396 νητον
392 4323 590 4394 ἀρχὴν,
620 4321 838 4390 ἀγαθῶν
863 4320 1118 4375 ἀπάντων
1147 4313 1312 4371 οὖσαν
1341 4314 1523 4387 πηγὴν
1546 4357 1560 4380 ,
1593 4312 1785 4383 θεότη-

189 4419 284 4480 τός
314 4434 378 4470 τε
410 4416 507 4470 καί
532 4414 675 4509 ζωῆς
696 4411 855 4484 ὁμοῦ,
886 4411 981 4509 xui
1015 4409 1220 4509 φωτδς,
1251 4408 1346 4509 xui
1374 4405 1784 4509 πάσηςάρετῇς
1819 4449 1863 4505 D

193 4510 400 4573 αἰτίαν,
427 4507 524 4561 xui
554 4503 778 4578 πρώτην
798 4520 864 4572 γε
894 4498 1058 4556 οὖσαν
1088 4500 1196 4554 τῶν
1224 4499 1456 4571 πρώτων
1486 4498 1581 4551 xui
1603 4498 1787 4568 ἀρχῶν

189 4600 395 4672 ἀρχὴν,
432 4598 631 4669 μᾶλλον
657 4595 715 4648 δὲ
742 4595 839 4648 xui
874 4593 1052 4665 ἀρχῆς
1084 4592 1179 4645 καὶ
1208 4589 1447 4662 πρώτου,
1472 4589 1567 4642 xui
1604 4588 1788 4658 πάσης

194 4692 371 4763 ῥητῆς
392 4706 452 4743 τε
482 4688 577 4743 xui
602 4685 955 4757 καταληπτῆς
986 4681 1232 4745 ἐπινοίας
1257 4680 1542 4746 ἐπέκεινα,
1584 4678 1654 4733 τά
1688 4679 1788 4750 μὲν

195 4785 380 4839 πάντα
420 4782 630 4851 ὅσαπερ
660 4779 719 4832 ὲν
748 4779 1010 4849 ἀρρήτοις
1037 4774 1300 4845 δυνάμεσι
1348 4770 1671 4843 περιείληφε
1709 4769 1789 4840 τῷ

195 4875 406 4948 πρώτῳ
436 4874 737 4943 γεννήματι
764 4870 1038 4924 κοινωνεῖν
1068 4866 1235 4937 μόνῳ,
1271 4864 1348 4927 ὡς
1378 4862 1444 4917 ἂν
1477 4862 1654 4933 μόνως
1691 4861 1788 4932 οἴῳ

190 4986 255 5024 τε
282 4970 485 5039 χωρεῖν
515 4966 610 5020 xui
645 4960 1005 5033 ἀποδέχεσθαι
1036 4959 1136 5029 τὴν
1169 4960 1281 5021 τοῖς
1313 4956 1494 5019 ἀλλοις
1527 4955 1628 5007 οὐκ
1671 4954 1790 5023 ἔφι-

192 5061 331 5131 κτὴν
355 5059 476 5112 οὐδὲ
502 5055 757 5129 χωρητὴν
776 5053 868 5109 τοῦ
891 5052 1103 5125 Πατρὸς
1123 5049 1233 5103 τῶν
1259 5046 1483 5117 ἀγαθῶν
1504 5043 1784 5116 ἀφθονίανσ

191 5155 327 5208 τὰδ’
345 5156 406 5207 ὲν
435 5152 590 5223 μέρει
620 5153 733 5214 τοῖς
770 5147 912 5202 κατὰ
940 5145 1105 5217 μέρος
1123 5143 1296 5209 ἀξίοις
1316 5139 1410 5193 διά
1438 5139 1536 5210 τῆς
1560 5137 1654 5190 τοῦ
1670 5136 1790 5189 δευ-

190 5247 358 5319 τέρου
405 5242 681 5305 διακονίας
710 5258 770 5294 τε
810 5240 907 5294 xui
954 5236 1230 5309 μεσιτείας
1278 5232 1420 5288 κατὰ
1469 5232 1530 5285 τὸ
1574 5231 1789 5303 ἑκάστῳ

159 5376 167 5400 ⁸
272 5380 319 5411 ⁷⁸
347 5378 367 5431 1
396 5378 526 5433 Cor.
560 5394 648 5443 xv,
672 5379 762 5432 41.

151 5440 160 5477 ί

270 5470 289 5503 ⁸
319 5470 495 5525 Caute
523 5469 658 5540 lege.

269 5582 389 5654 (85)
425 5582 1014 5654 Asorepoéo'nq,__etc.
1051 5576 1148 5654 His
1180 5577 1339 5654 plane
1379 5574 1591 5654 gemina
1627 5571 1782 5654 Plato

196 5645 398 5707 scribit
446 5645 709 5712 inferius,
753 5645 941 5720 p.54“
967 5689 982 5714 ,
1032 5645 1234 5720 quibus
1279 5648 1479 5720 duple}
1505 5645 1783 5720 impietas

195 5724 552 5791 continetur,
593 5722 646 5777 in
677 5711 716 5776 F
720 5711 871 5778 ilium
904 5711 1070 5777 altera
1085 5718 1296 5795 haltere
1343 5711 1398 5773 in
1426 5711 1689 5787 Spiritum
1721 5711 1778 5769 S.

1899 470 2061 526 Patre
2095 471 2362 544 genitum,
2395 471 2642 541 adeoque
2683 472 3114 543 primogenitum
3168 472 3262 539 sit,
3294 473 3485 543 quod-

1898 581 2007 635 que
2032 563 2245 635 paterni
2269 563 2486 618 consilii
2515 578 2580 618 ac
2610 564 2911 621 voluntatis
2937 567 3179 637 adjutor,
3210 567 3482 637 integram

1899 665 2067 726 atque
2115 656 2412 726 perfectam
2457 656 2636 725 ipsius
2718 656 3012 728 imaginem
3083 657 3305 715 referat.
3368 657 3485 715 Hoc

1898 762 2065 817 porro
2119 748 2279 818 longe
2335 747 2680 816 multumque
2729 748 2894 804 rebus
2943 764 3066 819 quae
3115 758 3247 804 satae
3291 758 3481 820 postea

1898 850 2051 908 sunt,
2087 841 2343 896 omnibus
2390 843 2714 897 antecellere
2742 858 2757 894 :
2791 841 3146 909 quamobrem
3172 841 3303 895 illud
3324 842 3485 896 modo

1896 932 1993 987 Dei
2021 933 2339 1003 imaginem,
2364 934 2528 988 modo
2567 933 2660 988 Dei
2689 932 3017 1002 potentiam,
3056 932 3222 986 modo
3265 932 3365 986 Dei
3396 948 3484 988 sa-

1895 1024 2180 1094 pientiam,
2212 1025 2375 1079 modo
2400 1023 2493 1080 Dei
2540 1023 2804 1092 Verbum,
2834 1025 2946 1078 imo
2969 1031 3023 1078 et
3050 1038 3329 1101 summum
3360 1022 3471 1077 Do-

1897 1117 2035 1172 mini
2102 1112 2380 1172 exercitus
2447 1118 2853 1187 imperatorem,
2913 1123 2967 1170 et
3025 1116 3208 1186 magni
3266 1115 3481 1169 consilii

1897 1210 2150 1279 angelum
2198 1210 2474 1280 appellare
2524 1210 2722 1264 solent.
2791 1207 2934 1275 Jam,
2985 1224 3107 1278 qua:
3150 1209 3480 1278 principium

1899 1300 2034 1355 illud
2093 1309 2507 1368 consequantur
2557 1300 2836 1370 spiritales
2871 1300 3348 1370 intelligentesque
3379 1315 3481 1355 na-

1896 1402 2071 1459 turas,
2102 1393 2191 1448 vel
2241 1393 2312 1447 ob
2347 1408 2539 1447 earum
2574 1392 3011 1454 multitudinem,
3043 1391 3127 1445 vel
3181 1391 3252 1445 ob
3289 1389 3482 1445 forma;

1893 1484 2111 1539 varium
2167 1482 2562 1553 multiplexque
2613 1480 2933 1548 discrimen,
2997 1482 3297 1535 humanam
3345 1497 3476 1535 ora-

1897 1577 2098 1631 tionem
2131 1575 2350 1645 assequi
2384 1591 2491 1630 non
2524 1590 2708 1644 posse,
2744 1574 2850 1629 nisi
2880 1583 3148 1643 quantum
3215 1575 3480 1644 exemplis

1896 1668 2224 1738 quibusdam
2279 1666 2449 1738 325
2504 1665 2763 1737 augurari
2796 1674 2852 1720 et
2904 1665 3177 1735 conjicere
3229 1665 3377 1727 licet,
3410 1680 3478 1719 ex

1893 1775 2106 1824 eorum,
2135 1775 2254 1829 quae
2275 1759 2550 1823 videntur,
2585 1759 2688 1812 hoc
2716 1766 2802 1812 est
2847 1758 3002 1825 solis,
3042 1759 3206 1829 lunae,
3235 1759 3477 1813 siderum

1896 1852 2183 1922 ipsiusque
2216 1852 2365 1917 cwli,
2399 1851 2545 1921 quod
2578 1850 2789 1904 ambitu
2848 1864 2951 1905 suo
2995 1859 3193 1906 cuncta
3239 1851 3481 1918 comple-

1896 1945 2085 2011 ctitur,
2123 1945 2375 2013 analogia
2406 1953 2460 1997 et
2483 1942 2898 2011 comparatione
2930 1942 3323 2012 depromptis.t
3356 1942 3475 1996 Alia

1895 2036 2039 2091 enim
2063 2045 2148 2091 est
2171 2036 2389 2091 claritas
2418 2034 2571 2100 solis,
2618 2034 2720 2088 alia
2750 2034 2913 2097 lunae,
2968 2034 3074 2087 alia
3126 2034 3469 2097 stellarum,»

1896 2129 2073 2198 inquit
2098 2129 2315 2182 divinus
2340 2127 2713 2196 Apostolus";
2727 2126 2910 2180 «stella
2923 2125 3068 2179 enim
3085 2140 3114 2178 a
3135 2125 3287 2180 stella
3302 2125 3482 2179 differt

1897 2221 1948 2273 in
1983 2220 2177 2288 gloria.
2204 2238 2223 2271 ι
2261 2217 2430 2273 Nobis
2465 2219 2631 2287 igitur
2674 2217 2843 2272 simili
2884 2224 3167 2286 utcunque
3206 2214 3371 2270 modo
3412 2216 3484 2270 de

1896 2312 2350 2382 incorporearum
2395 2311 2611 2365 illarum
2662 2309 3194 2378 intelligentiumqne
3246 2317 3478 2364 natura-

1896 2418 2019 2456 rum
2048 2402 2239 2456 ordine
2289 2402 2667 2456 sentiendum:
2726 2411 2786 2455 ut
2820 2402 2904 2457 vis
2956 2400 3046 2455 illa
3095 2400 3318 2469 quidem
3372 2400 3479 2453 im-

1896 2509 2082 2548 mensa
2126 2492 2219 2547 Dei
2275 2493 2649 2562 praepotentis,
2696 2492 2959 2561 omnique
2994 2493 3245 2546 oratione
3276 2491 3477 2560 major,

1895 2585 2186 2641 confertim
2217 2599 2281 2639 ac
2312 2585 2479 2638 simul
2540 2584 2798 2638 universa
2846 2581 3305 2652 comprehendat:
3360 2592 3481 2637 tum

1894 2675 2111 2731 Patrem
2162 2685 2535 2744 coasequatur
2562 2674 2727 2730 Verbi
2779 2675 2947 2728 divini
2984 2674 3228 2744 potentia
3286 2674 3303 2705 ¹
3355 2688 3482 2744 qua:

1893 2770 2106 2839 reliqua
2152 2768 2361 2838 pariter
2403 2777 2458 2823 et
2509 2768 2769 2822 moliatur
2808 2775 2864 2821 et
2906 2766 3162 2832 illustret,
3211 2782 3376 2837 quam
3405 2766 3479 2820 ob

1901 2874 2126 2914 causam
2168 2868 2259 2913 tux
2288 2874 2435 2925 vera,
2464 2868 2517 2913 et
2537 2859 2765 2929 jnstitiaa
2790 2856 2886 2912 Sol
2917 2859 2987 2912 ab
3022 2856 3263 2913 Hebrzeis
3296 2858 3473 2912 nomi-

1894 2949 2014 3002 nari
2044 2949 2410 3003 consueverit.
2464 2947 2666 3001 Deinde
2705 2958 2827 3017 post
2851 2949 3147 3001 secundam
3184 2946 3333 3000 illam
3376 2963 3469 3000 na-

1895 3051 2100 3107 turam,
2174 3041 2319 3095 lunae
2363 3041 2524 3111 quasi
2576 3041 2720 3105 loco,
2784 3042 2958 3095 sam-ti
3000 3038 3235 3110 Spiritus
3281 3047 3478 3094 natura

1893 3134 2170 3197 succedat,
2205 3148 2365 3201 quem
2414 3133 2520 3201 ipsi
2553 3146 2774 3200 quoque
2800 3132 2854 3184 in
2888 3133 3134 3200 principe
3171 3131 3263 3184 illa
3300 3143 3478 3199 regia-

1892 3241 1999 3295 que
2031 3224 2197 3294 hujus
2230 3225 2606 3280 universitatis
2631 3224 2881 3294 principii
2916 3223 3179 3293 dignitate
3197 3222 3479 3292 graduque

1892 3315 2255 3382 constituunt,
2279 3315 2426 3385 quod
2459 3315 2610 3368 illum
2644 3314 2808 3369 etiam
2855 3327 3038 3366 rerum
3085 3327 3296 3375 earum,
3354 3326 3479 3380 qua:

1893 3420 2037 3464 nata:
2067 3418 2257 3479 postea
2300 3417 2449 3474 sunt,
2482 3408 2586 3462 hoc
2608 3416 2693 3463 est
2735 3422 2858 3477 quae
2890 3406 3208 3459 inferiorem
3239 3405 3294 3458 in
3327 3405 3479 3458 ordi—

1892 3516 2016 3556 nem
2045 3501 2388 3570 classemque
2441 3501 2723 3569 conjectre,
2758 3499 2938 3569 ipsius
2967 3513 3069 3567 ope
3112 3512 3176 3552 ac
3228 3497 3478 3567 benigni-

1892 3600 2006 3645 tate
2035 3590 2336 3660 indigeant,
2357 3584 2703 3660 ”principium
2733 3605 2984 3643 summus
3013 3603 3195 3641 rerum
3227 3589 3473 3643 archite-

1894 3691 2014 3738 ctus
2045 3682 2294 3737 omnium
2335 3698 2459 3738 esse
2499 3681 2757 3737 voluerit.
2803 3679 2975 3735 Porro
3006 3681 3087 3734 sic
3136 3680 3225 3733 ille
3256 3680 3475 3735 tertium

1890 3775 2070 3830 locum
2104 3774 2382 3833 obtinens.
2412 3774 2763 3839 diviniorum,
2793 3772 2993 3842 quibus
3021 3771 3285 3837 abundat,
3307 3770 3478 3825 facul-

1892 3875 2065 3921 tatum
2097 3874 2262 3937 atque
2311 3867 2574 3922 virtutum
2615 3865 2780 3920 rebus
2828 3863 3214 3918 humilioribus
3256 3863 3473 3931 copiam

1890 3957 2042 4025 facit,
2102 3965 2163 4012 ut
2200 3956 2317 4027 ipse
2340 3956 2581 4012 vicissim
2643 3955 2712 4010 ab
2746 3955 2920 4010 altero
2953 3955 3215 4025 quodam,
3252 3953 3357 4008 hoc
3390 3963 3477 4009 est

1892 4065 1925 4104 a
1949 4048 2065 4104 Deo
2105 4047 2309 4114 Verbo,
2345 4062 2474 4102 suas
2501 4061 2634 4117 opes
2669 4046 2925 4116 accipiat,
2953 4060 3115 4115 quem
3154 4044 3316 4115 paulo
3347 4053 3475 4098 ante

1891 4141 2193 4197 secundum
2225 4156 2257 4194 a
2285 4155 2502 4194 summa
2548 4140 2637 4193 illa
2688 4138 2785 4194 Dei
2818 4139 3189 4209 praepotentis,
3237 4147 3474 4208 ortuque

1890 4244 2113 4288 carente
2142 4239 2339 4286 natura
2383 4231 2692 4301 posuimus.
2751 4230 2804 4286 ls
2834 4231 2982 4287 cnim
3017 4230 3197 4285 Patris
3235 4230 3476 4285 liberali-

1890 4331 2002 4378 tate
2025 4321 2198 4388 dives,
2234 4336 2301 4375 ex
2341 4334 2517 4389 eoque
2568 4328 2825 4390 tanquam
2874 4335 2938 4374 ex
2967 4320 3081 4390 jugi
3137 4319 3476 4390 percnnique

1891 4413 2060 4481 fonte,
2092 4413 2237 4468 unde
2260 4412 2519 4466 scaturiat
2545 4411 2826 4476 divinitas,
2861 4412 3142 4475 hauriens,
3178 4426 3303 4465 cum
3345 4411 3472 4465 uni-

1889 4507 2064 4561 versis
2121 4506 2326 4576 pariter
2387 4505 2617 4575 ipsoque
2667 4502 2805 4558 adeo
2872 4502 3078 4572 Spiritu
3122 4511 3334 4570 sancto,
3374 4502 3469 4572 qui

1888 4598 2135 4654 omnium
2195 4598 2434 4653 maxime
2488 4611 2675 4652 secum
2715 4596 3087 4667 'proximeque
3141 4595 3470 4666 conjunctus

1888 4687 2339 4759 est,caaterisque
2380 4687 2636 4756 deinceps
2681 4685 3113 4757 intelligentibus
3157 4684 3471 4755 divinisque

1887 4781 2205 4848 virtutibus,
2258 4779 2482 4834 luminis
2515 4777 2603 4833 sui
2653 4777 2837 4832 radios
2890 4776 3096 4831 affatim
3150 4776 3472 4847 prolixeque

1887 4873 2280 4930 communicat.
2313 4871 2473 4925 Enim
2509 4887 2662 4937 vero,
2706 4869 3036 4940 principium
3076 4867 3209 4922 illud
3245 4867 3467 4922 univer-

1888 4964 1958 5030 si,
1990 4972 2115 5019 ortu
2168 4978 2387 5031 carens,
2434 4961 2749 5031 fontemque
2780 4962 3047 5014 bonorum
3079 4957 3348 5022 omnium,
3379 4957 3468 5010 di-

1887 5055 2152 5122 vinitatis,
2180 5053 2419 5123 vitaeque
2463 5049 2630 5108 simul
2671 5066 2736 5106 ac
2778 5047 3022 5114 luminis,
3054 5054 3108 5101 et
3132 5046 3313 5101 omnis
3344 5059 3469 5098 Ott]-

1888 5148 2020 5201 nino
2077 5147 2305 5201 virtutis
2366 5152 2655 5200 auctorem
2713 5143 3016 5214 primorum
3065 5138 3312 5193 omnium
3354 5137 3466 5206 pri-

1889 5254 2062 5305 mum,
2145 5238 2658 5310 principiorumque
2721 5233 3074 5305 principium,
3140 5229 3226 5283 vel
3281 5229 3467 5299 potius

1960 5569 2070 5639 (Si)
2120 5569 2262 5637 Hap’
2305 5565 2531 5634 ἐτέρου.
2571 5561 2867 5633 Sequentia
2902 5559 2999 5639 τοῦ
3026 5600 3040 5625 ,
3141 5556 3295 5639 παρὰ
3328 5554 3464 5610 Θεοῦ

1888 5632 2493 5766 Λόγου,ύθι’ωθιιι1υδει
2526 5632 2690 5702 sunt,
2715 5643 2769 5689 et
2802 5633 3035 5689 ascititia
3056 5672 3071 5701 ,
3097 5632 3332 5701 ideoque
3365 5643 3466 5685 ex-

1889 5727 2103 5782 pungen
2145 5724 2198 5766 a.

3377 263 3601 319 550‘
