3856 6224
318 311 325 318 ’
416 316 522 374 I55!

1061 315 1332 372 EUSEBII
1370 313 1857 371 CESARIENSIS
1893 315 2043 372 OPP.
2086 316 2267 371 PARS
2296 314 2367 372 11.
2411 344 2480 357 -—-
2517 312 3021 372 APOLOGETICA.

3582 320 3685 377 552

423 456 643 497 omnem
674 438 947 510 principii,
996 438 1267 508 primique
1308 438 1597 504 rationem,
1640 447 1694 493 et
1736 438 1984 508 quidquit

2106 440 2327 509 ἐφικτὸν
2360 437 2727 515 ἐμπαρέχειν·
2762 436 2837 495 ὧν
2866 441 2933 495 τὰ
2973 440 3151 495 τέλεια
3198 442 3293 496 καὶ
3327 441 3512 515 ἄκρως
3557 444 3686 510 ἅγια

411 550 521 592 seu
566 532 746 587 verbis
792 531 1074 600 explicari,
1125 546 1221 584 seu
1249 530 1582 600 cogitatione
1612 531 2002 600 comprehendi

419 633 607 696 queat,
658 622 863 678 intinite
910 630 1381 692 praetergressum,
1433 637 1497 677 ea
1532 624 1752 693 quidem
1796 624 1999 689 omnia,

411 732 542 788 qua:
566 717 840 782 immenso,
865 715 1126 768 virtutum
1152 730 1380 768 suarum
1418 730 1482 769 ac
1511 714 1836 770 facultatum
1874 717 1999 771 sinu

417 809 822 879 complectitur,
884 824 1011 863 cum
1055 809 1233 878 primo
1287 816 1497 863 tantum
1536 808 1647 862 fetu
1694 808 2004 863 communi-

417 916 565 967 care,
601 900 747 970 quod
782 901 827 954 is
858 901 1011 956 solus
1042 916 1187 965 eam,
1220 915 1342 969 qua:
1380 900 1719 970 reliquorum
1746 901 1999 954 omnium

415 994 527 1048 vim
596 976 927 1064 captumque
988 1002 1234 1062 superat,
1307 1004 1659 1062 paternorum
1726 995 1998 1050 bonorum

415 1085 835 1151 abundantiam,
867 1102 1059 1155 capere
1094 1101 1158 1140 ac
1189 1087 1463 1141 sustinere
1507 1087 1704 1155 possit.
1762 1085 1831 1141 At
1864 1100 1994 1141 vero

416 1176 631 1231 naturis
674 1177 798 1232 aliis
825 1177 1219 1247 singularibus,
1254 1191 1354 1246 pro
1397 1192 1496 1232 sua
1532 1177 1698 1248 326
1729 1178 1999 1247 cujusque

416 1268 703 1339 dignitate,
734 1283 944 1339 proque
979 1285 1046 1324 eo
1074 1285 1138 1323 ac
1169 1268 1312 1324 ferre
1349 1269 1578 1339 singula:
1608 1278 1856 1338 possunt,
1887 1268 2000 1323 sin-

414 1363 633 1432 gulares
682 1362 849 1416 etiam
911 1362 1312 1433 distinctasque
1386 1362 1707 1431 particulas,
1769 1360 1996 1417 secundi

412 1454 671 1524 principii
705 1462 968 1524 tanquam
1000 1453 1315 1524 interpretis
1368 1468 1433 1508 ac
1480 1454 1782 1523 sequestris
1828 1469 1995 1523 opera

413 1548 693 1613 dividere;
725 1547 807 1601 sic
837 1559 1040 1613 tamen,
1081 1555 1141 1600 ut
1195 1561 1317 1615 quae
1343 1546 1587 1600 numeris
1625 1546 1878 1601 omnibus
1901 1546 1995 1600 ab-

404 1639 615 1701 soluta,
648 1652 977 1707 summaque
1011 1637 1301 1692 sanctitate
1335 1637 1556 1706 praedita
1587 1645 1739 1702 sunt,
1773 1652 1839 1692 eo
1870 1645 1995 1691 tan-

345 1773 351 1779 .
406 1740 530 1783 sum
560 1729 658 1793 illi,
688 1731 783 1799 qui
815 1730 1011 1784 tertius
1042 1729 1112 1783 ab
1140 1728 1260 1797 ipso
1299 1736 1637 1793 numeratur,
1673 1728 1877 1797 quique
1908 1743 1995 1783 se-

404 1824 697 1890 quentium
751 1822 880 1876 item
930 1830 1252 1874 naturarum
1286 1819 1396 1873 dux
1428 1828 1482 1873 et
1533 1820 1859 1890 principium
1884 1829 1990 1886 est,

406 1910 508 1963 ﬁlii
545 1911 630 1965 sui
660 1919 1015 1979 paternorum
1051 1911 1322 1964 bonorum
1375 1909 1773 1979 dispensatoris
1814 1913 1987 1965 mani-

405 2001 516 2057 bus
562 2002 843 2071 largiatur.
883 2001 958 2056 Ita
987 2002 1170 2057 cuncti
1211 1991 1570 2056 .Hebrzeornm
1611 2003 1869 2074 theologi,
1908 2019 1993 2059 se-

401 2091 650 2147 cundum
700 2092 1053 2162 praepotentis
1087 2091 1203 2155 Dei,
1239 2107 1538 2162 rerumque
1571 2093 1816 2147 omnium
1868 2111 1993 2150 mo-

400 2185 681 2240 deratoris
726 2183 962 2249 Numen,
1026 2199 1091 2240 ac
1130 2186 1549 2255 primogenitum
1582 2186 1727 2242 illius
1763 2186 1994 2256 Sapien-

406 2278 566 2341 tiam,
625 2278 840 2332 tertiam
894 2277 1037 2331 hanc
1072 2287 1431 2348 sanctamque
1487 2277 1771 2341 virtutem,
1827 2294 1991 2348 quem

408 2376 663 2423 sanctum
700 2368 775 2422 illi
830 2366 1094 2437 Spiritum
1134 2369 1441 2431 nominant,
1494 2368 1701 2438 quique
1729 2368 1992 2423 divinitus

402 2456 623 2513 aﬂlatos
671 2458 802 2512 olim
854 2458 1155 2527 praphctas
1217 2457 1594 2519 collustrabat,
1646 2456 1818 2512 Deum
1867 2473 1990 2513 esse

404 2547 760 2603 conlitentur.
795 2546 916 2601 Jam
962 2556 1087 2617 post
1134 2549 1333 2602 malum
1382 2548 1535 2612 illud,
1592 2549 1787 2611 solem,
1823 2556 1989 2618 atque

408 2638 619 2705 lunam,
653 2639 838 2694 stellas
867 2639 1010 2692 inter
1057 2639 1295 2708 dignitas
1342 2650 1395 2693 et
1439 2639 1627 2708 gloriae
1668 2639 1986 2693 discrimina

406 2737 677 2785 statuunt.
731 2728 796 2783 Et
841 2730 1095 2799 quamvis
1143 2740 1352 2785 certum
1384 2741 1659 2785 astrorum
1697 2746 1986 2785 numerum

403 2823 624 2892 assequi
667 2823 917 2876 mortalis
972 2832 1166 2876 natura
1217 2838 1327 2877 non
1380 2823 1589 2894 possit:
1650 2821 1762 2878 Deo
1804 2832 1987 2879 tamen

406 2930 627 2970 summo
668 2929 852 2968 rerum
901 2914 1150 2968 onmium
1190 2913 1421 2970 Domino
1459 2915 1669 2970 militia:
1702 2916 1827 2971 οωιί
1863 2916 1987 2970 uni-

401 3022 578 3061 versa:
609 3009 1042 3074 multitudinem,
1067 3018 1118 3062 et
1152 3008 1429 3078 propriam
1472 3010 1744 3079 cujusque
1789 3009 1985 3065 sideris

2104 531 2182 601 τῷ
2207 532 2374 603 τρίτῳ
2406 533 2504 603 μὲν
2535 534 2628 601 ἀφ’
2660 531 2872 596 ἑαυτοῦ,
2904 533 3124 604 ἄρχοντι
3161 532 3218 586 δὲ
3266 533 3359 587 καὶ
3399 536 3684 608 ἡγουμένῳ

2104 623 2212 676 τῶν
2243 624 2555 694 μετέπειτα,
2578 624 2666 677 διὰ
2693 624 2786 677 τοῦ
2813 623 2941 677 Υίοῦ
2974 624 3042 676 τὰ
3067 624 3307 696 περὶτοῦ
3336 626 3547 698 Πατρὸς
3569 629 3685 681 ἐπι-

2104 715 2469 787 κομιζομένῳ,
2504 715 2861 788 δεδωρῆσθαι.
2884 716 3077 770 Ἔνθεν
3102 720 3151 771 οἱ
3183 718 3385 784 πάντες
3420 719 3681 793 Ἐδραίων

2094 806 2363 877 θεολόγοι,
2394 807 2531 878 μετά
2563 809 2654 862 τὸν
2684 810 2776 863 ἐπὶ
2806 808 3024 861 πάντων
3063 810 3219 874 Θεὸν,
3261 812 3354 864 καὶ¹
3402 811 3539 882 μετά
3584 814 3681 884 τὴν

2105 900 2447 972 πρωτότοκον
2481 900 2645 955 αὑτοῦ
2676 901 2892 970 σοφίαν,
2919 901 3016 974 τὴν
3040 903 3231 974 τρίτην
3257 903 3351 956 καὶ
3389 904 3552 973 ἁγίαν
3591 903 3682 958 δυ-

2102 991 2293 1061 νάμιν,
2325 991 2480 1060 ἅγιον
2527 991 2750 1062 Πνεῦμα
2790 993 3201 1063 προσειπόντες,
3244 992 3678 1061 ἀποθειάζουσιν,

2102 1084 2191 1153 ὐφ’
2221 1078 2281 1137 οὗ
2310 1083 2405 1136 καὶ
2441 1082 2766 1153 ὲφωτίζοντο
2814 1083 3252 1157 θεοφορούμενοι.
3302 1084 3457 1155 Ἑξῆς
3498 1086 3554 1139 δὲ
3593 1087 3681 1140 ού·-

2105 1175 2267 1247 ρανῴ,
2297 1177 2391 1229 καὶ
2420 1175 2576 1248 ἡλίῳ,
2609 1177 2703 1229 καὶ
2740 1176 2936 1250 σελήνῃ
2957 1216 2970 1238 ,
3006 1176 3213 1248 ἀστέρα
3256 1177 3421 1244 φασὶν
3452 1178 3680 1250 ἀστέρος

2099 1266 2374 1339 διαφέρειν
2421 1270 2478 1321 ὲν
2522 1265 2667 1341 δόξῃ.
2722 1268 2900 1339 Θνητῇ
2948 1268 3047 1338 μὲν
3087 1264 3181 1321 οὖν
3206 1267 3366 1337 φύσει
3403 1270 3503 1323 οὐκ
3532 1269 3679 1322 ἔστιν

2097 1358 2330 1429 ἀριθμὸν
2362 1359 2577 1430 ἄστρων
2606 1359 2828 1411 δυνατὸν
2858 1359 3059 1427 εὑρεῖν,
3084 1357 3224 1431 πλὴν
3261 1357 3395 1411 ἀλλὰ
3419 1358 3509 1411 τὸν
3531 1375 3682 1429 παμ-

2098 1450 2322 1505 ϐασιλέα
2355 1450 2485 1504 Θεὸν
2514 1450 2583 1504 τὰ
2619 1450 2883 1520 Ἐϐραίων
2925 1450 3057 1519 φασὶ
3082 1450 3271 1518 λόγια,
3303 1450 3396 1504 καὶ
3429 1452 3527 1521 τῆς
3555 1452 3678 1503 κατ’

2096 1542 2323 1614 οὐρανὸν
2358 1543 2619 1613 στρατιᾶς
2648 1542 2715 1595 τὰ
2740 1542 2918 1612 πλήθη
2950 1541 3165 1605 καὶτὰς
3191 1541 3562 1611 προσηγορίας
3599 1541 3674 1611 μὴ

2095 1638 2336 1706 ἀγνοεῖν·
2368 1637 2448 1690 διὸ
2490 1637 2622 1708 παρ’
2670 1637 2852 1699 αὐτοῖς
2898 1634 3189 1703 λέγεσθαι*
3232 1654 3251 1686 ι
3320 1635 3377 1688 '0
3426 1635 3677 1706 ἀριθμῶν

2098 1730 2275 1801 πλήθη
2302 1731 2538 1800 ἄστρων,
2574 1728 2669 1781 καὶ
2710 1730 2875 1781 πᾶσιν
2907 1728 3090 1791 αὐτοῖς
3123 1727 3364 1798 ὀνόματα
3406 1726 3604 1782 καλῶν.
3650 1745 3670 1777 ι

2099 1822 2254 1875 Οὖτω
2275 1821 2336 1891 δὴ
2361 1820 2499 1891 μετά
2520 1818 2588 1871 τὰ
2616 1819 2811 1889 πρῶτα
2833 1817 2939 1870 τῶν
2960 1819 3017 1870 ὲν
3043 1816 3355 1887 ἀσωμάτοις
3382 1813 3675 1882 δυνάμεσιν

2094 1913 2494 1983 ἐπινοουμένων
2517 1912 2753 1983 ἄστρων,
2790 1910 2968 1978 φωτὸς
2994 1908 3183 1979 νοεροῦ
3213 1907 3437 1976 δυνάμει
3470 1920 3530 1956 τε
3576 1902 3674 1958 καὶ

2092 2007 2250 2077 οὐσίᾳ
2274 2004 2703 2077 διαπρεπόντων,
2739 2002 2906 2073 πολλή
2934 2019 3017 2064 τις
3048 2001 3142 2054 xat
3162 2001 3292 2071 ἡμῖν
3319 1997 3676 2069 ἀπερινόητος

2093 2099 2330 2170 διαφορά
2357 2098 2634 2169 τυγχάνει,
2656 2094 3003 2166 ἀναρίθμητά
3023 2110 3083 2147 τε
3110 2092 3253 2162 φῦλα
3274 2093 3369 2146 καλ⁸
3383 2091 3536 2160 γένη,
3556 2088 3673 2145 ἀλλ’

2086 2194 2152 2245 ὀὗ
2184 2192 2277 2245 καὶ
2307 2190 2386 2260 τῷ
2410 2190 2518 2242 τῶν
2542 2189 2677 2241 ὅλων
2708 2189 2921 2258 ποιητῇ.
2967 2185 3059 2239 Διὸ
3102 2185 3196 2238 καὶ
3236 2184 3297 2237 τὸ
3328 2183 3675 2255 καταληπτὸν

2092 2284 2273 2338 αὐτῶν
2311 2284 2458 2355 μόνῳ
2501 2281 2578 2352 τῷ
2610 2279 2730 2350 Θεῷ
2757 2279 3028 2351 παριστάς
3066 2295 3151 2342 τις
3185 2277 3450 2345 θεολόγων
3497 2276 3671 2348 φησί’

2092 2394 2117 2427 1
2164 2375 2371 2444 Μύριαι
2393 2372 2650 2445 μυριάδες
2681 2371 3057 2440 ἐλειτούργουν
3080 2369 3251 2440 αὐτῷ,
3282 2370 3377 2424 καὶ
3399 2370 3563 2440 χίλιαι
3589 2386 3674 2440 χι-

2089 2465 2267 2529 λιάδες
2294 2464 2752 2537 παρειστήκεισαν
2797 2461 3103 2533 ἔμπροσθεν
3140 2460 3303 2513 αὐτοῦ
3330 2477 3343 2490 ·
3381 2479 3401 2512 ι
3442 2460 3529 2515 διά
3570 2464 3673 2533 μὲν

2088 2556 2183 2610 τοῦ
2224 2554 2460 2627 ἀριθμοῦ
2503 2554 2679 2626 δηλῶν
2718 2553 2779 2607 τὸ
2825 2552 2903 2623 τῷ
2928 2551 3047 2623 Θεῷ
3080 2551 3428 2622 καταληπτὸν
3469 2554 3668 2619 αὐτῶν,

2082 2648 2175 2702 διὰ
2202 2647 2257 2700 δὲ
2289 2646 2381 2699 τοῦ
2410 2644 2577 2700 ποσοῦ
2610 2645 2671 2697 τὸ
2695 2646 2825 2715 ἡμῖν
2859 2643 3083 2714 ἄπειρον
3108 2660 3121 2672 ’
3147 2644 3280 2713 παρ’
3304 2640 3332 2693 ὃ
3354 2642 3450 2696 καὶ
3473 2644 3671 2696 εἰώθα-

2092 2756 2191 2807 μεν
2220 2737 2505 2809 ὀνομάζειν
2529 2736 2651 2792 καθ⁸
2683 2735 2988 2808 ὑπερϐολῆς
3021 2734 3260 2806 ἔμφασιν
3288 2734 3355 2789 τὰ
3384 2734 3554 2787 πολλά
3575 2735 3672 2788 καὶ

2089 2830 2293 2903 ἄπειρα
2343 2830 2530 2902 μυρία.
2578 2828 2769 2892 ’Ἄλλος
2809 2827 2866 2881 δέ
2914 2844 2999 2891 τις
3052 2829 3374 2899 προφήτης,
3415 2828 3544 2898 περὶ
3570 2825 3674 2899 τῆς

2083 2922 2274 2984 οὐσίας
2292 2920 2468 2976 αὐτῶν
2487 2918 2719 2985 διεξιὼν,
2736 2912 2839 2971 ὧδέ
2861 2935 2977 2980 πως
2999 2917 3089 2970 τὸν
3115 2919 3344 2988 ποιητὴν
3368 2918 3478 2971 τῶν
3498 2918 3673 2971 ἀπάν-

2088 3032 2196 3069 των
2221 3012 2478 3082 θεολογεῖ,
2512 3012 2735 3083 φάσκων
2753 3030 2769 3043 υ
2808 3032 2826 3064 ι
2854 3010 3027 3084 Κύριε
3051 3013 3080 3063 ό
3101 3010 3231 3073 Θεός
3262 3028 3366 3082 μου
3385 3054 3399 3078 ,
3437 3010 3511 3075 ὼς
3537 3012 3670 3082 ἐμε-

403 3099 821 3167 appcllationem
843 3108 1187 3168 perspectam
1208 3115 1329 3155 esse
1353 3110 1407 3154 et
1430 3102 1709 3171 cognitam
1736 3100 1984 3155 Hebraeo-

2087 3105 2359 3177 γαλύνθης
2385 3104 2610 3177 σφόδρα,
2646 3104 3032 3175 ἐξομολόγησιν
3067 3104 3161 3156 καὶ
3192 3102 3671 3173 μεγαλοπρέπειαν

403 3205 527 3242 rum
562 3199 830 3244 testantur
858 3191 1102 3255 oracula,
1132 3206 1308 3261 eoque
1335 3192 1401 3246 de
1425 3190 1538 3246 Deo
1559 3193 1639 3247 sic
1662 3192 1982 3262 loquuntur,

406 3281 542 3346 «Qui
580 3292 833 3335 numerat
866 3281 1270 3336 multitudinem
1302 3282 1609 3350 stellarum,
1648 3292 1702 3337 et
1728 3284 1987 3339 omnibus

402 3373 472 3426 iis
506 3373 723 3426 nomina
758 3381 917 3427 vocat
948 3372 1049 3426 π.»
1088 3371 1180 3427 Sic
1223 3374 1401 3443 plane,
1465 3374 1765 3429 secundum
1811 3390 1986 3445 prima

402 3465 494 3519 illa
544 3465 828 3535 principia,
881 3479 1074 3519 eorum
1102 3464 1376 3534 deinceps,
1402 3480 1523 3535 quae
1554 3467 1606 3519 in
1634 3466 1724 3521 illa
1760 3478 1983 3522 natura-

404 3573 529 3612 rum
565 3557 1016 3629 incorporearum
1046 3559 1395 3613 multitudine
1441 3560 1770 3628 cogitantur,
1808 3570 1982 3615 astro-

401 3664 547 3716 rum,
589 3666 819 3720 quaaque
850 3651 1115 3721 spiritalis
1151 3652 1383 3706 luminis
1413 3653 1635 3719 virtute,
1665 3663 1717 3707 et
1747 3655 1981 3722 quadam

399 3750 614 3796 natura:
647 3743 1036 3798 communione
1063 3751 1345 3813 praestant,
1383 3745 1575 3814 ingens
1601 3745 1849 3814 quaedam
1878 3756 1980 3798 est.

400 3845 702 3905 nostraque
748 3837 1088 3908 intelligendi
1137 3837 1188 3891 vi
1228 3838 1406 3908 major
1442 3837 1768 3904 diﬂerentia,
1816 3839 1981 3892 innu-

400 3928 691 3982 merabiles
722 3930 850 3983 item
887 3932 1161 3996 nationes,
1200 3946 1265 3985 ac
1299 3947 1501 3999 genera
1548 3940 1710 3986 sunt:
1746 3949 1868 4002 quae
1895 3945 1973 3986 ta-

400 4035 523 4073 men
559 4021 804 4074 outnium
854 4023 1075 4075 molitor
1099 4023 1459 4093 conditorque
1485 4023 1653 4088 Deus,
1694 4036 1980 4079 numerata

399 4120 563 4181 atque
617 4114 896 4181 explorata
941 4114 1137 4168 habeat
1188 4117 1464 4170 universa.
1518 4116 1699 4182 Quare
1762 4127 1820 4171 ut
1854 4133 1979 4186 per-

397 4202 597 4258 fectam
632 4205 1011 4274 integramque
1064 4206 1408 4276 singulorum
1461 4208 1825 4277 cognitionem
1885 4208 1979 4261 uni

396 4295 511 4352 Deo
542 4300 832 4353 convenire
863 4298 1239 4368 theologorum
1276 4299 1479 4368 aliquis
1516 4298 1801 4361 indicaret,
1828 4296 1979 4350 «Mil-

396 4388 470 4443 lia
503 4388 758 4452 millium,
800 4388 999 4456 inquit,
1033 4388 1423 4443 ministrabant
1457 4388 1528 4455 ci,
1567 4398 1619 4442 et
1646 4389 1827 4442 decies
1850 4387 1963 4440 mil-

2090 3198 2323 3252 ὲνεδύσω
2343 3236 2358 3261 ,
2406 3196 2838 3266 ἀναϐαλλόμενος
2868 3195 2984 3265 φῶς
3023 3194 3100 3257 ὼς
3134 3195 3372 3265 ἱμάτιον,
3405 3193 3671 3255 ,ἐκτείνων

2088 3290 2179 3343 τὸν
2197 3289 2420 3361 οὐρανὸν
2455 3288 2588 3341 ὡσεὶ
2623 3286 2806 3359 sepem
2826 3304 2838 3318 '
2864 3289 2892 3340 ὁ
2921 3285 3090 3339 ποιῶν
3128 3287 3253 3348 τοὺς
3276 3284 3538 3353 ἀγγέλους
3569 3284 3670 3336 αύ-

2084 3382 2182 3436 τοῦ
2234 3381 2548 3452 πνεύματα,
2588 3379 2680 3434 καὶ
2723 3381 2848 3444 τοὺς
2891 3379 3239 3449 λειτουργοὺς
3278 3375 3442 3430 αὑτοῦ
3495 3375 3669 3446 πυρὸς

2089 3474 2281 3544 φλόγα.
2321 3493 2339 3526 ι
2377 3475 2468 3544 Μή
2506 3490 2585 3526 τοι
2616 3473 2844 3545 νομίσῃς
2866 3471 2959 3524 τοῦ
2989 3472 3119 3541 παρ’
3154 3472 3285 3540 ἡμῖν
3333 3468 3528 3540 θνητοῦ
3570 3469 3669 3521 καὶ

2086 3565 2319 3637 γεώδους
2361 3566 2531 3635 πυρὸς
2570 3565 2755 3627 οὐσίας
2792 3563 3038 3634 μετέχειν
3062 3562 3130 3614 τὰ
3158 3561 3492 3633 δηλούμενα,
3528 3559 3667 3632 μηδέ

2087 3673 2149 3726 γε
2208 3656 2317 3709 τῶν
2387 3655 2447 3720 ἐξ
2511 3656 2709 3723 ἀλόγου
2774 3654 2991 3722 φύσεως
3067 3653 3228 3725 ἀέρος
3293 3651 3621 3721 πνευμάτων
3648 3691 3664 3715 ,

2083 3748 2197 3802 ἀλλ’
2254 3742 2366 3800 οἷόν
2415 3763 2521 3818 περ
2577 3748 2672 3801 καὶ
2720 3746 2881 3800 αύτὸν
2949 3745 3275 3816 ὀνομάζουσι
3337 3744 3429 3797 τὸν
3485 3743 3621 3796 Θεὸν
3645 3783 3663 3808 ,

2085 3837 2376 3909 ἀσώματον
2423 3839 2542 3909 μὲν.
2569 3839 2663 3891 καὶ
2686 3836 2869 3902 ἀῦλον,
2923 3837 3019 3890 καὶ
3047 3835 3327 3899 αύτόνουν,
3378 3832 3575 3901 μᾶλλον
3606 3833 3667 3885 δὲ

2084 3931 2224 4002 ὑπὲρ
2244 3930 2387 3995 νοῦν,
2425 3931 2521 3983 καὶ
2554 3930 2733 3984 πάντα
2761 3930 2918 3998 λόγον
2945 3928 3075 3982 ὄντα
3120 3928 3220 4000 τὴν
3265 3926 3446 3996 φύσιν·
3476 3943 3669 3997 τροπι-

2084 4022 2320 4092 κώτερον
2358 4022 2415 4074 δὲ
2444 4021 2538 4075 καὶ
2563 4022 2799 4090 πνεῦμα,
2830 4018 2925 4074 καὶ
2978 4019 3112 4091 πῦρ,
3155 4018 3248 4071 καὶ
3282 4018 3418 4087 φῶς,
3447 4018 3543 4070 καὶ
3571 4016 3665 4068 ἆλ-

2082 4113 2201 4177 λαις
2228 4114 2337 4166 τισὶ
2376 4113 2769 4185 προσηγορίαις
2790 4112 3012 4183 θνηταῖς
3063 4112 3254 4173 ἀκοαῖς
3306 4107 3666 4179 καταλλήλοις

2080 4201 2498 4274 ὀνομαζόμενον,
2527 4202 2789 4271 ἀγγέλους
2818 4201 2954 4271 δῆτα
2996 4201 3089 4254 καὶ
3144 4199 3536 4272 ἀρχαγγέλους,
3567 4198 3667 4251 καὶ

2081 4296 2383 4366 πνεύματα,
2420 4296 2515 4349 καὶ
2541 4296 2691 4359 θείας
2723 4295 3002 4364 δυνάμεις,
3060 4293 3156 4347 καί⁸
3202 4291 3461 4363 στρατιὰς
3490 4291 3664 4362 οὐρα-

2080 4389 2243 4452 νίους,
2270 4388 2444 4458 ἀρχάς
2474 4404 2533 4441 τε
2558 4388 2652 4439 καὶ
2683 4385 2950 4450 ἐξουσίας,
2982 4386 3075 4437 καὶ
3102 4384 3344 4455 θρόνους,
3376 4382 3471 4435 καὶ
3505 4398 3667 4453 κυρι-

396 4479 497 4536 lies
554 4488 779 4534 centena
813 4480 983 4534 millia
1034 4478 1367 4535 assistebant
1399 4481 1447 4534 ei
1482 4480 1583 4533 ⁸ο.»
1628 4479 1764 4532 Dum
1824 4479 1970 4533 enim

2087 4478 2296 4548 ἧτητας,
2324 4478 2399 4540 ὡς
2425 4476 2491 4530 ἂν
2521 4476 2747 4547 μυρίους
2780 4475 2872 4526 ἐπὶ
2925 4473 3138 4544 μυρίοις
3174 4473 3408 4544 ἀστέρας
3459 4487 3520 4523 τε
3564 4472 3665 4525 καὶ

394 4569 513 4641 ipse
539 4584 706 4623 unum
727 4568 962 4639 aliquem
994 4585 1279 4641 numerum
1303 4571 1568 4641 assignat,
1598 4570 1837 4624 rationes
1862 4569 1975 4623 sin-

394 4662 649 4734 gulorum
676 4677 867 4717 omnes
899 4662 1323 4732 comprehensas
1357 4663 1525 4715 Deum
1566 4662 1769 4716 habere
1802 4661 1973 4731 signi-

393 4760 562 4824 ﬂeat;
596 4758 726 4812 dum
755 4773 884 4812 vero
917 4758 1002 4812 his
1017 4758 1418 4812 multitudinem
1440 4757 1625 4813 verbis
1656 4757 1969 4823 adumbrat,

394 4851 546 4906 nullo
572 4866 603 4905 a
635 4850 794 4906 nobis
826 4864 948 4905 eam
973 4860 1122 4903 certo
1161 4864 1390 4903 numero
1431 4847 1649 4902 deliniri
1682 4863 1845 4918 posse
1872 4848 1970 4902 de-

392 4949 682 4997 monstrat.
740 4940 875 4994 Nam
908 4954 1029 5008 quae
1063 4938 1274 4993 inﬁnita
1309 4949 1462 5004 sunt,
1506 4953 1570 4992 ea
1615 4938 1852 5008 quodam
1885 4939 1968 4990 lo-

391 5027 596 5097 quendi
645 5028 830 5093 modo,
871 5028 965 5097 qui
1011 5042 1298 5082 excessum
1354 5027 1507 5080 illum
1565 5035 1742 5092 sonet,
1798 5028 1968 5081 millia

394 5121 553 5191 vulgo
574 5119 831 5174 dicimus.
861 5119 1015 5173 Alius
1038 5117 1162 5171 item
1191 5118 1474 5187 propheta,
1495 5133 1619 5172 cum
1643 5118 1966 5188 deipsarum

392 5221 588 5266 natura
631 5213 946 5277 dissereret,
977 5210 1291 5264 universum
1320 5219 1620 5276 auctorem,
1654 5213 1733 5265 uti
1758 5212 1973 5267 theolo-

389 5318 519 5373 gum
537 5304 709 5369 decet,
726 5304 798 5356 ita
816 5301 1123 5371 compellat,
1136 5321 1153 5352 ι
1176 5300 1423 5369 Domine,
1438 5302 1771 5372 inquitjDeus
1786 5318 1963 5367 meus,

387 5407 555 5461 quam
588 5391 966 5463 magnificatus
992 5406 1051 5445 es
1084 5392 1449 5455 vehementer,
1478 5391 1876 5447 confessionem
1913 5402 1968 5447 et

390 5483 851 5550 magniﬁcentiam
888 5481 1135 5546 induisti,
1181 5482 1415 5537 amictus
1448 5483 1656 5538 lumine
1700 5484 1842 5539 sicut
1875 5498 1969 5539 ve-

390 5574 674 5628 stimcnto;
702 5576 795 5644 qui
819 5575 1064 5630 extendis
1084 5575 1281 5630 caelum
1306 5575 1445 5630 sicut
1474 5576 1688 5646 pellem,
1714 5578 1809 5647 qui
1826 5575 1963 5631 facis

472 5752 510 5780 ·³
535 5749 677 5805 .l'sal.
706 5766 882 5817 exui,
921 5750 975 5806 4.
1070 5752 1113 5782 ⁸ο
1139 5751 1274 5804 Dan.
1309 5766 1402 5818 vn,
1438 5750 1523 5806 l0.

2079 4569 2263 4641 φωστῆ
2274 4586 2391 4640 ρας,
2414 4566 2519 4631 ’τὰς
2544 4567 2735 4638 νοεράς
2770 4565 2865 4618 καὶ
2892 4563 3114 4633 λογικὰς
3135 4562 3322 4625 οὐσίας
3345 4562 3394 4615 οί
3414 4559 3550 4615 Θεοῦ
3567 4560 3665 4614 λό-

2076 4677 2163 4729 γοι
2189 4657 2595 4729 προσειπόντες,
2623 4657 2811 4727 ἄρχειν
2832 4654 3087 4707 ἁπάντων
3115 4654 3209 4707 καὶ
3228 4654 3541 4706 ἐπιστατεῖν
3568 4652 3664 4705 τὸν

2074 4750 2172 4821 τῆς
2210 4748 2556 4819 δικαιοσύνης
2591 4747 2755 4816 φασὶν
2780 4745 2932 4815 ἥλιον
2951 4784 2964 4808 ,
2991 4744 3085 4796 καὶ
3111 4743 3173 4797 τὸ
3198 4743 3388 4797 τούτου
3425 4742 3663 4812 σύζυγον

2076 4842 2230 4911 ἆγιον
2261 4840 2503 4911 Πνεῦμα.
2536 4838 2618 4893 Τὰ
2649 4837 2706 4892 δὲ
2733 4838 2910 4891 πάντα
2940 4835 3153 4907 ἀθρόως
3207 4833 3357 4904 αύτῷ
3400 4833 3517 4903 Υίῷ
3561 4835 3662 4888 καὶ

2075 4934 2217 5005 ἁγίῳ
2237 4933 2536 5004 Πνεύματι,
2567 4930 2807 5001 νοεράτε
2836 4929 2954 4995 ζῶα
2996 4927 3092 4981 καὶ
3137 4925 3355 4995 λογικὰ,
3408 4928 3508 4980 σὺν
3562 4926 3661 4979 καὶ

2067 5028 2183 5088 τοῖς
2210 5026 2330 5078 κατ’
2364 5024 2591 5095 οὐρανὸν
2617 5021 2985 5093 φαινομένοις,
3007 5020 3238 5089 οὐρανόν
3269 5036 3330 5072 τε
3359 5019 3542 5081 αὐτὸν,
3559 5019 3661 5071 καὶ

2068 5119 2168 5171 ὅσα
2202 5116 2347 5171 ἔνδον
2373 5111 2527 5179 οὗτος
2575 5118 2632 5171 ὲν
2666 5113 2816 5185 αὐτῷ
2867 5110 3179 5184 περιλαῦὼν
3223 5110 3357 5183 ἔχει,
3410 5111 3556 5181 μόνῳ
3584 5110 3668 5183 τῷ

2068 5209 2161 5263 ἐπὶ
2184 5209 2403 5262 πάντων
2426 5206 2545 5278 Θεῷ
2570 5206 2648 5277 τῷ
2679 5206 2767 5261 διὰ
2801 5205 3018 5259 πάντων
3054 5203 3151 5257 καὶ
3174 5204 3234 5257 ὲν
3260 5204 3394 5256 πᾶσι
3428 5199 3669 5272 παμϐαο

2076 5301 2229 5368 σιλεῖ,
2258 5302 2350 5353 καὶ
2380 5299 2741 5370 πανηγεμόνι,
2795 5298 2891 5351 καὶ⁴
2935 5295 3094 5367 αίτίῳ
3127 5295 3240 5349 τῶν
3263 5294 3421 5358 ὅλων,
3471 5296 3550 5357 ὡς
3598 5294 3669 5349 ἂν

2073 5392 2390 5464 δημιουργῷ
2445 5392 2683 5456 πάντων,
2720 5392 2915 5461 ποιητῇ
2950 5405 3008 5442 τε
3042 5389 3137 5443 καὶ
3197 5387 3511 5458 φροντιστῇ,
3570 5386 3665 5440 καὶ

2077 5487 2311 5557 σωτῆρι,
2336 5485 2428 5538 τὸν
2461 5484 2740 5556 πρέποντα
2774 5482 2942 5552 ῦμνον
2992 5481 3087 5534 καὶ
3141 5479 3242 5550 τὴν
3274 5477 3670 5549 προσήκουσαν

2076 5575 2372 5643 θεολογίαν,
2404 5576 2437 5645 ἡ
2470 5573 2587 5627 θεία
2624 5577 2717 5628 καὶ
2749 5570 3061 5645 προφητικὴ
3117 5567 3310 5639 Γραφὴ
3338 5566 3520 5637 νέμενν
3558 5583 3670 5623 παι-
