3856 6224
255 288 359 344 553

1445 281 1766 340 ΡΒέΕΡΔΒ.
1809 278 2059 344 EVANG.
2101 279 2228 344 LIB.
2276 284 2385 345 VII.

245 400 618 473 ρακελεύεται,
647 401 949 472 φάσκουσα*
1005 400 1258 456 «Αἰνεῖτε
1305 402 1396 455 τὸν
1451 403 1584 456 Θεὸν
1626 405 1690 456 ἐκ
1721 403 1813 462 τῶι

1932 406 2152 475 angelos
2167 417 2287 464 tuos
2302 408 2610 479 spiritus,et
2624 409 2906 466 ministros
2933 406 3344 466 tuosﬂammam
3373 409 3509 477 ignis

239 493 508 565 οὐρανῶν,
532 496 732 548 αἰνεῖτε
756 495 918 547 αὑτὸν
946 495 1004 547 ὲν
1061 497 1173 558 τοῖς
1205 495 1468 565 ὑψίστοις.
1500 499 1709 550 Αἰνεῖτε
1733 498 1831 551 αὐ-

238 585 354 647 τὸν,
388 585 588 649 πάντες
629 585 850 654 ἄγγελοι
887 585 1074 651 αὑτοῦ,
1126 588 1323 639 αἰνεῖτε
1351 585 1533 651 αὑτὸν,
1562 589 1736 642 πᾶσαι
1772 589 1830 642 αἰ

238 675 498 747 δυνάμεις
523 677 710 730 αὑτοῦ.
743 679 952 730 Αἰνεῖτε
985 678 1337 748 αὑτὸν,ἥλιος
1369 680 1464 732 καὶ
1499 680 1716 751 σελήνη,
1746 682 1832 734 αἱ·

239 771 383 820 νεῖτε
413 767 597 835 αὑτὸν,
627 768 806 824 πάντα
831 769 900 822 τὰ
919 769 1094 839 ἄστρα
1115 765 1288 823 καὶτὸ
1316 771 1448 840 φῶς.
1477 773 1684 824 Αἰνεῖτε
1728 773 1829 824 αὑ-

236 858 353 924 τὸν,
381 860 433 913 οἰ
461 861 681 932 οὐρανοὶ
709 861 819 915 τῶν
845 861 1106 932 οὐρανῶν,
1155 862 1248 915 καὶ
1270 862 1338 916 τὰ
1370 862 1536 916 ὕδατα
1568 863 1634 916 τὰ
1662 865 1831 936 ὑπερ-

239 949 354 1003 άνω
398 950 504 1002 τῶν
553 951 798 1022 ούρανῶν
851 952 1220 1007 αἰνεσάτωσαν
1271 952 1332 1005 τὸ
1383 952 1555 1024 ὄνομα
1595 953 1824 1024 Κυρίου.

241 1036 367 1096 Ὀτι
395 1044 559 1108 αὑτὸς
579 1040 722 1110 εἶπε,
757 1045 852 1098 καὶ
878 1045 1264 1118 ἐγεννήθησαν⁸
1299 1045 1462 1110 αὐτὸς
1501 1045 1824 1109 ἐνετείλατο,

236 1137 335 1188 καὶ
359 1135 709 1207 ἐκτίσθησαν.
741 1138 1010 1209 Ἔστησεν
1070 1138 1210 1192 αύτά
1239 1140 1319 1201 εἰς
1357 1137 1447 1190 τὸν
1506 1136 1698 1202 αἰῶνα,
1733 1137 1826 1189 καὶ

232 1229 318 1290 εἰς
343 1229 436 1280 τὸν
463 1228 635 1282 αἰῶνα
666 1227 760 1282 τοῦ
816 1230 1031 1294 αἰῶνος
1065 1230 1466 1303 προστάγματα
1519 1229 1691 1292 ἔθετο,
1731 1229 1826 1282 καὶ

232 1321 297 1372 οὐ
335 1320 788 1394 παρελεύσεται.»
819 1323 1056 1376 Τοιαῦτα
1081 1323 1176 1377 καὶ
1207 1322 1274 1376 τὰ
1294 1322 1448 1393 παρά
1480 1323 1588 1375 τῶν
1615 1320 1826 1393 Ἑϐραίο

231 1429 310 1463 ων
338 1410 605 1482 δόγματα,
634 1412 668 1467 ἃ
688 1415 785 1484 τῆς
813 1409 1079 1486 Ἑλλήνων
1105 1415 1364 1469 πολυθέου
1388 1414 1482 1468 καὶ
1504 1413 1825 1484 δαιμονικῆς

232 1502 447 1574 πλάνης
471 1507 982 1580 προτετιμήκαμεν,
1017 1506 1166 1570 θείας
1206 1508 1303 1578 μὲν
1333 1507 1592 1577 δυνάμεις
1619 1507 1825 1577 ὑπηρε-

228 1594 392 1658 τικὰς
423 1594 518 1647 τοῦ
549 1595 938 1666 παμϐασιλέως
969 1595 1126 1662 Θεοῦ,
1186 1598 1280 1651 καὶ
1337 1596 1717 1666 λειτουργικας
1747 1598 1824 1649 εἰ·

226 1685 404 1750 δότες,
431 1687 525 1739 καὶ
549 1685 688 1740 κατὰ
711 1688 768 1741 τὸ
799 1689 1075 1760 προσῆκον
1103 1689 1390 1760 τιμῶντες,
1428 1689 1587 1760 μόνον
1616 1689 1671 1742 δὲ
1688 1688 1822 1742 Θεὸν

1920 493 1986 549 ⁶¹.
2011 515 2029 547 ι
2051 489 2237 566 Neque
2267 503 2448 551 tamen
2477 495 2776 560 existimes,
2796 501 3021 547 naturas
3049 491 3168 546 illas
3185 498 3252 544 ex
3273 487 3492 543 mortali

1920 585 2024 642 hoc
2044 594 2097 641 et
2121 595 2338 642 terreno
2360 587 2502 658 igne,
2527 595 2622 640 aut
2641 601 2706 639 ex
2725 584 2902 639 ventis
2925 581 3069 637 aeria
3092 588 3146 636 et
3159 580 3388 636 rationis
3405 594 3493 635 exe

1919 684 2070 748 perte
2080 677 2385 733 substantia
2401 677 2639 748 praeditis
2654 691 2775 732 esse
2791 661 3072 731 conﬂatas.
3091 673 3198 729 Sed
3219 672 3495 744 quomodo

1923 770 2090 826 Deum
2106 773 2282 842 ipsum
2297 770 2977 842 nuncupare327solent,
2998 768 3228 839 quicum
3249 767 3499 836 incorpo-

1927 877 2132 930 reus,et
2148 867 2215 922 ab
2227 866 2377 921 omni
2396 873 2641 921 secretus
2662 863 2887 918 materia
2907 863 2998 925 sit,
3015 876 3078 917 ac
3093 875 3248 916 mens
3265 875 3361 930 per
3375 870 3498 916 sese

1923 965 2087 1018 totus,
2099 959 2208 1012 imo
2220 973 2348 1013 vero
2362 964 2594 1013 mentem
2607 970 2820 1011 omnem
2837 962 2997 1023 atque
3010 953 3274 1008 rationem
3287 960 3498 1005 natura:

1922 1049 2256 1121 perfectione
2289 1050 2581 1112 transiliat,
2618 1048 3001 1118 metaphoricis
3026 1056 3204 1102 tamen
3245 1044 3495 1114 spiritus,

1925 1142 2086 1210 ignis,
2119 1143 2278 1207 lucis,
2301 1152 2464 1212 atque
2497 1141 2619 1196 aliis
2657 1141 2927 1211 ejusmodi
2963 1139 3223 1195 mortales
3245 1138 3299 1192 in
3334 1149 3498 1191 aures

1924 1235 2244 1290 cadentibus
2268 1235 2581 1290 nominibus
2607 1234 2926 1304 appellatur.
2951 1233 3026 1288 Ita
3056 1233 3214 1302 plane
3248 1231 3494 1302 angelos,

1926 1327 2300 1398 archangelos,
2324 1327 2570 1396 spiritus,
2595 1327 2806 1382 divinas
2835 1327 3080 1390 virtutes,
3120 1324 3370 1380 caelestes
3400 1336 3498 1378 ex.

1926 1407 2130 1462 ercitus
2155 1449 2170 1474 ,
2206 1407 2544 1476 principatus
2570 1445 2585 1470 ,
2623 1407 2880 1470 thronos,
2918 1404 3319 1458 dominationes
3345 1443 3360 1470 ,
3405 1419 3503 1473 pec

1924 1499 2082 1554 rinde
2115 1508 2280 1569 atque
2309 1498 2521 1551 infinita
2561 1497 2810 1566 quaedam
2849 1509 3078 1565 seseque
3114 1494 3504 1564 consequentia

1924 1591 2206 1648 stellarum
2238 1606 2302 1646 ac
2333 1591 2600 1644 luminum
2625 1603 2822 1660 genera
2841 1629 2854 1648 .
2885 1587 3157 1657 spiritales
3188 1601 3251 1641 ac
3275 1585 3504 1642 rationis

1924 1693 2203 1754 compotes
2250 1690 2512 1746 naturas,
2567 1697 2692 1736 cum
2741 1695 2911 1735 sacrae
2960 1680 3152 1734 litterae
3197 1676 3500 1743 nominant,

225 1776 641 1846 ὁμολογοῦντες,
671 1778 766 1831 καὶ
800 1778 959 1848 μόνον
989 1780 1196 1834 ἐκεῖνον
1224 1775 1490 1842 σέϐοντες,
1521 1778 1579 1831 ὃν
1606 1778 1700 1831 καὶ
1723 1778 1813 1830 αὑ-

1923 1785 2039 1831 tum
2063 1789 2194 1834 vero
2222 1774 2435 1830 cunctis
2460 1773 2686 1844 justitia:
2727 1772 2919 1837 solem,
2947 1771 3300 1841 ejusdemque
3329 1767 3502 1839 gcmla

224 1866 322 1928 τὸς
353 1867 602 1938 οὐρανὸς,
636 1870 730 1921 καὶ
758 1869 828 1921 τὰ
858 1868 978 1923 κατ’
1003 1869 1232 1941 οὐρανὸν
1258 1869 1492 1932 ἅπαντα,
1517 1867 1586 1922 τά
1614 1885 1675 1921 τε
1699 1868 1820 1920 ἐπέ-ι

227 1972 388 2013 κεινα
413 1961 643 2032 οὐρανοῦ
679 1961 856 2014 σέϐειν
886 1961 980 2014 καὶ
1031 1962 1220 2032 ὑμνεῖν
1253 1961 1347 2015 καὶ
1403 1961 1672 2030 θεολογεῖν
1706 1960 1816 2012 ὲδιιι

224 2051 518 2123 δὰχθηοότι
549 2053 643 2107 καὶ
668 2053 829 2118 αὐτὸς
858 2057 886 2108 ὁ
915 2055 1228 2126 Μονογενὴς
1257 2055 1351 2108 τοῦ
1382 2053 1516 2108 Θεοῦ
1543 2055 1636 2108 καὶ
1660 2055 1818 2125 Πρω-ι

223 2145 450 2208 τότοκος
481 2144 588 2197 τῶν
615 2145 772 2209 ὅλων,
805 2148 838 2216 ἡ
873 2147 1089 2200 πάντων
1131 2146 1294 2218 ἀρχὴ,
1347 2145 1438 2199 τὸν
1486 2144 1653 2200 αὑτοῦ
1705 2145 1819 2198 Πα-

224 2236 363 2306 τέρα
398 2237 556 2306 μόνον
581 2235 831 2306 ἡγεῖσθαι
884 2232 1018 2290 Θεὸν
1067 2237 1265 2309 ἀληθῆ,
1301 2237 1396 2291 καὶ
1449 2235 1608 2308 μόνον
1637 2237 1816 2292 σέϐειν

1924 1885 2054 1923 num
2082 1874 2135 1921 et
2157 1875 2468 1922 consortem
2495 1877 2746 1919 sanctum
2780 1865 2932 1918 illum
2967 1863 3230 1932 Spiritum
3269 1867 3502 1932 praeesse

1924 1968 2091 2029 atque
2140 1958 2410 2026 imperare
2455 1955 2670 2010 docent.
2739 1953 3024 2009 Postremo
3053 1951 3218 2008 simul
3247 1951 3502 2007 universa

1924 2051 2279 2115 cohortatur,
2320 2057 2382 2104 ut
2431 2063 2556 2103 cum
2607 2047 2797 2100 eodem
2861 2045 2998 2100 Filio
3053 2052 3350 2114 sanctoque
3380 2039 3502 2113 Spi-

1924 2146 2055 2211 ritu,
2091 2143 2366 2213 spiritales
2391 2155 2612 2211 quoque
2645 2147 2700 2194 et
2720 2123 3217 2208 rationis'praeditte
3252 2138 3501 2192 animum

1887 2241 2030 2298 -tes,
2066 2244 2430 2301 quaecumque
2461 2228 2665 2297 pariter
2714 2230 2768 2281 in
2800 2227 2940 2281 caelo
2987 2226 3257 2291 visuntur,
3293 2225 3503 2295 ipsum-

3405 291 3503 346 554
3567 345 3570 348 .

225 2328 360 2397 ἡμῖν
393 2327 846 2398 παρακελεύεται.

1924 2341 2032 2396 que
2062 2323 2200 2378 adeo
2227 2321 2426 2376 coelum
2449 2362 2463 2386 ,
2495 2334 2725 2390 qumque
2753 2319 2958 2373 ambitu
2983 2333 3080 2374 suo
3101 2319 3498 2388 comprehensa

224 2426 375 2473 tenet
404 2420 609 2485 omnia,
644 2418 962 2489 praepotenti
998 2419 1240 2484 uniDeo,
1269 2435 1593 2491 summoque
1622 2436 1804 2476 rerum
1844 2419 2090 2475 omnium
2125 2414 2237 2485 regi
2267 2428 2331 2468 ac
2391 2411 2620 2482 principi
2651 2451 2666 2475 ,
2720 2419 3152 2477 cunctorumque
3204 2410 3496 2480 principio,

227 2522 492 2582 tanquam
521 2513 777 2579 molitori,
810 2512 1128 2580 architecto,
1163 2514 1490 2568 moderatori
1529 2530 1593 2570 ac
1654 2514 1921 2570 servatori
1973 2510 2372 2572 universorum,
2441 2504 2856 2560 convenientem
2917 2503 3199 2573 hymnum,
3231 2515 3285 2557 et
3314 2518 3498 2573 prom-

224 2615 379 2671 ptum
414 2622 540 2661 vera
563 2622 628 2660 ex
663 2608 935 2678 theologia
968 2623 1188 2663 carmen
1223 2609 1536 2679 conjunctis
1586 2610 1813 2664 vocibus
1852 2607 2221 2669 modulentur,
2253 2604 2339 2657 his
2364 2601 2545 2655 verbis
2576 2611 2590 2652 ε
2633 2616 2652 2650 ι
2689 2597 2930 2654 Laudate
2967 2598 3137 2652 Deum
3197 2599 3264 2653 de
3316 2601 3494 2666 cwlls,

223 2701 448 2756 laudate
475 2717 600 2756 eum
643 2702 698 2756 in
733 2704 986 2759 excelsis.
1028 2701 1269 2760 Laudate
1297 2720 1446 2771 eum,
1486 2719 1678 2761 omnes
1732 2705 1910 2775 angeli
1977 2703 2132 2772 ejus;
2192 2699 2408 2754 laudate
2454 2711 2602 2762 eum,
2659 2710 2851 2750 omnes
2877 2695 3107 2749 virtutes
3133 2694 3272 2763 ejus.
3345 2694 3492 2750 Lati-

222 2797 354 2852 date
379 2813 540 2862 eum,
566 2798 648 2853 sol
675 2807 730 2852 et
754 2799 880 2853 luna
903 2841 918 2864 ,
963 2799 1180 2854 laudate
1226 2814 1351 2854 eum
1373 2837 1391 2865 ,
1441 2815 1633 2854 omnes
1691 2800 1860 2854 stellae
1895 2812 1950 2853 et
1985 2797 2188 2852 lumen.
2230 2793 2474 2848 Laudate
2499 2806 2624 2846 eum
2647 2831 2663 2857 ,
2695 2789 2817 2844 caeli
2875 2789 3170 2858 cmlorum;
3220 2798 3273 2844 et
3313 2803 3491 2862 aquae,

221 2910 350 2964 quae
391 2910 556 2964 super
606 2896 777 2950 caelos
825 2905 989 2963 sunt,
1036 2895 1261 2950 laudent
1318 2909 1518 2950 nomen
1568 2893 1807 2950 Domini.
1848 2893 1987 2961 Quia
2019 2894 2136 2962 ipse
2181 2890 2351 2955 dixit,
2417 2897 2472 2944 et
2499 2887 2641 2942 facta
2684 2894 2844 2952 sunt;
2902 2886 3017 2965 ipse
3075 2885 3385 2953 mandavit,
3436 2898 3492 2942 et

219 2994 408 3040 creata
438 2994 587 3040 sunt.
625 2984 827 3040 Statuit
868 3001 934 3041 ea
979 2987 1033 3040 in
1060 2995 1320 3041 aeternum
1345 3028 1360 3053 ,
1394 2995 1449 3041 et
1490 2987 1545 3041 in
1596 2987 1858 3042 saeculum
1895 2980 2125 3040 saeculi:
2158 2987 2484 3051 praeceptum
2531 2977 2734 3046 posuit,
2781 2984 2834 3031 et
2864 2990 2970 3029 non
3023 2977 3318 3046 praeteribit
3347 2977 3417 3033 “.
3465 2997 3482 3028 ι

221 3082 354 3138 Haec
397 3098 501 3139 nos
549 3082 714 3139 etiam
763 3081 1116 3137 Hebraeorum
1146 3083 1402 3152 dogmata
1447 3084 1814 3153 suscepimus,
1853 3094 2026 3151 eaque
2050 3078 2364 3133 Graecorum
2393 3087 2601 3136 errore,
2638 3073 2734 3141 qui
2791 3071 3020 3126 deorum
3082 3073 3487 3130 multitudinem

217 3179 570 3235 daemonibus
595 3179 913 3234 auctoribus
945 3179 1255 3247 invexerat,
1307 3180 1521 3249 potiora
1559 3179 1838 3234 duximus.
1880 3176 2128 3246 Quippe,
2157 3187 2282 3227 cum
2313 3168 2528 3224 divinas
2577 3167 2840 3238 quasdam
2881 3182 2944 3220 ac
2995 3165 3088 3221 Dei
3137 3169 3490 3238 praepotentis

219 3272 462 3327 famulas
500 3271 963 3342 administrasque
1015 3273 1243 3328 virtutes
1323 3286 1726 3344 agnoscamus,
1785 3285 1850 3326 ac
1888 3283 2048 3325 suum
2072 3266 2140 3321 iis
2169 3264 2489 3336 iustumque
2514 3262 2776 3316 honorem
2811 3259 3151 3326 tribuamus;
3201 3269 3312 3315 tum
3361 3275 3490 3317 vero

216 3362 397 3418 Deum
442 3365 596 3419 illum
637 3362 876 3419 fatemur
903 3380 1095 3429 unum,
1128 3381 1409 3436 unumque
1443 3379 1786 3429 veneramur,
1827 3377 1993 3432 quem
2051 3361 2231 3430 ipsum
2261 3369 2482 3426 quoque
2504 3353 2726 3419 malum,
2756 3367 2987 3422 quaeque
3020 3354 3104 3407 vel
3161 3353 3300 3407 coelo
3355 3370 3490 3410 cons

217 3459 489 3522 tinentur,
509 3458 592 3513 vel
609 3474 772 3529 supra
799 3460 999 3516 caalum
1050 3459 1842 3526 versantur,omnia,venerari,
1883 3457 2182 3521 celebrare,
2220 3452 2389 3507 Deum
2433 3450 2752 3520 praedicare,
2811 3448 3106 3518 testarique
3143 3449 3484 3506 didicerunt:

217 3557 717 3627 cumipscquoque
755 3557 851 3612 Dei
873 3556 1194 3629 Unigenitus
1232 3560 1397 3623 idem,
1444 3558 1762 3614 etomnium
1809 3554 2246 3624 Primogenitus,
2284 3563 2581 3618 rerumque
2615 3546 2946 3617 principium
2974 3545 3373 3611 universarum,
3411 3552 3489 3603 utl

219 3650 440 3706 Patrem
464 3666 624 3707 suum
644 3659 698 3706 et
732 3652 909 3706 solum
939 3668 1125 3707 verum
1158 3668 1278 3708 esse
1319 3653 1488 3708 Deum
1531 3666 1916 3725 agnoscamus,
1962 3657 2018 3704 et
2068 3646 2246 3702 solum
2279 3643 2544 3706 colamus,
2570 3655 2669 3695 sua
2711 3654 2812 3693 nos
2853 3638 3101 3692 oratione
3149 3640 3486 3698 cohortetur.

717 3743 1112 3796 ΚΕΦΑΛΑΙΟΝ
1156 3744 1274 3810 ις’.

457 3834 601 3904 Περί
629 3834 1048 3904 ἀντικειμένων
1087 3835 1199 3906 (85)
1229 3833 1560 3904 δυνάμεων.

292 3926 530 3980 Ἐπεται
558 3928 656 3980 καὶ
714 3927 845 3998 περὶ
876 3928 976 3998 τῆς
1022 3928 1270 3991 ἐναντίας
1322 3927 1624 3998 δυνάμεως,
1681 3926 1804 3978 τίνα

217 4019 353 4072 ποτὲ
375 4019 447 4072 τὰ
479 4019 747 4090 Ἐϐραίων
777 4021 932 4089 λόγια
964 4020 1353 4091 παραδίδωσιν,
1378 4018 1800 4088 ἐπισκέψασθαι.

219 4111 332 4175 Τὰς
363 4112 463 4182 μὲν
493 4107 588 4165 οὖν
621 4112 770 4176 θείας
790 4113 1068 4183 δυνάμεις,
1093 4115 1322 4184 νεύματι
1353 4113 1454 4166 τοῦ
1486 4113 1699 4184 Πατρὸς
1725 4109 1804 4182 τῷ

219 4202 504 4274 σύμπαντι
543 4203 858 4273 ὲφεστώσας
918 4205 1130 4276 κόσμῳ,
1188 4205 1296 4258 (τά
1349 4221 1409 4258 τε
1459 4203 1805 4274 λειτουργικὰ

218 4295 511 4366 πνεύματα
535 4299 615 4359 εἰς
641 4297 912 4350 διακονίαν
945 4297 1378 4369 ἀποστελλόμενα
1413 4297 1500 4350 διὰ
1524 4297 1650 4360 τοὺς
1674 4295 1802 4366 μέλ-

219 4388 413 4453 λοντας
445 4390 804 4460 κληρονομεῖν
830 4389 1160 4459 βασιλείαν,›
1215 4389 1345 4453 τούς
1389 4406 1450 4441 τε
1485 4389 1663 4460 ἱεροὺς
1700 4389 1802 4456 ἀγ-

217 4483 412 4553 γέλους
438 4481 534 4534 τοῦ
556 4482 692 4536 Θεοῦ
713 4483 807 4535 καὶ
837 4483 1229 4554 ἀρχαγγέλους,
1258 4482 1439 4536 πᾶσαν
1469 4498 1528 4533 τε
1555 4480 1653 4551 τὴν
1691 4479 1806 4534 διάά

219 4591 376 4627 κονον
400 4574 510 4628 τῶν
557 4574 778 4642 ἀγαθῶν
825 4576 1019 4646 νοεράν
1074 4574 1281 4639 οὐσίαν,
1315 4574 1582 4644 φωτεινὴν
1612 4568 1801 4638 οὖσαν,

219 4667 316 4718 καὶ
357 4664 579 4719 πάντων
639 4665 906 4738 ὑπηρέτιν
950 4665 1059 4719 τῶν
1096 4668 1177 4729 εἰς
1227 4664 1548 4738 ἀνθρώπους
1577 4667 1641 4718 ὲκ
1667 4664 1802 4718 Θεοῦ

216 4754 580 4824 δωρουμένων
614 4755 853 4822 ἀγαθῶν,
883 4756 976 4808 τὸν
1006 4755 1355 4826 παμϐασιλέα
1403 4753 1621 4808 πάντων
1651 4755 1806 4826 δορυι

219 4848 408 4915 φορεῖν
428 4846 580 4900 Θεόν·
595 4847 829 4901 κᾶπειτα
849 4847 958 4900 τῶν
986 4849 1107 4901 κατ’
1128 4848 1354 4920 οὐρανὸν
1379 4847 1533 4918 δίκην
1567 4848 1802 4918 ἄστρων,

215 4939 312 4992 τὸν
341 4941 492 5011 ἦλιον
531 4941 631 5012 τῆς
659 4941 1027 5011 δικαιοσύνης,
1064 4943 1156 4995 καὶ
1193 4943 1254 4995 τὸ
1284 4941 1514 5010 σύζυγον
1538 4940 1687 5012 αύτῷ
1711 4938 1804 4994 καὶ

219 5032 380 5100 ἅγιον
409 5032 634 5103 Πνεῦμα
665 5035 1000 5105 περιπολεῖν,
1025 5034 1128 5104 τῆς
1186 5051 1246 5086 τε
1297 5032 1500 5086 τούτων
1539 5031 1805 5103 χορηγίας

2381 3731 2548 3801 323
2603 3727 2832 3784 CAPUT
2867 3727 3007 3781 xvr.

2106 3825 2182 3880 De
2215 3825 2500 3879 contrariis
2527 3821 2947 3888 adversariisque
2978 3817 3279 3873 virtutibus.

1979 3917 2099 3973 Jam
2129 3930 2259 3971 vero
2286 3914 2534 3984 sequitur
2557 3948 2574 3980 ,
2609 3919 2667 3965 υι
2686 3952 2702 3977 ,
2745 3925 2866 3980 quae
2891 3910 2959 3963 de
2990 3910 3186 3964 virtute
3215 3909 3486 3970 contraria

1909 4009 2262 4066 Hebrtem'um
2314 4007 2504 4060 litterae
2557 4003 2945 4074 prodiderunt,
2997 4001 3306 4072 cujusmodi
3354 3991 3526 4070 sint,'

1910 4104 2214 4159 videamus.
2275 4097 2746 4165 Quemadmodum
2778 4094 2942 4166 igitur
2975 4095 3189 4150 divinas
3219 4095 3340 4151 illas
3369 4096 3484 4150 vir-

1911 4205 2074 4262 tutes,
2104 4208 2225 4264 qua:
2250 4190 2449 4247 summi
2480 4188 2657 4243 Patris
2682 4188 2904 4241 numine
2926 4187 3042 4242 orbi
3072 4189 3324 4244 universo
3350 4200 3486 4258 prae-

1911 4285 2110 4350 sident,
2143 4282 2386 4351 adeoque
2414 4299 2432 4331 ι
2471 4279 2966 4333 administrator-los
2997 4276 3118 4334 illos
3143 4279 3389 4349 spiritus,
3429 4281 3487 4335 in

1911 4373 2276 4430 ministerium
2306 4371 2542 4435 missos,
2585 4378 2804 4440 propter
2841 4384 2937 4424 eos
2984 4370 3079 4437 qui
3112 4369 3484 4424 haareditatem

1911 4462 2443 4535 capientsalutis“,i
2474 4461 2712 4529 itemque
2740 4473 2928 4514 sacros
2955 4456 3049 4512 Dei
3076 4459 3295 4530 angelos
3321 4469 3486 4529 atque

1912 4555 2291 4624 archangelos,
2325 4561 2580 4608 cunctam
2631 4548 2866 4619 denique
2917 4549 3213 4619 proborum
3247 4550 3483 4604 admitti-

1911 4654 2082 4701 stram
2125 4644 2534 4714 spiritalemque
2576 4654 2860 4706 naturam,
2909 4655 3032 4711 qua:
3062 4641 3337 4695 collucens
3366 4641 3484 4710 ipsa

1910 4750 2008 4805 per
2038 4750 2193 4800 sese,
2249 4748 2469 4802 operam
2517 4745 2732 4801 quoque
2775 4745 2931 4785 suam
2972 4745 3162 4784 eorum
3212 4729 3480 4795 omnium,

1911 4842 2032 4896 quae
2059 4825 2318 4880 divinitus
2346 4824 2400 4878 in
2433 4823 2681 4877 homines
2703 4821 3052 4888 derivantur,
3098 4825 3366 4875 bonorum
3395 4819 3482 4874 die

1911 4918 2111 4973 visioni
2135 4916 2515 4971 accommodat
2564 4933 2576 4969 :
2622 4915 2860 4984 primum
2890 4913 3106 4984 quidem
3137 4911 3482 4982 praepotentis

1912 5025 2095 5066 rerum
2136 5009 2381 5064 omnium
2428 5008 2769 5077 imperatoris
2813 5007 2983 5061 latera
3028 5007 3482 5076 praetorianorum

215 5097 316 5177 τοῦ
348 5126 527 5193 φωτὸς
556 5097 867 5190 ἀπολαύειν,
898 5123 979 5180 διὸ
1003 5097 1096 5180 καί
1125 5125 1404 5197 φωστῆρσι
1426 5097 1805 5187 conﬁcior.-

1919 5101 2145 5156 militum
2174 5101 2228 5154 in
2263 5113 2472 5154 morem
2503 5098 2738 5168 cingere,
2771 5107 2885 5153 tum
2910 5099 3130 5168 perinde
3153 5112 3216 5152 ac
3242 5097 3483 5151 caelestia

220 5213 386 5286 ρανδν
413 5216 637 5280 εἰκότως
670 5216 1134 5288 παραϐάλλεσθαι.
1165 5215 1278 5286 Τὴν
1305 5215 1362 5268 δὲ
1383 5216 1450 5268 ἐκ
1470 5213 1673 5268 τούτων
1702 5228 1800 5265 παρ-

220 5305 702 5376 ρατετραμμένην,
737 5307 833 5360 καὶ
863 5306 966 5377 τῆς
996 5305 1105 5360 τῶν
1136 5305 1460 5377 κρειττόνων
1491 5303 1708 5374 χορείας
1733 5303 1800 5356 δι’

217 5375 431 5454 οἰκείαν
459 5375 768 5467 φαυλότητα
815 5375 1184 5468 στερομένην,
1215 5375 1403 5459 σκότος
1451 5413 1511 5448 τε
1540 5396 1660 5450 ἀντὶ
1687 5412 1800 5464 φω-

217 5489 313 5554 τὸς
341 5487 744 5558 ἁλλαξαμένην,
772 5487 1008 5558 ἔμπαλιν
1027 5487 1061 5557 ἢ
1088 5487 1156 5540 τὰ
1189 5485 1400 5557 πρῶτα,
1441 5489 1561 5549 ταῖς
1591 5486 1799 5557 ἁρμοτιυ

289 5599 338 5632 ⁸⁸
365 5598 512 5655 Psal.
537 5615 634 5655 cut
675 5599 732 5652 2.
805 5599 850 5632 ⁸³
871 5597 1324 5665 Psal.cxr.vrn,i.
1399 5595 1684 5666 “Hebra,
1708 5595 1794 5650 14.

1906 5192 2153 5264 quaedam
2177 5191 2353 5247 sidera
2373 5233 2388 5258 ,
2419 5191 2647 5262 justitiae
2677 5190 2869 5257 solem,
2902 5191 3131 5261 ejusque
3171 5198 3482 5244 consortem

1907 5295 2158 5342 sanctum
2190 5282 2451 5352 Spiritum
2480 5283 2720 5349 ambire,
2762 5297 2919 5336 suam
2943 5282 3011 5336 ab
3044 5289 3274 5350 utroque
3302 5280 3484 5334 lucem

1908 5375 2130 5430 haurire
2150 5416 2164 5441 ,
2197 5390 2262 5429 ac
2293 5372 2522 5443 proinde
2544 5389 2670 5428 cum
2714 5372 2822 5429 illis
2862 5373 2987 5428 creli
3017 5371 3229 5426 facibus
3265 5370 3391 5442 jure
3418 5377 3487 5427 ad

1907 5467 2104 5524 merito
2132 5464 2368 5522 conferri
2393 5465 2612 5522 docent.
2674 5463 2765 5522 Sic
2792 5465 3025 5521 alterum
3058 5462 3192 5520 illud
3219 5462 3482 5519 virtutum

291 5735 408 5812 (85)
431 5737 574 5806 Περὶ
598 5736 1036 5807 ἀντικειμένων.
1073 5733 1204 5793 Vide
1227 5737 1406 5794 locum
1437 5735 1793 5808 persimilem,

1919 5744 2103 5798 manu.
2130 5749 2310 5808 evang.
2337 5732 2432 5793 lib.
2466 5749 2541 5805 tv,
2567 5748 2617 5789 c.
2645 5733 2699 5790 9.

506 5833 786 5894 Pnaon.
815 5831 932 5894 Gn.
971 5833 1152 5901 XXI.
