3856 6224
384 312 489 370 555

1014 305 1284 364 EUSEBII
1321 300 1805 362 CAESARIENSIS
1843 298 1994 357 OPP.
2036 300 2221 356 PARS
2252 298 2315 357 11.
2357 328 2426 339 —-
2463 294 2975 355 APOLOGETICA.

3539 293 3645 352 556

383 449 576 508 genus,
605 432 748 501 quod
783 441 1154 487 transversum
1186 436 1391 494 actum,
1441 442 1471 481 a
1506 426 1796 482 meliorum
1829 440 1961 481 con-

2068 424 2283 486 τούσαις
2310 425 2377 494 τῇ
2406 421 2501 475 τοῦ
2543 422 2748 493 τρόπου
2786 419 3058 491 μοχθηρίᾳ
3115 416 3507 508 προσηγορίαις

383 527 560 582 sortio
589 538 687 580 sua
708 537 830 579 sese
845 519 1001 591 culpa
1024 533 1079 576 et
1109 519 1450 591 improbitate
1475 517 1766 582 distraxit,
1813 517 1964 588 prio-

381 630 607 685 remque
630 616 808 669 lucem
832 628 954 668 cum
990 610 1228 666 tenebris
1265 612 1657 677 commutavit,
1689 609 1967 681 prioribus

384 708 604 777 quidem
627 704 917 760 contrariis
936 745 951 771 ,
981 704 1075 758 sed
1100 712 1282 758 tamen
1314 719 1437 757 cum
1469 702 1712 773 nequitia
1747 717 1964 757 morum

384 799 627 869 apprime
650 796 1075 867 congruentibus
1096 796 1409 851 nominibus
1430 796 1721 866 appellant.
1750 793 1816 849 Et
1841 810 1965 850 eum

382 892 622 962 quidem,
654 890 745 959 qui
785 889 996 959 primus
1023 888 1266 943 omnium
1315 888 1503 958 lapsus
1524 902 1648 942 cum
1683 896 1847 949 esset,
1884 901 1967 942 re-

379 983 559 1053 liquos
588 982 934 1052 postmodum
988 981 1043 1034 in
1086 980 1332 1035 eamdem
1379 995 1565 1035 secum
1596 995 1625 1034 a
1650 981 1968 1036 melioribus

381 1071 739 1127 defectionem
775 1078 1033 1133 traxerat,
1067 1070 1210 1140 quod
1242 1070 1312 1124 ab
1366 1070 1456 1126 illa
1503 1070 1813 1126 divinorum
1853 1071 1971 1142 pie-

382 1171 496 1219 tate
525 1163 581 1217 in
612 1172 787 1217 terras
832 1162 1059 1216 omnino
1105 1161 1443 1229 corruisset,
1496 1177 1561 1216 ac
1604 1163 1804 1233 partim
1848 1163 1968 1233 ejus

382 1254 606 1320 veneni,
631 1268 742 1323 quo
774 1252 954 1307 scelus
998 1251 1356 1322 impietasque
1396 1263 1601 1318 scatet,
1634 1265 1825 1309 auctor
1853 1254 1971 1324 ipse

382 1345 489 1401 sibi
522 1360 587 1400 ac
610 1343 829 1398 molitor
858 1342 1086 1405 fuisset,
1126 1344 1322 1412 partim
1356 1344 1607 1399 vecordia
1646 1360 1767 1401 sese
1799 1362 1864 1401 ac
1885 1357 1972 1402 te-

384 1434 569 1490 nebris
601 1434 944 1488 voluntarius
975 1433 1114 1489 lucis
1142 1433 1391 1489 desertor
1415 1434 1757 1503 involvisset,
1806 1438 1970 1492 modo

381 1528 675 1581 draconem
703 1534 866 1595 atque
899 1535 1229 1595 serpentem,
1283 1535 1462 1579 atrum
1493 1526 1644 1581 illum
1674 1543 1740 1583 ac
1775 1545 1972 1599 repen-

383 1627 492 1674 tem
517 1618 691 1683 humi,
732 1617 1058 1687 lethalisque
1094 1617 1288 1673 veneni
1320 1626 1631 1688 parentem,
1672 1622 1836 1675 modo
1869 1637 1971 1677 sa:-

382 1726 507 1767 vam
539 1710 943 1780 immanemque
971 1709 1165 1778 feram,
1195 1710 1441 1781 adeoque
1467 1711 1681 1767 leonem
1702 1715 1969 1783 sanguine

2070 513 2253 584 μάζει.
2288 514 2392 567 Τὸν
2421 511 2552 582 γοῦν
2580 510 2933 583 κατάρξαντα
2965 510 3069 579 τῆς
3100 507 3380 574 πτώσεως,
3413 507 3563 579 αὑτῷ
3592 524 3649 561 τε

2066 606 2162 659 καὶ
2184 604 2392 677 ἑτέροις
2414 605 2515 676 τῆς
2537 604 2645 658 τῶν
2664 602 2989 676 κρειττόνων
3011 602 3341 666 ἀποστασίας
3363 602 3651 673 γενόμενον

2066 698 2262 765 αἴτιον,
2295 696 2371 763 ὡς
2399 696 2465 752 ἂν
2494 697 2669 750 διόλου
2701 696 2875 769 χαμαὶ
2897 696 2998 765 τῆς
3024 694 3135 748 τῶν
3166 694 3451 766 θειοτέρων
3495 694 3653 748 εὐσε-

2068 791 2220 855 ϐείας
2248 789 2663 853 ἐκπεπτωκότα,
2695 788 2790 843 καὶ
2835 788 3036 851 κακίας
3071 787 3169 859 μὲν
3198 786 3299 851 ίοῦ,
3331 787 3426 841 καί
3466 786 3657 841 δυσσε-

2068 883 2220 946 ϐείας
2243 882 2403 937 αὑτὸν
2435 880 2585 952 αὑτῷ
2615 881 2948 953 δημιουργὸν
2986 879 3318 943 ὑποστάντα,
3337 879 3562 943 σκότους
3595 877 3656 932 δὲ

2068 972 2165 1025 καὶ
2194 970 2418 1039 ἀλογίας
2456 970 2688 1042 ποιητὴν
2736 972 2801 1024 ἐκ
2829 971 2926 1041 τῆς
2951 969 3045 1023 τοῦ
3081 971 3257 1041 φωτὸς
3299 970 3655 1025 αὑθεκουσίου

2068 1064 2471 1141 ἀναχωρήισεως
2498 1062 2782 1133 γεγονότα,
2809 1062 3080 1134 δράκοντα
3113 1061 3209 1116 καὶ
3261 1062 3405 1132 ὅφιν,
3451 1060 3659 1133 μέλανά

2068 1170 2128 1207 τε
2160 1153 2255 1207 καὶ
2282 1152 2630 1225 ἐρπυστικὺν,
2658 1153 2737 1206 ίοῠ
2761 1152 3135 1225 θανατηφόρου
3156 1152 3495 1226 γεννητικὸν,
3513 1152 3657 1225 θῆρά

2068 1266 2129 1302 τε
2157 1249 2367 1321 ἄγριον,
2402 1248 2497 1302 καὶ
2538 1248 2958 1320 ἀνθρωποϐὁρον
2990 1248 3199 1313 λέοντα,
3233 1249 3330 1302 καὶ
3369 1248 3532 1302 πάλιν
3563 1249 3656 1302 τὸν

2070 1343 2128 1396 ὲν
2158 1344 2406 1415 ἑρπετοῖς
2430 1341 2742 1413 βασιλίσκον
2775 1341 3069 1396 ἀποκαλεῖν
3119 1341 3329 1398 εἴωθεν.
3369 1341 3659 1395 ’Υπόθεσιν

2069 1434 2113 1487 δ’
2146 1433 2295 1505 αὑτῷ
2325 1451 2488 1503 φασιν
2510 1437 2558 1488 οἱ
2592 1434 2725 1488 θεῖοι
2765 1434 2914 1504 λόγοι
2942 1434 3225 1503 γεγονέναι
3265 1435 3364 1504 τῆς
3398 1430 3660 1488 ἀποπτῶ-

2072 1545 2209 1592 σεως
2264 1528 2461 1598 μανίαν
2519 1527 2734 1598 φρενῶν
2795 1526 2891 1580 καὶ
2928 1527 3169 1590 διανοίας
3233 1526 3509 1591 ἔκστασιν,
3550 1519 3655 1579 ὧδέ

2072 1634 2189 1681 πως
2211 1616 2348 1688 ὁμοῦ
2379 1616 2480 1689 τὴν
2512 1616 2719 1669 πτῶσιν
2744 1615 2911 1670 αὑτοῦ
2960 1616 3054 1671 καὶ
3085 1615 3184 1689 τὴν
3229 1614 3656 1687 φρενοϐλάϐειαν

2069 1709 2441 1780 διηγούμενον
2500 1727 2520 1761 t
2563 1707 2689 1772 Πῶς
2748 1707 3003 1773 ἐξέπεσεν
3058 1710 3124 1762 ἐκ
3192 1709 3285 1763 τοῦ
3344 1706 3575 1780 οὐρανοῦ
3625 1708 3657 1761 ὁ

384 1804 626 1859 humano
649 1813 884 1871 pastum,
922 1802 1085 1856 modo
1106 1803 1377 1872 reptilium
1416 1804 1581 1859 etiam
1611 1806 1856 1859 omnium
1883 1821 1967 1860 re-

2083 1777 2409 1873 Ἐωσφόρος,
2443 1804 2472 1855 ὁ
2504 1800 2649 1873 πρωῒ
2682 1801 3026 1868 emtum;
3062 1801 3361 1873 Συνετρίϐη
3382 1777 3474 1855 ἐπὶ
3500 1800 3604 1871 γῆν
3627 1802 3659 1854 ὁ

384 1894 571 1965 gulum
620 1894 905 1948 nominare
952 1894 1146 1949 solent.
1201 1894 1467 1950 Caeterum
1504 1910 1613 1950 non
1653 1897 1815 1951 aliam
1847 1898 1969 1969 ejus

384 1995 497 2041 tam
530 1985 732 2041 funesti
770 1987 958 2055 lapsus
1003 1986 1186 2040 divina
1236 1988 1570 2042 monimenta
1629 2004 1851 2044 causam
1881 1992 1971 2045 ha-

383 2077 533 2145 bent,
580 2094 746 2147 quam
794 2078 1038 2133 furorem
1088 2080 1376 2149 quemdam
1411 2080 1602 2147 animi,
1660 2083 1969 2152 mentisque

384 2171 689 2238 vesaniam,
722 2171 853 2226 dum
882 2171 1126 2240 ejusdem
1154 2180 1207 2225 et
1232 2186 1394 2227 casus
1429 2174 1776 2243 gravitatem,
1808 2183 1861 2229 et
1889 2175 1967 2227 in-
1992 2244 2007 2257 .

385 2264 556 2320 sauia:
582 2263 1011 2334 magnitudinem
1044 2264 1117 2318 ita
1147 2275 1551 2335 prosequuntur
1586 2286 1598 2321 :
1632 2285 1650 2318 ι
1681 2266 1971 2333 Quomodo

384 2355 583 2412 cecidit
612 2357 678 2411 de
708 2356 848 2411 cmlo
876 2354 1117 2420 Lucifer,
1158 2357 1253 2425 qui
1287 2372 1446 2411 mane
1475 2358 1788 2413 oriebatur?
1833 2359 1967 2412 Alli-

386 2463 482 2504 sus
517 2455 601 2502 est
626 2446 681 2501 in
713 2458 911 2501 terram
934 2488 950 2514 ,
997 2448 1090 2517 qui
1139 2449 1388 2503 mittebat
1425 2450 1491 2503 ad
1538 2466 1730 2505 omnes
1759 2459 1968 2522 gentes.

386 2535 469 2590 Tu
498 2544 681 2591 autem
718 2537 938 2592 dicebas
972 2537 1023 2589 in
1049 2538 1213 2592 corde
1238 2548 1365 2602 tuo,
1398 2539 1455 2591 In
1487 2539 1685 2592 cmlum
1710 2554 1972 2593 conscen-

384 2627 534 2695 dam,
562 2643 725 2699 super
754 2638 901 2682 astra
925 2628 1048 2683 cmli
1075 2628 1326 2682 exaltabo
1358 2629 1552 2682 solium
1582 2644 1785 2695 meum,
1805 2629 1972 2700 329

389 2720 585 2775 similis
608 2735 705 2774 ero
738 2718 1020 2774 Altissimo
1044 2718 1143 2773 ⁸⁸.»
1175 2718 1238 2773 Ει
1264 2736 1476 2787 rursus,
1521 2738 1539 2770 ι
1560 2718 1684 2775 litec
1706 2721 1838 2774 dicit
1866 2720 1972 2774 Do-

386 2814 591 2877 minus,
624 2811 730 2867 Pro
753 2828 818 2867 eo
840 2812 985 2883 quod
1019 2813 1318 2867 exaltatum
1350 2821 1435 2867 est
1468 2828 1565 2867 cor
1601 2822 1778 2878 tuum,
1810 2822 1865 2868 et
1890 2814 1973 2868 di-

386 2903 515 2957 xisti
542 2943 556 2967 ,
587 2901 731 2957 Deus
767 2917 868 2971 ego
894 2908 1015 2956 ’sum
1042 2941 1057 2965 ,
1103 2903 1158 2955 in
1194 2901 1473 2956 domicilio
1509 2901 1600 2955 Dei
1652 2903 1914 2957 habitavi.
1946 2922 1967 2956 ι

386 2996 630 3065 Itemque
662 3014 674 3049 :
712 3013 730 3046 ι
771 2993 849 3048 Tu
879 2994 1223 3064 signaculum
1258 2994 1655 3059 similitudinis,
1684 3005 1737 3049 et
1766 3010 1969 3050 corona

2069 1892 2416 1946 ἀποστέλλων
2443 1894 2578 1962 πρὸς
2609 1891 2786 1945 πάντα
2813 1891 2882 1945 τὰ
2933 1891 3082 1963 ἔθνη.
3117 1892 3189 1946 Σὺ
3223 1891 3280 1944 δὲ
3318 1886 3478 1954 εἶπας
3502 1891 3559 1944 ἐν
3586 1891 3656 1961 τῇ

2068 1985 2277 2056 διανοίᾳ
2307 2002 2421 2038 σου·
2450 1985 2544 2048 Ei;
2570 1984 2659 2037 τὸν
2690 1984 2918 2056 οὐρανὸν
2949 1983 3314 2056 ἀναϐήσομαι,
3345 1984 3531 2038 ἐπάνω
3544 1982 3660 2037 τῶν

2070 2074 2285 2146 ἄστρων
2314 2074 2407 2128 τοῦ
2443 2073 2673 2146 οὐρανοῦ
2707 2074 2857 2146 θήσω
2906 2074 2997 2129 τὸν
3050 2074 3237 2147 θρόνον
3279 2091 3402 2145 μου,
3461 2073 3659 2145 ἔσομαι

2068 2168 2253 2240 ὅμοιος
2279 2168 2359 2239 τῷ
2400 2168 2661 2238 ’Υψίστιεκ
2689 2187 2708 2220 ι
2738 2168 2850 2222 Καὶ
2883 2168 3069 2221 πάλιν
3130 2186 3147 2219 ι
3179 2168 3316 2221 Τάδε
3362 2167 3510 2236 λέγει
3544 2164 3660 2221 Κύ-

2073 2279 2204 2332 ριος·
2250 2261 2392 2315 Ἀνθ’
2426 2254 2500 2315 ὧν
2523 2260 2712 2332 ὑψώθη
2747 2263 2779 2332 ἡ
2808 2262 3005 2334 καρδία
3048 2278 3162 2326 σου,
3198 2261 3293 2315 καὶ
3317 2256 3496 2324 εἴπας·
3522 2260 3659 2325 Θεός

2071 2355 2187 2423 είμι
2219 2352 2351 2421 ἐγὼ,
2384 2352 2669 2407 κατοικίαν
2710 2352 2846 2406 Θεοῦ
2904 2352 3254 2424 κατῴκησα.»
3315 2354 3425 2407 Καὶ
3477 2348 3653 2417 αὖθις

2076 2462 2095 2494 ι
2120 2445 2192 2497 Σὺ
2211 2445 2647 2516 ἀποσφράγισμα
2660 2444 2990 2516 ὁμοιώσεως,
3010 2446 3104 2499 καὶ
3120 2445 3382 2514 στέφανος
3403 2444 3656 2511 κάλλους,

2071 2535 2130 2587 ἐν
2159 2535 2226 2605 τῇ
2260 2538 2438 2607 τρυφῇ
2475 2536 2568 2589 τοῦ
2618 2536 2949 2606 παραδείσου
2996 2536 3090 2589 τοῦ
3137 2535 3274 2589 Θεοῦ
3336 2535 3655 2606 ἐγεννήθης,

2072 2629 2249 2683 πάντα
2304 2630 2452 2683 λίθον
2485 2629 2722 2701 χρηστὸν
2778 2628 3096 2692 ὲνδέδεσαι,ι
3133 2628 3229 2681 καὶ
3263 2627 3330 2681 τὰ
3383 2627 3528 2699 ἑξῆς.
3561 2623 3659 2692 Οἷς

2073 2722 2336 2791 ἐπιλέγεν
2376 2741 2394 2773 ι
2431 2723 2519 2775 Ἐν
2552 2721 2668 2793 δρει
2717 2720 2856 2791 ἀγίῳ
2887 2720 3022 2773 Θεοῦ
3057 2719 3371 2792 ἐγεννήθης,
3416 2720 3473 2772 ἐν
3505 2719 3660 2791 μέσῳ

2072 2813 2236 2867 λίθων
2272 2814 2511 2885 πυρίνων
2544 2813 2865 2886 ἐγεννήθης,
2894 2815 3124 2884 ἄμωμος
3161 2814 3225 2866 σὺ
3276 2815 3333 2866 ἐν
3364 2815 3486 2875 ταῖς
3527 2812 3663 2883 ἠμί.

2075 2924 2197 2977 ραις
2221 2923 2335 2973 σου,
2364 2908 2457 2976 ἀφ’
2478 2903 2547 2978 ἧς
2578 2907 2791 2979 ἡμέρας
2819 2908 2883 2960 σὺ
2923 2905 3198 2977 ἐκτίσθης,
3230 2905 3336 2969 ἕως
3364 2904 3563 2976 εὑρέθη
3588 2904 3664 2958 τὰ

2074 3000 2385 3071 ἀδικήματα
2413 3002 2471 3053 ἐν
2502 2999 2605 3066 σοὶ,
2641 2998 2831 3070 ὑψώθη
2856 3001 2889 3071 ή
2913 2997 3110 3071 καρδία
3138 3016 3254 3063 σου,
3307 2999 3400 3052 ἐπὶ
3428 2998 3506 3069 τῷ
3528 2999 3662 3052 κάλ-

389 3087 849 3160 pulchritudinis,
898 3086 953 3139 in
1003 3085 1213 3140 deliciis
1265 3087 1503 3155 paradisi
1551 3085 1645 3142 Dei
1686 3097 1847 3142 natus
1887 3104 1967 3156 es,

2072 3092 2155 3145 λει
2189 3109 2306 3153 σου,
2336 3090 2601 3162 διεφθάρη
2636 3093 2669 3162 ή
2698 3091 2976 3162 ἐπιστήμη
2997 3108 3089 3143 σου
3115 3088 3250 3161 μετά
3277 3088 3375 3142 τοῦ
3406 3086 3659 3151 κάλλους·

388 3197 607 3237 omnem
658 3181 892 3249 lapidem
940 3180 1241 3249 pretiosum
1295 3180 1519 3235 indutus
1564 3196 1653 3248 cs;
1692 3200 1710 3233 ι
1771 3193 1825 3237 et
1851 3183 1972 3237 reli-

387 3290 519 3344 qua.
589 3271 727 3326 Tum
758 3290 772 3325 :
808 3291 827 3323 ι
863 3271 922 3325 In
965 3280 1149 3326 monte
1196 3280 1385 3326 sancto
1428 3270 1520 3326 Dei
1583 3282 1746 3329 natus
1783 3289 1877 3340 es,
1913 3275 1969 3329 in

388 3362 569 3418 medio
613 3361 855 3432 lapidum
901 3360 1182 3430 igneorum
1229 3370 1390 3416 natus
1416 3369 1497 3416 es.
1553 3360 1633 3417 Tu
1670 3365 1879 3435 integer
1912 3365 1967 3419 in

387 3455 583 3512 diebus
616 3456 750 3521 tuis,
782 3470 849 3510 ex
876 3454 984 3519 die,
1024 3470 1134 3525 quo
1180 3464 1239 3509 tu
1288 3464 1503 3512 creatus
1533 3472 1627 3521 es,
1670 3457 1843 3512 donec
1886 3455 1971 3510 in-

387 3557 562 3603 venta!
585 3558 713 3603 sunt
742 3548 1056 3618 iniquitates
1082 3550 1135 3601 in
1164 3556 1234 3613 te,
1249 3549 1546 3604 exaltatum
1574 3557 1656 3604 est
1670 3563 1767 3603 cor
1783 3558 1967 3614 tuum,

389 3642 462 3698 ob
493 3640 952 3712 pulchritudinem
988 3650 1135 3694 tuam
1156 3681 1172 3707 ,
1223 3632 1479 3709 corrupta
1510 3647 1594 3695 est
1621 3640 1849 3695 scientia
1878 3648 1970 3694 tua

386 3750 514 3791 cum
539 3733 978 3804 pulchritudine;
1022 3739 1245 3802 propter
1291 3731 1695 3786 multitudinem
1724 3741 1971 3801 peccato-

385 3842 510 3881 rum
541 3837 783 3889 tuorum,
839 3824 893 3877 in
946 3832 1146 3879 terram
1174 3824 1375 3893 projeci
1406 3832 1475 3879 te.
1517 3843 1536 3876 ι
1598 3822 1717 3890 Qua
1744 3839 1811 3879 ex
1840 3839 1967 3879 ora-

386 3919 538 3973 tione
567 3918 724 3988 plane
752 3916 1106 3986 intelligimus
1129 3958 1144 3983 ,
1194 3931 1321 3971 eum
1344 3957 1360 3982 ,
1393 3915 1462 3970 de
1503 3931 1615 3986 quo
1658 3931 1966 3970 sermonem

390 4008 752 4073 instituimus,
786 4023 913 4062 cum
936 4006 1299 4064 divinioribus
1340 4007 1447 4062 illis
1487 4008 1781 4063 virtutibus
1808 4018 1966 4063 antea

386 4102 650 4158 societate
679 4100 1065 4170 conjunctum,
1112 4108 1300 4171 postea
1347 4103 1733 4157 communione
1762 4102 1969 4157 fructu-

393 4208 493 4265 que
519 4193 830 4260 meliorum,
850 4208 949 4247 sua
976 4193 1146 4263 ipsius
1180 4196 1489 4264 arrogantia
1523 4203 1685 4264 atque
1717 4195 1772 4249 in
1797 4194 1967 4250 Deum

385 4283 683 4338 rebellione
717 4282 964 4337 funditus
994 4284 1286 4339 excidisse.
1322 4282 1591 4340 Praeterea
1619 4286 1721 4340 sub
1747 4287 1853 4341 isto
1882 4287 1968 4341 in-

384 4376 739 4432 numerabilis
785 4377 1035 4447 quaedam
1066 4378 1298 4433 aliorum
1344 4389 1399 4434 et
1452 4380 1663 4435 infinita
1691 4381 1838 4436 natio
1860 4390 1963 4450 est,

2071 3182 2159 3236 διά
2190 3180 2394 3252 πλῆθος
2422 3179 2707 3252 ἁμαρτιῶν
2733 3198 2850 3244 σου,
2885 3182 2978 3234 ἐπὶ
3023 3180 3121 3252 τὴν
3152 3180 3256 3252 γῆν
3311 3177 3511 3250 ἐρῤιψά
3542 3193 3658 3229 σε.»

2071 3274 2172 3327 Διά
2198 3274 2264 3346 δὴ
2292 3273 2496 3327 τούτων
2527 3273 2786 3345 ἄντικρυς
2807 3274 2905 3346 τὴν
2939 3274 3079 3345 μετά
3105 3272 3216 3327 τῶν
3259 3271 3548 3344 θειοτέρων
3571 3270 3661 3324 δυ-

2070 3366 2289 3437 νάμεων
2316 3366 2586 3438 προτέραν
2617 3365 2711 3419 τοῦ
2743 3364 3073 3436 δηλουμένου
3105 3363 3408 3436 διατριϐὴν,
3434 3364 3531 3418 καὶ
3561 3364 3662 3436 τὴν

2070 3457 2178 3511 ἀπὸ
2197 3459 2306 3511 τῶν
2331 3457 2653 3529 κρειττόνων
2674 3458 2739 3511 δι’
2762 3458 2969 3511 οἰκείαν
3004 3455 3394 3528 μεγαλαυχίαν,
3417 3456 3513 3510 καὶ
3539 3455 3660 3510 θεον

2075 3551 2275 3621 μαχίαν
2306 3551 2620 3604 ἀπόπτωσιν
2685 3549 3103 3623 μεμαθήκαμεν.
3136 3551 3348 3619 Μυρίον
3402 3548 3460 3603 δέ
3510 3548 3660 3603 ἐστιν

2070 3640 2198 3694 ἄλλο
2222 3640 2381 3710 γένος
2435 3641 2541 3695 ὑπὸ
2585 3641 2780 3712 τούτῳ,
2837 3644 2953 3705 τοῖς
3016 3641 3421 3715 παραπλησίοις
3472 3640 3659 3713 ἔνοχον

2073 3733 2556 3806 πλημμελήμασιν,
2585 3734 2613 3787 ὂ
2638 3734 2738 3804 τῆς
2780 3734 3100 3797 δυσσεϐείας
3142 3735 3325 3805 χάριν,
3385 3733 3489 3804 τῆς
3547 3734 3658 3788 τῶν

2070 3825 2308 3879 εὐσεϐῶν
2337 3827 2613 3880 ἀποπεσὸν
2637 3827 2860 3899 λήξεως,
2880 3828 3000 3881 ἀντὶ
3019 3829 3117 3899 τῆς
3141 3826 3309 3882 πάλαι
3330 3826 3657 3896 φωτοειδοῦς

2069 3918 2162 3970 καὶ
2190 3916 2467 3989 θειοτέρας
2514 3919 2825 3991 περιϐολῆς,
2862 3920 2961 3991 τῆς
2989 3936 3048 3973 τε
3101 3922 3159 3973 ἐν
3214 3922 3326 3983 τοῖς
3368 3918 3659 3989 βασιλείοις

2068 4009 2237 4080 τιμῆς
2290 4010 2386 4063 καὶ
2431 4010 2531 4080 τῆς
2557 4011 2615 4063 ἐν
2642 4012 2936 4083 μακαρίοις
2972 4012 3063 4065 καὶ
3111 4011 3423 4080 ἀγγελικοῖς
3472 4014 3658 4083 χοροῖς

2068 4101 2373 4173 διατριϐῆς,
2425 4103 2516 4156 τὸν
2568 4104 2949 4175 ἐφαρμόζοντα
2996 4108 3109 4169 τοῖς
3137 4104 3419 4158 δυσσεϐέσι
3451 4104 3654 4176 χῶρον,

2069 4193 2248 4265 κρίσει
2285 4194 2490 4266 δικαία,
2527 4196 2621 4249 καὶ
2648 4197 2923 4266 ἀποφάσει
2958 4199 3052 4251 τοῦ
3081 4199 3315 4270 μεγάλου
3342 4200 3477 4253 Θεοῦ
3512 4201 3658 4269 Τάρ-

2067 4302 2232 4356 ταρον
2262 4288 2454 4352 οἰκεῖν,
2512 4288 2570 4340 ὃν
2604 4288 2843 4342 ἄϐυσσον
2898 4292 2947 4343 oi
2987 4290 3120 4345 θεῖοι
3178 4292 3327 4362 λόγοι
3380 4310 3659 4364 προσαγο-

2071 4375 2310 4447 ρεύουσι,
2332 4380 2427 4432 καὶ
2461 4377 2650 4443 σκότος
2677 4382 2739 4434 οὑ
2770 4382 2833 4435 τὸ
2882 4383 3011 4454 παρ’
3050 4385 3203 4454 ἡμῖν,
3256 4384 3317 4437 τὸ
3338 4383 3381 4436 δ’
3410 4385 3517 4438 ὑπὸ
3544 4385 3658 4441 τῶν

384 4468 648 4525 similium
695 4469 988 4524 criminum
1039 4485 1151 4533 rea,
1194 4485 1316 4541 quae
1357 4482 1579 4541 pmpter
1630 4473 1961 4543 impietatem

2068 4465 2228 4520 θείων
2247 4468 2444 4537 λογίων
2468 4469 2819 4542 δηλούμενον,
2840 4473 3356 4545 άντικατηλλάξατο.
3379 4471 3482 4529 *Ων
3519 4476 3658 4547 βρα-

383 4570 535 4616 sorte
559 4561 772 4632 piorum
803 4562 1046 4626 exclusa,
1075 4561 1420 4632 splendidum
1449 4563 1581 4618 illud
1609 4564 1966 4636 divinumque

383 4653 747 4719 domicilium,
771 4668 1024 4724 eamque,
1053 4669 1159 4723 qua
1187 4654 1239 4707 in
1263 4654 1414 4724 regia
1452 4653 1753 4723 fruebatur,
1782 4656 1962 4726 digni-

382 4750 550 4799 tatem
588 4759 653 4799 ac
674 4742 887 4799 felicem
936 4743 1308 4813 angelicorum
1340 4753 1581 4799 cmtuum
1621 4747 1960 4814 societatem,

381 4851 510 4891 cum
547 4835 777 4891 Tartaro
822 4835 1103 4893 sceleratis
1145 4836 1401 4891 omnibus
1433 4836 1728 4893 admodum
1760 4855 1962 4895 conve-

381 4926 565 4983 nieu'te
610 4927 767 4995 loco,
807 4928 1117 4999 aequissima
1162 4928 1255 4984 Dei
1303 4929 1655 4999 praepotentis
1693 4932 1963 4987 sententia

376 5018 697 5093 judicioque
726 5020 1124 5074 commutavit:
1146 5036 1307 5091 quem
1332 5021 1513 5075 locum
1547 5022 1745 5078 divinae
1769 5023 1965 5079 litterze

380 5113 641 5187 abyssum
676 5128 740 5169 ac
767 5113 1022 5168 tenebras
1069 5113 1340 5183 appellare
1380 5114 1593 5180 solent,
1632 5131 1739 5170 non
1779 5117 1962 5186 qualia

380 5217 564 5261 tamen
599 5214 830 5276 utraque
876 5206 1019 5276 apud
1063 5221 1164 5261 nos
1210 5206 1574 5277 appellatione
1607 5207 1958 5274 denotantur,

381 5296 478 5352 sed
510 5297 817 5367 ejusmodi,
870 5314 992 5369 quae
1039 5297 1283 5353 divinum
1327 5298 1612 5354 oraculum
1642 5299 1749 5356 hac
1784 5300 1964 5355 nomi-

382 5402 514 5442 num
550 5389 907 5447 similitudine
936 5399 1305 5460 repraesentat.
1338 5388 1461 5458 Quo
1486 5406 1552 5445 ex
1580 5405 1810 5446 numero
1837 5407 1963 5462 pars

380 5481 650 5549 quaepiam
682 5482 901 5553 exigua,
951 5499 1073 5553 quae
1097 5483 1313 5555 pietatis
1358 5484 1577 5539 athletis
1617 5485 1843 5539 materia
1870 5501 1960 5541 se-

382 5584 585 5639 gesque
612 5571 830 5629 virtutis
859 5584 1026 5643 esset,
1050 5576 1195 5632 circa
1225 5583 1400 5632 terras
1418 5616 1436 5644 ,
1466 5574 1704 5647 lunaque
1730 5574 1957 5633 inferio-

454 5721 499 5756 “
516 5721 624 5779 lsa.
643 5738 753 5782 ιιν.

2064 4557 2132 4628 χύ
2151 4576 2205 4611 τι
2234 4561 2328 4614 καὶ⁹
2359 4562 2555 4633 μικρὸν
2608 4563 2970 4635 ἀπόσπασμα,
3002 4567 3307 4636 γυμνασίου
3337 4568 3500 4640 χάριν
3543 4571 3657 4626 τῶν

2064 4651 2345 4717 εὐσεϐείας
2389 4653 2637 4725 ἀθλητῶν
2673 4656 2818 4727 ἀμφὶ
2876 4657 2980 4728 γῆν
3014 4658 3109 4711 καὶ
3161 4659 3251 4713 τὸν
3277 4660 3384 4713 ὑπὸ
3421 4661 3657 4733 σελήνην

2063 4747 2223 4817 ἀέρα,
2247 4745 2628 4817 καταλειφθὲν,
2658 4747 2759 4818 τῆς
2789 4750 2846 4802 ἐν
2874 4748 3181 4820 ἀνθρώποις
3214 4749 3476 4804 πολυθέου
3517 4753 3658 4808 πλά-

2063 4857 2161 4910 νης
2184 4840 2307 4893 κατ’
2333 4839 2486 4893 οὐδὲν
2511 4839 2801 4911 ἀθεότητος
2826 4841 3188 4914 διαφερούσης
3243 4845 3514 4899 συναίτιον
3553 4847 3655 4914 γέ-

2061 4950 2208 5002 γονε.
2227 4933 2474 4987 Τέθειται
2500 4932 2558 4987 δὲ
2578 4934 2674 4987 καὶ
2693 4934 2903 5000 τούτοις
2922 4937 2956 5007 ἡ
2974 4934 3093 4990 θεία
3122 4937 3162 4989 Γ
3166 4938 3317 5009 ραφὴ
3349 4942 3655 5009 προσφυεῖς

2061 5025 2162 5090 τὰς
2196 5025 2585 5097 προσηγορίας,
2610 5026 2941 5098 γυμνότερον
2966 5028 3085 5099 μὲν,
3112 5029 3203 5082 ὅτε
3235 5029 3526 5101 πνεύματα
3548 5049 3654 5084 που

2062 5117 2203 5191 νηρά
2231 5118 2326 5172 καὶ
2354 5117 2632 5189 δαίμονας,
2665 5119 2839 5190 ἀρχάς
2870 5136 2931 5173 τε
2960 5122 3057 5175 καὶ
3109 5121 3386 5186 ἐξουσίας,
3424 5122 3523 5177 καὶ
3551 5139 3651 5178 ιω-

2065 5210 2465 5283 σμοκράτορας,
2490 5212 2586 5265 καὶ
2605 5212 2949 5281 πνευματικά
3001 5214 3266 5285 πονηρίας
3295 5215 3632 5287 ἐπονομάζει

2066 5302 2408 5374 συμϐολικῶς
2432 5303 2509 5368 δὲ,
2535 5304 2625 5356 ὅτε
2672 5303 2763 5357 τὸν
2793 5303 3013 5376 θεοφιλῆ
3049 5307 3314 5379 παρορμᾷ
3368 5307 3535 5378 μηδὲν
3562 5308 3654 5362 δι·-

2062 5394 2334 5451 δξττεσθαι
2367 5395 2428 5449 τὸ
2454 5396 2562 5450 τῶν
2593 5395 2865 5467 πολεμίων
2913 5396 3184 5468 δαιμόνων
3224 5401 3430 5468 στῖφος,
3481 5400 3551 5454 δι’
3575 5394 3655 5455 ὧν

2065 5505 2249 5559 φησιν·
2269 5508 2288 5540 ι
2323 5489 2440 5543 Ἐπ’
2458 5488 2660 5543 ἀσπίδα
2678 5488 2772 5543 καὶ
2803 5487 3118 5559 βασιλίσκον
3146 5491 3407 5563 ἐπιϐήση,
3433 5494 3530 5547 καὶ
3558 5511 3655 5548 κα-

2062 5581 2398 5654 ταπατήσεις
2426 5580 2613 5638 λέοντα
2640 5583 2734 5639 καὶ
2762 5582 3084 5655 δράκοντα.»
3116 5585 3324 5656 Δεῖγμα
3356 5583 3415 5640 δὲ
3442 5585 3659 5643 τούτων
