3856 6224
362 316 470 374 859

1010 313 1280 372 EUSEBII
1329 311 1804 371 (ΖίΕΞΑιὶΙΕΝΒΙΒ
1845 312 1938 369 0Ρῖ

2041 311 2224 369 PARS
2259 311 2325 368 ll.
2369 345 2438 358 —-
2477 313 2990 371 APOLOGETICA.

3526 313 3632 366 560

352 444 510 499 catae.
547 435 770 507 dignum
807 435 855 489 ei
885 435 1191 502 conjunctis
1222 449 1445 489 voctous
1497 433 1758 505 hymnum
1791 436 1933 489 cele-

2041 435 2159 504 γῆς,
2189 435 2284 488 καὶ
2311 435 2512 489 ἔπλασε
2531 435 2623 488 τὸν
2649 436 2949 507 ἄνθρωπον,
2975 437 3070 488 καὶ
3099 433 3428 505 ἐνεφύσησεν
3452 433 3530 495 εἰς
3571 437 3632 488 τὸ

357 527 599 582 ln'arent.
653 526 833 592 Atque
867 526 938 579 ita
975 525 1172 582 divinae
1199 525 1389 579 littera:
1420 525 1748 595 loquuntur:
1787 545 1806 577 ι
1849 525 1941 581 Di-

355 621 439 674 xit
475 633 693 690 quoque
723 617 886 682 Deus,
915 617 1207 673 Faciamus
1253 618 1527 672 hominem
1554 617 1619 672 ad
1647 617 1940 688 imaginem

354 717 412 763 et
444 708 851 763 similitudinem
880 718 1144 763 nostram.
1215 706 1280 762 Et
1301 707 1428 762 fecit
1449 706 1590 762 Deus
1618 707 1894 762 hominem
1925 727 1939 763 :
1968 752 1976 761 .

2043 524 2335 595 πρόσωπον
2359 525 2524 577 αὐτοῦ
2550 526 2717 596 πνοὴν
2741 525 2907 596 ζωῆς,
2925 525 3020 578 καί⁵
3049 525 3266 592 ἐγένετο
3290 526 3318 576 ό
3347 522 3632 594 ἄνθρωπος

2041 619 2121 680 εἰς
2145 617 2323 687 ψυχὴν
2349 611 2581 680 ζῶσαν.»
2611 619 2722 671 Καὶ
2734 617 2907 671 ταῦτα
2950 617 3009 671 δὲ
3034 615 3193 670 πάλιν
3217 617 3246 668 ό
3275 614 3520 686 Ἐϐραῖος
3541 615 3633 686 ἐρ-

2047 707 2267 780 μηνεύει
2291 709 2484 777 Φίλων,
2513 711 2633 773 ταῖς
2654 709 2991 774 ἐκτεθείσαις
3017 707 3182 762 αὑτοῦ
3209 709 3412 778 φωναῖς
3431 707 3512 761 ἐτι
3535 707 3633 760 καὶ

354 797 424 851 ad
453 796 742 865 imaginem
773 797 865 852 Dei
903 797 1029 852 fecit
1056 813 1180 854 eum
1208 797 1280 851 °°.
1314 816 1332 850 ι
1360 795 1425 850 Ει
1455 812 1682 860 rursus,
1719 816 1738 848 ‹
1771 797 1938 853 Acce-

2042 801 2168 856 τάδε
2193 801 2482 872 ἐπιλέγων.

354 886 542 957 pitque
571 890 725 959 331
763 878 908 946 Deus
957 891 1234 960 pulverem
1289 899 1480 954 terraa,
1543 899 1598 945 et
1660 889 1916 945 formavit
1977 891 2274 961 hominem,
2322 903 2377 950 et
2427 895 2714 965 inspiravit
2765 895 2821 950 in
2872 893 3066 952 faciem
3119 895 3239 966 ejus
3296 891 3633 965 spiraculum

354 978 518 1042 vitm,
555 989 609 1035 et
633 976 810 1033 factus
841 989 924 1034 est
953 983 1116 1037 homo
1158 982 1212 1036 in
1259 983 1498 1036 animam
1549 982 1820 1038 viventem
1855 981 1923 1035 ⁸⁷.
1961 1001 1979 1034 ι
2022 981 2156 1050 Quae
2215 985 2434 1058 quidem
2468 984 2729 1042 Hebraeus
2767 1001 2988 1056 quoque
3027 985 3184 1041 Philo
3212 986 3342 1041 dum
3373 984 3631 1054 explicat,

364 1071 483 1127 haec
506 1075 757 1143 superius
788 1075 1018 1132 laudatis
1047 1076 1211 1131 verba
1238 1077 1542 1148 subjungit.

925 1188 1153 1245 CAPUT
1193 1188 1379 1246 XVIII.

725 1280 966 1336 Philonis
991 1283 1053 1337 de
1081 1284 1258 1336 animo
1285 1283 1567 1336 sententia.

435 1391 454 1424 ι
487 1372 679 1428 Caeteri
723 1375 964 1444 quidem,
1019 1375 1199 1445 inquit
1244 1375 1366 1440 ille,
1415 1385 1650 1431 mentem
1697 1386 1939 1432 nostram

354 1465 596 1520 aetheriae
640 1475 848 1521 natura;
894 1466 1216 1536 particulam
1257 1467 1620 1536 appellantes,
1661 1467 1936 1522 hominem

353 1572 480 1611 cum
510 1557 711 1613 aethere
735 1559 1059 1629 cognatione
1080 1559 1331 1629 junctum
1355 1574 1474 1614 esse
1503 1559 1810 1615 voluerunt.
1871 1561 1940 1614 At

353 1663 588 1719 magnus
627 1649 716 1704 ille
749 1649 926 1705 Moses
968 1650 1137 1704 animi
1187 1650 1398 1704 ratione
1446 1649 1654 1719 praediti
1700 1649 1934 1720 speciem

2569 1184 2964 1238 ΚΕΦΑΛᾹΙΟΝ
3007 1185 3116 1238 IH’.
3133 1192 3139 1198 ‘

2489 1273 2756 1339 Φίλωνος
2787 1273 2920 1342 περὶ
2958 1272 3187 1343 ⁴ιίωχῆς.

2089 1386 2108 1419 ι
2133 1366 2271 1420 Ἀλλ’
2295 1368 2344 1420 οἰ
2377 1367 2474 1438 μὲν
2500 1365 2671 1430 ἄλλοι,
2699 1366 2799 1437 τῆς
2819 1366 3058 1438 αἰθερίου
3083 1368 3297 1438 φύσεως
3315 1369 3405 1422 τὸν
3430 1367 3633 1440 ἡμέτε-

2047 1479 2140 1533 ρον
2165 1459 2290 1514 νοῦν
2317 1462 2511 1532 μοῖραν
2555 1458 2798 1522 εἰπόντες
2846 1454 3003 1522 εἶναι,
3053 1459 3370 1529 συγγένειαν
3409 1461 3502 1514 τοῦ
3531 1463 3631 1516 ἀνε-

2043 1550 2262 1623 θρώπου
2288 1550 2424 1622 πρὸς
2447 1549 2640 1622 αἰθέρα
2661 1548 2922 1618 συνῆψαν·
2953 1551 2982 1602 ό
3006 1549 3063 1602 δὲ
3086 1549 3258 1620 μέγας
3274 1551 3512 1622 Μωῦσῆς
3539 1551 3633 1606 ού-

2040 1643 2152 1698 δενὶ
2200 1642 2308 1697 τῶν
2352 1641 2653 1710 γεγονότων
2708 1641 2810 1712 τῆς
2875 1640 3101 1711 λογικῆς
3147 1641 3327 1712 ψυχῆς
3377 1642 3438 1694 τὸ
3490 1639 3632 1705 εἶδος

352 1756 464 1795 non
491 1741 602 1811 jam
629 1751 947 1796 caeterarum
981 1751 1356 1797 creaturarum
1383 1743 1477 1796 ulli
1518 1743 1751 1797 similem
1784 1742 1933 1810 fecit,

2041 1736 2336 1806 ὼμοίωσεν,
2363 1733 2477 1787 ἀλλ’
2523 1730 2678 1787 εἶπεν
2725 1733 2894 1804 αὐτὴν
2937 1733 3031 1786 τοῦ
3066 1733 3210 1786 θείου
3257 1735 3352 1788 καὶ
3397 1735 3632 1805 ἀοράτου

352 1832 449 1888 sed
479 1834 660 1903 potius
689 1832 879 1896 divini,
905 1848 1239 1903 sensumque
1274 1833 1532 1904 fugientis
1557 1835 1780 1904 spiritus
1810 1851 1939 1905 pro-

351 1924 484 1981 bum
516 1926 804 1996 quemdam
839 1941 960 1981 esse
984 1931 1268 1981 nummum
1295 1928 1568 1992 asseruit,
1615 1927 1710 1984 Dei
1759 1929 1938 1998 sigillo

353 2016 712 2073 informatum
754 2027 916 2086 atque
962 2016 1274 2088 signatum,
1323 2018 1484 2088 cujus
1512 2035 1620 2074 non
1657 2020 1939 2075 character

354 2108 518 2172 alius,
541 2121 706 2177 quam
735 2108 1063 2177 sempiterna
1091 2109 1231 2162 ratio
1255 2109 1342 2164 sit.
1385 2107 1704 2180 (inspiravit
1768 2111 1935 2176 enim,

359 2195 574 2268 inquit,
628 2196 773 2251 Deus
816 2198 871 2251 in
926 2197 1119 2254 faciem
1166 2199 1286 2269 ejus
1320 2200 1652 2269 spiraculum
1702 2200 1855 2265 vitae,
1886 2211 1940 2256 et

353 2288 534 2343 factus
567 2297 652 2342 est
684 2287 850 2341 homo
884 2289 938 2342 in
969 2290 1206 2343 animam
1237 2290 1526 2345 viventem.
1571 2311 1588 2342 ι
1628 2290 1814 2361 itaque
1843 2308 1938 2345 ne-

355 2393 512 2435 cesse
561 2377 686 2446 fuit,
728 2379 824 2449 qui
888 2380 1132 2449 spiritum
1178 2381 1330 2435 illum
1357 2381 1648 2452 exciperet,
1692 2384 1812 2453 ejus
1843 2384 1936 2453 qui

357 2472 673 2543 inspiraret,
703 2472 1111 2528 similitudinem
1143 2474 1376 2540 referre;
1423 2489 1486 2529 ac
1513 2484 1795 2544 propterea
1831 2491 1934 2530 non

357 2565 425 2620 ad
457 2565 620 2619 ullius
647 2573 928 2628 creaturae,
973 2567 1065 2620 sed
1098 2565 1188 2619 Dei
1221 2567 1382 2620 unius
1413 2567 1703 2637 imaginem
1765 2567 1939 2621 factus

356 2655 527 2711 homo
553 2655 776 2710 dicitur.
812 2655 912 2721 Ita,
943 2672 1068 2711 cum
1095 2657 1310 2712 animus
1339 2658 1578 2713 hominis
1603 2657 1670 2712 ad
1700 2658 1936 2728 primum

355 2753 489 2810 illud
514 2758 756 2810 auctoris
789 2755 872 2810 sui
906 2755 1141 2808 rationis
1178 2753 1454 2824 exemplar
1479 2751 1857 2809 conformatus
1885 2762 1940 2808 et

356 2859 651 2915 expressus
683 2852 848 2912 esset,
895 2844 1016 2914 ejus
1063 2845 1227 2899 etiam
1276 2859 1475 2913 corpus
1521 2853 1763 2900 erectum
1794 2858 1936 2909 esse,

353 2937 680 3006 vultumque
723 2952 883 2992 suum
931 2937 984 2990 in
1025 2936 1223 2991 cwlum
1244 2975 1260 3001 ,
1290 2951 1412 3004 quae
1436 2951 1562 3004 pars
1587 2944 1669 2988 est
1697 2934 1938 2990 universi

355 3029 673 3100 purissima,
707 3043 1032 3083 conversum
1059 3028 1257 3082 habere
1282 3027 1574 3097 oportuit.»
1614 3025 1738 3083 Haec
1759 3026 1933 3084 Philo.

355 3122 536 3190 Atque
563 3120 839 3174 hominem
868 3134 999 3174 sane
1022 3119 1204 3172 divina
1231 3118 1534 3188 Scriptura,
1566 3135 1675 3174 non
1713 3130 1936 3175 caetero-

357 3225 482 3265 rum
509 3209 870 3263 animantium
901 3222 1054 3262 more
1082 3217 1259 3262 satum
1289 3223 1440 3274 esse,
1465 3208 1590 3278 jure
1637 3209 1941 3278 meritoque

357 3300 696 3372 pronuntiat.
751 3297 1012 3368 Reliquas
1061 3299 1206 3354 enim
1237 3313 1424 3354 omnes
1451 3299 1648 3369 partim
1679 3316 1744 3355 ex
1772 3309 1938 3365 terra,

360 3391 458 3446 Dei
503 3391 854 3462 praepotentis
893 3390 1052 3460 jussu
1104 3390 1392 3460 prodiisse,
1442 3392 1636 3461 partim
1693 3391 1938 3462 ejusdem

359 3482 596 3539 Numine
649 3497 714 3537 ex
756 3482 1027 3536 elemento
1074 3481 1367 3536 humidiori
1435 3483 1720 3550 evolasse;
1773 3493 1828 3539 at
1873 3500 1940 3539 ex

359 3575 653 3640 omnibus,
701 3589 824 3643 quae
875 3573 928 3627 in
983 3582 1124 3627 terra
1179 3585 1503 3640 versantur,
1545 3575 1938 3643 animantibus,

358 3681 529 3721 unum
558 3667 717 3736 longe
749 3664 860 3720 Deo
893 3665 1297 3729 charissimum,
1328 3681 1450 3733 nos,
1486 3667 1729 3737 inquam,
1771 3668 1938 3738 ipsos,

357 3757 426 3813 ad
452 3757 742 3826 imaginem
769 3773 834 3813 ac
866 3757 1279 3813 similitudinem
1315 3757 1406 3813 Dei
1449 3770 1766 3829 procreatos
1819 3761 1940 3814 aui-

357 3865 560 3920 moque
594 3848 850 3918 praeditos
888 3848 1059 3905 fuisse
1107 3868 1120 3904 :
1173 3850 1428 3920 quocirca
1459 3853 1757 3922 principem
1789 3852 1843 3907 in
1868 3867 1940 3908 eo

356 3943 650 4014 quamdam
695 3943 918 4013 agnosci
970 3943 1284 4012 regiamque
1337 3953 1621 4010 naturam,
1674 3954 1837 4014 atque
1883 3945 1938 3999 in

355 4035 522 4091 terris
549 4049 670 4090 esse
695 4051 865 4090 unum
895 4075 909 4097 ,
945 4035 1040 4106 qui
1071 4036 1453 4103 ratiocinandi,
1483 4035 1818 4104 fabricandi,
1849 4039 1940 4108 ju-

357 4125 609 4192 dicandi,
656 4127 802 4197 leges
850 4125 1092 4192 ferendi,
1138 4137 1284 4182 artes
1330 4128 1716 4198 doctrinasque
1763 4131 1939 4200 perci-

359 4218 541 4289 piendi
569 4218 679 4273 vim
710 4217 922 4273 habeat.
955 4216 1144 4273 Solum
1168 4219 1312 4274 enim
1346 4220 1498 4274 illum
1528 4222 1789 4287 animam,
1817 4237 1940 4291 qua:

362 4310 625 4378 spiritalis
675 4308 746 4364 sit
793 4309 1206 4380 intelligensque
1233 4320 1452 4376 natura,
1505 4314 1762 4366 sortitum
1793 4329 1934 4380 esse,

2039 1828 2357 1899 Πνεύματος
2383 1827 2595 1881 ἐκείνου
2623 1826 2844 1897 δόκιμον
2869 1823 3008 1879 εἶναι
3036 1826 3297 1897 νόμισμα,
3323 1827 3630 1898 σημειωθὲν

2037 1927 2132 1976 καὶ
2152 1921 2402 1975 τυπωθὲν
2430 1921 2683 1992 σφραγῖδι
2730 1919 2887 1984 Θεοῦ,
2915 1914 2984 1991 ἦς
3016 1921 3044 1973 ὁ
3091 1920 3382 1992 χαρακτήρ
3411 1921 3556 1973 ἐστιν
3597 1922 3631 1976 ό

2037 2013 2204 2078 ἀΐδιος
2229 2013 2418 2083 Λόγος.
2455 2031 2475 2064 ‹
2528 2012 2842 2066 Ἑνέπνευσε
2907 2012 3036 2082 γὰρ,
3087 2013 3270 2084 φησὶν,
3317 2015 3345 2066 ό
3391 2012 3523 2077 Θεὸς
3549 2013 3632 2078 εἰς

2037 2107 2100 2160 τὸ
2122 2107 2414 2178 πρόσωπον
2438 2103 2604 2160 αὐτοῦ
2636 2106 2805 2175 πνοὴν
2831 2105 2995 2176 ζωῆς,
3041 2105 3135 2158 καὶ
3163 2106 3378 2174 ἐγένετο
3414 2104 3631 2176 ἀνθρω-

2041 2215 2142 2262 πος
2172 2199 2253 2261 εἰς
2279 2197 2458 2268 ψυχὴν
2492 2196 2726 2261 ζῶσαν.»
2761 2197 2924 2248 Ὥστε
2983 2195 3197 2267 ἀνάγκη
3236 2197 3372 2267 πρὸς
3414 2197 3506 2250 τὸν
3535 2198 3632 2249 ἐκ-

2039 2290 2325 2360 πέμποντα
2351 2301 2376 2330 ι
2402 2289 2492 2342 τὸν
2517 2289 2804 2360 δεχόμενον
2827 2287 3286 2352 ἀπεικονίζεσθαι·
3319 2288 3400 2342 διὸ
3425 2290 3520 2342 καὶ
3543 2288 3632 2342 λέ-

2038 2399 2194 2450 γεται
2231 2383 2351 2435 κατ’
2375 2381 2560 2436 εἰκόνα
2588 2381 2724 2437 Θεοῦ
2775 2381 2867 2434 τὸν
2918 2377 3204 2451 ἄνθρωπον
3257 2382 3529 2450 γενέσθαι,
3563 2382 3628 2434 ού

2043 2473 2150 2544 μὴν
2190 2475 2310 2526 κατ’
2334 2474 2519 2527 εἰκόνα
2564 2473 2710 2537 τινὸς
2762 2473 2873 2526 τῶν
2925 2473 3246 2542 γεγονότων.
3315 2473 3628 2527 Ἀκόλουθον

2037 2560 2130 2618 οὖν
2158 2560 2226 2635 ἦν
2259 2566 2356 2636 τῆς
2383 2564 2668 2636 ἀνθρώπου
2689 2564 2890 2636 ψυχῆς,
2919 2564 3060 2618 κατά
3081 2565 3171 2618 τὸν
3205 2564 3508 2636 ἀρχέτυπον
3530 2562 3629 2618 τοῦ

2039 2660 2213 2715 αἰτίου
2238 2659 2394 2727 λόγον
2418 2659 2907 2729 ἀπεικονισθείσης,
2924 2659 3020 2711 καὶ
3042 2659 3103 2712 τὸ
3131 2658 3290 2728 σῶμα
3315 2657 3626 2728 ἀνεγερθέν,

2039 2753 2178 2824 πρὸς
2202 2751 2299 2822 τὴν
2324 2751 2720 2822 καθαρωτάτην
2752 2751 2845 2805 τοῦ
2893 2750 3096 2814 παντὸς
3135 2753 3348 2822 μοῖραν,
3377 2750 3627 2820 οὐρανὸν,

2037 2844 2136 2907 τάς
2170 2843 2320 2912 ὄψεις
2344 2843 2674 2897 ἀνατεῖναι.»
2707 2843 2894 2897 Ταῦτα
2918 2843 3016 2914 μὲν
3047 2838 3214 2906 οὗτος.
3236 2842 3471 2906 Εἰκότως
3491 2842 3634 2908 δῆτα.

2039 2937 2134 2990 καὶ
2162 2940 2195 3007 ἡ
2221 2936 2342 2990 θεία
2372 2935 2561 3008 Γραφὴ
2587 2937 2685 3007 οὐχ
2708 2936 2784 2999 ὡς
2811 2935 2879 2990 τά
2907 2934 3071 2988 λοιπά
3094 2934 3209 2999 ζῶα
3231 2933 3510 3002 γεγονέναι
3535 2932 3631 2985 τὸν

2041 3030 2324 3101 ἄνθρωπόν
2351 3045 2502 3100 φησι·
2544 3027 2614 3081 τά
2672 3028 2770 3099 μὲν
2800 3026 2909 3099 γάρ
2933 3026 3040 3081 ἀπὸ
3070 3027 3172 3097 γῆς
3221 3025 3525 3098 προελθεῖν,
3547 3025 3632 3077 ἐνὶ

2040 3121 2372 3193 κελεύσματι
2425 3119 2520 3174 τοῦ
2567 3119 2956 3190 παμϐασιλέως
2993 3117 3149 3171 Θεοῦ·
3197 3117 3268 3170 τά
3337 3116 3384 3170 δ’
3410 3118 3472 3169 ἐκ
3515 3117 3619 3188 τῆς

2042 3215 2214 3286 ὑγρᾶς
2235 3215 2422 3277 οὐσίας
2448 3213 2752 3284 ἀναπτῆναι
2782 3211 2942 3265 πάλιν
2982 3208 3147 3262 αὐτοῦ
3183 3208 3432 3279 νεύματι·
3470 3208 3633 3278 μόνον

2040 3307 2095 3363 δὲ
2121 3307 2228 3359 τῶν
2256 3307 2348 3359 ἐπὶ
2372 3306 2473 3376 γῆς
2501 3303 2655 3368 ζώων
2683 3303 2746 3357 τὸ
2773 3303 3205 3372 θεοφιλέστατον,
3237 3303 3384 3373 ἡμᾶς
3406 3302 3632 3367 αὐτοὺς,

2042 3400 2161 3452 κατ’
2186 3397 2370 3450 εἰκόνα
2395 3395 2530 3449 Θεοῦ
2561 3397 2654 3448 καὶ
2683 3394 2804 3448 καθ’
2838 3393 3097 3466 ὁμοίωσιν
3120 3394 3220 3464 τὴν
3242 3393 3421 3464 ψυχὴν
3469 3410 3632 3463 γεγο-

2043 3489 2213 3550 νέναι,
2238 3489 2373 3559 πρὸς
2397 3489 2424 3541 ὃ
2451 3489 2546 3542 καὶ
2577 3487 2808 3558 ὁρᾶσθαι
2829 3485 3056 3557 ἀρχικὸν
3081 3485 3175 3538 καὶ
3201 3484 3478 3554 βασιλικὸν
3528 3485 3632 3553 τὴν

2042 3581 2223 3650 φύσιν,
2249 3581 2406 3653 μόνον
2438 3599 2496 3634 τε
2521 3580 2630 3634 τῶν
2655 3579 2749 3633 ἐπὶ
2781 3579 2885 3649 γῆς
2917 3574 3054 3632 εἶναι
3106 3577 3344 3646 λογικὸν,
3385 3578 3481 3631 καὶ
3537 3576 3632 3647 δη-

2045 3673 2382 3744 μιουργικὸν,
2419 3673 2513 3726 καὶ
2539 3671 2802 3742 κριτικὸν,
2829 3671 2921 3724 καί
2945 3669 3314 3740 νομοθετικόν,
3342 3668 3546 3738 τεχνῶν
3568 3684 3630 3719 τε

2041 3765 2136 3817 καὶ
2165 3763 2482 3835 ἐπιστημῶν
2515 3763 2943 3834 καταληπτικόν.
2992 3759 3142 3815 Εἶναι
3174 3760 3282 3833 γάρ
3331 3761 3499 3832 μόνην
3528 3760 3631 3828 τὴν

2041 3855 2100 3907 ἐν
2123 3853 2392 3926 ἀνθρώπῳ
2421 3853 2620 3924 ψυχὴν,
2659 3852 2852 3923 νοεράν
2914 3851 3008 3905 καὶ
3056 3851 3278 3921 λογικὴν
3322 3849 3530 3912 οὐσίαν,
3560 3844 3627 3919 ἧς

2045 3947 2119 4016 μὴ
2154 3947 2396 4017 μετεῖναι
2418 3947 2529 4008 τοῖς
2561 3943 2740 4008 ἄλλοις
2782 3947 2874 3998 ἐπὶ
2919 3945 3022 4016 γῆς
3063 3943 3240 4008 ζώοις.
3291 3940 3384 3994 Διὸ
3428 3939 3499 3993 τά
3528 3941 3630 4010 μὲν

2041 4038 2309 4110 θητεύειν,
2337 4038 2430 4091 καὶ
2455 4036 2638 4109 χώραν
2663 4036 2892 4092 οἰκετῶν
2924 4030 3183 4108 παρέχειν
3216 4033 3506 4105 ἀνθρώπῳ·
3535 4032 3628 4085 τὸν

2039 4130 2117 4194 δὲ,
2144 4125 2232 4183 οἷα
2257 4129 2523 4200 δεσπότην
2553 4129 2647 4192 καὶ
2694 4128 2959 4199 ἡγεμόνα,
2983 4124 3319 4180 δουλοῦσθαι·
3368 4125 3461 4177 καί
3490 4124 3628 4175 ὑπο-

2038 4223 2253 4276 τάττειν
2276 4219 2344 4274 τά
2363 4220 2520 4292 ῥώμῃ
2553 4221 2651 4291 μὲν
2676 4220 2929 4290 σώματος
2957 4217 3088 4272 πολὺ
3112 4217 3416 4290 κρείττονα,
3438 4215 3631 4285 μείονα

2037 4310 2096 4366 δὲ
2119 4313 2186 4382 τῇ
2219 4309 2362 4364 κατὰ
2385 4311 2482 4382 τὴν
2506 4311 2700 4382 νοεράν
2746 4310 2934 4363 οὐσίαν
2959 4311 3232 4380 στερήσει.
3272 4307 3475 4362 Τοῦτον
3527 4307 3630 4374 μὲν

361 4401 522 4471 cujus
566 4401 617 4454 in
648 4400 986 4455 consortium
1019 4417 1084 4456 ex
1121 4403 1466 4457 terrestribus
1491 4403 1613 4458 aliis
1642 4404 1937 4460 animanti-

2041 4397 2134 4455 οῦν
2161 4403 2280 4455 κατ’
2307 4403 2490 4456 εἰκόνα
2512 4403 2644 4472 φασί
2666 4401 2801 4455 Θεοῦ
2827 4402 2920 4454 καὶ
2945 4401 3065 4454 καθ’
3093 4399 3348 4471 ὁμοίωσιν
3373 4400 3508 4471 πρὸς
3532 4399 3633 4451 αὐ-

361 4487 468 4542 bus
501 4487 645 4541 nulla
671 4488 894 4542 omnino
918 4490 1145 4544 venerit.
1177 4488 1358 4557 Quare
1383 4501 1631 4556 caeteras,
1648 4509 1937 4563 Operarum

2041 4492 2136 4547 τοῦ
2158 4493 2252 4547 τοῦ
2277 4493 2411 4548 Θεοῦ
2440 4495 2577 4566 μετά
2602 4511 2746 4558 τινος
2789 4494 3152 4564 διαφερούσης
3191 4491 3466 4563 ὑπεροχῆς
3489 4492 3628 4543 ὐπο-

360 4581 724 4649 quarumdam
765 4590 820 4636 et
862 4579 1193 4636 famulorum
1243 4584 1451 4649 instar,
1505 4585 1711 4640 homini
1745 4598 1938 4657 praesto

2041 4585 2254 4655 στῆναι.
2302 4585 2395 4639 Διὸ
2440 4587 2534 4640 καὶ
2575 4585 2710 4638 Θεοῦ
2746 4585 2953 4648 ἐννοίας
2991 4586 3073 4648 εἰς
3128 4583 3429 4654 φαντασίας
3465 4581 3628 4646 ἰέναι,

361 4686 515 4737 esse;
562 4671 709 4726 hunc
761 4688 890 4727 vero
933 4682 1192 4742 tanquam
1243 4674 1406 4745 332
1457 4676 1742 4732 dominum
1778 4689 1938 4751 atque

2042 4676 2232 4746 σοφίας
2256 4693 2316 4729 τε
2343 4677 2436 4730 καὶ
2457 4675 2820 4746 δικαιοσύνης,
2845 4676 2939 4729 καὶ
2964 4675 3147 4746 πάσης
3177 4672 3376 4745 ἀρετῆς
3403 4671 3629 4743 ἀντιλή-

361 4765 593 4830 ducem,
641 4766 856 4820 easdem
904 4765 1170 4820 industria
1205 4766 1428 4823 domare
1459 4778 1622 4840 atque
1666 4773 1939 4842 subigere,

363 4865 428 4910 ut
449 4856 693 4926 corporis
723 4857 882 4926 longe
918 4857 1129 4912 viribus
1165 4858 1498 4926 superiores,
1531 4861 1611 4915 sic
1641 4863 1712 4916 ob
1739 4862 1939 4918 intelli-

366 4949 544 5018 gentis
579 4956 787 5003 natura:
812 4946 1164 5018 privationem
1193 4949 1496 5006 inferiores.
1533 4950 1688 5006 illum
1713 4967 1841 5023 ergo
1873 4953 1940 5009 ad

365 5040 660 5111 imaginem
695 5054 758 5094 ac
779 5039 1188 5096 similitudinem
1213 5039 1329 5106 Dei,
1375 5042 1444 5096 ab
1471 5057 1536 5097 eo
1564 5043 1703 5112 ipso,
1756 5045 1943 5114 sing“-

368 5132 472 5190 lari
493 5132 726 5203 quodam
759 5141 812 5187 et
835 5131 1054 5201 proprio
1081 5132 1358 5202 dignitatis
1381 5136 1818 5206 excellentimqne
1845 5153 1940 5205 ge.

370 5237 502 5278 nere
545 5233 889 5293 procreatum
937 5238 1095 5289 esse,
1149 5225 1331 5278 divina
1378 5234 1648 5280 testantur
1697 5229 1938 5283 oracula.

371 5311 505 5367 Eam
533 5314 603 5369 ob
629 5330 742 5370 rem
779 5315 956 5384 ipsum
1003 5323 1056 5369 et
1094 5315 1420 5382 cogitatione
1452 5315 1546 5370 Dei
1577 5318 1827 5374 notiones
1856 5319 1939 5374 in-

372 5403 631 5471 formare,
659 5416 712 5462 et
739 5407 1036 5478 sapientia),
1063 5406 1322 5476 justitizze,
1353 5407 1800 5480 reliquarumque
1827 5412 1939 5465 vir-

374 5503 549 5550 tutum
583 5499 820 5553 rationes
845 5499 1062 5569 vimque
1084 5499 1363 5569 percipere
1392 5519 1405 5555 :
1437 5501 1568 5557 solis
1595 5501 1747 5569 item,
1799 5505 1943 5559 luna:

377 5589 722 5658 siderumque
747 5607 962 5656 cursus,
994 5591 1309 5654 dierumque
1341 5595 1504 5651 simul
1553 5611 1617 5652 ac
1650 5604 1943 5668 tempesta-

454 5678 496 5709 ⁸⁸
525 5677 660 5735 Gen.
693 5693 730 5744 ι,
755 5679 844 5742 26,
875 5677 965 5734 27.
992 5675 1035 5709 ⁸⁷
1064 5674 1197 5737 Gen.
1229 5693 1290 5748 ιι,
1321 5679 1374 5736 7.

451 5771 478 5801 ι
510 5779 617 5827 πα,
647 5760 962 5826 ἐμπνέοντα..

2038 4767 2161 4836 ψεις
2197 4767 2487 4831 ποιεῖσθαι,
2533 4767 2766 4839 δρόμους
2817 4783 2878 4820 τε
2925 4766 3080 4837 ήλίου
3124 4765 3216 4818 καὶ
3253 4763 3501 4835 σελήνης,
3529 4763 3632 4816 καὶ

2041 4859 2280 4930 ἄστρων,
2307 4859 2530 4931 ἡμερῶν
2557 4876 2614 4912 τε
2639 4861 2731 4913 καὶ
2757 4858 2915 4931 ὡρῶν
2939 4859 3171 4922 κύκλους
3192 4856 3629 4928 ἀπαριθμεῖσθαι

2038 4950 2280 5016 δυνατῶς
2306 4952 2471 5022 ἔχειν,
2495 4953 2595 5023 τῆς
2620 4952 2755 5023 πρὸς
2777 4952 2848 5006 τὰ
2873 4951 2985 5005 ἄνω
3010 4951 3326 5020 συγγενείας
3351 4949 3534 5020 χάριν,
3561 4950 3634 5020 ἦν

2041 5042 2252 5114 θνητῶν
2285 5043 2444 5114 μόνος
2482 5043 2768 5114 ἄνθρωπος
2800 5043 3183 5097 ἐπιδείκνυται.
3235 5041 3310 5093 Τὸ
3355 5039 3413 5092 δὲ
3449 5038 3632 5108 τούτῳ

2041 5135 2555 5207 περιπεπλασμὲνον
2595 5135 2794 5199 ἔξωθεν
2855 5133 3166 5206 ἐτερογενὲς
3214 5133 3312 5203 μὲν
3358 5130 3632 5201 ϐπάρχειν

2040 5227 2140 5299 τὴν
2160 5227 2345 5280 οὐσίαν
2369 5227 2462 5282 καὶ
2489 5228 2739 5298 γηγενὲς,
2771 5224 2910 5281 εἶναι
2934 5227 2990 5280 δὲ
3013 5227 3107 5281 καὶ
3133 5226 3264 5279 αὐτὸ
3284 5224 3419 5278 Θεοῦ
3444 5225 3628 5295 ἔργον,

2042 5319 2150 5372 ἀπὸ
2169 5319 2273 5388 γῆς
2298 5317 2523 5390 ληφθὲν,
2553 5322 2648 5373 καὶ
2678 5323 2758 5384 εἰς
2785 5319 2884 5390 τὴν
2925 5319 3096 5390 αὐτὴν
3140 5317 3506 5388 ὑποστρέφον.
3537 5317 3632 5371 Διὸ

2043 5409 2138 5463 καὶ
2169 5410 2366 5481 χρῆναι
2389 5411 2578 5466 τούτου
2615 5412 2715 5482 μὲν
2767 5413 2868 5466 ὃσα
2924 5412 3020 5466 καὶ
3074 5410 3272 5478 ἀλόγου
3310 5409 3633 5480 θρέμματος

2041 5496 2133 5551 τὸν
2155 5497 2422 5570 δεσπότην
2445 5499 2778 5571 ήχθεσμένου
2805 5500 3128 5572 φροντίζειν,
3161 5501 3315 5567 ἄγειν
3336 5516 3396 5551 τε
3435 5500 3634 5570 πρᾴως

2043 5590 2196 5657 αὐτὸ,
2224 5590 2316 5644 καὶ
2349 5592 2568 5664 τρέφειν
2591 5591 2681 5649 οἷα
2703 5593 2906 5662 δοῦλον,
2961 5593 3095 5666 πρὸς
3142 5591 3484 5662 ἀνθρωπείου
3513 5591 3632 5663 βίου
