3856 6224
232 363 331 417 561

1405 350 1727 406 ΡΒᾸΞΡΑΒ.
1766 349 2021 406 EVANG.
2063 348 2190 405 LIB.
2233 347 2342 405 VII.

3401 351 3505 406 562

228 475 506 531 διακονίαν
539 468 599 527 εὖ
635 469 1077 545 προσηνωμένον,
1133 467 1223 521 τὸν
1273 465 1316 521 δ’
1343 466 1474 522 εἵσω
1529 467 1809 537 δεσπότην,

1925 476 2037 523 tum
2070 465 2454 524 conversiones
2481 462 2818 520 numerando
2859 463 3121 535 consequi
3156 478 3347 534 posse;
3380 483 3504 536 qua:

224 567 302 633 ὡς
325 567 392 622 ἂν
425 566 624 636 εὐγενῆ
655 566 746 619 καὶ
798 564 932 617 Θεοῦ
984 563 1220 632 συγγενῆ
1249 559 1432 630 φύσιν,
1483 559 1812 632 ἐλευθερίοις

226 660 451 732 τρόποις
482 661 671 729 τιμᾷν,
720 658 816 711 ἅτε
845 657 940 710 καὶ
968 654 1104 726 πρὸς
1125 653 1220 706 τοῦ
1255 654 1472 708 πάντων
1497 653 1670 706 αίτίου
1721 669 1811 706 τε-

223 751 551 824 τιμημένον.
580 751 743 819 Λέγει
764 750 810 804 δ’
838 744 932 802 οὖν
954 747 1023 801 τά
1049 747 1227 816 λόγια,
1261 745 1336 811 ὡς
1382 747 1492 816 ἀρα
1537 745 1637 816 τὴν
1660 744 1812 816 πρώ-

222 857 327 912 την
359 839 649 912 ἀνθρώπου
677 840 836 908 φύσιν
877 839 1138 909 δυνάμεσι
1190 837 1364 900 θείαις
1414 837 1509 889 καὶ
1558 835 1813 907 ὁμοιώσει

223 931 364 986 Θεοῦ
387 932 672 1002 κοσμήσας
712 931 741 981 ὁ
783 929 1184 1000 παμϐασιλεὺς,
1213 927 1470 998 ἁρμόδιον
1509 923 1590 990 οἷς
1611 925 1814 998 ἐδωρή-

226 1037 382 1084 σατο,
403 1021 503 1092 τὴν
532 1017 754 1091 πρώτην
777 1018 1134 1090 ἀπεκλήρωσε
1161 1016 1440 1089 διατριϐὴν
1465 1014 1558 1070 τοῦ
1587 1016 1724 1086 βίου,
1754 1017 1812 1068 ὲν

226 1111 450 1180 ἀγαθῶν
477 1110 808 1183 παραδείσῳ,
859 1109 1102 1181 χορείαις
1155 1107 1563 1178 συγκαταλέξας
1615 1107 1808 1172 θείαις.

226 1204 340 1256 Καὶ
361 1202 452 1255 τὸν
479 1202 579 1273 μὲν
608 1202 734 1256 τάδε
772 1202 831 1254 ὲν
859 1203 1055 1273 ἀρχαῖς
1085 1195 1172 1254 οἷα
1218 1199 1532 1269 πανάγαθον
1558 1199 1706 1270 αὐτῷ
1727 1201 1812 1255 δε-

223 1293 506 1365 δωρῆσθαι
540 1291 778 1362 Πατέρα·
827 1292 920 1345 τὸν
966 1293 1010 1344 δ’
1061 1290 1402 1361 αὐθεκουσίῳ
1449 1289 1658 1362 αἱρέσει
1702 1289 1811 1343 τῶν

225 1387 552 1456 κρειττόνων
580 1387 898 1449 ἀποπεσεῖν,
926 1385 1019 1438 καὶ
1035 1385 1126 1438 τὸν
1142 1384 1335 1456 θνητὸν
1360 1383 1536 1455 χῶρον
1561 1385 1812 1437 ἀντικατ-

223 1478 572 1543 αλλάξασθαι
595 1477 746 1542 θείας
779 1477 996 1549 ἐντολῆς
1013 1476 1301 1548 ὀλιγωρίᾳ.
1330 1476 1420 1528 Διὸ
1450 1476 1545 1530 καὶ
1579 1476 1811 1546 μάλιστα

221 1573 523 1644 προσήκειν
553 1569 832 1634 εὐσεϐείας
862 1571 921 1623 ἐν
968 1567 1206 1640 πρώτοις
1262 1569 1676 1633 ἀντιποιεῖσθαι,
1718 1571 1811 1623 καὶ

219 1664 284 1716 τὸ
313 1661 543 1734 πρώτως
572 1660 963 1732 πλημμεληθὲν
1016 1660 1291 1729 δευτέροις
1336 1661 1532 1724 αἰσίοις
1577 1661 1811 1732 ἐπιδιορ-

221 1754 471 1818 θοῦσθατ,
514 1753 764 1807 σπεύδειν
784 1770 841 1806 τε
868 1753 960 1806 ἐπὶ
985 1752 1084 1824 τὴν
1115 1752 1224 1805 τῶν
1255 1752 1471 1806 οἰκείων
1501 1753 1810 1824 ἀναδρομήν

1922 559 2107 615 omnia
2133 574 2195 614 ex
2230 559 2437 622 innata,
2473 571 2637 626 quam
2660 570 2726 610 ex
2753 557 2966 612 cunctis
3009 559 3330 614 mortalibus
3363 575 3507 617 unus

1921 651 2089 706 homo
2115 666 2226 722 prae
2251 666 2309 707 se
2335 649 2460 716 fert,
2497 664 2621 704 cum
2650 649 2816 705 rebus
2849 649 2956 705 illis
2994 651 3370 721 superioribus
3393 652 3507 709 alli-

1921 743 2090 800 nitate
2119 743 2386 799 oriantur.
2417 743 2488 798 At
2510 759 2659 807 vero,
2714 744 2859 814 quod
2887 743 3062 799 eidem
3088 744 3324 800 aﬂictnm
3355 757 3507 802 exte-

1919 837 2036 892 rius
2061 852 2126 892 ac
2151 835 2543 892 circumfusum
2571 846 2674 902 est,
2709 836 2933 892 alterius
2963 838 3333 907 essegeneris
3372 839 3506 895 illud

1919 927 2162 999 quidem,
2194 941 2258 982 ac
2281 927 2524 982 terrestri
2543 942 2609 982 ex
2633 926 2777 981 mole
2806 926 3098 982 conﬂatum
3120 946 3134 993 ;
3155 928 3294 982 idem
3322 938 3505 984 tamen

1922 1017 2017 1072 Dei
2054 1017 2374 1087 simpliciter
2404 1031 2543 1087 opus
2568 1032 2719 1083 esse;
2756 1016 2903 1086 quod
2945 1016 3022 1070 uti
3053 1032 3119 1071 ex
3146 1025 3289 1072 terra
3321 1027 3503 1072 satum

1919 1117 2022 1172 est,
2057 1109 2132 1163 ita
2161 1108 2340 1163 denuo
2364 1107 2419 1162 in
2459 1117 2659 1162 terram
2684 1107 3037 1163 dissolvatur.
3080 1105 3267 1177 itaque
3293 1110 3504 1172 homini

1921 1200 2143 1271 perinde
2173 1215 2237 1255 ac
2279 1215 2438 1255 suum
2470 1199 2690 1269 aliquod
2727 1200 2934 1253 ratione
2968 1214 3161 1254 carens
3211 1207 3267 1254 et
3307 1215 3504 1255 onera-

1920 1298 2060 1352 rium
2084 1297 2396 1367 iumentum
2435 1295 2680 1360 domino,
2711 1294 3014 1349 curandum
3059 1294 3189 1350 illud
3219 1311 3360 1362 esse,
3393 1302 3503 1353 tra-

1918 1388 2288 1458 ctandumque
2314 1386 2640 1451 humaniter,
2665 1394 2826 1455 atque
2851 1386 2904 1439 in
2939 1385 3080 1440 servi
3109 1401 3318 1442 morem
3346 1387 3500 1444 alen-

1918 1481 2048 1535 dum
2070 1522 2085 1546 ,
2122 1481 2188 1536 ad
2215 1481 2468 1534 humanas
2496 1479 2619 1534 vitae
2647 1478 2971 1548 obsequium
3002 1478 3196 1535 docilis
3219 1489 3274 1535 et
3301 1481 3500 1551 parati.

1917 1571 1986 1626 At
2035 1570 2318 1627 dominum
2369 1571 2521 1624 illum
2569 1570 2916 1635 interiorem,
2968 1581 3154 1640 utpote
3208 1573 3501 1642 ingenuam

1918 1663 2269 1733 nobilemque
2298 1671 2575 1729 naturam,
2626 1677 2862 1732 cumque
2889 1661 3001 1717 Deo
3031 1663 3150 1733 ipso
3179 1664 3503 1734 cognatione

1917 1753 2290 1824 conjunctam,
2325 1753 2647 1809 liberalibus
2689 1754 2854 1808 etiam
2885 1762 2940 1808 et
2963 1754 3214 1825 ingenuis
3256 1755 3503 1812 moribus

219 1863 282 1899 τε
337 1848 432 1899 καὶ
465 1846 928 1908 ἀποκατάστασιν.
967 1840 1122 1898 Εἶναι
1162 1844 1267 1915 γὰρ
1327 1844 1481 1908 τέλος
1528 1844 1809 1914 ἀνθρώπου

1918 1845 2318 1910 exornandum,
2351 1860 2475 1898 cum
2505 1852 2734 1899 ornatus
2764 1844 2832 1898 ab
2857 1844 3088 1914 ipsemet
3128 1845 3291 1900 etiam
3319 1860 3504 1900 rerum

219 1938 438 2008 φύσεως
457 1941 556 2009 οὐχ
586 1933 687 1992 ὦδε
729 1939 822 1992 ἐπὶ
865 1939 990 2009 γῆς,
1038 1940 1118 2002 εἰς
1179 1937 1386 2010 φθορὰν
1438 1938 1812 2008 καταστρέφον

219 2033 318 2084 καὶ
367 2032 664 2097 ἀπώλειαν,
720 2032 835 2086 ἀλλ’
884 2031 1129 2094 ἐκεῖθεν,
1175 2030 1296 2084 ὅθεν
1365 2031 1460 2084 καὶ
1513 2033 1542 2084 ὁ
1599 2030 1815 2100 πρῶτος

219 2124 526 2196 ἀπέσφηλε.
572 2126 660 2178 Διὸ
687 2125 884 2196 χρῆναι
910 2126 971 2178 τὸ
997 2124 1234 2195 καθαρὸν
1264 2119 1438 2187 αὖθις,
1467 2124 1558 2177 καὶ
1582 2122 1815 2176 θεοείκε-

220 2226 313 2270 λον
347 2219 755 2290 ἀνακτήσασθαι
784 2221 884 2289 τῆς
915 2221 972 2272 ἐν
999 2221 1130 2290 ἡμῖν
1158 2220 1350 2289 νοερᾶς
1395 2218 1604 2282 οὐσίας,
1633 2220 1716 2288 ἐφ’
1748 2219 1814 2290 ἢν

219 2308 603 2382 προθυμητέον
627 2311 832 2364 ἀνιέναι
881 2311 1047 2364 παντὶ
1081 2310 1259 2364 σθένει
1300 2312 1464 2364 πᾶσιν
1505 2309 1814 2380 ἀνθρώποις

217 2395 505 2458 εὐσεϐείας
528 2397 624 2450 καὶ
650 2398 849 2468 ἀρετῆς
875 2398 1344 2472 ἐπιμελουμένοις.
1377 2398 1613 2452 Τοιαῦτα
1637 2399 1730 2452 καὶ
1746 2399 1814 2454 τά

218 2484 352 2552 περὶ
403 2483 695 2555 ἀνθρώπου
749 2484 965 2554 φύσεως
1024 2487 1295 2562 Ἑϐραίοις
1333 2488 1814 2558 πεφιλοσοφημένα

218 2574 450 2640 ἄνωθεν,
486 2579 616 2648 πρὶν
641 2577 673 2649 ἢ
699 2580 792 2632 καὶ
823 2581 905 2642 είς
931 2579 1251 2651 ἀνθρώπους
1303 2579 1594 2650 παρελθεῖν
1619 2581 1808 2651 Ἕλλη-

217 2682 340 2729 νας·
367 2667 418 2719 οἳ
455 2669 630 2739 χθιζοί
651 2687 796 2733 τινες
825 2672 919 2723 καὶ
947 2670 1142 2741 κομιδῆ
1170 2670 1280 2723 νέοι
1316 2670 1424 2723 ἀπὸ
1469 2671 1574 2740 γῆς
1613 2669 1813 2724 ἀνακύο

214 2759 442 2829 ψαντες,
466 2763 536 2816 τά
565 2780 626 2815 τε
660 2763 950 2836 βαρϐάρων
973 2764 1248 2834 ὑποωλᾷν
1299 2763 1690 2833 διανοηθέντες,
1718 2764 1812 2816 καὶ

213 2851 332 2906 τῶν
353 2856 487 2924 παρ’
520 2854 792 2927 Ἑϐραίοις
844 2856 944 2908 οὐκ
970 2856 1295 2926 ἀπέσχοντο,
1329 2855 1405 2919 ὼς
1439 2855 1692 2926 προῖὼν.ὁ
1725 2856 1812 2908 λό-

216 2960 320 3013 γος
345 2945 545 2999 αὐτίκα
581 2947 724 3018 μάλα
748 2947 1023 3015 ἐπιδείξει.
1087 2948 1226 3001 Ἀλλ’
1271 2950 1394 3002 ἐπεὶ
1447 2949 1556 3001 τῶν
1593 2949 1812 3019 Ἐϐραῖ-

214 3038 334 3094 acth
357 3038 644 3110 δογμάτων
673 3037 804 3091 ἴδιον
835 3035 904 3111 ἦν
935 3039 998 3092 τὸ
1019 3039 1114 3092 ’ένα
1153 3039 1263 3093 τῶν
1297 3041 1552 3093 ἁπάντων
1581 3040 1811 3112 ποιητὴν

213 3128 537 3200 νομίζεσθαι
579 3129 672 3181 τὸν
694 3129 788 3182 ἐπὶ
814 3129 1031 3183 πάντων
1076 3131 1231 3194 Θεὸν,
1260 3131 1430 3202 αὐτῆς
1469 3148 1526 3183 τε
1553 3131 1652 3202 τῆς
1680 3131 1810 3185 ὐπο-

1915 1935 2159 1990 omnium
2198 1935 2448 1990 molitore
2515 1933 2698 1990 fuerit.
2758 1936 2981 1991 Addunt
3003 1937 3284 1992 enimvero
3331 1953 3503 1994 sacras

1914 2026 2127 2089 litterae.
2164 2044 2437 2082 summum
2482 2028 2634 2082 illum
2665 2044 2728 2083 ac
2754 2038 3138 2100 praepotentem
3171 2045 3370 2101 regem,
3407 2029 3500 2086 ubi

1915 2117 2210 2186 principem
2238 2117 2478 2173 hominis
2507 2128 2758 2174 naturam
2813 2120 3014 2176 divinis
3050 2119 3403 2177 facultatibus
3433 2137 3501 2180 ac

1913 2208 2098 2262 divina
2131 2208 2491 2263 similitudine
2531 2210 2866 2276 decorasset,
2915 2211 2965 2265 ei
3007 2226 3228 2282 quoque
3257 2222 3502 2283 postmo-

1913 2300 2043 2353 dum
2077 2300 2130 2354 in
2164 2309 2407 2355 coetuum
2435 2301 2746 2355 divinorum
2777 2303 3092 2359 societatem
3128 2305 3346 2372 allecto,
3385 2307 3502 2362 suis

1915 2390 2235 2445 muneribus
2264 2389 2534 2460 donisque
2559 2399 2951 2461 congruentem
2973 2433 2987 2458 ,
3025 2392 3078 2446 in
3122 2393 3284 2449 bonis
3324 2395 3504 2448 omni-

1914 2481 2016 2536 bus
2045 2481 2458 2536 circumﬂuente
2485 2481 2760 2550 paradiso,
2797 2483 3031 2552 primam
3055 2484 3177 2539 vitae
3207 2485 3390 2541 sedem
3423 2495 3506 2542 at-

1916 2571 2192 2626 tribuisse.
2227 2571 2616 2639 Athominem,
2639 2571 2731 2643 qui
2762 2573 2868 2627 vim
2900 2575 2970 2629 ab
2996 2589 3063 2629 eo
3083 2584 3286 2630 tantam
3309 2592 3502 2646 opum,

1914 2673 2172 2732 tanquam
2217 2664 2287 2718 ab
2326 2664 2536 2734 optimo
2566 2673 2791 2734 parente
2815 2707 2830 2732 ,
2862 2667 2981 2736 ipso
3010 2669 3192 2722 statim
3228 2669 3383 2725 initio
3410 2686 3504 2726 ac-

1912 2764 2153 2826 ceperat,
2201 2764 2256 2810 et
2298 2771 2398 2811 sua
2429 2765 2624 2826 sponte
2658 2757 2944 2813 divinioris
2995 2758 3142 2815 illius
3171 2761 3501 2820 conditionis

1913 2858 2060 2904 sorte
2087 2848 2361 2904 excidisse
2405 2858 2458 2904 et
2507 2849 2578 2904 ob
2611 2850 2873 2905 violatum
2917 2852 3112 2906 divina:
3157 2854 3289 2925 legis
3330 2856 3502 2925 impe-

1912 2943 2081 3007 rium,
2122 2942 2174 2996 in
2203 2942 2431 2999 mortale
2458 2944 2798 3002 domicilium
2823 2949 3173 3003 amandatum
3203 2965 3267 3006 ac
3290 2950 3501 3022 relega-

1912 3038 2028 3084 tum
2063 3031 2258 3088 l‘uisse.
2314 3031 2586 3099 Quocirca
2614 3051 2804 3090 verum
2836 3038 3062 3092 omnino
3085 3055 3230 3106 esse,
3257 3040 3336 3095 uti
3371 3056 3502 3110 prae-

1913 3123 2127 3191 cipuam
2180 3125 2474 3194 quamdam
2525 3125 2712 3195 pietati
2747 3141 2970 3197 operam
3023 3130 3251 3195 demus,
3286 3135 3432 3202 quod
3467 3149 3500 3188 a

213 3192 481 3290 κειμένης
506 3221 619 3282 τοῖς
644 3217 892 3289 σώμασιν
935 3219 1146 3282 οὐσίας,
1266 3192 1398 3292 ὕλην
1440 3192 1809 3295 προσαγορεύ-

1917 3215 2075 3270 nobis
2119 3224 2245 3271 ante
2287 3226 2570 3286 peccatum
2613 3227 2730 3285 est,
2779 3218 3117 3279 felicioribus
3156 3223 3280 3279 vita:
3307 3239 3502 3281 conse-

213 3329 368 3364 ουσιν
395 3311 672 3382 Ἕλληνες·
700 3311 856 3365 τοῦτο
893 3325 918 3352 ιι
942 3312 998 3365 δὲ
1025 3312 1206 3384 μυρίοι
1237 3312 1528 3384 βαρϐάρων
1551 3315 1686 3384 ὁμοῦ
1717 3317 1821 3380 καὶ,

221 3403 501 3474 Ἑλλήνιον
531 3402 842 3470 ἐξεναντίας
868 3403 1120 3476 ἐστησαψ
1149 3407 1198 3458 oi.
1247 3405 1368 3475 μὲν,
1397 3405 1596 3469 κακίας
1627 3407 1810 3477 πηγὴν

210 3494 315 3564 τὴν
342 3493 474 3563 ὕλην
498 3490 638 3547 εἶναι
673 3496 1105 3567 ἀποφηνάμενοι,
1125 3496 1419 3566 ἁγέννητόν
1443 3514 1502 3550 τε
1519 3497 1808 3569 ὑπάρχειν·

209 3589 260 3640 οἱ
295 3587 464 3657 δὲ,τῇ
505 3589 602 3656 μὲν
646 3587 825 3658 οἰκείᾳ
862 3588 1023 3656 φύσει
1045 3587 1236 3645 ἄποιον
1262 3590 1356 3642 καὶ
1379 3589 1807 3660 ἀσχημάτιστον,

209 3680 279 3748 τῇ
309 3677 519 3730 δὲΘεοῦ
532 3677 781 3748 δυνάμει,
807 3679 898 3732 τὸν
924 3679 1124 3750 κόσμον
1149 3681 1339 3745 αὐταῖς
1369 3681 1616 3751 ποιότησι
1644 3697 1811 3752 προσ-

209 3767 532 3838 εῖληφέναιο
592 3767 832 3822 δεικτέον
879 3769 956 3833 ὡς
1005 3771 1140 3823 πολὺ
1175 3773 1422 3841 κρεῖττον
1468 3774 1502 3842 ἡ
1545 3771 1807 3843 Ἐϐραίων

209 3859 401 3928 ἐπέχει
426 3857 573 3923 δόξα,
637 3860 752 3929 μετ’
785 3861 1110 3926 ἀποδείξεως
1151 3861 1375 3934 λογικῆς
1417 3863 1802 3935 παρισταμένη

209 3947 292 4019 τῷ
317 3951 692 4022 προϐλήματι,
723 3952 955 4006 καὶτῶν
1008 3953 1268 4008 ἐναντίων
1305 3954 1478 4024 λόγων
1524 3955 1805 4027 λογισμοῖς

209 4041 394 4112 ὀρθοῖς
420 4041 904 4114 ἀποσκευαζομένη
951 4043 1129 4113 λόγον.
1184 4045 1346 4116 Θήσω
1391 4046 1448 4098 δὲ
1476 4047 1658 4116 φωνὰς
1690 4047 1800 4101 τῶν

212 4131 323 4204 πρὸ
345 4131 504 4203 ἡμῶν
532 4133 597 4185 τὸ
626 4133 803 4204 δόγμα
851 4135 1313 4205 διηκριϐωκότων,
1348 4137 1441 4190 καὶ
1465 4135 1681 4208 πρώτου
1736 4155 1802 4208 γε

213 4219 492 4273 Διονυσίου
530 4221 666 4291 (87),
696 4222 756 4286 ὃς
788 4225 846 4276 ὲν
877 4225 954 4296 τῷ
978 4224 1176 4296 πρώτῳ
1203 4225 1311 4280 τῶν
1346 4227 1483 4299 πρὸς
1516 4228 1802 4284 Σαϐέλλιον

214 4312 368 4381 αὐτῷ
425 4314 890 4386 γεγυμνασμένων
945 4317 1073 4370 τάδε
1129 4317 1258 4387 περὶ
1297 4317 1392 4371 τοῦ
1442 4319 1802 4389 προκειμένου

214 4402 440 4472 γράφεμ

1913 3306 2134 3375 quentis
2160 3307 2420 3376 auspiciis
2451 3309 2838 3375 emendemus,
2872 3321 3150 3382 postremo
3185 3315 3251 3370 ad
3278 3331 3503 3387 recupe-

1914 3394 2143 3449 randam
2174 3410 2338 3465 opum
2375 3396 2503 3451 olim
2538 3409 2850 3455 nostrarum
2892 3407 3296 3471 possessionem
3349 3411 3497 3463 omni

1914 3484 2095 3540 studio
2115 3495 2168 3540 et
2189 3488 2542 3544 contentione
2567 3491 2864 3561 rapiamur.
2897 3492 3032 3548 Nam
3060 3511 3219 3551 suum
3249 3497 3500 3555 humana

1915 3593 2124 3640 natura:
2147 3584 2333 3650 linem,
2360 3602 2467 3641 non
2491 3587 2604 3656 jam
2640 3588 2749 3654 hic,
2785 3589 2840 3643 in
2875 3591 3053 3655 terris,
3082 3593 3185 3646 hoc
3217 3603 3302 3649 est
3328 3594 3382 3648 in
3416 3595 3502 3649 in-

1913 3680 2074 3731 teritn
2107 3693 2172 3733 ac
2195 3688 2370 3734 morte
2393 3679 2653 3748 positum,
2691 3681 2783 3735 sed
2810 3695 2876 3736 eo
2896 3682 3076 3750 potius
3110 3683 3162 3737 in
3191 3691 3334 3737 statu
3369 3700 3498 3752 gra-

1910 3767 2092 3836 duque
2126 3769 2293 3822 lixum
2339 3783 2480 3833 esse,
2523 3769 2668 3822 unde
2715 3768 2932 3839 generis
2986 3770 3211 3823 humani
3245 3769 3498 3840 princeps

1907 3858 2189 3914 exciderit.
2251 3859 2326 3912 lta
2371 3860 2683 3914 conandum
2732 3858 2785 3914 id
2825 3874 2948 3914 esse
2985 3860 3365 3930 agendumque
3392 3877 3498 3915 ro-

1906 3949 2013 4012 bis,
2065 3959 2126 4003 ut
2181 3949 2470 4018 pristinum
2533 3949 2687 4004 illum
2748 3961 2959 4006 naturae
3008 3959 3208 4006 nostrai
3261 3951 3493 4022 spiritali
3568 4013 3570 4016 ,

1907 4041 2164 4107 nitorem,
2197 4058 2261 4098 ac
2283 4043 2484 4098 divina:
2515 4043 2896 4099 similitudinis
2943 4055 3262 4100 ornamenta
3299 4047 3492 4102 redda-

1905 4148 2070 4200 mus,
2144 4133 2390 4202 adeoque
2463 4142 2808 4190 constantem
2869 4136 3012 4191 hanc
3073 4145 3238 4207 atque
3299 4154 3490 4209 perpe-

1905 4233 2056 4278 tuam
2112 4239 2301 4280 eorum
2355 4241 2476 4281 esse
2527 4226 2772 4280 omnium
2819 4243 3008 4282 curam
3051 4239 3340 4298 oportere,
3394 4233 3489 4301 qui

1907 4316 2092 4384 aliquo
2160 4316 2379 4386 pietatis
2451 4325 2505 4372 et
2595 4317 2814 4373 virtutis
2913 4319 3095 4374 studio
3181 4330 3488 4376 teneantur.

1909 4409 2070 4480 333
2105 4407 2231 4463 Haec
2279 4409 2442 4478 igitur
2485 4409 2575 4463 illa
2605 4417 2735 4464 sunt
2766 4425 2889 4479 qua
2918 4410 2984 4465 de
3030 4421 3225 4468 natura
3256 4413 3494 4470 hominis

213 4503 287 4550 ab
321 4497 512 4552 ultima
547 4511 694 4554 retro
725 4503 988 4558 memoria
1039 4501 1249 4560 Hebraei
1295 4506 1640 4569 docuerunt,
1673 4522 1798 4562 cum
1838 4509 2048 4562 nullum
2099 4507 2278 4562 adhuc
2343 4507 2656 4562 Graecorum
2715 4523 2887 4577 genus
2939 4519 3214 4564 exstaret:
3247 4511 3340 4581 qui
3364 4525 3491 4566 eam

213 4587 336 4642 beri
371 4599 469 4643 aut
503 4591 904 4650 nudiustertius
935 4611 966 4651 e
992 4604 1140 4652 terra
1187 4610 1352 4669 caput
1386 4601 1714 4668 extulerint,
1749 4609 1804 4656 et
1839 4616 1972 4656 suas
2015 4601 2266 4657 barbaris
2320 4615 2451 4670 opes
2501 4601 2759 4657 sull'urari
2813 4611 3140 4670 statuerunt,
3199 4619 3300 4659 nec
3364 4620 3494 4674 pro-

211 4680 350 4751 priis
383 4679 733 4738 Hebraeorum
784 4687 941 4742 bonis
977 4700 1356 4759 pepercerunt,
1395 4701 1458 4746 ut
1489 4693 1652 4762 paulo
1679 4702 1804 4762 post
1832 4693 1997 4762 hujus
2023 4693 2078 4747 in
2104 4693 2492 4763 disputationis
2545 4709 2836 4764 progressu
2907 4696 3277 4751 ostendemus.
3335 4695 3494 4754 Nunc

210 4789 368 4837 vero,
400 4776 663 4843 quoniam
695 4774 1042 4833 Hebraeorum
1072 4781 1334 4837 doctrina:
1383 4784 1662 4854 proprium
1694 4785 1794 4840 hoc
1832 4784 1936 4839 fuit
1979 4785 2422 4854 praecipuumque
2465 4795 2650 4854 caput,
2711 4786 2787 4839 uti
2832 4784 3001 4841 Deum
3063 4798 3490 4858 praepotentem,

209 4879 340 4918 cum
373 4873 693 4920 exterarum
747 4870 992 4925 omnium
1047 4889 1252 4940 rerum,
1296 4885 1412 4929 tum
1443 4876 1562 4946 ejus
1595 4877 1758 4932 etiam
1782 4919 1797 4943 ,
1837 4893 1962 4948 quae,
1985 4878 2313 4948 corporibus
2339 4878 2548 4944 subest,
2573 4891 2799 4945 naturae,
2869 4895 3144 4950 quamque
3201 4885 3488 4940 materiam

208 4954 387 5010 Graeci
431 4966 648 5021 vocant,
679 4959 945 5016 artiﬁcem
1004 4979 1173 5020 unum
1204 4983 1270 5021 ac
1319 4968 1629 5023 molitorem
1667 4985 1790 5025 esse
1826 4979 2138 5026 statuerunt
2167 4989 2181 5025 :
2215 4970 2356 5026 idem
2389 4981 2577 5026 contra
2611 4972 2969 5027 barbarorum
3007 4973 3171 5028 simul
3227 4984 3282 5030 et
3339 4976 3490 5031 (ira:-

207 5063 402 5102 corum
433 5047 642 5103 inﬁnita
680 5050 762 5106 vis
808 5057 1178 5126 oppugnavit:
1211 5074 1336 5113 cum
1377 5060 1469 5114 alii
1504 5069 1560 5116 et
1589 5061 1949 5130 improbitatis
1984 5062 2166 5118 omnis
2225 5061 2430 5117 fontem
2495 5078 2617 5118 esse
2673 5065 2980 5131 materiam,
3012 5073 3068 5119 et
3119 5075 3244 5121 ortu
3295 5083 3489 5140 carere

208 5138 608 5195 defenderent:
646 5141 740 5197 alii
777 5155 970 5215 suapte
1006 5147 1227 5217 quidem
1291 5157 1486 5206 natura
1519 5153 1669 5207 omni
1695 5161 1839 5210 eam
1879 5155 2144 5225 qualitate
2176 5154 2458 5225 ﬁguraque
2487 5155 2746 5209 nudatam
2774 5171 2918 5224 esse,
2949 5157 3118 5212 divini
3168 5138 3347 5216 tamen
3369 5159 3488 5218 Nu-

287 5269 317 5297 8
361 5275 478 5326 τρ.,
517 5259 713 5331 τούτῳ.

137 5425 140 5428 .
210 5374 398 5460 m(87)
435 5380 776 5434 Διονυσίου.
815 5381 1242 5460 Διεξοηέίςίιψῐη
1280 5385 1534 5460 intelligit
1558 5427 1571 5449 ,
1598 5385 1797 5460 ASabel-
1828 5394 1874 5448 D
1904 5391 1989 5446 dis
2029 5392 2368 5460 episcopum.
2402 5391 2537 5446 Vide
2583 5393 2862 5451 illustriss.
2901 5395 3048 5449 card.
3094 5394 3294 5450 Baron.
3337 5411 3486 5452 anno

210 5447 357 5531 liiha
388 5463 501 5531 quo
530 5464 886 5531 personarum
923 5455 975 5505 in
1007 5452 1109 5507 SS.
1135 5453 1334 5512 Triade
1367 5447 1648 5531 distinctio
1700 5475 1795 5531 ne-
1830 5447 1851 5448 ί
1903 5447 2107 5516 Christi
2139 5447 2266 5518 263.
2299 5463 2468 5518 Porro
2511 5447 2836 5531 διώρυξι.ιεῖ
2850 5447 3123 5519 alterum
3142 5447 3488 5523 Ηοῖἁεξέέίέιί

212 5517 352 5604 [arie
409 5519 734 5599 tollebatur,
766 5533 1222 5604 _oppugnatorem
1282 5528 1637 5604 acerrimum.
1689 5529 1794 5604 Qui
1904 5533 2038 5604 teria
2086 5517 2360 5604 somnium
2417 5517 2486 5588 ab
2535 5517 3486 5604 semidea-ire"necesse}:“1516.13:

212 5603 344 5678 cuni
404 5593 870 5678 nimio‘qnodam
929 5603 1195 5678 suscepta:
1261 5612 1471 5678 causae"
1496 5599 1678 5678 studio
1715 5593 1793 5654 vin
1905 5603 2166 5658 adversus
2202 5601 2499 5658 Sabellium
2529 5604 2692 5658 istum
2730 5593 2898 5660 libros
2932 5622 2962 5660 a
3009 5593 3265 5678 Dionysio
3295 5593 3484 5662 elaon

217 5660 556 5737 contrariam
584 5660 906 5737 Arianorum
940 5660 1190 5737 heresim
1225 5668 1474 5722 nonnihil
1503 5670 1796 5725 inclinasse
1906 5685 2054 5728 ratos
2083 5688 2225 5730 esse.
2255 5691 2361 5728 non
2405 5683 2615 5728 tantum
2645 5691 2812 5730 unutn
2836 5716 2850 5737 ,
2881 5686 2939 5730 ut
2969 5660 3273 5732 nonnemo
3305 5660 3484 5734 credi-

220 5729 554 5815 quilrusdam
587 5731 1189 5815 videretn‘rtegregium
1240 5737 1292 5815 i_n
1329 5740 1518 5815 primis
1543 5739 1798 5795 defenso-
1904 5745 2000 5809 dit,
2039 5745 2117 5799 vel
2153 5747 2253 5800 hoc
2282 5745 2503 5802 Eusebii
2532 5745 2652 5802 loco
2683 5729 2997 5815 manifeste,

227 5814 341 5852 rem
368 5811 564 5856 nactus
603 5812 682 5856 est.
715 5802 769 5858 Β.
812 5802 1192 5872 Athanasium,
1222 5802 1462 5874 ejusdem
1491 5819 1674 5874 postea
1713 5828 1794 5867 se-
