3856 6224
369 326 476 384 565

1021 328 1296 387 EUSEBII
1333 326 1818 384 CESARIENSIS
1851 327 2005 383 OPP.
2050 325 2231 382 PARS
2268 325 2333 381 ll.
2373 351 2444 369 --
2486 323 2991 382 APOLOGETICA.

3526 324 3632 378 εισι

361 442 531 500 minis
589 449 857 514 potestate
903 458 1105 499 novum
1150 452 1406 515 pneterea
1465 459 1589 500 cum
1659 442 1776 499 suis
1826 441 2182 513 qualitatibus
2232 449 2485 497 ornatum
2539 440 2782 497 induisse
2830 440 3029 495 vellent
3088 456 3102 493 :
3152 438 3633 495 demonstrandum

362 559 584 619 quoque
608 545 768 600 nobis
791 543 914 610 erit,
936 543 1097 614 longe
1137 544 1409 601 saniorem
1449 541 1802 598 Heln-morum
1856 540 1959 595 hoc
1995 538 2050 592 in
2086 552 2283 609 genere
2322 543 2556 591 mentem
2585 550 2650 590 ac
2705 534 3026 589 sententiam
3077 532 3271 601 fuisse,
3321 549 3443 604 quae
3504 548 3637 603 pro-

362 641 601 714 positam
638 639 993 710 quastionem
1048 640 1224 710 logica
1268 639 1427 710 plane
1475 644 1943 694 demonstratione
1979 634 2263 703 disceptet,
2284 631 2557 702 justisque
2592 630 2897 685 rationibus
2954 630 3140 684 omnia
3192 628 3630 683 dissentientium

361 716 682 804 argumenta
709 732 997 788 convellat.
1023 729 1177 787 Hanc
1200 732 1253 786 in
1283 746 1395 785 rem
1430 729 1704 801 ipsissima
1725 742 1939 794 eorum,
1978 724 2072 795 qui
2129 732 2254 779 ante
2313 739 2412 779 nos
2466 730 2719 779 accurate
2764 721 2871 776 hac
2927 721 2982 776 in
3026 720 3389 790 disputatione
3435 718 3633 775 versati

362 834 511 891 sunt,
544 824 707 880 verba
740 824 1077 896 producam,
1128 832 1292 894 atque
1325 823 1379 877 in
1413 821 1605 893 primis
1655 817 1941 891 Dionysii,
1978 815 2073 886 qui
2109 815 2165 869 in
2218 815 2395 886 primo
2447 814 2714 869 librorum
2765 828 2953 869 eorum
2981 852 2999 880 ,
3052 827 3192 883 quos
3232 814 3288 867 in
3336 810 3632 870 Sabellium

359 920 729 987 elucubravit,
774 919 923 977 hunc
958 917 1012 973 in
1046 922 1268 973 modum
1321 919 1386 972 de
1437 932 1498 972 re
1547 924 1661 975 tota
1693 910 2125 985 phil030phatur.

942 1011 1172 1073 CAPUT
1207 1011 1350 1069 XIX.

752 1126 1041 1181 Materiam
1071 1137 1192 1180 ortu
1220 1142 1325 1180 non
1346 1140 1544 1181 carere.

433 1260 455 1295 ι
495 1240 798 1312 lmpietatis
844 1241 1010 1297 etiam
1046 1241 1177 1297 illud
1212 1249 1317 1301 est,
1354 1239 1567 1310 inquit,
1603 1235 1751 1309 quod
1779 1234 1941 1306 pleri—

358 1349 466 1404 que
494 1333 804 1397 materiam,
831 1332 990 1403 cujus
1023 1341 1202 1388 ortum
1225 1331 1435 1386 nullum
1460 1345 1581 1385 esse
1613 1329 1815 1394 velint,
1857 1327 1942 1381 di-

356 1426 500 1480 vinae
560 1424 815 1496 potestati
889 1423 1235 1493 digerendam
1299 1422 1714 1491 ornandamque
1767 1418 1934 1487 subji-

359 1518 529 1581 ciant,
560 1518 689 1573 dum
723 1532 841 1573 eam
867 1526 1063 1571 natura
1097 1530 1196 1571 sua
1229 1515 1524 1584 patientem
1549 1522 1711 1582 atque
1734 1519 1941 1566 tracta-

358 1610 547 1671 bilem,
579 1609 877 1678 impressas
910 1607 1173 1661 divinitus
1205 1606 1535 1660 mutationes
1568 1602 1726 1658 facile
1758 1602 1944 1657 subire

360 1698 600 1754 tradunt.
635 1696 925 1753 Enimvero
947 1697 1180 1752 doceant
1203 1696 1295 1751 isti
1337 1695 1430 1765 qui
1463 1694 1577 1750 fieri
1602 1694 1859 1764 petuerit,
1885 1700 1944 1746 ut

357 1790 413 1844 in
449 1788 618 1845 Deum
648 1798 812 1860 atque
855 1788 1141 1844 materiam
1177 1786 1478 1842 similitudo
1507 1785 1714 1856 pariter
1743 1800 1806 1840 ac
1832 1785 1946 1840 dis-

359 1881 659 1937 similitudo
715 1880 952 1937 caderet.
1004 1878 1142 1935 Nam
1184 1880 1349 1934 alium
1382 1877 1675 1949 quemdam
1710 1886 1944 1947 utroque

357 1973 718 2044 potentiorem
740 1974 980 2044 cogitare
1014 1982 1128 2029 tum
1164 1980 1463 2043 oporteret,
1496 1972 1641 2043 quod
1669 1980 1849 2026 tamen
1876 1971 1944 2026 de

357 2065 470 2121 Dec
494 2066 575 2119 vel
615 2065 908 2135 suspicari,
940 2063 1115 2121 nefas.
1172 2063 1305 2119 Nam
1348 2074 1403 2118 et
1426 2064 1607 2135 ipsum
1661 2073 1789 2120 ortu
1846 2078 1943 2119 ea-

357 2172 505 2225 rere,
535 2157 680 2227 quod
714 2156 768 2211 in
800 2165 1034 2226 utroque
1069 2156 1250 2212 simile
1301 2154 1504 2211 dicitur
1525 2194 1542 2220 ,
1604 2162 1660 2210 et
1705 2154 1941 2209 alterum

356 2249 513 2314 illud,
539 2248 686 2319 quod
720 2257 916 2318 praeter
949 2258 1244 2318 utrumque
1302 2249 1572 2319 cogitatur
1597 2287 1613 2311 ,
1667 2247 1944 2317 quomodo

1968 1011 2021 1068 A

2565 1002 2966 1058 ΚΕΦΑΛᾹΙΟΝ
3016 1003 3117 1056 ΙΘ’.

2196 1120 2334 1189 Περὶ
2361 1120 2464 1175 τοῦ
2485 1120 2572 1190 μὴ
2608 1120 2943 1190 ἀγέννητον
2972 1116 3127 1175 εἶναι
3163 1119 3276 1188 τὴν
3299 1121 3480 1189 ὕλην.

2118 1256 2136 1289 ι
2166 1236 2291 1290 υύδ’
2326 1237 2524 1289 ἐκεῖνοι
2552 1235 2651 1305 μὲν
2674 1234 2783 1306 γὰρ
2810 1234 2969 1298 ὅσιοι,
2998 1236 3047 1287 οἱ
3072 1234 3171 1306 τὴν
3212 1234 3342 1306 ὓλην
3368 1235 3445 1299 ὡς
3471 1236 3637 1304 ἀγέν..

2042 1348 2203 1401 νητον
2236 1329 2549 1401 ὑποχείριον
2582 1329 2663 1391 εἰς
2709 1326 3068 1397 διακόσμησιν
3124 1327 3356 1391 διδόντες
3385 1327 3461 1398 τῷ
3492 1328 3634 1399 Θεῷσ

2045 1421 2293 1493 παθητὴν
2320 1420 2429 1492 γὰρ
2459 1417 2631 1491 αὐτὴν
2659 1418 2755 1472 καὶ
2776 1418 3019 1490 τρεπτὴν
3052 1419 3431 1490 ὑπάρχουσαν,
3464 1419 3637 1475 εἴκειν

2042 1517 2165 1578 ταῖς
2193 1514 2529 1584 θεοποιήτοις
2559 1511 2897 1565 ἀλλοιώσεσι.
2949 1512 3059 1565 Καὶ
3109 1511 3273 1564 πόθεν
3311 1510 3420 1583 γὰρ
3462 1511 3638 1582 ύπάρο

2048 1624 2135 1677 χει
2166 1607 2263 1660 καὶ
2296 1604 2373 1677 τῷ
2403 1604 2521 1676 Θεῷ
2546 1603 2643 1658 καὶ
2686 1606 2753 1675 τῇ
2786 1603 2886 1675 ύλῃ
2919 1603 2981 1656 τό
3013 1620 3073 1656 τε
3106 1603 3289 1673 ὅμοιον
3339 1604 3433 1656 καὶ
3452 1602 3512 1655 τὸ
3541 1603 3639 1655 ἀν·-

2043 1698 2251 1769 όμοιον,
2281 1697 2727 1767 διασαφήτωσαν.
2764 1694 3060 1767 Ἐκατέρου
3094 1695 3202 1768 γὰρ
3254 1695 3335 1749 δεῖ
3362 1712 3483 1748 τινα
3510 1695 3636 1747 ὲπι-

2043 1791 2233 1861 νοῆσαι
2264 1790 2566 1860 κρείττονα,
2607 1790 2635 1843 ὃ
2668 1789 2801 1861 μηδὲ
2831 1788 3050 1860 θεμιτὸν
3103 1789 3353 1858 ἐννοῆσαι
3382 1788 3510 1860 περὶ
3537 1788 3634 1841 τοῦ

2043 1880 2203 1936 Θεοῦ.
2232 1881 2306 1934 Τό
2335 1897 2396 1933 τε
2432 1881 2540 1951 γὰρ
2570 1880 2889 1953 ἀγέννητον,
2949 1881 3135 1951 ὅμοιον
3192 1882 3251 1933 ὲν
3303 1880 3636 1952 ἀμφοτέροις

2043 1968 2359 2039 λεγόμενον,
2384 1970 2478 2023 καὶ
2500 1969 2686 2041 ἓτερον
2717 1969 3010 2041 νοούμενον
3060 1971 3193 2041 παρ’
3221 1968 3501 2042 ἑκάτερον,
3533 1971 3635 2023 πό-

2045 2061 2138 2115 θεν
2163 2064 2220 2116 ὲν
2242 2063 2425 2127 αὐτοῖς
2454 2064 2711 2132 ὲγένετο;
2750 2063 2815 2116 Εἰ
2870 2063 2967 2133 μὲν
3014 2062 3125 2135 γὰρ
3177 2064 3309 2118 αὐτὸ
3342 2064 3636 2135 ἀγέννητόν

2045 2155 2193 2208 ἐστιν
2219 2157 2249 2208 6
2286 2155 2440 2221 Θεὸς,
2469 2156 2564 2209 καὶ
2583 2155 2739 2208 οὐσία
2770 2156 2920 2210 ἐστὶν
2948 2154 3134 2219 αὐτοῦ,
3152 2156 3229 2220 ὼς
3248 2156 3313 2210 ἂν
3340 2156 3489 2209 εἴποι
3522 2174 3631 2220 τις,

2046 2250 2080 2319 ἡ
2103 2248 2419 2320 ἀγεννησία,
2441 2248 2543 2303 οὐκ
2568 2247 2635 2301 ἂν
2655 2248 2946 2320 ἀγέννητον
2970 2248 3054 2319 εἴη
3076 2250 3109 2319 ή
3134 2247 3255 2320 ὕλη·
3280 2250 3338 2302 ού
3369 2248 3476 2321 γὰρ
3503 2250 3638 2302 ταύ-

355 2339 659 2415 tandemin
694 2341 763 2396 iis
796 2341 977 2396 locum
1009 2341 1242 2395 habuit?
1294 2340 1350 2395 Si
1380 2341 1526 2395 enim
1576 2339 1708 2393 illud
1760 2339 1936 2408 ipsum

2043 2343 2133 2396 τόν
2162 2346 2311 2398 ἐστιν
2341 2346 2375 2416 ἡ
2409 2343 2510 2416 ὕλη
2538 2345 2630 2398 καὶ
2653 2346 2681 2399 6
2705 2344 2856 2407 Θεός’
2878 2345 2927 2397 εί
2945 2344 3005 2398 δὲ.
3035 2345 3295 2417 ἑκάτερον
3325 2346 3425 2415 μὲν
3457 2345 3630 2413 ἐστιν,

355 2433 500 2504 quod
531 2442 652 2489 ortu
685 2443 855 2497 caret,
888 2434 1032 2490 Deus
1069 2443 1174 2499 est,
1207 2435 1455 2504 ipsaque,
1489 2442 1551 2488 ut
1596 2432 1666 2487 ita
1723 2432 1936 2495 dicam,

356 2534 513 2581 ortus
537 2526 775 2596 negatio,
810 2527 993 2582 divina
1027 2527 1264 2582 essentia
1312 2537 1432 2593 est;
1487 2541 1598 2580 non
1644 2525 1759 2595 jam
1797 2524 1939 2579 idem

356 2618 569 2687 ipsum,
614 2620 760 2690 quod
822 2629 945 2675 ortu
1023 2628 1204 2687 caret,
1260 2619 1486 2675 materia
1559 2619 1760 2684 fuerit,
1813 2634 1938 2673 cum

354 2708 501 2767 Deus
544 2721 598 2767 et
653 2712 878 2767 materia
933 2728 1101 2767 unum
1137 2712 1392 2783 idemque
1446 2727 1554 2768 non
1591 2710 1756 2784 33ﬁI
1807 2712 1937 2768 sint.

358 2802 455 2857 Sin
490 2811 670 2858 autem
703 2813 995 2877 utrumque
1024 2806 1283 2871 dixerint,
1315 2805 1367 2860 id
1395 2805 1617 2875 quidem
1648 2820 1771 2860 esse
1814 2819 1942 2875 pro-

354 2895 473 2964 prie
494 2896 640 2965 quod
665 2905 768 2963 est,
796 2902 1082 2953 materiam
1117 2897 1365 2952 videlicet
1403 2906 1568 2967 atque
1594 2895 1766 2951 Deum
1788 2938 1804 2964 ,
1848 2912 1939 2951 or-

352 2995 444 3041 tus
474 2997 654 3041 tamen
685 2989 1028 3058 negationem
1063 2988 1331 3045 ambobus
1386 2987 1714 3043 convenire:
1758 2986 1939 3041 mani-

350 3078 489 3133 feste
520 3079 769 3148 sequitur
794 3120 810 3147 ,
872 3081 1018 3134 aliud
1069 3081 1349 3150 quidpiam
1410 3091 1607 3150 prmter
1641 3090 1940 3151 utrumque

351 3169 689 3239 ponendum.
722 3171 867 3239 quod
897 3171 1178 3240 antiquius
1204 3186 1268 3225 ac
1299 3171 1552 3240 superius
1577 3179 1811 3242 utroque
1840 3172 1932 3227 sit.

349 3258 471 3315 Jam
506 3261 801 3330 quominus
829 3277 925 3332 per
954 3277 1075 3317 sese
1106 3262 1267 3316 ambo
1318 3262 1481 3318 simul
1518 3278 1643 3319 esse
1686 3264 1936 3334 possint,

351 3353 467 3406 imo
496 3353 792 3422 quominus
818 3370 848 3408 e
878 3353 1096 3410 duobus
1134 3356 1387 3421 alterum,
1418 3356 1521 3411 hoc
1554 3364 1639 3411 est
1683 3357 1934 3418 materia,

350 3457 475 3498 esse
509 3458 606 3513 per
633 3460 753 3500 sese
776 3454 960 3515 queat,
990 3447 1072 3500 vel
1103 3447 1221 3516 ipsa
1268 3448 1498 3504 rationis
1526 3456 1581 3503 et
1607 3448 1936 3505 conditionis

350 3537 638 3606 utriusque
671 3536 959 3593 diversitas
988 3553 1215 3609 prorsus
1250 3539 1532 3610 impediat.
1560 3539 1779 3611 Alioqui
1804 3556 1937 3596 cau-

350 3642 468 3683 sam
498 3629 575 3683 illi
609 3643 742 3684 sane
772 3630 1021 3695 aﬂerant,
1049 3632 1405 3702 quamobrem
1449 3648 1574 3687 cum
1616 3642 1741 3687 ortu
1774 3634 1935 3688 ambo

349 3728 596 3788 careant,
624 3722 768 3777 Deus
788 3723 1007 3796 quidem
1035 3740 1136 3780 nec
1171 3725 1280 3793 pati
1309 3725 1608 3795 quidquam
1670 3740 1774 3780 nec
1802 3741 1927 3779 mu-

348 3815 477 3881 tari,
522 3831 624 3871 nec
674 3816 880 3871 moveri
909 3817 1116 3886 possit,
1152 3817 1405 3885 idemque
1467 3815 1633 3871 simul
1659 3817 1929 3874 efﬁciendi

345 3908 457 3961 vim
491 3906 714 3974 habeat;
749 3907 975 3961 materia
1015 3922 1142 3961 vero
1177 3906 1449 3962 contraria
1501 3907 1695 3962 subeat
1723 3909 1929 3975 omnia,

349 3997 551 4067 quippe
582 4014 704 4067 qure
748 3999 860 4069 pati
905 3999 1216 4068 mutarique
1262 3999 1457 4069 possit,
1486 3998 1840 4064 inconstans,
1876 4009 1931 4055 et

348 4090 636 4159 multiplici
667 4091 1082 4159 contigurationi
1117 4091 1374 4147 obnoxia.
1405 4091 1525 4146 Jam
1567 4091 1662 4160 qui
1711 4092 1929 4146 tandem

348 4180 490 4237 inter
526 4190 647 4234 sese
677 4181 840 4235 ambo
865 4190 976 4235 tam
1008 4191 1128 4251 apte
1150 4184 1563 4237 convenerunt?
1590 4181 1785 4238 Utrum
1810 4199 1932 4239 sese

348 4269 493 4324 Deus
522 4271 588 4324 ad
623 4270 862 4325 materiae
892 4280 1141 4326 naturam
1194 4274 1617 4331 accommodans
1641 4315 1656 4339 ,
1698 4275 1780 4330 sic
1808 4291 1929 4331 eam

347 4363 567 4417 demum
617 4363 954 4418 elaboravit?
1006 4364 1076 4419 At
1125 4364 1365 4435 ineptum
1425 4364 1589 4421 fuerit
1647 4368 1927 4437 cogitare,

347 4453 543 4520 Deum,
577 4454 655 4507 uti
696 4454 946 4510 homines
972 4456 1134 4525 vulgo
1182 4456 1377 4521 solent,
1413 4466 1509 4510 aut
1541 4472 1608 4512 ex
1633 4473 1769 4513 auro
1800 4474 1930 4514 con-

346 4546 499 4610 flare,
525 4555 620 4599 aut
658 4544 862 4615 lapides
890 4547 977 4601 vel
1007 4547 1234 4613 caedere,
1265 4549 1350 4603 vel
1379 4548 1671 4614 collocare,
1703 4559 1799 4605 aut
1829 4565 1930 4620 pro

347 4644 669 4693 caeterarum
714 4637 915 4691 artium
944 4638 1227 4704 varietate,
1261 4640 1461 4709 quibus
1490 4641 1708 4696 diversa
1753 4654 1928 4697 mate-

345 4730 443 4787 ria:
491 4744 690 4800 genera
746 4730 971 4801 ﬁgurari
1005 4730 1454 4802 conformarique
1493 4743 1757 4804 possunt,
1793 4750 1931 4804 opus

2043 2436 2181 2508 ὅπερ
2216 2436 2366 2490 ἐστὶν
2403 2438 2437 2507 ἡ
2470 2437 2571 2507 ὖλη
2616 2438 2711 2491 καὶ
2756 2439 2786 2491 ό
2815 2437 2969 2500 Θεὸς,
3011 2437 3273 2511 πρόσεστι
3299 2437 3356 2491 δὲ
3384 2438 3630 2509 ἀμφοτέ-

2046 2547 2159 2601 ροις
2190 2530 2251 2583 τὸ
2274 2530 2589 2602 ἀγέννητον,
2618 2530 2799 2601 δῆλον,
2824 2531 2898 2594 ὼς
2949 2531 3135 2602 ἕτερόν
3170 2533 3318 2584 ἐστιν
3343 2531 3632 2603 ἑκατέρου,

2043 2621 2137 2675 καὶ
2161 2621 2488 2693 ἀμφοτέρων
2518 2622 2890 2695 πρεσϐύτερόν
2921 2639 2980 2676 τε
3023 2604 3116 2677 xci.
3146 2622 3424 2694 ἀνωτέρω.
3472 2624 3635 2677 Ἀνα-

2041 2715 2309 2787 τρεπτικὴ
2339 2715 2396 2768 δὲ
2416 2715 2715 2780 παντελῶς,
2748 2715 2842 2770 καὶ
2890 2715 2984 2770 τοῦ
3030 2715 3204 2770 ταῦτα
3240 2715 3632 2787 συνυπάρχειν,

2045 2806 2247 2878 μᾶλλον
2266 2806 2323 2859 δὲ
2344 2807 2501 2862 τοῦτο
2526 2808 2713 2880 ἕτερον
2751 2807 2932 2862 αὐτῶν
2986 2809 3087 2878 τὴν
3126 2808 3257 2879 ὕλην
3308 2808 3395 2879 ἐφ’
3430 2808 3633 2879 ἑαυτῆς

2041 2896 2330 2967 ὑπάρχειν,
2358 2897 2453 2951 καὶ
2482 2898 2515 2967 ἡ
2550 2899 2648 2968 τῆς
2680 2897 2930 2961 ἐναντίας
2948 2895 3116 2961 ’έξεως
3142 2896 3397 2967 διαφορά.
3457 2895 3636 2949 Εἰπά-

2040 3008 2222 3044 τωσαν
2247 2990 2356 3063 γὰρ
2382 2991 2481 3062 τὴν
2507 2991 2709 3056 αἰτίαν,
2739 2990 2805 3043 δι’
2831 2990 2897 3061 ἦν
2918 2990 3245 3062 ἀμφοτέρων
3270 2989 3440 3042 ὄντων
3468 2989 3636 3057 ἀγενς

2041 3083 2239 3153 νήτων,
2284 3083 2312 3135 ό
2343 3081 2442 3152 μὲν
2463 3080 2596 3146 Θεὸς
2626 3080 2866 3153 ἀπαθὴς,
2906 3082 3197 3152 ἄτρεπτος,
3230 3080 3505 3152 ἀκίνητος,
3536 3082 3633 3150 ἐρ-

2040 3174 2322 3244 γαστικὸς,
2348 3177 2382 3245 ἡ
2416 3175 2473 3228 δὲ
2523 3174 2591 3228 τὰ
2625 3174 2864 3237 ἐναντία,
2900 3172 3140 3244 παθητὴ,
3186 3173 3418 3245 τρεπτὴ,
3457 3172 3632 3226 ἄστα-

2037 3283 2151 3330 τος,
2181 3265 2639 3337 μεταποιουμένη.
2673 3264 2786 3317 Καὶ
2818 3261 2934 3326 πῶς
2969 3262 3218 3332 ἥρμοσαν
3250 3261 3346 3315 καὶ
3375 3260 3636 3331 συνέδρα-

2040 3374 2176 3429 μον;
2216 3357 2451 3428 Πότερον
2478 3355 2621 3411 κατὰ
2649 3356 2750 3428 τὴν
2778 3358 2878 3427 τῆς
2907 3355 3038 3426 ὕλης
3096 3354 3257 3425 φύσιν
3284 3351 3636 3417 ἐξοικειὼσας

2037 3449 2230 3502 ἑαυτὸν
2260 3448 2625 3520 ἐτεχνίτευσεν
2649 3448 2818 3517 αὐτὴν
2842 3449 2871 3500 6
2925 3447 3094 3512 Θεός;
3169 3444 3331 3498 Ἀλλά
3379 3443 3633 3513 τοῦτόεγε

2037 3541 2260 3607 ἄτοπον,
2291 3543 2493 3612 ὁμοίως
2537 3538 2846 3611 ἀνθρώποις
2898 3540 3214 3611 χρυσοχοεῖν
3270 3537 3364 3591 καὶ
3418 3536 3635 3609 λιθουρ-

2036 3634 2176 3702 γεῖν,
2213 3633 2306 3686 καὶ
2335 3632 2479 3686 κατὰ
2507 3630 2606 3695 τὰς
2628 3630 2794 3694 ἄλλας
2831 3630 3049 3702 τέχνας,
3088 3631 3218 3693 ὅσας
3245 3631 3302 3681 αἱ
3347 3627 3472 3682 ὕλαι
3496 3646 3634 3700 μορ-

2038 3723 2271 3794 φοῦσθαι
2297 3724 2392 3777 καὶ
2422 3722 2722 3778 τυποῦσθαι
2776 3722 3054 3786 δύνανται,
3104 3724 3493 3793 χειροκμητεῖν
3543 3722 3636 3774 τὶν

2036 3815 2189 3871 Θεόν.
2225 3814 2289 3867 El
2310 3814 2367 3867 δὲ
2400 3814 2518 3867 οἵαν
2542 3811 2705 3875 αὐτὸς
2730 3812 2980 3875 ἐϐούλετο
3019 3811 3159 3864 κατά
3186 3810 3284 3881 τὴν
3310 3807 3511 3862 ἑαυτοῦ
3541 3825 3635 3860 σο-

2035 3907 2164 3977 φίαν
2222 3907 2443 3977 ἐποίησε
2490 3904 2589 3977 τὴν
2619 3904 2771 3975 ὓλην,
2825 3903 2887 3956 τὸ
2938 3902 3283 3974 πολύμορφον
3326 3900 3421 3953 καὶ
3486 3916 3644 3968 παμο

2037 3998 2280 4052 ποίκιλον
2304 3999 2402 4068 τῆς
2422 3995 2783 4068 δημιουργίας
2832 3994 3026 4047 ἑαυτοῦ
3085 3996 3273 4064 σχῆμα
3321 3992 3419 4046 καὶ
3460 3992 3634 4045 τύπον

2036 4085 2540 4159 ὲνσφραγιζόμενος
2593 4085 2750 4156 αὐτῇ,
2786 4085 2881 4138 καὶ¹
2906 4083 3155 4155 εὔφημος
3182 4084 3277 4140 καὶ
3303 4081 3514 4154 ἀληθὴς
3540 4078 3633 4136 οὗ·

2035 4195 2127 4242 τος
2148 4181 2176 4231 ό
2197 4177 2374 4245 λόγος,
2406 4177 2500 4230 καὶ
2531 4176 2755 4248 προσέτι
2781 4177 2875 4229 καλ⁹
2891 4175 2989 4247 τὴν
3024 4175 3321 4231 ὑπόστασιν
3352 4175 3462 4228 τῶν
3496 4174 3637 4228 ὅλων

2037 4270 2128 4324 τὸν
2149 4269 2285 4322 Θεὸν
2319 4268 2615 4338 ἀγέννητον
2676 4261 2816 4328 εῖναι
2861 4267 3142 4340 κρατύνει.
3200 4265 3291 4338 Τῷ
3346 4266 3459 4337 γὰρ
3494 4263 3635 4320 εἶναι

2037 4361 2356 4432 ἀγέννητον,
2399 4360 2516 4430 ἅμα
2540 4360 2636 4412 καὶ¹
2677 4361 2844 4424 τόπος
2864 4358 3002 4415 εἶναι
3029 4360 3298 4432 προσῆψε.
3330 4360 3508 4424 Πολὺς
3532 4360 3637 4431 μὲν

2036 4449 2130 4509 οὖν
2160 4453 2254 4506 καὶ
2285 4453 2425 4524 πρὸς
2456 4452 2677 4515 τούτους
2710 4454 2739 4505 6
2764 4452 2942 4521 λόγος,
2974 4452 3088 4505 ἀλλ’
3120 4452 3182 4504 ού
3204 4450 3300 4505 νῦν
3333 4452 3467 4521 ἡμῖν
3494 4450 3636 4522 πρό-

2037 4565 2234 4604 κειται.
2273 4547 2567 4618 Συγκρίσει
2618 4546 2675 4599 δὲ
2717 4548 2784 4616 τῇ
2818 4546 2956 4618 πρὸς
3004 4547 3132 4608 τοὺς
3162 4542 3508 4607 ἀθεωτάτους
3533 4561 3637 4597 πο-

2036 4640 2258 4704 λυθέους
2280 4641 2645 4711 εύφημότεροι
2668 4633 2834 4693 οὗτοι.
2866 4659 2885 4691 ι
2914 4638 3098 4693 Ταῦτα
3130 4639 3228 4709 μὲν
3266 4635 3361 4692 οὖν
3394 4638 3493 4691 καὶ
3522 4637 3638 4691 ἀπὸ

2037 4736 2145 4790 τῶν
2172 4734 2470 4789 Διονυσίου.
2506 4736 2618 4788 Καὶ
2644 4734 2756 4792 τῶν
2805 4734 3113 4805 Ὠριγένους
3138 4733 3196 4787 δὲ
3223 4733 3409 4788 ἄκουε.

346 4824 710 4896 quodcunque
777 4827 980 4882 moliri.
1043 4824 1139 4883 Sin
1194 4829 1510 4898 materiam,
1560 4840 1725 4901 prout
1770 4832 1889 4902 ipse
1932 4833 2135 4899 voluit,
2179 4833 2410 4902 ejusque
2453 4831 2718 4901 sapientia
2751 4831 3083 4901 postulabat,
3120 4831 3342 4885 ﬁnxisse
3395 4830 3635 4900 dicetur,

344 4932 578 4991 eamque
603 4921 774 4978 variis
818 4937 884 4978 ac
909 4923 1307 4993 multiplicibus
1350 4926 1485 4980 artis
1546 4926 1953 4996 molitionisque
1989 4942 2104 4982 suae
2153 4924 2348 4980 formis
2375 4925 2749 4995 consignasse,
2773 4924 2911 4979 bene
2933 4924 3176 4979 ominata
3225 4931 3376 4978 certe
3406 4925 3633 4993 quidem

343 5026 583 5085 veraque
616 5014 733 5070 haec
783 5015 960 5070 oratio
1019 5014 1212 5083 fuerit,
1266 5027 1431 5087 atque
1476 5017 1747 5083 ejusmodi
1775 5058 1790 5085 ,
1845 5034 1969 5089 quae
2004 5026 2263 5088 praeterea
2321 5015 2527 5083 Deum,
2576 5016 2670 5088 qui
2718 5018 2887 5073 totius
2946 5015 3190 5071 universi
3227 5017 3337 5070 vita
3380 5019 3633 5086 quaedam

343 5116 399 5162 et
425 5106 840 5163 fundamentum
888 5116 1007 5173 est,
1062 5118 1218 5165 ortus
1268 5112 1450 5165 omnis
1494 5122 1771 5182 expertem
1807 5128 1929 5168 esse
1963 5111 2269 5166 conﬁrmet.
2304 5108 2439 5164 Nam
2461 5126 2589 5165 cum
2648 5110 2740 5165 illa
2782 5120 2937 5169 ortus
2992 5110 3300 5181 negatione,
3350 5113 3632 5181 propriam

343 5206 571 5277 insuper
623 5206 891 5262 existendi
938 5205 1204 5261 rationem
1270 5206 1574 5278 coniungit.
1621 5208 1889 5264 Caeterum
1930 5208 2103 5263 multa
2143 5206 2363 5277 quidem
2405 5205 2669 5262 adversus
2704 5206 2757 5261 id
2783 5205 3069 5261 hominum
3126 5223 3298 5278 genus
3342 5207 3453 5262 dici
3514 5222 3637 5270 pos-

344 5312 490 5372 sent,
518 5319 710 5368 verum
760 5303 985 5359 alterius
1032 5304 1137 5358 loci
1172 5304 1286 5364 haec
1314 5305 1612 5377 disputatio
1655 5305 1838 5361 fuerit.
1870 5303 1927 5360 Si
1969 5313 2146 5359 tamen
2175 5303 2263 5363 isti
2296 5318 2421 5357 cum
2444 5301 2853 5358 scelestissimis
2882 5310 2961 5357 tot
3007 5303 3234 5358 deorum
3283 5302 3634 5359 fabricatori-

344 5398 450 5456 bus
473 5399 850 5467 conferantur,
882 5401 1066 5458 minus
1095 5401 1260 5470 impie
1287 5401 1437 5473 loqui
1465 5403 1857 5463 censebuntur.
1902 5423 1921 5455 ι
1964 5400 2241 5457 Hactenus
2274 5398 2587 5471 Dionysius.
2618 5398 2796 5455 Verba
2841 5415 2988 5456 nunc
3025 5399 3281 5470 Origenis
3308 5400 3519 5471 accipe.

942 5516 1174 5575 CAPUT
1212 5518 1334 5576 XX.

2581 5517 2979 5572 ΚΕΦΑΛΑῙΟΝ
3009 5517 3095 5572 Κ’.

380 5607 459 5674 De
490 5610 691 5678 eodem,
720 5627 785 5669 ea:
825 5611 1068 5682 Origem's
1114 5614 1169 5672 in
1208 5612 1428 5674 Genesin
1464 5613 1893 5675 Commentariis.

2043 5609 2174 5679 Περὶ
2231 5609 2339 5665 τοῦ
2405 5608 2591 5669 αὑτοῦ
2638 5609 2761 5734 ait:
2826 5608 2945 5662 τῶν
2991 5607 3324 5679 Ὤριγένους
3373 5609 3462 5675 εὶς
3519 5607 3633 5675 τὴν

2766 5695 2954 5734 νεσιν.

2766 5695 2954 5735 νεσιν.

424 5780 447 5829 ι
482 5760 541 5829 Si
566 5765 859 5846 quispiam,
896 5766 1110 5847 inquit,
1164 5769 1315 5831 eoin
1367 5785 1551 5827 errore
1586 5771 1922 5841 versabitur,

2109 5792 2128 5833 ς
2171 5773 2233 5835 Εἰ
2280 5771 2340 5830 δέ
2395 5788 2501 5833 τινι
2536 5769 2871 5844 προσκόπτει
2930 5768 3020 5824 διὰ
3072 5770 3198 5833 τοὺς
3253 5767 3628 5840 ἀνθρωπίνους
