3856 6224
230 295 337 355 565

1398 289 1725 348 ΡΒᾸΞΡΑΒ.
1767 289 2024 348 EVANG.
2061 289 2191 347 LIB.
2230 289 2350 347 VII.

3399 291 3505 349 566

220 412 475 486 τεχνίτας
507 410 584 483 μὴ
612 406 870 465 δύνασθαι
912 409 1322 483 παραδέξασθαι
1369 411 1461 464 τὸν
1488 411 1623 465 Θεὸν
1647 412 1814 487 χωρὶς

1927 419 1980 465 ut
2008 409 2077 466 de
2132 410 2406 468 artiﬁcum
2431 415 2745 464 nostrorum
2780 421 2935 463 more
2961 406 3228 477 cogitans,
3263 406 3502 465 dandum

224 504 359 576 ῦλης
375 503 673 573 ἀγεννήτου
702 501 1073 573 ὑποκειμένης
1116 500 1547 564 κατασκευάζειν
1574 501 1641 555 τὰ
1666 502 1817 566 ὄντα,

223 597 349 651 ἐπεὶ
404 594 539 667 μηδὲ
587 594 1023 665 ἀνδριαντοποιὸς
1079 594 1250 665 χωρὶς
1304 592 1506 663 χαλκοῦ
1562 593 1623 646 τὸ
1691 593 1820 647 ῐδιον

223 684 388 758 ἔργον
440 685 664 755 ποιῆσαι
713 682 961 748 δύναται,
1021 683 1158 755 μηδὲ
1228 682 1437 736 τέκτων
1488 684 1658 755 χωρὶς
1730 681 1823 749 ξύ-

223 776 355 842 λων,
403 776 539 848 μηδὲ
582 775 863 845 οἰκοδόμος
915 776 1084 848 χωρὶς
1123 774 1320 829 λίθωνο
1376 775 1638 847 ζητητέον
1684 775 1820 849 πρὸς

223 867 394 924 αὑτοῦ
467 867 600 941 περὶ
668 866 951 939 δυνάμεως
1009 867 1184 936 Θεοῦ,
1256 870 1327 932 εἰ,
1382 867 1614 939 θελήσας
1690 871 1823 924 ὑπο-

226 963 424 1034 στῆσαι
460 961 489 1014 6
513 977 567 1013 τι
598 960 847 1031 βούλεται
875 962 905 1014 ὁ
962 960 1113 1026 Θεὸς,
1166 962 1267 1032 τῆς
1323 960 1595 1033 θελήσεως
1653 962 1819 1017 αὐτοῦ

223 1054 329 1107 οὐκ
402 1051 788 1124 ἀπορουμένης
852 1051 976 1106 οὐδὲ
1027 1052 1363 1126 ἀτονούσης,
1419 1053 1645 1109 δύναται
1696 1056 1823 1109 ὐπο-

227 1147 426 1217 στῆσαι
458 1144 488 1198 ὸ
516 1143 784 1216 βούλεται.
814 1139 887 1217 ᾯ
913 1143 1022 1217 γὰρ
1041 1145 1185 1218 λόγῳ
1210 1146 1310 1210 τὰς
1335 1146 1627 1219 ποιότητας
1656 1147 1820 1220 (κατὰ

225 1238 439 1301 πάντας
470 1238 597 1301 τοὺς
616 1237 883 1309 Πρόνοιαν
911 1237 1230 1306 εἰσάγοντας
1250 1237 1328 1310 τῷ
1350 1239 1465 1310 ἰδίῳ
1492 1238 1682 1311 λόγῳ,)
1718 1241 1821 1294 οὐκ

224 1327 418 1392 οὔσας,
451 1327 528 1392 ὠς
561 1326 832 1397 βούλεται,
864 1330 943 1391 εἰς
971 1328 1332 1401 διακόσμησιν
1354 1328 1449 1383 τοῦ
1479 1331 1682 1396 παντὸς
1726 1332 1822 1402 ὑφ·

225 1420 413 1492 ίστησι
452 1423 518 1492 τῇ
546 1420 739 1492 ἀφάτῳ
760 1421 927 1474 αὐτοῦ
963 1421 1188 1493 δυνάμει
1212 1424 1307 1477 καὶ
1329 1423 1511 1496 σοφίᾳ,
1545 1424 1717 1495 τούτῳ
1742 1424 1821 1496 τῷ

222 1512 390 1584 λόγῳ,
420 1513 516 1566 καί
541 1512 642 1585 τὴν
668 1513 854 1567 οὐσίαν
874 1514 1006 1585 ὅσης
1038 1513 1252 1586 χρῄζει,
1284 1517 1444 1588 ἰκανή
1475 1516 1624 1570 ἐστιν
1653 1517 1818 1571 αὐτοῦ

225 1602 261 1671 η
292 1600 548 1672 βούλησις
579 1602 801 1671 ποιῆσαι
824 1601 1097 1669 γενέσθαι.
1146 1604 1525 1677 ’Λπορήσομεν
1549 1606 1660 1679 (88)
1711 1608 1820 1680 γὰρ

223 1693 369 1764 πρὸς
387 1694 516 1756 τοὺς
543 1692 604 1745 οὐ
637 1690 994 1764 βουλομένους
1021 1693 1177 1749 ταῦθ’
1220 1695 1394 1761 οὕτως
1424 1697 1590 1769 ἔχειν,
1643 1700 1693 1753 εἰ
1743 1700 1818 1772 μὴ

223 1782 516 1837 ἀκολουθεί
537 1781 723 1846 αὐτοῖς
770 1783 1132 1855 εὐτυχηκέναι
1176 1785 1269 1841 τὸν
1311 1786 1465 1852 Θεὸν,
1524 1788 1821 1859 ἀγέννητον
1853 1772 1893 1826 Β

224 1877 461 1949 εὑρόντα
482 1876 583 1947 τὴν
629 1877 837 1941 οὐσίαν,
874 1876 961 1947 ἢν,
995 1878 1044 1930 εἰ
1085 1877 1161 1950 μὴ
1213 1878 1276 1931 τὸ
1336 1880 1632 1954 ἀγέννητον
1675 1881 1824 1953 αὐτῷ

226 1967 606 2041 ὑποϐεϐληκὸς
631 1964 721 2041 ἦν,
782 1969 939 2023 οὐδὲν
984 1969 1147 2041 ἔργον
1199 1970 1422 2037 δυνατὸς
1474 1972 1541 2045 ἦν
1577 1977 1821 2046 ποιῆσαι,

223 2062 345 2116 ἀλλ’
375 2061 568 2133 ἔμενεν
589 2063 652 2115 οὐ
674 2062 1030 2135 δημιουργὸς,
1059 2065 1119 2117 οὐ
1139 2064 1349 2137 Πατὴρ,
1374 2066 1474 2119 οὐκ
1505 2066 1822 2138 εὐεργέτης,

223 2155 330 2211 οὐκ
357 2155 584 2225 ἀγαθὸς,
613 2156 712 2209 οὐκ
732 2156 859 2211 ἀλλο
887 2156 1077 2210 τε⁴τῶν
1104 2157 1340 2227 εὐλόγως
1364 2158 1670 2229 λεγομένων
1693 2160 1825 2233 περί

223 2248 386 2302 Θεοῦ.
409 2248 581 2303 Πόθεν
606 2249 664 2302 δὲ
696 2250 789 2304 καὶ
821 2250 882 2304 τὸ
933 2254 1154 2323 μετρεῖν
1196 2254 1297 2324 τῆς
1343 2252 1709 2325 ὑποκειμένης
1732 2253 1826 2308 οὐ.

228 2339 355 2404 σίας
383 2340 447 2393 τὸ
478 2340 714 2406 τοσόνδε,
746 2341 823 2405 ὡς
842 2342 1129 2413 διαρκέσαι
1170 2346 1237 2415 τῇ
1269 2344 1590 2414 τηλικούτου
1614 2343 1822 2416 κόσμου

226 2431 565 2495 ὑποστάσεις
590 2432 765 2486 Οἰονεί
786 2432 895 2505 γὰρ
923 2433 1160 2505 Πρόνοιά
1195 2452 1280 2498 τις
1311 2434 1657 2506 πρεσϐυτέρα
1688 2434 1825 2489 Θεοῦ

229 2523 550 2591 ἀναγκαίως
576 2523 675 2594 τὴν
738 2522 871 2594 ὕλην
932 2523 1092 2593 ἔσται.
1128 2524 1536 2597 ὑποϐεϐληκυω
1558 2525 1638 2597 τῷ
1681 2525 1822 2597 Θεῷ,

230 2613 609 2686 προνοουμένη
634 2614 734 2685 τὴν
757 2615 955 2687 τέχνην
984 2615 1084 2687 τὴν
1111 2615 1525 2688 ἐνυπάρχουσαν
1559 2616 1707 2688 αὐτῷ
1749 2616 1825 2689 μὴ

229 2707 631 2779 κενοπαθῆσαι,
656 2709 756 2762 οὐκ
785 2708 951 2780 οὐσης
974 2710 1181 2774 οὐσίας,
1236 2703 1271 2783 ᾖ
1308 2709 1567 2781 ὁμιλῆσαι
1595 2710 1827 2782 δυνάμε-

228 2816 325 2863 νος
350 2799 735 2871 κατεκόσμησε
784 2799 846 2852 τὸ
878 2800 1197 2871 τηλικοῦτον
1228 2801 1436 2873 κόσμου
1487 2801 1702 2867 κάλλος.
1727 2803 1827 2856 Πό-

229 2888 327 2943 θεν
354 2889 414 2942 δὲ
447 2891 542 2945 καὶ
565 2890 789 2962 δεκτικὴ
836 2892 1125 2962 γεγένηται
1166 2892 1348 2964 πάσης
1389 2888 1457 2965 ἧς
1519 2892 1766 2962 βούλεται
1798 2896 1829 2948 ό

228 2981 370 3045 Θεὸς
411 2983 715 3054 ποιότητος,
752 2983 828 3054 μὴ
852 2984 1017 3037 αὑτοῦ
1042 2984 1137 3039 τοῦ
1163 2985 1300 3039 Θεοῦ
1328 2986 1509 3057 ἑαυτῷ
1555 2985 1824 3059 τοσαύτην

230 3075 331 3129 καὶ
385 3075 642 3146 τοιαύτην
695 3076 1040 3147 ποιήσαντος,
1095 3078 1286 3134 ὁποίαν
1337 3079 1480 3150 ἔχειν
1535 3080 1821 3148 ὲϐούλετο;
1854 3104 1895 3150 ,ἢ

229 3166 374 3222 Καθ’
404 3166 662 3220 ὑπόθεσιν
693 3166 825 3236 γοῦν
848 3169 1239 3240 ἀποδεξάμενοι
1282 3170 1343 3223 τὸ
1370 3170 1663 3243 ἀγέννητον
1685 3168 1825 3227 εἶναι

229 3257 334 3329 τὴν
361 3256 517 3329 ὓλην,
538 3258 712 3312 ταῦτα
744 3259 979 3331 ἐροῦμεν
1010 3261 1149 3332 πρὸς
1198 3261 1325 3326 τοὺς
1366 3262 1526 3316 τοῦτο
1571 3262 1827 3334 βουλομέ-

233 3367 382 3415 νους·
409 3351 513 3415 ὅτι,
544 3351 615 3415 εἰ,
647 3351 912 3423 Προνοίας
942 3353 1042 3424 οὐχ
1071 3354 1477 3426 ὑποϐαλλούσης
1505 3354 1603 3427 τὴν
1640 3355 1826 3409 οὐσίαν

230 3440 317 3511 τῷ
333 3438 476 3511 Θεῷ,
489 3439 715 3511 τοιαύτη
738 3442 1049 3514 γεγένηται,
1078 3444 1126 3496 εἰ
1153 3444 1385 3514 Πρόνοια
1407 3440 1476 3515 ἦν
1505 3443 1790 3513 ὑφεστῶσα
1809 3483 1824 3509 ,

232 3533 288 3587 τί
319 3535 387 3586 ἂν
416 3533 580 3587 πλέον
602 3536 897 3605 πεποιήκει
926 3535 1019 3589 τοῦ
1066 3536 1407 3607 αὐτομάτους
1436 3537 1546 3590 Καὶ
1567 3540 1615 3590 εἰ
1640 3536 1824 3601 αὐτὸς,

236 3626 316 3697 μὴ
342 3624 515 3697 οὔσης
540 3625 694 3697 ὕλης,
719 3626 970 3682 ἐϐούλετο
1013 3630 1423 3684 κατασκευάσαι
1460 3630 1649 3702 αὐτὴν,
1672 3631 1726 3684 τί
1760 3630 1827 3684 ἂν

234 3718 402 3772 πλέον
426 3719 457 3788 ἡ
485 3718 668 3786 σοφία,
724 3718 818 3770 καὶ
850 3719 883 3788 ἡ
918 3716 1132 3789 θειότης
1183 3719 1349 3773 αὐτοῦ
1382 3721 1691 3791 πεποιήκει,
1730 3719 1826 3774 τοῦ

233 3809 296 3877 ἐξ
326 3810 625 3880 ἀγεννήτου
665 3811 1029 3878 ὑποστάντος;
1065 3812 1127 3864 Εἰ
1154 3812 1263 3883 γάρ
1288 3812 1599 3885 εὑρίσκεται
1630 3810 1827 3868 ταύτὸν

232 3904 533 3976 γενόμενον
559 3906 628 3959 ἂν
656 3904 762 3960 ὑπὸ
787 3905 888 3975 τῆς
906 3904 1191 3972 Προνοίας,
1224 3905 1361 3975 ὅπερ
1382 3904 1477 3957 καὶ
1504 3906 1675 3976 χωρὶς
1695 3922 1828 3975 προ-

234 3995 389 4061 νοίας
414 3997 649 4069 ὑπέστη,
679 3998 768 4052 διὰ
792 3996 843 4049 τί
869 3996 992 4068 οὐχὶ
1020 3997 1115 4050 καὶ
1137 3997 1231 4049 ἐπὶ
1262 3994 1356 4049 τοῦ
1395 3995 1604 4067 κόσμου
1630 3996 1828 4069 ἀθετή-

237 4105 407 4160 σομεν
434 4089 529 4143 τὸν
556 4088 888 4161 δημιουργὸν
918 4089 1013 4142 καὶ
1050 4088 1140 4143 τὸν
1166 4088 1414 4159 τεχνίτην
1438 4103 1453 4152 ;
1480 4087 1690 4158 Ὥσπερ
1718 4087 1827 4161 γὰρ

234 4183 439 4237 ἄτοπον
466 4180 561 4235 ἐπὶ
604 4180 697 4234 τοῦ
745 4180 951 4252 κόσμου
999 4182 1172 4234 εἰπεῖν
1197 4179 1341 4234 οὑτω
1378 4178 1643 4250 τεχνικῶς
1693 4196 1829 4233 κατ-

236 4273 648 4344 εσκευασμένου
676 4272 736 4328 τὸ
762 4273 935 4345 χωρὶς
959 4273 1205 4343 τεχνίτου
1229 4271 1395 4341 σοφοῦ
1414 4272 1503 4325 τὸν
1521 4269 1828 4325 αὐτοτοιοῦ-

236 4381 329 4417 τον
344 4363 653 4434 γεγονέναι,
677 4361 820 4416 οὑτω
854 4362 948 4416 καὶ
995 4361 1060 4416 τὸ
1096 4363 1195 4434 τὴν
1240 4361 1372 4433 ὓλην
1410 4360 1681 4431 τοσαύτην
1734 4360 1829 4414 καί

1920 518 2043 559 esse
2075 514 2253 576 neget,
2288 502 2459 558 Deum
2491 517 2577 557 res
2605 501 2892 558 universas
2918 501 3098 557 moliri
3147 518 3307 573 posse
3326 544 3342 569 ,
3396 500 3504 558 nisi

1921 597 2207 655 materiam
2247 595 2541 668 quamdam
2597 602 2719 649 ortu
2769 604 3044 650 carentem
3098 610 3209 665 pra:
3250 595 3508 653 manibus

1922 686 2197 754 habuerit,
2222 702 2347 742 cum
2403 700 2582 756 neque
2623 684 2922 740 statuarius
2970 684 3178 755 absque
3211 700 3318 740 aere
3343 723 3360 747 ,
3405 699 3508 741 nec

1922 776 2074 833 faber
2107 778 2374 849 lignarius
2402 776 2523 832 sine
2560 774 2744 846 lignis,
2774 790 2876 830 nec
2910 775 3241 831 architectus
3273 777 3391 831 sine
3423 776 3504 831 la-

1921 871 2161 941 pidibus,
2188 869 2350 942 335
2393 876 2706 936 susceptum
2766 884 2906 940 opus
2954 867 3239 924 elaborare
3281 868 3505 938 possit:

1920 962 1989 1018 de
2013 970 2280 1033 potestate
2306 960 2397 1015 Dei
2423 958 2776 1030 quaerendum
2808 972 2875 1012 ex
2898 956 2991 1011 illo
3022 963 3127 1020 est,
3151 965 3335 1011 utrum
3366 954 3507 1012 Deus

1920 1054 2015 1110 ubi
2059 1050 2326 1124 quidquid
2362 1051 2462 1122 ipsi
2491 1050 2791 1122 placuerit,
2825 1048 3002 1104 moliri
3036 1048 3324 1112 statuerit,
3355 1048 3507 1102 nulla

1920 1126 2233 1200 diﬁicultate
2262 1144 2372 1198 vim
2396 1142 2516 1213 ejus
2545 1139 2841 1196 voluntatis
2884 1138 3191 1205 inhibente,
3237 1139 3384 1209 quod
3426 1139 3507 1192 vi-

1920 1250 2042 1291 sum
2075 1234 2176 1291 sibi
2202 1233 2384 1298 fuerit,
2417 1233 2675 1303 perlicere
2718 1229 2910 1301 possit.
2949 1227 3069 1296 Qua
3116 1230 3261 1285 enim
3296 1230 3507 1285 ratione

1920 1329 2211 1398 qualitates
2245 1328 2365 1383 illas
2395 1326 2471 1396 (id
2504 1325 2650 1396 quod
2673 1340 2737 1380 ex
2769 1340 2959 1380 eorum
2985 1324 3231 1379 omnium
3254 1324 3346 1394 qui
3373 1324 3509 1378 Pro-

1921 1421 2217 1477 videntiam
2257 1434 2380 1475 esse
2427 1416 2763 1484 defendunt,
2818 1416 3072 1472 oratione
3124 1417 3508 1486 sententiaque

1920 1514 2272 1583 conjunctum
2312 1509 2414 1580 est)
2452 1525 2574 1581 quae
2604 1510 2896 1564 nullasdum
2954 1518 3131 1575 erant,
3166 1509 3233 1564 ad
3268 1508 3510 1564 universi

1920 1614 2197 1671 ornatum,
2227 1618 2327 1673 pro
2356 1602 2565 1657 inﬁnita
2591 1610 2861 1672 potestate
2893 1602 3271 1672 sapientiaque
3304 1601 3510 1672 produ-

1920 1697 2026 1752 cit:
2060 1697 2251 1752 eadem
2298 1696 2563 1762 omnino,
2614 1703 2867 1749 naturam
2904 1695 3242 1765 quamlibet,
3305 1694 3353 1750 si
3397 1709 3509 1764 qua

1922 1786 2064 1844 forte
2097 1787 2376 1858 indigeat,
2430 1800 2720 1856 procreare
2768 1786 3029 1842 continuo
3084 1787 3338 1842 voluntas
3387 1786 3510 1857 ejus

1926 1896 2021 1951 per
2055 1896 2174 1937 sese
2204 1880 2421 1950 poterit.
2445 1878 2581 1934 Nam
2618 1895 2927 1950 quaeremus
2959 1894 3025 1935 ex
3052 1880 3120 1934 iis
3143 1880 3235 1949 qui
3265 1880 3511 1936 rem-hoc

1927 1973 2090 2029 modo
2113 1988 2170 2028 se
2199 1972 2398 2026 habere
2426 1972 2764 2043 negaverint,
2794 1972 3058 2041 numquid
3080 1987 3143 2025 ex
3171 1986 3360 2026 eorum
3391 1973 3510 2041 opi-

1927 2067 2092 2121 nione
2122 2079 2466 2135 consequens
2520 2066 2611 2129 sit,
2653 2064 2793 2120 belle
2823 2065 3118 2121 admodum
3151 2065 3203 2119 id
3231 2080 3297 2120 ac
3330 2064 3511 2120 fortu—

1927 2171 2055 2236 nate
2080 2159 2191 2215 Deo
2223 2158 2479 2217 cessisse.
2504 2160 2649 2231 quod
2678 2160 2735 2214 in
2775 2168 3028 2214 naturam
3061 2159 3206 2214 illam
3240 2168 3392 2214 ortus
3414 2175 3513 2214 ex-

1925 2259 2133 2321 pertem
2165 2250 2435 2317 inciderit,
2464 2267 2628 2321 quam
2670 2252 2776 2307 nisi
2814 2266 2880 2307 eo
2910 2251 3051 2322 ipso,
3083 2250 3228 2320 quod
3259 2258 3381 2305 ortu
3414 2266 3511 2305 cae

1926 2353 2091 2410 reret,
2116 2353 2311 2400 nactus
2333 2354 2501 2411 esset,
2527 2343 2662 2398 nihil
2699 2359 2941 2415 unquam
2964 2344 3176 2400 eﬁicere
3220 2344 3511 2414 potuisset,

1926 2436 2171 2507 adeoque
2201 2445 2456 2506 perpetuo
2479 2475 2494 2501 ,
2553 2436 2824 2492 molitoris
2849 2474 2867 2500 ,
2913 2435 3156 2507 parentis
3181 2477 3197 2502 ,
3258 2434 3509 2506 benigni,

1926 2528 2092 2592 boni,
2136 2542 2202 2584 ac
2229 2528 2443 2583 caeteris
2473 2528 2751 2592 omnibus,
2781 2543 2904 2598 quae
2947 2543 3145 2599 magna
3180 2542 3303 2583 cum
3339 2528 3508 2581 ratio-

1928 2638 1996 2678 ne
2014 2624 2125 2677 Deo
2154 2622 2492 2687 tribuuntur,
2522 2622 2839 2678 nominibus
2855 2622 3142 2692 spoliatus,
3160 2622 3506 2692 perstitisset.

1929 2711 2133 2767 Deinde
2160 2712 2255 2783 qui
2293 2712 2409 2766 ﬁeri
2439 2710 2650 2781 potuit,
2679 2718 2740 2764 ut
2769 2710 2878 2763 vim
2911 2709 3149 2763 materiae
3172 2716 3399 2770 tantam,
3428 2708 3509 2762 sic

1925 2812 2185 2874 tanquam
2233 2804 2301 2860 ad
2338 2804 2554 2874 pondus
2600 2814 2854 2858 accurate
2883 2801 3133 2871 justeque
3160 2800 3229 2854 ad
3259 2815 3507 2855 mensam

1927 2898 2217 2961 invenerit,
2254 2913 2377 2968 qua:
2400 2896 2468 2951 ad
2500 2896 2666 2967 hujus
2695 2895 2915 2967 proprie
2942 2910 3052 2949 non
3084 2892 3312 2963 majoris
3337 2893 3510 2946 mino-

1926 2990 2075 3045 risve
2117 2990 2308 3044 mundi
2363 2988 2702 3043 molitionem
2765 2986 2901 3042 satis
2958 2986 3138 3041 esset?
3201 2984 3509 3039 lnvehenda

1929 3080 2129 3150 quippe
2159 3081 2345 3136 nescio
2385 3095 2544 3150 quae,
2588 3077 2700 3134 Deo
2754 3087 2935 3133 tamen
2970 3076 3247 3147 antiquior
3270 3116 3285 3141 ,
3321 3073 3510 3129 Provi-

1927 3172 2105 3227 dentia
2139 3173 2451 3227 necessario
2476 3170 2659 3236 fuerit,
2687 3186 2812 3241 quae
2840 3170 3127 3225 materiam
3164 3168 3215 3222 ei
3262 3167 3510 3236 subiece-

1926 3263 2019 3329 rit,
2051 3264 2180 3317 dum
2230 3263 2282 3317 id
2326 3278 2390 3317 ea
2420 3262 2730 3332 provideret
2760 3260 2813 3315 in
2860 3268 3162 3331 posterum,
3188 3272 3256 3313 ne
3288 3272 3428 3328 quas
3454 3255 3509 3309 in

1927 3370 2047 3411 sese
2081 3355 2224 3411 Deus
2252 3356 2474 3409 haberet
2503 3355 2640 3409 artis
2669 3369 2782 3409 sua:
2812 3354 3061 3409 notiones
3086 3393 3102 3419 ,
3150 3351 3320 3405 irritae
3347 3349 3509 3405 cede-

1926 3457 2069 3513 rent,
2103 3448 2279 3503 sinon
2310 3448 2431 3518 ejus
2466 3458 2675 3503 naturae
2716 3446 2871 3516 copia
2907 3445 3090 3512 ﬁeret,
3141 3444 3301 3515 cujus
3346 3456 3512 3513 opera

1927 3549 2037 3595 tam
2070 3540 2421 3594 excellentem
2454 3546 2510 3593 et
2536 3539 2790 3594 eximiam
2831 3537 3072 3592 universi
3131 3536 3367 3605 speciem
3398 3531 3512 3588 eiii-

1926 3639 2095 3687 ceret.
2126 3629 2281 3686 Unde
2304 3645 2470 3701 porro
2498 3629 2551 3684 id
2576 3628 2785 3695 habuit,
2817 3638 2877 3682 ttt
2915 3627 3097 3682 omnis
3128 3627 3248 3696 ejus
3274 3625 3509 3695 qualita-

1927 3721 1999 3776 tis
2022 3736 2193 3790 capax
2238 3729 2406 3786 esset,
2439 3735 2602 3789 quam
2635 3719 2808 3774 eidem
2844 3718 3157 3785 imprimere
3221 3715 3363 3771 Deus
3412 3724 3507 3769 vo.

1926 3813 2137 3878 luisset,
2168 3811 2274 3867 nisi
2299 3812 2515 3881 qualem
2549 3826 2671 3865 eam
2708 3810 2907 3864 habere
2945 3809 3060 3877 ipse
3092 3808 3293 3871 vellet,
3346 3806 3507 3861 talem

1928 3913 2052 3960 ante
2082 3903 2186 3959 sibi
2219 3912 2534 3972 tantamque
2575 3901 2798 3956 molitus
2830 3900 2933 3956 erit
2954 3899 2977 3953 ?
2998 3898 3117 3954 Jam
3148 3909 3207 3952 ut
3229 3897 3509 3953 nonnullis

1927 4000 2183 4054 daremus
2214 4009 2335 4052 ortu
2369 4010 2555 4051 carere
2582 3993 2867 4049 materiam
2895 4032 2911 4058 ,
2969 3992 3037 4048 iis
3077 4000 3256 4046 tamen
3286 3990 3379 4061 qui
3428 3989 3510 4044 sic

1928 4091 2246 4161 epinantur,
2272 4089 2419 4143 hunc
2450 4087 2506 4141 in
2549 4086 2771 4141 modum
2819 4085 3027 4141 instare
3073 4099 3402 4154 possemus:
3449 4079 3509 4137 Si

1927 4180 2278 4253 quantumvis
2322 4188 2574 4234 naturam
2626 4177 2775 4231 illam
2813 4175 2925 4231 Deo
2970 4175 3310 4247 providentia
3362 4173 3510 4229 nulla

1929 4272 2241 4341 subjecerit,
2262 4270 2533 4342 ejusmodi
2557 4279 2736 4325 tamen
2768 4285 2847 4325 ea
2873 4286 2971 4341 per
2999 4285 3121 4325 sese
3160 4269 3263 4323 fuit
3290 4286 3305 4323 :
3356 4283 3509 4323 eam-

1929 4364 2051 4419 dem
2086 4364 2135 4419 si
2157 4362 2504 4417 Providentia
2535 4370 2730 4431 su0pte
2754 4362 2991 4417 consilio
3021 4368 3384 4431 procreasset,
3420 4375 3511 4414 ec-

237 4457 517 4528 τοιαύτην,
542 4456 637 4510 καὶ
656 4454 828 4519 οὕτως
857 4454 1105 4525 εἰκτικὴν
1130 4454 1209 4525 τῷ
1241 4455 1460 4529 τεχνίτῃ
1492 4455 1651 4526 Λόγῳ
1691 4451 1825 4507 Θεοῦ

1932 4445 2062 4524 quid
2089 4453 2324 4523 amplius
2362 4453 2499 4522 ipsa,
2527 4468 2690 4523 quam
2725 4451 2873 4522 quod
2903 4450 3129 4506 fortuito
3159 4466 3402 4522 casuque
3432 4448 3512 4505 fa—

237 4549 608 4619 ὑφεστηκέναι
637 4548 946 4618 ἀγεννήτως
1000 4547 1196 4618 ἐπίσης
1246 4548 1394 4601 ἐστὶν
1416 4547 1630 4616 ἄλογον.
1684 4546 1828 4618 Πρὸς

242 4643 428 4715 μέντοι
456 4658 523 4711 γε
550 4642 677 4703 τοὺς
705 4639 1173 4710 παραϐάλλοντας,
1197 4640 1277 4692 ὅτι
1298 4640 1474 4703 οὐδεὶς
1501 4639 1830 4711 δημιουργὸς

238 4735 413 4807 χωρὶς
436 4733 572 4804 ῦλης
593 4735 756 4797 ποιεῖ,
771 4732 992 4785 λεκτέον
1011 4732 1094 4784 ὅτι
1110 4731 1378 4801 ἀνομοίως
1402 4731 1828 4802 παραϐάλλουσι.

241 4829 479 4900 Πρόνοια
502 4826 613 4898 γὰρ
638 4827 803 4880 παντὶ
823 4825 1044 4898 τεχνίτῃ
1069 4824 1359 4878 ὑποϐάλλει
1400 4825 1500 4897 τὴν
1544 4824 1697 4898 ὕλην,
1724 4825 1833 4879 ἀπὸ

244 4918 519 4989 προτέρας
545 4917 761 4987 τέχνης,
804 4916 839 4988 ἣ
867 4915 1270 4988 ἀνθρωπίνηςῆ
1314 4915 1464 4981 θείας
1508 4916 1829 4990 ἐρχομένην.

244 5009 435 5064 Ταῦτα
463 5009 562 5080 μὶν
585 5005 678 5063 οὖν
716 5009 811 5062 ἐπὶ
835 5007 929 5062 τοῦ
959 5010 1228 5081 παρόντος
1266 5008 1490 5080 ἀρκέσει
1519 5010 1656 5082 πρὸς
1682 5010 1830 5075 τοὺς,

244 5102 334 5157 διά
355 5102 422 5155 τὸ
444 5100 724 5170 λέγεσθαι,
759 5119 779 5152 ι
815 5101 880 5154 Ἥ
905 5100 963 5154 δὲ
1019 5100 1094 5171 γῆ
1138 5095 1208 5171 ἦν
1235 5100 1466 5173 ἀόρατος
1490 5102 1584 5156 καὶ
1625 5104 1832 5157 ἀκατα-

250 5193 605 5258 σκεύαστος,ι
633 5193 912 5265 οἰομένους
963 5193 1261 5266 ἀγέννητον
1287 5190 1425 5248 εἶναι
1450 5195 1549 5267 τὴν
1598 5212 1835 5267 σωματι-

250 5285 350 5358 κὴν
374 5285 559 5357 φύσιν.
574 5305 592 5336 ι
612 5286 865 5341 Τοσαῦτα
887 5286 981 5341 καὶ
1002 5281 1175 5351 οὗτος.
1200 5287 1311 5341 Καὶ
1333 5289 1362 5341 ό
1385 5287 1631 5359 Ἐϐραῖος
1657 5288 1714 5344 δὲ
1739 5288 1833 5340 Φί-

249 5376 355 5431 λων
378 5380 439 5434 ὲν
461 5377 542 5449 τῷ
566 5378 708 5448 Περί
733 5377 840 5448 τῆς
886 5380 1179 5449 Προνοίας
1205 5380 1337 5450 (89),
1372 5379 1545 5434 ταῦτα
1585 5379 1713 5452 περὶ
1736 5380 1835 5452 τῆς

256 5467 385 5545 ὑληρ
403 5471 648 5537 διέξεισι.
1048 5502 1049 5505 η

328 5624 473 5705 (88).
503 5624 930 5705 Ἀπορήσοέιεν.
990 5623 1288 5698 Ingeniosa:
1359 5634 1485 5683 sunt
1534 5642 1599 5683 ac
1651 5625 1838 5684 solidae

256 5690 344 5749 0τὶ
385 5690 511 5751 eitis
544 5690 945 5754 rationcs'istae.

329 5714 441 5820 (g9)
494 5770 635 5820 Περὶ
678 5764 785 5820 τῆ(-
824 5769 943 5820 Hoc

329 5764 441 5839 (89)
494 5770 635 5835 Περί
678 5764 785 5834 τῆς
824 5768 1134 5836 Προγοιάς.
1167 5766 1284 5824 Non
1318 5776 1494 5825 exstat
1539 5783 1677 5836 opus
1707 5766 1840 5824 illud

1933 4557 2082 4603 ctum
2140 4545 2420 4608 videmus,
2454 4543 2761 4600 eﬁ‘ecisset?
2792 4542 2933 4609 Quid
2985 4541 3131 4597 Deus
3177 4542 3291 4612 ipse
3339 4551 3512 4598 mate-

1933 4639 2095 4701 riam,
2131 4652 2252 4708 quae
2299 4636 2449 4690 nulla
2479 4644 2592 4690 tum
2642 4642 2809 4702 esset,
2839 4635 3041 4705 lingere
3081 4632 3369 4702 molirique
3397 4642 3513 4687 sta-

1936 4732 2171 4788 tuisset?
2207 4730 2423 4801 ecquid
2452 4729 2672 4784 tandem
2717 4727 2838 4798 ejus
2882 4742 3008 4782 cum
3041 4725 3340 4795 sapientia,
3397 4733 3513 4780 tum

1933 4825 2193 4882 divinitas
2219 4823 2574 4880 excellentius
2599 4863 2613 4889 ,
2645 4836 2809 4893 quam
2842 4819 2988 4890 quod
3032 4834 3099 4874 ex
3132 4826 3257 4873 ortu
3298 4826 3516 4872 carente

1934 4916 2164 4971 materia
2181 4915 2407 4975 exstitit.
2425 4913 2647 4969 molitus
2669 4911 2852 4968 esset?
2884 4908 3021 4964 Nam
3052 4908 3099 4965 si
3125 4924 3193 4964 ex
3218 4907 3517 4965 Providen-

1935 5008 2009 5063 tia
2040 5008 2182 5063 idem
2209 5006 2435 5062 omnino
2463 5003 2833 5076 profecturum
2871 5013 2985 5058 erat
3008 5045 3025 5070 ,
3066 5000 3209 5073 quod
3237 4999 3355 5055 sine
3378 4997 3516 5053 Pro-

1935 5100 2172 5155 videntia
2207 5098 2411 5156 factum
2436 5108 2538 5164 est,
2569 5097 2760 5169 quidni
2804 5112 2874 5152 ex
2910 5097 3028 5167 ipso
3062 5108 3280 5166 quoque
3312 5093 3517 5147 mundo

1936 5201 2213 5249 auctorem
2244 5205 2462 5246 omnem
2498 5189 2871 5259 artiﬁcemque
2898 5187 3198 5244 tollamus?
3243 5184 3517 5251 Quemad-

1937 5286 2159 5341 modum
2198 5283 2342 5338 enim
2384 5282 2681 5338 absurdum
2715 5281 2899 5345 fuerit,
2954 5279 3219 5335 mundum
3250 5277 3398 5331 hunc
3428 5277 3516 5331 di-

1939 5392 2062 5433 cere
2101 5386 2211 5431 tam
2237 5376 2533 5445 eleganter,
2570 5383 2799 5444 apteque
2836 5380 3211 5428 constructum
3238 5409 3255 5435 ,
3309 5368 3518 5439 absque

1939 5468 2200 5540 sapientis
2233 5466 2457 5523 artiﬁcis
2496 5480 2663 5520 manu
2709 5462 2899 5519 talem'
2928 5462 3244 5528 exstitisse,
3292 5460 3369 5515 ita
3409 5460 3518 5514 vim

1940 5622 2185 5679 Philonis
2214 5621 2289 5677 De
2313 5620 2676 5677 Providentia.
2704 5620 2972 5677 Caeterum
2997 5633 3061 5673 ex
3084 5617 3190 5672 hoc
3216 5616 3521 5686 fragmento

1941 5694 2144 5753 auferri
2196 5704 2402 5763 potest,
2452 5691 2736 5749 Philonem
2772 5690 3018 5763 materiis
3058 5705 3124 5743 ex
3174 5697 3357 5763 mente
3388 5702 3518 5763 sen-

1942 5767 2103 5833 sisse,
2137 5758 2329 5822 rudem
2359 5758 2412 5821 et
2446 5763 2769 5830 indigestam
2818 5778 2848 5818 a
2882 5760 2993 5817 Deo
3030 5760 3272 5816 materia:
3315 5758 3515 5813 molem
