  <div class='ocr_page' id='page_1' title='image "/cluster/home/n/w/nwhite01/storage/ocr_20150623/21/nnc1.0046978437/430.png"; bbox 0 0 3878 6220; ppageno 0'>
   <div class='ocr_carea' id='block_1_1' title="bbox 148 320 261 378">
    <p class='ocr_par' dir='ltr' id='par_1_1' title="bbox 148 320 261 378">
     <span class='ocr_line' id='line_1_1' title="bbox 148 320 261 378; baseline -0.018 1"><span class='ocrx_word' id='word_1_1' title='bbox 148 320 261 378; x_wconf 76' lang='lat'><strong>569</strong></span> 
     </span>
    </p>
   </div>
   <div class='ocr_carea' id='block_1_2' title="bbox 1328 303 2274 364">
    <p class='ocr_par' dir='ltr' id='par_1_2' title="bbox 1328 303 2274 364">
     <span class='ocr_line' id='line_1_2' title="bbox 1328 303 2274 364; baseline -0.005 0"><span class='ocrx_word' id='word_1_2' title='bbox 1328 306 1651 364; x_wconf 66' lang='lat' dir='ltr'><strong>PRIEPAR.</strong></span> <span class='ocrx_word' id='word_1_3' title='bbox 1697 305 1952 363; x_wconf 78' lang='lat' dir='ltr'><strong>EVANG.</strong></span> <span class='ocrx_word' id='word_1_4' title='bbox 1988 305 2120 362; x_wconf 89' lang='lat' dir='ltr'><strong>LIB.</strong></span> <span class='ocrx_word' id='word_1_5' title='bbox 2161 303 2274 359; x_wconf 77' lang='lat' dir='ltr'><strong>VII.</strong></span> 
     </span>
    </p>
   </div>
   <div class='ocr_carea' id='block_1_3' title="bbox 3311 301 3422 359">
    <p class='ocr_par' dir='ltr' id='par_1_3' title="bbox 3311 301 3422 359">
     <span class='ocr_line' id='line_1_3' title="bbox 3311 301 3422 359; baseline -0.036 0"><span class='ocrx_word' id='word_1_6' title='bbox 3311 301 3422 359; x_wconf 57' lang='grc' dir='ltr'>θ’Ἶο</span> 
     </span>
    </p>
   </div>
   <div class='ocr_carea' id='block_1_4' title="bbox 152 414 3397 502">
    <p class='ocr_par' dir='ltr' id='par_1_4' title="bbox 152 414 3397 502">
     <span class='ocr_line' id='line_1_4' title="bbox 152 414 3397 502; baseline -0.007 -9"><span class='ocrx_word' id='word_1_7' title='bbox 152 431 398 502; x_wconf 65' lang='lat' dir='ltr'><strong>Scripsit,</strong></span> <span class='ocrx_word' id='word_1_8' title='bbox 430 430 587 502; x_wconf 86' lang='lat' dir='ltr'><strong>juvat</strong></span> <span class='ocrx_word' id='word_1_9' title='bbox 614 445 684 488; x_wconf 76' lang='lat' dir='ltr'><strong>ex</strong></span> <span class='ocrx_word' id='word_1_10' title='bbox 716 444 782 487; x_wconf 92' lang='lat' dir='ltr'><strong>eo</strong></span> <span class='ocrx_word' id='word_1_11' title='bbox 832 427 1094 486; x_wconf 89' lang='lat' dir='ltr'><strong>nonnulla</strong></span> <span class='ocrx_word' id='word_1_12' title='bbox 1126 426 1375 497; x_wconf 87' lang='lat' dir='ltr'><strong>proferre</strong></span> <span class='ocrx_word' id='word_1_13' title='bbox 1410 439 1533 496; x_wconf 64' lang='lat' dir='ltr'><strong>quae</strong></span> <span class='ocrx_word' id='word_1_14' title='bbox 1600 423 1668 478; x_wconf 90' lang='lat' dir='ltr'><strong>ad</strong></span> <span class='ocrx_word' id='word_1_15' title='bbox 1701 423 2032 493; x_wconf 71' lang='lat' dir='ltr'><strong>exquisitam</strong></span> <span class='ocrx_word' id='word_1_16' title='bbox 2078 420 2373 493; x_wconf 63' lang='lat' dir='ltr'><strong>propositae</strong></span> <span class='ocrx_word' id='word_1_17' title='bbox 2428 416 2749 490; x_wconf 64' lang='lat' dir='ltr'><strong>quaestionis</strong></span> <span class='ocrx_word' id='word_1_18' title='bbox 2788 414 3237 488; x_wconf 74' lang='lat' dir='ltr'><strong>disceptationem</strong></span> <span class='ocrx_word' id='word_1_19' title='bbox 3292 431 3397 471; x_wconf 85' lang='lat' dir='ltr'><strong>con</strong></span> 
     </span>
    </p>
   </div>
   <div class='ocr_carea' id='block_1_5' title="bbox 151 529 379 584">
    <p class='ocr_par' dir='ltr' id='par_1_5' title="bbox 151 529 379 584">
     <span class='ocr_line' id='line_1_5' title="bbox 151 529 379 584; baseline -0.013 0"><span class='ocrx_word' id='word_1_20' title='bbox 151 529 379 584; x_wconf 86' lang='lat' dir='ltr'><strong>ducant.</strong></span> 
     </span>
    </p>
   </div>
   <div class='ocr_carea' id='block_1_6' title="bbox 661 610 1223 673">
    <p class='ocr_par' dir='ltr' id='par_1_6' title="bbox 661 610 1223 673">
     <span class='ocr_line' id='line_1_6' title="bbox 661 610 1223 673; baseline -0.007 0"><span class='ocrx_word' id='word_1_21' title='bbox 661 618 1062 673; x_wconf 77' lang='grc' dir='ltr'><strong>ΚΕΦΑΔΑΙΟΝ</strong></span> <span class='ocrx_word' id='word_1_22' title='bbox 1094 610 1223 670; x_wconf 83' lang='lat' dir='ltr'><strong>KB’.</strong></span> 
     </span>
    </p>
   </div>
   <div class='ocr_carea' id='block_1_7' title="bbox 227 708 1673 783">
    <p class='ocr_par' dir='ltr' id='par_1_7' title="bbox 227 708 1673 783">
     <span class='ocr_line' id='line_1_7' title="bbox 227 708 1673 783; baseline -0.006 -14"><span class='ocrx_word' id='word_1_23' title='bbox 227 713 363 769; x_wconf 81' lang='grc' dir='ltr'>ὀτι</span> <span class='ocrx_word' id='word_1_24' title='bbox 387 711 474 783; x_wconf 79' lang='grc' dir='ltr'>μὴ</span> <span class='ocrx_word' id='word_1_25' title='bbox 495 709 823 781; x_wconf 72' lang='grc' dir='ltr'>ἀγέννητος</span> <span class='ocrx_word' id='word_1_26' title='bbox 846 712 886 780; x_wconf 79' lang='grc' dir='ltr'><em>ἠ</em></span> <span class='ocrx_word' id='word_1_27' title='bbox 919 711 1059 778; x_wconf 74' lang='grc' dir='ltr'>ὕλη,</span> <span class='ocrx_word' id='word_1_28' title='bbox 1088 709 1244 781; x_wconf 80' lang='grc' dir='ltr'>μηδὲ</span> <span class='ocrx_word' id='word_1_29' title='bbox 1273 709 1477 763; x_wconf 79' lang='grc' dir='ltr'>κακῶν</span> <span class='ocrx_word' id='word_1_30' title='bbox 1494 708 1673 761; x_wconf 74' lang='grc' dir='ltr'>αἰτία.</span> 
     </span>
    </p>
   </div>
   <div class='ocr_carea' id='block_1_8' title="bbox 234 818 1742 895">
    <p class='ocr_par' dir='ltr' id='par_1_8' title="bbox 234 818 1742 895">
     <span class='ocr_line' id='line_1_8' title="bbox 234 818 1742 895; baseline -0.003 -18"><span class='ocrx_word' id='word_1_31' title='bbox 234 841 255 877; x_wconf 80' lang='grc' dir='ltr'><strong>ι</strong></span> <span class='ocrx_word' id='word_1_32' title='bbox 284 825 410 878; x_wconf 84' lang='grc' dir='ltr'>Ὀτι</span> <span class='ocrx_word' id='word_1_33' title='bbox 445 823 543 895; x_wconf 80' lang='grc' dir='ltr'><strong>μὲν</strong></span> <span class='ocrx_word' id='word_1_34' title='bbox 569 821 828 876; x_wconf 86' lang='grc' dir='ltr'>ἀδύνατον</span> <span class='ocrx_word' id='word_1_35' title='bbox 857 821 1124 893; x_wconf 81' lang='grc' dir='ltr'>ὑπάρχειν</span> <span class='ocrx_word' id='word_1_36' title='bbox 1177 820 1451 891; x_wconf 87' lang='grc' dir='ltr'>ἀγέννητα</span> <span class='ocrx_word' id='word_1_37' title='bbox 1483 818 1575 872; x_wconf 81' lang='grc' dir='ltr'>δύο</span> <span class='ocrx_word' id='word_1_38' title='bbox 1604 818 1742 890; x_wconf 77' lang='grc' dir='ltr'>ἅμα,</span> 
     </span>
    </p>
   </div>
   <div class='ocr_carea' id='block_1_9' title="bbox 152 909 1747 984">
    <p class='ocr_par' dir='ltr' id='par_1_9' title="bbox 152 909 1747 984">
     <span class='ocr_line' id='line_1_9' title="bbox 152 909 1747 984; baseline -0.005 -14"><span class='ocrx_word' id='word_1_39' title='bbox 152 914 282 970; x_wconf 79' lang='grc' dir='ltr'>οὐδέ</span> <span class='ocrx_word' id='word_1_40' title='bbox 306 932 365 968; x_wconf 89' lang='grc' dir='ltr'><strong>σε</strong></span> <span class='ocrx_word' id='word_1_41' title='bbox 404 915 618 983; x_wconf 83' lang='grc' dir='ltr'><strong>ἀγνοεῖν</strong></span> <span class='ocrx_word' id='word_1_42' title='bbox 667 912 892 984; x_wconf 77' lang='grc' dir='ltr'><strong>νομίζω,</strong></span> <span class='ocrx_word' id='word_1_43' title='bbox 950 914 998 966; x_wconf 86' lang='grc' dir='ltr'><strong>εί</strong></span> <span class='ocrx_word' id='word_1_44' title='bbox 1032 914 1126 966; x_wconf 80' lang='grc' dir='ltr'><strong>καὶ</strong></span> <span class='ocrx_word' id='word_1_45' title='bbox 1162 911 1234 965; x_wconf 78' lang='grc' dir='ltr'>τὰ</span> <span class='ocrx_word' id='word_1_46' title='bbox 1288 910 1524 982; x_wconf 87' lang='grc' dir='ltr'>μάλιστα</span> <span class='ocrx_word' id='word_1_47' title='bbox 1567 909 1747 974; x_wconf 77' lang='grc' dir='ltr'>δοκεῖς</span> 
     </span>
    </p>
   </div>
   <div class='ocr_carea' id='block_1_10' title="bbox 157 999 1747 1079">
    <p class='ocr_par' dir='ltr' id='par_1_10' title="bbox 157 999 1747 1079">
     <span class='ocr_line' id='line_1_10' title="bbox 157 999 1747 1079; baseline -0.005 -19"><span class='ocrx_word' id='word_1_48' title='bbox 157 1004 453 1079; x_wconf 78' lang='grc' dir='ltr'>προλαϐὼν</span> <span class='ocrx_word' id='word_1_49' title='bbox 474 1004 634 1058; x_wconf 80' lang='grc' dir='ltr'>τοῦτο</span> <span class='ocrx_word' id='word_1_50' title='bbox 660 1002 1104 1076; x_wconf 83' lang='grc' dir='ltr'>προστεθεικέναι</span> <span class='ocrx_word' id='word_1_51' title='bbox 1142 1001 1220 1073; x_wconf 81' lang='grc' dir='ltr'>τῷ</span> <span class='ocrx_word' id='word_1_52' title='bbox 1251 1001 1414 1071; x_wconf 84' lang='grc' dir='ltr'>λόγῳ,</span> <span class='ocrx_word' id='word_1_53' title='bbox 1444 1000 1506 1054; x_wconf 89' lang='grc' dir='ltr'><strong>τὸ</strong></span> <span class='ocrx_word' id='word_1_54' title='bbox 1527 999 1747 1064; x_wconf 90' lang='grc' dir='ltr'>πάντως</span> 
     </span>
    </p>
   </div>
   <div class='ocr_carea' id='block_1_11' title="bbox 156 1090 1746 1169">
    <p class='ocr_par' dir='ltr' id='par_1_11' title="bbox 156 1090 1746 1169">
     <span class='ocr_line' id='line_1_11' title="bbox 156 1090 1746 1169; baseline -0.007 -15"><span class='ocrx_word' id='word_1_55' title='bbox 156 1099 222 1166; x_wconf 77' lang='grc' dir='ltr'>ἐξ</span> <span class='ocrx_word' id='word_1_56' title='bbox 252 1099 501 1169; x_wconf 82' lang='grc' dir='ltr'><strong>ἀνάγκης</strong></span> <span class='ocrx_word' id='word_1_57' title='bbox 525 1097 588 1150; x_wconf 90' lang='grc' dir='ltr'><strong>τὸ</strong></span> <span class='ocrx_word' id='word_1_58' title='bbox 627 1096 814 1168; x_wconf 76' lang='grc' dir='ltr'>ἕτερον</span> <span class='ocrx_word' id='word_1_59' title='bbox 844 1096 954 1149; x_wconf 85' lang='grc' dir='ltr'>δεῖν</span> <span class='ocrx_word' id='word_1_60' title='bbox 980 1094 1179 1163; x_wconf 82' lang='grc' dir='ltr'>λέγειν,</span> <span class='ocrx_word' id='word_1_61' title='bbox 1212 1094 1245 1165; x_wconf 78' lang='grc' dir='ltr'><strong>ἢ</strong></span> <span class='ocrx_word' id='word_1_62' title='bbox 1292 1094 1373 1146; x_wconf 81' lang='grc' dir='ltr'>ὅτι</span> <span class='ocrx_word' id='word_1_63' title='bbox 1418 1090 1746 1163; x_wconf 81' lang='grc' dir='ltr'><strong>κεχώρισται</strong></span> 
     </span>
    </p>
   </div>
   <div class='ocr_carea' id='block_1_12' title="bbox 159 1182 1749 1264">
    <p class='ocr_par' dir='ltr' id='par_1_12' title="bbox 159 1182 1749 1264">
     <span class='ocr_line' id='line_1_12' title="bbox 159 1182 1749 1264; baseline -0.008 -17"><span class='ocrx_word' id='word_1_64' title='bbox 159 1191 279 1264; x_wconf 74' lang='grc'><strong>(94)</strong></span> <span class='ocrx_word' id='word_1_65' title='bbox 315 1193 412 1261; x_wconf 84' lang='grc' dir='ltr'>τῆς</span> <span class='ocrx_word' id='word_1_66' title='bbox 450 1190 582 1261; x_wconf 88' lang='grc' dir='ltr'>ὕλης</span> <span class='ocrx_word' id='word_1_67' title='bbox 601 1190 629 1242; x_wconf 88' lang='lat'><strong>6</strong></span> <span class='ocrx_word' id='word_1_68' title='bbox 652 1189 807 1252; x_wconf 79' lang='grc' dir='ltr'>Θεὸς,</span> <span class='ocrx_word' id='word_1_69' title='bbox 838 1187 871 1259; x_wconf 83' lang='grc' dir='ltr'>ἢ</span> <span class='ocrx_word' id='word_1_70' title='bbox 902 1183 969 1241; x_wconf 81' lang='grc' dir='ltr'><strong>αὖ</strong></span> <span class='ocrx_word' id='word_1_71' title='bbox 1008 1186 1169 1243; x_wconf 79' lang='grc' dir='ltr'>πάλιν</span> <span class='ocrx_word' id='word_1_72' title='bbox 1222 1187 1305 1239; x_wconf 85' lang='grc' dir='ltr'>ὅτι</span> <span class='ocrx_word' id='word_1_73' title='bbox 1329 1184 1622 1256; x_wconf 82' lang='grc' dir='ltr'><strong>ἀμέριστος</strong></span> <span class='ocrx_word' id='word_1_74' title='bbox 1650 1182 1749 1235; x_wconf 84' lang='grc' dir='ltr'>αὕ-</span> 
     </span>
    </p>
   </div>
   <div class='ocr_carea' id='block_1_13' title="bbox 155 1276 1747 1353">
    <p class='ocr_par' dir='ltr' id='par_1_13' title="bbox 155 1276 1747 1353">
     <span class='ocr_line' id='line_1_13' title="bbox 155 1276 1747 1353; baseline -0.005 -17"><span class='ocrx_word' id='word_1_75' title='bbox 155 1282 265 1352; x_wconf 81' lang='grc' dir='ltr'>τῆς</span> <span class='ocrx_word' id='word_1_76' title='bbox 285 1281 567 1353; x_wconf 82' lang='grc' dir='ltr'><strong>τυγχάνει.</strong></span> <span class='ocrx_word' id='word_1_77' title='bbox 617 1282 682 1336; x_wconf 81' lang='grc' dir='ltr'><strong>Εἰ</strong></span> <span class='ocrx_word' id='word_1_78' title='bbox 737 1280 836 1351; x_wconf 81' lang='grc' dir='ltr'>μὲν</span> <span class='ocrx_word' id='word_1_79' title='bbox 878 1276 971 1333; x_wconf 81' lang='grc' dir='ltr'><strong>οὖν</strong></span> <span class='ocrx_word' id='word_1_80' title='bbox 1000 1278 1240 1351; x_wconf 73' lang='grc' dir='ltr'>ἡνῶσθαι</span> <span class='ocrx_word' id='word_1_81' title='bbox 1270 1295 1354 1341; x_wconf 88' lang='grc' dir='ltr'><strong>τις</strong></span> <span class='ocrx_word' id='word_1_82' title='bbox 1390 1276 1554 1331; x_wconf 83' lang='grc' dir='ltr'>αὐτὸν</span> <span class='ocrx_word' id='word_1_83' title='bbox 1573 1276 1747 1328; x_wconf 82' lang='grc' dir='ltr'>εἰπεῖν</span> 
     </span>
    </p>
   </div>
   <div class='ocr_carea' id='block_1_14' title="bbox 158 1367 1748 1444">
    <p class='ocr_par' dir='ltr' id='par_1_14' title="bbox 158 1367 1748 1444">
     <span class='ocr_line' id='line_1_14' title="bbox 158 1367 1748 1444; baseline -0.005 -17"><span class='ocrx_word' id='word_1_84' title='bbox 158 1373 360 1437; x_wconf 72' lang='grc' dir='ltr'>ἐθέλοι,</span> <span class='ocrx_word' id='word_1_85' title='bbox 385 1373 442 1426; x_wconf 79' lang='grc' dir='ltr'><strong>ἓν</strong></span> <span class='ocrx_word' id='word_1_86' title='bbox 467 1373 530 1427; x_wconf 89' lang='grc' dir='ltr'><strong>τὸ</strong></span> <span class='ocrx_word' id='word_1_87' title='bbox 565 1373 858 1444; x_wconf 77' lang='grc' dir='ltr'><strong>ἀγέννητον</strong></span> <span class='ocrx_word' id='word_1_88' title='bbox 902 1370 1063 1437; x_wconf 78' lang='grc' dir='ltr'>λέξει·</span> <span class='ocrx_word' id='word_1_89' title='bbox 1098 1371 1358 1442; x_wconf 79' lang='grc' dir='ltr'>ἑκάτερον</span> <span class='ocrx_word' id='word_1_90' title='bbox 1391 1369 1497 1442; x_wconf 87' lang='grc' dir='ltr'>γὰρ</span> <span class='ocrx_word' id='word_1_91' title='bbox 1546 1367 1748 1421; x_wconf 85' lang='grc' dir='ltr'>τούτων</span> 
     </span>
    </p>
   </div>
   <div class='ocr_carea' id='block_1_15' title="bbox 161 1456 1749 1536">
    <p class='ocr_par' dir='ltr' id='par_1_15' title="bbox 161 1456 1749 1536">
     <span class='ocr_line' id='line_1_15' title="bbox 161 1456 1749 1536; baseline -0.003 -20"><span class='ocrx_word' id='word_1_92' title='bbox 161 1464 336 1536; x_wconf 83' lang='grc' dir='ltr'>μέρος</span> <span class='ocrx_word' id='word_1_93' title='bbox 370 1462 523 1517; x_wconf 73' lang='grc' dir='ltr'>ἔσται</span> <span class='ocrx_word' id='word_1_94' title='bbox 544 1462 638 1516; x_wconf 83' lang='grc' dir='ltr'>τοῦ</span> <span class='ocrx_word' id='word_1_95' title='bbox 669 1461 912 1533; x_wconf 84' lang='grc' dir='ltr'>πλησίον·</span> <span class='ocrx_word' id='word_1_96' title='bbox 958 1460 1205 1532; x_wconf 87' lang='grc' dir='ltr'>ἀλλήλων</span> <span class='ocrx_word' id='word_1_97' title='bbox 1253 1460 1310 1513; x_wconf 87' lang='grc' dir='ltr'><strong>δὲ</strong></span> <span class='ocrx_word' id='word_1_98' title='bbox 1371 1461 1515 1530; x_wconf 84' lang='grc' dir='ltr'>μέρη</span> <span class='ocrx_word' id='word_1_99' title='bbox 1542 1456 1749 1528; x_wconf 87' lang='grc' dir='ltr'>τυγχά-</span> 
     </span>
    </p>
   </div>
   <div class='ocr_carea' id='block_1_16' title="bbox 163 1544 1750 1631">
    <p class='ocr_par' dir='ltr' id='par_1_16' title="bbox 163 1544 1750 1631">
     <span class='ocr_line' id='line_1_16' title="bbox 163 1544 1750 1631; baseline -0.001 -25"><span class='ocrx_word' id='word_1_100' title='bbox 163 1570 348 1617; x_wconf 88' lang='grc' dir='ltr'>νοντα,</span> <span class='ocrx_word' id='word_1_101' title='bbox 376 1553 479 1606; x_wconf 77' lang='grc' dir='ltr'><strong>οὐκ</strong></span> <span class='ocrx_word' id='word_1_102' title='bbox 528 1552 680 1606; x_wconf 74' lang='grc' dir='ltr'>ἔσται</span> <span class='ocrx_word' id='word_1_103' title='bbox 735 1551 1006 1631; x_wconf 77' lang='grc' dir='ltr'>ἀγέννητα</span> <span class='ocrx_word' id='word_1_104' title='bbox 1043 1551 1157 1605; x_wconf 84' lang='grc' dir='ltr'>δύο.</span> <span class='ocrx_word' id='word_1_105' title='bbox 1222 1551 1308 1614; x_wconf 85' lang='grc' dir='ltr'>Ὠς</span> <span class='ocrx_word' id='word_1_106' title='bbox 1339 1550 1460 1603; x_wconf 84' lang='grc' dir='ltr'>οὐδὲ</span> <span class='ocrx_word' id='word_1_107' title='bbox 1516 1544 1750 1620; x_wconf 77' lang='grc' dir='ltr'>διάφορα</span> 
     </span>
    </p>
   </div>
   <div class='ocr_carea' id='block_1_17' title="bbox 164 1637 1749 1714">
    <p class='ocr_par' dir='ltr' id='par_1_17' title="bbox 164 1637 1749 1714">
     <span class='ocr_line' id='line_1_17' title="bbox 164 1637 1749 1714; baseline -0.003 -20"><span class='ocrx_word' id='word_1_108' title='bbox 164 1643 315 1714; x_wconf 85' lang='grc' dir='ltr'>μέρη</span> <span class='ocrx_word' id='word_1_109' title='bbox 339 1640 929 1712; x_wconf 78' lang='grc' dir='ltr'>κατακερματιζόμενα</span> <span class='ocrx_word' id='word_1_110' title='bbox 982 1642 1064 1703; x_wconf 83' lang='grc' dir='ltr'>εἰς</span> <span class='ocrx_word' id='word_1_111' title='bbox 1120 1639 1292 1692; x_wconf 88' lang='grc' dir='ltr'>πολλά</span> <span class='ocrx_word' id='word_1_112' title='bbox 1339 1639 1596 1710; x_wconf 85' lang='grc' dir='ltr'>γεννητά,</span> <span class='ocrx_word' id='word_1_113' title='bbox 1634 1637 1749 1692; x_wconf 87' lang='grc' dir='ltr'>ἀλλ’</span> 
     </span>
    </p>
   </div>
   <div class='ocr_carea' id='block_1_18' title="bbox 158 1728 1748 1801">
    <p class='ocr_par' dir='ltr' id='par_1_18' title="bbox 158 1728 1748 1801">
     <span class='ocr_line' id='line_1_18' title="bbox 158 1728 1748 1801; baseline -0.003 -15"><span class='ocrx_word' id='word_1_114' title='bbox 158 1735 242 1797; x_wconf 83' lang='grc' dir='ltr'>ὠς</span> <span class='ocrx_word' id='word_1_115' title='bbox 268 1735 300 1786; x_wconf 98' lang='lat'><strong>6</strong></span> <span class='ocrx_word' id='word_1_116' title='bbox 330 1732 486 1801; x_wconf 83' lang='grc' dir='ltr'><strong>λόγος</strong></span> <span class='ocrx_word' id='word_1_117' title='bbox 516 1733 754 1795; x_wconf 83' lang='grc' dir='ltr'>ἀπαιτεῖ,</span> <span class='ocrx_word' id='word_1_118' title='bbox 807 1731 866 1785; x_wconf 76' lang='grc' dir='ltr'><strong>ἓν</strong></span> <span class='ocrx_word' id='word_1_119' title='bbox 913 1748 965 1784; x_wconf 89' lang='grc' dir='ltr'><strong>τι</strong></span> <span class='ocrx_word' id='word_1_120' title='bbox 1014 1730 1290 1800; x_wconf 85' lang='grc' dir='ltr'>γεννητὸν,</span> <span class='ocrx_word' id='word_1_121' title='bbox 1323 1730 1415 1783; x_wconf 90' lang='grc' dir='ltr'><strong>τὸν</strong></span> <span class='ocrx_word' id='word_1_122' title='bbox 1444 1728 1748 1801; x_wconf 80' lang='grc' dir='ltr'>ἄνθρωπον,</span> 
     </span>
    </p>
   </div>
   <div class='ocr_carea' id='block_1_19' title="bbox 161 1821 1752 1898">
    <p class='ocr_par' dir='ltr' id='par_1_19' title="bbox 161 1821 1752 1898">
     <span class='ocr_line' id='line_1_19' title="bbox 161 1821 1752 1898; baseline -0.004 -19"><span class='ocrx_word' id='word_1_123' title='bbox 161 1826 472 1898; x_wconf 75' lang='grc' dir='ltr'><strong>πολυμερὲς</strong></span> <span class='ocrx_word' id='word_1_124' title='bbox 498 1825 634 1897; x_wconf 85' lang='grc' dir='ltr'>πρὸς</span> <span class='ocrx_word' id='word_1_125' title='bbox 664 1823 760 1878; x_wconf 81' lang='grc' dir='ltr'>τοῦ</span> <span class='ocrx_word' id='word_1_126' title='bbox 817 1822 952 1877; x_wconf 79' lang='grc' dir='ltr'>Θεοῦ</span> <span class='ocrx_word' id='word_1_127' title='bbox 1000 1823 1285 1892; x_wconf 80' lang='grc' dir='ltr'>γεγονέναι</span> <span class='ocrx_word' id='word_1_128' title='bbox 1329 1823 1530 1893; x_wconf 84' lang='grc' dir='ltr'>φαμέν·</span> <span class='ocrx_word' id='word_1_129' title='bbox 1579 1821 1752 1885; x_wconf 89' lang='grc' dir='ltr'>οὕτως</span> 
     </span>
    </p>
   </div>
   <div class='ocr_carea' id='block_1_20' title="bbox 161 1911 1753 1987">
    <p class='ocr_par' dir='ltr' id='par_1_20' title="bbox 161 1911 1753 1987">
     <span class='ocr_line' id='line_1_20' title="bbox 161 1911 1753 1987; baseline -0.004 -15"><span class='ocrx_word' id='word_1_130' title='bbox 161 1918 408 1987; x_wconf 80' lang='grc' dir='ltr'><strong>ἀνάγκη,</strong></span> <span class='ocrx_word' id='word_1_131' title='bbox 457 1917 506 1970; x_wconf 87' lang='grc' dir='ltr'><strong>εί</strong></span> <span class='ocrx_word' id='word_1_132' title='bbox 562 1915 637 1986; x_wconf 80' lang='grc' dir='ltr'>μὴ</span> <span class='ocrx_word' id='word_1_133' title='bbox 670 1914 997 1986; x_wconf 79' lang='grc' dir='ltr'><strong>κεχώρισται</strong></span> <span class='ocrx_word' id='word_1_134' title='bbox 1021 1916 1120 1986; x_wconf 82' lang='grc' dir='ltr'><strong>τῆς</strong></span> <span class='ocrx_word' id='word_1_135' title='bbox 1165 1913 1296 1985; x_wconf 83' lang='grc' dir='ltr'>ὕλης</span> <span class='ocrx_word' id='word_1_136' title='bbox 1343 1915 1373 1966; x_wconf 94' lang='lat'><strong>6</strong></span> <span class='ocrx_word' id='word_1_137' title='bbox 1425 1913 1578 1977; x_wconf 83' lang='grc' dir='ltr'>Θεὸς,</span> <span class='ocrx_word' id='word_1_138' title='bbox 1606 1911 1664 1965; x_wconf 82' lang='grc' dir='ltr'><strong>ἒν</strong></span> <span class='ocrx_word' id='word_1_139' title='bbox 1691 1912 1753 1966; x_wconf 88' lang='grc' dir='ltr'><strong>τὸ</strong></span> 
     </span>
    </p>
   </div>
   <div class='ocr_carea' id='block_1_21' title="bbox 160 1972 1827 2079">
    <p class='ocr_par' dir='ltr' id='par_1_21' title="bbox 160 1972 1827 2079">
     <span class='ocr_line' id='line_1_21' title="bbox 160 1972 1827 2079; baseline -0.005 -14"><span class='ocrx_word' id='word_1_140' title='bbox 160 1972 462 2079; x_wconf 61' lang='grc' dir='ltr'>ἀγέννητον</span> <span class='ocrx_word' id='word_1_141' title='bbox 491 1972 637 2062; x_wconf 59' lang='grc' dir='ltr'>εἶναι</span> <span class='ocrx_word' id='word_1_142' title='bbox 667 1972 865 2075; x_wconf 61' lang='grc' dir='ltr'>λέγειν.</span> <span class='ocrx_word' id='word_1_143' title='bbox 893 2007 956 2059; x_wconf 78' lang='grc' dir='ltr'><strong>Εἰ</strong></span> <span class='ocrx_word' id='word_1_144' title='bbox 977 2007 1035 2060; x_wconf 84' lang='grc' dir='ltr'><strong>δὲ</strong></span> <span class='ocrx_word' id='word_1_145' title='bbox 1059 1972 1386 2077; x_wconf 73' lang='grc' dir='ltr'>κεχωρίσθαι</span> <span class='ocrx_word' id='word_1_146' title='bbox 1440 1972 1602 2076; x_wconf 75' lang='grc' dir='ltr'>φήσει</span> <span class='ocrx_word' id='word_1_147' title='bbox 1644 2021 1748 2069; x_wconf 88' lang='grc' dir='ltr'>τις,</span> <span class='ocrx_word' id='word_1_148' title='bbox 1785 1972 1827 2027; x_wconf 74' lang='grc' dir='ltr'><strong>Β</strong></span> 
     </span>
    </p>
   </div>
   <div class='ocr_carea' id='block_1_22' title="bbox 159 2092 1752 2171">
    <p class='ocr_par' dir='ltr' id='par_1_22' title="bbox 159 2092 1752 2171">
     <span class='ocr_line' id='line_1_22' title="bbox 159 2092 1752 2171; baseline -0.006 -18"><span class='ocrx_word' id='word_1_149' title='bbox 159 2101 381 2171; x_wconf 77' lang='grc' dir='ltr'>ἀνάγκη</span> <span class='ocrx_word' id='word_1_150' title='bbox 416 2094 555 2152; x_wconf 77' lang='grc' dir='ltr'>εἷναί</span> <span class='ocrx_word' id='word_1_151' title='bbox 577 2115 631 2151; x_wconf 92' lang='grc' dir='ltr'><strong>τι</strong></span> <span class='ocrx_word' id='word_1_152' title='bbox 664 2099 724 2150; x_wconf 88' lang='grc' dir='ltr'><strong>τὸ</strong></span> <span class='ocrx_word' id='word_1_153' title='bbox 768 2096 872 2150; x_wconf 85' lang='grc' dir='ltr'><strong>άνά</strong></span> <span class='ocrx_word' id='word_1_154' title='bbox 925 2096 1089 2168; x_wconf 81' lang='grc' dir='ltr'>μέσον</span> <span class='ocrx_word' id='word_1_155' title='bbox 1119 2092 1465 2166; x_wconf 83' lang='grc' dir='ltr'>ἀμφοτέρων,</span> <span class='ocrx_word' id='word_1_156' title='bbox 1496 2094 1634 2163; x_wconf 85' lang='grc' dir='ltr'>ὅπερ</span> <span class='ocrx_word' id='word_1_157' title='bbox 1656 2092 1752 2145; x_wconf 78' lang='grc' dir='ltr'>καὶ</span> 
     </span>
    </p>
   </div>
   <div class='ocr_carea' id='block_1_23' title="bbox 159 2184 1753 2262">
    <p class='ocr_par' dir='ltr' id='par_1_23' title="bbox 159 2184 1753 2262">
     <span class='ocr_line' id='line_1_23' title="bbox 159 2184 1753 2262; baseline -0.006 -15"><span class='ocrx_word' id='word_1_158' title='bbox 159 2193 260 2247; x_wconf 82' lang='grc' dir='ltr'><strong>τὸν</strong></span> <span class='ocrx_word' id='word_1_159' title='bbox 292 2191 570 2262; x_wconf 88' lang='grc' dir='ltr'>χωρισμὸν</span> <span class='ocrx_word' id='word_1_160' title='bbox 619 2188 799 2245; x_wconf 79' lang='grc' dir='ltr'>αὐτῶν</span> <span class='ocrx_word' id='word_1_161' title='bbox 849 2189 1139 2242; x_wconf 88' lang='grc' dir='ltr'>δείκνυσιν.</span> <span class='ocrx_word' id='word_1_162' title='bbox 1215 2186 1501 2241; x_wconf 83' lang='grc' dir='ltr'>Ἀδύνατον</span> <span class='ocrx_word' id='word_1_163' title='bbox 1536 2184 1646 2256; x_wconf 81' lang='grc' dir='ltr'><strong>γάρ</strong></span> <span class='ocrx_word' id='word_1_164' title='bbox 1694 2185 1753 2238; x_wconf 82' lang='grc' dir='ltr'><strong>ὲν</strong></span> 
     </span>
    </p>
   </div>
   <div class='ocr_carea' id='block_1_24' title="bbox 160 2275 1750 2347">
    <p class='ocr_par' dir='ltr' id='par_1_24' title="bbox 160 2275 1750 2347">
     <span class='ocr_line' id='line_1_24' title="bbox 160 2275 1750 2347; baseline -0.006 -8"><span class='ocrx_word' id='word_1_165' title='bbox 160 2283 450 2339; x_wconf 83' lang='grc' dir='ltr'>διαστάσει</span> <span class='ocrx_word' id='word_1_166' title='bbox 479 2279 828 2347; x_wconf 81' lang='grc' dir='ltr'>ὲξετάζεσθαί</span> <span class='ocrx_word' id='word_1_167' title='bbox 853 2298 905 2333; x_wconf 90' lang='grc' dir='ltr'><strong>τι</strong></span> <span class='ocrx_word' id='word_1_168' title='bbox 931 2280 1038 2333; x_wconf 87' lang='grc' dir='ltr'><strong>ἀπό</strong></span> <span class='ocrx_word' id='word_1_169' title='bbox 1068 2296 1234 2346; x_wconf 86' lang='grc' dir='ltr'>τινος,</span> <span class='ocrx_word' id='word_1_170' title='bbox 1263 2278 1365 2331; x_wconf 76' lang='grc' dir='ltr'><strong>οὐκ</strong></span> <span class='ocrx_word' id='word_1_171' title='bbox 1384 2276 1535 2340; x_wconf 78' lang='grc' dir='ltr'>ὄντος</span> <span class='ocrx_word' id='word_1_172' title='bbox 1563 2275 1750 2347; x_wconf 78' lang='grc' dir='ltr'>ἑτέρου</span> 
     </span>
    </p>
   </div>
   <div class='ocr_carea' id='block_1_25' title="bbox 162 2365 1752 2445">
    <p class='ocr_par' dir='ltr' id='par_1_25' title="bbox 162 2365 1752 2445">
     <span class='ocr_line' id='line_1_25' title="bbox 162 2365 1752 2445; baseline -0.008 -15"><span class='ocrx_word' id='word_1_173' title='bbox 162 2374 292 2435; x_wconf 80' lang='grc' dir='ltr'>καθ’</span> <span class='ocrx_word' id='word_1_174' title='bbox 316 2374 348 2428; x_wconf 76' lang='grc' dir='ltr'>ὃ</span> <span class='ocrx_word' id='word_1_175' title='bbox 377 2374 412 2445; x_wconf 79' lang='grc' dir='ltr'>ἡ</span> <span class='ocrx_word' id='word_1_176' title='bbox 438 2372 720 2435; x_wconf 81' lang='grc' dir='ltr'>διάστασις</span> <span class='ocrx_word' id='word_1_177' title='bbox 752 2371 1015 2442; x_wconf 81' lang='grc' dir='ltr'>ἑκατέρου</span> <span class='ocrx_word' id='word_1_178' title='bbox 1065 2371 1293 2438; x_wconf 67' lang='grc' dir='ltr'>γίνεταιτ</span> <span class='ocrx_word' id='word_1_179' title='bbox 1335 2367 1472 2439; x_wconf 85' lang='grc' dir='ltr'>ὅπερ</span> <span class='ocrx_word' id='word_1_180' title='bbox 1499 2367 1561 2419; x_wconf 83' lang='grc' dir='ltr'><strong>οὐ</strong></span> <span class='ocrx_word' id='word_1_181' title='bbox 1589 2365 1752 2437; x_wconf 87' lang='grc' dir='ltr'>μέχρι</span> 
     </span>
    </p>
   </div>
   <div class='ocr_carea' id='block_1_26' title="bbox 163 2458 1752 2534">
    <p class='ocr_par' dir='ltr' id='par_1_26' title="bbox 163 2458 1752 2534">
     <span class='ocr_line' id='line_1_26' title="bbox 163 2458 1752 2534; baseline -0.004 -16"><span class='ocrx_word' id='word_1_182' title='bbox 163 2465 362 2519; x_wconf 80' lang='grc' dir='ltr'>τούτου</span> <span class='ocrx_word' id='word_1_183' title='bbox 397 2465 612 2519; x_wconf 79' lang='grc' dir='ltr'>ἵσταται</span> <span class='ocrx_word' id='word_1_184' title='bbox 644 2464 736 2517; x_wconf 72' lang='grc' dir='ltr'><strong>καὶ</strong></span> <span class='ocrx_word' id='word_1_185' title='bbox 770 2462 955 2534; x_wconf 85' lang='grc' dir='ltr'>μόνου,</span> <span class='ocrx_word' id='word_1_186' title='bbox 984 2461 1121 2515; x_wconf 76' lang='grc' dir='ltr'>ἀλλὰ</span> <span class='ocrx_word' id='word_1_187' title='bbox 1153 2461 1249 2514; x_wconf 81' lang='grc' dir='ltr'><strong>καὶ</strong></span> <span class='ocrx_word' id='word_1_188' title='bbox 1290 2459 1559 2513; x_wconf 77' lang='grc' dir='ltr'><strong>πλείστων</strong></span> <span class='ocrx_word' id='word_1_189' title='bbox 1589 2458 1752 2512; x_wconf 83' lang='grc' dir='ltr'>ὅσων.</span> 
     </span>
    </p>
   </div>
   <div class='ocr_carea' id='block_1_27' title="bbox 97 2548 1756 2628">
    <p class='ocr_par' dir='ltr' id='par_1_27' title="bbox 97 2548 1756 2628">
     <span class='ocr_line' id='line_1_27' title="bbox 97 2548 1756 2628; baseline -0.005 -17"><span class='ocrx_word' id='word_1_190' title='bbox 97 2582 107 2590; x_wconf 94' lang='grc'><strong>-</strong></span> <span class='ocrx_word' id='word_1_191' title='bbox 175 2560 278 2611; x_wconf 84' lang='grc' dir='ltr'><strong>Ὃν</strong></span> <span class='ocrx_word' id='word_1_192' title='bbox 312 2556 422 2628; x_wconf 82' lang='grc' dir='ltr'><strong>γὰρ</strong></span> <span class='ocrx_word' id='word_1_193' title='bbox 451 2557 542 2609; x_wconf 81' lang='grc' dir='ltr'>ἐπὶ</span> <span class='ocrx_word' id='word_1_194' title='bbox 570 2555 678 2608; x_wconf 88' lang='grc' dir='ltr'>τῶν</span> <span class='ocrx_word' id='word_1_195' title='bbox 704 2554 798 2608; x_wconf 88' lang='grc' dir='ltr'><strong>δύο</strong></span> <span class='ocrx_word' id='word_1_196' title='bbox 825 2552 1395 2625; x_wconf 66' lang='grc' dir='ltr'>ἀγεννήτωνέίπομεν</span> <span class='ocrx_word' id='word_1_197' title='bbox 1419 2552 1596 2620; x_wconf 86' lang='grc' dir='ltr'>λόγον,</span> <span class='ocrx_word' id='word_1_198' title='bbox 1631 2548 1756 2603; x_wconf 83' lang='grc' dir='ltr'><strong>τοῦ-</strong></span> 
     </span>
    </p>
   </div>
   <div class='ocr_carea' id='block_1_28' title="bbox 162 2643 1757 2718">
    <p class='ocr_par' dir='ltr' id='par_1_28' title="bbox 162 2643 1757 2718">
     <span class='ocr_line' id='line_1_28' title="bbox 162 2643 1757 2718; baseline -0.005 -15"><span class='ocrx_word' id='word_1_199' title='bbox 162 2666 263 2704; x_wconf 88' lang='grc' dir='ltr'><strong>τον</strong></span> <span class='ocrx_word' id='word_1_200' title='bbox 283 2649 345 2715; x_wconf 79' lang='grc' dir='ltr'><strong>ἐξ</strong></span> <span class='ocrx_word' id='word_1_201' title='bbox 367 2648 613 2718; x_wconf 83' lang='grc' dir='ltr'>ἀνάγκης</span> <span class='ocrx_word' id='word_1_202' title='bbox 648 2646 848 2717; x_wconf 84' lang='grc' dir='ltr'>ὁμοίως</span> <span class='ocrx_word' id='word_1_203' title='bbox 901 2649 1228 2718; x_wconf 85' lang='grc' dir='ltr'>προχωρεῖν,</span> <span class='ocrx_word' id='word_1_204' title='bbox 1282 2646 1331 2698; x_wconf 84' lang='grc' dir='ltr'>εἰ</span> <span class='ocrx_word' id='word_1_205' title='bbox 1363 2643 1431 2697; x_wconf 75' lang='grc' dir='ltr'>τὰ</span> <span class='ocrx_word' id='word_1_206' title='bbox 1485 2643 1757 2715; x_wconf 88' lang='grc' dir='ltr'>άγέννητα</span> 
     </span>
    </p>
   </div>
   <div class='ocr_carea' id='block_1_29' title="bbox 162 2733 1758 2809">
    <p class='ocr_par' dir='ltr' id='par_1_29' title="bbox 162 2733 1758 2809">
     <span class='ocr_line' id='line_1_29' title="bbox 162 2733 1758 2809; baseline -0.004 -17"><span class='ocrx_word' id='word_1_207' title='bbox 162 2738 353 2809; x_wconf 79' lang='grc' dir='ltr'>δοθείη</span> <span class='ocrx_word' id='word_1_208' title='bbox 380 2739 529 2808; x_wconf 80' lang='grc' dir='ltr'>τρία.</span> <span class='ocrx_word' id='word_1_209' title='bbox 564 2739 672 2791; x_wconf 73' lang='grc' dir='ltr'><strong>Καὶ</strong></span> <span class='ocrx_word' id='word_1_210' title='bbox 703 2737 812 2809; x_wconf 81' lang='grc' dir='ltr'>γὰρ</span> <span class='ocrx_word' id='word_1_211' title='bbox 836 2736 927 2789; x_wconf 71' lang='grc' dir='ltr'>ἐπὶ</span> <span class='ocrx_word' id='word_1_212' title='bbox 954 2735 1159 2789; x_wconf 83' lang='grc' dir='ltr'>τούτων</span> <span class='ocrx_word' id='word_1_213' title='bbox 1202 2735 1431 2806; x_wconf 75' lang='grc' dir='ltr'>ἐροίμην</span> <span class='ocrx_word' id='word_1_214' title='bbox 1471 2733 1558 2798; x_wconf 84' lang='grc' dir='ltr'><strong>ἂν,</strong></span> <span class='ocrx_word' id='word_1_215' title='bbox 1587 2737 1634 2786; x_wconf 85' lang='grc' dir='ltr'><strong>εί</strong></span> <span class='ocrx_word' id='word_1_216' title='bbox 1664 2750 1758 2786; x_wconf 83' lang='grc' dir='ltr'><strong>κε⁴</strong></span> 
     </span>
    </p>
   </div>
   <div class='ocr_carea' id='block_1_30' title="bbox 164 2823 1759 2905">
    <p class='ocr_par' dir='ltr' id='par_1_30' title="bbox 164 2823 1759 2905">
     <span class='ocr_line' id='line_1_30' title="bbox 164 2823 1759 2905; baseline -0.006 -20"><span class='ocrx_word' id='word_1_217' title='bbox 164 2832 439 2905; x_wconf 78' lang='grc' dir='ltr'>χώρισται</span> <span class='ocrx_word' id='word_1_218' title='bbox 466 2831 729 2903; x_wconf 87' lang='grc' dir='ltr'>ἀλλήλων,</span> <span class='ocrx_word' id='word_1_219' title='bbox 765 2830 798 2902; x_wconf 85' lang='grc' dir='ltr'>ἢ</span> <span class='ocrx_word' id='word_1_220' title='bbox 855 2825 922 2883; x_wconf 81' lang='grc' dir='ltr'>αὖ</span> <span class='ocrx_word' id='word_1_221' title='bbox 953 2828 1113 2882; x_wconf 86' lang='grc' dir='ltr'>πάλιν</span> <span class='ocrx_word' id='word_1_222' title='bbox 1167 2826 1397 2880; x_wconf 80' lang='grc' dir='ltr'>’ἑκαστον</span> <span class='ocrx_word' id='word_1_223' title='bbox 1437 2825 1643 2896; x_wconf 78' lang='grc' dir='ltr'>ἥνωται</span> <span class='ocrx_word' id='word_1_224' title='bbox 1677 2823 1759 2895; x_wconf 83' lang='grc' dir='ltr'>τῷ</span> 
     </span>
    </p>
   </div>
   <div class='ocr_carea' id='block_1_31' title="bbox 165 2916 1759 2996">
    <p class='ocr_par' dir='ltr' id='par_1_31' title="bbox 165 2916 1759 2996">
     <span class='ocr_line' id='line_1_31' title="bbox 165 2916 1759 2996; baseline -0.006 -17"><span class='ocrx_word' id='word_1_225' title='bbox 165 2925 426 2996; x_wconf 79' lang='grc' dir='ltr'>πλησίον.</span> <span class='ocrx_word' id='word_1_226' title='bbox 465 2926 527 2978; x_wconf 78' lang='lat' dir='ltr'><strong>Ei</strong></span> <span class='ocrx_word' id='word_1_227' title='bbox 585 2923 684 2995; x_wconf 84' lang='grc' dir='ltr'><strong>μὲν</strong></span> <span class='ocrx_word' id='word_1_228' title='bbox 712 2922 822 2993; x_wconf 82' lang='grc' dir='ltr'>γὰρ</span> <span class='ocrx_word' id='word_1_229' title='bbox 850 2920 1087 2992; x_wconf 77' lang='grc' dir='ltr'>ἡνῶσθαι</span> <span class='ocrx_word' id='word_1_230' title='bbox 1111 2937 1194 2983; x_wconf 90' lang='grc' dir='ltr'><strong>τις</strong></span> <span class='ocrx_word' id='word_1_231' title='bbox 1244 2919 1410 2983; x_wconf 79' lang='grc' dir='ltr'>εἴποι,</span> <span class='ocrx_word' id='word_1_232' title='bbox 1455 2919 1547 2971; x_wconf 89' lang='grc' dir='ltr'><strong>τὸν</strong></span> <span class='ocrx_word' id='word_1_233' title='bbox 1596 2916 1759 2971; x_wconf 86' lang='grc' dir='ltr'>αὐτὸν</span> 
     </span>
    </p>
   </div>
   <div class='ocr_carea' id='block_1_32' title="bbox 165 3009 1757 3088">
    <p class='ocr_par' dir='ltr' id='par_1_32' title="bbox 165 3009 1757 3088">
     <span class='ocr_line' id='line_1_32' title="bbox 165 3009 1757 3088; baseline -0.007 -16"><span class='ocrx_word' id='word_1_234' title='bbox 165 3019 401 3073; x_wconf 83' lang='grc' dir='ltr'>ἀκούσει</span> <span class='ocrx_word' id='word_1_235' title='bbox 430 3016 507 3088; x_wconf 84' lang='grc' dir='ltr'><strong>τῷ</strong></span> <span class='ocrx_word' id='word_1_236' title='bbox 538 3015 739 3088; x_wconf 85' lang='grc' dir='ltr'>πρώτῳ</span> <span class='ocrx_word' id='word_1_237' title='bbox 774 3015 948 3082; x_wconf 85' lang='grc' dir='ltr'>λόγον·</span> <span class='ocrx_word' id='word_1_238' title='bbox 983 3015 1032 3066; x_wconf 86' lang='grc' dir='ltr'><strong>εί</strong></span> <span class='ocrx_word' id='word_1_239' title='bbox 1053 3013 1098 3066; x_wconf 86' lang='grc' dir='ltr'>δ’</span> <span class='ocrx_word' id='word_1_240' title='bbox 1120 3009 1186 3067; x_wconf 84' lang='grc' dir='ltr'><strong>αὖ</strong></span> <span class='ocrx_word' id='word_1_241' title='bbox 1215 3011 1376 3066; x_wconf 89' lang='grc' dir='ltr'>πάλιν</span> <span class='ocrx_word' id='word_1_242' title='bbox 1404 3009 1757 3083; x_wconf 82' lang='grc' dir='ltr'>κεχωρίσθαι,</span> 
     </span>
    </p>
   </div>
   <div class='ocr_carea' id='block_1_33' title="bbox 166 3099 1758 3179">
    <p class='ocr_par' dir='ltr' id='par_1_33' title="bbox 166 3099 1758 3179">
     <span class='ocr_line' id='line_1_33' title="bbox 166 3099 1758 3179; baseline -0.005 -16"><span class='ocrx_word' id='word_1_243' title='bbox 166 3110 234 3163; x_wconf 79' lang='grc' dir='ltr'>οὐ</span> <span class='ocrx_word' id='word_1_244' title='bbox 272 3108 533 3179; x_wconf 73' lang='grc' dir='ltr'>φεύξεται</span> <span class='ocrx_word' id='word_1_245' title='bbox 571 3108 668 3178; x_wconf 81' lang='grc' dir='ltr'>τὴν</span> <span class='ocrx_word' id='word_1_246' title='bbox 692 3106 751 3172; x_wconf 77' lang='grc' dir='ltr'>ἐξ</span> <span class='ocrx_word' id='word_1_247' title='bbox 772 3104 1016 3174; x_wconf 84' lang='grc' dir='ltr'>ἀνάγκης</span> <span class='ocrx_word' id='word_1_248' title='bbox 1049 3103 1144 3156; x_wconf 81' lang='grc' dir='ltr'>τοῦ</span> <span class='ocrx_word' id='word_1_249' title='bbox 1177 3101 1498 3173; x_wconf 78' lang='grc' dir='ltr'>χωρίζοντος</span> <span class='ocrx_word' id='word_1_250' title='bbox 1520 3099 1758 3155; x_wconf 77' lang='grc' dir='ltr'>ὑπόστα-</span> 
     </span>
    </p>
   </div>
   <div class='ocr_carea' id='block_1_34' title="bbox 170 3190 1762 3271">
    <p class='ocr_par' dir='ltr' id='par_1_34' title="bbox 170 3190 1762 3271">
     <span class='ocr_line' id='line_1_34' title="bbox 170 3190 1762 3271; baseline -0.009 -14"><span class='ocrx_word' id='word_1_251' title='bbox 170 3219 282 3257; x_wconf 90' lang='grc' dir='ltr'>σιν.</span> <span class='ocrx_word' id='word_1_252' title='bbox 331 3204 431 3254; x_wconf 80' lang='grc' dir='ltr'><strong>Ἂν</strong></span> <span class='ocrx_word' id='word_1_253' title='bbox 458 3201 515 3254; x_wconf 83' lang='grc' dir='ltr'>δὲ</span> <span class='ocrx_word' id='word_1_254' title='bbox 544 3200 652 3271; x_wconf 78' lang='grc' dir='ltr'>ἄρα</span> <span class='ocrx_word' id='word_1_255' title='bbox 677 3217 760 3263; x_wconf 88' lang='grc' dir='ltr'><strong>τις</strong></span> <span class='ocrx_word' id='word_1_256' title='bbox 783 3198 878 3252; x_wconf 79' lang='grc' dir='ltr'><strong>καὶ</strong></span> <span class='ocrx_word' id='word_1_257' title='bbox 896 3197 1077 3269; x_wconf 88' lang='grc' dir='ltr'>τρίτον</span> <span class='ocrx_word' id='word_1_258' title='bbox 1109 3190 1248 3248; x_wconf 83' lang='grc' dir='ltr'>εἶναι</span> <span class='ocrx_word' id='word_1_259' title='bbox 1285 3193 1430 3261; x_wconf 81' lang='grc' dir='ltr'>λέξει</span> <span class='ocrx_word' id='word_1_260' title='bbox 1478 3192 1654 3261; x_wconf 89' lang='grc' dir='ltr'>λόγον,</span> <span class='ocrx_word' id='word_1_261' title='bbox 1684 3192 1762 3257; x_wconf 87' lang='grc' dir='ltr'>ὡς</span> 
     </span>
    </p>
   </div>
   <div class='ocr_carea' id='block_1_35' title="bbox 170 3283 1831 3378">
    <p class='ocr_par' dir='ltr' id='par_1_35' title="bbox 170 3283 1831 3378">
     <span class='ocr_line' id='line_1_35' title="bbox 170 3283 1831 3378; baseline -0.007 -32"><span class='ocrx_word' id='word_1_262' title='bbox 170 3292 491 3364; x_wconf 79' lang='grc' dir='ltr'>ἁρμόζοντα</span> <span class='ocrx_word' id='word_1_263' title='bbox 524 3291 653 3361; x_wconf 78' lang='grc' dir='ltr'>περὶ</span> <span class='ocrx_word' id='word_1_264' title='bbox 676 3290 786 3343; x_wconf 81' lang='grc' dir='ltr'><strong>τῶν</strong></span> <span class='ocrx_word' id='word_1_265' title='bbox 818 3289 1125 3359; x_wconf 79' lang='grc' dir='ltr'>ἀγεννήτων</span> <span class='ocrx_word' id='word_1_266' title='bbox 1182 3285 1456 3355; x_wconf 88' lang='grc' dir='ltr'>λέγεσθαι,</span> <span class='ocrx_word' id='word_1_267' title='bbox 1513 3283 1760 3341; x_wconf 80' lang='grc' dir='ltr'>τουτέστι</span> <span class='ocrx_word' id='word_1_268' title='bbox 1788 3320 1831 3378; x_wconf 79' lang='lat' dir='ltr'><strong>C</strong></span> 
     </span>
    </p>
   </div>
   <div class='ocr_carea' id='block_1_36' title="bbox 169 3371 1763 3455">
    <p class='ocr_par' dir='ltr' id='par_1_36' title="bbox 169 3371 1763 3455">
     <span class='ocr_line' id='line_1_36' title="bbox 169 3371 1763 3455; baseline -0.008 -15"><span class='ocrx_word' id='word_1_269' title='bbox 169 3384 236 3440; x_wconf 84' lang='grc' dir='ltr'><strong>τὸ</strong></span> <span class='ocrx_word' id='word_1_270' title='bbox 261 3383 339 3455; x_wconf 81' lang='grc' dir='ltr'>μὴ</span> <span class='ocrx_word' id='word_1_271' title='bbox 365 3379 692 3454; x_wconf 79' lang='grc' dir='ltr'>κεχωρίσθαι</span> <span class='ocrx_word' id='word_1_272' title='bbox 719 3381 818 3451; x_wconf 84' lang='grc' dir='ltr'>τῆς</span> <span class='ocrx_word' id='word_1_273' title='bbox 847 3378 977 3450; x_wconf 89' lang='grc' dir='ltr'>ὕλης</span> <span class='ocrx_word' id='word_1_274' title='bbox 1019 3378 1111 3432; x_wconf 90' lang='grc' dir='ltr'><strong>τὸν</strong></span> <span class='ocrx_word' id='word_1_275' title='bbox 1142 3376 1296 3443; x_wconf 82' lang='grc' dir='ltr'>Θεὸν,</span> <span class='ocrx_word' id='word_1_276' title='bbox 1353 3377 1478 3448; x_wconf 84' lang='grc' dir='ltr'>μήτ’</span> <span class='ocrx_word' id='word_1_277' title='bbox 1509 3371 1574 3429; x_wconf 81' lang='grc' dir='ltr'><strong>αὖ</strong></span> <span class='ocrx_word' id='word_1_278' title='bbox 1601 3374 1763 3427; x_wconf 81' lang='grc' dir='ltr'>πάλιν</span> 
     </span>
    </p>
   </div>
   <div class='ocr_carea' id='block_1_37' title="bbox 170 3465 1762 3544">
    <p class='ocr_par' dir='ltr' id='par_1_37' title="bbox 170 3465 1762 3544">
     <span class='ocr_line' id='line_1_37' title="bbox 170 3465 1762 3544; baseline -0.006 -15"><span class='ocrx_word' id='word_1_279' title='bbox 170 3476 336 3539; x_wconf 80' lang='grc' dir='ltr'>ώςὲν</span> <span class='ocrx_word' id='word_1_280' title='bbox 373 3473 529 3544; x_wconf 85' lang='grc' dir='ltr'>μέρει</span> <span class='ocrx_word' id='word_1_281' title='bbox 554 3471 814 3544; x_wconf 82' lang='grc' dir='ltr'>ἡνῶσθαι,</span> <span class='ocrx_word' id='word_1_282' title='bbox 849 3465 989 3523; x_wconf 81' lang='grc' dir='ltr'>εἶναι</span> <span class='ocrx_word' id='word_1_283' title='bbox 1034 3469 1090 3522; x_wconf 85' lang='grc' dir='ltr'><strong>δὲ</strong></span> <span class='ocrx_word' id='word_1_284' title='bbox 1125 3468 1374 3540; x_wconf 87' lang='grc' dir='ltr'>καθάπερ</span> <span class='ocrx_word' id='word_1_285' title='bbox 1410 3469 1467 3520; x_wconf 82' lang='grc' dir='ltr'><strong>ὲν</strong></span> <span class='ocrx_word' id='word_1_286' title='bbox 1501 3467 1652 3538; x_wconf 86' lang='grc' dir='ltr'>τόπῳ</span> <span class='ocrx_word' id='word_1_287' title='bbox 1694 3467 1762 3537; x_wconf 86' lang='grc' dir='ltr'>τῇ</span> 
     </span>
    </p>
   </div>
   <div class='ocr_carea' id='block_1_38' title="bbox 173 3559 1767 3640">
    <p class='ocr_par' dir='ltr' id='par_1_38' title="bbox 173 3559 1767 3640">
     <span class='ocr_line' id='line_1_38' title="bbox 173 3559 1767 3640; baseline -0.004 -21"><span class='ocrx_word' id='word_1_288' title='bbox 173 3567 283 3640; x_wconf 82' lang='grc' dir='ltr'>ὕλῃ</span> <span class='ocrx_word' id='word_1_289' title='bbox 311 3566 406 3619; x_wconf 88' lang='grc' dir='ltr'><strong>τὸν</strong></span> <span class='ocrx_word' id='word_1_290' title='bbox 431 3565 583 3629; x_wconf 89' lang='grc' dir='ltr'>Θεὸν,</span> <span class='ocrx_word' id='word_1_291' title='bbox 614 3563 649 3634; x_wconf 80' lang='grc' dir='ltr'>ἢ</span> <span class='ocrx_word' id='word_1_292' title='bbox 683 3563 777 3617; x_wconf 72' lang='grc' dir='ltr'><strong>καὶ</strong></span> <span class='ocrx_word' id='word_1_293' title='bbox 826 3562 926 3634; x_wconf 84' lang='grc' dir='ltr'>τὴν</span> <span class='ocrx_word' id='word_1_294' title='bbox 958 3561 1090 3631; x_wconf 89' lang='grc' dir='ltr'>ὕλην</span> <span class='ocrx_word' id='word_1_295' title='bbox 1127 3562 1184 3616; x_wconf 75' lang='grc' dir='ltr'><strong>ἐν</strong></span> <span class='ocrx_word' id='word_1_296' title='bbox 1227 3559 1306 3631; x_wconf 84' lang='grc' dir='ltr'>τῷ</span> <span class='ocrx_word' id='word_1_297' title='bbox 1356 3559 1498 3629; x_wconf 85' lang='grc' dir='ltr'>Θεῷ,</span> <span class='ocrx_word' id='word_1_298' title='bbox 1531 3559 1594 3612; x_wconf 90' lang='grc' dir='ltr'><strong>τὸ</strong></span> <span class='ocrx_word' id='word_1_299' title='bbox 1640 3574 1767 3613; x_wconf 88' lang='grc' dir='ltr'>συν-</span> 
     </span>
    </p>
   </div>
   <div class='ocr_carea' id='block_1_39' title="bbox 175 3649 1768 3732">
    <p class='ocr_par' dir='ltr' id='par_1_39' title="bbox 175 3649 1768 3732">
     <span class='ocr_line' id='line_1_39' title="bbox 175 3649 1768 3732; baseline -0.008 -18"><span class='ocrx_word' id='word_1_300' title='bbox 175 3661 307 3732; x_wconf 83' lang='grc' dir='ltr'>έχον</span> <span class='ocrx_word' id='word_1_301' title='bbox 341 3658 607 3721; x_wconf 80' lang='grc' dir='ltr'>ἀκουέτω,</span> <span class='ocrx_word' id='word_1_302' title='bbox 635 3657 740 3720; x_wconf 76' lang='grc' dir='ltr'>ὅτι,</span> <span class='ocrx_word' id='word_1_303' title='bbox 771 3653 866 3710; x_wconf 77' lang='grc' dir='ltr'><strong>ἐὰν</strong></span> <span class='ocrx_word' id='word_1_304' title='bbox 889 3654 1054 3708; x_wconf 84' lang='grc' dir='ltr'>τόπον</span> <span class='ocrx_word' id='word_1_305' title='bbox 1090 3652 1184 3707; x_wconf 80' lang='grc' dir='ltr'>τοῦ</span> <span class='ocrx_word' id='word_1_306' title='bbox 1214 3652 1350 3706; x_wconf 82' lang='grc' dir='ltr'>Θεοῦ</span> <span class='ocrx_word' id='word_1_307' title='bbox 1405 3653 1505 3723; x_wconf 84' lang='grc' dir='ltr'>τὴν</span> <span class='ocrx_word' id='word_1_308' title='bbox 1534 3650 1666 3721; x_wconf 86' lang='grc' dir='ltr'>ὕλην</span> <span class='ocrx_word' id='word_1_309' title='bbox 1691 3649 1768 3704; x_wconf 78' lang='grc' dir='ltr'><strong>εῖ-</strong></span> 
     </span>
    </p>
   </div>
   <div class='ocr_carea' id='block_1_40' title="bbox 176 3742 1768 3822">
    <p class='ocr_par' dir='ltr' id='par_1_40' title="bbox 176 3742 1768 3822">
     <span class='ocr_line' id='line_1_40' title="bbox 176 3742 1768 3822; baseline -0.006 -17"><span class='ocrx_word' id='word_1_310' title='bbox 176 3767 401 3822; x_wconf 85' lang='grc' dir='ltr'>πωμεν,</span> <span class='ocrx_word' id='word_1_311' title='bbox 428 3750 488 3816; x_wconf 75' lang='grc' dir='ltr'>ἐξ</span> <span class='ocrx_word' id='word_1_312' title='bbox 521 3749 765 3819; x_wconf 79' lang='grc' dir='ltr'>ἀνάγκης</span> <span class='ocrx_word' id='word_1_313' title='bbox 803 3745 962 3800; x_wconf 85' lang='grc' dir='ltr'>αὐτὸν</span> <span class='ocrx_word' id='word_1_314' title='bbox 984 3745 1077 3798; x_wconf 81' lang='grc' dir='ltr'><strong>καὶ</strong></span> <span class='ocrx_word' id='word_1_315' title='bbox 1105 3744 1413 3816; x_wconf 86' lang='grc' dir='ltr'>χωρητικὸν</span> <span class='ocrx_word' id='word_1_316' title='bbox 1443 3743 1554 3813; x_wconf 82' lang='lat'><strong>(95)</strong></span> <span class='ocrx_word' id='word_1_317' title='bbox 1589 3742 1768 3812; x_wconf 85' lang='grc' dir='ltr'>λέγειν</span> 
     </span>
    </p>
   </div>
   <div class='ocr_carea' id='block_1_41' title="bbox 174 3834 1768 3913">
    <p class='ocr_par' dir='ltr' id='par_1_41' title="bbox 174 3834 1768 3913">
     <span class='ocr_line' id='line_1_41' title="bbox 174 3834 1768 3913; baseline -0.005 -17"><span class='ocrx_word' id='word_1_318' title='bbox 174 3843 280 3906; x_wconf 81' lang='grc' dir='ltr'>δεῖ,</span> <span class='ocrx_word' id='word_1_319' title='bbox 314 3841 412 3895; x_wconf 83' lang='grc' dir='ltr'><strong>καὶ</strong></span> <span class='ocrx_word' id='word_1_320' title='bbox 439 3840 576 3913; x_wconf 88' lang='grc' dir='ltr'>πρὸς</span> <span class='ocrx_word' id='word_1_321' title='bbox 599 3841 698 3911; x_wconf 82' lang='grc' dir='ltr'><strong>τῆς</strong></span> <span class='ocrx_word' id='word_1_322' title='bbox 731 3838 862 3909; x_wconf 88' lang='grc' dir='ltr'>ὕλης</span> <span class='ocrx_word' id='word_1_323' title='bbox 915 3837 1412 3911; x_wconf 77' lang='grc' dir='ltr'>περιγραφόμενον.</span> <span class='ocrx_word' id='word_1_324' title='bbox 1468 3834 1627 3888; x_wconf 85' lang='grc' dir='ltr'>Ἀλλὰ</span> <span class='ocrx_word' id='word_1_325' title='bbox 1662 3835 1768 3905; x_wconf 83' lang='grc' dir='ltr'>μὴν</span> 
     </span>
    </p>
   </div>
   <div class='ocr_carea' id='block_1_42' title="bbox 176 3925 1769 4004">
    <p class='ocr_par' dir='ltr' id='par_1_42' title="bbox 176 3925 1769 4004">
     <span class='ocr_line' id='line_1_42' title="bbox 176 3925 1769 4004; baseline -0.006 -16"><span class='ocrx_word' id='word_1_326' title='bbox 176 3934 277 3989; x_wconf 78' lang='grc' dir='ltr'>καὶ</span> <span class='ocrx_word' id='word_1_327' title='bbox 313 3933 520 4004; x_wconf 80' lang='grc' dir='ltr'>ὁμοίως</span> <span class='ocrx_word' id='word_1_328' title='bbox 561 3931 725 3986; x_wconf 77' lang='grc' dir='ltr'>αὑτὸν</span> <span class='ocrx_word' id='word_1_329' title='bbox 781 3933 846 4001; x_wconf 79' lang='grc' dir='ltr'>τῇ</span> <span class='ocrx_word' id='word_1_330' title='bbox 901 3928 1003 4001; x_wconf 86' lang='grc' dir='ltr'>ὕλῃ</span> <span class='ocrx_word' id='word_1_331' title='bbox 1055 3927 1306 3991; x_wconf 85' lang='grc' dir='ltr'>ἀτάκτως</span> <span class='ocrx_word' id='word_1_332' title='bbox 1345 3925 1626 3997; x_wconf 86' lang='grc' dir='ltr'>φέρεσθαι,</span> <span class='ocrx_word' id='word_1_333' title='bbox 1693 3925 1769 3999; x_wconf 76' lang='grc' dir='ltr'>μὴ</span> 
     </span>
    </p>
   </div>
   <div class='ocr_carea' id='block_1_43' title="bbox 178 4019 1768 4095">
    <p class='ocr_par' dir='ltr' id='par_1_43' title="bbox 178 4019 1768 4095">
     <span class='ocr_line' id='line_1_43' title="bbox 178 4019 1768 4095; baseline -0.006 -15"><span class='ocrx_word' id='word_1_334' title='bbox 178 4026 437 4080; x_wconf 80' lang='grc' dir='ltr'>ἵστασθαί</span> <span class='ocrx_word' id='word_1_335' title='bbox 464 4042 523 4078; x_wconf 89' lang='grc' dir='ltr'><strong>τε</strong></span> <span class='ocrx_word' id='word_1_336' title='bbox 563 4024 696 4095; x_wconf 84' lang='grc' dir='ltr'>μηδὲ</span> <span class='ocrx_word' id='word_1_337' title='bbox 732 4024 911 4092; x_wconf 77' lang='grc' dir='ltr'>μένειν</span> <span class='ocrx_word' id='word_1_338' title='bbox 965 4021 1126 4074; x_wconf 81' lang='grc' dir='ltr'>αὑτὸν</span> <span class='ocrx_word' id='word_1_339' title='bbox 1172 4021 1257 4089; x_wconf 77' lang='grc' dir='ltr'><strong>ἐφ’</strong></span> <span class='ocrx_word' id='word_1_340' title='bbox 1285 4019 1478 4072; x_wconf 80' lang='grc' dir='ltr'>ἑαυτοῦ</span> <span class='ocrx_word' id='word_1_341' title='bbox 1531 4019 1768 4089; x_wconf 84' lang='grc' dir='ltr'>ἀνάγκη,</span> 
     </span>
    </p>
   </div>
   <div class='ocr_carea' id='block_1_44' title="bbox 179 4108 1770 4184">
    <p class='ocr_par' dir='ltr' id='par_1_44' title="bbox 179 4108 1770 4184">
     <span class='ocr_line' id='line_1_44' title="bbox 179 4108 1770 4184; baseline -0.006 -12"><span class='ocrx_word' id='word_1_342' title='bbox 179 4117 304 4181; x_wconf 78' lang='grc' dir='ltr'>τοῦ,</span> <span class='ocrx_word' id='word_1_343' title='bbox 336 4119 396 4170; x_wconf 82' lang='grc' dir='ltr'><strong>ὲν</strong></span> <span class='ocrx_word' id='word_1_344' title='bbox 427 4110 472 4184; x_wconf 80' lang='grc' dir='ltr'><strong>ᾧ</strong></span> <span class='ocrx_word' id='word_1_345' title='bbox 497 4117 665 4177; x_wconf 71' lang='grc' dir='ltr'>ἐστιν,</span> <span class='ocrx_word' id='word_1_346' title='bbox 718 4113 890 4167; x_wconf 77' lang='grc' dir='ltr'>ἄλλοτ’</span> <span class='ocrx_word' id='word_1_347' title='bbox 925 4111 1098 4175; x_wconf 80' lang='grc' dir='ltr'>άλλως</span> <span class='ocrx_word' id='word_1_348' title='bbox 1160 4110 1481 4181; x_wconf 79' lang='grc' dir='ltr'>φερομένου.</span> <span class='ocrx_word' id='word_1_349' title='bbox 1518 4109 1663 4181; x_wconf 90' lang='grc' dir='ltr'>Πρὸς</span> <span class='ocrx_word' id='word_1_350' title='bbox 1713 4108 1770 4162; x_wconf 84' lang='grc' dir='ltr'><strong>δὲ</strong></span> 
     </span>
    </p>
   </div>
   <div class='ocr_carea' id='block_1_45' title="bbox 178 4201 1772 4276">
    <p class='ocr_par' dir='ltr' id='par_1_45' title="bbox 178 4201 1772 4276">
     <span class='ocr_line' id='line_1_45' title="bbox 178 4201 1772 4276; baseline -0.008 -12"><span class='ocrx_word' id='word_1_351' title='bbox 178 4209 400 4273; x_wconf 74' lang='grc' dir='ltr'>τούτοις</span> <span class='ocrx_word' id='word_1_352' title='bbox 455 4208 551 4262; x_wconf 63' lang='grc' dir='ltr'><strong>καὶ¹</strong></span> <span class='ocrx_word' id='word_1_353' title='bbox 612 4209 670 4260; x_wconf 83' lang='grc' dir='ltr'><strong>ἐν</strong></span> <span class='ocrx_word' id='word_1_354' title='bbox 720 4204 927 4276; x_wconf 86' lang='grc' dir='ltr'>χείροσι</span> <span class='ocrx_word' id='word_1_355' title='bbox 958 4202 1239 4272; x_wconf 83' lang='grc' dir='ltr'>γεγονέναι</span> <span class='ocrx_word' id='word_1_356' title='bbox 1302 4202 1392 4254; x_wconf 87' lang='grc' dir='ltr'><strong>τὸν</strong></span> <span class='ocrx_word' id='word_1_357' title='bbox 1435 4201 1567 4255; x_wconf 87' lang='grc' dir='ltr'>Θεὸν</span> <span class='ocrx_word' id='word_1_358' title='bbox 1599 4202 1772 4253; x_wconf 84' lang='grc' dir='ltr'>εἰπεῖν</span> 
     </span>
    </p>
   </div>
   <div class='ocr_carea' id='block_1_46' title="bbox 176 4290 1773 4376">
    <p class='ocr_par' dir='ltr' id='par_1_46' title="bbox 176 4290 1773 4376">
     <span class='ocr_line' id='line_1_46' title="bbox 176 4290 1773 4376; baseline -0.008 -20"><span class='ocrx_word' id='word_1_359' title='bbox 176 4302 425 4373; x_wconf 83' lang='grc' dir='ltr'>ἀνάγκη.</span> <span class='ocrx_word' id='word_1_360' title='bbox 455 4301 520 4353; x_wconf 84' lang='grc' dir='ltr'><strong>Εἰ</strong></span> <span class='ocrx_word' id='word_1_361' title='bbox 545 4299 654 4376; x_wconf 85' lang='grc' dir='ltr'>γὰρ</span> <span class='ocrx_word' id='word_1_362' title='bbox 678 4293 745 4369; x_wconf 79' lang='grc' dir='ltr'><strong>ἦν</strong></span> <span class='ocrx_word' id='word_1_363' title='bbox 774 4313 904 4349; x_wconf 86' lang='grc' dir='ltr'>ποτε</span> <span class='ocrx_word' id='word_1_364' title='bbox 934 4295 1230 4366; x_wconf 79' lang='grc' dir='ltr'>ἅκοσμοςή</span> <span class='ocrx_word' id='word_1_365' title='bbox 1266 4292 1387 4364; x_wconf 89' lang='grc' dir='ltr'>ὕλη,</span> <span class='ocrx_word' id='word_1_366' title='bbox 1416 4292 1690 4363; x_wconf 76' lang='grc' dir='ltr'>ἐκόσμησε</span> <span class='ocrx_word' id='word_1_367' title='bbox 1716 4290 1773 4344; x_wconf 83' lang='grc' dir='ltr'><strong>δὲ</strong></span> 
     </span>
    </p>
   </div>
   <div class='ocr_carea' id='block_1_47' title="bbox 178 4377 1774 4462">
    <p class='ocr_par' dir='ltr' id='par_1_47' title="bbox 178 4377 1774 4462">
     <span class='ocr_line' id='line_1_47' title="bbox 178 4377 1774 4462; baseline -0.009 -16"><span class='ocrx_word' id='word_1_368' title='bbox 178 4393 361 4462; x_wconf 71' lang='grc' dir='ltr'>αὐτὴν</span> <span class='ocrx_word' id='word_1_369' title='bbox 381 4393 460 4452; x_wconf 83' lang='grc' dir='ltr'>εἱς</span> <span class='ocrx_word' id='word_1_370' title='bbox 490 4389 552 4442; x_wconf 89' lang='grc' dir='ltr'><strong>τὸ</strong></span> <span class='ocrx_word' id='word_1_371' title='bbox 573 4390 816 4460; x_wconf 87' lang='grc' dir='ltr'>κρεῖττον</span> <span class='ocrx_word' id='word_1_372' title='bbox 847 4386 1042 4456; x_wconf 66' lang='grc' dir='ltr'>τρέψαι</span> <span class='ocrx_word' id='word_1_373' title='bbox 1082 4382 1531 4457; x_wconf 83' lang='grc' dir='ltr'>προαιρούμενος,</span> <span class='ocrx_word' id='word_1_374' title='bbox 1555 4377 1622 4457; x_wconf 76' lang='grc' dir='ltr'><strong>ἦν</strong></span> <span class='ocrx_word' id='word_1_375' title='bbox 1645 4396 1774 4434; x_wconf 89' lang='grc' dir='ltr'>ποτε</span> 
     </span>
    </p>
   </div>
   <div class='ocr_carea' id='block_1_48' title="bbox 177 4471 1775 4551">
    <p class='ocr_par' dir='ltr' id='par_1_48' title="bbox 177 4471 1775 4551">
     <span class='ocr_line' id='line_1_48' title="bbox 177 4471 1775 4551; baseline -0.01 -11"><span class='ocrx_word' id='word_1_376' title='bbox 177 4488 277 4541; x_wconf 73' lang='grc' dir='ltr'>ὅτε</span> <span class='ocrx_word' id='word_1_377' title='bbox 308 4486 370 4537; x_wconf 77' lang='grc' dir='ltr'><strong>ἐν</strong></span> <span class='ocrx_word' id='word_1_378' title='bbox 390 4482 723 4551; x_wconf 84' lang='grc' dir='ltr'>ἀκοσμήτοις</span> <span class='ocrx_word' id='word_1_379' title='bbox 752 4475 820 4551; x_wconf 69' lang='grc' dir='ltr'>ἦν</span> <span class='ocrx_word' id='word_1_380' title='bbox 842 4480 870 4532; x_wconf 93' lang='lat'><strong>6</strong></span> <span class='ocrx_word' id='word_1_381' title='bbox 901 4478 1055 4541; x_wconf 82' lang='grc' dir='ltr'>Θεός.</span> <span class='ocrx_word' id='word_1_382' title='bbox 1084 4477 1317 4539; x_wconf 87' lang='grc' dir='ltr'>Δικαίως</span> <span class='ocrx_word' id='word_1_383' title='bbox 1343 4475 1387 4528; x_wconf 84' lang='grc' dir='ltr'>δ’</span> <span class='ocrx_word' id='word_1_384' title='bbox 1425 4475 1490 4528; x_wconf 81' lang='grc' dir='ltr'><strong>ἂν</strong></span> <span class='ocrx_word' id='word_1_385' title='bbox 1525 4472 1619 4527; x_wconf 78' lang='grc' dir='ltr'>καὶ</span> <span class='ocrx_word' id='word_1_386' title='bbox 1649 4471 1775 4525; x_wconf 83' lang='grc' dir='ltr'><strong>τοῦ-</strong></span> 
     </span>
    </p>
   </div>
   <div class='ocr_carea' id='block_1_49' title="bbox 180 4565 1775 4649">
    <p class='ocr_par' dir='ltr' id='par_1_49' title="bbox 180 4565 1775 4649">
     <span class='ocr_line' id='line_1_49' title="bbox 180 4565 1775 4649; baseline -0.011 -15"><span class='ocrx_word' id='word_1_387' title='bbox 180 4596 281 4634; x_wconf 82' lang='grc' dir='ltr'><strong>τον</strong></span> <span class='ocrx_word' id='word_1_388' title='bbox 300 4576 531 4649; x_wconf 73' lang='grc' dir='ltr'>ἐροίμην</span> <span class='ocrx_word' id='word_1_389' title='bbox 560 4574 671 4627; x_wconf 75' lang='grc' dir='ltr'>,τὸν</span> <span class='ocrx_word' id='word_1_390' title='bbox 695 4572 873 4641; x_wconf 87' lang='grc' dir='ltr'>λόγον,</span> <span class='ocrx_word' id='word_1_391' title='bbox 904 4570 1131 4643; x_wconf 86' lang='grc' dir='ltr'>πότερον</span> <span class='ocrx_word' id='word_1_392' title='bbox 1181 4569 1422 4639; x_wconf 74' lang='grc' dir='ltr'>ἐπλήρου</span> <span class='ocrx_word' id='word_1_393' title='bbox 1466 4567 1564 4637; x_wconf 73' lang='grc' dir='ltr'>τὴν</span> <span class='ocrx_word' id='word_1_394' title='bbox 1591 4566 1724 4636; x_wconf 85' lang='grc' dir='ltr'>ὕλην</span> <span class='ocrx_word' id='word_1_395' title='bbox 1746 4565 1775 4617; x_wconf 95' lang='lat'><strong>6</strong></span> 
     </span>
    </p>
   </div>
   <div class='ocr_carea' id='block_1_50' title="bbox 1769 617 1818 675">
    <p class='ocr_par' dir='ltr' id='par_1_50' title="bbox 1769 617 1818 675">
     <span class='ocr_line' id='line_1_50' title="bbox 1769 617 1818 675; baseline 0 0"><span class='ocrx_word' id='word_1_396' title='bbox 1769 617 1818 675; x_wconf 74' lang='grc' dir='ltr'><strong>Α</strong></span> 
     </span>
    </p>
   </div>
   <div class='ocr_carea' id='block_1_51' title="bbox 2411 598 2852 659">
    <p class='ocr_par' dir='ltr' id='par_1_51' title="bbox 2411 598 2852 659">
     <span class='ocr_line' id='line_1_51' title="bbox 2411 598 2852 659; baseline -0.011 -1"><span class='ocrx_word' id='word_1_397' title='bbox 2411 600 2642 659; x_wconf 86' lang='lat' dir='ltr'><strong>CAPUT</strong></span> <span class='ocrx_word' id='word_1_398' title='bbox 2683 598 2852 655; x_wconf 81' lang='lat' dir='ltr'><strong>XXII.</strong></span> 
     </span>
    </p>
   </div>
   <div class='ocr_carea' id='block_1_52' title="bbox 1847 691 3424 759">
    <p class='ocr_par' dir='ltr' id='par_1_52' title="bbox 1847 691 3424 759">
     <span class='ocr_line' id='line_1_52' title="bbox 1847 691 3424 759; baseline -0.008 -2"><span class='ocrx_word' id='word_1_399' title='bbox 1847 701 2131 757; x_wconf 73' lang='lat' dir='ltr'><strong>Materiam</strong></span> <span class='ocrx_word' id='word_1_400' title='bbox 2158 715 2252 754; x_wconf 83' lang='lat' dir='ltr'><strong>nec</strong></span> <span class='ocrx_word' id='word_1_401' title='bbox 2281 705 2401 753; x_wconf 82' lang='lat' dir='ltr'><strong>ortu</strong></span> <span class='ocrx_word' id='word_1_402' title='bbox 2426 712 2624 759; x_wconf 79' lang='lat' dir='ltr'><strong>carere,</strong></span> <span class='ocrx_word' id='word_1_403' title='bbox 2650 709 2741 747; x_wconf 82' lang='lat' dir='ltr'><strong>nec</strong></span> <span class='ocrx_word' id='word_1_404' title='bbox 2767 691 3029 746; x_wconf 79' lang='lat' dir='ltr'><strong>malorum</strong></span> <span class='ocrx_word' id='word_1_405' title='bbox 3053 703 3270 743; x_wconf 77' lang='lat' dir='ltr'><strong>causam</strong></span> <span class='ocrx_word' id='word_1_406' title='bbox 3293 701 3424 744; x_wconf 74' lang='lat' dir='ltr'><strong>esse.</strong></span> 
     </span>
    </p>
   </div>
   <div class='ocr_carea' id='block_1_53' title="bbox 1925 802 3425 885">
    <p class='ocr_par' dir='ltr' id='par_1_53' title="bbox 1925 802 3425 885">
     <span class='ocr_line' id='line_1_53' title="bbox 1925 802 3425 885; baseline -0.009 -18"><span class='ocrx_word' id='word_1_407' title='bbox 1925 834 1944 867; x_wconf 77' lang='grc' dir='ltr'><strong>ι</strong></span> <span class='ocrx_word' id='word_1_408' title='bbox 1974 814 2263 885; x_wconf 88' lang='lat' dir='ltr'><strong>Equidem,</strong></span> <span class='ocrx_word' id='word_1_409' title='bbox 2302 810 2483 882; x_wconf 91' lang='lat' dir='ltr'><strong>inquit</strong></span> <span class='ocrx_word' id='word_1_410' title='bbox 2515 809 2626 874; x_wconf 88' lang='lat' dir='ltr'><strong>ille,</strong></span> <span class='ocrx_word' id='word_1_411' title='bbox 2663 808 2774 862; x_wconf 90' lang='lat' dir='ltr'><strong>duo</strong></span> <span class='ocrx_word' id='word_1_412' title='bbox 2809 802 2997 869; x_wconf 86' lang='lat' dir='ltr'><strong>simul,</strong></span> <span class='ocrx_word' id='word_1_413' title='bbox 3027 816 3149 871; x_wconf 79' lang='lat' dir='ltr'><strong>quae</strong></span> <span class='ocrx_word' id='word_1_414' title='bbox 3176 809 3299 856; x_wconf 93' lang='lat' dir='ltr'><strong>ortu</strong></span> <span class='ocrx_word' id='word_1_415' title='bbox 3336 813 3425 855; x_wconf 88' lang='lat' dir='ltr'><strong>ca-</strong></span> 
     </span>
    </p>
   </div>
   <div class='ocr_carea' id='block_1_54' title="bbox 1847 891 3425 971">
    <p class='ocr_par' dir='ltr' id='par_1_54' title="bbox 1847 891 3425 971">
     <span class='ocr_line' id='line_1_54' title="bbox 1847 891 3425 971; baseline -0.011 -11"><span class='ocrx_word' id='word_1_416' title='bbox 1847 913 2025 969; x_wconf 89' lang='lat' dir='ltr'><strong>reant,</strong></span> <span class='ocrx_word' id='word_1_417' title='bbox 2061 918 2184 959; x_wconf 89' lang='lat' dir='ltr'><strong>esse</strong></span> <span class='ocrx_word' id='word_1_418' title='bbox 2213 917 2320 958; x_wconf 91' lang='lat' dir='ltr'><strong>non</strong></span> <span class='ocrx_word' id='word_1_419' title='bbox 2355 914 2539 971; x_wconf 84' lang='lat' dir='ltr'><strong>posse,</strong></span> <span class='ocrx_word' id='word_1_420' title='bbox 2565 898 2699 969; x_wconf 89' lang='lat' dir='ltr'><strong>quin</strong></span> <span class='ocrx_word' id='word_1_421' title='bbox 2733 908 2951 949; x_wconf 88' lang='lat' dir='ltr'><strong>mecum</strong></span> <span class='ocrx_word' id='word_1_422' title='bbox 2987 891 3280 960; x_wconf 79' lang='lat' dir='ltr'><strong>intelligas,</strong></span> <span class='ocrx_word' id='word_1_423' title='bbox 3318 903 3425 943; x_wconf 88' lang='lat' dir='ltr'><strong>non</strong></span> 
     </span>
    </p>
   </div>
   <div class='ocr_carea' id='block_1_55' title="bbox 1846 981 3432 1064">
    <p class='ocr_par' dir='ltr' id='par_1_55' title="bbox 1846 981 3432 1064">
     <span class='ocr_line' id='line_1_55' title="bbox 1846 981 3432 1064; baseline -0.013 -11"><span class='ocrx_word' id='word_1_424' title='bbox 1846 998 2071 1064; x_wconf 89' lang='lat' dir='ltr'><strong>dubito;</strong></span> <span class='ocrx_word' id='word_1_425' title='bbox 2101 995 2227 1050; x_wconf 89' lang='lat' dir='ltr'><strong>licet</strong></span> <span class='ocrx_word' id='word_1_426' title='bbox 2256 995 2361 1048; x_wconf 90' lang='lat' dir='ltr'><strong>hoc</strong></span> <span class='ocrx_word' id='word_1_427' title='bbox 2386 1006 2590 1063; x_wconf 86' lang='lat' dir='ltr'><strong>ponere</strong></span> <span class='ocrx_word' id='word_1_428' title='bbox 2640 988 2867 1057; x_wconf 86' lang='lat' dir='ltr'><strong>insuper</strong></span> <span class='ocrx_word' id='word_1_429' title='bbox 2897 993 3062 1055; x_wconf 91' lang='lat' dir='ltr'><strong>atque</strong></span> <span class='ocrx_word' id='word_1_430' title='bbox 3104 983 3306 1038; x_wconf 86' lang='lat' dir='ltr'><strong>addere</strong></span> <span class='ocrx_word' id='word_1_431' title='bbox 3348 981 3432 1034; x_wconf 80' lang='lat' dir='ltr'><strong>vi-</strong></span> 
     </span>
    </p>
   </div>
   <div class='ocr_carea' id='block_1_56' title="bbox 1846 1077 3431 1154">
    <p class='ocr_par' dir='ltr' id='par_1_56' title="bbox 1846 1077 3431 1154">
     <span class='ocr_line' id='line_1_56' title="bbox 1846 1077 3431 1154; baseline -0.011 -10"><span class='ocrx_word' id='word_1_432' title='bbox 1846 1088 2049 1154; x_wconf 87' lang='lat' dir='ltr'><strong>dearis,</strong></span> <span class='ocrx_word' id='word_1_433' title='bbox 2079 1084 2347 1142; x_wconf 88' lang='lat' dir='ltr'><strong>eduobus</strong></span> <span class='ocrx_word' id='word_1_434' title='bbox 2399 1079 2772 1137; x_wconf 89' lang='lat' dir='ltr'><strong>necessarium</strong></span> <span class='ocrx_word' id='word_1_435' title='bbox 2813 1077 3137 1131; x_wconf 87' lang='lat' dir='ltr'><strong>alterutrum</strong></span> <span class='ocrx_word' id='word_1_436' title='bbox 3194 1086 3337 1139; x_wconf 90' lang='lat' dir='ltr'><strong>esse,</strong></span> <span class='ocrx_word' id='word_1_437' title='bbox 3369 1078 3431 1126; x_wconf 90' lang='lat' dir='ltr'><strong>ut</strong></span> 
     </span>
    </p>
   </div>
   <div class='ocr_carea' id='block_1_57' title="bbox 1846 1165 3433 1250">
    <p class='ocr_par' dir='ltr' id='par_1_57' title="bbox 1846 1165 3433 1250">
     <span class='ocr_line' id='line_1_57' title="bbox 1846 1165 3433 1250; baseline -0.011 -15"><span class='ocrx_word' id='word_1_438' title='bbox 1846 1181 1931 1236; x_wconf 90' lang='lat' dir='ltr'><strong>vel</strong></span> <span class='ocrx_word' id='word_1_439' title='bbox 1957 1187 2274 1250; x_wconf 80' lang='lat' dir='ltr'><strong>segregatus</strong></span> <span class='ocrx_word' id='word_1_440' title='bbox 2294 1192 2325 1231; x_wconf 93' lang='lat' dir='ltr'><strong>a</strong></span> <span class='ocrx_word' id='word_1_441' title='bbox 2352 1174 2583 1230; x_wconf 79' lang='lat' dir='ltr'><strong>materia</strong></span> <span class='ocrx_word' id='word_1_442' title='bbox 2606 1171 2773 1233; x_wconf 88' lang='lat' dir='ltr'><strong>Deus,</strong></span> <span class='ocrx_word' id='word_1_443' title='bbox 2804 1169 2889 1224; x_wconf 91' lang='lat' dir='ltr'><strong>vel</strong></span> <span class='ocrx_word' id='word_1_444' title='bbox 2918 1183 3043 1222; x_wconf 90' lang='lat' dir='ltr'><strong>cum</strong></span> <span class='ocrx_word' id='word_1_445' title='bbox 3088 1165 3279 1221; x_wconf 88' lang='lat' dir='ltr'><strong>eadem</strong></span> <span class='ocrx_word' id='word_1_446' title='bbox 3310 1179 3433 1219; x_wconf 85' lang='lat' dir='ltr'><strong>om-</strong></span> 
     </span>
    </p>
   </div>
   <div class='ocr_carea' id='block_1_58' title="bbox 1848 1260 3432 1339">
    <p class='ocr_par' dir='ltr' id='par_1_58' title="bbox 1848 1260 3432 1339">
     <span class='ocr_line' id='line_1_58' title="bbox 1848 1260 3432 1339; baseline -0.012 -11"><span class='ocrx_word' id='word_1_447' title='bbox 1848 1273 1981 1329; x_wconf 90' lang='lat' dir='ltr'><strong>nino</strong></span> <span class='ocrx_word' id='word_1_448' title='bbox 2013 1272 2348 1339; x_wconf 89' lang='lat' dir='ltr'><strong>conjunctus</strong></span> <span class='ocrx_word' id='word_1_449' title='bbox 2396 1283 2518 1322; x_wconf 88' lang='lat' dir='ltr'><strong>esse</strong></span> <span class='ocrx_word' id='word_1_450' title='bbox 2567 1265 2805 1321; x_wconf 79' lang='lat' dir='ltr'><strong>dicatur.</strong></span> <span class='ocrx_word' id='word_1_451' title='bbox 2840 1260 2944 1328; x_wconf 87' lang='lat' dir='ltr'><strong>Qui</strong></span> <span class='ocrx_word' id='word_1_452' title='bbox 2974 1275 3105 1330; x_wconf 76' lang='lat' dir='ltr'><strong>ergo</strong></span> <span class='ocrx_word' id='word_1_453' title='bbox 3126 1266 3237 1312; x_wconf 90' lang='lat' dir='ltr'><strong>tam</strong></span> <span class='ocrx_word' id='word_1_454' title='bbox 3299 1271 3432 1312; x_wconf 84' lang='lat' dir='ltr'><strong>eon—</strong></span> 
     </span>
    </p>
   </div>
   <div class='ocr_carea' id='block_1_59' title="bbox 1845 1347 3435 1436">
    <p class='ocr_par' dir='ltr' id='par_1_59' title="bbox 1845 1347 3435 1436">
     <span class='ocr_line' id='line_1_59' title="bbox 1845 1347 3435 1436; baseline -0.012 -17"><span class='ocrx_word' id='word_1_455' title='bbox 1845 1366 2101 1436; x_wconf 88' lang='lat' dir='ltr'><strong>junctum</strong></span> <span class='ocrx_word' id='word_1_456' title='bbox 2141 1378 2265 1419; x_wconf 88' lang='lat' dir='ltr'><strong>esse</strong></span> <span class='ocrx_word' id='word_1_457' title='bbox 2295 1361 2461 1425; x_wconf 87' lang='lat' dir='ltr'><strong>volet,</strong></span> <span class='ocrx_word' id='word_1_458' title='bbox 2489 1360 2536 1414; x_wconf 87' lang='lat' dir='ltr'><strong>is</strong></span> <span class='ocrx_word' id='word_1_459' title='bbox 2568 1374 2740 1413; x_wconf 90' lang='lat' dir='ltr'><strong>unum</strong></span> <span class='ocrx_word' id='word_1_460' title='bbox 2775 1356 3043 1411; x_wconf 74' lang='lat' dir='ltr'><strong>duntaxat</strong></span> <span class='ocrx_word' id='word_1_461' title='bbox 3066 1347 3271 1420; x_wconf 90' lang='lat' dir='ltr'><strong>aliquid</strong></span> <span class='ocrx_word' id='word_1_462' title='bbox 3320 1354 3435 1402; x_wconf 87' lang='lat' dir='ltr'><strong>sta-</strong></span> 
     </span>
    </p>
   </div>
   <div class='ocr_carea' id='block_1_60' title="bbox 1850 1441 3434 1526">
    <p class='ocr_par' dir='ltr' id='par_1_60' title="bbox 1850 1441 3434 1526">
     <span class='ocr_line' id='line_1_60' title="bbox 1850 1441 3434 1526; baseline -0.013 -14"><span class='ocrx_word' id='word_1_463' title='bbox 1850 1465 1985 1521; x_wconf 90' lang='lat' dir='ltr'><strong>tuet,</strong></span> <span class='ocrx_word' id='word_1_464' title='bbox 2022 1454 2168 1526; x_wconf 92' lang='lat' dir='ltr'><strong>quod</strong></span> <span class='ocrx_word' id='word_1_465' title='bbox 2191 1461 2314 1510; x_wconf 90' lang='lat' dir='ltr'><strong>ortu</strong></span> <span class='ocrx_word' id='word_1_466' title='bbox 2344 1458 2567 1516; x_wconf 83' lang='lat' dir='ltr'><strong>careat;</strong></span> <span class='ocrx_word' id='word_1_467' title='bbox 2606 1460 2737 1503; x_wconf 90' lang='lat' dir='ltr'><strong>tunc</strong></span> <span class='ocrx_word' id='word_1_468' title='bbox 2758 1447 2907 1502; x_wconf 89' lang='lat' dir='ltr'><strong>enim</strong></span> <span class='ocrx_word' id='word_1_469' title='bbox 2939 1442 3165 1499; x_wconf 84' lang='lat' dir='ltr'><strong>alterius</strong></span> <span class='ocrx_word' id='word_1_470' title='bbox 3199 1441 3434 1495; x_wconf 87' lang='lat' dir='ltr'><strong>alterum</strong></span> 
     </span>
    </p>
   </div>
   <div class='ocr_carea' id='block_1_61' title="bbox 1849 1535 3437 1619">
    <p class='ocr_par' dir='ltr' id='par_1_61' title="bbox 1849 1535 3437 1619">
     <span class='ocr_line' id='line_1_61' title="bbox 1849 1535 3437 1619; baseline -0.01 -16"><span class='ocrx_word' id='word_1_471' title='bbox 1849 1562 1979 1619; x_wconf 91' lang='lat' dir='ltr'><strong>pars</strong></span> <span class='ocrx_word' id='word_1_472' title='bbox 2009 1547 2210 1617; x_wconf 85' lang='lat' dir='ltr'><strong>utique</strong></span> <span class='ocrx_word' id='word_1_473' title='bbox 2246 1544 2406 1603; x_wconf 89' lang='lat' dir='ltr'><strong>foret.</strong></span> <span class='ocrx_word' id='word_1_474' title='bbox 2463 1557 2587 1613; x_wconf 64' lang='lat' dir='ltr'><strong>quae</strong></span> <span class='ocrx_word' id='word_1_475' title='bbox 2637 1556 2769 1595; x_wconf 84' lang='lat' dir='ltr'><strong>vero</strong></span> <span class='ocrx_word' id='word_1_476' title='bbox 2820 1547 3067 1594; x_wconf 88' lang='lat' dir='ltr'><strong>mutuam</strong></span> <span class='ocrx_word' id='word_1_477' title='bbox 3124 1535 3269 1590; x_wconf 90' lang='lat' dir='ltr'><strong>inter</strong></span> <span class='ocrx_word' id='word_1_478' title='bbox 3313 1547 3437 1589; x_wconf 86' lang='lat' dir='ltr'><strong>sese</strong></span> 
     </span>
    </p>
   </div>
   <div class='ocr_carea' id='block_1_62' title="bbox 1851 1632 3434 1714">
    <p class='ocr_par' dir='ltr' id='par_1_62' title="bbox 1851 1632 3434 1714">
     <span class='ocr_line' id='line_1_62' title="bbox 1851 1632 3434 1714; baseline -0.013 -15"><span class='ocrx_word' id='word_1_479' title='bbox 1851 1643 2024 1714; x_wconf 79' lang='lat' dir='ltr'><strong>partis</strong></span> <span class='ocrx_word' id='word_1_480' title='bbox 2052 1642 2317 1696; x_wconf 87' lang='lat' dir='ltr'><strong>rationem</strong></span> <span class='ocrx_word' id='word_1_481' title='bbox 2373 1638 2597 1701; x_wconf 84' lang='lat' dir='ltr'><strong>habent,</strong></span> <span class='ocrx_word' id='word_1_482' title='bbox 2629 1633 2842 1697; x_wconf 88' lang='lat' dir='ltr'><strong>eadem,</strong></span> <span class='ocrx_word' id='word_1_483' title='bbox 2876 1647 3000 1702; x_wconf 78' lang='lat' dir='ltr'><strong>quae</strong></span> <span class='ocrx_word' id='word_1_484' title='bbox 3033 1638 3157 1683; x_wconf 90' lang='lat' dir='ltr'><strong>ortu</strong></span> <span class='ocrx_word' id='word_1_485' title='bbox 3186 1632 3434 1690; x_wconf 84' lang='lat' dir='ltr'><strong>careant,</strong></span> 
     </span>
    </p>
   </div>
   <div class='ocr_carea' id='block_1_63' title="bbox 1852 1715 3434 1795">
    <p class='ocr_par' dir='ltr' id='par_1_63' title="bbox 1852 1715 3434 1795">
     <span class='ocr_line' id='line_1_63' title="bbox 1852 1715 3434 1795; baseline -0.015 -4"><span class='ocrx_word' id='word_1_486' title='bbox 1852 1737 1962 1791; x_wconf 92' lang='lat' dir='ltr'><strong>duo</strong></span> <span class='ocrx_word' id='word_1_487' title='bbox 1987 1732 2150 1789; x_wconf 89' lang='lat' dir='ltr'><strong>simul</strong></span> <span class='ocrx_word' id='word_1_488' title='bbox 2169 1744 2292 1786; x_wconf 90' lang='lat' dir='ltr'><strong>esse</strong></span> <span class='ocrx_word' id='word_1_489' title='bbox 2341 1744 2451 1784; x_wconf 91' lang='lat' dir='ltr'><strong>non</strong></span> <span class='ocrx_word' id='word_1_490' title='bbox 2500 1733 2753 1795; x_wconf 80' lang='lat' dir='ltr'><strong>possunt.</strong></span> <span class='ocrx_word' id='word_1_491' title='bbox 2805 1722 2940 1775; x_wconf 71' lang='lat' dir='ltr'><strong>Nam</strong></span> <span class='ocrx_word' id='word_1_492' title='bbox 2968 1715 3434 1790; x_wconf 87' lang='lat' dir='ltr'><strong>quemadmodum</strong></span> 
     </span>
    </p>
   </div>
   <div class='ocr_carea' id='block_1_64' title="bbox 1855 1804 3439 1888">
    <p class='ocr_par' dir='ltr' id='par_1_64' title="bbox 1855 1804 3439 1888">
     <span class='ocr_line' id='line_1_64' title="bbox 1855 1804 3439 1888; baseline -0.014 -5"><span class='ocrx_word' id='word_1_493' title='bbox 1855 1826 2134 1883; x_wconf 89' lang='lat' dir='ltr'><strong>hominem</strong></span> <span class='ocrx_word' id='word_1_494' title='bbox 2165 1823 2293 1877; x_wconf 91' lang='lat' dir='ltr'><strong>sica</strong></span> <span class='ocrx_word' id='word_1_495' title='bbox 2328 1819 2438 1875; x_wconf 91' lang='lat' dir='ltr'><strong>Deo</strong></span> <span class='ocrx_word' id='word_1_496' title='bbox 2469 1824 2816 1888; x_wconf 88' lang='lat' dir='ltr'><strong>procreatum</strong></span> <span class='ocrx_word' id='word_1_497' title='bbox 2846 1827 2969 1867; x_wconf 90' lang='lat' dir='ltr'><strong>esse</strong></span> <span class='ocrx_word' id='word_1_498' title='bbox 2993 1809 3252 1875; x_wconf 88' lang='lat' dir='ltr'><strong>dicimus,</strong></span> <span class='ocrx_word' id='word_1_499' title='bbox 3287 1815 3349 1861; x_wconf 92' lang='lat' dir='ltr'><strong>ut</strong></span> <span class='ocrx_word' id='word_1_500' title='bbox 3389 1804 3439 1861; x_wconf 84' lang='lat' dir='ltr'><strong>is</strong></span> 
     </span>
    </p>
   </div>
   <div class='ocr_carea' id='block_1_65' title="bbox 1857 1896 3444 1988">
    <p class='ocr_par' dir='ltr' id='par_1_65' title="bbox 1857 1896 3444 1988">
     <span class='ocr_line' id='line_1_65' title="bbox 1857 1896 3444 1988; baseline -0.015 -14"><span class='ocrx_word' id='word_1_501' title='bbox 1857 1935 1967 1974; x_wconf 92' lang='lat' dir='ltr'><strong>non</strong></span> <span class='ocrx_word' id='word_1_502' title='bbox 2006 1917 2119 1988; x_wconf 84' lang='lat' dir='ltr'><strong>jam</strong></span> <span class='ocrx_word' id='word_1_503' title='bbox 2148 1915 2379 1970; x_wconf 71' lang='lat' dir='ltr'><strong>diversa:</strong></span> <span class='ocrx_word' id='word_1_504' title='bbox 2408 1918 2618 1981; x_wconf 82' lang='lat' dir='ltr'><strong>partes,</strong></span> <span class='ocrx_word' id='word_1_505' title='bbox 2657 1917 2821 1976; x_wconf 88' lang='lat' dir='ltr'><strong>atque</strong></span> <span class='ocrx_word' id='word_1_506' title='bbox 2876 1904 2930 1958; x_wconf 90' lang='lat' dir='ltr'><strong>in</strong></span> <span class='ocrx_word' id='word_1_507' title='bbox 2952 1903 3106 1972; x_wconf 90' lang='lat' dir='ltr'><strong>plura</strong></span> <span class='ocrx_word' id='word_1_508' title='bbox 3141 1898 3320 1971; x_wconf 87' lang='lat' dir='ltr'><strong>genita</strong></span> <span class='ocrx_word' id='word_1_509' title='bbox 3361 1896 3444 1951; x_wconf 87' lang='lat' dir='ltr'><strong>di-</strong></span> 
     </span>
    </p>
   </div>
   <div class='ocr_carea' id='block_1_66' title="bbox 1854 1988 3441 2073">
    <p class='ocr_par' dir='ltr' id='par_1_66' title="bbox 1854 1988 3441 2073">
     <span class='ocr_line' id='line_1_66' title="bbox 1854 1988 3441 2073; baseline -0.017 -6"><span class='ocrx_word' id='word_1_510' title='bbox 1854 2019 2093 2073; x_wconf 72' lang='lat' dir='ltr'><strong>stractae,</strong></span> <span class='ocrx_word' id='word_1_511' title='bbox 2127 2021 2339 2068; x_wconf 86' lang='lat' dir='ltr'><strong>verum,</strong></span> <span class='ocrx_word' id='word_1_512' title='bbox 2374 2012 2435 2057; x_wconf 92' lang='lat' dir='ltr'><strong>ut</strong></span> <span class='ocrx_word' id='word_1_513' title='bbox 2459 2002 2575 2071; x_wconf 87' lang='lat' dir='ltr'><strong>ipsa</strong></span> <span class='ocrx_word' id='word_1_514' title='bbox 2604 2000 2743 2053; x_wconf 89' lang='lat' dir='ltr'><strong>ratio</strong></span> <span class='ocrx_word' id='word_1_515' title='bbox 2767 1996 3025 2068; x_wconf 87' lang='lat' dir='ltr'><strong>postulat,</strong></span> <span class='ocrx_word' id='word_1_516' title='bbox 3049 2008 3139 2048; x_wconf 90' lang='lat' dir='ltr'><strong>res</strong></span> <span class='ocrx_word' id='word_1_517' title='bbox 3161 2007 3271 2046; x_wconf 89' lang='lat' dir='ltr'><strong>una</strong></span> <span class='ocrx_word' id='word_1_518' title='bbox 3313 1988 3441 2059; x_wconf 86' lang='lat' dir='ltr'><strong>qui-</strong></span> 
     </span>
    </p>
   </div>
   <div class='ocr_carea' id='block_1_67' title="bbox 1853 2081 3438 2177">
    <p class='ocr_par' dir='ltr' id='par_1_67' title="bbox 1853 2081 3438 2177">
     <span class='ocr_line' id='line_1_67' title="bbox 1853 2081 3438 2177; baseline -0.018 -18"><span class='ocrx_word' id='word_1_519' title='bbox 1853 2103 1976 2159; x_wconf 89' lang='lat' dir='ltr'><strong>dem</strong></span> <span class='ocrx_word' id='word_1_520' title='bbox 2007 2099 2187 2177; x_wconf 76' lang='lat' dir='ltr'><strong>genita</strong></span> <span class='ocrx_word' id='word_1_521' title='bbox 2215 2096 2307 2163; x_wconf 90' lang='lat' dir='ltr'><strong>sit,</strong></span> <span class='ocrx_word' id='word_1_522' title='bbox 2332 2094 2498 2149; x_wconf 90' lang='lat' dir='ltr'><strong>variis</strong></span> <span class='ocrx_word' id='word_1_523' title='bbox 2532 2101 2713 2147; x_wconf 89' lang='lat' dir='ltr'><strong>tamen</strong></span> <span class='ocrx_word' id='word_1_524' title='bbox 2748 2104 2814 2143; x_wconf 83' lang='lat' dir='ltr'><strong>ex</strong></span> <span class='ocrx_word' id='word_1_525' title='bbox 2846 2086 3097 2157; x_wconf 86' lang='lat' dir='ltr'><strong>partibus</strong></span> <span class='ocrx_word' id='word_1_526' title='bbox 3119 2081 3438 2145; x_wconf 87' lang='lat' dir='ltr'><strong>constituta,</strong></span> 
     </span>
    </p>
   </div>
   <div class='ocr_carea' id='block_1_68' title="bbox 1854 2173 3440 2259">
    <p class='ocr_par' dir='ltr' id='par_1_68' title="bbox 1854 2173 3440 2259">
     <span class='ocr_line' id='line_1_68' title="bbox 1854 2173 3440 2259; baseline -0.017 -9"><span class='ocrx_word' id='word_1_527' title='bbox 1854 2194 1936 2251; x_wconf 91' lang='lat' dir='ltr'><strong>sic</strong></span> <span class='ocrx_word' id='word_1_528' title='bbox 1958 2173 2182 2247; x_wconf 83' lang='lat' dir='ltr'><strong>necesse</strong></span> <span class='ocrx_word' id='word_1_529' title='bbox 2214 2188 2374 2259; x_wconf 89' lang='lat' dir='ltr'><strong>plane</strong></span> <span class='ocrx_word' id='word_1_530' title='bbox 2392 2193 2498 2249; x_wconf 90' lang='lat' dir='ltr'><strong>est,</strong></span> <span class='ocrx_word' id='word_1_531' title='bbox 2529 2182 2576 2236; x_wconf 93' lang='lat' dir='ltr'><strong>si</strong></span> <span class='ocrx_word' id='word_1_532' title='bbox 2617 2180 2785 2234; x_wconf 89' lang='lat' dir='ltr'><strong>Deum</strong></span> <span class='ocrx_word' id='word_1_533' title='bbox 2810 2193 2840 2232; x_wconf 91' lang='lat' dir='ltr'><strong>a</strong></span> <span class='ocrx_word' id='word_1_534' title='bbox 2868 2176 3099 2231; x_wconf 88' lang='lat' dir='ltr'><strong>materia</strong></span> <span class='ocrx_word' id='word_1_535' title='bbox 3130 2173 3440 2243; x_wconf 86' lang='lat' dir='ltr'><strong>sejunctum</strong></span> 
     </span>
    </p>
   </div>
   <div class='ocr_carea' id='block_1_69' title="bbox 1854 2261 3441 2351">
    <p class='ocr_par' dir='ltr' id='par_1_69' title="bbox 1854 2261 3441 2351">
     <span class='ocr_line' id='line_1_69' title="bbox 1854 2261 3441 2351; baseline -0.017 -11"><span class='ocrx_word' id='word_1_536' title='bbox 1854 2297 1979 2340; x_wconf 86' lang='lat' dir='ltr'><strong>esse</strong></span> <span class='ocrx_word' id='word_1_537' title='bbox 2005 2294 2196 2351; x_wconf 89' lang='lat' dir='ltr'><strong>negas,</strong></span> <span class='ocrx_word' id='word_1_538' title='bbox 2216 2292 2386 2332; x_wconf 89' lang='lat' dir='ltr'><strong>unum</strong></span> <span class='ocrx_word' id='word_1_539' title='bbox 2417 2270 2687 2329; x_wconf 80' lang='lat' dir='ltr'><strong>duntaxat</strong></span> <span class='ocrx_word' id='word_1_540' title='bbox 2741 2267 2972 2338; x_wconf 90' lang='lat' dir='ltr'><strong>aliquid,</strong></span> <span class='ocrx_word' id='word_1_541' title='bbox 3003 2264 3150 2336; x_wconf 91' lang='lat' dir='ltr'><strong>quod</strong></span> <span class='ocrx_word' id='word_1_542' title='bbox 3197 2261 3441 2334; x_wconf 85' lang='lat' dir='ltr'><strong>genitum</strong></span> 
     </span>
    </p>
   </div>
   <div class='ocr_carea' id='block_1_70' title="bbox 1854 2361 3445 2441">
    <p class='ocr_par' dir='ltr' id='par_1_70' title="bbox 1854 2361 3445 2441">
     <span class='ocr_line' id='line_1_70' title="bbox 1854 2361 3445 2441; baseline -0.014 -10"><span class='ocrx_word' id='word_1_543' title='bbox 1854 2391 1964 2431; x_wconf 93' lang='lat' dir='ltr'><strong>non</strong></span> <span class='ocrx_word' id='word_1_544' title='bbox 1994 2373 2087 2439; x_wconf 91' lang='lat' dir='ltr'><strong>sit,</strong></span> <span class='ocrx_word' id='word_1_545' title='bbox 2116 2384 2432 2441; x_wconf 79' lang='lat' dir='ltr'><strong>agnoscere.</strong></span> <span class='ocrx_word' id='word_1_546' title='bbox 2463 2365 2560 2420; x_wconf 90' lang='lat' dir='ltr'><strong>Sin</strong></span> <span class='ocrx_word' id='word_1_547' title='bbox 2615 2363 2684 2417; x_wconf 91' lang='lat' dir='ltr'><strong>ab</strong></span> <span class='ocrx_word' id='word_1_548' title='bbox 2733 2361 2922 2415; x_wconf 85' lang='lat' dir='ltr'><strong>eadem</strong></span> <span class='ocrx_word' id='word_1_549' title='bbox 2983 2364 3259 2414; x_wconf 89' lang='lat' dir='ltr'><strong>secretum</strong></span> <span class='ocrx_word' id='word_1_550' title='bbox 3321 2367 3445 2409; x_wconf 84' lang='lat' dir='ltr'><strong>esse</strong></span> 
     </span>
    </p>
   </div>
   <div class='ocr_carea' id='block_1_71' title="bbox 1854 2453 3447 2529">
    <p class='ocr_par' dir='ltr' id='par_1_71' title="bbox 1854 2453 3447 2529">
     <span class='ocr_line' id='line_1_71' title="bbox 1854 2453 3447 2529; baseline -0.013 -8"><span class='ocrx_word' id='word_1_551' title='bbox 1854 2467 2026 2529; x_wconf 87' lang='lat' dir='ltr'><strong>voles,</strong></span> <span class='ocrx_word' id='word_1_552' title='bbox 2057 2464 2297 2519; x_wconf 91' lang='lat' dir='ltr'><strong>medium</strong></span> <span class='ocrx_word' id='word_1_553' title='bbox 2326 2457 2642 2515; x_wconf 89' lang='lat' dir='ltr'><strong>necessario</strong></span> <span class='ocrx_word' id='word_1_554' title='bbox 2679 2455 2938 2526; x_wconf 87' lang='lat' dir='ltr'><strong>quiddam</strong></span> <span class='ocrx_word' id='word_1_555' title='bbox 2971 2453 3114 2505; x_wconf 89' lang='lat' dir='ltr'><strong>inter</strong></span> <span class='ocrx_word' id='word_1_556' title='bbox 3145 2456 3447 2515; x_wconf 84' lang='lat' dir='ltr'><strong>utrumque</strong></span> 
     </span>
    </p>
   </div>
   <div class='ocr_carea' id='block_1_72' title="bbox 1857 2542 3447 2620">
    <p class='ocr_par' dir='ltr' id='par_1_72' title="bbox 1857 2542 3447 2620">
     <span class='ocr_line' id='line_1_72' title="bbox 1857 2542 3447 2620; baseline -0.014 -7"><span class='ocrx_word' id='word_1_557' title='bbox 1857 2556 2206 2614; x_wconf 89' lang='lat' dir='ltr'><strong>statuendum</strong></span> <span class='ocrx_word' id='word_1_558' title='bbox 2265 2552 2389 2618; x_wconf 82' lang='lat' dir='ltr'><strong>erit,</strong></span> <span class='ocrx_word' id='word_1_559' title='bbox 2436 2564 2548 2620; x_wconf 92' lang='lat' dir='ltr'><strong>quo</strong></span> <span class='ocrx_word' id='word_1_560' title='bbox 2613 2548 2900 2616; x_wconf 90' lang='lat' dir='ltr'><strong>utriusque</strong></span> <span class='ocrx_word' id='word_1_561' title='bbox 2931 2542 3219 2606; x_wconf 76' lang='lat' dir='ltr'><strong>dissjdium</strong></span> <span class='ocrx_word' id='word_1_562' title='bbox 3260 2549 3447 2595; x_wconf 86' lang='lat' dir='ltr'><strong>osten-</strong></span> 
     </span>
    </p>
   </div>
   <div class='ocr_carea' id='block_1_73' title="bbox 1856 2622 3447 2702">
    <p class='ocr_par' dir='ltr' id='par_1_73' title="bbox 1856 2622 3447 2702">
     <span class='ocr_line' id='line_1_73' title="bbox 1856 2622 3447 2702; baseline -0.016 0"><span class='ocrx_word' id='word_1_563' title='bbox 1856 2647 2040 2702; x_wconf 88' lang='lat' dir='ltr'><strong>datur.</strong></span> <span class='ocrx_word' id='word_1_564' title='bbox 2078 2642 2188 2697; x_wconf 81' lang='lat' dir='ltr'><strong>Nec</strong></span> <span class='ocrx_word' id='word_1_565' title='bbox 2218 2640 2363 2696; x_wconf 90' lang='lat' dir='ltr'><strong>enim</strong></span> <span class='ocrx_word' id='word_1_566' title='bbox 2396 2638 2561 2692; x_wconf 91' lang='lat' dir='ltr'><strong>unius</strong></span> <span class='ocrx_word' id='word_1_567' title='bbox 2588 2636 2659 2690; x_wconf 88' lang='lat' dir='ltr'><strong>ab</strong></span> <span class='ocrx_word' id='word_1_568' title='bbox 2690 2635 2864 2688; x_wconf 88' lang='lat' dir='ltr'><strong>altero</strong></span> <span class='ocrx_word' id='word_1_569' title='bbox 2904 2631 3202 2686; x_wconf 81' lang='lat' dir='ltr'><strong>divortium</strong></span> <span class='ocrx_word' id='word_1_570' title='bbox 3235 2622 3447 2680; x_wconf 63' lang='lat' dir='ltr'><strong>consti»</strong></span> 
     </span>
    </p>
   </div>
   <div class='ocr_carea' id='block_1_74' title="bbox 1857 2714 3445 2807">
    <p class='ocr_par' dir='ltr' id='par_1_74' title="bbox 1857 2714 3445 2807">
     <span class='ocr_line' id='line_1_74' title="bbox 1857 2714 3445 2807; baseline -0.017 -13"><span class='ocrx_word' id='word_1_571' title='bbox 1857 2739 1935 2795; x_wconf 87' lang='lat' dir='ltr'><strong>tui</strong></span> <span class='ocrx_word' id='word_1_572' title='bbox 1962 2734 2281 2807; x_wconf 87' lang='lat' dir='ltr'><strong>dignoscive</strong></span> <span class='ocrx_word' id='word_1_573' title='bbox 2314 2739 2509 2802; x_wconf 78' lang='lat' dir='ltr'><strong>potest,</strong></span> <span class='ocrx_word' id='word_1_574' title='bbox 2553 2727 2661 2782; x_wconf 86' lang='lat' dir='ltr'><strong>nisi</strong></span> <span class='ocrx_word' id='word_1_575' title='bbox 2709 2726 2928 2781; x_wconf 89' lang='lat' dir='ltr'><strong>tertium</strong></span> <span class='ocrx_word' id='word_1_576' title='bbox 2963 2720 3169 2790; x_wconf 90' lang='lat' dir='ltr'><strong>aliquid</strong></span> <span class='ocrx_word' id='word_1_577' title='bbox 3213 2714 3445 2781; x_wconf 81' lang='lat' dir='ltr'><strong>suberit,</strong></span> 
     </span>
    </p>
   </div>
   <div class='ocr_carea' id='block_1_75' title="bbox 1857 2804 3446 2899">
    <p class='ocr_par' dir='ltr' id='par_1_75' title="bbox 1857 2804 3446 2899">
     <span class='ocr_line' id='line_1_75' title="bbox 1857 2804 3446 2899; baseline -0.016 -14"><span class='ocrx_word' id='word_1_578' title='bbox 1857 2846 1924 2887; x_wconf 83' lang='lat' dir='ltr'><strong>ex</strong></span> <span class='ocrx_word' id='word_1_579' title='bbox 1958 2804 2068 2899; x_wconf 81' lang='lat' dir='ltr'><strong>quo</strong></span> <span class='ocrx_word' id='word_1_580' title='bbox 2098 2824 2394 2881; x_wconf 85' lang='lat' dir='ltr'><strong>divortium</strong></span> <span class='ocrx_word' id='word_1_581' title='bbox 2418 2821 2551 2876; x_wconf 91' lang='lat' dir='ltr'><strong>illud</strong></span> <span class='ocrx_word' id='word_1_582' title='bbox 2581 2817 2904 2873; x_wconf 80' lang='lat' dir='ltr'><strong>aestimetur.</strong></span> <span class='ocrx_word' id='word_1_583' title='bbox 2936 2812 3118 2881; x_wconf 85' lang='lat' dir='ltr'><strong>Atque</strong></span> <span class='ocrx_word' id='word_1_584' title='bbox 3159 2808 3278 2863; x_wconf 66' lang='lat' dir='ltr'><strong>haec</strong></span> <span class='ocrx_word' id='word_1_585' title='bbox 3305 2804 3446 2860; x_wconf 74' lang='lat' dir='ltr'><strong>ratio</strong></span> 
     </span>
    </p>
   </div>
   <div class='ocr_carea' id='block_1_76' title="bbox 1861 2880 3527 2977">
    <p class='ocr_par' dir='ltr' id='par_1_76' title="bbox 1861 2880 3527 2977">
     <span class='ocr_line' id='line_1_76' title="bbox 1861 2880 3527 2977; baseline -0.016 -1"><span class='ocrx_word' id='word_1_586' title='bbox 1861 2936 1969 2976; x_wconf 86' lang='lat' dir='ltr'><strong>non</strong></span> <span class='ocrx_word' id='word_1_587' title='bbox 2004 2927 2216 2974; x_wconf 88' lang='lat' dir='ltr'><strong>tantum</strong></span> <span class='ocrx_word' id='word_1_588' title='bbox 2242 2916 2326 2971; x_wconf 79' lang='lat' dir='ltr'><strong>vel</strong></span> <span class='ocrx_word' id='word_1_589' title='bbox 2379 2915 2432 2967; x_wconf 91' lang='lat' dir='ltr'><strong>in</strong></span> <span class='ocrx_word' id='word_1_590' title='bbox 2486 2913 2612 2977; x_wconf 89' lang='lat' dir='ltr'><strong>hoc,</strong></span> <span class='ocrx_word' id='word_1_591' title='bbox 2648 2909 2729 2964; x_wconf 82' lang='lat' dir='ltr'><strong>vel</strong></span> <span class='ocrx_word' id='word_1_592' title='bbox 2764 2908 2820 2961; x_wconf 91' lang='lat' dir='ltr'><strong>in</strong></span> <span class='ocrx_word' id='word_1_593' title='bbox 2877 2920 2991 2960; x_wconf 91' lang='lat' dir='ltr'><strong>uno</strong></span> <span class='ocrx_word' id='word_1_594' title='bbox 3017 2899 3301 2972; x_wconf 89' lang='lat' dir='ltr'><strong>quopiam,</strong></span> <span class='ocrx_word' id='word_1_595' title='bbox 3349 2895 3446 2951; x_wconf 87' lang='lat' dir='ltr'><strong>sed</strong></span> <span class='ocrx_word' id='word_1_596' title='bbox 3514 2880 3527 2892; x_wconf 79' lang='grc'><em>’</em></span> 
     </span>
    </p>
   </div>
   <div class='ocr_carea' id='block_1_77' title="bbox 1859 2990 3448 3078">
    <p class='ocr_par' dir='ltr' id='par_1_77' title="bbox 1859 2990 3448 3078">
     <span class='ocr_line' id='line_1_77' title="bbox 1859 2990 3448 3078; baseline -0.017 -10"><span class='ocrx_word' id='word_1_597' title='bbox 1859 3015 2023 3068; x_wconf 84' lang='lat' dir='ltr'><strong>etiam</strong></span> <span class='ocrx_word' id='word_1_598' title='bbox 2057 3010 2113 3065; x_wconf 93' lang='lat' dir='ltr'><strong>in</strong></span> <span class='ocrx_word' id='word_1_599' title='bbox 2143 3006 2394 3078; x_wconf 89' lang='lat' dir='ltr'><strong>pluribus</strong></span> <span class='ocrx_word' id='word_1_600' title='bbox 2422 3004 2609 3060; x_wconf 90' lang='lat' dir='ltr'><strong>locum</strong></span> <span class='ocrx_word' id='word_1_601' title='bbox 2646 3001 2831 3055; x_wconf 87' lang='lat' dir='ltr'><strong>habet.</strong></span> <span class='ocrx_word' id='word_1_602' title='bbox 2857 2996 3017 3063; x_wconf 89' lang='lat' dir='ltr'><strong>Quod</strong></span> <span class='ocrx_word' id='word_1_603' title='bbox 3049 2993 3198 3048; x_wconf 89' lang='lat' dir='ltr'><strong>enim</strong></span> <span class='ocrx_word' id='word_1_604' title='bbox 3217 2991 3284 3046; x_wconf 93' lang='lat' dir='ltr'><strong>de</strong></span> <span class='ocrx_word' id='word_1_605' title='bbox 3305 2990 3448 3044; x_wconf 92' lang='lat' dir='ltr'><strong>duo-</strong></span> 
     </span>
    </p>
   </div>
   <div class='ocr_carea' id='block_1_78' title="bbox 1861 3082 3451 3160">
    <p class='ocr_par' dir='ltr' id='par_1_78' title="bbox 1861 3082 3451 3160">
     <span class='ocr_line' id='line_1_78' title="bbox 1861 3082 3451 3160; baseline -0.015 0"><span class='ocrx_word' id='word_1_606' title='bbox 1861 3106 1965 3160; x_wconf 85' lang='lat' dir='ltr'><strong>bus</strong></span> <span class='ocrx_word' id='word_1_607' title='bbox 1997 3112 2122 3158; x_wconf 88' lang='lat' dir='ltr'><strong>ortu</strong></span> <span class='ocrx_word' id='word_1_608' title='bbox 2156 3099 2473 3156; x_wconf 85' lang='lat' dir='ltr'><strong>carentibus</strong></span> <span class='ocrx_word' id='word_1_609' title='bbox 2509 3096 2717 3150; x_wconf 88' lang='lat' dir='ltr'><strong>dictum</strong></span> <span class='ocrx_word' id='word_1_610' title='bbox 2746 3099 2852 3153; x_wconf 84' lang='lat' dir='ltr'><strong>est,</strong></span> <span class='ocrx_word' id='word_1_611' title='bbox 2908 3089 2961 3143; x_wconf 90' lang='lat' dir='ltr'><strong>id</strong></span> <span class='ocrx_word' id='word_1_612' title='bbox 2992 3085 3244 3141; x_wconf 89' lang='lat' dir='ltr'><strong>similiter</strong></span> <span class='ocrx_word' id='word_1_613' title='bbox 3269 3082 3451 3137; x_wconf 78' lang='lat' dir='ltr'><strong>valere</strong></span> 
     </span>
    </p>
   </div>
   <div class='ocr_carea' id='block_1_79' title="bbox 1862 3171 3450 3261">
    <p class='ocr_par' dir='ltr' id='par_1_79' title="bbox 1862 3171 3450 3261">
     <span class='ocr_line' id='line_1_79' title="bbox 1862 3171 3450 3261; baseline -0.018 -8"><span class='ocrx_word' id='word_1_614' title='bbox 1862 3212 2086 3252; x_wconf 87' lang='lat' dir='ltr'><strong>necesse</strong></span> <span class='ocrx_word' id='word_1_615' title='bbox 2110 3195 2235 3261; x_wconf 86' lang='lat' dir='ltr'><strong>erit,</strong></span> <span class='ocrx_word' id='word_1_616' title='bbox 2255 3193 2302 3247; x_wconf 90' lang='lat' dir='ltr'><strong>si</strong></span> <span class='ocrx_word' id='word_1_617' title='bbox 2333 3190 2437 3245; x_wconf 86' lang='lat' dir='ltr'><strong>tria</strong></span> <span class='ocrx_word' id='word_1_618' title='bbox 2462 3197 2736 3260; x_wconf 90' lang='lat' dir='ltr'><strong>ponentur</strong></span> <span class='ocrx_word' id='word_1_619' title='bbox 2770 3192 2893 3239; x_wconf 88' lang='lat' dir='ltr'><strong>ortu</strong></span> <span class='ocrx_word' id='word_1_620' title='bbox 2922 3179 3189 3235; x_wconf 81' lang='lat' dir='ltr'><strong>carentia.</strong></span> <span class='ocrx_word' id='word_1_621' title='bbox 3217 3172 3352 3228; x_wconf 85' lang='lat' dir='ltr'><strong>Nam</strong></span> <span class='ocrx_word' id='word_1_622' title='bbox 3382 3171 3450 3226; x_wconf 90' lang='lat' dir='ltr'><strong>de</strong></span> 
     </span>
    </p>
   </div>
   <div class='ocr_carea' id='block_1_80' title="bbox 1862 3265 3451 3350">
    <p class='ocr_par' dir='ltr' id='par_1_80' title="bbox 1862 3265 3451 3350">
     <span class='ocr_line' id='line_1_80' title="bbox 1862 3265 3451 3350; baseline -0.017 -6"><span class='ocrx_word' id='word_1_623' title='bbox 1862 3290 1975 3345; x_wconf 89' lang='lat' dir='ltr'><strong>illis</strong></span> <span class='ocrx_word' id='word_1_624' title='bbox 2030 3285 2226 3341; x_wconf 85' lang='lat' dir='ltr'><strong>eodem</strong></span> <span class='ocrx_word' id='word_1_625' title='bbox 2270 3282 2434 3337; x_wconf 91' lang='lat' dir='ltr'><strong>modo</strong></span> <span class='ocrx_word' id='word_1_626' title='bbox 2482 3292 2748 3350; x_wconf 47' lang='lat' dir='ltr'><strong>quairam,</strong></span> <span class='ocrx_word' id='word_1_627' title='bbox 2805 3284 2992 3328; x_wconf 90' lang='lat' dir='ltr'><strong>utrum</strong></span> <span class='ocrx_word' id='word_1_628' title='bbox 3045 3269 3319 3338; x_wconf 74' lang='lat' dir='ltr'><strong>disiuncta</strong></span> <span class='ocrx_word' id='word_1_629' title='bbox 3360 3265 3451 3318; x_wconf 87' lang='lat' dir='ltr'><strong>illa</strong></span> 
     </span>
    </p>
   </div>
   <div class='ocr_carea' id='block_1_81' title="bbox 1864 3357 3451 3445">
    <p class='ocr_par' dir='ltr' id='par_1_81' title="bbox 1864 3357 3451 3445">
     <span class='ocr_line' id='line_1_81' title="bbox 1864 3357 3451 3445; baseline -0.016 -10"><span class='ocrx_word' id='word_1_630' title='bbox 1864 3380 1995 3442; x_wconf 91' lang='lat' dir='ltr'><strong>sint,</strong></span> <span class='ocrx_word' id='word_1_631' title='bbox 2020 3386 2088 3432; x_wconf 79' lang='lat' dir='ltr'><strong>an</strong></span> <span class='ocrx_word' id='word_1_632' title='bbox 2121 3374 2334 3445; x_wconf 87' lang='lat' dir='ltr'><strong>singula</strong></span> <span class='ocrx_word' id='word_1_633' title='bbox 2388 3372 2533 3428; x_wconf 89' lang='lat' dir='ltr'><strong>inter</strong></span> <span class='ocrx_word' id='word_1_634' title='bbox 2557 3385 2679 3425; x_wconf 84' lang='lat' dir='ltr'><strong>sese</strong></span> <span class='ocrx_word' id='word_1_635' title='bbox 2723 3366 3036 3436; x_wconf 86' lang='lat' dir='ltr'><strong>conjuncta.</strong></span> <span class='ocrx_word' id='word_1_636' title='bbox 3071 3359 3128 3415; x_wconf 91' lang='lat' dir='ltr'><strong>Si</strong></span> <span class='ocrx_word' id='word_1_637' title='bbox 3155 3357 3451 3428; x_wconf 87' lang='lat' dir='ltr'><strong>conjuncta</strong></span> 
     </span>
    </p>
   </div>
   <div class='ocr_carea' id='block_1_82' title="bbox 1863 3446 3455 3540">
    <p class='ocr_par' dir='ltr' id='par_1_82' title="bbox 1863 3446 3455 3540">
     <span class='ocr_line' id='line_1_82' title="bbox 1863 3446 3455 3540; baseline -0.016 -15"><span class='ocrx_word' id='word_1_638' title='bbox 1863 3471 1988 3540; x_wconf 87' lang='lat' dir='ltr'><strong>quis</strong></span> <span class='ocrx_word' id='word_1_639' title='bbox 2010 3481 2133 3523; x_wconf 88' lang='lat' dir='ltr'><strong>esse</strong></span> <span class='ocrx_word' id='word_1_640' title='bbox 2170 3464 2449 3529; x_wconf 83' lang='lat' dir='ltr'><strong>defendet,</strong></span> <span class='ocrx_word' id='word_1_641' title='bbox 2504 3462 2648 3517; x_wconf 89' lang='lat' dir='ltr'><strong>idem</strong></span> <span class='ocrx_word' id='word_1_642' title='bbox 2698 3472 2799 3526; x_wconf 85' lang='lat' dir='ltr'><strong>ego</strong></span> <span class='ocrx_word' id='word_1_643' title='bbox 2849 3463 3063 3519; x_wconf 87' lang='lat' dir='ltr'><strong>contra,</strong></span> <span class='ocrx_word' id='word_1_644' title='bbox 3095 3449 3241 3520; x_wconf 90' lang='lat' dir='ltr'><strong>quod</strong></span> <span class='ocrx_word' id='word_1_645' title='bbox 3289 3446 3455 3516; x_wconf 80' lang='lat' dir='ltr'><strong>paulo</strong></span> 
     </span>
    </p>
   </div>
   <div class='ocr_carea' id='block_1_83' title="bbox 1864 3538 3455 3631">
    <p class='ocr_par' dir='ltr' id='par_1_83' title="bbox 1864 3538 3455 3631">
     <span class='ocr_line' id='line_1_83' title="bbox 1864 3538 3455 3631; baseline -0.018 -13"><span class='ocrx_word' id='word_1_646' title='bbox 1864 3538 1991 3618; x_wconf 81' lang='lat' dir='ltr'><strong>ante</strong></span> <span class='ocrx_word' id='word_1_647' title='bbox 2030 3567 2416 3631; x_wconf 79' lang='lat' dir='ltr'><strong>argumentum</strong></span> <span class='ocrx_word' id='word_1_648' title='bbox 2442 3567 2741 3625; x_wconf 90' lang='lat' dir='ltr'><strong>opponam.</strong></span> <span class='ocrx_word' id='word_1_649' title='bbox 2788 3548 2886 3602; x_wconf 87' lang='lat' dir='ltr'><strong>Sin</strong></span> <span class='ocrx_word' id='word_1_650' title='bbox 2910 3546 3170 3601; x_wconf 90' lang='lat' dir='ltr'><strong>distincta</strong></span> <span class='ocrx_word' id='word_1_651' title='bbox 3194 3538 3455 3595; x_wconf 80' lang='lat' dir='ltr'><strong>fatebitur</strong></span> 
     </span>
    </p>
   </div>
   <div class='ocr_carea' id='block_1_84' title="bbox 1865 3628 3449 3723">
    <p class='ocr_par' dir='ltr' id='par_1_84' title="bbox 1865 3628 3449 3723">
     <span class='ocr_line' id='line_1_84' title="bbox 1865 3628 3449 3723; baseline -0.017 -13"><span class='ocrx_word' id='word_1_652' title='bbox 1865 3667 2147 3723; x_wconf 87' lang='lat' dir='ltr'><strong>nunquam</strong></span> <span class='ocrx_word' id='word_1_653' title='bbox 2184 3649 2332 3704; x_wconf 92' lang='lat' dir='ltr'><strong>illius</strong></span> <span class='ocrx_word' id='word_1_654' title='bbox 2359 3645 2541 3717; x_wconf 83' lang='lat' dir='ltr'><strong>quarti</strong></span> <span class='ocrx_word' id='word_1_655' title='bbox 2594 3642 2976 3698; x_wconf 85' lang='lat' dir='ltr'><strong>necessitatem</strong></span> <span class='ocrx_word' id='word_1_656' title='bbox 3001 3634 3243 3705; x_wconf 79' lang='lat' dir='ltr'><strong>etlugiet,</strong></span> <span class='ocrx_word' id='word_1_657' title='bbox 3301 3628 3449 3700; x_wconf 92' lang='lat' dir='ltr'><strong>quod</strong></span> 
     </span>
    </p>
   </div>
   <div class='ocr_carea' id='block_1_85' title="bbox 1864 3724 3451 3810">
    <p class='ocr_par' dir='ltr' id='par_1_85' title="bbox 1864 3724 3451 3810">
     <span class='ocr_line' id='line_1_85' title="bbox 1864 3724 3451 3810; baseline -0.017 -9"><span class='ocrx_word' id='word_1_658' title='bbox 1864 3746 1970 3801; x_wconf 83' lang='lat' dir='ltr'><strong>hoc</strong></span> <span class='ocrx_word' id='word_1_659' title='bbox 1990 3742 2203 3801; x_wconf 88' lang='lat' dir='ltr'><strong>dissidii</strong></span> <span class='ocrx_word' id='word_1_660' title='bbox 2253 3755 2428 3810; x_wconf 87' lang='lat' dir='ltr'><strong>genus</strong></span> <span class='ocrx_word' id='word_1_661' title='bbox 2470 3731 2882 3803; x_wconf 74' lang='lat' dir='ltr'><strong>emciat.338</strong></span> <span class='ocrx_word' id='word_1_662' title='bbox 2911 3727 3068 3796; x_wconf 84' lang='lat' dir='ltr'><strong>Quod</strong></span> <span class='ocrx_word' id='word_1_663' title='bbox 3120 3725 3168 3781; x_wconf 91' lang='lat' dir='ltr'><strong>si</strong></span> <span class='ocrx_word' id='word_1_664' title='bbox 3227 3724 3451 3778; x_wconf 87' lang='lat' dir='ltr'><strong>tertium</strong></span> 
     </span>
    </p>
   </div>
   <div class='ocr_carea' id='block_1_86' title="bbox 1866 3819 3455 3910">
    <p class='ocr_par' dir='ltr' id='par_1_86' title="bbox 1866 3819 3455 3910">
     <span class='ocr_line' id='line_1_86' title="bbox 1866 3819 3455 3910; baseline -0.015 -18"><span class='ocrx_word' id='word_1_665' title='bbox 1866 3837 2124 3910; x_wconf 89' lang='lat' dir='ltr'><strong>quiddam</strong></span> <span class='ocrx_word' id='word_1_666' title='bbox 2156 3833 2452 3894; x_wconf 79' lang='lat' dir='ltr'><strong>existimet,</strong></span> <span class='ocrx_word' id='word_1_667' title='bbox 2489 3829 2557 3883; x_wconf 90' lang='lat' dir='ltr'><strong>de</strong></span> <span class='ocrx_word' id='word_1_668' title='bbox 2606 3826 2717 3881; x_wconf 80' lang='lat' dir='ltr'><strong>illis</strong></span> <span class='ocrx_word' id='word_1_669' title='bbox 2770 3836 2894 3878; x_wconf 90' lang='lat' dir='ltr'><strong>ortu</strong></span> <span class='ocrx_word' id='word_1_670' title='bbox 2930 3819 3250 3879; x_wconf 83' lang='lat' dir='ltr'><strong>carentibus</strong></span> <span class='ocrx_word' id='word_1_671' title='bbox 3299 3831 3455 3871; x_wconf 83' lang='lat' dir='ltr'><strong>com-</strong></span> 
     </span>
    </p>
   </div>
   <div class='ocr_carea' id='block_1_87' title="bbox 1867 3909 3459 3990">
    <p class='ocr_par' dir='ltr' id='par_1_87' title="bbox 1867 3909 3459 3990">
     <span class='ocr_line' id='line_1_87' title="bbox 1867 3909 3459 3990; baseline -0.013 -4"><span class='ocrx_word' id='word_1_672' title='bbox 1867 3930 2029 3985; x_wconf 88' lang='lat' dir='ltr'><strong>mode</strong></span> <span class='ocrx_word' id='word_1_673' title='bbox 2103 3926 2239 3981; x_wconf 89' lang='lat' dir='ltr'><strong>satis</strong></span> <span class='ocrx_word' id='word_1_674' title='bbox 2304 3920 2622 3990; x_wconf 80' lang='lat' dir='ltr'><strong>responderi</strong></span> <span class='ocrx_word' id='word_1_675' title='bbox 2713 3932 2915 3990; x_wconf 84' lang='lat' dir='ltr'><strong>posse,</strong></span> <span class='ocrx_word' id='word_1_676' title='bbox 2972 3913 3149 3970; x_wconf 89' lang='lat' dir='ltr'><strong>Deum&#39;</strong></span> <span class='ocrx_word' id='word_1_677' title='bbox 3206 3909 3459 3965; x_wconf 86' lang='lat' dir='ltr'><strong>videlicet</strong></span> 
     </span>
    </p>
   </div>
   <div class='ocr_carea' id='block_1_88' title="bbox 1869 4011 3454 4092">
    <p class='ocr_par' dir='ltr' id='par_1_88' title="bbox 1869 4011 3454 4092">
     <span class='ocr_line' id='line_1_88' title="bbox 1869 4011 3454 4092; baseline -0.016 -13"><span class='ocrx_word' id='word_1_678' title='bbox 1869 4039 1970 4079; x_wconf 90' lang='lat' dir='ltr'><strong>nec</strong></span> <span class='ocrx_word' id='word_1_679' title='bbox 2026 4020 2244 4092; x_wconf 79' lang='lat' dir='ltr'><strong>penitus</strong></span> <span class='ocrx_word' id='word_1_680' title='bbox 2322 4031 2353 4070; x_wconf 90' lang='lat' dir='ltr'><strong>a</strong></span> <span class='ocrx_word' id='word_1_681' title='bbox 2438 4012 2672 4068; x_wconf 81' lang='lat' dir='ltr'><strong>materia</strong></span> <span class='ocrx_word' id='word_1_682' title='bbox 2753 4015 3027 4065; x_wconf 88' lang='lat' dir='ltr'><strong>secretum</strong></span> <span class='ocrx_word' id='word_1_683' title='bbox 3090 4019 3191 4059; x_wconf 87' lang='lat' dir='ltr'><strong>nec</strong></span> <span class='ocrx_word' id='word_1_684' title='bbox 3271 4011 3454 4057; x_wconf 87' lang='lat' dir='ltr'><strong>tamen</strong></span> 
     </span>
    </p>
   </div>
   <div class='ocr_carea' id='block_1_89' title="bbox 1869 4095 3455 4187">
    <p class='ocr_par' dir='ltr' id='par_1_89' title="bbox 1869 4095 3455 4187">
     <span class='ocr_line' id='line_1_89' title="bbox 1869 4095 3455 4187; baseline -0.017 -15"><span class='ocrx_word' id='word_1_685' title='bbox 1869 4113 2044 4187; x_wconf 88' lang='lat' dir='ltr'><strong>partis</strong></span> <span class='ocrx_word' id='word_1_686' title='bbox 2102 4111 2157 4166; x_wconf 89' lang='lat' dir='ltr'><strong>in</strong></span> <span class='ocrx_word' id='word_1_687' title='bbox 2186 4122 2394 4163; x_wconf 89' lang='lat' dir='ltr'><strong>morem</strong></span> <span class='ocrx_word' id='word_1_688' title='bbox 2452 4120 2577 4159; x_wconf 89' lang='lat' dir='ltr'><strong>cum</strong></span> <span class='ocrx_word' id='word_1_689' title='bbox 2633 4101 2823 4157; x_wconf 85' lang='lat' dir='ltr'><strong>eadem</strong></span> <span class='ocrx_word' id='word_1_690' title='bbox 2869 4113 2994 4153; x_wconf 88' lang='lat' dir='ltr'><strong>esse</strong></span> <span class='ocrx_word' id='word_1_691' title='bbox 3059 4095 3455 4165; x_wconf 73' lang='lat' dir='ltr'><strong>coniunctum;</strong></span> 
     </span>
    </p>
   </div>
   <div class='ocr_carea' id='block_1_90' title="bbox 1872 4185 3458 4264">
    <p class='ocr_par' dir='ltr' id='par_1_90' title="bbox 1872 4185 3458 4264">
     <span class='ocr_line' id='line_1_90' title="bbox 1872 4185 3458 4264; baseline -0.016 -1"><span class='ocrx_word' id='word_1_692' title='bbox 1872 4185 1969 4264; x_wconf 75' lang='lat' dir='ltr'><strong>sed</strong></span> <span class='ocrx_word' id='word_1_693' title='bbox 2004 4205 2088 4260; x_wconf 89' lang='lat' dir='ltr'><strong>vel</strong></span> <span class='ocrx_word' id='word_1_694' title='bbox 2141 4200 2369 4257; x_wconf 88' lang='lat' dir='ltr'><strong>materia</strong></span> <span class='ocrx_word' id='word_1_695' title='bbox 2400 4197 2595 4262; x_wconf 89' lang='lat' dir='ltr'><strong>Deum,</strong></span> <span class='ocrx_word' id='word_1_696' title='bbox 2645 4194 2729 4248; x_wconf 82' lang='lat' dir='ltr'><strong>vel</strong></span> <span class='ocrx_word' id='word_1_697' title='bbox 2776 4191 3062 4247; x_wconf 82' lang='lat' dir='ltr'><strong>materiam</strong></span> <span class='ocrx_word' id='word_1_698' title='bbox 3098 4189 3273 4258; x_wconf 89' lang='lat' dir='ltr'><strong>ipsam</strong></span> <span class='ocrx_word' id='word_1_699' title='bbox 3323 4185 3458 4251; x_wconf 89' lang='lat' dir='ltr'><strong>Deo,</strong></span> 
     </span>
    </p>
   </div>
   <div class='ocr_carea' id='block_1_91' title="bbox 1875 4277 3460 4364">
    <p class='ocr_par' dir='ltr' id='par_1_91' title="bbox 1875 4277 3460 4364">
     <span class='ocr_line' id='line_1_91' title="bbox 1875 4277 3460 4364; baseline -0.016 -11"><span class='ocrx_word' id='word_1_700' title='bbox 1875 4298 1956 4354; x_wconf 89' lang='lat' dir='ltr'><strong>sic</strong></span> <span class='ocrx_word' id='word_1_701' title='bbox 2028 4305 2287 4364; x_wconf 88' lang='lat' dir='ltr'><strong>tanquam</strong></span> <span class='ocrx_word' id='word_1_702' title='bbox 2342 4291 2465 4346; x_wconf 91' lang='lat' dir='ltr'><strong>loco</strong></span> <span class='ocrx_word' id='word_1_703' title='bbox 2525 4285 2747 4356; x_wconf 83' lang='lat' dir='ltr'><strong>proprio</strong></span> <span class='ocrx_word' id='word_1_704' title='bbox 2814 4279 3082 4337; x_wconf 88' lang='lat' dir='ltr'><strong>contineri</strong></span> <span class='ocrx_word' id='word_1_705' title='bbox 3142 4294 3156 4332; x_wconf 90' lang='lat'><strong>:</strong></span> <span class='ocrx_word' id='word_1_706' title='bbox 3220 4293 3287 4331; x_wconf 82' lang='lat' dir='ltr'><strong>ex</strong></span> <span class='ocrx_word' id='word_1_707' title='bbox 3353 4277 3460 4329; x_wconf 86' lang='lat' dir='ltr'><strong>hac</strong></span> 
     </span>
    </p>
   </div>
   <div class='ocr_carea' id='block_1_92' title="bbox 1874 4362 3460 4457">
    <p class='ocr_par' dir='ltr' id='par_1_92' title="bbox 1874 4362 3460 4457">
     <span class='ocr_line' id='line_1_92' title="bbox 1874 4362 3460 4457; baseline -0.017 -15"><span class='ocrx_word' id='word_1_708' title='bbox 1874 4362 2656 4457; x_wconf 38' lang='lat' dir='ltr'><strong>opinione—consequensillud</strong></span> <span class='ocrx_word' id='word_1_709' title='bbox 2680 4373 2906 4429; x_wconf 88' lang='lat' dir='ltr'><strong>omnino</strong></span> <span class='ocrx_word' id='word_1_710' title='bbox 2939 4367 3128 4433; x_wconf 89' lang='lat' dir='ltr'><strong>fuerit,</strong></span> <span class='ocrx_word' id='word_1_711' title='bbox 3160 4375 3240 4431; x_wconf 91' lang='lat' dir='ltr'><strong>ut,</strong></span> <span class='ocrx_word' id='word_1_712' title='bbox 3269 4364 3314 4420; x_wconf 91' lang='lat' dir='ltr'><strong>si</strong></span> <span class='ocrx_word' id='word_1_713' title='bbox 3363 4362 3460 4416; x_wconf 82' lang='lat' dir='ltr'><strong>Dei</strong></span> 
     </span>
    </p>
   </div>
   <div class='ocr_carea' id='block_1_93' title="bbox 1875 4453 3461 4533">
    <p class='ocr_par' dir='ltr' id='par_1_93' title="bbox 1875 4453 3461 4533">
     <span class='ocr_line' id='line_1_93' title="bbox 1875 4453 3461 4533; baseline -0.017 0"><span class='ocrx_word' id='word_1_714' title='bbox 1875 4479 2057 4533; x_wconf 91' lang='lat' dir='ltr'><strong>locum</strong></span> <span class='ocrx_word' id='word_1_715' title='bbox 2084 4473 2367 4529; x_wconf 89' lang='lat' dir='ltr'><strong>materiam</strong></span> <span class='ocrx_word' id='word_1_716' title='bbox 2402 4483 2525 4525; x_wconf 89' lang='lat' dir='ltr'><strong>esse</strong></span> <span class='ocrx_word' id='word_1_717' title='bbox 2555 4467 2829 4529; x_wconf 83' lang='lat' dir='ltr'><strong>dicamus,</strong></span> <span class='ocrx_word' id='word_1_718' title='bbox 2853 4460 3106 4515; x_wconf 88' lang='lat' dir='ltr'><strong>eumdem</strong></span> <span class='ocrx_word' id='word_1_719' title='bbox 3148 4453 3461 4511; x_wconf 86' lang='lat' dir='ltr'><strong>necessario</strong></span> 
     </span>
    </p>
   </div>
   <div class='ocr_carea' id='block_1_94' title="bbox 1875 4542 3462 4637">
    <p class='ocr_par' dir='ltr' id='par_1_94' title="bbox 1875 4542 3462 4637">
     <span class='ocr_line' id='line_1_94' title="bbox 1875 4542 3462 4637; baseline -0.019 -11"><span class='ocrx_word' id='word_1_720' title='bbox 1875 4578 1932 4626; x_wconf 89' lang='lat' dir='ltr'><strong>et</strong></span> <span class='ocrx_word' id='word_1_721' title='bbox 1956 4567 2075 4637; x_wconf 89' lang='lat' dir='ltr'><strong>capi</strong></span> <span class='ocrx_word' id='word_1_722' title='bbox 2112 4565 2182 4621; x_wconf 86' lang='lat' dir='ltr'><strong>ab</strong></span> <span class='ocrx_word' id='word_1_723' title='bbox 2237 4563 2447 4632; x_wconf 90' lang='lat' dir='ltr'><strong>aliquo,</strong></span> <span class='ocrx_word' id='word_1_724' title='bbox 2502 4567 2558 4613; x_wconf 89' lang='lat' dir='ltr'><strong>et</strong></span> <span class='ocrx_word' id='word_1_725' title='bbox 2627 4554 2857 4610; x_wconf 87' lang='lat' dir='ltr'><strong>materia</strong></span> <span class='ocrx_word' id='word_1_726' title='bbox 2907 4553 3024 4621; x_wconf 89' lang='lat' dir='ltr'><strong>ipsa</strong></span> <span class='ocrx_word' id='word_1_727' title='bbox 3082 4542 3462 4602; x_wconf 87' lang='lat' dir='ltr'><strong>circumscribi</strong></span> 
     </span>
    </p>
   </div>
   <div class='ocr_carea' id='block_1_95' title="bbox 180 4637 1762 4740">
    <p class='ocr_par' dir='ltr' id='par_1_95' title="bbox 180 4637 1762 4740">
     <span class='ocr_line' id='line_1_95' title="bbox 180 4637 1762 4740; baseline -0.011 -12"><span class='ocrx_word' id='word_1_728' title='bbox 180 4637 349 4736; x_wconf 64' lang='grc' dir='ltr'>Θεὸς,</span> <span class='ocrx_word' id='word_1_729' title='bbox 372 4637 499 4740; x_wconf 57' lang='grc' dir='ltr'><strong>ἢεᾴ</strong></span> <span class='ocrx_word' id='word_1_730' title='bbox 525 4665 681 4738; x_wconf 82' lang='grc' dir='ltr'>μέρει</span> <span class='ocrx_word' id='word_1_731' title='bbox 703 4637 811 4718; x_wconf 63' lang='grc' dir='ltr'><strong>τιν)⁵</strong></span> <span class='ocrx_word' id='word_1_732' title='bbox 837 4665 937 4735; x_wconf 81' lang='grc' dir='ltr'>τῆς</span> <span class='ocrx_word' id='word_1_733' title='bbox 966 4637 1099 4734; x_wconf 80' lang='grc' dir='ltr'>ὕλης</span> <span class='ocrx_word' id='word_1_734' title='bbox 1128 4658 1217 4734; x_wconf 81' lang='grc' dir='ltr'>ἦν.</span> <span class='ocrx_word' id='word_1_735' title='bbox 1250 4637 1438 4732; x_wconf 31' lang='grc' dir='ltr'>Είημὲν</span> <span class='ocrx_word' id='word_1_736' title='bbox 1464 4656 1557 4714; x_wconf 80' lang='grc' dir='ltr'><strong>οὗν</strong></span> <span class='ocrx_word' id='word_1_737' title='bbox 1597 4661 1654 4712; x_wconf 79' lang='grc' dir='ltr'><strong>ὲν</strong></span> <span class='ocrx_word' id='word_1_738' title='bbox 1682 4659 1762 4730; x_wconf 83' lang='grc' dir='ltr'>μέ-</span> 
     </span>
    </p>
   </div>
   <div class='ocr_carea' id='block_1_96' title="bbox 1867 4637 3462 4740">
    <p class='ocr_par' dir='ltr' id='par_1_96' title="bbox 1879 4637 3462 4736">
     <span class='ocr_line' id='line_1_96' title="bbox 1879 4637 3462 4736; baseline -0.02 -17"><span class='ocrx_word' id='word_1_739' title='bbox 1879 4677 2039 4736; x_wconf 85' lang='lat' dir='ltr'><strong>posse</strong></span> <span class='ocrx_word' id='word_1_740' title='bbox 2058 4658 2348 4719; x_wconf 75' lang='lat' dir='ltr'><strong>fateamur.</strong></span> <span class='ocrx_word' id='word_1_741' title='bbox 2380 4652 2525 4720; x_wconf 89' lang='lat' dir='ltr'><strong>Quin</strong></span> <span class='ocrx_word' id='word_1_742' title='bbox 2555 4649 2721 4704; x_wconf 88' lang='lat' dir='ltr'><strong>etiam</strong></span> <span class='ocrx_word' id='word_1_743' title='bbox 2746 4646 2899 4700; x_wconf 90' lang='lat' dir='ltr'><strong>illum</strong></span> <span class='ocrx_word' id='word_1_744' title='bbox 2936 4655 3161 4697; x_wconf 89' lang='lat' dir='ltr'><strong>necesse</strong></span> <span class='ocrx_word' id='word_1_745' title='bbox 3187 4637 3311 4703; x_wconf 91' lang='lat' dir='ltr'><strong>erit,</strong></span> <span class='ocrx_word' id='word_1_746' title='bbox 3333 4649 3462 4705; x_wconf 90' lang='lat' dir='ltr'><strong>per-</strong></span> 
     </span>
    </p>
   </div>
   <div class='ocr_carea' id='block_1_97' title="bbox 184 4752 1775 4833">
    <p class='ocr_par' dir='ltr' id='par_1_97' title="bbox 184 4752 1775 4833">
     <span class='ocr_line' id='line_1_97' title="bbox 184 4752 1775 4833; baseline -0.008 -18"><span class='ocrx_word' id='word_1_747' title='bbox 184 4780 277 4833; x_wconf 83' lang='grc' dir='ltr'><strong>ρει</strong></span> <span class='ocrx_word' id='word_1_748' title='bbox 306 4762 415 4816; x_wconf 68' lang='grc' dir='ltr'>τινὶ</span> <span class='ocrx_word' id='word_1_749' title='bbox 435 4760 539 4830; x_wconf 76' lang='grc' dir='ltr'>τῆς</span> <span class='ocrx_word' id='word_1_750' title='bbox 563 4758 694 4829; x_wconf 90' lang='grc' dir='ltr'>ὕλης</span> <span class='ocrx_word' id='word_1_751' title='bbox 722 4760 897 4811; x_wconf 83' lang='grc' dir='ltr'>εἰπεῖν</span> <span class='ocrx_word' id='word_1_752' title='bbox 923 4775 1009 4820; x_wconf 87' lang='grc' dir='ltr'><strong>τις</strong></span> <span class='ocrx_word' id='word_1_753' title='bbox 1039 4755 1212 4809; x_wconf 78' lang='grc' dir='ltr'>ἐθέλοι</span> <span class='ocrx_word' id='word_1_754' title='bbox 1233 4754 1325 4808; x_wconf 86' lang='grc' dir='ltr'><strong>τὸν</strong></span> <span class='ocrx_word' id='word_1_755' title='bbox 1342 4754 1495 4817; x_wconf 86' lang='grc' dir='ltr'>Θεὸν,</span> <span class='ocrx_word' id='word_1_756' title='bbox 1527 4752 1775 4805; x_wconf 83' lang='grc' dir='ltr'>πλεῖστον</span> 
     </span>
    </p>
   </div>
   <div class='ocr_carea' id='block_1_98' title="bbox 180 4842 1778 4923">
    <p class='ocr_par' dir='ltr' id='par_1_98' title="bbox 180 4842 1778 4923">
     <span class='ocr_line' id='line_1_98' title="bbox 180 4842 1778 4923; baseline -0.007 -17"><span class='ocrx_word' id='word_1_757' title='bbox 180 4856 315 4910; x_wconf 75' lang='grc' dir='ltr'>ὅσον</span> <span class='ocrx_word' id='word_1_758' title='bbox 341 4850 664 4923; x_wconf 83' lang='grc' dir='ltr'>μικρότερον</span> <span class='ocrx_word' id='word_1_759' title='bbox 692 4849 790 4919; x_wconf 84' lang='grc' dir='ltr'><strong>τῆς</strong></span> <span class='ocrx_word' id='word_1_760' title='bbox 817 4847 950 4919; x_wconf 89' lang='grc' dir='ltr'>ὕλης</span> <span class='ocrx_word' id='word_1_761' title='bbox 978 4847 1146 4916; x_wconf 87' lang='grc' dir='ltr'>λέγει·</span> <span class='ocrx_word' id='word_1_762' title='bbox 1184 4847 1233 4900; x_wconf 86' lang='grc' dir='ltr'><strong>εί</strong></span> <span class='ocrx_word' id='word_1_763' title='bbox 1260 4845 1317 4899; x_wconf 85' lang='grc' dir='ltr'>δὲ</span> <span class='ocrx_word' id='word_1_764' title='bbox 1350 4845 1461 4914; x_wconf 83' lang='grc'>(96)</span> <span class='ocrx_word' id='word_1_765' title='bbox 1489 4844 1653 4916; x_wconf 82' lang='grc' dir='ltr'>μέρος</span> <span class='ocrx_word' id='word_1_766' title='bbox 1681 4842 1778 4896; x_wconf 83' lang='grc' dir='ltr'><strong>αὐ-</strong></span> 
     </span>
    </p>
   </div>
   <div class='ocr_carea' id='block_1_99' title="bbox 181 4933 1775 5018">
    <p class='ocr_par' dir='ltr' id='par_1_99' title="bbox 181 4933 1775 5018">
     <span class='ocr_line' id='line_1_99' title="bbox 181 4933 1775 5018; baseline -0.008 -17"><span class='ocrx_word' id='word_1_767' title='bbox 181 4949 312 5018; x_wconf 78' lang='grc' dir='ltr'>τῆς,</span> <span class='ocrx_word' id='word_1_768' title='bbox 337 4946 460 4998; x_wconf 80' lang='grc' dir='ltr'>ὅλον</span> <span class='ocrx_word' id='word_1_769' title='bbox 486 4941 764 5014; x_wconf 77' lang='grc' dir='ltr'>ἐχώρησεν</span> <span class='ocrx_word' id='word_1_770' title='bbox 797 4942 976 4995; x_wconf 85' lang='grc' dir='ltr'>αὐτόν.</span> <span class='ocrx_word' id='word_1_771' title='bbox 1008 4941 1070 4993; x_wconf 80' lang='grc' dir='ltr'><strong>Εἰ</strong></span> <span class='ocrx_word' id='word_1_772' title='bbox 1118 4939 1161 4993; x_wconf 78' lang='grc' dir='ltr'><strong>δ’</strong></span> <span class='ocrx_word' id='word_1_773' title='bbox 1191 4942 1250 4993; x_wconf 81' lang='grc' dir='ltr'><strong>ὲν</strong></span> <span class='ocrx_word' id='word_1_774' title='bbox 1277 4939 1427 5009; x_wconf 78' lang='grc' dir='ltr'>πάσῃ</span> <span class='ocrx_word' id='word_1_775' title='bbox 1458 4933 1598 4991; x_wconf 80' lang='grc' dir='ltr'>εἶναι</span> <span class='ocrx_word' id='word_1_776' title='bbox 1627 4936 1775 5003; x_wconf 83' lang='grc' dir='ltr'>λέγοι</span> 
     </span>
    </p>
   </div>
   <div class='ocr_carea' id='block_1_100' title="bbox 181 5029 1774 5112">
    <p class='ocr_par' dir='ltr' id='par_1_100' title="bbox 181 5029 1774 5112">
     <span class='ocr_line' id='line_1_100' title="bbox 181 5029 1774 5112; baseline -0.006 -20"><span class='ocrx_word' id='word_1_777' title='bbox 181 5042 257 5112; x_wconf 76' lang='grc' dir='ltr'>τῇ</span> <span class='ocrx_word' id='word_1_778' title='bbox 293 5039 420 5111; x_wconf 83' lang='grc' dir='ltr'>ὕλῃ,</span> <span class='ocrx_word' id='word_1_779' title='bbox 452 5035 573 5100; x_wconf 82' lang='grc' dir='ltr'><strong>πῶς</strong></span> <span class='ocrx_word' id='word_1_780' title='bbox 594 5034 799 5107; x_wconf 84' lang='grc' dir='ltr'>ταύτην</span> <span class='ocrx_word' id='word_1_781' title='bbox 822 5033 1171 5106; x_wconf 79' lang='grc' dir='ltr'>ἐδημιούργει</span> <span class='ocrx_word' id='word_1_782' title='bbox 1196 5030 1486 5104; x_wconf 84' lang='grc' dir='ltr'>φραστέον.</span> <span class='ocrx_word' id='word_1_783' title='bbox 1539 5029 1774 5100; x_wconf 83' lang='grc' dir='ltr'>Ἀνάγκη</span> 
     </span>
    </p>
   </div>
   <div class='ocr_carea' id='block_1_101' title="bbox 185 5116 1776 5203">
    <p class='ocr_par' dir='ltr' id='par_1_101' title="bbox 185 5116 1776 5203">
     <span class='ocr_line' id='line_1_101' title="bbox 185 5116 1776 5203; baseline -0.008 -20"><span class='ocrx_word' id='word_1_784' title='bbox 185 5131 302 5203; x_wconf 80' lang='grc' dir='ltr'><strong>γάρ</strong></span> <span class='ocrx_word' id='word_1_785' title='bbox 338 5130 374 5201; x_wconf 87' lang='grc' dir='ltr'><strong>ἢ</strong></span> <span class='ocrx_word' id='word_1_786' title='bbox 408 5127 671 5199; x_wconf 81' lang='grc' dir='ltr'>συστολήν</span> <span class='ocrx_word' id='word_1_787' title='bbox 701 5144 822 5180; x_wconf 88' lang='grc' dir='ltr'>τινα</span> <span class='ocrx_word' id='word_1_788' title='bbox 838 5124 931 5179; x_wconf 79' lang='grc' dir='ltr'>τοῦ</span> <span class='ocrx_word' id='word_1_789' title='bbox 959 5123 1095 5178; x_wconf 80' lang='grc' dir='ltr'>Θεοῦ</span> <span class='ocrx_word' id='word_1_790' title='bbox 1118 5124 1315 5192; x_wconf 83' lang='grc' dir='ltr'>λέγειν,</span> <span class='ocrx_word' id='word_1_791' title='bbox 1350 5116 1419 5193; x_wconf 81' lang='grc' dir='ltr'>ἦς</span> <span class='ocrx_word' id='word_1_792' title='bbox 1459 5120 1776 5191; x_wconf 80' lang='grc' dir='ltr'>γενομένης,</span> 
     </span>
    </p>
   </div>
   <div class='ocr_carea' id='block_1_102' title="bbox 184 5210 1781 5294">
    <p class='ocr_par' dir='ltr' id='par_1_102' title="bbox 184 5210 1781 5294">
     <span class='ocr_line' id='line_1_102' title="bbox 184 5210 1781 5294; baseline -0.008 -17"><span class='ocrx_word' id='word_1_793' title='bbox 184 5222 547 5294; x_wconf 74' lang='grc' dir='ltr'>ἐδημιούργει</span> <span class='ocrx_word' id='word_1_794' title='bbox 579 5222 773 5283; x_wconf 78' lang='grc' dir='ltr'>έκεῖνο,</span> <span class='ocrx_word' id='word_1_795' title='bbox 801 5217 892 5286; x_wconf 81' lang='grc' dir='ltr'><strong>ἀφ’</strong></span> <span class='ocrx_word' id='word_1_796' title='bbox 916 5210 978 5272; x_wconf 82' lang='grc' dir='ltr'><strong>οὕ</strong></span> <span class='ocrx_word' id='word_1_797' title='bbox 1008 5214 1382 5287; x_wconf 82' lang='grc' dir='ltr'>ὑπεχώρησεν,</span> <span class='ocrx_word' id='word_1_798' title='bbox 1412 5214 1444 5284; x_wconf 80' lang='grc' dir='ltr'>ἢ</span> <span class='ocrx_word' id='word_1_799' title='bbox 1467 5214 1562 5268; x_wconf 82' lang='grc' dir='ltr'>καὶ</span> <span class='ocrx_word' id='word_1_800' title='bbox 1590 5212 1781 5266; x_wconf 81' lang='grc' dir='ltr'>ἑαυτὸν</span> 
     </span>
    </p>
   </div>
   <div class='ocr_carea' id='block_1_103' title="bbox 191 5306 1786 5387">
    <p class='ocr_par' dir='ltr' id='par_1_103' title="bbox 191 5306 1786 5387">
     <span class='ocr_line' id='line_1_103' title="bbox 191 5306 1786 5387; baseline -0.006 -18"><span class='ocrx_word' id='word_1_801' title='bbox 191 5317 265 5387; x_wconf 73' lang='grc' dir='ltr'>τῇ</span> <span class='ocrx_word' id='word_1_802' title='bbox 290 5314 391 5384; x_wconf 80' lang='grc' dir='ltr'><strong>ὕλῃ</strong></span> <span class='ocrx_word' id='word_1_803' title='bbox 423 5313 897 5384; x_wconf 85' lang='grc' dir='ltr'>συνδημιουργεῖν,</span> <span class='ocrx_word' id='word_1_804' title='bbox 929 5311 1031 5363; x_wconf 82' lang='grc' dir='ltr'><strong>οὐκ</strong></span> <span class='ocrx_word' id='word_1_805' title='bbox 1058 5308 1249 5379; x_wconf 72' lang='grc' dir='ltr'>ἔχοντα</span> <span class='ocrx_word' id='word_1_806' title='bbox 1275 5308 1673 5380; x_wconf 81' lang='grc' dir='ltr'>ὑποχωρήσεως</span> <span class='ocrx_word' id='word_1_807' title='bbox 1695 5306 1786 5360; x_wconf 90' lang='grc' dir='ltr'>τό-</span> 
     </span>
    </p>
   </div>
   <div class='ocr_carea' id='block_1_104' title="bbox 188 5462 1783 5540">
    <p class='ocr_par' dir='ltr' id='par_1_104' title="bbox 188 5462 1783 5540">
     <span class='ocr_line' id='line_1_104' title="bbox 188 5462 1783 5540; baseline -0.008 -7"><span class='ocrx_word' id='word_1_808' title='bbox 188 5475 477 5533; x_wconf 77' lang='lat' dir='ltr'><strong>maximus</strong></span> <span class='ocrx_word' id='word_1_809' title='bbox 517 5472 757 5531; x_wconf 80' lang='lat' dir='ltr'><strong>Arianus</strong></span> <span class='ocrx_word' id='word_1_810' title='bbox 798 5469 1111 5540; x_wconf 84' lang='lat' dir='ltr'><strong>intelligat:</strong></span> <span class='ocrx_word' id='word_1_811' title='bbox 1143 5465 1361 5540; x_wconf 71' lang='lat' dir='ltr'><strong>tametsi</strong></span> <span class='ocrx_word' id='word_1_812' title='bbox 1383 5464 1605 5540; x_wconf 86' lang='lat' dir='ltr'><strong>_hunc_,_</strong></span> <span class='ocrx_word' id='word_1_813' title='bbox 1627 5462 1783 5534; x_wconf 89' lang='lat' dir='ltr'><strong>quis-</strong></span> 
     </span>
    </p>
   </div>
   <div class='ocr_carea' id='block_1_105' title="bbox 187 5534 1778 5672">
    <p class='ocr_par' dir='ltr' id='par_1_105' title="bbox 187 5534 1778 5672">
     <span class='ocr_line' id='line_1_105' title="bbox 187 5534 1778 5672; baseline -0.008 -73"><span class='ocrx_word' id='word_1_814' title='bbox 187 5548 321 5672; x_wconf 54' lang='lat' dir='ltr'><strong>suis</strong></span> <span class='ocrx_word' id='word_1_815' title='bbox 356 5546 429 5599; x_wconf 88' lang='lat' dir='ltr'><strong>sit</strong></span> <span class='ocrx_word' id='word_1_816' title='bbox 450 5583 468 5609; x_wconf 94' lang='lat'><strong>,</strong></span> <span class='ocrx_word' id='word_1_817' title='bbox 499 5542 797 5598; x_wconf 80' lang='lat' dir='ltr'><strong>Maximum</strong></span> <span class='ocrx_word' id='word_1_818' title='bbox 824 5584 840 5609; x_wconf 95' lang='lat'><strong>,</strong></span> <span class='ocrx_word' id='word_1_819' title='bbox 872 5550 933 5595; x_wconf 93' lang='lat' dir='ltr'><strong>ut</strong></span> <span class='ocrx_word' id='word_1_820' title='bbox 963 5534 1128 5608; x_wconf 61' lang='lat' dir='ltr'><strong>supra</strong></span> <span class='ocrx_word' id='word_1_821' title='bbox 1174 5535 1494 5607; x_wconf 84' lang='lat' dir='ltr'><strong>Dionysium</strong></span> <span class='ocrx_word' id='word_1_822' title='bbox 1544 5534 1778 5588; x_wconf 83' lang='lat' dir='ltr'><strong>Alexan-</strong></span> 
     </span>
     <span class='ocr_line' id='line_1_106' title="bbox 233 5604 1775 5672; baseline -0.007 -3"><span class='ocrx_word' id='word_1_823' title='bbox 233 5618 443 5672; x_wconf 85' lang='lat' dir='ltr'><strong>rinum.</strong></span> <span class='ocrx_word' id='word_1_824' title='bbox 478 5615 612 5669; x_wconf 86' lang='lat' dir='ltr'><strong>satis</strong></span> <span class='ocrx_word' id='word_1_825' title='bbox 639 5612 834 5672; x_wconf 70' lang='lat' dir='ltr'><strong>frigide</strong></span> <span class='ocrx_word' id='word_1_826' title='bbox 862 5609 1162 5672; x_wconf 79' lang='lat' dir='ltr'><strong>appellarit.</strong></span> <span class='ocrx_word' id='word_1_827' title='bbox 1196 5607 1485 5669; x_wconf 62' lang='lat' dir='ltr'><strong>Caeterum,</strong></span> <span class='ocrx_word' id='word_1_828' title='bbox 1517 5604 1775 5672; x_wconf 80' lang='lat' dir='ltr'><strong>Dialogus</strong></span> 
     </span>
    </p>
   </div>
   <div class='ocr_carea' id='block_1_106' title="bbox 233 5604 1775 5683">
    <p class='ocr_par' dir='ltr' id='par_1_106' title="bbox 233 5604 1775 5683">
     <span class='ocr_line' id='line_1_107' title="bbox 233 5604 1775 5683; baseline -0.007 -14"><span class='ocrx_word' id='word_1_829' title='bbox 233 5604 612 5677; x_wconf 45' lang='lat' dir='ltr'><strong>rinum,&#39;satis</strong></span> <span class='ocrx_word' id='word_1_830' title='bbox 639 5604 835 5682; x_wconf 78' lang='lat' dir='ltr'><strong>frigide</strong></span> <span class='ocrx_word' id='word_1_831' title='bbox 862 5604 1162 5683; x_wconf 78' lang='lat' dir='ltr'><strong>appellarit.</strong></span> <span class='ocrx_word' id='word_1_832' title='bbox 1196 5604 1485 5683; x_wconf 62' lang='lat' dir='ltr'><strong>Caeterum,</strong></span> <span class='ocrx_word' id='word_1_833' title='bbox 1517 5604 1775 5683; x_wconf 79' lang='lat' dir='ltr'><strong>Dialogus</strong></span> 
     </span>
    </p>
   </div>
   <div class='ocr_carea' id='block_1_107' title="bbox 198 5676 1770 5748">
    <p class='ocr_par' dir='ltr' id='par_1_107' title="bbox 198 5676 1770 5748">
     <span class='ocr_line' id='line_1_108' title="bbox 198 5676 1770 5748; baseline -0.011 -5"><span class='ocrx_word' id='word_1_834' title='bbox 198 5685 301 5743; x_wconf 76' lang='lat' dir='ltr'><strong>fuit</strong></span> <span class='ocrx_word' id='word_1_835' title='bbox 335 5676 451 5739; x_wconf 87' lang='lat' dir='ltr'><strong>tota</strong></span> <span class='ocrx_word' id='word_1_836' title='bbox 480 5685 596 5738; x_wconf 64' lang='lat' dir='ltr'><strong>haec</strong></span> <span class='ocrx_word' id='word_1_837' title='bbox 619 5686 688 5739; x_wconf 89' lang='lat' dir='ltr'><strong>de</strong></span> <span class='ocrx_word' id='word_1_838' title='bbox 710 5676 944 5735; x_wconf 73' lang='lat' dir='ltr'><strong>materia</strong></span> <span class='ocrx_word' id='word_1_839' title='bbox 967 5680 1286 5748; x_wconf 85' lang='lat' dir='ltr'><strong>disputatio,</strong></span> <span class='ocrx_word' id='word_1_840' title='bbox 1306 5687 1366 5731; x_wconf 91' lang='lat' dir='ltr'><strong>ut</strong></span> <span class='ocrx_word' id='word_1_841' title='bbox 1387 5676 1580 5743; x_wconf 77' lang='lat' dir='ltr'><strong>legenti</strong></span> <span class='ocrx_word' id='word_1_842' title='bbox 1605 5683 1770 5743; x_wconf 86' lang='lat' dir='ltr'><strong>patet.</strong></span> 
     </span>
    </p>
   </div>
   <div class='ocr_carea' id='block_1_108' title="bbox 275 5748 1774 5826">
    <p class='ocr_par' dir='ltr' id='par_1_108' title="bbox 275 5748 1774 5826">
     <span class='ocr_line' id='line_1_109' title="bbox 275 5748 1774 5826; baseline -0.009 -14"><span class='ocrx_word' id='word_1_843' title='bbox 275 5756 394 5826; x_wconf 67' lang='grc'><strong>[96)</strong></span> <span class='ocrx_word' id='word_1_844' title='bbox 425 5756 500 5812; x_wconf 89' lang='grc' dir='ltr'><em>Ἢ</em></span> <span class='ocrx_word' id='word_1_845' title='bbox 524 5754 613 5809; x_wconf 83' lang='grc' dir='ltr'>ὅτι</span> <span class='ocrx_word' id='word_1_846' title='bbox 645 5752 1017 5822; x_wconf 77' lang='grc' dir='ltr'>κεχώρισται.</span> <span class='ocrx_word' id='word_1_847' title='bbox 1069 5748 1250 5805; x_wconf 83' lang='lat' dir='ltr'><strong>Prima</strong></span> <span class='ocrx_word' id='word_1_848' title='bbox 1296 5749 1410 5802; x_wconf 58' lang='lat' dir='ltr'><strong>hinc</strong></span> <span class='ocrx_word' id='word_1_849' title='bbox 1434 5754 1774 5817; x_wconf 81' lang='lat' dir='ltr'><strong>argumenta,</strong></span> 
     </span>
    </p>
   </div>
   <div class='ocr_carea' id='block_1_109' title="bbox 1882 4728 3459 4813">
    <p class='ocr_par' dir='ltr' id='par_1_109' title="bbox 1882 4728 3459 4813">
     <span class='ocr_line' id='line_1_110' title="bbox 1882 4728 3459 4813; baseline -0.02 -3"><span class='ocrx_word' id='word_1_850' title='bbox 1882 4728 2008 4810; x_wconf 82' lang='lat' dir='ltr'><strong>inde</strong></span> <span class='ocrx_word' id='word_1_851' title='bbox 2043 4759 2103 4805; x_wconf 93' lang='lat' dir='ltr'><strong>ut</strong></span> <span class='ocrx_word' id='word_1_852' title='bbox 2128 4746 2441 4810; x_wconf 89' lang='lat' dir='ltr'><strong>materiam,</strong></span> <span class='ocrx_word' id='word_1_853' title='bbox 2492 4739 2809 4813; x_wconf 86' lang='lat' dir='ltr'><strong>perturbate</strong></span> <span class='ocrx_word' id='word_1_854' title='bbox 2864 4734 3026 4799; x_wconf 90' lang='lat' dir='ltr'><strong>ferri;</strong></span> <span class='ocrx_word' id='word_1_855' title='bbox 3062 4747 3165 4786; x_wconf 91' lang='lat' dir='ltr'><strong>nec</strong></span> <span class='ocrx_word' id='word_1_856' title='bbox 3207 4728 3459 4784; x_wconf 88' lang='lat' dir='ltr'><strong>eumdem</strong></span> 
     </span>
    </p>
   </div>
   <div class='ocr_carea' id='block_1_110' title="bbox 1882 4816 3460 4910">
    <p class='ocr_par' dir='ltr' id='par_1_110' title="bbox 1882 4816 3460 4910">
     <span class='ocr_line' id='line_1_111' title="bbox 1882 4816 3460 4910; baseline -0.02 -11"><span class='ocrx_word' id='word_1_857' title='bbox 1882 4845 1939 4899; x_wconf 93' lang='lat' dir='ltr'><strong>in</strong></span> <span class='ocrx_word' id='word_1_858' title='bbox 1976 4858 2035 4898; x_wconf 87' lang='lat' dir='ltr'><strong>se</strong></span> <span class='ocrx_word' id='word_1_859' title='bbox 2061 4842 2181 4910; x_wconf 90' lang='lat' dir='ltr'><strong>ipso</strong></span> <span class='ocrx_word' id='word_1_860' title='bbox 2210 4849 2434 4891; x_wconf 88' lang='lat' dir='ltr'><strong>manere</strong></span> <span class='ocrx_word' id='word_1_861' title='bbox 2466 4844 2684 4900; x_wconf 86' lang='lat' dir='ltr'><strong>semper</strong></span> <span class='ocrx_word' id='word_1_862' title='bbox 2713 4828 3109 4891; x_wconf 89' lang='lat' dir='ltr'><strong>immotumque</strong></span> <span class='ocrx_word' id='word_1_863' title='bbox 3133 4816 3460 4877; x_wconf 87' lang='lat' dir='ltr'><strong>consistere,</strong></span> 
     </span>
    </p>
   </div>
   <div class='ocr_carea' id='block_1_111' title="bbox 1880 4907 3462 5000">
    <p class='ocr_par' dir='ltr' id='par_1_111' title="bbox 1880 4907 3462 5000">
     <span class='ocr_line' id='line_1_112' title="bbox 1880 4907 3462 5000; baseline -0.021 -8"><span class='ocrx_word' id='word_1_864' title='bbox 1880 4950 2007 4992; x_wconf 88' lang='lat' dir='ltr'><strong>cum</strong></span> <span class='ocrx_word' id='word_1_865' title='bbox 2036 4907 2190 4996; x_wconf 77' lang='lat' dir='ltr'><strong>illud,</strong></span> <span class='ocrx_word' id='word_1_866' title='bbox 2225 4931 2279 4984; x_wconf 91' lang='lat' dir='ltr'><strong>in</strong></span> <span class='ocrx_word' id='word_1_867' title='bbox 2297 4942 2408 5000; x_wconf 92' lang='lat' dir='ltr'><strong>quo</strong></span> <span class='ocrx_word' id='word_1_868' title='bbox 2428 4925 2555 4989; x_wconf 90' lang='lat' dir='ltr'><strong>erit,</strong></span> <span class='ocrx_word' id='word_1_869' title='bbox 2587 4924 2697 4976; x_wconf 89' lang='lat' dir='ltr'><strong>huc</strong></span> <span class='ocrx_word' id='word_1_870' title='bbox 2729 4919 2971 4986; x_wconf 88' lang='lat' dir='ltr'><strong>illucque</strong></span> <span class='ocrx_word' id='word_1_871' title='bbox 2994 4920 3255 4984; x_wconf 89' lang='lat' dir='ltr'><strong>perpetuo</strong></span> <span class='ocrx_word' id='word_1_872' title='bbox 3277 4907 3462 4976; x_wconf 80' lang='lat' dir='ltr'><strong>rapia-</strong></span> 
     </span>
    </p>
   </div>
   <div class='ocr_carea' id='block_1_112' title="bbox 1887 4999 3461 5087">
    <p class='ocr_par' dir='ltr' id='par_1_112' title="bbox 1887 4999 3461 5087">
     <span class='ocr_line' id='line_1_113' title="bbox 1887 4999 3461 5087; baseline -0.023 -1"><span class='ocrx_word' id='word_1_873' title='bbox 1887 5038 1996 5086; x_wconf 89' lang='lat' dir='ltr'><strong>tur.</strong></span> <span class='ocrx_word' id='word_1_874' title='bbox 2026 5026 2107 5081; x_wconf 81' lang='lat' dir='ltr'><strong>Ad</strong></span> <span class='ocrx_word' id='word_1_875' title='bbox 2148 5026 2284 5087; x_wconf 68' lang='lat' dir='ltr'><strong>haec,</strong></span> <span class='ocrx_word' id='word_1_876' title='bbox 2344 5018 2534 5074; x_wconf 84' lang='lat' dir='ltr'><strong>locum</strong></span> <span class='ocrx_word' id='word_1_877' title='bbox 2564 5015 2619 5069; x_wconf 91' lang='lat' dir='ltr'><strong>in</strong></span> <span class='ocrx_word' id='word_1_878' title='bbox 2654 5009 3020 5068; x_wconf 86' lang='lat' dir='ltr'><strong>deterioribus</strong></span> <span class='ocrx_word' id='word_1_879' title='bbox 3060 5003 3229 5058; x_wconf 90' lang='lat' dir='ltr'><strong>Deum</strong></span> <span class='ocrx_word' id='word_1_880' title='bbox 3281 4999 3461 5069; x_wconf 90' lang='lat' dir='ltr'><strong>ipsum</strong></span> 
     </span>
    </p>
   </div>
   <div class='ocr_carea' id='block_1_113' title="bbox 1887 5092 3466 5177">
    <p class='ocr_par' dir='ltr' id='par_1_113' title="bbox 1887 5092 3466 5177">
     <span class='ocr_line' id='line_1_114' title="bbox 1887 5092 3466 5177; baseline -0.022 0"><span class='ocrx_word' id='word_1_881' title='bbox 1887 5119 2148 5177; x_wconf 89' lang='lat' dir='ltr'><strong>habuisse</strong></span> <span class='ocrx_word' id='word_1_882' title='bbox 2174 5109 2586 5171; x_wconf 88' lang='lat' dir='ltr'><strong>concedendum</strong></span> <span class='ocrx_word' id='word_1_883' title='bbox 2623 5103 2748 5160; x_wconf 88' lang='lat' dir='ltr'><strong>erit.</strong></span> <span class='ocrx_word' id='word_1_884' title='bbox 2793 5099 2931 5155; x_wconf 87' lang='lat' dir='ltr'><strong>Nam</strong></span> <span class='ocrx_word' id='word_1_885' title='bbox 2963 5098 3012 5153; x_wconf 89' lang='lat' dir='ltr'><strong>si</strong></span> <span class='ocrx_word' id='word_1_886' title='bbox 3044 5094 3196 5150; x_wconf 87' lang='lat' dir='ltr'><strong>rudis</strong></span> <span class='ocrx_word' id='word_1_887' title='bbox 3251 5092 3379 5147; x_wconf 92' lang='lat' dir='ltr'><strong>olim</strong></span> <span class='ocrx_word' id='word_1_888' title='bbox 3410 5094 3466 5143; x_wconf 87' lang='lat' dir='ltr'><strong>et</strong></span> 
     </span>
    </p>
   </div>
   <div class='ocr_carea' id='block_1_114' title="bbox 1887 5183 3466 5268">
    <p class='ocr_par' dir='ltr' id='par_1_114' title="bbox 1887 5183 3466 5268">
     <span class='ocr_line' id='line_1_115' title="bbox 1887 5183 3466 5268; baseline -0.021 1"><span class='ocrx_word' id='word_1_889' title='bbox 1887 5211 2165 5268; x_wconf 90' lang='lat' dir='ltr'><strong>incondita</strong></span> <span class='ocrx_word' id='word_1_890' title='bbox 2194 5205 2422 5261; x_wconf 89' lang='lat' dir='ltr'><strong>materia</strong></span> <span class='ocrx_word' id='word_1_891' title='bbox 2453 5200 2577 5264; x_wconf 87' lang='lat' dir='ltr'><strong>fuit,</strong></span> <span class='ocrx_word' id='word_1_892' title='bbox 2612 5211 2845 5266; x_wconf 89' lang='lat' dir='ltr'><strong>eamque</strong></span> <span class='ocrx_word' id='word_1_893' title='bbox 2866 5193 3010 5246; x_wconf 88' lang='lat' dir='ltr'><strong>Deus</strong></span> <span class='ocrx_word' id='word_1_894' title='bbox 3055 5188 3113 5242; x_wconf 92' lang='lat' dir='ltr'><strong>in</strong></span> <span class='ocrx_word' id='word_1_895' title='bbox 3166 5183 3466 5253; x_wconf 86' lang='lat' dir='ltr'><strong>elegantio-</strong></span> 
     </span>
    </p>
   </div>
   <div class='ocr_carea' id='block_1_115' title="bbox 1886 5269 3468 5361">
    <p class='ocr_par' dir='ltr' id='par_1_115' title="bbox 1886 5269 3468 5361">
     <span class='ocr_line' id='line_1_116' title="bbox 1886 5269 3468 5361; baseline -0.021 -2"><span class='ocrx_word' id='word_1_896' title='bbox 1886 5318 2002 5359; x_wconf 86' lang='lat' dir='ltr'><strong>rem</strong></span> <span class='ocrx_word' id='word_1_897' title='bbox 2026 5310 2079 5356; x_wconf 85' lang='lat' dir='ltr'><strong>et</strong></span> <span class='ocrx_word' id='word_1_898' title='bbox 2103 5295 2439 5354; x_wconf 84' lang='lat' dir='ltr'><strong>ornatiorem</strong></span> <span class='ocrx_word' id='word_1_899' title='bbox 2474 5289 2711 5361; x_wconf 85' lang='lat' dir='ltr'><strong>speciem</strong></span> <span class='ocrx_word' id='word_1_900' title='bbox 2737 5283 3087 5342; x_wconf 88' lang='lat' dir='ltr'><strong>conformare</strong></span> <span class='ocrx_word' id='word_1_901' title='bbox 3123 5273 3330 5339; x_wconf 88' lang='lat' dir='ltr'><strong>statuit,</strong></span> <span class='ocrx_word' id='word_1_902' title='bbox 3363 5269 3468 5327; x_wconf 84' lang='lat' dir='ltr'><strong>fuit</strong></span> 
     </span>
    </p>
   </div>
   <div class='ocr_carea' id='block_1_116' title="bbox 1878 5428 3466 5515">
    <p class='ocr_par' dir='ltr' id='par_1_116' title="bbox 1878 5428 3466 5515">
     <span class='ocr_line' id='line_1_117' title="bbox 1878 5428 3466 5515; baseline -0.021 0"><span class='ocrx_word' id='word_1_903' title='bbox 1878 5454 2101 5515; x_wconf 90' lang='lat' dir='ltr'><strong>nonnisi</strong></span> <span class='ocrx_word' id='word_1_904' title='bbox 2150 5452 2414 5508; x_wconf 84' lang='lat' dir='ltr'><strong>adversus</strong></span> <span class='ocrx_word' id='word_1_905' title='bbox 2460 5460 2556 5501; x_wconf 86' lang='lat' dir='ltr'><strong>eos</strong></span> <span class='ocrx_word' id='word_1_906' title='bbox 2587 5441 2680 5515; x_wconf 86' lang='lat' dir='ltr'><strong>qui</strong></span> <span class='ocrx_word' id='word_1_907' title='bbox 2712 5450 3037 5515; x_wconf 73' lang='lat' dir='ltr'><strong>corporeum</strong></span> <span class='ocrx_word' id='word_1_908' title='bbox 3086 5431 3260 5515; x_wconf 89' lang='lat' dir='ltr'><strong>Deum</strong></span> <span class='ocrx_word' id='word_1_909' title='bbox 3293 5428 3466 5499; x_wconf 83' lang='lat' dir='ltr'><strong>ﬁnge-</strong></span> 
     </span>
    </p>
   </div>
   <div class='ocr_carea' id='block_1_117' title="bbox 1880 5511 3134 5588">
    <p class='ocr_par' dir='ltr' id='par_1_117' title="bbox 1880 5511 3134 5588">
     <span class='ocr_line' id='line_1_118' title="bbox 1880 5511 3134 5588; baseline -0.022 -3"><span class='ocrx_word' id='word_1_910' title='bbox 1880 5511 2019 5584; x_wconf 70' lang='lat' dir='ltr'><strong>rent.</strong></span> <span class='ocrx_word' id='word_1_911' title='bbox 2047 5520 2307 5580; x_wconf 86' lang='lat' dir='ltr'><strong>momenti</strong></span> <span class='ocrx_word' id='word_1_912' title='bbox 2334 5511 2631 5588; x_wconf 74' lang='lat' dir='ltr'><strong>quidquam</strong></span> <span class='ocrx_word' id='word_1_913' title='bbox 2665 5511 2863 5588; x_wconf 79' lang='lat' dir='ltr'><strong>habere</strong></span> <span class='ocrx_word' id='word_1_914' title='bbox 2888 5512 3134 5588; x_wconf 76' lang='lat' dir='ltr'><strong>possunt.</strong></span> 
     </span>
    </p>
   </div>
   <div class='ocr_carea' id='block_1_118' title="bbox 1947 5576 3466 5669">
    <p class='ocr_par' dir='ltr' id='par_1_118' title="bbox 1947 5576 3466 5669">
     <span class='ocr_line' id='line_1_119' title="bbox 1947 5576 3466 5669; baseline -0.02 -18"><span class='ocrx_word' id='word_1_915' title='bbox 1947 5576 2431 5669; x_wconf 41' lang='grc' dir='ltr'>’Χωρητικὸῃ</span> <span class='ocrx_word' id='word_1_916' title='bbox 2440 5576 2620 5669; x_wconf 47' lang='lat' dir='ltr'><strong>Malim</strong></span> <span class='ocrx_word' id='word_1_917' title='bbox 2635 5580 2880 5669; x_wconf 43' lang='lat' dir='ltr'><strong>xmp‘q&#39;wv</strong></span> <span class='ocrx_word' id='word_1_918' title='bbox 2890 5576 3019 5657; x_wconf 79' lang='lat' dir='ltr'><strong>cum</strong></span> <span class='ocrx_word' id='word_1_919' title='bbox 3032 5576 3204 5629; x_wconf 90' lang='lat' dir='ltr'><strong>altero</strong></span> <span class='ocrx_word' id='word_1_920' title='bbox 3215 5582 3466 5669; x_wconf 56' lang='lat' dir='ltr'><strong>nuce:</strong></span> 
     </span>
    </p>
   </div>
   <div class='ocr_carea' id='block_1_119' title="bbox 1958 5640 3469 5738">
    <p class='ocr_par' dir='ltr' id='par_1_119' title="bbox 1958 5640 3469 5738">
     <span class='ocr_line' id='line_1_120' title="bbox 1958 5640 3469 5738; baseline -0.019 -17"><span class='ocrx_word' id='word_1_921' title='bbox 2431 5654 2519 5738; x_wconf 75' lang='grc' dir='ltr'>δέ.</span> <span class='ocrx_word' id='word_1_922' title='bbox 2565 5640 2892 5738; x_wconf 50' lang='grc' dir='ltr'>ξδοὲιξλέγει</span> <span class='ocrx_word' id='word_1_923' title='bbox 2937 5648 3115 5738; x_wconf 55' lang='grc' dir='ltr'>ῐηὶιέρι·</span> <span class='ocrx_word' id='word_1_924' title='bbox 3164 5640 3469 5698; x_wconf 79' lang='lat' dir='ltr'><strong>adhibenda</strong></span> 
     </span>
    </p>
   </div>
   <div class='ocr_carea' id='block_1_120' title="bbox 1885 5715 3111 5801">
    <p class='ocr_par' dir='ltr' id='par_1_120' title="bbox 1885 5715 3111 5801">
     <span class='ocr_line' id='line_1_121' title="bbox 1885 5715 3111 5801; baseline -0.02 -5"><span class='ocrx_word' id='word_1_925' title='bbox 1885 5715 2259 5801; x_wconf 55' lang='lat' dir='ltr'><strong>dis‘tiitlc&#39;tio,&#39;et</strong></span> <span class='ocrx_word' id='word_1_926' title='bbox 2284 5729 2339 5782; x_wconf 80' lang='grc' dir='ltr'>δέ</span> <span class='ocrx_word' id='word_1_927' title='bbox 2367 5725 2686 5783; x_wconf 86' lang='lat' dir='ltr'><strong>mutandum</strong></span> <span class='ocrx_word' id='word_1_928' title='bbox 2719 5723 2772 5777; x_wconf 93' lang='lat' dir='ltr'><strong>in</strong></span> <span class='ocrx_word' id='word_1_929' title='bbox 2800 5715 2883 5790; x_wconf 82' lang='grc' dir='ltr'><strong>γε,</strong></span> <span class='ocrx_word' id='word_1_930' title='bbox 2914 5718 2993 5773; x_wconf 83' lang='lat' dir='ltr'><strong>vel</strong></span> <span class='ocrx_word' id='word_1_931' title='bbox 3025 5715 3111 5788; x_wconf 81' lang='grc' dir='ltr'>δή.</span> 
     </span>
    </p>
   </div>
  </div>
