  <div class='ocr_page' id='page_1' title='image "/cluster/home/n/w/nwhite01/storage/ocr_20150623/21/nnc1.0046978437/431.png"; bbox 0 0 3856 6224; ppageno 0'>
   <div class='ocr_carea' id='block_1_1' title="bbox 434 263 542 319">
    <p class='ocr_par' dir='ltr' id='par_1_1' title="bbox 434 263 542 319">
     <span class='ocr_line' id='line_1_1' title="bbox 434 263 542 319; baseline -0.009 0"><span class='ocrx_word' id='word_1_1' title='bbox 434 263 542 319; x_wconf 80' lang='grc'><strong>571</strong></span> 
     </span>
    </p>
   </div>
   <div class='ocr_carea' id='block_1_2' title="bbox 1087 255 3075 321">
    <p class='ocr_par' dir='ltr' id='par_1_2' title="bbox 1087 255 3075 321">
     <span class='ocr_line' id='line_1_2' title="bbox 1087 255 3075 321; baseline -0.001 -4"><span class='ocrx_word' id='word_1_2' title='bbox 1087 255 1369 321; x_wconf 84' lang='lat' dir='ltr'><strong>EUSEBII</strong></span> <span class='ocrx_word' id='word_1_3' title='bbox 1412 262 1896 321; x_wconf 71' lang='lat' dir='ltr'><strong>CESARIENSIS</strong></span> <span class='ocrx_word' id='word_1_4' title='bbox 1932 263 2084 320; x_wconf 86' lang='lat' dir='ltr'><strong>OPP.</strong></span> <span class='ocrx_word' id='word_1_5' title='bbox 2128 262 2314 319; x_wconf 81' lang='lat' dir='ltr'><strong>PARS</strong></span> <span class='ocrx_word' id='word_1_6' title='bbox 2348 260 2414 318; x_wconf 90' lang='grc'><strong>11.</strong></span> <span class='ocrx_word' id='word_1_7' title='bbox 2456 292 2528 306; x_wconf 90' lang='lat'><strong>—-</strong></span> <span class='ocrx_word' id='word_1_8' title='bbox 2570 259 3075 319; x_wconf 79' lang='lat' dir='ltr'><strong>APOLOGETICA.</strong></span> 
     </span>
    </p>
   </div>
   <div class='ocr_carea' id='block_1_3' title="bbox 3608 260 3710 318">
    <p class='ocr_par' dir='ltr' id='par_1_3' title="bbox 3608 260 3710 318">
     <span class='ocr_line' id='line_1_3' title="bbox 3608 260 3710 318; baseline -0.02 -1"><span class='ocrx_word' id='word_1_9' title='bbox 3608 260 3710 318; x_wconf 69' lang='grc' dir='ltr'><strong>5ἲέ</strong></span> 
     </span>
    </p>
   </div>
   <div class='ocr_carea' id='block_1_4' title="bbox 432 365 2016 452">
    <p class='ocr_par' dir='ltr' id='par_1_4' title="bbox 432 376 2016 452">
     <span class='ocr_line' id='line_1_4' title="bbox 432 376 2016 452; baseline -0.003 -18"><span class='ocrx_word' id='word_1_10' title='bbox 432 377 703 452; x_wconf 71' lang='lat' dir='ltr'><strong>profecto,</strong></span> <span class='ocrx_word' id='word_1_11' title='bbox 740 392 865 433; x_wconf 89' lang='lat' dir='ltr'><strong>cum</strong></span> <span class='ocrx_word' id='word_1_12' title='bbox 898 376 1042 432; x_wconf 87' lang='lat' dir='ltr'><strong>Deus</strong></span> <span class='ocrx_word' id='word_1_13' title='bbox 1073 376 1127 431; x_wconf 91' lang='lat' dir='ltr'><strong>in</strong></span> <span class='ocrx_word' id='word_1_14' title='bbox 1164 376 1285 431; x_wconf 87' lang='lat' dir='ltr'><strong>rudi</strong></span> <span class='ocrx_word' id='word_1_15' title='bbox 1325 385 1381 431; x_wconf 89' lang='lat' dir='ltr'><strong>et</strong></span> <span class='ocrx_word' id='word_1_16' title='bbox 1408 376 1690 431; x_wconf 87' lang='lat' dir='ltr'><strong>incondita</strong></span> <span class='ocrx_word' id='word_1_17' title='bbox 1724 378 1866 433; x_wconf 86' lang='lat' dir='ltr'><strong>mole</strong></span> <span class='ocrx_word' id='word_1_18' title='bbox 1894 392 2016 431; x_wconf 87' lang='lat' dir='ltr'><strong>ver-</strong></span> 
     </span>
    </p>
   </div>
   <div class='ocr_carea' id='block_1_5' title="bbox 2119 365 3711 452">
    <p class='ocr_par' dir='ltr' id='par_1_5' title="bbox 2127 365 3711 447">
     <span class='ocr_line' id='line_1_5' title="bbox 2127 365 3711 447; baseline -0.002 -19"><span class='ocrx_word' id='word_1_19' title='bbox 2127 393 2244 428; x_wconf 85' lang='grc' dir='ltr'>πον.</span> <span class='ocrx_word' id='word_1_20' title='bbox 2286 376 2348 428; x_wconf 82' lang='grc' dir='ltr'><strong>Εἰ</strong></span> <span class='ocrx_word' id='word_1_21' title='bbox 2368 375 2424 429; x_wconf 80' lang='grc' dir='ltr'><strong>δὲ</strong></span> <span class='ocrx_word' id='word_1_22' title='bbox 2447 375 2542 447; x_wconf 79' lang='grc' dir='ltr'>τὴν</span> <span class='ocrx_word' id='word_1_23' title='bbox 2565 375 2696 446; x_wconf 78' lang='grc' dir='ltr'>ὕλην</span> <span class='ocrx_word' id='word_1_24' title='bbox 2727 388 2783 427; x_wconf 84' lang='grc' dir='ltr'><strong>εν</strong></span> <span class='ocrx_word' id='word_1_25' title='bbox 2813 372 2890 444; x_wconf 83' lang='grc' dir='ltr'>τῷ</span> <span class='ocrx_word' id='word_1_26' title='bbox 2911 373 3029 445; x_wconf 86' lang='grc' dir='ltr'>Θεῷ</span> <span class='ocrx_word' id='word_1_27' title='bbox 3056 367 3193 425; x_wconf 78' lang='grc' dir='ltr'>εἷναί</span> <span class='ocrx_word' id='word_1_28' title='bbox 3220 389 3303 435; x_wconf 88' lang='grc' dir='ltr'><strong>τις</strong></span> <span class='ocrx_word' id='word_1_29' title='bbox 3326 365 3486 440; x_wconf 55' lang='lat' dir='ltr'><strong>ngat,</strong></span> <span class='ocrx_word' id='word_1_30' title='bbox 3515 373 3711 443; x_wconf 79' lang='grc' dir='ltr'>ὁμοίως</span> 
     </span>
    </p>
   </div>
   <div class='ocr_carea' id='block_1_6' title="bbox 434 468 2024 539">
    <p class='ocr_par' dir='ltr' id='par_1_6' title="bbox 434 468 2024 539">
     <span class='ocr_line' id='line_1_6' title="bbox 434 468 2024 539; baseline -0.004 -12"><span class='ocrx_word' id='word_1_31' title='bbox 434 480 673 528; x_wconf 85' lang='lat' dir='ltr'><strong>saretur.</strong></span> <span class='ocrx_word' id='word_1_32' title='bbox 697 468 966 524; x_wconf 61' lang='lat' dir='ltr'><strong>Praeterea</strong></span> <span class='ocrx_word' id='word_1_33' title='bbox 1001 469 1148 523; x_wconf 89' lang='lat' dir='ltr'><strong>hunc</strong></span> <span class='ocrx_word' id='word_1_34' title='bbox 1172 468 1334 522; x_wconf 87' lang='lat' dir='ltr'><strong>etiam</strong></span> <span class='ocrx_word' id='word_1_35' title='bbox 1373 468 1426 521; x_wconf 91' lang='lat' dir='ltr'><strong>in</strong></span> <span class='ocrx_word' id='word_1_36' title='bbox 1455 469 1678 523; x_wconf 91' lang='lat' dir='ltr'><strong>modum</strong></span> <span class='ocrx_word' id='word_1_37' title='bbox 1715 483 1911 539; x_wconf 86' lang='lat' dir='ltr'><strong>urgere</strong></span> <span class='ocrx_word' id='word_1_38' title='bbox 1958 469 2024 522; x_wconf 87' lang='lat' dir='ltr'><strong>li-</strong></span> 
     </span>
    </p>
   </div>
   <div class='ocr_carea' id='block_1_7' title="bbox 433 558 2021 629">
    <p class='ocr_par' dir='ltr' id='par_1_7' title="bbox 433 558 2021 629">
     <span class='ocr_line' id='line_1_7' title="bbox 433 558 2021 629; baseline -0.003 -11"><span class='ocrx_word' id='word_1_39' title='bbox 433 572 796 628; x_wconf 84' lang='lat' dir='ltr'><strong>ceat,-utrum</strong></span> <span class='ocrx_word' id='word_1_40' title='bbox 837 559 982 615; x_wconf 86' lang='lat' dir='ltr'><strong>Deus</strong></span> <span class='ocrx_word' id='word_1_41' title='bbox 1045 560 1329 614; x_wconf 72' lang='lat' dir='ltr'><strong>materiam</strong></span> <span class='ocrx_word' id='word_1_42' title='bbox 1402 558 1655 629; x_wconf 74' lang='lat' dir='ltr'><strong>impleret</strong></span> <span class='ocrx_word' id='word_1_43' title='bbox 1686 560 2021 624; x_wconf 84' lang='lat' dir='ltr'><strong>universam,</strong></span> 
     </span>
    </p>
   </div>
   <div class='ocr_carea' id='block_1_8' title="bbox 434 650 2021 721">
    <p class='ocr_par' dir='ltr' id='par_1_8' title="bbox 434 650 2021 721">
     <span class='ocr_line' id='line_1_8' title="bbox 434 650 2021 721; baseline -0.001 -14"><span class='ocrx_word' id='word_1_44' title='bbox 434 668 505 707; x_wconf 90' lang='lat' dir='ltr'><strong>an</strong></span> <span class='ocrx_word' id='word_1_45' title='bbox 538 654 593 707; x_wconf 88' lang='lat' dir='ltr'><strong>in</strong></span> <span class='ocrx_word' id='word_1_46' title='bbox 628 653 809 721; x_wconf 86' lang='lat' dir='ltr'><strong>aliqua</strong></span> <span class='ocrx_word' id='word_1_47' title='bbox 840 650 1107 705; x_wconf 86' lang='lat' dir='ltr'><strong>duntaxat</strong></span> <span class='ocrx_word' id='word_1_48' title='bbox 1152 650 1273 720; x_wconf 82' lang='lat' dir='ltr'><strong>ejus</strong></span> <span class='ocrx_word' id='word_1_49' title='bbox 1324 660 1479 720; x_wconf 85' lang='lat' dir='ltr'><strong>parte</strong></span> <span class='ocrx_word' id='word_1_50' title='bbox 1507 651 1807 707; x_wconf 86' lang='lat' dir='ltr'><strong>collocatus</strong></span> <span class='ocrx_word' id='word_1_51' title='bbox 1857 660 2021 706; x_wconf 89' lang='lat' dir='ltr'><strong>esset.</strong></span> 
     </span>
    </p>
   </div>
   <div class='ocr_carea' id='block_1_9' title="bbox 436 742 2023 814">
    <p class='ocr_par' dir='ltr' id='par_1_9' title="bbox 436 742 2023 814">
     <span class='ocr_line' id='line_1_9' title="bbox 436 742 2023 814; baseline 0.001 -16"><span class='ocrx_word' id='word_1_52' title='bbox 436 743 573 799; x_wconf 86' lang='lat' dir='ltr'><strong>Nam</strong></span> <span class='ocrx_word' id='word_1_53' title='bbox 604 746 649 800; x_wconf 89' lang='lat' dir='ltr'>si</span> <span class='ocrx_word' id='word_1_54' title='bbox 676 744 726 797; x_wconf 90' lang='lat' dir='ltr'><strong>in</strong></span> <span class='ocrx_word' id='word_1_55' title='bbox 760 752 916 814; x_wconf 89' lang='lat' dir='ltr'><strong>parte</strong></span> <span class='ocrx_word' id='word_1_56' title='bbox 975 743 1153 797; x_wconf 92' lang='lat' dir='ltr'><strong>solum</strong></span> <span class='ocrx_word' id='word_1_57' title='bbox 1186 742 1358 800; x_wconf 78' lang='lat' dir='ltr'><strong>fuisse</strong></span> <span class='ocrx_word' id='word_1_58' title='bbox 1385 744 1586 810; x_wconf 89' lang='lat' dir='ltr'><strong>volent,</strong></span> <span class='ocrx_word' id='word_1_59' title='bbox 1621 744 1820 798; x_wconf 86' lang='lat' dir='ltr'><strong>mirum</strong></span> <span class='ocrx_word' id='word_1_60' title='bbox 1857 759 2023 814; x_wconf 90' lang='lat' dir='ltr'><strong>quam</strong></span> 
     </span>
    </p>
   </div>
   <div class='ocr_carea' id='block_1_10' title="bbox 437 833 2030 908">
    <p class='ocr_par' dir='ltr' id='par_1_10' title="bbox 437 833 2030 908">
     <span class='ocr_line' id='line_1_10' title="bbox 437 833 2030 908; baseline -0.001 -16"><span class='ocrx_word' id='word_1_61' title='bbox 437 837 813 908; x_wconf 74' lang='lat' dir='ltr'><strong>angustiorem</strong></span> <span class='ocrx_word' id='word_1_62' title='bbox 843 834 921 889; x_wconf 83' lang='lat' dir='ltr'><strong>illi</strong></span> <span class='ocrx_word' id='word_1_63' title='bbox 963 835 1123 891; x_wconf 88' lang='lat' dir='ltr'><strong>nobis</strong></span> <span class='ocrx_word' id='word_1_64' title='bbox 1149 836 1377 891; x_wconf 84' lang='lat' dir='ltr'><strong>materia</strong></span> <span class='ocrx_word' id='word_1_65' title='bbox 1408 834 1579 890; x_wconf 91' lang='lat' dir='ltr'><strong>Deum</strong></span> <span class='ocrx_word' id='word_1_66' title='bbox 1632 833 1859 899; x_wconf 80' lang='lat' dir='ltr'><strong>faciunt,</strong></span> <span class='ocrx_word' id='word_1_67' title='bbox 1896 851 2030 890; x_wconf 81' lang='lat' dir='ltr'><strong>cum</strong></span> 
     </span>
    </p>
   </div>
   <div class='ocr_carea' id='block_1_11' title="bbox 438 925 2023 1001">
    <p class='ocr_par' dir='ltr' id='par_1_11' title="bbox 438 925 2023 1001">
     <span class='ocr_line' id='line_1_11' title="bbox 438 925 2023 1001; baseline -0.001 -18"><span class='ocrx_word' id='word_1_68' title='bbox 438 944 567 1001; x_wconf 87' lang='lat' dir='ltr'><strong>pars</strong></span> <span class='ocrx_word' id='word_1_69' title='bbox 620 928 741 997; x_wconf 88' lang='lat' dir='ltr'><strong>ejus</strong></span> <span class='ocrx_word' id='word_1_70' title='bbox 790 927 972 996; x_wconf 89' lang='lat' dir='ltr'><strong>aliqua</strong></span> <span class='ocrx_word' id='word_1_71' title='bbox 1022 925 1191 981; x_wconf 90' lang='lat' dir='ltr'><strong>Deum</strong></span> <span class='ocrx_word' id='word_1_72' title='bbox 1249 927 1521 998; x_wconf 88' lang='lat' dir='ltr'><strong>integrum</strong></span> <span class='ocrx_word' id='word_1_73' title='bbox 1542 928 1866 982; x_wconf 86' lang='lat' dir='ltr'><strong>contineret.</strong></span> <span class='ocrx_word' id='word_1_74' title='bbox 1927 926 2023 982; x_wconf 87' lang='lat' dir='ltr'><strong>Sin</strong></span> 
     </span>
    </p>
   </div>
   <div class='ocr_carea' id='block_1_12' title="bbox 433 1019 2024 1090">
    <p class='ocr_par' dir='ltr' id='par_1_12' title="bbox 433 1019 2024 1090">
     <span class='ocr_line' id='line_1_12' title="bbox 433 1019 2024 1090; baseline -0.002 -14"><span class='ocrx_word' id='word_1_75' title='bbox 433 1031 604 1076; x_wconf 90' lang='lat' dir='ltr'><strong>totam</strong></span> <span class='ocrx_word' id='word_1_76' title='bbox 642 1021 710 1074; x_wconf 88' lang='lat' dir='ltr'><strong>ab</strong></span> <span class='ocrx_word' id='word_1_77' title='bbox 737 1036 803 1074; x_wconf 91' lang='lat' dir='ltr'><strong>eo</strong></span> <span class='ocrx_word' id='word_1_78' title='bbox 830 1019 1114 1074; x_wconf 84' lang='lat' dir='ltr'><strong>materiam</strong></span> <span class='ocrx_word' id='word_1_79' title='bbox 1166 1029 1489 1090; x_wconf 84' lang='lat' dir='ltr'><strong>occupatam</strong></span> <span class='ocrx_word' id='word_1_80' title='bbox 1520 1035 1642 1076; x_wconf 84' lang='lat' dir='ltr'><strong>esse</strong></span> <span class='ocrx_word' id='word_1_81' title='bbox 1691 1020 1894 1087; x_wconf 89' lang='lat' dir='ltr'><strong>dicent,</strong></span> <span class='ocrx_word' id='word_1_82' title='bbox 1943 1020 2024 1073; x_wconf 88' lang='lat' dir='ltr'><strong>di-</strong></span> 
     </span>
    </p>
   </div>
   <div class='ocr_carea' id='block_1_13' title="bbox 433 1110 2019 1181">
    <p class='ocr_par' dir='ltr' id='par_1_13' title="bbox 433 1110 2019 1181">
     <span class='ocr_line' id='line_1_13' title="bbox 433 1110 2019 1181; baseline -0.001 -14"><span class='ocrx_word' id='word_1_83' title='bbox 433 1119 564 1167; x_wconf 85' lang='lat' dir='ltr'><strong>cant</strong></span> <span class='ocrx_word' id='word_1_84' title='bbox 616 1111 719 1180; x_wconf 86' lang='lat' dir='ltr'><strong>ipsi</strong></span> <span class='ocrx_word' id='word_1_85' title='bbox 770 1125 1009 1181; x_wconf 88' lang='lat' dir='ltr'><strong>quoque,</strong></span> <span class='ocrx_word' id='word_1_86' title='bbox 1068 1112 1526 1180; x_wconf 80' lang='lat' dir='ltr'><strong>quemadmodum</strong></span> <span class='ocrx_word' id='word_1_87' title='bbox 1574 1126 1694 1165; x_wconf 88' lang='lat' dir='ltr'><strong>eam</strong></span> <span class='ocrx_word' id='word_1_88' title='bbox 1730 1110 2019 1165; x_wconf 89' lang='lat' dir='ltr'><strong>elaborare</strong></span> 
     </span>
    </p>
   </div>
   <div class='ocr_carea' id='block_1_14' title="bbox 435 1201 2022 1272">
    <p class='ocr_par' dir='ltr' id='par_1_14' title="bbox 435 1201 2022 1272">
     <span class='ocr_line' id='line_1_14' title="bbox 435 1201 2022 1272; baseline 0.001 -17"><span class='ocrx_word' id='word_1_89' title='bbox 435 1201 583 1258; x_wconf 87' lang='lat' dir='ltr'><strong>Deus</strong></span> <span class='ocrx_word' id='word_1_90' title='bbox 614 1217 679 1258; x_wconf 90' lang='lat' dir='ltr'><strong>ac</strong></span> <span class='ocrx_word' id='word_1_91' title='bbox 697 1202 967 1271; x_wconf 86' lang='lat' dir='ltr'><strong>perpolire</strong></span> <span class='ocrx_word' id='word_1_92' title='bbox 990 1202 1249 1271; x_wconf 86' lang='lat' dir='ltr'><strong>potuerit.</strong></span> <span class='ocrx_word' id='word_1_93' title='bbox 1274 1202 1554 1272; x_wconf 75' lang='lat' dir='ltr'><strong>Siquidem</strong></span> <span class='ocrx_word' id='word_1_94' title='bbox 1588 1213 1683 1256; x_wconf 89' lang='lat' dir='ltr'><strong>aut</strong></span> <span class='ocrx_word' id='word_1_95' title='bbox 1706 1218 1825 1257; x_wconf 90' lang='lat' dir='ltr'><strong>sese</strong></span> <span class='ocrx_word' id='word_1_96' title='bbox 1852 1202 2022 1257; x_wconf 89' lang='lat' dir='ltr'><strong>Deum</strong></span> 
     </span>
    </p>
   </div>
   <div class='ocr_carea' id='block_1_15' title="bbox 431 1295 2025 1366">
    <p class='ocr_par' dir='ltr' id='par_1_15' title="bbox 431 1295 2025 1366">
     <span class='ocr_line' id='line_1_15' title="bbox 431 1295 2025 1366; baseline -0.001 -14"><span class='ocrx_word' id='word_1_97' title='bbox 431 1296 723 1366; x_wconf 72' lang='lat' dir='ltr'><strong>collegisse</strong></span> <span class='ocrx_word' id='word_1_98' title='bbox 769 1310 997 1350; x_wconf 88' lang='lat' dir='ltr'><strong>necesse</strong></span> <span class='ocrx_word' id='word_1_99' title='bbox 1030 1295 1156 1360; x_wconf 89' lang='lat' dir='ltr'><strong>erit,</strong></span> <span class='ocrx_word' id='word_1_100' title='bbox 1191 1295 1376 1366; x_wconf 87' lang='lat' dir='ltr'><strong>itaque</strong></span> <span class='ocrx_word' id='word_1_101' title='bbox 1410 1304 1619 1365; x_wconf 89' lang='lat' dir='ltr'><strong>partem</strong></span> <span class='ocrx_word' id='word_1_102' title='bbox 1657 1311 1777 1351; x_wconf 91' lang='lat' dir='ltr'><strong>eam</strong></span> <span class='ocrx_word' id='word_1_103' title='bbox 1804 1295 2025 1351; x_wconf 80' lang='lat' dir='ltr'><strong>confor-</strong></span> 
     </span>
    </p>
   </div>
   <div class='ocr_carea' id='block_1_16' title="bbox 436 1388 2019 1458">
    <p class='ocr_par' dir='ltr' id='par_1_16' title="bbox 436 1388 2019 1458">
     <span class='ocr_line' id='line_1_16' title="bbox 436 1388 2019 1458; baseline -0.001 -15"><span class='ocrx_word' id='word_1_104' title='bbox 436 1403 843 1457; x_wconf 85' lang='lat' dir='ltr'><strong>Iuasse,exqua</strong></span> <span class='ocrx_word' id='word_1_105' title='bbox 876 1396 1212 1452; x_wconf 89' lang='lat' dir='ltr'><strong>secesserat;</strong></span> <span class='ocrx_word' id='word_1_106' title='bbox 1252 1396 1367 1454; x_wconf 84' lang='lat' dir='ltr'><strong>aut,</strong></span> <span class='ocrx_word' id='word_1_107' title='bbox 1407 1388 1552 1458; x_wconf 92' lang='lat' dir='ltr'><strong>quod</strong></span> <span class='ocrx_word' id='word_1_108' title='bbox 1589 1388 1716 1453; x_wconf 85' lang='lat' dir='ltr'><strong>loci,</strong></span> <span class='ocrx_word' id='word_1_109' title='bbox 1759 1388 1813 1442; x_wconf 92' lang='lat' dir='ltr'><strong>in</strong></span> <span class='ocrx_word' id='word_1_110' title='bbox 1857 1404 2019 1458; x_wconf 85' lang='lat' dir='ltr'><strong>quem</strong></span> 
     </span>
    </p>
   </div>
   <div class='ocr_carea' id='block_1_17' title="bbox 438 1478 2023 1547">
    <p class='ocr_par' dir='ltr' id='par_1_17' title="bbox 438 1478 2023 1547">
     <span class='ocr_line' id='line_1_17' title="bbox 438 1478 2023 1547; baseline 0 -13"><span class='ocrx_word' id='word_1_111' title='bbox 438 1480 736 1545; x_wconf 86' lang='lat' dir='ltr'><strong>secederet,</strong></span> <span class='ocrx_word' id='word_1_112' title='bbox 765 1478 902 1531; x_wconf 89' lang='lat' dir='ltr'><strong>nihil</strong></span> <span class='ocrx_word' id='word_1_113' title='bbox 926 1479 1150 1533; x_wconf 90' lang='lat' dir='ltr'><strong>omnino</strong></span> <span class='ocrx_word' id='word_1_114' title='bbox 1186 1488 1519 1547; x_wconf 89' lang='lat' dir='ltr'><strong>superesset,</strong></span> <span class='ocrx_word' id='word_1_115' title='bbox 1543 1494 1668 1533; x_wconf 90' lang='lat' dir='ltr'><strong>cum</strong></span> <span class='ocrx_word' id='word_1_116' title='bbox 1711 1480 1940 1534; x_wconf 86' lang='lat' dir='ltr'><strong>materia</strong></span> <span class='ocrx_word' id='word_1_117' title='bbox 1964 1494 2023 1534; x_wconf 89' lang='lat' dir='ltr'><strong>se</strong></span> 
     </span>
    </p>
   </div>
   <div class='ocr_carea' id='block_1_18' title="bbox 438 1567 2021 1638">
    <p class='ocr_par' dir='ltr' id='par_1_18' title="bbox 438 1567 2021 1638">
     <span class='ocr_line' id='line_1_18' title="bbox 438 1567 2021 1638; baseline 0.001 -15"><span class='ocrx_word' id='word_1_118' title='bbox 438 1568 617 1638; x_wconf 86' lang='lat' dir='ltr'><strong>ipsum</strong></span> <span class='ocrx_word' id='word_1_119' title='bbox 653 1584 762 1623; x_wconf 89' lang='lat' dir='ltr'><strong>una</strong></span> <span class='ocrx_word' id='word_1_120' title='bbox 793 1567 1185 1623; x_wconf 82' lang='lat' dir='ltr'><strong>conformasse.</strong></span> <span class='ocrx_word' id='word_1_121' title='bbox 1219 1567 1339 1623; x_wconf 85' lang='lat' dir='ltr'><strong>Jam</strong></span> <span class='ocrx_word' id='word_1_122' title='bbox 1367 1584 1518 1636; x_wconf 90' lang='lat' dir='ltr'><strong>vero,</strong></span> <span class='ocrx_word' id='word_1_123' title='bbox 1567 1569 1612 1625; x_wconf 92' lang='lat' dir='ltr'><strong>si</strong></span> <span class='ocrx_word' id='word_1_124' title='bbox 1653 1571 1933 1625; x_wconf 86' lang='lat' dir='ltr'><strong>materiam</strong></span> <span class='ocrx_word' id='word_1_125' title='bbox 1966 1570 2021 1624; x_wconf 91' lang='lat' dir='ltr'><strong>in</strong></span> 
     </span>
    </p>
   </div>
   <div class='ocr_carea' id='block_1_19' title="bbox 436 1659 2018 1729">
    <p class='ocr_par' dir='ltr' id='par_1_19' title="bbox 436 1659 2018 1729">
     <span class='ocr_line' id='line_1_19' title="bbox 436 1659 2018 1729; baseline 0.001 -17"><span class='ocrx_word' id='word_1_126' title='bbox 436 1659 549 1714; x_wconf 90' lang='lat' dir='ltr'><strong>Deo</strong></span> <span class='ocrx_word' id='word_1_127' title='bbox 582 1675 704 1714; x_wconf 90' lang='lat' dir='ltr'><strong>esse</strong></span> <span class='ocrx_word' id='word_1_128' title='bbox 731 1659 1117 1729; x_wconf 79' lang='lat' dir='ltr'><strong>respondeant,</strong></span> <span class='ocrx_word' id='word_1_129' title='bbox 1145 1661 1497 1729; x_wconf 76' lang='lat' dir='ltr'><strong>quzerendum</strong></span> <span class='ocrx_word' id='word_1_130' title='bbox 1546 1661 1799 1716; x_wconf 88' lang='lat' dir='ltr'><strong>similiter</strong></span> <span class='ocrx_word' id='word_1_131' title='bbox 1832 1660 2018 1725; x_wconf 82' lang='lat' dir='ltr'><strong>fuerit,</strong></span> 
     </span>
    </p>
   </div>
   <div class='ocr_carea' id='block_1_20' title="bbox 433 1724 2094 1820">
    <p class='ocr_par' dir='ltr' id='par_1_20' title="bbox 433 1724 2094 1820">
     <span class='ocr_line' id='line_1_20' title="bbox 433 1724 2094 1820; baseline 0.002 -20"><span class='ocrx_word' id='word_1_132' title='bbox 433 1758 618 1802; x_wconf 91' lang='lat' dir='ltr'><strong>utrum</strong></span> <span class='ocrx_word' id='word_1_133' title='bbox 651 1747 731 1802; x_wconf 90' lang='lat' dir='ltr'><strong>sic</strong></span> <span class='ocrx_word' id='word_1_134' title='bbox 784 1748 837 1802; x_wconf 91' lang='lat' dir='ltr'><strong>in</strong></span> <span class='ocrx_word' id='word_1_135' title='bbox 878 1763 944 1803; x_wconf 93' lang='lat' dir='ltr'><strong>eo</strong></span> <span class='ocrx_word' id='word_1_136' title='bbox 995 1756 1267 1803; x_wconf 87' lang='lat' dir='ltr'><strong>statuatur</strong></span> <span class='ocrx_word' id='word_1_137' title='bbox 1291 1791 1306 1814; x_wconf 91' lang='lat'><strong>,</strong></span> <span class='ocrx_word' id='word_1_138' title='bbox 1340 1757 1457 1802; x_wconf 90' lang='lat' dir='ltr'><strong>uta</strong></span> <span class='ocrx_word' id='word_1_139' title='bbox 1486 1751 1666 1820; x_wconf 80' lang='lat' dir='ltr'><strong>seipse</strong></span> <span class='ocrx_word' id='word_1_140' title='bbox 1696 1752 1856 1818; x_wconf 88' lang='lat' dir='ltr'><strong>quasi</strong></span> <span class='ocrx_word' id='word_1_141' title='bbox 1914 1750 2022 1804; x_wconf 87' lang='lat' dir='ltr'><strong>dis-</strong></span> <span class='ocrx_word' id='word_1_142' title='bbox 2054 1724 2094 1779; x_wconf 78' lang='grc' dir='ltr'>Β</span> 
     </span>
    </p>
   </div>
   <div class='ocr_carea' id='block_1_21' title="bbox 429 1839 2022 1909">
    <p class='ocr_par' dir='ltr' id='par_1_21' title="bbox 429 1839 2022 1909">
     <span class='ocr_line' id='line_1_21' title="bbox 429 1839 2022 1909; baseline 0.006 -17"><span class='ocrx_word' id='word_1_143' title='bbox 429 1839 660 1909; x_wconf 86' lang='lat' dir='ltr'><strong>junctus</strong></span> <span class='ocrx_word' id='word_1_144' title='bbox 691 1839 779 1893; x_wconf 90' lang='lat' dir='ltr'><strong>ille</strong></span> <span class='ocrx_word' id='word_1_145' title='bbox 810 1839 1223 1909; x_wconf 88' lang='lat' dir='ltr'><strong>distractusque</strong></span> <span class='ocrx_word' id='word_1_146' title='bbox 1277 1840 1367 1903; x_wconf 89' lang='lat' dir='ltr'><strong>sit,</strong></span> <span class='ocrx_word' id='word_1_147' title='bbox 1404 1841 1679 1909; x_wconf 86' lang='lat' dir='ltr'><strong>quomodo</strong></span> <span class='ocrx_word' id='word_1_148' title='bbox 1709 1842 1785 1897; x_wconf 86' lang='lat' dir='ltr'><strong>sic</strong></span> <span class='ocrx_word' id='word_1_149' title='bbox 1814 1841 1867 1897; x_wconf 90' lang='lat' dir='ltr'><strong>in</strong></span> <span class='ocrx_word' id='word_1_150' title='bbox 1897 1858 2022 1903; x_wconf 90' lang='lat' dir='ltr'><strong>aere</strong></span> 
     </span>
    </p>
   </div>
   <div class='ocr_carea' id='block_1_22' title="bbox 436 1918 2019 1999">
    <p class='ocr_par' dir='ltr' id='par_1_22' title="bbox 436 1918 2019 1999">
     <span class='ocr_line' id='line_1_22' title="bbox 436 1918 2019 1999; baseline 0.005 -16"><span class='ocrx_word' id='word_1_151' title='bbox 436 1918 897 1983; x_wconf 80' lang='lat' dir='ltr'><strong>totauimantium</strong></span> <span class='ocrx_word' id='word_1_152' title='bbox 950 1945 1148 1999; x_wconf 83' lang='lat' dir='ltr'><strong>genera</strong></span> <span class='ocrx_word' id='word_1_153' title='bbox 1197 1940 1504 1997; x_wconf 85' lang='lat' dir='ltr'><strong>versantur,</strong></span> <span class='ocrx_word' id='word_1_154' title='bbox 1566 1940 1625 1986; x_wconf 91' lang='lat' dir='ltr'><strong>ut</strong></span> <span class='ocrx_word' id='word_1_155' title='bbox 1678 1933 1817 1987; x_wconf 89' lang='lat' dir='ltr'><strong>idem</strong></span> <span class='ocrx_word' id='word_1_156' title='bbox 1859 1937 1924 1990; x_wconf 89' lang='lat' dir='ltr'><strong>ad</strong></span> <span class='ocrx_word' id='word_1_157' title='bbox 1955 1952 2019 1991; x_wconf 87' lang='lat' dir='ltr'><strong>ea</strong></span> 
     </span>
    </p>
   </div>
   <div class='ocr_carea' id='block_1_23' title="bbox 435 2020 2021 2093">
    <p class='ocr_par' dir='ltr' id='par_1_23' title="bbox 435 2020 2021 2093">
     <span class='ocr_line' id='line_1_23' title="bbox 435 2020 2021 2093; baseline 0.004 -18"><span class='ocrx_word' id='word_1_158' title='bbox 435 2020 721 2090; x_wconf 83' lang='lat' dir='ltr'><strong>capienda,</strong></span> <span class='ocrx_word' id='word_1_159' title='bbox 748 2037 870 2089; x_wconf 77' lang='lat' dir='ltr'><strong>qua:</strong></span> <span class='ocrx_word' id='word_1_160' title='bbox 905 2020 958 2073; x_wconf 92' lang='lat' dir='ltr'><strong>in</strong></span> <span class='ocrx_word' id='word_1_161' title='bbox 990 2020 1109 2090; x_wconf 88' lang='lat' dir='ltr'><strong>ipso</strong></span> <span class='ocrx_word' id='word_1_162' title='bbox 1144 2020 1298 2087; x_wconf 84' lang='lat' dir='ltr'><strong>ﬁunt,</strong></span> <span class='ocrx_word' id='word_1_163' title='bbox 1357 2022 1595 2092; x_wconf 76' lang='lat' dir='ltr'><strong>aliquam</strong></span> <span class='ocrx_word' id='word_1_164' title='bbox 1626 2025 1861 2093; x_wconf 89' lang='lat' dir='ltr'><strong>partium</strong></span> <span class='ocrx_word' id='word_1_165' title='bbox 1893 2042 2021 2081; x_wconf 86' lang='lat' dir='ltr'><strong>sua—</strong></span> 
     </span>
    </p>
   </div>
   <div class='ocr_carea' id='block_1_24' title="bbox 437 2110 2017 2186">
    <p class='ocr_par' dir='ltr' id='par_1_24' title="bbox 437 2110 2017 2186">
     <span class='ocr_line' id='line_1_24' title="bbox 437 2110 2017 2186; baseline 0.006 -22"><span class='ocrx_word' id='word_1_166' title='bbox 437 2126 560 2164; x_wconf 90' lang='lat' dir='ltr'><strong>rum</strong></span> <span class='ocrx_word' id='word_1_167' title='bbox 609 2110 934 2164; x_wconf 85' lang='lat' dir='ltr'><strong>divisionem</strong></span> <span class='ocrx_word' id='word_1_168' title='bbox 979 2111 1264 2180; x_wconf 89' lang='lat' dir='ltr'><strong>patiatur:</strong></span> <span class='ocrx_word' id='word_1_169' title='bbox 1294 2128 1361 2166; x_wconf 89' lang='lat' dir='ltr'><strong>an</strong></span> <span class='ocrx_word' id='word_1_170' title='bbox 1408 2115 1610 2181; x_wconf 89' lang='lat' dir='ltr'><strong>potius,</strong></span> <span class='ocrx_word' id='word_1_171' title='bbox 1646 2124 1903 2186; x_wconf 85' lang='lat' dir='ltr'><strong>tanquam</strong></span> <span class='ocrx_word' id='word_1_172' title='bbox 1963 2120 2017 2173; x_wconf 92' lang='lat' dir='ltr'><strong>in</strong></span> 
     </span>
    </p>
   </div>
   <div class='ocr_carea' id='block_1_25' title="bbox 435 2202 2020 2278">
    <p class='ocr_par' dir='ltr' id='par_1_25' title="bbox 435 2202 2020 2278">
     <span class='ocr_line' id='line_1_25' title="bbox 435 2202 2020 2278; baseline 0.006 -23"><span class='ocrx_word' id='word_1_173' title='bbox 435 2202 579 2268; x_wconf 92' lang='lat' dir='ltr'><strong>loco,</strong></span> <span class='ocrx_word' id='word_1_174' title='bbox 614 2202 717 2256; x_wconf 90' lang='lat' dir='ltr'><strong>hoc</strong></span> <span class='ocrx_word' id='word_1_175' title='bbox 737 2212 838 2266; x_wconf 90' lang='lat' dir='ltr'><strong>est,</strong></span> <span class='ocrx_word' id='word_1_176' title='bbox 873 2210 932 2255; x_wconf 90' lang='lat' dir='ltr'><strong>ut</strong></span> <span class='ocrx_word' id='word_1_177' title='bbox 962 2217 1105 2271; x_wconf 88' lang='lat' dir='ltr'><strong>aqua</strong></span> <span class='ocrx_word' id='word_1_178' title='bbox 1131 2203 1184 2256; x_wconf 92' lang='lat' dir='ltr'><strong>in</strong></span> <span class='ocrx_word' id='word_1_179' title='bbox 1225 2212 1367 2258; x_wconf 90' lang='lat' dir='ltr'><strong>terra</strong></span> <span class='ocrx_word' id='word_1_180' title='bbox 1386 2206 1706 2261; x_wconf 88' lang='lat' dir='ltr'><strong>collocatur.</strong></span> <span class='ocrx_word' id='word_1_181' title='bbox 1737 2206 1793 2261; x_wconf 90' lang='lat' dir='ltr'><strong>Si</strong></span> <span class='ocrx_word' id='word_1_182' title='bbox 1828 2224 2020 2278; x_wconf 88' lang='lat' dir='ltr'><strong>quem-</strong></span> 
     </span>
    </p>
   </div>
   <div class='ocr_carea' id='block_1_26' title="bbox 437 2293 2020 2369">
    <p class='ocr_par' dir='ltr' id='par_1_26' title="bbox 437 2293 2020 2369">
     <span class='ocr_line' id='line_1_26' title="bbox 437 2293 2020 2369; baseline 0.004 -22"><span class='ocrx_word' id='word_1_183' title='bbox 437 2295 733 2347; x_wconf 88' lang='lat' dir='ltr'><strong>admodum</strong></span> <span class='ocrx_word' id='word_1_184' title='bbox 762 2294 815 2346; x_wconf 93' lang='lat' dir='ltr'><strong>in</strong></span> <span class='ocrx_word' id='word_1_185' title='bbox 843 2308 992 2359; x_wconf 90' lang='lat' dir='ltr'><strong>aere,</strong></span> <span class='ocrx_word' id='word_1_186' title='bbox 1022 2293 1192 2349; x_wconf 87' lang='lat' dir='ltr'><strong>Deum</strong></span> <span class='ocrx_word' id='word_1_187' title='bbox 1227 2294 1339 2365; x_wconf 87' lang='lat' dir='ltr'><strong>jam</strong></span> <span class='ocrx_word' id='word_1_188' title='bbox 1371 2296 1657 2363; x_wconf 89' lang='lat' dir='ltr'><strong>habemus,</strong></span> <span class='ocrx_word' id='word_1_189' title='bbox 1687 2299 1780 2367; x_wconf 89' lang='lat' dir='ltr'><strong>qui</strong></span> <span class='ocrx_word' id='word_1_190' title='bbox 1818 2299 1871 2354; x_wconf 90' lang='lat' dir='ltr'><strong>in</strong></span> <span class='ocrx_word' id='word_1_191' title='bbox 1895 2316 2020 2369; x_wconf 85' lang='lat' dir='ltr'><strong>par-</strong></span> 
     </span>
    </p>
   </div>
   <div class='ocr_carea' id='block_1_27' title="bbox 434 2384 2018 2460">
    <p class='ocr_par' dir='ltr' id='par_1_27' title="bbox 434 2384 2018 2460">
     <span class='ocr_line' id='line_1_27' title="bbox 434 2384 2018 2460; baseline 0.006 -21"><span class='ocrx_word' id='word_1_192' title='bbox 434 2393 519 2439; x_wconf 89' lang='lat' dir='ltr'><strong>tes</strong></span> <span class='ocrx_word' id='word_1_193' title='bbox 552 2384 784 2439; x_wconf 89' lang='lat' dir='ltr'><strong>distrahi</strong></span> <span class='ocrx_word' id='word_1_194' title='bbox 818 2386 1102 2455; x_wconf 90' lang='lat' dir='ltr'><strong>secarique</strong></span> <span class='ocrx_word' id='word_1_195' title='bbox 1134 2388 1327 2455; x_wconf 89' lang='lat' dir='ltr'><strong>possit.</strong></span> <span class='ocrx_word' id='word_1_196' title='bbox 1367 2386 1463 2443; x_wconf 92' lang='lat' dir='ltr'><strong>Sin</strong></span> <span class='ocrx_word' id='word_1_197' title='bbox 1520 2398 1578 2444; x_wconf 90' lang='lat' dir='ltr'><strong>ut</strong></span> <span class='ocrx_word' id='word_1_198' title='bbox 1614 2406 1755 2460; x_wconf 89' lang='lat' dir='ltr'><strong>aqua</strong></span> <span class='ocrx_word' id='word_1_199' title='bbox 1786 2392 1838 2445; x_wconf 93' lang='lat' dir='ltr'><strong>in</strong></span> <span class='ocrx_word' id='word_1_200' title='bbox 1871 2402 2018 2448; x_wconf 89' lang='lat' dir='ltr'><strong>terra</strong></span> 
     </span>
    </p>
   </div>
   <div class='ocr_carea' id='block_1_28' title="bbox 433 2477 2015 2553">
    <p class='ocr_par' dir='ltr' id='par_1_28' title="bbox 433 2477 2015 2553">
     <span class='ocr_line' id='line_1_28' title="bbox 433 2477 2015 2553; baseline 0.006 -22"><span class='ocrx_word' id='word_1_201' title='bbox 433 2485 537 2542; x_wconf 87' lang='lat' dir='ltr'><strong>est,</strong></span> <span class='ocrx_word' id='word_1_202' title='bbox 573 2477 801 2530; x_wconf 86' lang='lat' dir='ltr'><strong>materia</strong></span> <span class='ocrx_word' id='word_1_203' title='bbox 835 2491 963 2531; x_wconf 78' lang='lat' dir='ltr'><strong>vero</strong></span> <span class='ocrx_word' id='word_1_204' title='bbox 995 2484 1308 2546; x_wconf 86' lang='lat' dir='ltr'><strong>perturbata</strong></span> <span class='ocrx_word' id='word_1_205' title='bbox 1342 2489 1505 2550; x_wconf 90' lang='lat' dir='ltr'><strong>atque</strong></span> <span class='ocrx_word' id='word_1_206' title='bbox 1554 2482 1820 2553; x_wconf 83' lang='lat' dir='ltr'><strong>indigesta</strong></span> <span class='ocrx_word' id='word_1_207' title='bbox 1876 2494 2015 2553; x_wconf 86' lang='lat' dir='ltr'><strong>erat,</strong></span> 
     </span>
    </p>
   </div>
   <div class='ocr_carea' id='block_1_29' title="bbox 433 2568 2018 2645">
    <p class='ocr_par' dir='ltr' id='par_1_29' title="bbox 433 2568 2018 2645">
     <span class='ocr_line' id='line_1_29' title="bbox 433 2568 2018 2645; baseline 0.007 -22"><span class='ocrx_word' id='word_1_208' title='bbox 433 2569 681 2638; x_wconf 85' lang='lat' dir='ltr'><strong>adeoque</strong></span> <span class='ocrx_word' id='word_1_209' title='bbox 713 2570 855 2622; x_wconf 88' lang='lat' dir='ltr'><strong>mala</strong></span> <span class='ocrx_word' id='word_1_210' title='bbox 883 2568 1090 2639; x_wconf 89' lang='lat' dir='ltr'><strong>gremio</strong></span> <span class='ocrx_word' id='word_1_211' title='bbox 1116 2586 1217 2624; x_wconf 93' lang='lat' dir='ltr'><strong>suo</strong></span> <span class='ocrx_word' id='word_1_212' title='bbox 1240 2572 1587 2627; x_wconf 88' lang='lat' dir='ltr'><strong>continebat:</strong></span> <span class='ocrx_word' id='word_1_213' title='bbox 1625 2587 1877 2645; x_wconf 89' lang='lat' dir='ltr'><strong>superest</strong></span> <span class='ocrx_word' id='word_1_214' title='bbox 1900 2595 2018 2633; x_wconf 90' lang='lat' dir='ltr'><strong>om-</strong></span> 
     </span>
    </p>
   </div>
   <div class='ocr_carea' id='block_1_30' title="bbox 435 2657 2018 2735">
    <p class='ocr_par' dir='ltr' id='par_1_30' title="bbox 435 2657 2018 2735">
     <span class='ocr_line' id='line_1_30' title="bbox 435 2657 2018 2735; baseline 0.008 -24"><span class='ocrx_word' id='word_1_215' title='bbox 435 2657 591 2722; x_wconf 87' lang='lat' dir='ltr'><strong>nino,</strong></span> <span class='ocrx_word' id='word_1_216' title='bbox 623 2665 682 2711; x_wconf 91' lang='lat' dir='ltr'><strong>ut</strong></span> <span class='ocrx_word' id='word_1_217' title='bbox 708 2657 886 2726; x_wconf 91' lang='lat' dir='ltr'><strong>ipsum</strong></span> <span class='ocrx_word' id='word_1_218' title='bbox 916 2674 1138 2729; x_wconf 89' lang='lat' dir='ltr'><strong>quoque</strong></span> <span class='ocrx_word' id='word_1_219' title='bbox 1170 2658 1364 2725; x_wconf 85' lang='lat' dir='ltr'><strong>Deum,</strong></span> <span class='ocrx_word' id='word_1_220' title='bbox 1384 2669 1437 2714; x_wconf 91' lang='lat' dir='ltr'><strong>et</strong></span> <span class='ocrx_word' id='word_1_221' title='bbox 1462 2677 1644 2717; x_wconf 88' lang='lat' dir='ltr'><strong>rerum</strong></span> <span class='ocrx_word' id='word_1_222' title='bbox 1676 2665 2018 2735; x_wconf 80' lang='lat' dir='ltr'><strong>imperfecta-</strong></span> 
     </span>
    </p>
   </div>
   <div class='ocr_carea' id='block_1_31' title="bbox 434 2749 2013 2814">
    <p class='ocr_par' dir='ltr' id='par_1_31' title="bbox 434 2749 2013 2814">
     <span class='ocr_line' id='line_1_31' title="bbox 434 2749 2013 2814; baseline 0.008 -13"><span class='ocrx_word' id='word_1_223' title='bbox 434 2764 559 2802; x_wconf 88' lang='lat' dir='ltr'><strong>rum</strong></span> <span class='ocrx_word' id='word_1_224' title='bbox 614 2756 669 2801; x_wconf 92' lang='lat' dir='ltr'><strong>et</strong></span> <span class='ocrx_word' id='word_1_225' title='bbox 726 2752 996 2802; x_wconf 92' lang='lat' dir='ltr'><strong>malorum</strong></span> <span class='ocrx_word' id='word_1_226' title='bbox 1056 2749 1239 2803; x_wconf 89' lang='lat' dir='ltr'><strong>sedem</strong></span> <span class='ocrx_word' id='word_1_227' title='bbox 1274 2766 1339 2806; x_wconf 90' lang='lat' dir='ltr'><strong>ac</strong></span> <span class='ocrx_word' id='word_1_228' title='bbox 1373 2752 1553 2807; x_wconf 91' lang='lat' dir='ltr'><strong>locum</strong></span> <span class='ocrx_word' id='word_1_229' title='bbox 1599 2769 1720 2809; x_wconf 90' lang='lat' dir='ltr'><strong>esse</strong></span> <span class='ocrx_word' id='word_1_230' title='bbox 1747 2756 2013 2814; x_wconf 84' lang='lat' dir='ltr'><strong>dicamus.</strong></span> 
     </span>
    </p>
   </div>
   <div class='ocr_carea' id='block_1_32' title="bbox 434 2837 2015 2914">
    <p class='ocr_par' dir='ltr' id='par_1_32' title="bbox 434 2837 2015 2914">
     <span class='ocr_line' id='line_1_32' title="bbox 434 2837 2015 2914; baseline 0.008 -22"><span class='ocrx_word' id='word_1_231' title='bbox 434 2837 589 2906; x_wconf 79' lang='lat' dir='ltr'><strong>Quod</strong></span> <span class='ocrx_word' id='word_1_232' title='bbox 623 2840 755 2893; x_wconf 93' lang='lat' dir='ltr'><strong>mihi</strong></span> <span class='ocrx_word' id='word_1_233' title='bbox 788 2839 1009 2907; x_wconf 90' lang='lat' dir='ltr'><strong>quidem</strong></span> <span class='ocrx_word' id='word_1_234' title='bbox 1038 2855 1162 2895; x_wconf 91' lang='lat' dir='ltr'><strong>cum</strong></span> <span class='ocrx_word' id='word_1_235' title='bbox 1191 2842 1374 2897; x_wconf 92' lang='lat' dir='ltr'><strong>minus</strong></span> <span class='ocrx_word' id='word_1_236' title='bbox 1416 2843 1670 2914; x_wconf 87' lang='lat' dir='ltr'><strong>religiose</strong></span> <span class='ocrx_word' id='word_1_237' title='bbox 1715 2846 1847 2912; x_wconf 90' lang='lat' dir='ltr'><strong>dici,</strong></span> <span class='ocrx_word' id='word_1_238' title='bbox 1899 2858 2015 2903; x_wconf 90' lang='lat' dir='ltr'><strong>tum</strong></span> 
     </span>
    </p>
   </div>
   <div class='ocr_carea' id='block_1_33' title="bbox 434 2934 2016 3017">
    <p class='ocr_par' dir='ltr' id='par_1_33' title="bbox 434 2934 2016 3017">
     <span class='ocr_line' id='line_1_33' title="bbox 434 2934 2016 3017; baseline 0.008 -29"><span class='ocrx_word' id='word_1_239' title='bbox 434 2934 533 2989; x_wconf 89' lang='lat' dir='ltr'><strong>abs</strong></span> <span class='ocrx_word' id='word_1_240' title='bbox 579 2942 631 2989; x_wconf 88' lang='lat' dir='ltr'><strong>te</strong></span> <span class='ocrx_word' id='word_1_241' title='bbox 684 2935 1046 3005; x_wconf 84' lang='lat' dir='ltr'><strong>periculosius</strong></span> <span class='ocrx_word' id='word_1_242' title='bbox 1094 2938 1415 3005; x_wconf 88' lang='lat' dir='ltr'><strong>responderi</strong></span> <span class='ocrx_word' id='word_1_243' title='bbox 1466 2940 1764 2998; x_wconf 90' lang='lat' dir='ltr'><strong>videretur.</strong></span> <span class='ocrx_word' id='word_1_244' title='bbox 1804 2943 2016 3017; x_wconf 85' lang='lat' dir='ltr'><strong>Quippe</strong></span> 
     </span>
    </p>
   </div>
   <div class='ocr_carea' id='block_1_34' title="bbox 2128 462 3707 537">
    <p class='ocr_par' dir='ltr' id='par_1_34' title="bbox 2128 462 3707 537">
     <span class='ocr_line' id='line_1_34' title="bbox 2128 462 3707 537; baseline -0.001 -19"><span class='ocrx_word' id='word_1_245' title='bbox 2128 466 2402 532; x_wconf 77' lang='grc' dir='ltr'><strong>ἐξετάζειν</strong></span> <span class='ocrx_word' id='word_1_246' title='bbox 2442 467 2542 531; x_wconf 90' lang='grc' dir='ltr'>δεῖ,</span> <span class='ocrx_word' id='word_1_247' title='bbox 2581 467 2809 537; x_wconf 90' lang='grc' dir='ltr'>πότερον</span> <span class='ocrx_word' id='word_1_248' title='bbox 2865 464 2940 526; x_wconf 85' lang='grc' dir='ltr'>ὡς</span> <span class='ocrx_word' id='word_1_249' title='bbox 2997 463 3341 534; x_wconf 83' lang='grc' dir='ltr'>διισταμένου</span> <span class='ocrx_word' id='word_1_250' title='bbox 3403 462 3568 517; x_wconf 84' lang='grc' dir='ltr'>αὑτοῦ</span> <span class='ocrx_word' id='word_1_251' title='bbox 3616 463 3707 533; x_wconf 75' lang='grc' dir='ltr'><strong>ἀφ’</strong></span> 
     </span>
    </p>
   </div>
   <div class='ocr_carea' id='block_1_35' title="bbox 2126 553 3707 630">
    <p class='ocr_par' dir='ltr' id='par_1_35' title="bbox 2126 553 3707 630">
     <span class='ocr_line' id='line_1_35' title="bbox 2126 553 3707 630; baseline -0.002 -19"><span class='ocrx_word' id='word_1_252' title='bbox 2126 557 2341 622; x_wconf 87' lang='grc' dir='ltr'>ἐαυτοῦ,</span> <span class='ocrx_word' id='word_1_253' title='bbox 2372 558 2466 611; x_wconf 73' lang='grc' dir='ltr'>καὶ</span> <span class='ocrx_word' id='word_1_254' title='bbox 2491 557 2680 630; x_wconf 86' lang='grc' dir='ltr'>ὥσπερ</span> <span class='ocrx_word' id='word_1_255' title='bbox 2713 559 2771 610; x_wconf 86' lang='grc' dir='ltr'><strong>ἐν</strong></span> <span class='ocrx_word' id='word_1_256' title='bbox 2793 555 2914 629; x_wconf 83' lang='grc' dir='ltr'><strong>ἀέρι</strong></span> <span class='ocrx_word' id='word_1_257' title='bbox 2946 553 3098 620; x_wconf 80' lang='grc' dir='ltr'>ζώων</span> <span class='ocrx_word' id='word_1_258' title='bbox 3133 556 3365 627; x_wconf 82' lang='grc' dir='ltr'><strong>ὑπάρχει</strong></span> <span class='ocrx_word' id='word_1_259' title='bbox 3389 556 3541 627; x_wconf 82' lang='grc' dir='ltr'>γένη,</span> <span class='ocrx_word' id='word_1_260' title='bbox 3572 554 3707 608; x_wconf 87' lang='grc' dir='ltr'>διαι-</span> 
     </span>
    </p>
   </div>
   <div class='ocr_carea' id='block_1_36' title="bbox 2127 645 3708 724">
    <p class='ocr_par' dir='ltr' id='par_1_36' title="bbox 2127 645 3708 724">
     <span class='ocr_line' id='line_1_36' title="bbox 2127 645 3708 724; baseline -0.004 -19"><span class='ocrx_word' id='word_1_261' title='bbox 2127 652 2389 724; x_wconf 89' lang='grc' dir='ltr'>ρουμένου</span> <span class='ocrx_word' id='word_1_262' title='bbox 2424 651 2518 705; x_wconf 76' lang='grc' dir='ltr'><strong>καὶ</strong></span> <span class='ocrx_word' id='word_1_263' title='bbox 2561 651 2918 723; x_wconf 75' lang='grc' dir='ltr'>μεριζομένου</span> <span class='ocrx_word' id='word_1_264' title='bbox 2950 647 3117 701; x_wconf 84' lang='grc' dir='ltr'>αὑτοῦ</span> <span class='ocrx_word' id='word_1_265' title='bbox 3164 649 3244 710; x_wconf 89' lang='grc' dir='ltr'><strong>είς</strong></span> <span class='ocrx_word' id='word_1_266' title='bbox 3278 646 3544 717; x_wconf 79' lang='grc' dir='ltr'>ὑποδοχὴν</span> <span class='ocrx_word' id='word_1_267' title='bbox 3598 645 3708 699; x_wconf 89' lang='grc' dir='ltr'><strong>τῶν</strong></span> 
     </span>
    </p>
   </div>
   <div class='ocr_carea' id='block_1_37' title="bbox 2124 736 3707 815">
    <p class='ocr_par' dir='ltr' id='par_1_37' title="bbox 2124 736 3707 815">
     <span class='ocr_line' id='line_1_37' title="bbox 2124 736 3707 815; baseline -0.004 -18"><span class='ocrx_word' id='word_1_268' title='bbox 2124 744 2427 815; x_wconf 81' lang='grc' dir='ltr'>γινομένων</span> <span class='ocrx_word' id='word_1_269' title='bbox 2456 742 2604 813; x_wconf 78' lang='grc' dir='ltr'>αὐτῷ</span> <span class='ocrx_word' id='word_1_270' title='bbox 2638 743 2770 813; x_wconf 86' lang='grc'><strong>(97),</strong></span> <span class='ocrx_word' id='word_1_271' title='bbox 2800 742 2833 814; x_wconf 83' lang='grc' dir='ltr'>ἢ</span> <span class='ocrx_word' id='word_1_272' title='bbox 2863 742 2939 805; x_wconf 90' lang='grc' dir='ltr'>ὡς</span> <span class='ocrx_word' id='word_1_273' title='bbox 2971 742 3029 793; x_wconf 87' lang='grc' dir='ltr'><strong>ἐν</strong></span> <span class='ocrx_word' id='word_1_274' title='bbox 3070 739 3239 810; x_wconf 83' lang='grc' dir='ltr'><strong>τόπῳ,</strong></span> <span class='ocrx_word' id='word_1_275' title='bbox 3291 738 3568 793; x_wconf 81' lang='grc' dir='ltr'>τουτέστιν</span> <span class='ocrx_word' id='word_1_276' title='bbox 3599 736 3707 790; x_wconf 89' lang='grc' dir='ltr'>ῶσ-</span> 
     </span>
    </p>
   </div>
   <div class='ocr_carea' id='block_1_38' title="bbox 2126 829 3702 909">
    <p class='ocr_par' dir='ltr' id='par_1_38' title="bbox 2126 829 3702 909">
     <span class='ocr_line' id='line_1_38' title="bbox 2126 829 3702 909; baseline -0.006 -18"><span class='ocrx_word' id='word_1_277' title='bbox 2126 855 2231 908; x_wconf 90' lang='grc' dir='ltr'><strong>περ</strong></span> <span class='ocrx_word' id='word_1_278' title='bbox 2256 839 2313 891; x_wconf 85' lang='grc' dir='ltr'><strong>ἐν</strong></span> <span class='ocrx_word' id='word_1_279' title='bbox 2338 839 2409 909; x_wconf 79' lang='grc' dir='ltr'>γῇ</span> <span class='ocrx_word' id='word_1_280' title='bbox 2443 834 2609 907; x_wconf 77' lang='grc' dir='ltr'>ὔδωρ.</span> <span class='ocrx_word' id='word_1_281' title='bbox 2658 835 2722 888; x_wconf 75' lang='lat' dir='ltr'><strong>El</strong></span> <span class='ocrx_word' id='word_1_282' title='bbox 2781 833 2878 905; x_wconf 84' lang='grc' dir='ltr'><strong>μὲν</strong></span> <span class='ocrx_word' id='word_1_283' title='bbox 2908 832 3018 903; x_wconf 84' lang='grc' dir='ltr'>γὰρ</span> <span class='ocrx_word' id='word_1_284' title='bbox 3055 830 3324 901; x_wconf 72' lang='grc' dir='ltr'>εἴποιμεν,</span> <span class='ocrx_word' id='word_1_285' title='bbox 3372 830 3448 894; x_wconf 84' lang='grc' dir='ltr'>ὡς</span> <span class='ocrx_word' id='word_1_286' title='bbox 3473 830 3530 882; x_wconf 90' lang='grc' dir='ltr'><strong>ἐν</strong></span> <span class='ocrx_word' id='word_1_287' title='bbox 3559 829 3702 901; x_wconf 87' lang='grc' dir='ltr'>ἀέρι,</span> 
     </span>
    </p>
   </div>
   <div class='ocr_carea' id='block_1_39' title="bbox 2127 918 3709 1000">
    <p class='ocr_par' dir='ltr' id='par_1_39' title="bbox 2127 918 3709 1000">
     <span class='ocr_line' id='line_1_39' title="bbox 2127 918 3709 1000; baseline -0.006 -19"><span class='ocrx_word' id='word_1_288' title='bbox 2127 928 2383 1000; x_wconf 89' lang='grc' dir='ltr'>μεριστὸν</span> <span class='ocrx_word' id='word_1_289' title='bbox 2415 926 2631 997; x_wconf 80' lang='grc' dir='ltr'>ἀνάγκη</span> <span class='ocrx_word' id='word_1_290' title='bbox 2662 924 2753 977; x_wconf 90' lang='grc' dir='ltr'><strong>τὸν</strong></span> <span class='ocrx_word' id='word_1_291' title='bbox 2801 924 2937 977; x_wconf 89' lang='grc' dir='ltr'>Θεὸν</span> <span class='ocrx_word' id='word_1_292' title='bbox 2996 924 3190 975; x_wconf 78' lang='grc' dir='ltr'>εἰπεῖν·</span> <span class='ocrx_word' id='word_1_293' title='bbox 3257 923 3302 975; x_wconf 86' lang='grc' dir='ltr'><strong>εί</strong></span> <span class='ocrx_word' id='word_1_294' title='bbox 3357 919 3402 973; x_wconf 76' lang='grc' dir='ltr'><strong>δ’</strong></span> <span class='ocrx_word' id='word_1_295' title='bbox 3433 918 3621 988; x_wconf 83' lang='grc' dir='ltr'>ὥσπερ</span> <span class='ocrx_word' id='word_1_296' title='bbox 3649 922 3709 973; x_wconf 80' lang='grc' dir='ltr'><strong>ἐν</strong></span> 
     </span>
    </p>
   </div>
   <div class='ocr_carea' id='block_1_40' title="bbox 2123 1011 3705 1091">
    <p class='ocr_par' dir='ltr' id='par_1_40' title="bbox 2123 1011 3705 1091">
     <span class='ocr_line' id='line_1_40' title="bbox 2123 1011 3705 1091; baseline -0.004 -21"><span class='ocrx_word' id='word_1_297' title='bbox 2123 1023 2194 1091; x_wconf 86' lang='grc' dir='ltr'>γῇ</span> <span class='ocrx_word' id='word_1_298' title='bbox 2230 1018 2291 1072; x_wconf 93' lang='grc' dir='ltr'><strong>τὸ</strong></span> <span class='ocrx_word' id='word_1_299' title='bbox 2332 1018 2499 1090; x_wconf 78' lang='grc' dir='ltr'>ὕδωρ,</span> <span class='ocrx_word' id='word_1_300' title='bbox 2537 1013 2604 1089; x_wconf 79' lang='grc' dir='ltr'>ἦν</span> <span class='ocrx_word' id='word_1_301' title='bbox 2633 1016 2688 1069; x_wconf 85' lang='grc' dir='ltr'><strong>δὲ</strong></span> <span class='ocrx_word' id='word_1_302' title='bbox 2720 1015 2953 1078; x_wconf 78' lang='grc' dir='ltr'>ἄτακτος</span> <span class='ocrx_word' id='word_1_303' title='bbox 2997 1016 3031 1085; x_wconf 82' lang='grc' dir='ltr'>ἡ</span> <span class='ocrx_word' id='word_1_304' title='bbox 3083 1013 3182 1085; x_wconf 82' lang='grc' dir='ltr'><strong>ῦλη</strong></span> <span class='ocrx_word' id='word_1_305' title='bbox 3230 1014 3323 1066; x_wconf 77' lang='grc' dir='ltr'><strong>καὶ</strong></span> <span class='ocrx_word' id='word_1_306' title='bbox 3375 1011 3705 1082; x_wconf 85' lang='grc' dir='ltr'>ἀκόσμητος,</span> 
     </span>
    </p>
   </div>
   <div class='ocr_carea' id='block_1_41' title="bbox 2125 1102 3709 1184">
    <p class='ocr_par' dir='ltr' id='par_1_41' title="bbox 2125 1102 3709 1184">
     <span class='ocr_line' id='line_1_41' title="bbox 2125 1102 3709 1184; baseline -0.006 -20"><span class='ocrx_word' id='word_1_307' title='bbox 2125 1112 2261 1184; x_wconf 88' lang='grc' dir='ltr'>πρὸς</span> <span class='ocrx_word' id='word_1_308' title='bbox 2288 1111 2351 1181; x_wconf 83' lang='grc' dir='ltr'><strong>δὴ</strong></span> <span class='ocrx_word' id='word_1_309' title='bbox 2380 1109 2590 1172; x_wconf 82' lang='grc' dir='ltr'>τούτοις</span> <span class='ocrx_word' id='word_1_310' title='bbox 2635 1107 2834 1173; x_wconf 78' lang='grc' dir='ltr'>ἔχουσα</span> <span class='ocrx_word' id='word_1_311' title='bbox 2884 1107 2978 1159; x_wconf 76' lang='lat' dir='ltr'><strong>xal.</strong></span> <span class='ocrx_word' id='word_1_312' title='bbox 3018 1104 3185 1168; x_wconf 85' lang='grc' dir='ltr'>κακὰ,</span> <span class='ocrx_word' id='word_1_313' title='bbox 3237 1104 3329 1157; x_wconf 87' lang='grc' dir='ltr'><strong>τὸν</strong></span> <span class='ocrx_word' id='word_1_314' title='bbox 3371 1102 3501 1156; x_wconf 84' lang='grc' dir='ltr'>Θεὸν</span> <span class='ocrx_word' id='word_1_315' title='bbox 3531 1102 3709 1170; x_wconf 85' lang='grc' dir='ltr'>λέγειν</span> 
     </span>
    </p>
   </div>
   <div class='ocr_carea' id='block_1_42' title="bbox 2124 1194 3707 1274">
    <p class='ocr_par' dir='ltr' id='par_1_42' title="bbox 2124 1194 3707 1274">
     <span class='ocr_line' id='line_1_42' title="bbox 2124 1194 3707 1274; baseline -0.006 -16"><span class='ocrx_word' id='word_1_316' title='bbox 2124 1205 2337 1274; x_wconf 84' lang='grc' dir='ltr'>ἀνάγκη</span> <span class='ocrx_word' id='word_1_317' title='bbox 2364 1202 2529 1255; x_wconf 89' lang='grc' dir='ltr'>τόπον</span> <span class='ocrx_word' id='word_1_318' title='bbox 2566 1196 2705 1253; x_wconf 80' lang='grc' dir='ltr'>εἶναι</span> <span class='ocrx_word' id='word_1_319' title='bbox 2743 1198 2853 1251; x_wconf 88' lang='grc' dir='ltr'><strong>τῶν</strong></span> <span class='ocrx_word' id='word_1_320' title='bbox 2877 1198 3203 1269; x_wconf 81' lang='grc' dir='ltr'>ἀκοσμήτων</span> <span class='ocrx_word' id='word_1_321' title='bbox 3231 1196 3326 1250; x_wconf 70' lang='grc' dir='ltr'>καὶ</span> <span class='ocrx_word' id='word_1_322' title='bbox 3354 1194 3463 1249; x_wconf 89' lang='grc' dir='ltr'><strong>τῶν</strong></span> <span class='ocrx_word' id='word_1_323' title='bbox 3498 1194 3707 1249; x_wconf 80' lang='grc' dir='ltr'><strong>κακῶν.</strong></span> 
     </span>
    </p>
   </div>
   <div class='ocr_carea' id='block_1_43' title="bbox 2128 1286 3712 1368">
    <p class='ocr_par' dir='ltr' id='par_1_43' title="bbox 2128 1286 3712 1368">
     <span class='ocr_line' id='line_1_43' title="bbox 2128 1286 3712 1368; baseline -0.008 -18"><span class='ocrx_word' id='word_1_324' title='bbox 2128 1298 2302 1368; x_wconf 82' lang='grc' dir='ltr'>Ὅπερ</span> <span class='ocrx_word' id='word_1_325' title='bbox 2324 1296 2424 1348; x_wconf 84' lang='grc' dir='ltr'><strong>οὑκ</strong></span> <span class='ocrx_word' id='word_1_326' title='bbox 2482 1293 2727 1364; x_wconf 77' lang='grc' dir='ltr'>εὔφημον</span> <span class='ocrx_word' id='word_1_327' title='bbox 2776 1286 2915 1344; x_wconf 84' lang='grc' dir='ltr'>εἷναί</span> <span class='ocrx_word' id='word_1_328' title='bbox 2971 1307 3060 1361; x_wconf 88' lang='grc' dir='ltr'><strong>μοι</strong></span> <span class='ocrx_word' id='word_1_329' title='bbox 3106 1289 3272 1351; x_wconf 83' lang='grc' dir='ltr'>δοκεῖ,</span> <span class='ocrx_word' id='word_1_330' title='bbox 3332 1286 3626 1355; x_wconf 76' lang='grc' dir='ltr'>ἐπισφαλὲς</span> <span class='ocrx_word' id='word_1_331' title='bbox 3653 1286 3712 1339; x_wconf 74' lang='grc' dir='ltr'>δὲ</span> 
     </span>
    </p>
   </div>
   <div class='ocr_carea' id='block_1_44' title="bbox 2126 1377 3711 1461">
    <p class='ocr_par' dir='ltr' id='par_1_44' title="bbox 2126 1377 3711 1461">
     <span class='ocr_line' id='line_1_44' title="bbox 2126 1377 3711 1461; baseline -0.008 -18"><span class='ocrx_word' id='word_1_332' title='bbox 2126 1389 2348 1461; x_wconf 79' lang='grc' dir='ltr'>μᾶλλον.</span> <span class='ocrx_word' id='word_1_333' title='bbox 2388 1386 2560 1458; x_wconf 85' lang='grc' dir='ltr'>’Ὑλην</span> <span class='ocrx_word' id='word_1_334' title='bbox 2592 1385 2699 1458; x_wconf 83' lang='grc' dir='ltr'>γὰρ</span> <span class='ocrx_word' id='word_1_335' title='bbox 2738 1380 2879 1437; x_wconf 79' lang='grc' dir='ltr'>εἶναι</span> <span class='ocrx_word' id='word_1_336' title='bbox 2938 1382 3113 1446; x_wconf 83' lang='grc' dir='ltr'>Θέλεις</span> <span class='ocrx_word' id='word_1_337' title='bbox 3164 1380 3298 1453; x_wconf 83' lang='grc'><strong>(98),</strong></span> <span class='ocrx_word' id='word_1_338' title='bbox 3356 1380 3443 1433; x_wconf 75' lang='grc' dir='ltr'><strong>ἵνα</strong></span> <span class='ocrx_word' id='word_1_339' title='bbox 3499 1378 3574 1450; x_wconf 76' lang='grc' dir='ltr'><strong>μὴ</strong></span> <span class='ocrx_word' id='word_1_340' title='bbox 3599 1377 3711 1431; x_wconf 85' lang='grc' dir='ltr'><strong>τῶν</strong></span> 
     </span>
    </p>
   </div>
   <div class='ocr_carea' id='block_1_45' title="bbox 2124 1470 3714 1551">
    <p class='ocr_par' dir='ltr' id='par_1_45' title="bbox 2124 1470 3714 1551">
     <span class='ocr_line' id='line_1_45' title="bbox 2124 1470 3714 1551; baseline -0.008 -16"><span class='ocrx_word' id='word_1_341' title='bbox 2124 1481 2309 1535; x_wconf 82' lang='grc' dir='ltr'>κακῶν</span> <span class='ocrx_word' id='word_1_342' title='bbox 2339 1478 2565 1551; x_wconf 81' lang='grc' dir='ltr'>ποιητὴν</span> <span class='ocrx_word' id='word_1_343' title='bbox 2618 1478 2779 1547; x_wconf 79' lang='grc' dir='ltr'>εἴπῃς</span> <span class='ocrx_word' id='word_1_344' title='bbox 2831 1475 2923 1529; x_wconf 81' lang='grc' dir='ltr'><strong>τὸν</strong></span> <span class='ocrx_word' id='word_1_345' title='bbox 2972 1474 3125 1540; x_wconf 84' lang='grc' dir='ltr'>Θεὸν,</span> <span class='ocrx_word' id='word_1_346' title='bbox 3152 1474 3248 1527; x_wconf 76' lang='grc' dir='ltr'><strong>καὶ</strong></span> <span class='ocrx_word' id='word_1_347' title='bbox 3289 1471 3447 1525; x_wconf 90' lang='grc' dir='ltr'>τοῦτο</span> <span class='ocrx_word' id='word_1_348' title='bbox 3489 1470 3714 1540; x_wconf 79' lang='grc' dir='ltr'>φεύγειν</span> 
     </span>
    </p>
   </div>
   <div class='ocr_carea' id='block_1_46' title="bbox 2125 1559 3711 1645">
    <p class='ocr_par' dir='ltr' id='par_1_46' title="bbox 2125 1559 3711 1645">
     <span class='ocr_line' id='line_1_46' title="bbox 2125 1559 3711 1645; baseline -0.008 -18"><span class='ocrx_word' id='word_1_349' title='bbox 2125 1571 2577 1645; x_wconf 85' lang='grc' dir='ltr'>προαιρούμενος,</span> <span class='ocrx_word' id='word_1_350' title='bbox 2626 1568 2832 1640; x_wconf 83' lang='grc' dir='ltr'>δοχεῖον</span> <span class='ocrx_word' id='word_1_351' title='bbox 2880 1566 3041 1622; x_wconf 73' lang='grc' dir='ltr'>αὑτὸν</span> <span class='ocrx_word' id='word_1_352' title='bbox 3078 1567 3187 1619; x_wconf 92' lang='grc' dir='ltr'><strong>τῶν</strong></span> <span class='ocrx_word' id='word_1_353' title='bbox 3231 1564 3417 1619; x_wconf 82' lang='grc' dir='ltr'>κακῶν</span> <span class='ocrx_word' id='word_1_354' title='bbox 3457 1559 3594 1617; x_wconf 74' lang='grc' dir='ltr'>εἶναι</span> <span class='ocrx_word' id='word_1_355' title='bbox 3619 1562 3711 1616; x_wconf 88' lang='grc' dir='ltr'>λέ-</span> 
     </span>
    </p>
   </div>
   <div class='ocr_carea' id='block_1_47' title="bbox 2123 1657 3712 1733">
    <p class='ocr_par' dir='ltr' id='par_1_47' title="bbox 2123 1657 3712 1733">
     <span class='ocr_line' id='line_1_47' title="bbox 2123 1657 3712 1733; baseline -0.006 -16"><span class='ocrx_word' id='word_1_356' title='bbox 2123 1682 2261 1733; x_wconf 89' lang='grc' dir='ltr'>γεις.</span> <span class='ocrx_word' id='word_1_357' title='bbox 2286 1665 2348 1717; x_wconf 86' lang='grc' dir='ltr'>Εἰ</span> <span class='ocrx_word' id='word_1_358' title='bbox 2391 1663 2489 1733; x_wconf 82' lang='grc' dir='ltr'><strong>μὲν</strong></span> <span class='ocrx_word' id='word_1_359' title='bbox 2514 1660 2607 1715; x_wconf 82' lang='grc' dir='ltr'><strong>οὖν</strong></span> <span class='ocrx_word' id='word_1_360' title='bbox 2641 1660 2737 1731; x_wconf 79' lang='grc' dir='ltr'>τὴν</span> <span class='ocrx_word' id='word_1_361' title='bbox 2767 1659 2898 1731; x_wconf 79' lang='grc' dir='ltr'>ὓλην</span> <span class='ocrx_word' id='word_1_362' title='bbox 2930 1661 2994 1711; x_wconf 88' lang='grc' dir='ltr'><strong>ἐκ</strong></span> <span class='ocrx_word' id='word_1_363' title='bbox 3013 1657 3119 1717; x_wconf 86' lang='grc' dir='ltr'><strong>τῶν</strong></span> <span class='ocrx_word' id='word_1_364' title='bbox 3146 1657 3496 1711; x_wconf 83' lang='grc' dir='ltr'>ὑποστάντων</span> <span class='ocrx_word' id='word_1_365' title='bbox 3517 1672 3712 1727; x_wconf 84' lang='grc' dir='ltr'>γεννη-</span> 
     </span>
    </p>
   </div>
   <div class='ocr_carea' id='block_1_48' title="bbox 2122 1744 3712 1822">
    <p class='ocr_par' dir='ltr' id='par_1_48' title="bbox 2122 1744 3712 1822">
     <span class='ocr_line' id='line_1_48' title="bbox 2122 1744 3712 1822; baseline -0.006 -15"><span class='ocrx_word' id='word_1_366' title='bbox 2122 1755 2229 1809; x_wconf 91' lang='grc' dir='ltr'><strong>τῶν</strong></span> <span class='ocrx_word' id='word_1_367' title='bbox 2270 1755 2518 1808; x_wconf 83' lang='grc' dir='ltr'>ὑπονοεῖν</span> <span class='ocrx_word' id='word_1_368' title='bbox 2548 1751 2839 1822; x_wconf 79' lang='grc' dir='ltr'>ἀγέννητον</span> <span class='ocrx_word' id='word_1_369' title='bbox 2885 1749 3148 1821; x_wconf 84' lang='grc' dir='ltr'>ὑπάρχειν</span> <span class='ocrx_word' id='word_1_370' title='bbox 3190 1746 3393 1815; x_wconf 74' lang='grc' dir='ltr'>ἔλεγες,</span> <span class='ocrx_word' id='word_1_371' title='bbox 3447 1744 3614 1822; x_wconf 77' lang='grc' dir='ltr'>πολὺν</span> <span class='ocrx_word' id='word_1_372' title='bbox 3644 1744 3712 1797; x_wconf 80' lang='grc' dir='ltr'>ἂν</span> 
     </span>
    </p>
   </div>
   <div class='ocr_carea' id='block_1_49' title="bbox 2126 1820 3712 1914">
    <p class='ocr_par' dir='ltr' id='par_1_49' title="bbox 2126 1820 3712 1914">
     <span class='ocr_line' id='line_1_49' title="bbox 2126 1820 3712 1914; baseline -0.005 -19"><span class='ocrx_word' id='word_1_373' title='bbox 2126 1845 2251 1914; x_wconf 72' lang='grc' dir='ltr'>περὶ</span> <span class='ocrx_word' id='word_1_374' title='bbox 2282 1843 2447 1913; x_wconf 79' lang='grc' dir='ltr'>αὐτῆς</span> <span class='ocrx_word' id='word_1_375' title='bbox 2473 1820 2816 1911; x_wconf 78' lang='grc' dir='ltr'>ἐποιησάμην</span> <span class='ocrx_word' id='word_1_376' title='bbox 2859 1838 3036 1907; x_wconf 89' lang='grc' dir='ltr'>λόγον,</span> <span class='ocrx_word' id='word_1_377' title='bbox 3065 1839 3143 1901; x_wconf 87' lang='grc' dir='ltr'><strong>είς</strong></span> <span class='ocrx_word' id='word_1_378' title='bbox 3173 1833 3443 1900; x_wconf 77' lang='grc' dir='ltr'>ἀπόδειξιν</span> <span class='ocrx_word' id='word_1_379' title='bbox 3482 1820 3599 1900; x_wconf 88' lang='grc' dir='ltr'>τοῦ,</span> <span class='ocrx_word' id='word_1_380' title='bbox 3627 1836 3712 1888; x_wconf 85' lang='grc' dir='ltr'><strong>ὅτι</strong></span> 
     </span>
    </p>
   </div>
   <div class='ocr_carea' id='block_1_50' title="bbox 2122 1927 3718 2004">
    <p class='ocr_par' dir='ltr' id='par_1_50' title="bbox 2122 1927 3718 2004">
     <span class='ocr_line' id='line_1_50' title="bbox 2122 1927 3718 2004; baseline -0.006 -16"><span class='ocrx_word' id='word_1_381' title='bbox 2122 1933 2379 1988; x_wconf 73' lang='grc' dir='ltr'>ἀδύνατον</span> <span class='ocrx_word' id='word_1_382' title='bbox 2407 1932 2671 2004; x_wconf 62' lang='grc' dir='ltr'>ὑπάρχειν</span> <span class='ocrx_word' id='word_1_383' title='bbox 2694 1931 2883 2001; x_wconf 79' lang='grc' dir='ltr'>αὑτήν·</span> <span class='ocrx_word' id='word_1_384' title='bbox 2915 1930 3037 1982; x_wconf 76' lang='grc' dir='ltr'>ἐπεὶ</span> <span class='ocrx_word' id='word_1_385' title='bbox 3064 1929 3120 1981; x_wconf 81' lang='grc' dir='ltr'><strong>δὲ</strong></span> <span class='ocrx_word' id='word_1_386' title='bbox 3152 1927 3251 1998; x_wconf 85' lang='grc' dir='ltr'><strong>τὴν</strong></span> <span class='ocrx_word' id='word_1_387' title='bbox 3277 1928 3387 1981; x_wconf 90' lang='grc' dir='ltr'><strong>τῶν</strong></span> <span class='ocrx_word' id='word_1_388' title='bbox 3409 1927 3595 1981; x_wconf 86' lang='grc' dir='ltr'>κακῶν</span> <span class='ocrx_word' id='word_1_389' title='bbox 3626 1927 3718 1995; x_wconf 83' lang='grc' dir='ltr'>γέ-</span> 
     </span>
    </p>
   </div>
   <div class='ocr_carea' id='block_1_51' title="bbox 2121 2018 3714 2095">
    <p class='ocr_par' dir='ltr' id='par_1_51' title="bbox 2121 2018 3714 2095">
     <span class='ocr_line' id='line_1_51' title="bbox 2121 2018 3714 2095; baseline -0.005 -15"><span class='ocrx_word' id='word_1_390' title='bbox 2121 2043 2267 2080; x_wconf 84' lang='grc' dir='ltr'>νεσιν</span> <span class='ocrx_word' id='word_1_391' title='bbox 2293 2024 2472 2080; x_wconf 82' lang='grc' dir='ltr'>αἰτίαν</span> <span class='ocrx_word' id='word_1_392' title='bbox 2506 2023 2719 2095; x_wconf 74' lang='grc' dir='ltr'>ἔφησθα</span> <span class='ocrx_word' id='word_1_393' title='bbox 2752 2018 2889 2077; x_wconf 81' lang='grc' dir='ltr'>εἶναι</span> <span class='ocrx_word' id='word_1_394' title='bbox 2914 2021 3012 2092; x_wconf 82' lang='grc' dir='ltr'>τῆς</span> <span class='ocrx_word' id='word_1_395' title='bbox 3040 2021 3297 2091; x_wconf 89' lang='grc' dir='ltr'>τοιαύτης</span> <span class='ocrx_word' id='word_1_396' title='bbox 3326 2020 3600 2084; x_wconf 79' lang='grc' dir='ltr'>ὑπονοίας,</span> <span class='ocrx_word' id='word_1_397' title='bbox 3622 2019 3714 2072; x_wconf 76' lang='grc' dir='ltr'><strong>διὰ</strong></span> 
     </span>
    </p>
   </div>
   <div class='ocr_carea' id='block_1_52' title="bbox 2120 2110 3708 2187">
    <p class='ocr_par' dir='ltr' id='par_1_52' title="bbox 2120 2110 3708 2187">
     <span class='ocr_line' id='line_1_52' title="bbox 2120 2110 3708 2187; baseline -0.006 -15"><span class='ocrx_word' id='word_1_398' title='bbox 2120 2118 2264 2172; x_wconf 84' lang='grc' dir='ltr'>τοῦτ’</span> <span class='ocrx_word' id='word_1_399' title='bbox 2290 2119 2382 2172; x_wconf 78' lang='grc' dir='ltr'><strong>ἐττί</strong></span> <span class='ocrx_word' id='word_1_400' title='bbox 2409 2117 2509 2187; x_wconf 85' lang='grc' dir='ltr'><strong>τὴν</strong></span> <span class='ocrx_word' id='word_1_401' title='bbox 2538 2116 2784 2183; x_wconf 78' lang='grc' dir='ltr'>ἐξέτασιν</span> <span class='ocrx_word' id='word_1_402' title='bbox 2804 2114 3007 2168; x_wconf 89' lang='grc' dir='ltr'>τούτων</span> <span class='ocrx_word' id='word_1_403' title='bbox 3033 2112 3251 2184; x_wconf 77' lang='grc' dir='ltr'>ἔχεσθαί</span> <span class='ocrx_word' id='word_1_404' title='bbox 3294 2112 3404 2183; x_wconf 85' lang='grc'><strong>(99)</strong></span> <span class='ocrx_word' id='word_1_405' title='bbox 3434 2128 3525 2183; x_wconf 91' lang='grc' dir='ltr'><strong>μοι</strong></span> <span class='ocrx_word' id='word_1_406' title='bbox 3544 2110 3708 2164; x_wconf 87' lang='grc' dir='ltr'>δοκῶ.</span> 
     </span>
    </p>
   </div>
   <div class='ocr_carea' id='block_1_53' title="bbox 2119 2207 3713 2284">
    <p class='ocr_par' dir='ltr' id='par_1_53' title="bbox 2119 2207 3713 2284">
     <span class='ocr_line' id='line_1_53' title="bbox 2119 2207 3713 2284; baseline -0.002 -20"><span class='ocrx_word' id='word_1_407' title='bbox 2119 2211 2359 2284; x_wconf 72' lang='grc' dir='ltr'>Φανεροῦ</span> <span class='ocrx_word' id='word_1_408' title='bbox 2389 2212 2499 2284; x_wconf 80' lang='grc' dir='ltr'><strong>γὰρ</strong></span> <span class='ocrx_word' id='word_1_409' title='bbox 2539 2209 2834 2281; x_wconf 86' lang='grc' dir='ltr'>γενομένου</span> <span class='ocrx_word' id='word_1_410' title='bbox 2894 2208 2988 2263; x_wconf 87' lang='grc' dir='ltr'><strong>τοῦ</strong></span> <span class='ocrx_word' id='word_1_411' title='bbox 3019 2210 3201 2280; x_wconf 86' lang='grc' dir='ltr'>λόγου,</span> <span class='ocrx_word' id='word_1_412' title='bbox 3256 2209 3377 2263; x_wconf 85' lang='grc' dir='ltr'>καθ’</span> <span class='ocrx_word' id='word_1_413' title='bbox 3399 2207 3459 2261; x_wconf 82' lang='grc' dir='ltr'>ὃν</span> <span class='ocrx_word' id='word_1_414' title='bbox 3510 2207 3713 2280; x_wconf 87' lang='grc' dir='ltr'>τρόπον</span> 
     </span>
    </p>
   </div>
   <div class='ocr_carea' id='block_1_54' title="bbox 2120 2296 3713 2372">
    <p class='ocr_par' dir='ltr' id='par_1_54' title="bbox 2120 2296 3713 2372">
     <span class='ocr_line' id='line_1_54' title="bbox 2120 2296 3713 2372; baseline -0.001 -17"><span class='ocrx_word' id='word_1_415' title='bbox 2120 2303 2239 2356; x_wconf 73' lang='grc' dir='ltr'>ἐστὶ</span> <span class='ocrx_word' id='word_1_416' title='bbox 2271 2302 2339 2356; x_wconf 79' lang='grc' dir='ltr'>τὰ</span> <span class='ocrx_word' id='word_1_417' title='bbox 2360 2302 2525 2366; x_wconf 75' lang='grc' dir='ltr'>κακὰ,</span> <span class='ocrx_word' id='word_1_418' title='bbox 2557 2303 2651 2355; x_wconf 79' lang='grc' dir='ltr'><strong>καὶ</strong></span> <span class='ocrx_word' id='word_1_419' title='bbox 2678 2304 2760 2355; x_wconf 83' lang='grc' dir='ltr'>ὅτι</span> <span class='ocrx_word' id='word_1_420' title='bbox 2780 2302 2878 2372; x_wconf 83' lang='grc' dir='ltr'><strong>οὐχ</strong></span> <span class='ocrx_word' id='word_1_421' title='bbox 2899 2296 3010 2355; x_wconf 74' lang='grc' dir='ltr'>οἷόν</span> <span class='ocrx_word' id='word_1_422' title='bbox 3048 2319 3107 2354; x_wconf 89' lang='grc' dir='ltr'><strong>τε</strong></span> <span class='ocrx_word' id='word_1_423' title='bbox 3149 2302 3297 2355; x_wconf 74' lang='grc' dir='ltr'>ἐστὶν</span> <span class='ocrx_word' id='word_1_424' title='bbox 3335 2301 3577 2355; x_wconf 89' lang='grc' dir='ltr'>ἀναίτιον</span> <span class='ocrx_word' id='word_1_425' title='bbox 3600 2299 3713 2353; x_wconf 84' lang='grc' dir='ltr'><strong>τῶν</strong></span> 
     </span>
    </p>
   </div>
   <div class='ocr_carea' id='block_1_55' title="bbox 2120 2388 3713 2460">
    <p class='ocr_par' dir='ltr' id='par_1_55' title="bbox 2120 2388 3713 2460">
     <span class='ocr_line' id='line_1_55' title="bbox 2120 2388 3713 2460; baseline -0.001 -18"><span class='ocrx_word' id='word_1_426' title='bbox 2120 2390 2307 2443; x_wconf 86' lang='grc' dir='ltr'>κακῶν</span> <span class='ocrx_word' id='word_1_427' title='bbox 2332 2391 2505 2441; x_wconf 77' lang='grc' dir='ltr'>εἰπεῖν</span> <span class='ocrx_word' id='word_1_428' title='bbox 2554 2388 2644 2442; x_wconf 84' lang='grc' dir='ltr'><strong>τόν</strong></span> <span class='ocrx_word' id='word_1_429' title='bbox 2691 2388 2844 2453; x_wconf 84' lang='grc' dir='ltr'>Θεὸν,</span> <span class='ocrx_word' id='word_1_430' title='bbox 2875 2391 2938 2442; x_wconf 83' lang='grc' dir='ltr'><strong>ἐκ</strong></span> <span class='ocrx_word' id='word_1_431' title='bbox 2970 2388 3064 2442; x_wconf 87' lang='grc' dir='ltr'><strong>τοῦ</strong></span> <span class='ocrx_word' id='word_1_432' title='bbox 3103 2388 3236 2460; x_wconf 80' lang='grc' dir='ltr'>ὓλην</span> <span class='ocrx_word' id='word_1_433' title='bbox 3264 2388 3424 2443; x_wconf 69' lang='grc' dir='ltr'>αὑτὸν</span> <span class='ocrx_word' id='word_1_434' title='bbox 3462 2388 3713 2441; x_wconf 84' lang='grc' dir='ltr'>ὑποτιθέ-</span> 
     </span>
    </p>
   </div>
   <div class='ocr_carea' id='block_1_56' title="bbox 2119 2481 3707 2554">
    <p class='ocr_par' dir='ltr' id='par_1_56' title="bbox 2119 2481 3707 2554">
     <span class='ocr_line' id='line_1_56' title="bbox 2119 2481 3707 2554; baseline 0 -21"><span class='ocrx_word' id='word_1_435' title='bbox 2119 2499 2228 2543; x_wconf 89' lang='grc' dir='ltr'>ναι,</span> <span class='ocrx_word' id='word_1_436' title='bbox 2256 2482 2354 2554; x_wconf 81' lang='grc' dir='ltr'>τὴν</span> <span class='ocrx_word' id='word_1_437' title='bbox 2384 2481 2638 2552; x_wconf 84' lang='grc' dir='ltr'>τοιαύτην</span> <span class='ocrx_word' id='word_1_438' title='bbox 2694 2481 2950 2534; x_wconf 82' lang='grc' dir='ltr'>ὑπόνοιαν</span> <span class='ocrx_word' id='word_1_439' title='bbox 3008 2481 3347 2553; x_wconf 86' lang='grc' dir='ltr'>ἀναιρεῖσθαί</span> <span class='ocrx_word' id='word_1_440' title='bbox 3392 2499 3482 2552; x_wconf 89' lang='grc' dir='ltr'><strong>μοι</strong></span> <span class='ocrx_word' id='word_1_441' title='bbox 3537 2481 3707 2534; x_wconf 87' lang='grc' dir='ltr'>δοκεῖ.</span> 
     </span>
    </p>
   </div>
   <div class='ocr_carea' id='block_1_57' title="bbox 2116 2567 3713 2643">
    <p class='ocr_par' dir='ltr' id='par_1_57' title="bbox 2116 2567 3713 2643">
     <span class='ocr_line' id='line_1_57' title="bbox 2116 2567 3713 2643; baseline 0.003 -21"><span class='ocrx_word' id='word_1_442' title='bbox 2116 2572 2226 2642; x_wconf 79' lang='grc' dir='ltr'>Φῂς</span> <span class='ocrx_word' id='word_1_443' title='bbox 2253 2571 2431 2624; x_wconf 83' lang='grc' dir='ltr'>τοίνυν</span> <span class='ocrx_word' id='word_1_444' title='bbox 2460 2571 2648 2625; x_wconf 83' lang='grc' dir='ltr'>ἀποιον</span> <span class='ocrx_word' id='word_1_445' title='bbox 2699 2570 2830 2640; x_wconf 75' lang='grc' dir='ltr'>ὕλην</span> <span class='ocrx_word' id='word_1_446' title='bbox 2885 2571 3251 2642; x_wconf 83' lang='grc' dir='ltr'>συνυπάρχειν</span> <span class='ocrx_word' id='word_1_447' title='bbox 3278 2570 3357 2641; x_wconf 74' lang='grc' dir='ltr'>τῷ</span> <span class='ocrx_word' id='word_1_448' title='bbox 3377 2571 3516 2642; x_wconf 84' lang='grc' dir='ltr'>Θεῷ,</span> <span class='ocrx_word' id='word_1_449' title='bbox 3555 2572 3614 2638; x_wconf 82' lang='grc' dir='ltr'><strong>ἐξ</strong></span> <span class='ocrx_word' id='word_1_450' title='bbox 3641 2567 3713 2643; x_wconf 77' lang='grc' dir='ltr'>ἧς</span> 
     </span>
    </p>
   </div>
   <div class='ocr_carea' id='block_1_58' title="bbox 2116 2660 3712 2734">
    <p class='ocr_par' dir='ltr' id='par_1_58' title="bbox 2116 2660 3712 2734">
     <span class='ocr_line' id='line_1_58' title="bbox 2116 2660 3712 2734; baseline 0.001 -20"><span class='ocrx_word' id='word_1_451' title='bbox 2116 2662 2272 2733; x_wconf 81' lang='grc' dir='ltr'>τήνδε</span> <span class='ocrx_word' id='word_1_452' title='bbox 2293 2661 2387 2714; x_wconf 91' lang='grc' dir='ltr'><strong>τοῦ</strong></span> <span class='ocrx_word' id='word_1_453' title='bbox 2421 2662 2627 2732; x_wconf 81' lang='grc' dir='ltr'>κόσμου</span> <span class='ocrx_word' id='word_1_454' title='bbox 2667 2661 2881 2729; x_wconf 85' lang='grc' dir='ltr'>γένεσιν</span> <span class='ocrx_word' id='word_1_455' title='bbox 2936 2661 3391 2734; x_wconf 85' lang='grc' dir='ltr'>ἐδημιούργησεν.</span> <span class='ocrx_word' id='word_1_456' title='bbox 3423 2660 3583 2715; x_wconf 77' lang='grc' dir='ltr'>Οὕτω</span> <span class='ocrx_word' id='word_1_457' title='bbox 3618 2680 3712 2732; x_wconf 92' lang='grc' dir='ltr'><strong>μοι</strong></span> 
     </span>
    </p>
   </div>
   <div class='ocr_carea' id='block_1_59' title="bbox 2117 2750 3713 2824">
    <p class='ocr_par' dir='ltr' id='par_1_59' title="bbox 2117 2750 3713 2824">
     <span class='ocr_line' id='line_1_59' title="bbox 2117 2750 3713 2824; baseline 0.001 -19"><span class='ocrx_word' id='word_1_458' title='bbox 2117 2752 2282 2805; x_wconf 89' lang='grc' dir='ltr'>δοκεῖ.</span> <span class='ocrx_word' id='word_1_459' title='bbox 2319 2750 2527 2805; x_wconf 84' lang='grc' dir='ltr'>Οὐκοῦν</span> <span class='ocrx_word' id='word_1_460' title='bbox 2567 2754 2616 2804; x_wconf 86' lang='grc' dir='ltr'><strong>εί</strong></span> <span class='ocrx_word' id='word_1_461' title='bbox 2644 2751 2834 2815; x_wconf 81' lang='grc' dir='ltr'>ἄποιος</span> <span class='ocrx_word' id='word_1_462' title='bbox 2877 2751 3171 2822; x_wconf 77' lang='grc' dir='ltr'>ἐτύγχανεν</span> <span class='ocrx_word' id='word_1_463' title='bbox 3221 2755 3253 2824; x_wconf 84' lang='grc' dir='ltr'><strong>ή</strong></span> <span class='ocrx_word' id='word_1_464' title='bbox 3281 2751 3403 2824; x_wconf 81' lang='grc' dir='ltr'>ὓλη,</span> <span class='ocrx_word' id='word_1_465' title='bbox 3436 2754 3630 2821; x_wconf 88' lang='grc' dir='ltr'>γέγονε</span> <span class='ocrx_word' id='word_1_466' title='bbox 3652 2754 3713 2806; x_wconf 79' lang='grc' dir='ltr'><strong>δὲ</strong></span> 
     </span>
    </p>
   </div>
   <div class='ocr_carea' id='block_1_60' title="bbox 2118 2842 3709 2916">
    <p class='ocr_par' dir='ltr' id='par_1_60' title="bbox 2118 2842 3709 2916">
     <span class='ocr_line' id='line_1_60' title="bbox 2118 2842 3709 2916; baseline 0.002 -21"><span class='ocrx_word' id='word_1_467' title='bbox 2118 2843 2320 2914; x_wconf 90' lang='grc' dir='ltr'>κόσμος</span> <span class='ocrx_word' id='word_1_468' title='bbox 2354 2843 2489 2914; x_wconf 87' lang='grc' dir='ltr'>πρὸς</span> <span class='ocrx_word' id='word_1_469' title='bbox 2518 2842 2609 2895; x_wconf 91' lang='grc' dir='ltr'><strong>τοῦ</strong></span> <span class='ocrx_word' id='word_1_470' title='bbox 2631 2842 2787 2909; x_wconf 77' lang='grc' dir='ltr'>Θεοῦ,</span> <span class='ocrx_word' id='word_1_471' title='bbox 2815 2844 2873 2896; x_wconf 80' lang='grc' dir='ltr'><strong>ἐν</strong></span> <span class='ocrx_word' id='word_1_472' title='bbox 2906 2842 2962 2896; x_wconf 87' lang='grc' dir='ltr'><strong>δέ</strong></span> <span class='ocrx_word' id='word_1_473' title='bbox 2989 2843 3069 2914; x_wconf 81' lang='grc' dir='ltr'>τῷ</span> <span class='ocrx_word' id='word_1_474' title='bbox 3096 2846 3286 2915; x_wconf 83' lang='grc' dir='ltr'>κόσμῳ</span> <span class='ocrx_word' id='word_1_475' title='bbox 3314 2845 3370 2896; x_wconf 81' lang='grc' dir='ltr'>αἱ</span> <span class='ocrx_word' id='word_1_476' title='bbox 3400 2845 3709 2916; x_wconf 82' lang='grc' dir='ltr'>ποιότητες,</span> 
     </span>
    </p>
   </div>
   <div class='ocr_carea' id='block_1_61' title="bbox 2118 2934 3711 3005">
    <p class='ocr_par' dir='ltr' id='par_1_61' title="bbox 2118 2934 3711 3005">
     <span class='ocr_line' id='line_1_61' title="bbox 2118 2934 3711 3005; baseline 0.001 -17"><span class='ocrx_word' id='word_1_477' title='bbox 2118 2934 2226 2988; x_wconf 90' lang='grc' dir='ltr'><strong>τῶν</strong></span> <span class='ocrx_word' id='word_1_478' title='bbox 2260 2938 2558 3005; x_wconf 78' lang='grc' dir='ltr'>ποιοτήτων</span> <span class='ocrx_word' id='word_1_479' title='bbox 2608 2934 2830 3005; x_wconf 86' lang='grc' dir='ltr'>ποιότης</span> <span class='ocrx_word' id='word_1_480' title='bbox 2886 2934 2961 3004; x_wconf 84' lang='lat' dir='ltr'>(l)</span> <span class='ocrx_word' id='word_1_481' title='bbox 2996 2935 3216 3004; x_wconf 85' lang='grc' dir='ltr'>γέγονεν</span> <span class='ocrx_word' id='word_1_482' title='bbox 3253 2937 3283 2988; x_wconf 88' lang='grc' dir='ltr'><strong>ό</strong></span> <span class='ocrx_word' id='word_1_483' title='bbox 3325 2936 3475 3000; x_wconf 85' lang='grc' dir='ltr'>Θεός.</span> <span class='ocrx_word' id='word_1_484' title='bbox 3518 2936 3711 3001; x_wconf 76' lang='grc' dir='ltr'>Οὕτως</span> 
     </span>
    </p>
   </div>
   <div class='ocr_carea' id='block_1_62' title="bbox 434 3024 2016 3115">
    <p class='ocr_par' dir='ltr' id='par_1_62' title="bbox 434 3024 2011 3093">
     <span class='ocr_line' id='line_1_62' title="bbox 434 3024 2011 3093; baseline 0.008 -16"><span class='ocrx_word' id='word_1_485' title='bbox 434 3024 721 3079; x_wconf 82' lang='lat' dir='ltr'><strong>materiam</strong></span> <span class='ocrx_word' id='word_1_486' title='bbox 771 3026 917 3079; x_wconf 90' lang='lat' dir='ltr'><strong>enim</strong></span> <span class='ocrx_word' id='word_1_487' title='bbox 975 3042 1096 3081; x_wconf 90' lang='lat' dir='ltr'><strong>esse</strong></span> <span class='ocrx_word' id='word_1_488' title='bbox 1149 3027 1253 3093; x_wconf 90' lang='lat' dir='ltr'><strong>vis,</strong></span> <span class='ocrx_word' id='word_1_489' title='bbox 1291 3044 1358 3083; x_wconf 90' lang='lat' dir='ltr'><strong>ne</strong></span> <span class='ocrx_word' id='word_1_490' title='bbox 1414 3030 1681 3085; x_wconf 87' lang='lat' dir='ltr'><strong>malorum</strong></span> <span class='ocrx_word' id='word_1_491' title='bbox 1736 3044 2011 3090; x_wconf 90' lang='lat' dir='ltr'><strong>auctorem</strong></span> 
     </span>
    </p>
   </div>
   <div class='ocr_carea' id='block_1_63' title="bbox 2119 3024 3709 3115">
    <p class='ocr_par' dir='ltr' id='par_1_63' title="bbox 2120 3024 3709 3098">
     <span class='ocr_line' id='line_1_63' title="bbox 2120 3024 3709 3098; baseline 0.001 -20"><span class='ocrx_word' id='word_1_492' title='bbox 2120 3025 2249 3097; x_wconf 81' lang='grc' dir='ltr'>ἔχει.</span> <span class='ocrx_word' id='word_1_493' title='bbox 2289 3025 2440 3078; x_wconf 74' lang='grc' dir='ltr'>Ἐπεὶ</span> <span class='ocrx_word' id='word_1_494' title='bbox 2473 3024 2529 3077; x_wconf 92' lang='grc' dir='ltr'><strong>δέ</strong></span> <span class='ocrx_word' id='word_1_495' title='bbox 2555 3041 2647 3077; x_wconf 91' lang='grc' dir='ltr'><strong>σου</strong></span> <span class='ocrx_word' id='word_1_496' title='bbox 2672 3026 2765 3078; x_wconf 71' lang='grc' dir='ltr'><strong>καὶ</strong></span> <span class='ocrx_word' id='word_1_497' title='bbox 2782 3025 3030 3093; x_wconf 89' lang='grc' dir='ltr'>λέγοντος</span> <span class='ocrx_word' id='word_1_498' title='bbox 3052 3025 3362 3097; x_wconf 79' lang='grc' dir='ltr'>ἔμπροσθεν</span> <span class='ocrx_word' id='word_1_499' title='bbox 3383 3026 3602 3098; x_wconf 74' lang='grc' dir='ltr'>ἤκουον,</span> <span class='ocrx_word' id='word_1_500' title='bbox 3630 3027 3709 3090; x_wconf 82' lang='grc' dir='ltr'><strong>ῶς</strong></span> 
     </span>
    </p>
   </div>
   <div class='ocr_carea' id='block_1_64' title="bbox 435 3112 2012 3194">
    <p class='ocr_par' dir='ltr' id='par_1_64' title="bbox 435 3112 2012 3194">
     <span class='ocr_line' id='line_1_64' title="bbox 435 3112 2012 3194; baseline 0.01 -27"><span class='ocrx_word' id='word_1_501' title='bbox 435 3112 609 3169; x_wconf 89' lang='lat' dir='ltr'><strong>Deum</strong></span> <span class='ocrx_word' id='word_1_502' title='bbox 629 3131 751 3170; x_wconf 90' lang='lat' dir='ltr'><strong>esse</strong></span> <span class='ocrx_word' id='word_1_503' title='bbox 775 3116 996 3171; x_wconf 82' lang='lat' dir='ltr'><strong>fatearis</strong></span> <span class='ocrx_word' id='word_1_504' title='bbox 1029 3136 1041 3171; x_wconf 92' lang='lat'><strong>:</strong></span> <span class='ocrx_word' id='word_1_505' title='bbox 1075 3117 1216 3172; x_wconf 89' lang='lat' dir='ltr'><strong>idem</strong></span> <span class='ocrx_word' id='word_1_506' title='bbox 1247 3128 1447 3184; x_wconf 90' lang='lat' dir='ltr'><strong>tamen,</strong></span> <span class='ocrx_word' id='word_1_507' title='bbox 1498 3131 1556 3176; x_wconf 87' lang='lat' dir='ltr'><strong>ut</strong></span> <span class='ocrx_word' id='word_1_508' title='bbox 1588 3124 1692 3179; x_wconf 91' lang='lat' dir='ltr'><strong>hoc</strong></span> <span class='ocrx_word' id='word_1_509' title='bbox 1723 3125 1900 3194; x_wconf 91' lang='lat' dir='ltr'><strong>ipsum</strong></span> <span class='ocrx_word' id='word_1_510' title='bbox 1931 3127 2012 3182; x_wconf 83' lang='lat' dir='ltr'><strong>ef-</strong></span> 
     </span>
    </p>
   </div>
   <div class='ocr_carea' id='block_1_65' title="bbox 436 3204 2015 3287">
    <p class='ocr_par' dir='ltr' id='par_1_65' title="bbox 436 3204 2015 3287">
     <span class='ocr_line' id='line_1_65' title="bbox 436 3204 2015 3287; baseline 0.011 -28"><span class='ocrx_word' id='word_1_511' title='bbox 436 3204 635 3275; x_wconf 79' lang='lat' dir='ltr'><strong>fugias,</strong></span> <span class='ocrx_word' id='word_1_512' title='bbox 660 3208 930 3262; x_wconf 91' lang='lat' dir='ltr'><strong>malorum</strong></span> <span class='ocrx_word' id='word_1_513' title='bbox 965 3225 1089 3263; x_wconf 93' lang='lat' dir='ltr'><strong>cum</strong></span> <span class='ocrx_word' id='word_1_514' title='bbox 1138 3213 1540 3280; x_wconf 88' lang='lat' dir='ltr'><strong>receptaculum</strong></span> <span class='ocrx_word' id='word_1_515' title='bbox 1574 3231 1872 3287; x_wconf 82' lang='lat' dir='ltr'><strong>agnoscere</strong></span> <span class='ocrx_word' id='word_1_516' title='bbox 1921 3236 2015 3275; x_wconf 58' lang='lat' dir='ltr'><strong>co-</strong></span> 
     </span>
    </p>
   </div>
   <div class='ocr_carea' id='block_1_66' title="bbox 436 3296 2016 3381">
    <p class='ocr_par' dir='ltr' id='par_1_66' title="bbox 436 3296 2016 3381">
     <span class='ocr_line' id='line_1_66' title="bbox 436 3296 2016 3381; baseline 0.009 -30"><span class='ocrx_word' id='word_1_517' title='bbox 436 3298 604 3367; x_wconf 85' lang='lat' dir='ltr'><strong>geris.</strong></span> <span class='ocrx_word' id='word_1_518' title='bbox 624 3296 690 3352; x_wconf 86' lang='lat' dir='ltr'><strong>Et</strong></span> <span class='ocrx_word' id='word_1_519' title='bbox 719 3313 851 3352; x_wconf 90' lang='lat' dir='ltr'><strong>sane</strong></span> <span class='ocrx_word' id='word_1_520' title='bbox 886 3298 929 3352; x_wconf 86' lang='lat' dir='ltr'><strong>si</strong></span> <span class='ocrx_word' id='word_1_521' title='bbox 960 3315 1027 3354; x_wconf 81' lang='lat' dir='ltr'><strong>ex</strong></span> <span class='ocrx_word' id='word_1_522' title='bbox 1080 3315 1261 3354; x_wconf 88' lang='lat' dir='ltr'><strong>rerum</strong></span> <span class='ocrx_word' id='word_1_523' title='bbox 1310 3303 1618 3369; x_wconf 86' lang='lat' dir='ltr'><strong>genitarum</strong></span> <span class='ocrx_word' id='word_1_524' title='bbox 1681 3317 1804 3362; x_wconf 88' lang='lat' dir='ltr'><strong>ortu</strong></span> <span class='ocrx_word' id='word_1_525' title='bbox 1852 3318 2016 3381; x_wconf 89' lang='lat' dir='ltr'><strong>atque</strong></span> 
     </span>
    </p>
   </div>
   <div class='ocr_carea' id='block_1_67' title="bbox 435 3387 2016 3469">
    <p class='ocr_par' dir='ltr' id='par_1_67' title="bbox 435 3387 2016 3469">
     <span class='ocr_line' id='line_1_67' title="bbox 435 3387 2016 3469; baseline 0.009 -28"><span class='ocrx_word' id='word_1_526' title='bbox 435 3397 629 3441; x_wconf 82' lang='lat' dir='ltr'><strong>natura</strong></span> <span class='ocrx_word' id='word_1_527' title='bbox 656 3387 709 3441; x_wconf 93' lang='lat' dir='ltr'><strong>in</strong></span> <span class='ocrx_word' id='word_1_528' title='bbox 728 3403 846 3441; x_wconf 83' lang='lat' dir='ltr'><strong>eam</strong></span> <span class='ocrx_word' id='word_1_529' title='bbox 885 3399 937 3442; x_wconf 89' lang='lat' dir='ltr'><strong>te</strong></span> <span class='ocrx_word' id='word_1_530' title='bbox 971 3399 1204 3444; x_wconf 86' lang='lat' dir='ltr'><strong>mentem</strong></span> <span class='ocrx_word' id='word_1_531' title='bbox 1250 3393 1545 3449; x_wconf 87' lang='lat' dir='ltr'><strong>adductum</strong></span> <span class='ocrx_word' id='word_1_532' title='bbox 1591 3411 1713 3451; x_wconf 88' lang='lat' dir='ltr'><strong>esse</strong></span> <span class='ocrx_word' id='word_1_533' title='bbox 1742 3399 1906 3469; x_wconf 80' lang='lat'><strong>339</strong></span> <span class='ocrx_word' id='word_1_534' title='bbox 1934 3402 2016 3456; x_wconf 91' lang='lat' dir='ltr'><strong>di-</strong></span> 
     </span>
    </p>
   </div>
   <div class='ocr_carea' id='block_1_68' title="bbox 433 3487 2012 3559">
    <p class='ocr_par' dir='ltr' id='par_1_68' title="bbox 433 3487 2012 3559">
     <span class='ocr_line' id='line_1_68' title="bbox 433 3487 2012 3559; baseline 0.009 -26"><span class='ocrx_word' id='word_1_535' title='bbox 433 3495 609 3543; x_wconf 87' lang='lat' dir='ltr'><strong>ceres,</strong></span> <span class='ocrx_word' id='word_1_536' title='bbox 642 3489 699 3534; x_wconf 93' lang='lat' dir='ltr'><strong>ut</strong></span> <span class='ocrx_word' id='word_1_537' title='bbox 731 3488 856 3535; x_wconf 93' lang='lat' dir='ltr'><strong>ortu</strong></span> <span class='ocrx_word' id='word_1_538' title='bbox 907 3497 1098 3536; x_wconf 86' lang='lat' dir='ltr'><strong>carere</strong></span> <span class='ocrx_word' id='word_1_539' title='bbox 1149 3487 1432 3539; x_wconf 87' lang='lat' dir='ltr'><strong>materiam</strong></span> <span class='ocrx_word' id='word_1_540' title='bbox 1493 3499 1748 3559; x_wconf 91' lang='lat' dir='ltr'><strong>putares,</strong></span> <span class='ocrx_word' id='word_1_541' title='bbox 1786 3492 1859 3546; x_wconf 90' lang='lat' dir='ltr'><strong>ita</strong></span> <span class='ocrx_word' id='word_1_542' title='bbox 1900 3510 2012 3548; x_wconf 87' lang='lat' dir='ltr'><strong>rem</strong></span> 
     </span>
    </p>
   </div>
   <div class='ocr_carea' id='block_1_69' title="bbox 433 3570 2015 3649">
    <p class='ocr_par' dir='ltr' id='par_1_69' title="bbox 433 3570 2015 3649">
     <span class='ocr_line' id='line_1_69' title="bbox 433 3570 2015 3649; baseline 0.009 -25"><span class='ocrx_word' id='word_1_543' title='bbox 433 3570 636 3626; x_wconf 86' lang='lat' dir='ltr'><strong>habere</strong></span> <span class='ocrx_word' id='word_1_544' title='bbox 696 3588 803 3626; x_wconf 90' lang='lat' dir='ltr'><strong>non</strong></span> <span class='ocrx_word' id='word_1_545' title='bbox 852 3589 1058 3643; x_wconf 90' lang='lat' dir='ltr'><strong>posse,</strong></span> <span class='ocrx_word' id='word_1_546' title='bbox 1110 3576 1360 3644; x_wconf 88' lang='lat' dir='ltr'><strong>pluribus</strong></span> <span class='ocrx_word' id='word_1_547' title='bbox 1416 3581 1666 3649; x_wconf 83' lang='lat' dir='ltr'><strong>equidem</strong></span> <span class='ocrx_word' id='word_1_548' title='bbox 1712 3583 2015 3640; x_wconf 89' lang='lat' dir='ltr'><strong>rationibus</strong></span> 
     </span>
    </p>
   </div>
   <div class='ocr_carea' id='block_1_70' title="bbox 432 3657 2013 3739">
    <p class='ocr_par' dir='ltr' id='par_1_70' title="bbox 432 3657 2013 3739">
     <span class='ocr_line' id='line_1_70' title="bbox 432 3657 2013 3739; baseline 0.012 -30"><span class='ocrx_word' id='word_1_549' title='bbox 432 3657 797 3713; x_wconf 88' lang='lat' dir='ltr'><strong>ostenderem.</strong></span> <span class='ocrx_word' id='word_1_550' title='bbox 816 3657 972 3715; x_wconf 85' lang='lat' dir='ltr'><strong>Nune</strong></span> <span class='ocrx_word' id='word_1_551' title='bbox 1000 3664 1257 3731; x_wconf 76' lang='lat' dir='ltr'><strong>quoniam</strong></span> <span class='ocrx_word' id='word_1_552' title='bbox 1283 3666 1551 3722; x_wconf 90' lang='lat' dir='ltr'><strong>malorum</strong></span> <span class='ocrx_word' id='word_1_553' title='bbox 1580 3673 2013 3739; x_wconf 87' lang='lat' dir='ltr'><strong>procreationem</strong></span> 
     </span>
    </p>
   </div>
   <div class='ocr_carea' id='block_1_71' title="bbox 433 3745 2015 3835">
    <p class='ocr_par' dir='ltr' id='par_1_71' title="bbox 433 3745 2015 3835">
     <span class='ocr_line' id='line_1_71' title="bbox 433 3745 2015 3835; baseline 0.012 -34"><span class='ocrx_word' id='word_1_554' title='bbox 433 3745 574 3803; x_wconf 87' lang='lat' dir='ltr'><strong>hanc</strong></span> <span class='ocrx_word' id='word_1_555' title='bbox 602 3749 700 3804; x_wconf 93' lang='lat' dir='ltr'><strong>tibi</strong></span> <span class='ocrx_word' id='word_1_556' title='bbox 738 3752 1108 3821; x_wconf 84' lang='lat' dir='ltr'><strong>suspicionem</strong></span> <span class='ocrx_word' id='word_1_557' title='bbox 1136 3757 1372 3813; x_wconf 87' lang='lat' dir='ltr'><strong>movisse</strong></span> <span class='ocrx_word' id='word_1_558' title='bbox 1399 3760 1503 3826; x_wconf 88' lang='lat' dir='ltr'><strong>ais,</strong></span> <span class='ocrx_word' id='word_1_559' title='bbox 1538 3762 1870 3833; x_wconf 82' lang='lat' dir='ltr'><strong>singularem</strong></span> <span class='ocrx_word' id='word_1_560' title='bbox 1893 3781 2015 3835; x_wconf 87' lang='lat' dir='ltr'><strong>pro-</strong></span> 
     </span>
    </p>
   </div>
   <div class='ocr_carea' id='block_1_72' title="bbox 430 3842 2011 3925">
    <p class='ocr_par' dir='ltr' id='par_1_72' title="bbox 430 3842 2011 3925">
     <span class='ocr_line' id='line_1_72' title="bbox 430 3842 2011 3925; baseline 0.012 -32"><span class='ocrx_word' id='word_1_561' title='bbox 430 3849 614 3910; x_wconf 90' lang='lat' dir='ltr'><strong>pterea</strong></span> <span class='ocrx_word' id='word_1_562' title='bbox 648 3842 716 3896; x_wconf 91' lang='lat' dir='ltr'><strong>de</strong></span> <span class='ocrx_word' id='word_1_563' title='bbox 756 3844 866 3899; x_wconf 90' lang='lat' dir='ltr'><strong>illis</strong></span> <span class='ocrx_word' id='word_1_564' title='bbox 893 3844 1324 3915; x_wconf 90' lang='lat' dir='ltr'><strong>disputationem</strong></span> <span class='ocrx_word' id='word_1_565' title='bbox 1384 3850 1777 3908; x_wconf 86' lang='lat' dir='ltr'><strong>instituendam</strong></span> <span class='ocrx_word' id='word_1_566' title='bbox 1806 3858 2011 3925; x_wconf 87' lang='lat' dir='ltr'><strong>putavi.</strong></span> 
     </span>
    </p>
   </div>
   <div class='ocr_carea' id='block_1_73' title="bbox 430 3929 2016 4014">
    <p class='ocr_par' dir='ltr' id='par_1_73' title="bbox 430 3929 2016 4014">
     <span class='ocr_line' id='line_1_73' title="bbox 430 3929 2016 4014; baseline 0.011 -29"><span class='ocrx_word' id='word_1_567' title='bbox 430 3929 566 3986; x_wconf 86' lang='lat' dir='ltr'><strong>Nam</strong></span> <span class='ocrx_word' id='word_1_568' title='bbox 592 3934 680 3988; x_wconf 90' lang='lat' dir='ltr'><strong>ubi</strong></span> <span class='ocrx_word' id='word_1_569' title='bbox 701 3936 870 3990; x_wconf 89' lang='lat' dir='ltr'><strong>semel</strong></span> <span class='ocrx_word' id='word_1_570' title='bbox 903 3938 1236 3994; x_wconf 90' lang='lat' dir='ltr'><strong>intellectum</strong></span> <span class='ocrx_word' id='word_1_571' title='bbox 1269 3942 1393 4007; x_wconf 89' lang='lat' dir='ltr'><strong>erit,</strong></span> <span class='ocrx_word' id='word_1_572' title='bbox 1427 3946 1887 4014; x_wconf 83' lang='lat' dir='ltr'><strong>quemadmodum</strong></span> <span class='ocrx_word' id='word_1_573' title='bbox 1920 3964 2016 4002; x_wconf 82' lang='lat' dir='ltr'><strong>ex-</strong></span> 
     </span>
    </p>
   </div>
   <div class='ocr_carea' id='block_1_74' title="bbox 432 4022 2013 4102">
    <p class='ocr_par' dir='ltr' id='par_1_74' title="bbox 432 4022 2013 4102">
     <span class='ocr_line' id='line_1_74' title="bbox 432 4022 2013 4102; baseline 0.012 -25"><span class='ocrx_word' id='word_1_574' title='bbox 432 4022 599 4078; x_wconf 88' lang='lat' dir='ltr'><strong>istant</strong></span> <span class='ocrx_word' id='word_1_575' title='bbox 647 4027 811 4092; x_wconf 86' lang='lat' dir='ltr'><strong>mala,</strong></span> <span class='ocrx_word' id='word_1_576' title='bbox 860 4043 926 4083; x_wconf 93' lang='lat' dir='ltr'><strong>ac</strong></span> <span class='ocrx_word' id='word_1_577' title='bbox 981 4031 1145 4085; x_wconf 87' lang='lat' dir='ltr'><strong>simul</strong></span> <span class='ocrx_word' id='word_1_578' title='bbox 1177 4034 1268 4102; x_wconf 87' lang='lat' dir='ltr'><strong>qui</strong></span> <span class='ocrx_word' id='word_1_579' title='bbox 1317 4033 1487 4089; x_wconf 89' lang='lat' dir='ltr'><strong>Deum</strong></span> <span class='ocrx_word' id='word_1_580' title='bbox 1542 4039 1770 4092; x_wconf 86' lang='lat' dir='ltr'><strong>materia</strong></span> <span class='ocrx_word' id='word_1_581' title='bbox 1851 4056 2013 4099; x_wconf 92' lang='lat' dir='ltr'><strong>usum</strong></span> 
     </span>
    </p>
   </div>
   <div class='ocr_carea' id='block_1_75' title="bbox 431 4117 2012 4193">
    <p class='ocr_par' dir='ltr' id='par_1_75' title="bbox 431 4117 2012 4193">
     <span class='ocr_line' id='line_1_75' title="bbox 431 4117 2012 4193; baseline 0.012 -24"><span class='ocrx_word' id='word_1_582' title='bbox 431 4131 553 4170; x_wconf 87' lang='lat' dir='ltr'><strong>esse</strong></span> <span class='ocrx_word' id='word_1_583' title='bbox 585 4117 752 4183; x_wconf 91' lang='lat' dir='ltr'><strong>dicat,</strong></span> <span class='ocrx_word' id='word_1_584' title='bbox 808 4119 858 4173; x_wconf 92' lang='lat' dir='ltr'><strong>ei</strong></span> <span class='ocrx_word' id='word_1_585' title='bbox 909 4136 1130 4193; x_wconf 89' lang='lat' dir='ltr'><strong>quoque</strong></span> <span class='ocrx_word' id='word_1_586' title='bbox 1188 4124 1361 4181; x_wconf 91' lang='lat' dir='ltr'><strong>Deum</strong></span> <span class='ocrx_word' id='word_1_587' title='bbox 1414 4129 1684 4184; x_wconf 84' lang='lat' dir='ltr'><strong>malorum</strong></span> <span class='ocrx_word' id='word_1_588' title='bbox 1732 4142 2012 4188; x_wconf 88' lang='lat' dir='ltr'><strong>auctorem</strong></span> 
     </span>
    </p>
   </div>
   <div class='ocr_carea' id='block_1_76' title="bbox 435 4207 2013 4292">
    <p class='ocr_par' dir='ltr' id='par_1_76' title="bbox 435 4207 2013 4292">
     <span class='ocr_line' id='line_1_76' title="bbox 435 4207 2013 4292; baseline 0.011 -31"><span class='ocrx_word' id='word_1_589' title='bbox 435 4207 744 4262; x_wconf 84' lang='lat' dir='ltr'><strong>habendum</strong></span> <span class='ocrx_word' id='word_1_590' title='bbox 794 4226 917 4266; x_wconf 90' lang='lat' dir='ltr'><strong>esse</strong></span> <span class='ocrx_word' id='word_1_591' title='bbox 960 4216 1291 4284; x_wconf 83' lang='lat' dir='ltr'><strong>constiterit,</strong></span> <span class='ocrx_word' id='word_1_592' title='bbox 1325 4228 1438 4273; x_wconf 89' lang='lat' dir='ltr'><strong>tum</strong></span> <span class='ocrx_word' id='word_1_593' title='bbox 1479 4237 1587 4275; x_wconf 92' lang='lat' dir='ltr'><strong>una</strong></span> <span class='ocrx_word' id='word_1_594' title='bbox 1642 4223 2013 4292; x_wconf 89' lang='lat' dir='ltr'><strong>suspicionem</strong></span> 
     </span>
    </p>
   </div>
   <div class='ocr_carea' id='block_1_77' title="bbox 434 4298 2011 4385">
    <p class='ocr_par' dir='ltr' id='par_1_77' title="bbox 434 4298 2011 4385">
     <span class='ocr_line' id='line_1_77' title="bbox 434 4298 2011 4385; baseline 0.011 -33"><span class='ocrx_word' id='word_1_595' title='bbox 434 4298 594 4352; x_wconf 86' lang='lat' dir='ltr'><strong>istam</strong></span> <span class='ocrx_word' id='word_1_596' title='bbox 624 4299 867 4357; x_wconf 81' lang='lat' dir='ltr'><strong>funditus</strong></span> <span class='ocrx_word' id='word_1_597' title='bbox 899 4305 1175 4361; x_wconf 90' lang='lat' dir='ltr'><strong>sublatum</strong></span> <span class='ocrx_word' id='word_1_598' title='bbox 1224 4309 1287 4363; x_wconf 92' lang='lat' dir='ltr'><strong>iri</strong></span> <span class='ocrx_word' id='word_1_599' title='bbox 1318 4311 1594 4367; x_wconf 82' lang='lat' dir='ltr'><strong>existimo.</strong></span> <span class='ocrx_word' id='word_1_600' title='bbox 1626 4311 1708 4367; x_wconf 92' lang='lat' dir='ltr'><strong>Tu</strong></span> <span class='ocrx_word' id='word_1_601' title='bbox 1736 4330 1864 4385; x_wconf 80' lang='lat' dir='ltr'><strong>ergo</strong></span> <span class='ocrx_word' id='word_1_602' title='bbox 1894 4331 2011 4369; x_wconf 88' lang='lat' dir='ltr'><strong>ma-</strong></span> 
     </span>
    </p>
   </div>
   <div class='ocr_carea' id='block_1_78' title="bbox 2118 3115 3708 3190">
    <p class='ocr_par' dir='ltr' id='par_1_78' title="bbox 2118 3115 3708 3190">
     <span class='ocr_line' id='line_1_78' title="bbox 2118 3115 3708 3190; baseline -0.001 -20"><span class='ocrx_word' id='word_1_603' title='bbox 2118 3117 2373 3171; x_wconf 84' lang='grc' dir='ltr'>άδύνατον</span> <span class='ocrx_word' id='word_1_604' title='bbox 2397 3115 2456 3181; x_wconf 80' lang='grc' dir='ltr'><strong>ἐξ</strong></span> <span class='ocrx_word' id='word_1_605' title='bbox 2481 3116 2579 3169; x_wconf 85' lang='grc' dir='ltr'><strong>οὑκ</strong></span> <span class='ocrx_word' id='word_1_606' title='bbox 2606 3116 2773 3170; x_wconf 78' lang='grc' dir='ltr'>ὄντων</span> <span class='ocrx_word' id='word_1_607' title='bbox 2809 3117 3051 3186; x_wconf 89' lang='grc' dir='ltr'>γίνεσθαί</span> <span class='ocrx_word' id='word_1_608' title='bbox 3095 3134 3166 3181; x_wconf 88' lang='grc' dir='ltr'><strong>τι,</strong></span> <span class='ocrx_word' id='word_1_609' title='bbox 3204 3116 3337 3189; x_wconf 88' lang='grc' dir='ltr'>πρὸς</span> <span class='ocrx_word' id='word_1_610' title='bbox 3360 3118 3460 3190; x_wconf 85' lang='grc' dir='ltr'>τὴν</span> <span class='ocrx_word' id='word_1_611' title='bbox 3493 3117 3708 3189; x_wconf 81' lang='grc' dir='ltr'>ἐρώτη-</span> 
     </span>
    </p>
   </div>
   <div class='ocr_carea' id='block_1_79' title="bbox 2119 3208 3708 3283">
    <p class='ocr_par' dir='ltr' id='par_1_79' title="bbox 2119 3208 3708 3283">
     <span class='ocr_line' id='line_1_79' title="bbox 2119 3208 3708 3283; baseline 0.003 -22"><span class='ocrx_word' id='word_1_612' title='bbox 2119 3226 2201 3261; x_wconf 93' lang='grc' dir='ltr'><strong>σιν</strong></span> <span class='ocrx_word' id='word_1_613' title='bbox 2231 3210 2521 3281; x_wconf 88' lang='grc' dir='ltr'>ἀπόκριναι</span> <span class='ocrx_word' id='word_1_614' title='bbox 2544 3208 2641 3279; x_wconf 82' lang='grc' dir='ltr'><strong>τὴν</strong></span> <span class='ocrx_word' id='word_1_615' title='bbox 2666 3210 2824 3281; x_wconf 81' lang='grc' dir='ltr'>ἐμήν.</span> <span class='ocrx_word' id='word_1_616' title='bbox 2868 3211 3054 3273; x_wconf 87' lang='grc' dir='ltr'>Δοκεῖς</span> <span class='ocrx_word' id='word_1_617' title='bbox 3087 3227 3175 3280; x_wconf 88' lang='grc' dir='ltr'><strong>μοι</strong></span> <span class='ocrx_word' id='word_1_618' title='bbox 3207 3210 3306 3274; x_wconf 86' lang='grc' dir='ltr'><strong>τάς</strong></span> <span class='ocrx_word' id='word_1_619' title='bbox 3364 3211 3458 3264; x_wconf 91' lang='grc' dir='ltr'><strong>τοῦ</strong></span> <span class='ocrx_word' id='word_1_620' title='bbox 3497 3211 3708 3283; x_wconf 86' lang='grc' dir='ltr'>κόσμου</span> 
     </span>
    </p>
   </div>
   <div class='ocr_carea' id='block_1_80' title="bbox 2117 3299 3710 3373">
    <p class='ocr_par' dir='ltr' id='par_1_80' title="bbox 2117 3299 3710 3373">
     <span class='ocr_line' id='line_1_80' title="bbox 2117 3299 3710 3373; baseline 0.002 -20"><span class='ocrx_word' id='word_1_621' title='bbox 2117 3300 2405 3371; x_wconf 82' lang='grc' dir='ltr'>ποιότητας</span> <span class='ocrx_word' id='word_1_622' title='bbox 2441 3300 2514 3373; x_wconf 87' lang='grc' dir='ltr'>μὴ</span> <span class='ocrx_word' id='word_1_623' title='bbox 2572 3299 2631 3364; x_wconf 80' lang='grc' dir='ltr'><strong>ἐξ</strong></span> <span class='ocrx_word' id='word_1_624' title='bbox 2665 3301 3041 3371; x_wconf 84' lang='grc' dir='ltr'>ὑποκειμένων</span> <span class='ocrx_word' id='word_1_625' title='bbox 3076 3304 3374 3372; x_wconf 83' lang='grc' dir='ltr'>ποιοτήτων</span> <span class='ocrx_word' id='word_1_626' title='bbox 3424 3303 3710 3371; x_wconf 88' lang='grc' dir='ltr'>γεγονέναι</span> 
     </span>
    </p>
   </div>
   <div class='ocr_carea' id='block_1_81' title="bbox 2114 3391 3712 3467">
    <p class='ocr_par' dir='ltr' id='par_1_81' title="bbox 2114 3391 3712 3467">
     <span class='ocr_line' id='line_1_81' title="bbox 2114 3391 3712 3467; baseline 0.003 -23"><span class='ocrx_word' id='word_1_627' title='bbox 2114 3391 2309 3454; x_wconf 85' lang='grc' dir='ltr'>δοκεῖν,</span> <span class='ocrx_word' id='word_1_628' title='bbox 2357 3392 2545 3465; x_wconf 78' lang='grc' dir='ltr'>ἓτερον</span> <span class='ocrx_word' id='word_1_629' title='bbox 2589 3392 2646 3447; x_wconf 86' lang='grc' dir='ltr'>δέ</span> <span class='ocrx_word' id='word_1_630' title='bbox 2671 3411 2722 3446; x_wconf 90' lang='grc' dir='ltr'><strong>τι</strong></span> <span class='ocrx_word' id='word_1_631' title='bbox 2753 3395 2905 3466; x_wconf 86' lang='grc' dir='ltr'><strong>παρά</strong></span> <span class='ocrx_word' id='word_1_632' title='bbox 2958 3395 3056 3458; x_wconf 83' lang='grc' dir='ltr'>τὰς</span> <span class='ocrx_word' id='word_1_633' title='bbox 3101 3394 3289 3459; x_wconf 76' lang='grc' dir='ltr'>οὐσίας</span> <span class='ocrx_word' id='word_1_634' title='bbox 3318 3396 3585 3467; x_wconf 87' lang='grc' dir='ltr'>ὑπάρχειν</span> <span class='ocrx_word' id='word_1_635' title='bbox 3610 3396 3712 3449; x_wconf 85' lang='grc' dir='ltr'>αὑ-</span> 
     </span>
    </p>
   </div>
   <div class='ocr_carea' id='block_1_82' title="bbox 2114 3481 3712 3558">
    <p class='ocr_par' dir='ltr' id='par_1_82' title="bbox 2114 3481 3712 3558">
     <span class='ocr_line' id='line_1_82' title="bbox 2114 3481 3712 3558; baseline 0.003 -22"><span class='ocrx_word' id='word_1_636' title='bbox 2114 3483 2231 3546; x_wconf 85' lang='grc' dir='ltr'>τάς.</span> <span class='ocrx_word' id='word_1_637' title='bbox 2259 3483 2445 3548; x_wconf 77' lang='grc' dir='ltr'>Οὕτως</span> <span class='ocrx_word' id='word_1_638' title='bbox 2476 3484 2610 3557; x_wconf 75' lang='grc' dir='ltr'>ἔχει.</span> <span class='ocrx_word' id='word_1_639' title='bbox 2637 3486 2698 3537; x_wconf 83' lang='grc' dir='ltr'>Εἰ</span> <span class='ocrx_word' id='word_1_640' title='bbox 2730 3486 2826 3556; x_wconf 85' lang='grc' dir='ltr'><strong>μὲν</strong></span> <span class='ocrx_word' id='word_1_641' title='bbox 2852 3481 2944 3539; x_wconf 83' lang='grc' dir='ltr'><strong>οῦν</strong></span> <span class='ocrx_word' id='word_1_642' title='bbox 2970 3487 3041 3558; x_wconf 84' lang='grc' dir='ltr'>μὴ</span> <span class='ocrx_word' id='word_1_643' title='bbox 3074 3485 3132 3552; x_wconf 81' lang='grc' dir='ltr'><strong>ἐξ</strong></span> <span class='ocrx_word' id='word_1_644' title='bbox 3159 3487 3531 3557; x_wconf 85' lang='grc' dir='ltr'>ὑποκειμένων</span> <span class='ocrx_word' id='word_1_645' title='bbox 3559 3505 3712 3540; x_wconf 86' lang='grc' dir='ltr'>ποιο-</span> 
     </span>
    </p>
   </div>
   <div class='ocr_carea' id='block_1_83' title="bbox 2114 3574 3710 3649">
    <p class='ocr_par' dir='ltr' id='par_1_83' title="bbox 2114 3574 3710 3649">
     <span class='ocr_line' id='line_1_83' title="bbox 2114 3574 3710 3649; baseline 0.003 -24"><span class='ocrx_word' id='word_1_646' title='bbox 2114 3574 2292 3644; x_wconf 88' lang='grc' dir='ltr'>τήτων</span> <span class='ocrx_word' id='word_1_647' title='bbox 2360 3574 2457 3638; x_wconf 82' lang='grc' dir='ltr'>τὰς</span> <span class='ocrx_word' id='word_1_648' title='bbox 2510 3576 2803 3648; x_wconf 89' lang='grc' dir='ltr'>ποιότητας</span> <span class='ocrx_word' id='word_1_649' title='bbox 2837 3576 3270 3648; x_wconf 80' lang='grc' dir='ltr'>ἐδημιούργησεν</span> <span class='ocrx_word' id='word_1_650' title='bbox 3307 3578 3337 3629; x_wconf 89' lang='grc' dir='ltr'><strong>ό</strong></span> <span class='ocrx_word' id='word_1_651' title='bbox 3380 3576 3531 3640; x_wconf 87' lang='grc' dir='ltr'>Θεὸς,</span> <span class='ocrx_word' id='word_1_652' title='bbox 3566 3579 3710 3649; x_wconf 77' lang='grc' dir='ltr'>μήτε</span> 
     </span>
    </p>
   </div>
   <div class='ocr_carea' id='block_1_84' title="bbox 2115 3664 3711 3741">
    <p class='ocr_par' dir='ltr' id='par_1_84' title="bbox 2115 3664 3711 3741">
     <span class='ocr_line' id='line_1_84' title="bbox 2115 3664 3711 3741; baseline 0.003 -25"><span class='ocrx_word' id='word_1_653' title='bbox 2115 3665 2179 3717; x_wconf 82' lang='grc' dir='ltr'><strong>ἐκ</strong></span> <span class='ocrx_word' id='word_1_654' title='bbox 2199 3665 2304 3719; x_wconf 87' lang='grc' dir='ltr'><strong>τῶν</strong></span> <span class='ocrx_word' id='word_1_655' title='bbox 2332 3667 2551 3729; x_wconf 80' lang='grc' dir='ltr'>οὐσιῶν,</span> <span class='ocrx_word' id='word_1_656' title='bbox 2580 3668 2656 3739; x_wconf 80' lang='grc' dir='ltr'>τῷ</span> <span class='ocrx_word' id='word_1_657' title='bbox 2688 3668 2821 3738; x_wconf 80' lang='grc' dir='ltr'>μηδὲ</span> <span class='ocrx_word' id='word_1_658' title='bbox 2847 3667 3034 3730; x_wconf 78' lang='grc' dir='ltr'>οὐσίας</span> <span class='ocrx_word' id='word_1_659' title='bbox 3092 3668 3261 3731; x_wconf 81' lang='grc' dir='ltr'>αὐτάς</span> <span class='ocrx_word' id='word_1_660' title='bbox 3303 3664 3441 3720; x_wconf 83' lang='grc' dir='ltr'>εἶναι</span> <span class='ocrx_word' id='word_1_661' title='bbox 3510 3669 3578 3721; x_wconf 86' lang='grc' dir='ltr'><strong>ἐκ</strong></span> <span class='ocrx_word' id='word_1_662' title='bbox 3631 3669 3711 3741; x_wconf 81' lang='grc' dir='ltr'>μὴ</span> 
     </span>
    </p>
   </div>
   <div class='ocr_carea' id='block_1_85' title="bbox 2114 3754 3707 3826">
    <p class='ocr_par' dir='ltr' id='par_1_85' title="bbox 2114 3754 3707 3826">
     <span class='ocr_line' id='line_1_85' title="bbox 2114 3754 3707 3826; baseline 0.003 -20"><span class='ocrx_word' id='word_1_663' title='bbox 2114 3754 2281 3807; x_wconf 76' lang='grc' dir='ltr'>ὄντων</span> <span class='ocrx_word' id='word_1_664' title='bbox 2298 3756 2465 3821; x_wconf 78' lang='grc' dir='ltr'>αὑτὰς</span> <span class='ocrx_word' id='word_1_665' title='bbox 2482 3758 2586 3810; x_wconf 87' lang='grc' dir='ltr'><strong>ὑπὸ</strong></span> <span class='ocrx_word' id='word_1_666' title='bbox 2614 3758 2708 3811; x_wconf 84' lang='grc' dir='ltr'><strong>τοῦ</strong></span> <span class='ocrx_word' id='word_1_667' title='bbox 2729 3757 2864 3810; x_wconf 85' lang='grc' dir='ltr'>Θεοῦ</span> <span class='ocrx_word' id='word_1_668' title='bbox 2879 3757 3159 3826; x_wconf 84' lang='grc' dir='ltr'>γεγονέναι</span> <span class='ocrx_word' id='word_1_669' title='bbox 3182 3759 3356 3810; x_wconf 76' lang='grc' dir='ltr'>εἰπεῖν</span> <span class='ocrx_word' id='word_1_670' title='bbox 3384 3758 3707 3826; x_wconf 88' lang='grc' dir='ltr'>ἀναγκαῖον.</span> 
     </span>
    </p>
   </div>
   <div class='ocr_carea' id='block_1_86' title="bbox 2120 3846 3713 3920">
    <p class='ocr_par' dir='ltr' id='par_1_86' title="bbox 2120 3846 3713 3920">
     <span class='ocr_line' id='line_1_86' title="bbox 2120 3846 3713 3920; baseline 0.002 -21"><span class='ocrx_word' id='word_1_671' title='bbox 2120 3846 2276 3900; x_wconf 83' lang='grc' dir='ltr'>Ὅθεν</span> <span class='ocrx_word' id='word_1_672' title='bbox 2309 3849 2577 3920; x_wconf 85' lang='grc' dir='ltr'>περιττῶς</span> <span class='ocrx_word' id='word_1_673' title='bbox 2609 3849 2816 3912; x_wconf 87' lang='grc' dir='ltr'>ἐδόκεις</span> <span class='ocrx_word' id='word_1_674' title='bbox 2843 3867 2933 3919; x_wconf 88' lang='grc' dir='ltr'><strong>μοι</strong></span> <span class='ocrx_word' id='word_1_675' title='bbox 2954 3849 3154 3918; x_wconf 81' lang='grc' dir='ltr'>λέγειν’</span> <span class='ocrx_word' id='word_1_676' title='bbox 3195 3848 3602 3918; x_wconf 65' lang='grc' dir='ltr'>συλλελόγισται</span> <span class='ocrx_word' id='word_1_677' title='bbox 3630 3849 3713 3913; x_wconf 81' lang='grc' dir='ltr'>ὡς</span> 
     </span>
    </p>
   </div>
   <div class='ocr_carea' id='block_1_87' title="bbox 2114 3936 3713 4011">
    <p class='ocr_par' dir='ltr' id='par_1_87' title="bbox 2114 3936 3713 4011">
     <span class='ocr_line' id='line_1_87' title="bbox 2114 3936 3713 4011; baseline 0.002 -21"><span class='ocrx_word' id='word_1_678' title='bbox 2114 3938 2213 3991; x_wconf 89' lang='grc' dir='ltr'><strong>οὑκ</strong></span> <span class='ocrx_word' id='word_1_679' title='bbox 2239 3938 2497 3993; x_wconf 85' lang='grc' dir='ltr'>ἀδύνατον</span> <span class='ocrx_word' id='word_1_680' title='bbox 2529 3940 2603 4011; x_wconf 73' lang='lat'>(2)</span> <span class='ocrx_word' id='word_1_681' title='bbox 2640 3936 2775 3994; x_wconf 75' lang='grc' dir='ltr'>εἶναι</span> <span class='ocrx_word' id='word_1_682' title='bbox 2799 3940 3044 4007; x_wconf 78' lang='grc' dir='ltr'>δοξάζειν</span> <span class='ocrx_word' id='word_1_683' title='bbox 3078 3941 3136 4006; x_wconf 83' lang='grc' dir='ltr'><strong>ἐξ</strong></span> <span class='ocrx_word' id='word_1_684' title='bbox 3169 3938 3267 3994; x_wconf 82' lang='grc' dir='ltr'><strong>οὑκ</strong></span> <span class='ocrx_word' id='word_1_685' title='bbox 3295 3940 3465 3993; x_wconf 79' lang='grc' dir='ltr'>όντων</span> <span class='ocrx_word' id='word_1_686' title='bbox 3483 3940 3713 4009; x_wconf 86' lang='grc' dir='ltr'>γεγονὲ-</span> 
     </span>
    </p>
   </div>
   <div class='ocr_carea' id='block_1_88' title="bbox 2115 4030 3708 4102">
    <p class='ocr_par' dir='ltr' id='par_1_88' title="bbox 2115 4030 3708 4102">
     <span class='ocr_line' id='line_1_88' title="bbox 2115 4030 3708 4102; baseline 0 -21"><span class='ocrx_word' id='word_1_687' title='bbox 2115 4046 2201 4082; x_wconf 86' lang='lat' dir='ltr'><strong>va:</strong></span> <span class='ocrx_word' id='word_1_688' title='bbox 2231 4046 2282 4083; x_wconf 89' lang='grc' dir='ltr'><strong>τι</strong></span> <span class='ocrx_word' id='word_1_689' title='bbox 2328 4031 2463 4101; x_wconf 84' lang='grc' dir='ltr'>πρὸς</span> <span class='ocrx_word' id='word_1_690' title='bbox 2496 4030 2589 4085; x_wconf 91' lang='grc' dir='ltr'><strong>τοῦ</strong></span> <span class='ocrx_word' id='word_1_691' title='bbox 2642 4030 2797 4085; x_wconf 84' lang='grc' dir='ltr'>Θεοῦ.</span> <span class='ocrx_word' id='word_1_692' title='bbox 2846 4031 2983 4084; x_wconf 79' lang='grc' dir='ltr'>Ἀλλ’</span> <span class='ocrx_word' id='word_1_693' title='bbox 3032 4033 3061 4084; x_wconf 89' lang='grc' dir='ltr'><strong>ό</strong></span> <span class='ocrx_word' id='word_1_694' title='bbox 3098 4031 3196 4102; x_wconf 84' lang='grc' dir='ltr'>μὲν</span> <span class='ocrx_word' id='word_1_695' title='bbox 3249 4031 3325 4101; x_wconf 76' lang='grc'><strong>(5)</strong></span> <span class='ocrx_word' id='word_1_696' title='bbox 3358 4032 3487 4102; x_wconf 79' lang='grc' dir='ltr'>περὶ</span> <span class='ocrx_word' id='word_1_697' title='bbox 3511 4030 3708 4084; x_wconf 85' lang='grc' dir='ltr'>τούτου</span> 
     </span>
    </p>
   </div>
   <div class='ocr_carea' id='block_1_89' title="bbox 2114 4114 3710 4196">
    <p class='ocr_par' dir='ltr' id='par_1_89' title="bbox 2114 4114 3710 4196">
     <span class='ocr_line' id='line_1_89' title="bbox 2114 4114 3710 4196; baseline 0.002 -24"><span class='ocrx_word' id='word_1_698' title='bbox 2114 4120 2273 4189; x_wconf 86' lang='grc' dir='ltr'>λόγος</span> <span class='ocrx_word' id='word_1_699' title='bbox 2311 4114 2412 4176; x_wconf 84' lang='grc' dir='ltr'><strong>ὦδε</strong></span> <span class='ocrx_word' id='word_1_700' title='bbox 2440 4123 2634 4193; x_wconf 85' lang='grc' dir='ltr'>ἐχέτω.</span> <span class='ocrx_word' id='word_1_701' title='bbox 2678 4124 2790 4177; x_wconf 70' lang='grc' dir='ltr'><strong>Καὶ</strong></span> <span class='ocrx_word' id='word_1_702' title='bbox 2826 4123 2936 4196; x_wconf 87' lang='grc' dir='ltr'><strong>γὰρ</strong></span> <span class='ocrx_word' id='word_1_703' title='bbox 2969 4123 3098 4195; x_wconf 84' lang='grc' dir='ltr'>παρ’</span> <span class='ocrx_word' id='word_1_704' title='bbox 3131 4126 3263 4194; x_wconf 82' lang='grc' dir='ltr'>ἡμῖν</span> <span class='ocrx_word' id='word_1_705' title='bbox 3285 4123 3359 4195; x_wconf 64' lang='lat'>(4)</span> <span class='ocrx_word' id='word_1_706' title='bbox 3390 4123 3710 4195; x_wconf 84' lang='grc' dir='ltr'>θεωροῦμεν</span> 
     </span>
    </p>
   </div>
   <div class='ocr_carea' id='block_1_90' title="bbox 2117 4211 3710 4284">
    <p class='ocr_par' dir='ltr' id='par_1_90' title="bbox 2117 4211 3710 4284">
     <span class='ocr_line' id='line_1_90' title="bbox 2117 4211 3710 4284; baseline 0.002 -19"><span class='ocrx_word' id='word_1_707' title='bbox 2117 4211 2434 4284; x_wconf 81' lang='grc' dir='ltr'>ἀνθρώπους</span> <span class='ocrx_word' id='word_1_708' title='bbox 2467 4214 2527 4278; x_wconf 81' lang='grc' dir='ltr'><strong>ἐξ</strong></span> <span class='ocrx_word' id='word_1_709' title='bbox 2556 4216 2656 4267; x_wconf 89' lang='grc' dir='ltr'><strong>ούκ</strong></span> <span class='ocrx_word' id='word_1_710' title='bbox 2682 4215 2851 4270; x_wconf 72' lang='grc' dir='ltr'>ὄντων</span> <span class='ocrx_word' id='word_1_711' title='bbox 2875 4215 3161 4278; x_wconf 89' lang='grc' dir='ltr'>ποιοῦντάς</span> <span class='ocrx_word' id='word_1_712' title='bbox 3217 4233 3361 4280; x_wconf 89' lang='grc' dir='ltr'>τινα,</span> <span class='ocrx_word' id='word_1_713' title='bbox 3403 4217 3452 4268; x_wconf 80' lang='grc' dir='ltr'>εἰ</span> <span class='ocrx_word' id='word_1_714' title='bbox 3497 4216 3593 4268; x_wconf 78' lang='grc' dir='ltr'>καὶ</span> <span class='ocrx_word' id='word_1_715' title='bbox 3619 4217 3710 4268; x_wconf 71' lang='grc' dir='ltr'>ὅτι</span> 
     </span>
    </p>
   </div>
   <div class='ocr_carea' id='block_1_91' title="bbox 2121 4300 3709 4378">
    <p class='ocr_par' dir='ltr' id='par_1_91' title="bbox 2121 4300 3709 4378">
     <span class='ocr_line' id='line_1_91' title="bbox 2121 4300 3709 4378; baseline 0.001 -21"><span class='ocrx_word' id='word_1_716' title='bbox 2121 4303 2352 4373; x_wconf 86' lang='grc' dir='ltr'>μάλιστα</span> <span class='ocrx_word' id='word_1_717' title='bbox 2382 4304 2597 4358; x_wconf 87' lang='grc' dir='ltr'>δοκοῦσι</span> <span class='ocrx_word' id='word_1_718' title='bbox 2628 4309 2802 4359; x_wconf 84' lang='grc' dir='ltr'>ποιεῖν</span> <span class='ocrx_word' id='word_1_719' title='bbox 2858 4305 2915 4358; x_wconf 75' lang='grc' dir='ltr'><strong>ἐν</strong></span> <span class='ocrx_word' id='word_1_720' title='bbox 2959 4323 3084 4370; x_wconf 88' lang='grc' dir='ltr'>τινι,</span> <span class='ocrx_word' id='word_1_721' title='bbox 3112 4300 3224 4359; x_wconf 74' lang='grc' dir='ltr'>οἷον</span> <span class='ocrx_word' id='word_1_722' title='bbox 3265 4307 3359 4359; x_wconf 78' lang='grc' dir='ltr'><strong>ἐπὶ</strong></span> <span class='ocrx_word' id='word_1_723' title='bbox 3406 4305 3517 4359; x_wconf 89' lang='grc' dir='ltr'><strong>τῶν</strong></span> <span class='ocrx_word' id='word_1_724' title='bbox 3544 4307 3709 4378; x_wconf 85' lang='grc' dir='ltr'>ἀρχι-</span> 
     </span>
    </p>
   </div>
   <div class='ocr_carea' id='block_1_92' title="bbox 435 4391 2016 4475">
    <p class='ocr_par' dir='ltr' id='par_1_92' title="bbox 435 4391 2014 4475">
     <span class='ocr_line' id='line_1_92' title="bbox 435 4391 2014 4475; baseline 0.015 -34"><span class='ocrx_word' id='word_1_725' title='bbox 435 4391 627 4443; x_wconf 81' lang='lat' dir='ltr'><strong>teriam</strong></span> <span class='ocrx_word' id='word_1_726' title='bbox 682 4391 751 4445; x_wconf 85' lang='lat' dir='ltr'><strong>ab</strong></span> <span class='ocrx_word' id='word_1_727' title='bbox 789 4394 939 4447; x_wconf 92' lang='lat' dir='ltr'><strong>omni</strong></span> <span class='ocrx_word' id='word_1_728' title='bbox 990 4398 1254 4465; x_wconf 89' lang='lat' dir='ltr'><strong>qualitate</strong></span> <span class='ocrx_word' id='word_1_729' title='bbox 1308 4417 1562 4470; x_wconf 88' lang='lat' dir='ltr'><strong>vacuam,</strong></span> <span class='ocrx_word' id='word_1_730' title='bbox 1616 4421 1680 4459; x_wconf 78' lang='lat' dir='ltr'><strong>ex</strong></span> <span class='ocrx_word' id='word_1_731' title='bbox 1735 4420 1841 4475; x_wconf 88' lang='lat' dir='ltr'><strong>qua</strong></span> <span class='ocrx_word' id='word_1_732' title='bbox 1875 4405 2014 4464; x_wconf 90' lang='lat' dir='ltr'><strong>Deus</strong></span> 
     </span>
    </p>
   </div>
   <div class='ocr_carea' id='block_1_93' title="bbox 2119 4391 3708 4475">
    <p class='ocr_par' dir='ltr' id='par_1_93' title="bbox 2119 4397 3708 4471">
     <span class='ocr_line' id='line_1_93' title="bbox 2119 4397 3708 4471; baseline 0.003 -22"><span class='ocrx_word' id='word_1_733' title='bbox 2119 4398 2382 4451; x_wconf 87' lang='grc' dir='ltr'>τεκτόνων</span> <span class='ocrx_word' id='word_1_734' title='bbox 2410 4399 2469 4452; x_wconf 87' lang='grc' dir='ltr'><strong>τὸ</strong></span> <span class='ocrx_word' id='word_1_735' title='bbox 2512 4400 2860 4471; x_wconf 86' lang='grc' dir='ltr'>παράδειγμα</span> <span class='ocrx_word' id='word_1_736' title='bbox 2892 4399 3164 4471; x_wconf 79' lang='grc' dir='ltr'>λάϐωμεν.</span> <span class='ocrx_word' id='word_1_737' title='bbox 3224 4398 3331 4452; x_wconf 81' lang='grc' dir='ltr'>Καὶ</span> <span class='ocrx_word' id='word_1_738' title='bbox 3383 4398 3494 4471; x_wconf 87' lang='grc' dir='ltr'><strong>γάρ</strong></span> <span class='ocrx_word' id='word_1_739' title='bbox 3554 4397 3708 4454; x_wconf 72' lang='grc' dir='ltr'>οὗτοι</span> 
     </span>
    </p>
   </div>
   <div class='ocr_carea' id='block_1_94' title="bbox 434 4479 2012 4556">
    <p class='ocr_par' dir='ltr' id='par_1_94' title="bbox 434 4479 2012 4556">
     <span class='ocr_line' id='line_1_94' title="bbox 434 4479 2012 4556; baseline 0.014 -24"><span class='ocrx_word' id='word_1_740' title='bbox 434 4479 699 4537; x_wconf 85' lang='lat' dir='ltr'><strong>mu&#39;ndum</strong></span> <span class='ocrx_word' id='word_1_741' title='bbox 733 4482 880 4538; x_wconf 90' lang='lat' dir='ltr'><strong>hunc</strong></span> <span class='ocrx_word' id='word_1_742' title='bbox 918 4490 1240 4556; x_wconf 88' lang='lat' dir='ltr'><strong>procrearit,</strong></span> <span class='ocrx_word' id='word_1_743' title='bbox 1265 4507 1389 4546; x_wconf 88' lang='lat' dir='ltr'><strong>cum</strong></span> <span class='ocrx_word' id='word_1_744' title='bbox 1421 4510 1487 4549; x_wconf 91' lang='lat' dir='ltr'><strong>eo</strong></span> <span class='ocrx_word' id='word_1_745' title='bbox 1514 4496 1679 4550; x_wconf 90' lang='lat' dir='ltr'><strong>simul</strong></span> <span class='ocrx_word' id='word_1_746' title='bbox 1728 4513 1851 4552; x_wconf 89' lang='lat' dir='ltr'><strong>esse</strong></span> <span class='ocrx_word' id='word_1_747' title='bbox 1881 4514 2012 4553; x_wconf 61' lang='lat' dir='ltr'><strong>cono</strong></span> 
     </span>
    </p>
   </div>
   <div class='ocr_carea' id='block_1_95' title="bbox 433 4572 2012 4657">
    <p class='ocr_par' dir='ltr' id='par_1_95' title="bbox 433 4572 2012 4657">
     <span class='ocr_line' id='line_1_95' title="bbox 433 4572 2012 4657; baseline 0.012 -33"><span class='ocrx_word' id='word_1_748' title='bbox 433 4572 635 4628; x_wconf 90' lang='lat' dir='ltr'><strong>tendis.</strong></span> <span class='ocrx_word' id='word_1_749' title='bbox 674 4572 750 4629; x_wconf 90' lang='lat' dir='ltr'><strong>Ita</strong></span> <span class='ocrx_word' id='word_1_750' title='bbox 776 4577 905 4630; x_wconf 92' lang='lat' dir='ltr'><strong>mihi</strong></span> <span class='ocrx_word' id='word_1_751' title='bbox 946 4579 1166 4648; x_wconf 87' lang='lat' dir='ltr'><strong>quidem</strong></span> <span class='ocrx_word' id='word_1_752' title='bbox 1213 4582 1453 4639; x_wconf 87' lang='lat' dir='ltr'><strong>videtur.</strong></span> <span class='ocrx_word' id='word_1_753' title='bbox 1506 4585 1645 4657; x_wconf 85' lang='lat' dir='ltr'><strong>Ergo</strong></span> <span class='ocrx_word' id='word_1_754' title='bbox 1676 4587 1721 4643; x_wconf 90' lang='lat' dir='ltr'><strong>si</strong></span> <span class='ocrx_word' id='word_1_755' title='bbox 1761 4588 1831 4642; x_wconf 87' lang='lat' dir='ltr'><strong>ab</strong></span> <span class='ocrx_word' id='word_1_756' title='bbox 1861 4588 2012 4643; x_wconf 87' lang='lat' dir='ltr'><strong>omni</strong></span> 
     </span>
    </p>
   </div>
   <div class='ocr_carea' id='block_1_96' title="bbox 433 4665 2011 4747">
    <p class='ocr_par' dir='ltr' id='par_1_96' title="bbox 433 4665 2011 4747">
     <span class='ocr_line' id='line_1_96' title="bbox 433 4665 2011 4747; baseline 0.01 -29"><span class='ocrx_word' id='word_1_757' title='bbox 433 4665 698 4735; x_wconf 89' lang='lat' dir='ltr'><strong>qualitate</strong></span> <span class='ocrx_word' id='word_1_758' title='bbox 720 4684 887 4724; x_wconf 88' lang='lat' dir='ltr'><strong>vacua</strong></span> <span class='ocrx_word' id='word_1_759' title='bbox 925 4672 1153 4726; x_wconf 90' lang='lat' dir='ltr'><strong>materia</strong></span> <span class='ocrx_word' id='word_1_760' title='bbox 1201 4671 1325 4743; x_wconf 82' lang='lat' dir='ltr'><strong>fuit,</strong></span> <span class='ocrx_word' id='word_1_761' title='bbox 1386 4688 1437 4730; x_wconf 91' lang='lat' dir='ltr'><strong>et</strong></span> <span class='ocrx_word' id='word_1_762' title='bbox 1472 4686 1793 4747; x_wconf 89' lang='lat' dir='ltr'><strong>procreatus</strong></span> <span class='ocrx_word' id='word_1_763' title='bbox 1836 4695 1866 4733; x_wconf 91' lang='lat' dir='ltr'><strong>a</strong></span> <span class='ocrx_word' id='word_1_764' title='bbox 1900 4678 2011 4734; x_wconf 91' lang='lat' dir='ltr'><strong>Deo</strong></span> 
     </span>
    </p>
   </div>
   <div class='ocr_carea' id='block_1_97' title="bbox 509 4820 1936 4905">
    <p class='ocr_par' dir='ltr' id='par_1_97' title="bbox 509 4820 1936 4905">
     <span class='ocr_line' id='line_1_97' title="bbox 509 4820 1936 4905; baseline 0.009 -32"><span class='ocrx_word' id='word_1_765' title='bbox 648 4821 1014 4905; x_wconf 47' lang='grc' dir='ltr'>’ξενομέτςων</span> <span class='ocrx_word' id='word_1_766' title='bbox 1035 4825 1241 4905; x_wconf 45' lang='grc' dir='ltr'>ἀύτιῇ..</span> <span class='ocrx_word' id='word_1_767' title='bbox 1348 4829 1649 4905; x_wconf 65' lang='grc' dir='ltr'>γινομένων</span> <span class='ocrx_word' id='word_1_768' title='bbox 1681 4832 1742 4905; x_wconf 78' lang='grc' dir='ltr'><strong>ἐν</strong></span> <span class='ocrx_word' id='word_1_769' title='bbox 1766 4832 1936 4905; x_wconf 80' lang='grc' dir='ltr'>αὐτῷ.</span> 
     </span>
    </p>
   </div>
   <div class='ocr_carea' id='block_1_98' title="bbox 505 4891 2012 4973">
    <p class='ocr_par' dir='ltr' id='par_1_98' title="bbox 505 4891 2012 4973">
     <span class='ocr_line' id='line_1_98' title="bbox 505 4891 2012 4973; baseline 0.011 -29"><span class='ocrx_word' id='word_1_770' title='bbox 505 4892 618 4973; x_wconf 79' lang='lat'>(9_8)</span> <span class='ocrx_word' id='word_1_771' title='bbox 648 4892 832 4973; x_wconf 50' lang='lat' dir='ltr'><strong>&quot;Iun?-</strong></span> <span class='ocrx_word' id='word_1_772' title='bbox 860 4894 972 4964; x_wconf 77' lang='grc' dir='ltr'>γὰρ</span> <span class='ocrx_word' id='word_1_773' title='bbox 1002 4891 1155 4973; x_wconf 65' lang='grc' dir='ltr'>εἶναι</span> <span class='ocrx_word' id='word_1_774' title='bbox 1178 4891 1393 4973; x_wconf 50' lang='grc' dir='ltr'>θέλεις.</span> <span class='ocrx_word' id='word_1_775' title='bbox 1426 4891 1818 4969; x_wconf 80' lang='lat' dir='ltr'><strong>Disputationis</strong></span> <span class='ocrx_word' id='word_1_776' title='bbox 1850 4891 2012 4973; x_wconf 77' lang='lat' dir='ltr'><strong>hujus</strong></span> 
     </span>
    </p>
   </div>
   <div class='ocr_carea' id='block_1_99' title="bbox 434 4963 2016 5044">
    <p class='ocr_par' dir='ltr' id='par_1_99' title="bbox 434 4963 2016 5044">
     <span class='ocr_line' id='line_1_99' title="bbox 434 4963 2016 5044; baseline 0.008 -27"><span class='ocrx_word' id='word_1_777' title='bbox 434 4963 601 5017; x_wconf 86' lang='lat' dir='ltr'><strong>cardo</strong></span> <span class='ocrx_word' id='word_1_778' title='bbox 635 4965 891 5044; x_wconf 71' lang='lat' dir='ltr'><strong>postulat,</strong></span> <span class='ocrx_word' id='word_1_779' title='bbox 916 4975 974 5018; x_wconf 87' lang='lat' dir='ltr'><strong>ut</strong></span> <span class='ocrx_word' id='word_1_780' title='bbox 1005 4963 1637 5044; x_wconf 52' lang='lat' dir='ltr'><strong>ayévvnaovdnscratur;</strong></span> <span class='ocrx_word' id='word_1_781' title='bbox 1665 4987 1896 5044; x_wconf 88' lang='lat' dir='ltr'><strong>eamque</strong></span> <span class='ocrx_word' id='word_1_782' title='bbox 1919 4963 2016 5029; x_wconf 51' lang='lat' dir='ltr'><strong>vo-</strong></span> 
     </span>
    </p>
   </div>
   <div class='ocr_carea' id='block_1_100' title="bbox 434 5034 1620 5101">
    <p class='ocr_par' dir='ltr' id='par_1_100' title="bbox 434 5034 1620 5101">
     <span class='ocr_line' id='line_1_100' title="bbox 434 5034 1620 5101; baseline 0.006 -14"><span class='ocrx_word' id='word_1_783' title='bbox 434 5048 553 5087; x_wconf 90' lang='lat' dir='ltr'><strong>cem</strong></span> <span class='ocrx_word' id='word_1_784' title='bbox 586 5034 837 5100; x_wconf 83' lang='lat' dir='ltr'><strong>proxime</strong></span> <span class='ocrx_word' id='word_1_785' title='bbox 869 5034 1261 5101; x_wconf 77' lang='lat' dir='ltr'><strong>consequentia</strong></span> <span class='ocrx_word' id='word_1_786' title='bbox 1288 5038 1620 5094; x_wconf 78' lang='lat' dir='ltr'><strong>desiderant.</strong></span> 
     </span>
    </p>
   </div>
   <div class='ocr_carea' id='block_1_101' title="bbox 508 5103 2007 5178">
    <p class='ocr_par' dir='ltr' id='par_1_101' title="bbox 508 5103 2007 5178">
     <span class='ocr_line' id='line_1_101' title="bbox 508 5103 2007 5178; baseline 0.009 -22"><span class='ocrx_word' id='word_1_787' title='bbox 508 5103 623 5178; x_wconf 77' lang='lat'>(99)</span> <span class='ocrx_word' id='word_1_788' title='bbox 678 5105 978 5178; x_wconf 77' lang='grc' dir='ltr'>Ἔχεσθαι.</span> <span class='ocrx_word' id='word_1_789' title='bbox 1036 5105 1357 5178; x_wconf 82' lang='lat' dir='ltr'><strong>Corrigend.</strong></span> <span class='ocrx_word' id='word_1_790' title='bbox 1414 5126 1479 5163; x_wconf 77' lang='lat' dir='ltr'><strong>ex</strong></span> <span class='ocrx_word' id='word_1_791' title='bbox 1540 5112 1696 5168; x_wconf 88' lang='lat' dir='ltr'><strong>alter.</strong></span> <span class='ocrx_word' id='word_1_792' title='bbox 1755 5128 2007 5169; x_wconf 90' lang='lat' dir='ltr'><strong>manusc.</strong></span> 
     </span>
    </p>
   </div>
   <div class='ocr_carea' id='block_1_102' title="bbox 433 5171 2009 5252">
    <p class='ocr_par' dir='ltr' id='par_1_102' title="bbox 433 5171 2009 5252">
     <span class='ocr_line' id='line_1_102' title="bbox 433 5171 2009 5252; baseline 0.01 -26"><span class='ocrx_word' id='word_1_793' title='bbox 433 5171 716 5252; x_wconf 60' lang='grc' dir='ltr'>ἔρχεσθαι,</span> <span class='ocrx_word' id='word_1_794' title='bbox 739 5171 903 5252; x_wconf 71' lang='lat' dir='ltr'><strong>quam</strong></span> <span class='ocrx_word' id='word_1_795' title='bbox 937 5171 1336 5252; x_wconf 68' lang='lat' dir='ltr'><strong>lec_tion.etiam</strong></span> <span class='ocrx_word' id='word_1_796' title='bbox 1368 5179 1601 5237; x_wconf 86' lang='lat' dir='ltr'><strong>Montac.</strong></span> <span class='ocrx_word' id='word_1_797' title='bbox 1636 5192 2009 5252; x_wconf 68' lang='lat' dir='ltr'><strong>repraesentat.</strong></span> 
     </span>
    </p>
   </div>
   <div class='ocr_carea' id='block_1_103' title="bbox 499 5191 2015 5324">
    <p class='ocr_par' dir='ltr' id='par_1_103' title="bbox 499 5191 2015 5324">
     <span class='ocr_line' id='line_1_103' title="bbox 536 5191 2009 5252; baseline 0.01 -26"><span class='ocrx_word' id='word_1_798' title='bbox 536 5191 716 5237; x_wconf 82' lang='grc' dir='ltr'>εσυαι,</span> <span class='ocrx_word' id='word_1_799' title='bbox 739 5191 903 5236; x_wconf 85' lang='lat' dir='ltr'><strong>quam</strong></span> <span class='ocrx_word' id='word_1_800' title='bbox 937 5191 1336 5233; x_wconf 83' lang='lat' dir='ltr'><strong>Iecuon.etlam</strong></span> <span class='ocrx_word' id='word_1_801' title='bbox 1368 5191 1601 5237; x_wconf 79' lang='lat' dir='ltr'><strong>mentae.</strong></span> <span class='ocrx_word' id='word_1_802' title='bbox 1636 5192 2009 5252; x_wconf 67' lang='lat' dir='ltr'><strong>repraesentat.</strong></span> 
     </span>
     <span class='ocr_line' id='line_1_104' title="bbox 499 5191 2015 5324; baseline 0.009 -28"><span class='ocrx_word' id='word_1_803' title='bbox 499 5191 582 5324; x_wconf 44' lang='grc' dir='ltr'><strong>ᾗ.)</strong></span> <span class='ocrx_word' id='word_1_804' title='bbox 619 5245 937 5324; x_wconf 65' lang='grc' dir='ltr'>Ποιότητες</span> <span class='ocrx_word' id='word_1_805' title='bbox 963 5246 1082 5301; x_wconf 78' lang='grc' dir='ltr'>τῶν</span> <span class='ocrx_word' id='word_1_806' title='bbox 1112 5249 1443 5324; x_wconf 65' lang='grc' dir='ltr'>ποιοτήτων</span> <span class='ocrx_word' id='word_1_807' title='bbox 1479 5254 1741 5319; x_wconf 82' lang='grc' dir='ltr'>ποιότης.</span> <span class='ocrx_word' id='word_1_808' title='bbox 1786 5252 1925 5324; x_wconf 82' lang='lat' dir='ltr'><strong>Lege</strong></span> <span class='ocrx_word' id='word_1_809' title='bbox 1960 5265 2015 5312; x_wconf 73' lang='grc' dir='ltr'><strong>ει</strong></span> 
     </span>
    </p>
   </div>
   <div class='ocr_carea' id='block_1_104' title="bbox 434 5313 2012 5437">
    <p class='ocr_par' dir='ltr' id='par_1_104' title="bbox 434 5313 2012 5437">
     <span class='ocr_line' id='line_1_105' title="bbox 434 5313 2012 5437; baseline 0.006 -68"><span class='ocrx_word' id='word_1_810' title='bbox 434 5313 729 5437; x_wconf 54' lang='grc' dir='ltr'>ιίἷῗιίηςιιθ,</span> <span class='ocrx_word' id='word_1_811' title='bbox 770 5317 1082 5388; x_wconf 87' lang='grc' dir='ltr'>ποιότητες,</span> <span class='ocrx_word' id='word_1_812' title='bbox 1114 5317 1225 5372; x_wconf 88' lang='grc' dir='ltr'><strong>τῶν</strong></span> <span class='ocrx_word' id='word_1_813' title='bbox 1255 5313 1556 5392; x_wconf 84' lang='grc' dir='ltr'>ποιοτήτων</span> <span class='ocrx_word' id='word_1_814' title='bbox 1589 5313 2012 5394; x_wconf 64' lang='grc' dir='ltr'>ποιητής,”ουιῐι</span> 
     </span>
     <span class='ocr_line' id='line_1_106' title="bbox 434 5400 812 5437; baseline 0 0"><span class='ocrx_word' id='word_1_815' title='bbox 434 5400 467 5437; x_wconf 86' lang='lat' dir='ltr'><strong>a</strong></span> <span class='ocrx_word' id='word_1_816' title='bbox 518 5423 533 5437; x_wconf 92' lang='lat'><strong>.</strong></span> <span class='ocrx_word' id='word_1_817' title='bbox 563 5400 812 5437; x_wconf 89' lang='lat' dir='ltr'><strong>manusc.</strong></span> 
     </span>
    </p>
   </div>
   <div class='ocr_carea' id='block_1_105' title="bbox 434 5392 812 5440">
    <p class='ocr_par' dir='ltr' id='par_1_105' title="bbox 434 5392 812 5440">
     <span class='ocr_line' id='line_1_107' title="bbox 434 5392 812 5440; baseline 0.003 -1"><span class='ocrx_word' id='word_1_818' title='bbox 434 5392 533 5440; x_wconf 83' lang='lat' dir='ltr'><strong>alt.</strong></span> <span class='ocrx_word' id='word_1_819' title='bbox 563 5400 812 5439; x_wconf 89' lang='lat' dir='ltr'><strong>manusc.</strong></span> 
     </span>
    </p>
   </div>
   <div class='ocr_carea' id='block_1_106' title="bbox 503 5452 2013 5535">
    <p class='ocr_par' dir='ltr' id='par_1_106' title="bbox 503 5452 2013 5535">
     <span class='ocr_line' id='line_1_108' title="bbox 503 5452 2013 5535; baseline 0.009 -28"><span class='ocrx_word' id='word_1_820' title='bbox 503 5452 580 5524; x_wconf 74' lang='lat'>(‘2)</span> <span class='ocrx_word' id='word_1_821' title='bbox 619 5457 1087 5535; x_wconf 63' lang='lat' dir='ltr'><strong>ZvJJeldrzo&#39;_raI</strong></span> <span class='ocrx_word' id='word_1_822' title='bbox 1103 5459 1309 5535; x_wconf 37' lang='grc' dir='ltr'>(ὸς-οὑκ</span> <span class='ocrx_word' id='word_1_823' title='bbox 1332 5460 1504 5514; x_wconf 79' lang='grc' dir='ltr'>ἀδύν.</span> <span class='ocrx_word' id='word_1_824' title='bbox 1529 5478 1585 5517; x_wconf 92' lang='grc' dir='ltr'><strong>κ.</strong></span> <span class='ocrx_word' id='word_1_825' title='bbox 1603 5480 1653 5515; x_wconf 88' lang='grc' dir='ltr'>τ.</span> <span class='ocrx_word' id='word_1_826' title='bbox 1676 5466 1722 5535; x_wconf 80' lang='grc' dir='ltr'><strong>λ.</strong></span> <span class='ocrx_word' id='word_1_827' title='bbox 1745 5463 2013 5535; x_wconf 86' lang='lat' dir='ltr'><strong>Corrupta</strong></span> 
     </span>
    </p>
   </div>
   <div class='ocr_carea' id='block_1_107' title="bbox 434 5522 2014 5604">
    <p class='ocr_par' dir='ltr' id='par_1_107' title="bbox 434 5522 2014 5604">
     <span class='ocr_line' id='line_1_109' title="bbox 434 5522 2014 5604; baseline 0.009 -28"><span class='ocrx_word' id='word_1_828' title='bbox 434 5522 540 5604; x_wconf 66' lang='lat' dir='ltr'><strong>ista</strong></span> <span class='ocrx_word' id='word_1_829' title='bbox 558 5522 736 5604; x_wconf 70' lang='lat' dir='ltr'><strong>sunt_._</strong></span> <span class='ocrx_word' id='word_1_830' title='bbox 751 5541 849 5604; x_wconf 77' lang='lat' dir='ltr'><strong>nec</strong></span> <span class='ocrx_word' id='word_1_831' title='bbox 888 5522 1105 5604; x_wconf 62' lang='lat' dir='ltr'><strong>saniora</strong></span> <span class='ocrx_word' id='word_1_832' title='bbox 1139 5522 1228 5604; x_wconf 81' lang='lat' dir='ltr'><strong>illa</strong></span> <span class='ocrx_word' id='word_1_833' title='bbox 1280 5547 1580 5604; x_wconf 79' lang='lat' dir='ltr'><strong>manuscr.,</strong></span> <span class='ocrx_word' id='word_1_834' title='bbox 1611 5522 2014 5604; x_wconf 68' lang='grc' dir='ltr'>συλλελόγισται</span> 
     </span>
    </p>
   </div>
   <div class='ocr_carea' id='block_1_108' title="bbox 432 5592 2012 5676">
    <p class='ocr_par' dir='ltr' id='par_1_108' title="bbox 432 5592 2012 5676">
     <span class='ocr_line' id='line_1_110' title="bbox 432 5592 2012 5676; baseline 0.01 -32"><span class='ocrx_word' id='word_1_835' title='bbox 432 5592 626 5676; x_wconf 35' lang='grc' dir='ltr'>ῶςιούκ</span> <span class='ocrx_word' id='word_1_836' title='bbox 674 5593 938 5676; x_wconf 36' lang='grc' dir='ltr'>ἁδύῒνατον</span> <span class='ocrx_word' id='word_1_837' title='bbox 962 5598 1027 5676; x_wconf 65' lang='grc' dir='ltr'><strong>ἐξ</strong></span> <span class='ocrx_word' id='word_1_838' title='bbox 1045 5599 1153 5676; x_wconf 60' lang='grc' dir='ltr'><strong>οὐκ</strong></span> <span class='ocrx_word' id='word_1_839' title='bbox 1185 5599 1352 5676; x_wconf 59' lang='grc' dir='ltr'>ὄντων</span> <span class='ocrx_word' id='word_1_840' title='bbox 1372 5592 1703 5676; x_wconf 78' lang='grc' dir='ltr'>δημιουργὸν</span> <span class='ocrx_word' id='word_1_841' title='bbox 1726 5604 1816 5657; x_wconf 82' lang='grc' dir='ltr'><strong>τὸν</strong></span> <span class='ocrx_word' id='word_1_842' title='bbox 1843 5592 2012 5670; x_wconf 70' lang='grc' dir='ltr'>Θεὸν,</span> 
     </span>
    </p>
   </div>
   <div class='ocr_carea' id='block_1_109' title="bbox 432 5660 2010 5734">
    <p class='ocr_par' dir='ltr' id='par_1_109' title="bbox 432 5660 2010 5734">
     <span class='ocr_line' id='line_1_111' title="bbox 432 5660 2010 5734; baseline 0.011 -19"><span class='ocrx_word' id='word_1_843' title='bbox 432 5661 696 5721; x_wconf 70' lang='grc' dir='ltr'>ἀδύνατον</span> <span class='ocrx_word' id='word_1_844' title='bbox 736 5660 870 5721; x_wconf 81' lang='grc' dir='ltr'>εἶναι</span> <span class='ocrx_word' id='word_1_845' title='bbox 911 5660 1088 5733; x_wconf 78' lang='grc' dir='ltr'>δοξάζ.</span> <span class='ocrx_word' id='word_1_846' title='bbox 1110 5709 1123 5734; x_wconf 90' lang='grc'><strong>,</strong></span> <span class='ocrx_word' id='word_1_847' title='bbox 1156 5680 1259 5725; x_wconf 89' lang='lat' dir='ltr'><strong>etc.</strong></span> <span class='ocrx_word' id='word_1_848' title='bbox 1292 5660 1472 5726; x_wconf 75' lang='lat' dir='ltr'><strong>Facile</strong></span> <span class='ocrx_word' id='word_1_849' title='bbox 1522 5660 1701 5730; x_wconf 62' lang='lat' dir='ltr'><strong>tanien</strong></span> <span class='ocrx_word' id='word_1_850' title='bbox 1731 5660 2010 5733; x_wconf 79' lang='lat' dir='ltr'><strong>emendari</strong></span> 
     </span>
    </p>
   </div>
   <div class='ocr_carea' id='block_1_110' title="bbox 2115 4489 3708 4562">
    <p class='ocr_par' dir='ltr' id='par_1_110' title="bbox 2115 4489 3708 4562">
     <span class='ocr_line' id='line_1_112' title="bbox 2115 4489 3708 4562; baseline 0.003 -21"><span class='ocrx_word' id='word_1_851' title='bbox 2115 4489 2328 4543; x_wconf 68' lang='grc' dir='ltr'>ποιοῦσι</span> <span class='ocrx_word' id='word_1_852' title='bbox 2353 4491 2537 4555; x_wconf 89' lang='grc' dir='ltr'>πόλεις</span> <span class='ocrx_word' id='word_1_853' title='bbox 2561 4493 2659 4545; x_wconf 76' lang='grc' dir='ltr'><strong>οὐκ</strong></span> <span class='ocrx_word' id='word_1_854' title='bbox 2685 4494 2749 4545; x_wconf 84' lang='grc' dir='ltr'><strong>ἐκ</strong></span> <span class='ocrx_word' id='word_1_855' title='bbox 2778 4492 3005 4555; x_wconf 85' lang='grc' dir='ltr'>πόλεων,</span> <span class='ocrx_word' id='word_1_856' title='bbox 3045 4491 3139 4547; x_wconf 73' lang='grc' dir='ltr'><strong>καὶ</strong></span> <span class='ocrx_word' id='word_1_857' title='bbox 3176 4492 3337 4554; x_wconf 83' lang='grc' dir='ltr'>ναοὺς</span> <span class='ocrx_word' id='word_1_858' title='bbox 3364 4493 3568 4562; x_wconf 77' lang='grc' dir='ltr'>ὁμοίως</span> <span class='ocrx_word' id='word_1_859' title='bbox 3601 4494 3708 4546; x_wconf 77' lang='grc' dir='ltr'><strong>οὐκ</strong></span> 
     </span>
    </p>
   </div>
   <div class='ocr_carea' id='block_1_111' title="bbox 2114 4583 3707 4651">
    <p class='ocr_par' dir='ltr' id='par_1_111' title="bbox 2114 4583 3707 4651">
     <span class='ocr_line' id='line_1_113' title="bbox 2114 4583 3707 4651; baseline 0.001 -17"><span class='ocrx_word' id='word_1_860' title='bbox 2114 4583 2176 4635; x_wconf 89' lang='grc' dir='ltr'><strong>ἐκ</strong></span> <span class='ocrx_word' id='word_1_861' title='bbox 2204 4583 2365 4636; x_wconf 86' lang='grc' dir='ltr'>ναῶν.</span> <span class='ocrx_word' id='word_1_862' title='bbox 2396 4585 2458 4637; x_wconf 81' lang='grc' dir='ltr'><strong>Εἰ</strong></span> <span class='ocrx_word' id='word_1_863' title='bbox 2480 4584 2525 4636; x_wconf 83' lang='grc' dir='ltr'>δ’</span> <span class='ocrx_word' id='word_1_864' title='bbox 2562 4586 2643 4638; x_wconf 85' lang='grc' dir='ltr'><strong>ὅτι</strong></span> <span class='ocrx_word' id='word_1_865' title='bbox 2669 4584 2880 4647; x_wconf 86' lang='grc' dir='ltr'>τούτοις</span> <span class='ocrx_word' id='word_1_866' title='bbox 2911 4584 3091 4637; x_wconf 79' lang='grc' dir='ltr'>οὐσίαι</span> <span class='ocrx_word' id='word_1_867' title='bbox 3141 4583 3480 4645; x_wconf 88' lang='grc' dir='ltr'>ὑπόκεινται,</span> <span class='ocrx_word' id='word_1_868' title='bbox 3510 4584 3613 4637; x_wconf 82' lang='grc' dir='ltr'>οἴει</span> <span class='ocrx_word' id='word_1_869' title='bbox 3643 4585 3707 4651; x_wconf 79' lang='grc' dir='ltr'>ἐξ</span> 
     </span>
    </p>
   </div>
   <div class='ocr_carea' id='block_1_112' title="bbox 2112 4673 3708 4749">
    <p class='ocr_par' dir='ltr' id='par_1_112' title="bbox 2112 4673 3708 4749">
     <span class='ocr_line' id='line_1_114' title="bbox 2112 4673 3708 4749; baseline 0.001 -22"><span class='ocrx_word' id='word_1_870' title='bbox 2112 4673 2279 4728; x_wconf 78' lang='grc' dir='ltr'>ὄντων</span> <span class='ocrx_word' id='word_1_871' title='bbox 2298 4675 2494 4739; x_wconf 78' lang='grc' dir='ltr'>αὐτοὺς</span> <span class='ocrx_word' id='word_1_872' title='bbox 2516 4676 2689 4731; x_wconf 89' lang='grc' dir='ltr'>ταῦτα</span> <span class='ocrx_word' id='word_1_873' title='bbox 2716 4680 2909 4741; x_wconf 84' lang='grc' dir='ltr'>ποιεῖν,</span> <span class='ocrx_word' id='word_1_874' title='bbox 2937 4674 3147 4747; x_wconf 81' lang='grc' dir='ltr'>σφάλλῃ</span> <span class='ocrx_word' id='word_1_875' title='bbox 3168 4674 3246 4747; x_wconf 84' lang='grc' dir='ltr'>τῷ</span> <span class='ocrx_word' id='word_1_876' title='bbox 3272 4675 3436 4747; x_wconf 59' lang='grc' dir='ltr'>λόγῳ</span> <span class='ocrx_word' id='word_1_877' title='bbox 3454 4676 3578 4730; x_wconf 75' lang='grc' dir='ltr'>οὑδὲ</span> <span class='ocrx_word' id='word_1_878' title='bbox 3593 4676 3708 4749; x_wconf 77' lang='grc' dir='ltr'><strong>γάρ</strong></span> 
     </span>
    </p>
   </div>
   <div class='ocr_carea' id='block_1_113' title="bbox 2110 4854 3705 4988">
    <p class='ocr_par' dir='ltr' id='par_1_113' title="bbox 2110 4854 3705 4988">
     <span class='ocr_line' id='line_1_115' title="bbox 2110 4854 3705 4988; baseline 0.001 -81"><span class='ocrx_word' id='word_1_879' title='bbox 2110 4855 2440 4988; x_wconf 57' lang='grc' dir='ltr'><strong>ἓὲδέόῗὲηῐὲιίἰ</strong></span> <span class='ocrx_word' id='word_1_880' title='bbox 2465 4855 2683 4927; x_wconf 84' lang='lat' dir='ltr'><strong>legeris,</strong></span> <span class='ocrx_word' id='word_1_881' title='bbox 2714 4855 2791 4921; x_wconf 83' lang='grc' dir='ltr'>ὡς</span> <span class='ocrx_word' id='word_1_882' title='bbox 2819 4855 3228 4925; x_wconf 88' lang='grc' dir='ltr'>συλλελόγισται</span> <span class='ocrx_word' id='word_1_883' title='bbox 3262 4854 3527 4909; x_wconf 87' lang='grc' dir='ltr'>ἀδύνατον</span> <span class='ocrx_word' id='word_1_884' title='bbox 3557 4854 3705 4910; x_wconf 80' lang='grc' dir='ltr'>εἶναι</span> 
     </span>
     <span class='ocr_line' id='line_1_116' title="bbox 2171 4960 2448 4988; baseline 0.007 -12"><span class='ocrx_word' id='word_1_885' title='bbox 2171 4960 2197 4988; x_wconf 59' lang='grc' dir='ltr'><strong>ς</strong></span> <span class='ocrx_word' id='word_1_886' title='bbox 2277 4963 2314 4987; x_wconf 91' lang='grc'><strong>.,</strong></span> <span class='ocrx_word' id='word_1_887' title='bbox 2435 4966 2448 4978; x_wconf 95' lang='grc'><strong>.</strong></span> 
     </span>
    </p>
   </div>
   <div class='ocr_carea' id='block_1_114' title="bbox 2112 4960 3702 5117">
    <p class='ocr_par' dir='ltr' id='par_1_114' title="bbox 2112 4960 3702 5117">
     <span class='ocr_line' id='line_1_117' title="bbox 2112 4960 3702 5117; baseline 0 -66"><span class='ocrx_word' id='word_1_888' title='bbox 2502 4996 2535 5048; x_wconf 85' lang='grc' dir='ltr'><strong>ό</strong></span> <span class='ocrx_word' id='word_1_889' title='bbox 2564 4992 2701 5065; x_wconf 82' lang='grc' dir='ltr'>μέν.</span> <span class='ocrx_word' id='word_1_890' title='bbox 2736 4993 3035 5053; x_wconf 86' lang='lat' dir='ltr'><strong>Concessio</strong></span> <span class='ocrx_word' id='word_1_891' title='bbox 3078 5010 3189 5051; x_wconf 91' lang='lat' dir='ltr'><strong>non</strong></span> <span class='ocrx_word' id='word_1_892' title='bbox 3234 5004 3353 5064; x_wconf 89' lang='lat' dir='ltr'><strong>est,</strong></span> <span class='ocrx_word' id='word_1_893' title='bbox 3394 4995 3493 5053; x_wconf 76' lang='lat' dir='ltr'><strong>sed</strong></span> <span class='ocrx_word' id='word_1_894' title='bbox 3539 4997 3702 5069; x_wconf 88' lang='lat' dir='ltr'><strong>quasi</strong></span> 
     </span>
     <span class='ocr_line' id='line_1_118' title="bbox 2138 5079 2385 5117; baseline 0 0"><span class='ocrx_word' id='word_1_895' title='bbox 2138 5079 2282 5117; x_wconf 76' lang='lat' dir='ltr'><strong>ransn</strong></span> <span class='ocrx_word' id='word_1_896' title='bbox 2315 5080 2385 5117; x_wconf 88' lang='lat' dir='ltr'><strong>I0.</strong></span> 
     </span>
    </p>
   </div>
   <div class='ocr_carea' id='block_1_115' title="bbox 2138 5074 3698 5207">
    <p class='ocr_par' dir='ltr' id='par_1_115' title="bbox 2138 5074 3698 5207">
     <span class='ocr_line' id='line_1_119' title="bbox 2138 5074 3698 5207; baseline -0.004 -11"><span class='ocrx_word' id='word_1_897' title='bbox 2138 5074 2405 5207; x_wconf 38' lang='lat' dir='ltr'><strong>fiaslullatl</strong></span> <span class='ocrx_word' id='word_1_898' title='bbox 2438 5134 2549 5205; x_wconf 75' lang='grc' dir='ltr'>γὰρ</span> <span class='ocrx_word' id='word_1_899' title='bbox 2579 5137 2718 5204; x_wconf 78' lang='grc' dir='ltr'>παρ’</span> <span class='ocrx_word' id='word_1_900' title='bbox 2752 5136 2916 5205; x_wconf 76' lang='grc' dir='ltr'>ἡμῖν.</span> <span class='ocrx_word' id='word_1_901' title='bbox 2965 5134 3266 5207; x_wconf 76' lang='lat' dir='ltr'><strong>subtiliora</strong></span> <span class='ocrx_word' id='word_1_902' title='bbox 3314 5144 3445 5207; x_wconf 83' lang='lat' dir='ltr'><strong>sunt</strong></span> <span class='ocrx_word' id='word_1_903' title='bbox 3466 5177 3482 5203; x_wconf 91' lang='lat'><strong>,</strong></span> <span class='ocrx_word' id='word_1_904' title='bbox 3528 5151 3698 5207; x_wconf 83' lang='lat' dir='ltr'><strong>quam</strong></span> 
     </span>
    </p>
   </div>
   <div class='ocr_carea' id='block_1_116' title="bbox 2116 5205 3697 5274">
    <p class='ocr_par' dir='ltr' id='par_1_116' title="bbox 2116 5205 3697 5274">
     <span class='ocr_line' id='line_1_120' title="bbox 2116 5205 3697 5274; baseline 0.003 -17"><span class='ocrx_word' id='word_1_905' title='bbox 2116 5205 2376 5259; x_wconf 86' lang='lat' dir='ltr'><strong>solidiora</strong></span> <span class='ocrx_word' id='word_1_906' title='bbox 2399 5246 2413 5270; x_wconf 96' lang='lat'><strong>,</strong></span> <span class='ocrx_word' id='word_1_907' title='bbox 2447 5221 2570 5274; x_wconf 69' lang='lat' dir='ltr'><strong>quae</strong></span> <span class='ocrx_word' id='word_1_908' title='bbox 2602 5216 2926 5274; x_wconf 84' lang='lat' dir='ltr'><strong>sequuntur.</strong></span> <span class='ocrx_word' id='word_1_909' title='bbox 2969 5206 3083 5262; x_wconf 88' lang='lat' dir='ltr'><strong>Nec</strong></span> <span class='ocrx_word' id='word_1_910' title='bbox 3126 5209 3271 5262; x_wconf 88' lang='lat' dir='ltr'><strong>enim</strong></span> <span class='ocrx_word' id='word_1_911' title='bbox 3305 5205 3697 5269; x_wconf 30' lang='grc' dir='ltr'>ὑλώδειςίὴιὶ,</span> 
     </span>
    </p>
   </div>
   <div class='ocr_carea' id='block_1_117' title="bbox 2113 5275 3696 5339">
    <p class='ocr_par' dir='ltr' id='par_1_117' title="bbox 2113 5275 3696 5339">
     <span class='ocr_line' id='line_1_121' title="bbox 2113 5275 3696 5339; baseline 0.002 -11"><span class='ocrx_word' id='word_1_912' title='bbox 2113 5275 2376 5330; x_wconf 90' lang='lat' dir='ltr'><strong>mundum</strong></span> <span class='ocrx_word' id='word_1_913' title='bbox 2418 5290 2485 5329; x_wconf 86' lang='lat' dir='ltr'><strong>ex</strong></span> <span class='ocrx_word' id='word_1_914' title='bbox 2530 5276 2637 5330; x_wconf 91' lang='lat' dir='ltr'><strong>alio</strong></span> <span class='ocrx_word' id='word_1_915' title='bbox 2669 5276 2909 5339; x_wconf 90' lang='lat' dir='ltr'><strong>mundo,</strong></span> <span class='ocrx_word' id='word_1_916' title='bbox 2960 5278 3053 5332; x_wconf 87' lang='lat' dir='ltr'><strong>sed</strong></span> <span class='ocrx_word' id='word_1_917' title='bbox 3101 5293 3167 5332; x_wconf 84' lang='lat' dir='ltr'><strong>ex</strong></span> <span class='ocrx_word' id='word_1_918' title='bbox 3225 5277 3453 5332; x_wconf 88' lang='lat' dir='ltr'><strong>materia</strong></span> <span class='ocrx_word' id='word_1_919' title='bbox 3486 5276 3696 5332; x_wconf 79' lang='lat' dir='ltr'><strong>factum</strong></span> 
     </span>
    </p>
   </div>
   <div class='ocr_carea' id='block_1_118' title="bbox 2112 5346 3700 5416">
    <p class='ocr_par' dir='ltr' id='par_1_118' title="bbox 2112 5346 3700 5416">
     <span class='ocr_line' id='line_1_122' title="bbox 2112 5346 3700 5416; baseline 0.004 -20"><span class='ocrx_word' id='word_1_920' title='bbox 2112 5346 2401 5416; x_wconf 88' lang='lat' dir='ltr'><strong>volebant;</strong></span> <span class='ocrx_word' id='word_1_921' title='bbox 2449 5354 2502 5399; x_wconf 92' lang='lat' dir='ltr'><strong>et</strong></span> <span class='ocrx_word' id='word_1_922' title='bbox 2548 5346 2718 5408; x_wconf 90' lang='lat' dir='ltr'><strong>satis,</strong></span> <span class='ocrx_word' id='word_1_923' title='bbox 2762 5346 2993 5416; x_wconf 87' lang='lat' dir='ltr'><strong>opinor,</strong></span> <span class='ocrx_word' id='word_1_924' title='bbox 3037 5347 3333 5411; x_wconf 84' lang='lat' dir='ltr'><strong>vidissent,</strong></span> <span class='ocrx_word' id='word_1_925' title='bbox 3381 5356 3532 5402; x_wconf 83' lang='lat' dir='ltr'><strong>artes</strong></span> <span class='ocrx_word' id='word_1_926' title='bbox 3576 5347 3700 5403; x_wconf 75' lang='lat' dir='ltr'><strong>illas</strong></span> 
     </span>
    </p>
   </div>
   <div class='ocr_carea' id='block_1_119' title="bbox 2116 5415 3698 5487">
    <p class='ocr_par' dir='ltr' id='par_1_119' title="bbox 2116 5415 3698 5487">
     <span class='ocr_line' id='line_1_123' title="bbox 2116 5415 3698 5487; baseline 0.004 -20"><span class='ocrx_word' id='word_1_927' title='bbox 2116 5415 2441 5487; x_wconf 74' lang='lat' dir='ltr'><strong>singulares</strong></span> <span class='ocrx_word' id='word_1_928' title='bbox 2467 5431 2531 5470; x_wconf 92' lang='lat' dir='ltr'><strong>ac</strong></span> <span class='ocrx_word' id='word_1_929' title='bbox 2567 5415 2834 5487; x_wconf 88' lang='lat' dir='ltr'><strong>proprias,</strong></span> <span class='ocrx_word' id='word_1_930' title='bbox 2878 5432 2986 5471; x_wconf 93' lang='lat' dir='ltr'><strong>non</strong></span> <span class='ocrx_word' id='word_1_931' title='bbox 3034 5416 3147 5486; x_wconf 84' lang='lat' dir='ltr'><strong>jam</strong></span> <span class='ocrx_word' id='word_1_932' title='bbox 3178 5433 3246 5471; x_wconf 78' lang='lat' dir='ltr'><strong>ex</strong></span> <span class='ocrx_word' id='word_1_933' title='bbox 3273 5417 3445 5472; x_wconf 90' lang='lat' dir='ltr'><strong>nihilo</strong></span> <span class='ocrx_word' id='word_1_934' title='bbox 3472 5428 3698 5487; x_wconf 86' lang='lat' dir='ltr'><strong>repente</strong></span> 
     </span>
    </p>
   </div>
   <div class='ocr_carea' id='block_1_120' title="bbox 2116 5483 3700 5557">
    <p class='ocr_par' dir='ltr' id='par_1_120' title="bbox 2116 5483 3700 5557">
     <span class='ocr_line' id='line_1_124' title="bbox 2116 5483 3700 5557; baseline 0.003 -19"><span class='ocrx_word' id='word_1_935' title='bbox 2116 5486 2266 5557; x_wconf 82' lang='lat' dir='ltr'><strong>nasci</strong></span> <span class='ocrx_word' id='word_1_936' title='bbox 2288 5525 2303 5550; x_wconf 91' lang='lat'><strong>,</strong></span> <span class='ocrx_word' id='word_1_937' title='bbox 2350 5483 2444 5557; x_wconf 87' lang='lat' dir='ltr'><strong>sed</strong></span> <span class='ocrx_word' id='word_1_938' title='bbox 2472 5483 2584 5557; x_wconf 82' lang='lat' dir='ltr'><strong>acri</strong></span> <span class='ocrx_word' id='word_1_939' title='bbox 2610 5483 2812 5551; x_wconf 86' lang='lat' dir='ltr'><strong>studio,</strong></span> <span class='ocrx_word' id='word_1_940' title='bbox 2840 5483 3140 5542; x_wconf 81' lang='lat' dir='ltr'><strong>continenti</strong></span> <span class='ocrx_word' id='word_1_941' title='bbox 3172 5502 3299 5550; x_wconf 82' lang='lat' dir='ltr'><strong>usu,</strong></span> <span class='ocrx_word' id='word_1_942' title='bbox 3336 5483 3590 5557; x_wconf 74' lang='lat' dir='ltr'><strong>improbo</strong></span> <span class='ocrx_word' id='word_1_943' title='bbox 3618 5488 3700 5543; x_wconf 86' lang='lat' dir='ltr'><strong>la-</strong></span> 
     </span>
    </p>
   </div>
   <div class='ocr_carea' id='block_1_121' title="bbox 2114 5553 3701 5697">
    <p class='ocr_par' dir='ltr' id='par_1_121' title="bbox 2114 5553 3701 5697">
     <span class='ocr_line' id='line_1_125' title="bbox 2114 5553 3701 5681; baseline 0.005 -73"><span class='ocrx_word' id='word_1_944' title='bbox 2114 5553 2269 5679; x_wconf 52' lang='lat' dir='ltr'><strong>gore,</strong></span> <span class='ocrx_word' id='word_1_945' title='bbox 2305 5572 2369 5611; x_wconf 88' lang='lat' dir='ltr'><strong>ac</strong></span> <span class='ocrx_word' id='word_1_946' title='bbox 2398 5556 2661 5681; x_wconf 38' lang='lat' dir='ltr'><strong>siam-ilium</strong></span> <span class='ocrx_word' id='word_1_947' title='bbox 2693 5557 2896 5613; x_wconf 88' lang='lat' dir='ltr'><strong>artium</strong></span> <span class='ocrx_word' id='word_1_948' title='bbox 2920 5557 3229 5614; x_wconf 87' lang='lat' dir='ltr'><strong>imitatione</strong></span> <span class='ocrx_word' id='word_1_949' title='bbox 3254 5553 3524 5629; x_wconf 76' lang='lat' dir='ltr'><strong>paulatim</strong></span> <span class='ocrx_word' id='word_1_950' title='bbox 3550 5560 3701 5616; x_wconf 78' lang='lat' dir='ltr'><strong>exci-</strong></span> 
     </span>
     <span class='ocr_line' id='line_1_126' title="bbox 2172 5641 3023 5697; baseline -0.001 -17"><span class='ocrx_word' id='word_1_951' title='bbox 2172 5642 2217 5680; x_wconf 83' lang='lat' dir='ltr'><strong>n</strong></span> <span class='ocrx_word' id='word_1_952' title='bbox 2246 5641 2310 5681; x_wconf 93' lang='lat' dir='ltr'><strong>ac</strong></span> <span class='ocrx_word' id='word_1_953' title='bbox 2334 5643 2417 5697; x_wconf 80' lang='lat' dir='ltr'><strong>pet</strong></span> <span class='ocrx_word' id='word_1_954' title='bbox 2471 5643 2539 5683; x_wconf 86' lang='lat' dir='ltr'><strong>Cl.</strong></span> <span class='ocrx_word' id='word_1_955' title='bbox 3016 5674 3023 5679; x_wconf 93' lang='lat'><strong>.</strong></span> 
     </span>
    </p>
   </div>
  </div>
