3856 6224
180 243 299 299 573
1420 242 1744 301 ΡΒΛΕΡΑΒ.

1883 243 2042 303 ANG.
2081 244 2213 304 LIB.
2254 243 2368 303 νη.
3370 251 3476 308 επ

180 358 217 428 ἠ
250 359 413 411 οὐσία
448 357 597 411 ἐστὶν
628 357 663 430 ἡ
696 355 923 412 ποιοῦσα
949 356 1047 430 τὴν
1079 358 1252 424 πόλιν,
1287 359 1321 432 ἢ
1350 354 1417 414 αὖ
1446 363 1572 425 τοὺς
1605 363 1766 426 ναοὺς

1895 366 2133 416 mundus
2166 371 2276 427 est,
2300 368 2355 416 et
2391 361 2680 432 qualitates
2726 360 2781 416 in
2829 361 3035 418 mundo
3057 371 3205 430 sunt,
3246 365 3474 422 istarum

180 452 303 504 ἀλλ’
320 453 357 522 ἡ
384 452 513 525 περῖ⁸
529 450 627 522 τὴν
647 451 834 504 οὐσίαν
849 451 1032 522 τέχνη·
1062 454 1096 523 ἡ
1118 453 1175 507 δὲ
1191 452 1353 525 τέχνη
1376 455 1477 508 οὐκ
1487 454 1547 520 ἐξ
1566 456 1771 509 ὐποκει·

1894 452 2139 524 profecto
2173 454 2499 523 qualitatum
2533 461 2726 508 auctor
2755 452 2901 510 Deus
2925 464 3029 511 est.
3058 453 3277 526 Utique.
3322 456 3475 525 Quo-

182 543 363 614 μένης
384 541 533 605 τινὸς
564 542 624 594 ὲν
660 543 781 604 ταῖς
825 541 1039 605 οὐσίαις
1074 541 1272 613 τέχνης
1301 542 1532 610 γίνεται,
1582 544 1700 598 ἀλλ’
1729 544 1790 612 ἐξ

181 636 291 688 οὐκ
319 633 490 703 οὐσης
521 634 580 685 ὲν
603 633 797 696 αὐταῖς
815 632 1049 701 γίνεται.
1100 634 1458 705 Ἀπαντήσειν
1494 634 1553 688 δέ
1581 652 1671 707 μοι
1697 636 1789 689 δο-

180 728 309 789 κεῖς
353 724 499 779 οὔτω
530 722 610 795 τῷ
636 724 799 795 λόγῳ,
825 724 908 777 ὅτι
934 725 963 777 ὁ
983 725 1236 797 τεχνίτης
1262 725 1321 792 ἐξ
1351 721 1419 799 ἦς
1447 726 1561 797 ἔχει
1591 728 1790 800 τέχνης

178 823 284 893 τὴν
320 823 382 875 ὲν
412 824 479 893 τῇ
503 821 663 893 οὐσίᾳ
689 821 885 893 τέχνην
906 825 1071 876 ποιεῖ.
1105 821 1251 894 Πρὸς
1274 822 1332 875 δὲ
1352 821 1512 876 τοῦτο
1531 823 1788 892 λέγεσθαι

176 916 332 969 τοῦτ’
364 910 424 969 εὖ
452 915 595 987 ἔχειν
621 932 712 987 μοι
738 914 904 981 δοκεῖ,
937 916 1019 969 ὅτι
1069 915 1190 969 οὐδὲ
1220 917 1278 969 ὲν
1300 914 1378 987 τῷ
1427 915 1699 988 ἀνθρώπῳ
1725 917 1789 971 ἐκ

177 1024 333 1070 τινος
363 1006 731 1077 ὑποκειμένης
784 1005 982 1077 τέχνης
1027 1006 1255 1075 γίνεται.
1291 1008 1366 1061 Οὐ
1413 1006 1525 1079 γὰρ
1578 1006 1787 1061 ἔνεστιν

178 1103 357 1173 αὐτὴν
382 1104 468 1173 ἐφ’
503 1102 701 1173 ἑαυτῆς
727 1097 893 1157 οὖσαν
926 1102 1110 1156 δοῦναι
1153 1103 1251 1173 τὴν
1294 1103 1505 1173 τέχνην·
1543 1102 1651 1156 τῶν
1676 1102 1786 1175 γὰρ

179 1193 617 1265 συμϐεϐηκότων
646 1194 784 1259 ἐστὶ,
826 1195 921 1248 καὶ¹
976 1193 1082 1248 τῶν
1132 1195 1252 1248 τότε
1276 1195 1338 1248 τὸ
1384 1190 1523 1248 εἶναι
1570 1195 1783 1266 λαμϐα-

176 1285 409 1349 νόντων,
449 1285 651 1339 ὁπόταν
676 1286 735 1337 ἐν
763 1285 921 1356 οὐσίᾳ.
950 1286 1228 1354 γίνωνται.
1283 1286 1342 1339 Ὀ
1379 1286 1477 1357 μὲν
1528 1286 1638 1357 γὰρ
1687 1287 1784 1340 ἄνα

178 1376 409 1449 θρωπος
434 1378 529 1430 καὶ
561 1377 731 1449 χωρὶς
752 1376 856 1447 τῆς
880 1377 1328 1449 ἀρχιτεκτονικῆς
1358 1376 1530 1430 ἔσται·
1551 1378 1585 1448 ἡ
1617 1377 1661 1430 δ’
1684 1376 1784 1430 οὐκ

1892 545 2042 600 niam
2072 546 2239 617 igitur
2268 561 2335 601 ex
2368 554 2422 601 te
2456 545 2576 615 ipso
2603 546 2768 615 paulo
2795 557 2921 602 ante
2952 550 3261 617 audiebam,
3283 567 3351 606 ex
3396 553 3478 607 ni-

1892 638 2005 693 hilo
2028 638 2142 693 ﬁeri
2180 636 2320 691 nihil
2345 638 2573 691 omnino
2616 653 2802 707 posse,
2840 638 2947 694 hoc
2973 648 3028 694 tu
3075 641 3210 695 mihi
3254 657 3477 713 respon-

1889 729 2025 807 deas
2049 728 2236 781 velim.
2286 726 2605 792 Existimas,
2648 729 2701 782 ni
2732 727 2913 794 fallor,
2957 732 3148 785 mundi
3182 733 3474 802 qualitates

1889 836 2068 892 neque
2100 821 2364 891 subjectis
2391 836 2456 874 ex
2483 821 2837 890 qualitatibus
2860 822 3032 879 factas
3057 840 3200 892 esse,
3223 836 3278 881 et
3291 835 3471 883 tamen

1889 928 1920 967 a
1942 913 2154 968 naturis
2184 928 2308 968 esse
2338 912 2629 968 distinctas
2678 915 2921 969 omnino.
2968 914 3024 971 Si
3065 933 3195 987 ergo
3231 919 3472 989 qualita-

1890 1013 1976 1060 tes
2007 1019 2037 1058 a
2067 1003 2197 1069 Deo,
2251 1019 2429 1074 neque
2462 1004 2730 1074 subjectis
2762 1020 2829 1059 ex
2863 1007 3241 1075 qualitatibus,
3293 1025 3474 1078 neque

1890 1097 2063 1150 etiam
2087 1111 2155 1150 ex
2180 1096 2399 1150 naturis
2424 1096 2704 1165 productae
2756 1096 2885 1162 sint,
2921 1098 3066 1167 quod
3102 1109 3312 1153 natura:
3359 1115 3469 1154 non

1886 1189 2019 1252 sint,
2047 1204 2141 1244 eas
2170 1205 2236 1243 ex
2276 1190 2450 1245 nihilo
2476 1200 2625 1245 certe
2656 1190 2875 1261 quidem
2897 1191 3192 1261 productas
3222 1207 3343 1247 esse
3372 1209 3470 1247 ne-

1885 1297 2041 1337 cesse
2066 1291 2170 1337 est.
2203 1281 2405 1348 Quare,
2439 1282 2670 1349 frustra,
2717 1283 2932 1353 opinor,
2961 1285 3070 1339 tuis
3096 1286 3146 1339 id
3175 1301 3471 1355 argumen-

1887 1373 1956 1427 tis
1984 1372 2235 1428 eﬂ‘ectum
2264 1388 2388 1429 esse
2411 1374 2655 1441 dicebas,
2689 1376 2825 1429 nihil
2873 1385 2934 1429 ut
2988 1377 3212 1430 omnino
3234 1377 3378 1432 Deus
3401 1392 3470 1432 ex

1885 1465 2056 1520 nihilo
2089 1464 2299 1522 edicere
2327 1467 2573 1535 potuisse
2601 1468 2934 1523 crederetur.
2967 1467 3293 1540 Quanquam
3323 1471 3473 1526 hunc

176 1467 359 1529 ἔσται,
385 1467 479 1521 ἐὰν
499 1465 574 1538 μὴ
601 1467 864 1539 πρότερον
894 1467 1180 1543 ἄνθρωπος
1213 1463 1439 1543 ᾖ.”Ὀθεν
1464 1467 1564 1531 τὰς
1588 1466 1782 1538 τέχνας

175 1554 238 1622 ἐξ
274 1555 378 1609 οὐκ
409 1555 581 1609 ὄντων
612 1538 693 1620 είς
721 1538 1039 1629 ἀνθρώπους
1066 1538 1367 1626 πεφυκέναι
1396 1558 1642 1628 γίνεσθαι
1695 1557 1771 1611 λέ-

1879 1557 2047 1610 etiam
2086 1557 2141 1611 in
2176 1558 2399 1612 modum
2431 1559 2532 1613 hac
2562 1558 2679 1628 ipsa
2703 1559 2770 1614 de
2811 1574 2870 1613 re
2897 1538 3177 1629 disputare
3207 1561 3350 1616 licet.
3384 1562 3471 1618 Ab

174 1664 300 1716 γειν
324 1648 647 1716 ἀναγκαῖον.
682 1649 743 1702 El
768 1649 948 1702 τοίνυν
1001 1648 1162 1703 τοῦτο
1207 1648 1379 1714 οὕτως
1418 1649 1540 1720 ἔχον
1570 1650 1658 1703 ἐπ’
1686 1653 1771 1704 ἀν-

1884 1648 2198 1704 hominibus
2226 1648 2499 1703 interdum
2531 1650 2799 1717 videmus,
2850 1666 2918 1705 ex
2993 1666 3081 1715 eo,
3134 1653 3281 1722 quod
3336 1668 3470 1710 nus-

174 1740 420 1812 θρώπων
448 1740 754 1812 ἐδείξαμεν,
786 1740 904 1804 πῶς
945 1740 1065 1811 οὐχὶ
1126 1741 1370 1812 προσῆκε
1411 1741 1502 1794 τὸν
1539 1740 1671 1795 Θεὸν
1699 1742 1771 1813 μὴ

1879 1755 2044 1810 quam
2075 1752 2184 1806 est,
2216 1741 2479 1795 nonnulla
2508 1742 2647 1807 ﬁeri,
2678 1749 2739 1795 ut
2766 1742 2818 1794 in
2854 1742 2963 1795 alio
2993 1743 3250 1812 quopiam
3281 1759 3471 1801 susce-

176 1834 344 1904 μόνον
374 1835 666 1905 ποιότητας
691 1834 751 1899 ἐξ
775 1834 875 1888 οὐκ
900 1835 1068 1888 όντων
1098 1834 1261 1905 φάναι
1287 1835 1548 1890 δύνασθαι
1578 1838 1771 1897 ποιεῖν,

1881 1843 2034 1901 ptum
2059 1848 2200 1902 opus
2234 1831 2453 1888 efﬁcere
2514 1834 2755 1888 maxime
2784 1833 3090 1888 videantur.
3124 1832 3280 1898 Nam,
3316 1844 3375 1890 ut
3412 1836 3469 1890 in

172 1924 318 1979 ἀλλὰ
345 1926 441 1978 καὶ
467 1926 655 1988 οὐσίας
679 1942 694 1990 ;
723 1925 796 1978 Τὸ
834 1925 944 1996 γὰρ
974 1925 1199 1979 δυνατὸν
1256 1926 1493 1998 φανῆναι
1530 1925 1771 1995 γίνεσθαί

1883 1924 2201 1979 architectis
2230 1925 2539 1995 exemplum
2565 1935 2894 1991 statuamus,
2927 1928 3090 1983 urbes
3124 1927 3197 1981 illi
3222 1928 3468 1997 quidem,

171 2033 227 2069 τι
286 2018 346 2083 ἐξ
381 2018 482 2072 οὐκ
534 2018 727 2082 ὄντων,
785 2017 847 2071 τὸ
901 2017 997 2071 καὶ
1039 2016 1137 2082 τὰς
1180 2017 1370 2082 οὐσίας
1417 2018 1590 2082 οὕτως
1634 2017 1771 2089 ἔχειν

1886 2032 1995 2072 non
2017 2025 2198 2071 tamen
2217 2032 2283 2071 ex
2313 2017 2574 2083 urbibus;
2597 2020 2798 2088 templa
2825 2033 3064 2088 quoque,
3098 2034 3207 2073 non
3238 2035 3305 2075 ex
3330 2030 3471 2074 tem-

170 2110 474 2165 δείκνυται.
1888 2109 1994 2179 plis
2022 2109 2316 2164 mdiﬁcaut.
2368 2108 2426 2163 Si
2475 2111 2619 2164 enim
2650 2110 2796 2180 quod
2854 2112 3175 2166 substantiae
3219 2114 3468 2182 quaedam

169 2201 243 2256 iis
278 2203 540 2273 subjectae
568 2202 698 2266 sint,
724 2202 848 2257 illos
895 2201 1099 2258 idcirco
1123 2217 1188 2256 ex
1222 2201 1290 2257 iis
1329 2216 1452 2271 quae
1472 2208 1599 2256 ante
1643 2200 1755 2271 jam
1804 2208 2012 2269 essent,
2048 2203 2154 2258 ista
2186 2201 2370 2257 moliri
2415 2203 2736 2272 existimes,
2806 2213 2960 2259 tuum
2995 2213 3049 2259 te
3092 2204 3231 2259 fallit
3304 2220 3469 2277 argu-

171 2308 447 2354 mentum.
480 2299 590 2356 Nec
617 2300 762 2355 enim
788 2299 1059 2369 ejusmodi
1089 2298 1420 2362 substantia,
1453 2297 1533 2352 vel
1553 2298 1854 2362 urbem,vel
1886 2299 2173 2369 templum,
2225 2298 2411 2366 efﬁcit,
2465 2299 2560 2354 sed
2603 2314 2666 2354 ea
2723 2306 2936 2353 tantum
2996 2314 3085 2353 ars
3148 2313 3271 2368 qua:
3320 2299 3468 2355 circa

172 2392 546 2447 substantiam
575 2404 845 2447 versatur.
875 2391 979 2447 Ars
1032 2392 1137 2446 ista
1171 2407 1355 2461 porro,
1392 2406 1499 2445 non
1529 2391 1642 2460 jam
1691 2407 1759 2447 ex
1825 2392 1990 2447 simili
2039 2393 2276 2462 quodam
2295 2394 2429 2448 artis
2451 2408 2669 2463 genere,
2718 2392 2866 2461 quod
2921 2392 2991 2447 iis
3036 2392 3357 2447 substantiis
3388 2394 3471 2448 in-

176 2484 463 2551 cludatur,
495 2485 706 2549 existit,
756 2485 849 2540 sed
882 2500 950 2539 ex
986 2484 1134 2538 nulla
1190 2499 1417 2555 prorsus
1445 2494 1758 2553 antegressa
1823 2485 1878 2538 in
1907 2485 2013 2540 illis
2044 2494 2162 2540 arte
2213 2485 2513 2555 perﬁcitur.
2574 2487 2644 2538 At
2687 2486 2833 2539 enim
2870 2500 3149 2551 occurres,
3204 2485 3467 2541 artificem

170 2591 239 2632 ex
268 2577 574 2632 eademum
605 2593 716 2648 qua
751 2577 1009 2646 praeditus
1056 2586 1173 2632 arte
1213 2586 1320 2641 est,
1377 2587 1548 2632 artem
1606 2579 1660 2632 iu
1718 2579 2043 2633 substantiae
2101 2578 2375 2649 geminam
2431 2578 2662 2633 edicere.
2700 2579 2865 2648 Atqui
2918 2595 2984 2633 ne
3020 2580 3071 2632 in
3107 2580 3225 2648 ipso
3246 2580 3467 2648 quidem

171 2670 424 2735 homine,
450 2686 516 2725 ex
545 2681 862 2741 antegressa
897 2671 1135 2741 quadam
1185 2682 1305 2727 arte
1348 2687 1441 2726 ars
1482 2671 1573 2725 illa
1636 2671 1936 2740 perﬁcitur.
1992 2668 2105 2726 Nec
2158 2671 2304 2725 enim
2380 2669 2462 2726 fas
2491 2680 2575 2725 est
2608 2682 2781 2725 artem
2813 2686 2935 2740 qua:
2977 2686 3072 2740 per
3121 2685 3181 2725 se
3230 2671 3346 2740 ipsa
3372 2672 3467 2739 sit,

170 2762 343 2817 ullam
382 2771 645 2831 statuere,
693 2778 816 2818 cum
872 2763 1243 2823 accidentium
1302 2764 1550 2836 adeoque
1586 2781 1766 2820 rerum
1801 2765 2017 2819 illarum
2076 2782 2143 2820 ex
2201 2781 2399 2836 genere
2468 2767 2560 2830 sit,
2617 2780 2739 2835 quae
2790 2775 2903 2819 tum
2959 2765 3195 2834 primum
3242 2766 3469 2823 alterius

170 2854 445 2911 beneﬁcio
506 2871 629 2911 esse
683 2855 969 2927 incipiunt,
1034 2873 1158 2913 cum
1191 2858 1246 2912 in
1307 2859 1613 2914 substantia
1664 2860 2063 2928 producuntur.
2127 2857 2293 2930 35,0
2366 2858 2601 2924 Etenim,
2661 2866 2719 2912 ut
2766 2858 3130 2912 architectura
3183 2858 3332 2911 nulla
3374 2860 3465 2928 sit,

171 2947 342 3002 homo
370 2956 554 3002 tamen
577 2951 713 3017 erit;
749 2951 960 3017 eadem,
991 2951 1035 3006 si
1060 2968 1167 3006 non
1199 2954 1352 3022 prius
1391 2953 1558 3008 homo
1602 2953 1789 3017 fuerit,
1859 2969 1981 3009 esse
2003 2953 2152 3007 nulla
2179 2954 2396 3022 poterit.
2430 2952 2507 3007 Ita
2541 2952 2976 3007 concludendum
3027 2952 3337 3007 necessario
3360 2964 3465 3022 est,

171 3039 451 3108 ejusmodi
476 3042 677 3097 artium
706 3058 827 3099 esse
865 3053 1141 3111 naturam,
1169 3052 1230 3099 ut
1264 3044 1320 3099 in
1359 3044 1677 3100 hominibus
1700 3062 1768 3101 ex
1799 3061 1865 3101 eo
1892 3046 2037 3116 quod
2084 3060 2355 3116 nusquam
2399 3053 2503 3109 est,
2541 3045 2811 3099 oriantur.
2878 3042 3034 3110 Quod
3085 3044 3132 3099 si
3180 3059 3368 3098 verum
3410 3046 3467 3101 in

174 3132 495 3188 hominibus
536 3149 660 3190 esse
696 3134 1061 3203 ostendimus,
1092 3138 1461 3207 quisquamne
1481 3153 1648 3209 porro
1679 3153 1882 3208 negare
1903 3136 2122 3202 audeat,
2148 3154 2214 3193 ex
2240 3139 2412 3194 nihilo
2478 3138 2564 3192 vel
2623 3138 2936 3209 qualitates,
2987 3137 3070 3191 vel
3136 3136 3285 3206 ipsas
3329 3151 3470 3206 quo-

173 3240 282 3293 que
312 3225 655 3282 substantias
685 3243 715 3282 a
748 3227 860 3284 Deo
891 3229 1009 3285 ﬁeri
1064 3231 1264 3299 posse?
1297 3231 1433 3286 Nam
1470 3248 1593 3303 qua:
1625 3233 1764 3289 ratio
1813 3231 1929 3287 ﬁeri
1964 3233 2191 3287 omnino
2223 3233 2524 3304 quidquam
2563 3246 2628 3286 ex
2689 3231 2862 3287 nihilo
2912 3246 3076 3301 posse
3105 3232 3466 3301 demonstrat,

172 3317 367 3373 eadem
404 3318 459 3371 in
489 3319 810 3375 substantiis
839 3336 1058 3392 quoque
1073 3323 1254 3378 valere
1291 3324 1469 3381 debet.

249 3429 272 3462 ι
315 3410 472 3464 Ἐπεὶ
498 3410 555 3464 δὲ
614 3412 778 3476 πόθος
831 3414 948 3467 ἐστί
1003 3433 1085 3468 σοι
1151 3417 1282 3488 περὶ
1333 3417 1435 3488 τῆς
1491 3418 1604 3472 τῶν
1668 3436 1771 3472 κα-

1961 3433 1980 3466 (
2021 3412 2124 3469 Sed
2153 3414 2415 3484 quoniam
2447 3414 2515 3469 de
2557 3414 2825 3469 malorum
2857 3414 3237 3484 procreatione
3262 3415 3466 3486 aliquid

175 3502 289 3557 κῶν
324 3504 597 3572 γενέσεως
622 3501 824 3574 ζητεῖν,
849 3508 943 3560 ἐπὶ
981 3508 1074 3562 τὸν
1118 3509 1325 3563 τούτων
1362 3510 1652 3582 ἐλεύσομαι
1680 3511 1772 3564 λό-

174 3613 292 3664 γον.
325 3597 440 3649 Καί
470 3613 562 3649 σου
594 3595 797 3669 βραχέα
830 3598 1098 3655 πυθέσθαι
1155 3600 1436 3672 βούλομαι.
1493 3602 1578 3656 Τὰ
1626 3601 1775 3656 κακὰ

177 3688 413 3758 πότερον
437 3688 616 3741 οὐσίαι
642 3706 724 3742 σοι
745 3689 992 3744 δοκοῦσιν
1014 3687 1150 3745 εἶναι
1178 3692 1212 3763 ἢ
1245 3693 1530 3765 ποιότητες
1551 3694 1771 3760 οὐσιῶν;

176 3778 479 3848 Ποιότητας
509 3780 707 3833 οὐσιῶν
740 3777 800 3835 εὖ
831 3782 973 3854 ἔχειν
1027 3782 1207 3853 λέγειν
1240 3801 1331 3855 μοι
1388 3784 1552 3839 δοκεῖ.
1621 3786 1687 3838 Ἦ
1714 3784 1774 3840 δὲ

177 3868 279 3942 ὕλη
304 3871 499 3934 ἄποιος
516 3866 584 3941 ἦν
610 3872 706 3925 καὶ
732 3872 1159 3944 ἀσχημάτιστος,
1198 3874 1343 3932 οὕτω
1374 3875 1663 3942 προλαϐὼν
1694 3877 1771 3950 (5)

176 3963 394 4027 ἐξεῖπον
415 3963 494 4034 τῷ
513 3964 679 4035 λόγῳ.
718 3966 925 4022 Οὐκοῦν
951 3969 1000 4020 εί
1023 3968 1091 4022 τὰ
1110 3968 1257 4022 κακὰ
1280 3970 1566 4042 ποιότητες
1598 3971 1773 4042 ὑπάρ-

175 4070 367 4129 χουσιν
393 4053 613 4119 οὐσιῶν,
645 4057 679 4127 ἡ
714 4056 770 4109 δὲ
792 4057 892 4128 ὐλη
922 4058 1110 4122 ἄποιος
1127 4054 1215 4130 ἦν,
1243 4059 1353 4113 τῶν
1381 4060 1437 4113 δὲ
1473 4046 1774 4133 ποιοτήτων

175 4145 410 4215 ποιητὴν
438 4141 599 4212 εἶπας
627 4149 719 4201 τὸν
763 4148 895 4202 Θεὸν
928 4146 1091 4214 εἶναι,
1124 4150 1278 4204 ἔσται
1326 4152 1552 4206 καὶτῶν
1584 4153 1773 4209 κακῶν

173 4235 509 4307 δημιουργὸς
534 4239 563 4290 ό
593 4237 744 4301 Θεός.
786 4240 914 4293 Ὅτε
949 4239 1128 4293 τοίνυν
1178 4242 1290 4295 οὐδ’
1330 4241 1504 4306 οὕτως
1534 4242 1772 4297 ἀναίτιον

175 4326 287 4379 τῶν
348 4328 540 4381 κακῶν
590 4331 765 4384 εἰπεῖν
798 4330 1025 4388 δυνατὸν
1070 4332 1161 4385 τὸν
1220 4334 1374 4399 Θεὸν,
1432 4335 1564 4405 ὓλην
1625 4334 1774 4406 αὐτῷ

175 4418 518 4491 προσάπτειν
546 4422 800 4493 περιττὸν
848 4420 988 4479 εἷναί
1048 4442 1137 4501 μοι
1161 4425 1325 4480 δοκεῖ.
1362 4429 1426 4481 Εἰ
1461 4428 1518 4480 δέ
1550 4445 1601 4481 τι
1636 4428 1773 4500 πρὸς

174 4509 349 4564 ταῦτα
376 4511 558 4579 λέγειν
585 4512 751 4584 ἔχεις,
800 4515 971 4589 ἄρχου
1002 4517 1096 4571 τοῦ
1135 4519 1316 4588 λόγου.
1354 4520 1416 4572 Εἰ
1450 4520 1550 4590 μὲν
1582 4521 1647 4573 ἐκ
1680 4537 1771 4589 φι-

175 4601 448 4668 λονεικίας
478 4607 610 4677 ἡμῖν
666 4609 699 4679 ἡ
738 4607 965 4681 ζήτησις
996 4611 1228 4680 ἐγίνετο,
1278 4613 1380 4666 οὐκ
1408 4613 1475 4666 ἂν
1520 4612 1772 4685 δεύτερον

178 4696 309 4767 περὶ
332 4695 442 4750 τῶν
500 4698 688 4752 κακῶν
741 4701 926 4770 ἠξίουν
968 4703 1266 4774 ὁρίζεσθαι·
1323 4707 1448 4759 ἐπεὶ
1494 4706 1551 4760 δὲ
1589 4705 1770 4775 φιλίας

1876 3507 2067 3562 audire
2091 3507 2279 3577 gestis,
2314 3507 2367 3560 in
2392 3522 2511 3561 eam
2539 3507 2799 3576 deinceps
2822 3507 3250 3575 disputationem
3285 3506 3467 3578 ingre-

1874 3601 2013 3656 diar.
2040 3599 2119 3655 Ac
2149 3601 2384 3670 primum
2417 3615 2591 3668 pauca
2610 3615 2675 3653 ex
2709 3609 2760 3653 te
2788 3599 3057 3654 sciscitari
3095 3601 3243 3654 libet.
3269 3600 3463 3656 Utrum

1874 3706 2004 3761 ergo
2021 3690 2161 3745 mala
2189 3690 2547 3755 substantias,
2585 3704 2653 3742 an
2705 3689 3140 3742 substantiarum
3173 3689 3465 3757 qualitates

1874 3794 1994 3835 esse
2018 3779 2218 3850 putas?
2244 3778 2687 3833 Substantiarum
2716 3777 3036 3847 qualitates,
3068 3777 3270 3846 inquis.
3299 3777 3463 3848 Atqui

1874 3870 2104 3925 materia
2128 3882 2188 3924 ut
2215 3868 2499 3939 qualitate,
2537 3867 2618 3921 sic
2640 3867 2811 3935 ﬁgura
2846 3868 2996 3920 omni
3058 3867 3289 3937 spoliata
3311 3877 3460 3934 erat;

1874 3963 1979 4019 hoc
2004 3963 2148 4018 enim
2181 3962 2295 4032 jam
2329 3961 2672 4030 anteposito,
2705 3960 3010 4014 institutam
3039 3960 3460 4029 disputationem

1873 4063 2197 4126 persecutus
2222 4070 2366 4108 sum.
2390 4053 2581 4125 lgitur,
2620 4052 2667 4107 si
2722 4060 2775 4106 et
2810 4052 3245 4106 substantiarum
3279 4052 3461 4122 quali-

1876 4156 2014 4203 tates
2047 4147 2191 4201 mala
2214 4155 2362 4211 sunt,
2389 4155 2442 4200 et
2479 4145 2703 4199 materia
2738 4145 3001 4213 qualitate
3029 4145 3179 4199 onmi
3218 4146 3461 4204 carebat.

1875 4240 2044 4296 Deum
2071 4255 2238 4310 porro
2264 4239 2588 4309 qualitatum
2611 4246 2889 4292 auctorem
2915 4252 3037 4290 esse
3059 4236 3343 4294 confessus
3362 4252 3422 4293 es
3444 4255 3461 4307 ;

1874 4333 1978 4388 erit
2005 4333 2147 4387 idem
2174 4332 2446 4386 malorum
2505 4331 2670 4384 etiam
2718 4329 3073 4385 architecws.
3136 4329 3324 4400 Itaque
3349 4329 3462 4386 Deo

1874 4425 2161 4480 materiam
2223 4425 2522 4495 adjungcre
2561 4439 3028 4493 supervacaneum
3068 4432 3171 4490 est,
3216 4439 3340 4479 cum
3396 4439 3463 4479 ne

1875 4519 1955 4572 sic
1994 4519 2214 4586 quidem
2256 4516 2527 4570 malorum
2569 4516 2948 4585 procreatione
2981 4516 3219 4570 solutum
3254 4526 3307 4570 et
3354 4516 3460 4569 im-

1872 4625 2092 4663 munem
2127 4607 2297 4662 Deum
2319 4606 2518 4662 habere
2547 4608 2748 4677 possis.
2772 4604 2874 4672 Tu,
2906 4605 2950 4661 si
2975 4606 3105 4675 quid
3133 4608 3299 4661 habes
3316 4607 3461 4676 quod

1873 4701 2003 4756 huic
2035 4709 2358 4772 argumento
2382 4699 2733 4769 respondeas,
2767 4698 2945 4768 incipe
2974 4714 3122 4755 vero.
3151 4697 3219 4753 Et
3240 4700 3459 4769 quidem

177 4789 341 4841 ἓνεκα
368 4789 591 4860 μᾶλλον,
621 4793 716 4846 καὶ
751 4794 850 4865 τῆς
905 4796 1040 4867 πρὸς
1064 4796 1156 4850 τὸν
1211 4797 1437 4869 πλησίον
1501 4798 1768 4867 ὠφελείας

1879 4794 1919 4849 si
1961 4791 2327 4848 contentionis
2347 4800 2402 4846 et
2430 4806 2627 4861 pugnae
2648 4792 2850 4857 studio,
2890 4792 3005 4846 haec
3030 4807 3061 4846 a
3097 4792 3253 4846 nobis
3274 4807 3462 4847 susce-

176 4879 275 4953 τὴν
300 4880 548 4945 ἐξέτασιν
611 4885 913 4956 ποιούμεθα
964 4887 1075 4942 τῶν
1124 4890 1321 4959 λόγων,
1382 4890 1585 4944 ἄνωθεν
1640 4891 1771 4962 περὶ

174 4973 385 5027 τούτων
412 4974 691 5046 ὁρίζεσθαι
720 4977 857 5043 ἀξιῶ
891 4984 1214 5053 συγχωρεῖν.
1247 4980 1356 5053 Τὴν
1381 4982 1479 5052 μὲν
1512 4983 1772 5054 προαίρε-

178 5082 268 5119 σιν
288 5067 390 5137 τὴν
416 5068 557 5139 ἐμὴν
589 5070 655 5122 ὲκ
687 5070 882 5124 πολλοῦ
916 5089 998 5125 σοι
1025 5074 1267 5146 φανερὰν
1298 5069 1438 5127 εἶναι
1487 5075 1649 5138 δοκῶ,
1676 5077 1771 5130 καὶ

179 5158 277 5233 τὴν
302 5159 359 5213 ἐν
400 5163 514 5225 τοῖς
562 5162 744 5230 λόγοις
791 5164 1049 5237 σπουδὴν,
1077 5168 1160 5219 ὅτι
1218 5168 1279 5220 οὐ
1329 5168 1570 5233 πιθανῶς
1600 5169 1771 5223 είπὼν

178 5247 373 5320 ψεῦδος
406 5251 628 5320 νικῆσαι
659 5252 817 5319 θέλω,
870 5255 1005 5308 ἀλλὰ
1040 5255 1316 5328 δειχθῆναι
1349 5257 1446 5328 τὴν
1511 5258 1769 5329 ἀλήθειαν

185 5342 321 5411 μετὰ
354 5342 618 5414 ἀκριϐοῦς
644 5344 964 5410 ἐξετάσεως.
991 5346 1103 5400 Καὶ
1129 5348 1189 5399 σὲ
1214 5348 1271 5401 δὲ
1293 5347 1439 5401 οὕτω
1464 5349 1769 5404 διακεῖσθαι

183 5428 367 5496 σαφῶς
395 5430 720 5501 ἐπίσταμαι.
751 5434 914 5489 Ὅθεν
947 5436 1045 5506 οἴῳ
1069 5437 1256 5507 τρόπῳ
1308 5437 1591 5509 χρώμενος
1619 5440 1771 5510 νομί-

184 5518 294 5589 ςεις
319 5520 582 5577 δύνασθαι
611 5524 673 5577 τὸ
694 5524 892 5596 ἀληθὲς
920 5527 1122 5598 εὑρεῖν,
1150 5529 1326 5600 τούτῳ
1369 5531 1571 5603 χρῆσαι
1605 5533 1769 5606 μηδὲν

1872 4895 1962 4956 pta
1982 4885 2280 4955 disputatio
2313 4883 2473 4949 foret,
2502 4885 2769 4940 malorum
2806 4884 3070 4939 rationem
3114 4884 3168 4937 in
3199 4883 3460 4954 quaestio-

1874 4995 1996 5033 nem
2022 4979 2216 5035 iterum
2241 4978 2424 5033 vocari
2462 4994 2569 5034 non
2625 4987 2860 5049 paterer.
2900 4976 3004 5032 Sed
3036 4977 3295 5047 quoniam
3319 4977 3456 5031 ami-

1874 5071 2004 5125 citia
2030 5070 2233 5140 potius,
2280 5079 2333 5124 et
2370 5064 2604 5138 proximi
2660 5071 2870 5125 utilitas
2901 5070 2955 5123 in
3011 5069 3323 5140 hujusmodi
3362 5083 3463 5125 nos

1876 5178 2183 5218 sermonem
2215 5160 2462 5226 adduxit,
2492 5177 2613 5232 age,
2669 5162 2814 5219 hanc
2860 5163 2927 5217 de
2960 5164 3171 5233 integro
3200 5162 3460 5232 quaestio-

1876 5272 2001 5310 nem
2036 5255 2339 5325 disceptare
2371 5255 2549 5311 liceat.
2577 5254 2841 5325 Equidem
2887 5271 3107 5310 sensum
3136 5256 3231 5311 tibi
3254 5270 3458 5317 meum,

1875 5349 2074 5419 quidve
2098 5348 2283 5403 hacin
2325 5349 2694 5419 disputatione
2746 5364 2967 5418 sequar,
3003 5358 3194 5403 notum
3247 5348 3464 5405 abunde

1876 5441 1972 5496 tibi
2005 5449 2060 5496 et
2088 5441 2427 5511 exploratum
2455 5456 2578 5496 esse
2607 5456 2716 5495 non
2761 5441 2991 5496 dubito:
3027 5440 3132 5495 hoc
3187 5455 3272 5494 me
3300 5440 3464 5495 nimi-

1876 5551 1997 5591 rum
2030 5550 2209 5606 agere.
2242 5549 2351 5590 non
2378 5543 2436 5588 ut
2457 5532 2846 5589 verisimilibus
2902 5532 3241 5611 argumentis
3265 5532 3461 5590 falsum

257 5722 328 5795 (5)
373 5724 540 5779 ὐῦτω
593 5729 925 5795 προλαϐών.
973 5729 1189 5789 Clarius
1241 5741 1425 5803 esset,
1472 5734 1613 5789 οὕτω
1664 5734 1771 5806 γὰρ

1879 5736 2035 5793 mirati.
2068 5737 2334 5792 Caeterum
2371 5737 2476 5792 hoc
2510 5745 2890 5807 argumentum
2928 5735 3138 5792 ﬁrmius
3173 5742 3279 5795 est.
