3856 6224
388 234 497 292 5⁷5

1034 230 1307 290 EUSEBII
1346 232 1837 291 CESABIENSIS
1876 231 2028 289 OPP.
2066 232 2247 288 PARS
2285 233 2349 288 ll.
2390 263 2461 277 --
2499 232 3008 291 APOLOGETICA.

3548 236 3663 292 576

392 359 773 420 extorqueam,
799 348 893 406 sed
931 360 992 404 ut
1014 358 1271 405 accurata
1299 349 1689 418 disquisitione
1730 350 1977 406 illustra-

2086 349 2518 421 δυσωπούμενος.
2567 351 2642 405 Οὐ
2699 350 2811 423 γὰρ
2869 350 3094 406 σεαυτὸν
3151 345 3451 424 ὠφελήσεις
3478 355 3665 425 μόνον,

393 453 509 499 tum
543 450 600 498 et
633 442 1015 498 conﬁrmatum
1051 458 1241 498 verum
1294 443 1617 499 habeamus.
1647 442 1758 499 Nec
1791 444 1902 499 alio
1929 452 1983 500 te

393 537 581 591 animo
634 550 757 590 esse
795 549 1021 605 prorsus
1062 534 1324 605 intelligo.
1361 532 1480 600 Qua
1528 544 1580 590 te
1611 550 1742 604 ergo
1771 535 1985 591 ratione

394 640 585 680 verum
620 624 838 694 assequi
871 639 1033 693 posse
1048 625 1358 689 arbitraris,
1388 640 1455 679 ea
1493 626 1591 681 tibi
1626 626 1794 681 libere
1821 633 1986 696 atque

395 718 628 786 ingenue
650 718 909 773 utendum
941 725 1142 773 statue.
1181 716 1317 772 Nam
1340 718 1471 773 dum
1502 732 1591 785 eo,
1609 719 1757 790 quod
1787 720 1986 775 melius

395 818 500 873 est,
530 808 793 872 abuteris,
824 824 937 863 rem
968 809 1158 879 utique
1191 824 1303 865 non
1336 810 1435 865 tibi
1464 810 1650 877 modo,
1689 812 1786 867 sed
1819 811 1985 868 etiam

396 901 557 967 mihi,
588 917 751 972 quem
779 901 1088 971 ignorantia
1115 900 1394 968 liberabis,
1450 903 1736 973 perutilem
1767 904 1984 960 feceris.

395 988 554 1045 Nunc
573 991 739 1061 igitur
767 991 1105 1046 substantias
1125 992 1418 1062 quasdam,
1454 994 1670 1064 opinor,
1694 995 1837 1049 mala
1863 1010 1988 1053 esse

397 1084 574 1147 voles,
605 1083 750 1153 quod
768 1098 855 1148 ea,
885 1092 1249 1153 praeterquam
1276 1084 1331 1138 in
1355 1084 1697 1151 substantiis.
1714 1103 1985 1159 nusquam

397 1175 626 1231 omnino
656 1174 964 1233 videantur.
994 1175 1160 1246 Ergo,
1187 1178 1329 1232 bone
1356 1177 1462 1243 vir,
1501 1193 1626 1233 eum
1650 1179 1988 1236 substantias

398 1268 541 1322 mala
562 1283 687 1323 esse
712 1276 895 1337 putes,
914 1268 1165 1337 sequitur
1177 1268 1447 1338 profecto,
1465 1278 1528 1324 ut
1541 1271 1869 1327 excutienda
1885 1287 1988 1327 no-

398 1360 487 1415 bis
506 1360 830 1416 substantiaa
860 1371 1059 1416 natura
1082 1362 1176 1418 sit.
1210 1363 1292 1417 An
1319 1372 1378 1417 tu
1403 1364 1766 1419 substantiam
1794 1379 1990 1436 corpo-

399 1467 510 1508 rem
535 1453 698 1508 molis
709 1455 1239 1525 coagmentationem
1257 1455 1495 1526 aliquam
1522 1472 1644 1513 esse
1665 1458 1990 1514 arbitraris?

400 1545 558 1617 351
589 1545 847 1601 Arbitror
861 1562 1011 1603 vero.
1045 1547 1149 1604 Ista
1187 1563 1351 1616 porro
1373 1564 1636 1619 corporea
1664 1551 1839 1607 moles
1856 1567 1991 1606 num

402 1635 471 1688 ita
501 1635 720 1690 exsistit
749 1635 864 1705 ipsa
902 1651 996 1705 per
1032 1650 1175 1701 sese,
1220 1636 1424 1692 nullius
1471 1647 1533 1691 ut
1572 1653 1729 1706 opem
1765 1637 1991 1692 omnino

397 1723 691 1790 desideret,
724 1741 789 1781 ac
810 1741 877 1781 eo
907 1735 1173 1796 praesente
1206 1736 1320 1781 tum
1351 1742 1476 1782 esse
1520 1727 1744 1797 incipiat
1769 1728 1792 1781 ἲ
1823 1727 1989 1783 Ρνοτο
2021 1712 2061 1766 Β

399 1828 518 1869 sus.
571 1814 713 1882 Quid
743 1817 765 1870 ?
794 1815 933 1872 Num
987 1817 1084 1871 tibi
1132 1817 1274 1871 mala
1303 1819 1356 1872 in
1388 1818 1604 1873 actione
1632 1819 1872 1888 quadam
1909 1820 1989 1873 vi-

397 1905 595 1962 dentur
622 1923 745 1964 esse
771 1909 950 1978 posita
979 1908 1002 1961 ‘2
1038 1907 1303 1963 Videntur
1325 1925 1478 1964 sane.
1520 1910 1779 1967 Actiones
1804 1921 1987 1967 autem

399 2014 534 2053 num
570 2015 693 2056 esse
720 2010 851 2055 tunc
876 2002 1120 2071 primum
1148 2001 1441 2070 incipiunt,
1484 2017 1608 2057 cum
1658 2002 1707 2058 is
1758 2004 1849 2073 qui
1877 2005 1990 2075 agit

400 2108 643 2162 praesens
665 2095 907 2149 adfuerit
930 2096 953 2150 Ἰ
976 2093 1198 2165 Utique.
1229 2095 1326 2151 Sin
1349 2097 1443 2166 qui
1474 2105 1621 2166 aget,
1645 2098 1833 2154 nullus
1858 2100 1986 2167 erit,

397 2200 468 2240 ne
500 2187 554 2240 id
583 2187 826 2255 quidem,
852 2189 997 2257 quod
1047 2189 1165 2258 ipse
1208 2198 1355 2259 agat,
1409 2204 1531 2245 esse
1558 2191 1761 2260 poterit
1798 2193 1822 2246 ’ἒ
1867 2190 1987 2247 Non

398 2278 615 2344 poterit.
647 2278 788 2350 Ergo
816 2282 862 2334 si
893 2290 947 2335 et
996 2282 1303 2336 substantia
1348 2297 1630 2353 corporea:
1675 2284 1838 2341 molis
1893 2299 1989 2340 co-

398 2371 739 2440 agmentatio
788 2373 1036 2442 quaedam
1066 2385 1169 2440 est,
1204 2389 1305 2430 nec
1333 2375 1500 2430 ullius
1518 2377 1864 2445 praesentiam
1896 2393 1985 2430 re-

396 2461 588 2529 quirit,
623 2466 675 2516 in
703 2478 813 2532 quo
851 2474 969 2519 sata
1001 2465 1274 2520 existeudi
1321 2467 1431 2521 vim
1483 2468 1716 2538 accipiat
1751 2478 1985 2524 :contra

399 2569 531 2609 vero
563 2557 709 2610 mala
739 2557 968 2611 alterius
1010 2557 1300 2628 cujusdam
1338 2560 1588 2617 aetioues
1634 2569 1784 2624 sunt,
1812 2562 1982 2618 aetio-

399 2663 498 2703 nes
527 2647 645 2703 ista:
671 2664 836 2717 porro
884 2650 1119 2720 alicujus
1179 2653 1526 2720 praesentiam
1580 2654 1882 2723 postulant,
1929 2655 1983 2709 in

395 2755 506 2810 quo
530 2741 660 2795 dum
720 2741 876 2807 fiunt,
925 2752 1038 2797 tum
1085 2744 1355 2799 exsistere
1398 2746 1640 2815 primum
1694 2746 1983 2815 incipiunt,

396 2842 571 2888 restat
601 2832 847 2902 profecto
875 2843 938 2889 ut
959 2835 1264 2890 substantia
1298 2837 1438 2890 mala
1462 2852 1584 2893 esse
1611 2854 1720 2893 non
1752 2838 1982 2906 possint.

397 2921 553 2989 Quod
584 2926 631 2979 si
656 2939 842 2979 verum
870 2934 975 2988 est,
1004 2927 1245 2996 itemque
1276 2929 1320 2982 si
1346 2928 1548 2982 malum
1584 2929 1759 2984 caedes
1780 2938 1885 2995 est,
1918 2944 1982 2984 ac

398 3013 628 3083 proinde
680 3015 914 3084 alicujus
969 3017 1159 3083 actio;
1217 3018 1394 3073 caedes
1451 3018 1614 3087 igitur
1669 3020 1976 3075 substantia

397 3122 522 3163 esse
545 3123 650 3162 non
679 3118 879 3178 potest.
907 3108 1030 3163 Jam
1059 3110 1105 3164 si
1134 3126 1256 3180 quae
1287 3112 1482 3181 agendi
1526 3112 1634 3166 vim
1666 3114 1886 3175 habent,
1916 3128 1980 3169 ea

398 3199 732 3255 substantias
754 3215 876 3256 esse
901 3200 1004 3264 vis,
1035 3199 1211 3256 lateor
1246 3202 1296 3255 id
1325 3202 1546 3272 quidem
1579 3222 1592 3257 :
1635 3205 1798 3257 homo
1830 3206 1979 3259 enim

398 3292 563 3347 caedis
585 3292 819 3362 alicujus
845 3303 1059 3360 auctor,
1084 3303 1358 3362 quatenus
1392 3295 1557 3349 homo
1602 3304 1710 3359 est,
1736 3297 1985 3352 substan-

400 3385 479 3451 tia
506 3384 755 3454 quaedam
784 3394 873 3439 est
908 3402 922 3439 :
957 3400 1080 3454 qua:
1107 3393 1290 3439 tamen
1349 3385 1526 3440 caedes
1559 3387 1630 3440 ab
1658 3402 1725 3442 eo
1798 3388 1888 3453 lit,
1918 3405 1981 3444 ea

401 3492 509 3532 non
551 3476 883 3542 substantia,
912 3477 1007 3531 sed
1041 3477 1363 3531 substantiae
1393 3491 1534 3544 opus
1570 3486 1674 3532 cst.
1711 3478 1982 3536 Caeterum

402 3567 681 3622 hominem
731 3566 1024 3637 aliquando
1073 3568 1299 3633 malum,
1333 3567 1405 3621 ob
1432 3567 1633 3622 aedem
1671 3569 1741 3623 ab
1771 3570 1862 3623 illo
1889 3587 1984 3640 pa-

400 3666 641 3725 tratam;
676 3659 972 3728 aliquando
1025 3659 1232 3714 bonum
1284 3670 1506 3730 propter
1561 3659 1886 3716 beneficium
1916 3663 1985 3717 ab

400 3752 593 3807 eodem
639 3752 942 3818 profectum
998 3753 1338 3823 appellamus
1377 3771 1390 3808 :
1452 3768 1573 3823 quae
1607 3753 1825 3807 nomina
1862 3768 1986 3822 pro-

400 3858 520 3913 pser
549 3858 614 3897 ea
646 3861 768 3914 quae
795 3845 1114 3899 substantia:
1152 3844 1483 3914 contigerint
1505 3885 1520 3911 ,
1580 3845 1648 3898 ad
1687 3844 1857 3913 ipsam
1890 3848 1986 3900 ad-

404 3935 710 3990 haerescunt
737 3935 828 3990 illa
879 3936 1124 4006 quidem,
1158 3937 1472 3992 substantia
1525 3946 1705 3991 tamen
1736 3938 1851 4005 ipsa
1879 3953 1984 3991 non

402 4036 552 4081 sunt.
600 4026 712 4083 Nec
763 4028 909 4082 enim
944 4038 1040 4083 aut
1083 4031 1259 4084 caedes
1311 4038 1408 4082 aut
1463 4029 1801 4083 adulterium
1841 4067 1859 4086 .
1895 4039 1990 4082 aut

404 4117 551 4172 aliud
571 4119 935 4191 quodcunque
981 4121 1207 4185 malum,
1227 4120 1531 4176 substantia
1550 4128 1655 4173 est.
1678 4119 1783 4174 Sed
1797 4136 1987 4190 quem-

406 4208 699 4262 admodum
773 4224 803 4262 a
862 4210 1221 4280 grammatica
1277 4209 1743 4279 grammaticum,
1806 4210 1989 4264 retho-

405 4317 522 4355 rem
588 4316 621 4355 a
679 4300 972 4367 rhetorica,
1014 4317 1043 4353 a
1091 4302 1361 4357 medicina
1402 4302 1674 4356 medicum
1739 4302 1990 4355 numina-

2085 443 2432 514 χρησάμενος
2469 444 2549 516 τῷ
2594 444 2886 516 κρείττονι,
2921 446 3057 499 ἀλλὰ
3106 447 3322 510 πάντως
3352 447 3498 518 κάμὲ
3541 447 3675 519 περὶ

2082 527 2160 587 ὧν
2182 534 2383 604 ἀγνοῶ.
2414 534 2607 604 Σαφῶς
2629 535 2975 607 παραστῆναι
3019 536 3096 607 (6)
3129 553 3220 608 μοι
3258 537 3435 602 δοκεῖς
3462 538 3557 591 καὶ
3605 535 3679 591 τὰ

2085 626 2232 680 κακά
2269 626 2458 690 οὐσίας
2480 626 2749 698 ὑπάρχειν
2768 625 2941 688 τινάςο
2980 626 3102 679 οὐδέ
3142 627 3252 697 γὰρ
3284 626 3440 690 ἐκτὸς
3474 627 3679 681 οὐσιῶν

2085 720 2226 776 αὐτὰ
2252 720 2381 774 ὄντα
2404 719 2605 790 βλέπω.
2654 720 2807 774 Ἐπεὶ
2830 719 3031 785 τοίνυν,
3052 713 3098 773 ὧ
3126 714 3299 785 οὕτος,
3318 720 3414 773 καὶ
3438 719 3507 774 τὰ
3525 719 3680 774 κακὰ

2084 810 2271 874 οὐσίας
2283 807 2421 865 εἷναι
2436 809 2633 879 λέγεις,
2651 809 2865 881 ἀνάγκη
2879 808 2971 863 τὸν
2986 809 3085 880 τῆς
3099 808 3284 872 οὐσίας
3301 808 3571 875 ἐξετάζειν
3589 808 3683 861 λό-

2086 917 2204 969 γον.
2222 900 2381 952 Δοκεῖ
2403 915 2484 952 σοι
2499 900 2600 971 τὴν
2628 900 2817 954 οὐσίαν
2852 900 3172 970 σωματικήν
3187 916 3309 953 τινα
3322 899 3578 952 σύστασιν
3595 895 3680 951 εἷ-

2086 1009 2174 1047 ναι
2194 1009 2209 1058 ;
2227 995 2402 1048 Δοκεῖ.
2441 993 2506 1046 Ἦ
2523 994 2581 1047 δέ
2601 994 2888 1065 σωματικὴ
2919 992 3177 1056 σύστασις
3201 992 3341 1065 αὐτὴ
3371 994 3455 1063 ἐφ’
3476 992 3683 1064 ἑαυτῆς

2089 1085 2323 1158 ὑπάρχει
2347 1085 2409 1138 οὐ
2430 1085 2656 1158 δεομένη
2695 1086 2863 1151 τινὸς,
2894 1078 2955 1140 οὗ
2984 1084 3281 1157 γενομένου
3305 1082 3369 1138 τὸ
3400 1079 3543 1137 εἶναι
3574 1083 3678 1154 λή-

2087 1177 2284 1248 ψεται;
2323 1178 2509 1243 Οὕτως
2541 1178 2673 1250 ιἔχει.
2703 1181 2863 1232 Δοκεῖ
2900 1178 2959 1232 δέ
2989 1196 3071 1233 σοι
3105 1177 3175 1231 τὰ
3209 1175 3357 1231 κακὰ
3393 1175 3680 1248 ἐνεργείας

2089 1265 2229 1324 εἷναί
2254 1286 2435 1336 τινος;
2469 1269 2626 1323 Οὕτω
2656 1286 2746 1342 μοι
2769 1268 3040 1339 φαίνεται.
3068 1269 3135 1322 Αἱ
3162 1267 3218 1321 δὲ
3252 1268 3524 1339 ἐνέργειαι
3554 1268 3683 1323 τότε

2088 1360 2151 1414 τὺ
2187 1355 2327 1416 εἷναι
2370 1360 2777 1431 λαμϐάνουσιν,
2827 1358 2978 1413 ὁπότ’
3024 1358 3091 1412 ἂν
3137 1358 3166 1411 ό
3195 1358 3434 1431 ἐνεργῶν
3482 1362 3666 1432 παρῇ;

2091 1451 2279 1516 Οὕτως
2311 1451 2445 1522 ἔχει.
2482 1451 2597 1505 Οὐκ
2622 1450 2776 1514 ὄντος
2796 1451 2854 1504 δὲ
2876 1449 2970 1503 τοῦ
2995 1449 3374 1520 ἐνεργοῦντος,
3401 1448 3513 1503 οὐδ’
3538 1451 3682 1523 ὅπερ

2091 1545 2305 1615 ἐνεργεῖ
2342 1542 2494 1597 ἔσται
2540 1543 2848 1609 ποτέςούκ
2892 1537 3067 1596 ἔσται.
3116 1541 3326 1597 Οὐκοῦν
3362 1543 3412 1595 εί
3449 1544 3484 1613 ή
3519 1542 3683 1596 οὐσία

2094 1638 2378 1708 σωματική
2403 1654 2486 1700 τις
2510 1636 2627 1689 ἐστὶ
2661 1636 2940 1701 σύστασις,
2973 1637 3112 1707 αὕτη
3134 1636 3190 1691 δέ
3220 1637 3281 1690 οὐ
3307 1636 3477 1691 δεῖταί
3509 1655 3677 1701 τινος,

2089 1731 2147 1782 ἐν
2169 1723 2213 1797 ᾧ
2232 1729 2496 1801 γενομένη
2516 1729 2576 1783 τὸ
2603 1725 2743 1783 εῖναι
2767 1728 2998 1799 λήψεται
3017 1746 3032 1759 ·
3062 1729 3131 1782 τά
3153 1729 3210 1781 δὲ
3236 1727 3384 1782 κακά
3404 1729 3681 1801 ἐνέργειαι

2090 1822 2393 1895 ὑπάρχουσί
2414 1838 2579 1887 τινος,
2614 1822 2670 1874 αἱ
2700 1820 2758 1874 δὲ
2785 1820 3058 1893 ἐνέργειαι
3083 1819 3296 1874 δέονταί
3332 1837 3512 1884 τινος,
3553 1822 3612 1873 ἐν
3632 1814 3681 1887 ᾧ

2087 1913 2377 1985 γενόμεναι
2401 1912 2462 1966 τὸ
2481 1909 2622 1967 εἶναι
2649 1911 3021 1982 λαμϐάνουσιν
3041 1928 3054 1942 ·
3101 1913 3202 1965 οὐκ
3240 1911 3454 1965 ἔσονται
3494 1904 3681 1966 οὐσίαι

2087 2006 2156 2060 τά
2187 2004 2334 2058 κακά
2360 2005 2459 2075 (7).
2488 2005 2551 2057 El.
2580 2003 2639 2058 δέ
2657 2003 2838 2058 οὐσίαι
2860 2003 2926 2057 τὰ
2950 2002 3117 2066 κακά,
3146 2002 3320 2057 κακὸν
3350 2002 3409 2056 δὲ
3439 2003 3469 2056 ὀ
3492 2003 3678 2074 φόνος,

2089 2097 2335 2169 ἐνέργεια
2361 2096 2598 2168 ὑπάρχει
2626 2094 2792 2159 τινος,
2818 2096 2921 2148 οὐκ
2945 2094 3091 2149 ἔστιν
3112 2096 3221 2167 ἄρα
3248 2096 3404 2148 οὐσία
3426 2096 3456 2149 ό
3490 2097 3675 2166 φόνος.

2088 2185 2152 2237 Εἰ
2180 2183 2237 2237 δὲ
2264 2183 2331 2237 τά
2366 2183 2699 2255 ἐνεργοῦντα
2748 2183 2937 2237 οὐσίαν
2976 2179 3119 2237 εἶναι
3170 2184 3381 2249 Θέλεις,
3420 2184 3679 2257 σύμφημι

2087 2274 2262 2345 κάγώ.
2311 2269 2436 2329 Οἷον
2487 2275 2777 2347 ἄνθρωπος
2809 2278 2837 2330 ό
2876 2276 3073 2346 φονεὺς
3097 2315 3112 2339 ,
3148 2275 3268 2330 καθ’
3296 2276 3356 2329 ὃν
3388 2277 3487 2348 μὲν
3521 2277 3679 2345 λόγον

2087 2366 2373 2439 ἄνθρωπός
2408 2369 2592 2434 ἐστιν,
2626 2369 2864 2440 ὑπάρχει
2894 2369 3085 2423 οὐσία’
3109 2372 3138 2424 ὁ
3160 2369 3238 2433 δὲ,
3284 2369 3344 2423 ὃν
3380 2371 3545 2432 ποιεῖ,
3580 2370 3676 2438 φό-

2087 2475 2196 2522 νος,
2222 2459 2321 2511 οὐκ
2348 2458 2493 2513 ἔστιν
2518 2461 2697 2524 οὐσία,
2723 2461 2838 2515 ἀλλ’
2869 2460 3028 2533 ἔργον
3048 2462 3148 2532 τῆς
3186 2461 3394 2525 οὐσίας.
3429 2461 3680 2532 Λέγομεν

2086 2546 2143 2600 δέ
2171 2548 2260 2601 τὸν
2292 2548 2579 2619 ἄνθρωπον
2620 2549 2751 2603 ποτέ
2798 2550 2897 2621 μὲν
2929 2550 3128 2614 κακὸν,
3172 2551 3263 2605 διά
3296 2550 3356 2604 τὸ
3386 2551 3635 2619 φονεύειν
3659 2592 3677 2615 ,

2086 2639 2218 2692 ποτὲ
2262 2639 2306 2692 δ’
2361 2635 2428 2692 αὖ
2475 2639 2658 2704 πάλιν,
2695 2639 2789 2694 διὰ
2826 2640 2887 2694 τὸ
2921 2642 3266 2713 εὐεργετεῖν,
3312 2643 3539 2712 ἀγαθόν.
3569 2646 3682 2699 Καὶ

2087 2732 2494 2804 προσπλέκεται
2546 2733 2721 2786 ταῦτα
2761 2734 2830 2787 τά
2879 2734 3124 2806 ὀνόματα
3174 2738 3241 2807 τῇ
3270 2737 3429 2808 οὐσία
3471 2740 3538 2791 ὲκ
3572 2736 3678 2790 τῶν

2088 2822 2513 2893 συμϐεϐηκότων
2540 2825 2701 2895 αὐτῇ,
2735 2824 2891 2878 άτινα
2919 2826 3020 2879 οὐκ
3044 2825 3192 2880 ἐστιν
3212 2826 3373 2898 αὕτη.
3403 2828 3542 2883 Οὕτε
3568 2828 3680 2899 γάρ

2087 2915 2245 2983 φόνος
2274 2916 2421 2968 ἐστὶν
2456 2917 2487 2987 ἡ
2514 2916 2694 2979 οὐσία,
2717 2915 2830 2969 οὐτ’
2858 2912 2925 2971 αὖ
2960 2916 3175 2988 πάλινή
3203 2917 3439 2989 μοιχεία,
3474 2916 3598 2971 οὕτε
3624 2936 3678 2971 τι

2085 3006 2192 3059 τῶν
2212 3006 2414 3078 ὁμοίων
2447 3008 2633 3062 κακῶν
2655 3025 2668 3039 ·
2699 3009 2816 3063 ἀλλ’
2845 3008 3035 3081 ὥσπερ
3067 3009 3177 3064 ἀπὸ
3220 3010 3320 3080 τῆς
3359 3027 3679 3082 γραμματι-

2085 3098 2186 3169 κῆς
2219 3100 2247 3152 ό
2281 3100 2665 3170 γραμματικὸς
2707 3099 2945 3169 λέγεται,
2977 3102 3072 3154 καὶ
3101 3100 3208 3154 άπὸ
3232 3101 3335 3171 τῆς
3380 3103 3678 3177 ῥητορικῆς

2083 3193 2110 3242 ὁ
2140 3193 2345 3263 ῥήτωρ,
2377 3193 2471 3245 καὶ
2500 3192 2610 3245 άπὸ
2637 3192 2736 3262 τῆς
2768 3192 3023 3265 ἰατρικῆς
3055 3196 3084 3246 ό
3114 3192 3320 3265 ἰατρὸς,
3356 3194 3457 3262 τῆς
3487 3194 3678 3258 οὐσίας

2083 3284 2195 3338 οὐτ’
2225 3285 2474 3356 ἰατρικῆς
2495 3282 2683 3355 οὕσης,
2708 3283 2831 3337 οὕτε
2857 3284 2962 3356 μὴν
2980 3284 3278 3356 ῥητορικῆς
3297 3325 3313 3348 ,
3347 3282 3471 3338 οὕτε
3497 3301 3680 3355 γραμ-

2088 3377 2343 3447 ματικῆς,
2360 3375 2476 3429 ἀλλ’
2494 3377 2601 3430 ἀπὸ
2624 3376 2734 3430 τῶν
2762 3376 3188 3446 συμϐεϐηκότων
3211 3377 3348 3447 αὐτῇ
3374 3375 3471 3447 τὴν
3504 3392 3676 3446 προσ-

2084 3466 2313 3538 ηγορίαν
2364 3465 2778 3538 λαμϐανούσης,
2827 3468 2919 3536 ἀφ’
2966 3460 3040 3520 ὧν
3079 3465 3256 3529 οὕτως
3312 3464 3677 3536 ὀνομάζεσθαι

2084 3559 2248 3623 δοκεῖ,
2273 3560 2386 3613 οὐδ’
2414 3560 2677 3631 ὁπότερον
2697 3560 2876 3613 αὐτῶν
2904 3556 3040 3615 οὖσα
3058 3577 3071 3590 ·
3099 3559 3303 3631 ὁμοίως
3354 3576 3444 3629 μοι
3483 3558 3677 3628 φαίνε-

2085 3669 2176 3704 ται
2212 3652 2306 3704 καὶ
2350 3652 2457 3704 ἀπὸ
2486 3652 2595 3705 τῶν
2624 3652 2927 3707 δοκούντων
2952 3650 3091 3707 εἶναι
3123 3651 3308 3706 κακῶν
3346 3652 3447 3723 τὴν
3483 3652 3678 3707 οὐσίαν

2085 3744 2258 3809 ὄνομα
2297 3743 2772 3815 προσλαμϐάνειν,
2818 3744 2927 3799 οὐδ’
2968 3744 3229 3815 ὁπότερον
3269 3739 3436 3797 οὖσαν
3472 3744 3677 3798 αὐτῶν.

2088 3834 2198 3886 Καὶ
2227 3834 2317 3903 ξοοὶ
2336 3834 2537 3904 ὁμοίως
2558 3835 2865 3906 ἐπινόησον,
2890 3833 2945 3886 εἴ
2960 3851 3081 3888 τινα
3099 3833 3186 3886 ἓτε
3195 3849 3284 3904 ρον
3312 3829 3681 3894 ἀναπλάττεις

2088 3927 2146 3978 ἐν
2168 3924 2247 3994 τῷ
2273 3925 2350 3995 »ᾧ
2374 3925 2482 3978 τῶν
2508 3926 2692 3980 κακῶν
2716 3929 2828 3991 τοῖς
2857 3925 3166 3998 ἀνθρώποις
3208 3926 3413 3988 αἴτιον,
3453 3922 3531 3986 ὡς
3572 3924 3678 3976 κά-

2088 4021 2284 4081 κεῖνος,
2311 4018 2446 4071 καθὸ
2478 4020 2535 4072 ἐν
2567 4017 2779 4081 τούτοις
2813 4019 3028 4090 ἐνεργεῖ
3061 4018 3154 4071 καὶ
3182 4014 3473 4070 ὑποϐάλλει
3503 4017 3681 4068 ποιεῖν

2087 4109 2157 4163 τὰ
2189 4110 2354 4169 κακὰ,
2374 4113 2491 4163 ἐστὶ
2517 4111 2609 4164 καὶ
2631 4109 2793 4171 αὐτὸς
2821 4109 2991 4171 κακὸς
3016 4108 3076 4173 ἐξ
3108 4100 3183 4161 ὧν
3207 4110 3370 4161 ποιεῖ.
3391 4106 3491 4160 Διὰ
3516 4107 3678 4160 τοῦτο

2089 4203 2198 4275 γὰρ
2244 4205 2494 4268 κάκεῖνος
2539 4205 2709 4266 κακὸς
2748 4199 2887 4256 εἶναι
2934 4202 3176 4271 λέγεται,
3204 4202 3284 4254 ὄτι
3324 4200 3433 4254 τῶν
3485 4199 3679 4253 κακῶν

2089 4294 2209 4347 ἐστι
2243 4296 2472 4367 ποιητής
2491 4312 2505 4325 ο
2536 4295 2572 4349 ἃ
2597 4294 2653 4348 δέ
2676 4312 2760 4357 τις
2793 4296 2959 4357 ποιεῖ,
2993 4294 3094 4347 οὐκ
3140 4293 3285 4346 ἐστιν
3312 4292 3474 4355 αὐτὸς
3499 4332 3515 4355 ,
3559 4291 3676 4345 ἀλλ’

406 4406 553 4456 mus,
575 4405 697 4444 eum
729 4399 907 4443 tamen
939 4405 1114 4460 neque
1147 4392 1442 4458 medicina,
1473 4407 1649 4462 neque
1691 4392 1982 4459 riu-lorica,

2090 4389 2147 4441 αί
2180 4387 2451 4458 ἐνέργειαι
2473 4385 2657 4450 αὐτοῦ,
2685 4385 2779 4454 ἀφ’
2813 4380 2890 4439 ὧν
2920 4384 3019 4456 τὴν
3042 4385 3425 4471 προσηγορίαν
3451 4384 3545 4436 τοῦ
3574 4402 3676 4437 κα-

408 4495 589 4549 ιιειιυθ
629 4478 985 4550 grammatica
1019 4480 1326 4536 substantia
1356 4479 1466 4536 sit:
1516 4482 1608 4537 sed
1647 4492 1858 4537 tantum
1913 4499 1981 4538 ex

404 4569 475 4625 iis
496 4585 621 4640 quae
651 4570 754 4625 sibi
777 4572 1052 4633 eveniunt,
1078 4571 1221 4626 hanc
1252 4571 1563 4637 nominum,
1595 4589 1827 4643 quorum
1860 4574 1981 4642 ipsa

404 4660 612 4716 nullum
665 4668 768 4724 est,
818 4660 1133 4715 varietatem
1176 4661 1459 4718 sortiatur.
1516 4660 1609 4717 Sic
1642 4665 1710 4716 ab
1760 4664 1825 4717 iis
1860 4679 1984 4733 qum

404 4754 566 4823 vulgo
599 4753 737 4806 mala
790 4762 1121 4816 censentur,
1175 4753 1493 4809 substantia:
1542 4769 1742 4809 nomen
1777 4755 1981 4821 imponi

403 4858 606 4913 statuo,
639 4862 873 4917 quorum
898 4855 1078 4901 tamen
1105 4846 1221 4915 ipsa
1248 4847 1454 4901 nullum
1487 4856 1591 4903 est.
1622 4846 1858 4902 Perinde
1885 4862 1983 4901 au-

404 4950 512 4997 tem
542 4938 913 5010 philosophari
937 4938 1124 5002 debes,
1163 4947 1222 4994 ut
1251 4939 1419 4993 alium
1464 4939 1707 5009 aliquem
1745 4939 1981 4993 homini-

402 5033 502 5088 bus
526 5032 795 5088 malorum
838 5042 1122 5086 auctorem
1138 5030 1326 5086 animo
1348 5042 1402 5086 et
1422 5030 1751 5100 cogitatione
1782 5029 1977 5098 ﬁngas,

401 5139 639 5195 eumque
689 5123 944 5179 similiter
976 5163 992 5189 ,
1027 5131 1301 5193 quatenus
1331 5125 1385 5178 in
1420 5124 1554 5194 ipsis
1600 5123 1741 5178 male
1785 5120 1978 5192 agendi

403 5217 726 5289 principium
752 5225 806 5272 et
836 5231 1000 5271 causa
1037 5216 1285 5286 quaedam
1314 5227 1420 5283 est,
1449 5218 1521 5272 ob
1550 5218 1640 5272 illa
1670 5216 1788 5286 ipsa
1816 5255 1832 5280 ,
1860 5230 1983 5286 qua:

403 5308 533 5377 agit,
564 5310 768 5363 malum
814 5323 959 5364 esse.
999 5306 1136 5361 Nam
1170 5308 1348 5363 malus
1379 5310 1567 5379 utique
1612 5309 1816 5364 dicitur
1867 5308 1983 5378 ipse

475 5419 552 5494 (ϐ)
585 5420 991 5494 ῃαρᾳοίτῆναῄι.
1051 5419 1334 5494 Usitatius
1392 5420 1979 5494 fuerit__1tapac~rﬁcat.

475 5489 552 5556 (7)
580 5492 648 5543 Et
700 5490 768 5543 δὲ
812 5492 1014 5545 οὐσίαι
1061 5492 1135 5545 τὰ
1183 5489 1371 5555 κακά,
1401 5499 1507 5545 etc.
1558 5489 1815 5548 Mendosa
1854 5489 1981 5548 llaec

405 5568 567 5635 Sunt;
613 5575 736 5635 qum
779 5561 936 5635 facile
967 5561 1046 5635 sic
1074 5563 1351 5625 emendes,
1379 5563 1441 5615 El
1487 5562 1543 5615 δὲ
1588 5564 1661 5635 μὴ
1704 5564 1878 5616 οὐσίαι
1913 5565 1981 5616 τὰ

402 5628 569 5693 κακὰ,
597 5631 763 5683 κακὸν
793 5632 850 5683 δὲ
873 5634 901 5684 ό
925 5632 1101 5698 φόνος,
1136 5641 1240 5686 etc.

472 5698 545 5765 (8)
583 5700 857 5755 Ἔσονται
900 5702 1149 5757 τούτων.
1194 5703 1605 5771 ’Λσυλλόγιστος
1632 5704 1845 5760 videtur
1876 5705 1982 5761 ista

2086 4482 2182 4546 κὸς
2214 4480 2468 4548 λέγεσθαι
2498 4479 2783 4549 λαμϐάνει.
2810 4478 2873 4530 Εἰ
2905 4478 3011 4549 γὰρ
3033 4477 3196 4530 αὐτὸν
3221 4476 3487 4548 ὑπάρχειν
3503 4475 3679 4528 εἴποι·

2089 4592 2209 4645 μεν,
2239 4573 2274 4627 ἃ
2301 4575 2464 4636 ποιεῖ,
2498 4573 2642 4624 ποιεῖ
2671 4571 2727 4624 δέ
2757 4571 2952 4640 φόνους
3004 4571 3101 4623 καὶ
3133 4567 3397 4639 μοιχείας,
3422 4567 3521 4621 καὶ
3550 4567 3677 4619 κλο-

2086 4666 2215 4730 πὰς,
2241 4667 2333 4719 καὶ
2351 4667 2449 4719 ὅσα
2472 4666 2684 4729 τούτοις
2703 4666 2887 4735 ὅμοια,
2919 4663 3081 4727 αὑτός
3103 4664 3222 4716 ἐστι
3266 4661 3463 4715 ταῦτα.
3508 4662 3572 4713 El
3616 4660 3674 4713 δέ

2084 4757 2236 4812 ταῦτ’
2270 4758 2412 4812 ἐστιν
2437 4758 2619 4823 αὐτὸς,
2642 4756 2816 4811 ταῦτα
2843 4757 2888 4810 δ’
2918 4758 3006 4810 ὅτε
3041 4757 3253 4826 γίνεται
3275 4755 3375 4824 τὴν
3410 4753 3674 4807 σύστασιν

2085 4851 2218 4922 ἔχει,
2243 4851 2302 4903 οὐ
2329 4850 2588 4919 γινόμενα
2614 4848 2669 4901 δὲ
2700 4850 2796 4902 καὶ
2820 4847 2913 4902 τοῦ
2950 4844 3089 4901 εἶναι
3145 4847 3378 4900 παύεται
3402 4883 3418 4908 ,
3458 4843 3672 4913 γίνεται

2083 4942 2333 4996 δὲταῦτα
2370 4941 2504 5013 πρὸς
2531 4940 2832 5011 ἀνθρώπων
2852 4957 2866 4970 ·
2898 4939 3113 4994 ἔσονται
3138 4938 3342 4992 τούτων
3373 4938 3453 5010 (8)
3484 4940 3534 4993 oi
3575 4938 3671 4994 άν-

2086 5035 2292 5107 θρωποι
2318 5033 2560 5104 ποιηταὶ,
2588 5034 2683 5087 καὶ
2711 5032 2806 5085 τοῦ
2840 5028 2976 5085 εἴναι
3020 5031 3115 5085 καὶ
3157 5031 3252 5085 τοῦ
3298 5031 3492 5102 μηκέτ’
3530 5027 3671 5087 εἶναι

2086 5128 2266 5182 αἴτιοι.
2305 5128 2364 5180 Ei
2385 5126 2440 5179 δὲ
2465 5126 2640 5180 ταῦτα
2667 5125 2945 5197 ἐνεργείας
2967 5123 3131 5177 αὑτοῦ
3158 5125 3287 5195 φῂς,
3318 5122 3378 5188 ἐξ
3403 5116 3478 5178 ὧν
3504 5126 3668 5188 ποιεῖ,

2083 5220 2144 5274 τὸ
2172 5219 2341 5284 κακὸς
2372 5214 2508 5272 εἴναι
2542 5217 2676 5289 ἔχει,
2703 5219 2803 5270 οὐκ
2831 5216 2888 5282 ἐξ
2919 5210 2994 5270 ὧν
3016 5218 3165 5269 ἐστιν
3187 5220 3221 5288 ἡ
3259 5217 3434 5271 οὐσία.
3481 5218 3670 5271 Κακδν

2083 5312 2139 5366 δὲ
2159 5311 2383 5383 εἴπομεν
2412 5309 2668 5380 λέγεσθαι
2716 5309 2823 5363 άπὸ
2850 5308 2959 5362 τῶν
2999 5309 3427 5381 συμϐεϐηκότων
3466 5314 3536 5383 τῇ
3576 5313 3669 5366 οὑ-

2085 5425 2386 5481 couclusio.
2411 5423 2773 5479 Relerendum
2796 5424 2944 5479 enim
2973 5425 3158 5493 potius
3187 5423 3401 5506 fuisset,
3426 5424 3669 5479 hominis

2084 5511 2302 5566 quoque
2372 5504 2663 5559 naturam,
2715 5510 2814 5563 pro
2879 5505 3028 5549 tanta
3082 5511 3265 5549 rerum
3315 5504 3559 5566 istarum
3616 5504 3673 5549 et

2085 5565 2361 5621 actionum
2419 5566 2721 5637 mutatione
2781 5566 2980 5637 mutari
3013 5605 3026 5627 ,
3079 5582 3202 5633 qure
3230 5565 3325 5637 sui
3387 5575 3672 5637 tantopere

2085 5637 2387 5703 dissimilis,
2420 5651 2542 5692 esse
2571 5635 2732 5691 toties
2759 5646 2810 5692 et
2838 5636 3099 5707 inciperet
3134 5645 3186 5691 et
3209 5636 3497 5691 desineret.
