3856 6224
123 307 227 365 ὅτι

1282 301 1608 358 sampsa.
1649 284 1904 356 Ev'Atvc.
1949 299 2078 355 LIB.
2123 298 2235 356 vn.

3291 300 3399 361 578

124 422 235 494 σίᾳ,
266 419 428 476 ἅτινα
448 420 549 475 οὐκ
572 419 718 474 ἐστιν
755 422 789 492 ἡ
832 418 1022 484 οὐσία,
1049 420 1126 483 ὼς
1174 420 1283 474 ἀπὸ
1323 421 1424 492 τῆς
1457 418 1710 492 ἰατρικῆς

1818 432 2056 487 quoque,
2086 418 2231 488 quod
2269 417 2539 473 malorum
2564 426 2756 474 auctor
2790 418 2906 489 ipse
2937 418 3009 474 sit
3046 432 3207 488 ;qua:
3231 434 3398 490 porro

123 514 327 586 ἰατρόν.
355 515 419 566 Ei.
447 514 507 567 δὲ
531 513 593 577 ea
627 506 704 566 ὧν
728 514 962 583 ἐνεργεῖ,
987 512 1162 585 ἀρχὴν
1190 512 1285 565 τοῦ
1319 509 1456 571 εἶναι
1498 510 1712 581 λαμϐά-

119 622 221 667 νει,
254 603 459 676 ἧρξατο
485 605 737 668 κάκεῖνος
764 599 901 657 εἶναι
927 603 1119 671 κακὸς,
1142 603 1347 675 ἤρξατο
1361 603 1419 657 δὲ
1442 604 1536 657 καὶ
1554 604 1710 657 ταυτὶ

120 698 189 750 τά
212 696 379 751 κακά.
414 696 476 749 Εί
494 695 552 749 δέ
578 694 752 759 οὔτως
772 695 911 767 ἔχει,
941 698 1043 751 οὐκ
1075 696 1225 751 ἔσται
1243 684 1497 768 άνάρχως
1516 696 1707 761 κακὸς,

120 787 242 840 οὐδὲ
263 785 538 858 ἅγέννητα
563 784 637 840 τὰ
660 786 828 850 κακὰ,
857 786 936 858 τῷ
956 788 1192 860 γεννητὰ
1222 788 1359 860 πρὸς
1383 788 1548 842 αὐτοῦ
1572 785 1711 843 εἶναι

123 878 312 947 φάναι.
349 877 456 931 Τὸν
491 878 590 948 μὲν
616 877 754 949 πρὸς
786 879 880 932 τὸν
911 879 1122 951 ἕτερον,
1156 873 1203 932 ὦ
1228 878 1372 948 φίλε,
1401 879 1557 949 λόγον
1593 882 1713 935 ἰκα-

121 967 226 1031 νῶς
259 983 351 1037 μοι
374 966 706 1038 πεποιῆσθαι
728 967 934 1033 δοκεῖς⁹
962 967 1021 1034 ἐξ
1044 962 1121 1023 ὧν
1150 968 1261 1042 γὰρ
1292 968 1598 1041 προύλαϐες
1634 968 1712 1041 τῷ

121 1059 286 1130 λόγῳ,
314 1060 380 1114 ἐκ
404 1058 609 1113 τούτων
639 1060 897 1129 συνάγειν
921 1059 1107 1126 ἔδοξας
1132 1060 1333 1126 καλῶς.
1377 1062 1463 1126 Ὠς
1496 1061 1713 1134 ἀληθῶς

120 1148 251 1220 γὰρ,
278 1149 328 1201 εί
379 1149 566 1213 ἄποιος
592 1148 889 1220 ἐτύγχανεν
922 1153 956 1222 η
1003 1149 1138 1222 ὕλη,
1172 1152 1281 1206 τῶν
1322 1153 1378 1207 δὲ
1410 1155 1712 1224 ποιοτήτων

119 1238 451 1312 δημιουργὸς
480 1242 716 1314 ὑπάρχει
743 1244 772 1296 ό
801 1242 971 1307 Θεὸς,
1003 1246 1287 1315 ποιότητες
1332 1245 1390 1298 δὲ
1424 1244 1494 1299 τὰ
1529 1244 1711 1308 κακὰ,

116 1330 229 1385 τῶν
271 1331 463 1386 κακῶν
514 1336 630 1388 ἐστι
674 1335 905 1407 ποιητὴς
945 1337 974 1389 ό
1009 1335 1162 1400 Θεός.
1218 1332 1388 1401 Οὗτος
1431 1338 1531 1409 μὲν
1559 1332 1653 1391 οὖν
1683 1340 1713 1392 ό

119 1419 280 1491 λόγος
306 1423 445 1495 πρὸς
470 1426 680 1478 ἐκεῖνον
717 1426 957 1498 εἰρήσθω
996 1426 1177 1492 καλῶς
1198 1445 1212 1459 ·
1257 1429 1382 1499 ἐμοί
1415 1429 1472 1481 δὲ
1516 1428 1713 1500 ψεῦδος

120 1513 270 1567 δοκεί
290 1514 391 1584 τὴν
412 1514 548 1588 ὓλην
573 1516 765 1570 ἄποιον
792 1513 932 1571 εἶναι
954 1517 1153 1588 λέγειν.
1181 1520 1318 1574 Οὐδὲ
1351 1520 1461 1593 γὰρ
1504 1521 1713 1578 ἔνεστιν

120 1606 297 1658 εἰπεῖν
323 1606 454 1678 περὶ
475 1606 791 1678 ἡστινοσοῦν
833 1604 1008 1670 αἰτίας
1028 1619 1055 1648 ιι
1097 1609 1174 1673 ὡς
1200 1609 1345 1663 ἐστιν
1371 1609 1587 1674 ἄποιος·
1617 1613 1712 1666 καὶ

120 1695 232 1767 γὰρ
260 1697 321 1749 ἐν
346 1690 393 1764 ᾧ
424 1697 615 1751 ἄποιον
644 1693 783 1752 εἷναι
811 1697 978 1767 λέγει,
1003 1698 1102 1771 τὴν
1125 1699 1389 1771 ποιότητα
1414 1702 1584 1774 αὐτῆς
1604 1721 1710 1776 μη-

122 1784 273 1853 νύει,
312 1786 475 1841 ὁποία
510 1788 630 1841 ἐστὶ
674 1790 708 1860 ἡ
761 1788 859 1860 ὕλη
896 1789 1354 1861 διαγμφὸμενος,
1380 1791 1518 1863 ὅπερ
1561 1792 1711 1846 ἐστὶν

126 1878 418 1951 ποιότητος
462 1875 620 1943 εἶδος.
658 1880 819 1935 Ὅθεν
862 1883 917 1935 εί
952 1899 1034 1936 σοι
1082 1882 1238 1952 φίλον
1289 1884 1461 1943 ἐστὶν.
1505 1885 1713 1939 ἄνωθεν

124 1970 254 2043 ἔχου
287 1972 428 2043 πρὸς
459 1974 559 2044 ἐμὲ
584 1973 680 2027 τοῦ
706 1973 887 2043 λόγου.
936 1974 1093 2045 Ἐμοὶ
1120 1974 1232 2047 γὰρ
1257 1977 1292 2048 ή
1324 1974 1423 2047 ὕλη
1462 1977 1713 2049 ανάρχως

123 2066 421 2138 ποιότητας
446 2066 589 2137 ἔχειν
613 2067 790 2120 δοκεῖ·
847 2066 991 2120 οὕτω
1013 2066 1122 2139 γὰρ
1155 2068 1249 2122 καὶ
1272 2068 1343 2122 τὰ
1366 2068 1515 2122 κακὰ
1537 2071 1602 2122 ἐκ
1615 2071 1715 2140 τῆς

119 2159 430 2230 ἀπορροίας
458 2158 634 2228 αὐτῆς
663 2153 800 2213 εἶναι
825 2158 990 2227 λέγω,
1031 2159 1120 2212 ἵνα
1159 2157 1271 2213 τῶν
1316 2159 1503 2213 κακῶν
1540 2161 1568 2213 ὁ
1615 2161 1715 2230 μὲν

118 2247 258 2311 Θεὸς
302 2247 545 2309 ἀναίτιος
588 2243 663 2321 ᾗ,
696 2245 901 2301 τούτων
932 2246 989 2298 δέ
1039 2245 1295 2300 ἁπάντων
1322 2247 1356 2317 ἡ
1393 2244 1493 2316 ὕλη
1541 2245 1710 2300 αἰτία.

120 2340 235 2411 Τὴν
273 2339 371 2409 μὲν
392 2337 703 2408 προθυμίαν
728 2337 828 2410 τὴν
860 2337 959 2410 σὴν
989 2337 1348 2408 ἀποδέχομαι,
1383 2331 1430 2392 ὧ
1457 2337 1599 2406 φίλε,
1619 2337 1715 2391 καὶ

121 2430 218 2485 σοῦ
246 2431 348 2502 τὴν
376 2432 434 2483 ἐν
462 2431 576 2493 τοῖς
600 2427 779 2497 λόγοις
799 2428 1035 2500 σπουδὴν
1063 2427 1292 2481 ἐπαινῶ.
1329 2428 1581 2499 Προσῆκε
1604 2427 1716 2498 γὰρ

118 2522 197 2584 ὡς
224 2522 446 2593 άληθῶς
472 2523 707 2575 ἕκαστον
736 2520 846 2575 τῶν
869 2520 1187 2591 φιλομαθῶν
1234 2521 1311 2591 μὴ
1365 2507 1551 2584 ἁπλῶς
1569 2560 1584 2584 ,
1619 2519 1716 2573 καὶ

115 2613 198 2678 ὡς
243 2614 405 2685 ἔτυχε
465 2612 963 2682 συγκατατίθεσθαι
1007 2615 1130 2676 τοῖς
1187 2611 1505 2682 λεγομένοις
1528 2650 1544 2675 ,
1597 2611 1713 2665 ἀλλ’

114 2706 331 2778 ἀκριϐῆ
360 2705 635 2760 ποιεῖσθαι
658 2705 758 2776 τὴν
789 2704 1035 2770 ἐξέτασιν
1063 2702 1172 2757 τῶν
1201 2702 1396 2772 λόγων.
1435 2703 1571 2756 Οὐδὲ
1606 2703 1714 2775 γὰρ

117 2800 171 2852 εἰ
195 2801 228 2852 ό
256 2796 600 2870 προσζητῶν,
627 2796 936 2867 παράλογον
962 2796 1289 2867 ὁρισάμενος
1324 2795 1579 2866 ἀφορμὴν
1614 2794 1712 2865 (9),

120 2886 375 2958 παρέσχε
404 2883 485 2957 τῷ
518 2883 1027 2956 προσδιαλεγομένῳ
1076 2882 1334 2951 συνάγειν
1388 2881 1464 2946 ὡς
1517 2879 1711 2942 ἐθέλει,

118 2978 281 3032 τοῦτο
308 2977 407 3031 καὶ
437 2977 529 3030 τὸν
558 2974 835 3047 ἀκροατὴν
864 2974 1046 3045 πείσει
1068 2988 1080 3002 ’
1106 2971 1222 3027 ἀλλ’
1249 2970 1304 3024 εί
1331 2988 1385 3023 τι
1416 2970 1528 3041 (10)
1570 2969 1717 3023 δοκεί

118 3069 348 3124 δυνατὸν
383 3066 524 3123 εἶναι
556 3066 808 3139 λέγεσθαι
836 3064 1040 3130 καλῶς,
1067 3063 1227 3119 τοῦτο
1261 3061 1432 3128 λέξει’
1472 3063 1599 3133 παρ’
1638 3055 1713 3116 ὧν

118 3160 268 3216 δυοῖν
302 3161 531 3233 θάτερον
576 3128 756 3216 ἔσται’
809 3159 844 3231 ἢ
888 3128 1011 3230 γὰρ
1031 3157 1169 3229 πρὸς
1194 3155 1222 3209 ὃ
1256 3153 1523 3209 κινεῖσθαι
1555 3128 1717 3208 δοκεῖ
1741 3128 1789 3191 C

117 3252 367 3316 ἀκούσας
396 3252 583 3306 τέλεον
610 3250 1047 3322 ὠφεληθήσεται,
1070 3248 1104 3320 ἢ
1139 3246 1231 3301 τὸν
1252 3245 1714 3318 προσδιαλεγόμε-

120 3361 211 3399 νον
238 3343 453 3412 ἐλέγξει
480 3344 541 3396 οὐ
572 3342 779 3415 τάληθῆ
806 3341 1053 3410 λέγοντα.
1080 3340 1155 3393 Οὐ
1177 3338 1353 3401 δοκεῖς
1380 3336 1437 3391 δέ
1462 3353 1551 3408 μοι
1572 3336 1716 3390 δεόν-

120 3453 230 3501 τως
254 3436 545 3509 εἰρηκέναι
570 3436 668 3507 τὴν
692 3434 824 3507 ὕλην
856 3432 1064 3489 ἄνωθεν
1096 3432 1391 3501 ποιότητας
1430 3429 1595 3501 ἔχειν.
1653 3430 1716 3482 Et

123 3530 233 3603 γὰρ
278 3528 430 3583 τοῦθ’
467 3528 641 3594 οὕτως
683 3527 835 3599 ἔχει,
875 3526 1019 3590 τίνος
1040 3524 1191 3578 ἔσται
1228 3522 1456 3594 ποιητὴς
1483 3524 1512 3576 ό
1537 3521 1712 3586 Θεός;

122 3623 233 3677 εἴτε
260 3621 374 3694 γάρ
403 3621 594 3684 οὐσίας
640 3620 876 3692 ἐροῦμεν
896 3657 912 3683 ,
960 3619 1209 3690 προεῖναι
1253 3615 1460 3680 ταύτας
1498 3614 1677 3685 φαμέν
1697 3631 1712 3645 ’

124 3715 224 3768 εἴτ’
254 3711 324 3769 αὖ
356 3715 519 3769 πάλιν
546 3714 858 3786 ποιότητας,
893 3713 988 3766 καὶ
1014 3710 1218 3775 ταύτας
1251 3710 1541 3781 ὑπάρχειν.
1569 3710 1714 3763 Οὐκ-

126 3807 217 3861 οὖν
246 3807 440 3869 οὐσίας
469 3823 530 3859 τε
571 3804 740 3876 οὐσης
768 3804 867 3858 καὶ
905 3804 1242 3874 ποιοτήτων,
1284 3800 1535 3872 περιττὸν
1575 3796 1714 3854 εῐναί

129 3915 216 3968 μοι
248 3897 402 3951 δοκεῖ
431 3895 762 3968 δημιουργὸν
783 3895 963 3964 λέγειν
989 3894 1081 3947 τὸν
1108 3892 1265 3950 Θεὸν.
1292 3893 1410 3946 Ἵνα
1432 3891 1488 3945 δὲ
1513 3891 1608 3945 καὶ
1638 3891 1713 3963 μὴ

125 3989 561 4054 κατασκευάζειν
585 3988 707 4042 τινὰ
734 3987 870 4053 δόξω
900 3986 1079 4056 λόγον,
1101 3984 1395 4056 ἀπόκριναι
1440 3982 1535 4039 νῦν
1577 3985 1715 4054 ἐρω-

124 4081 394 4153 τώμενος,
424 4079 531 4133 τίνι
564 4079 748 4150 τρόπῳ
773 4077 1102 4149 δημιουργὸν
1136 4071 1275 4129 εἶναι
1302 4077 1407 4148 φῂς
1434 4074 1523 4129 τὸν
1550 4076 1710 4148 Θεόν;

126 4173 367 4246 Πότερον
395 4175 476 4228 ὅτι
506 4172 607 4236 τὰς
634 4171 821 4234 οὐσίας
851 4158 1078 4242 ἔτρεψεν
1112 4171 1192 4232 εἰς
1222 4168 1282 4222 τὸ
1318 4167 1513 4239 μηκέθ’
1544 4168 1715 4239 ὑπάρ-

127 4284 243 4336 χειν
268 4267 508 4331 ἐκείνας,
535 4265 703 4335 αἴπερ
732 4259 873 4334 ἦσάν
899 4276 1050 4325 ποτε,
1086 4261 1201 4315 ἀλλ’
1225 4259 1416 4330 ἑτέρας
1447 4259 1577 4331 παρ’
1616 4260 1713 4312 αὐ-

124 4359 226 4422 τὰς
252 4355 531 4427 γενέσθαι,
558 4355 592 4426 ἢ
616 4356 698 4408 ὅτι
730 4353 829 4416 τὰς
848 4353 946 4424 μὲν
975 4351 1163 4414 οὐσίας
1191 4348 1454 4420 ἐφύλαξεν
1477 4350 1710 4414 ἐκείνας,

128 4451 295 4521 αἴπερ
324 4444 469 4521 ἦσαν
501 4447 610 4519 πρὸ
642 4446 834 4500 τούτου
860 4443 1122 4515 (11),·τὰς
1149 4443 1206 4497 δὲ
1238 4443 1533 4514 ποιότητας
1558 4442 1714 4515 ἕτρε-
1744 4476 1789 4531 D

126 4545 227 4615 ψεν
257 4543 474 4608 αὐτῶν;
509 4540 587 4596 Οὐ
618 4558 673 4595 τι
707 4557 799 4612 μοι
824 4540 973 4593 δοκεῖ
998 4538 1240 4609 ἀλλαγήν
1289 4538 1402 4609 (12)
1452 4555 1577 4593 τινα
1618 4540 1710 4592 οὐ-

131 4636 263 4690 σιῶν
284 4636 595 4705 γεγονέναι·
621 4632 842 4703 καὶγὰρ
863 4631 1062 4685 ἄτοπον
1081 4628 1239 4683 τοῦτο
1262 4629 1441 4699 λέγειν
1472 4647 1561 4701 μοι
1589 4630 1715 4700 φαί-

129 4745 299 4781 νεται.
335 4725 558 4799 Τροπὴν
597 4724 709 4795 (15)
732 4724 790 4778 δέ
812 4740 935 4776 τινα
958 4722 1067 4776 τῶν
1103 4724 1404 4795 ποιοτήτων
1431 4722 1714 4792 γεγονέναι

130 4820 294 4890 φημὶ,
328 4818 453 4873 καθ’
485 4817 553 4880 ἃς
576 4815 909 4888 δημιουργὸν
930 4809 1069 4869 εἶναι
1105 4813 1250 4884 λέγω
1290 4814 1381 4869 τὸν
1418 4815 1571 4870 Θεόν.
1604 4815 1716 4868 Καὶ

131 4908 321 4981 ὥσπερ
352 4910 403 4961 εί
423 4905 576 4978 τύχοι
606 4906 787 4975 λέγειν
816 4907 882 4959 ἐκ
910 4904 1074 4958 λίθων
1099 4904 1277 4958 οἰκίαν
1296 4904 1598 4972 γεγονέναι,
1630 4904 1714 4972 ἐφ’

131 4992 298 5068 ᾧούκ
322 4998 471 5052 ἔστιν
501 4996 695 5061 εἰπεῖν,
722 4995 798 5060 ὡς
824 4997 925 5049 οὐκ
955 4994 1038 5049 ἔτι
1085 4993 1223 5048 λίθοι
1267 4994 1488 5065 μένουσι
1518 4996 1586 5065 τῇ
1627 4994 1718 5046 οὐ-

137 5092 421 5164 meum
441 5090 723 5162 γενόμενοι
771 5090 822 5143 οἱ
867 5088 1041 5142 λίθοι·
1078 5089 1145 5159 τῇ
1174 5087 1283 5157 γὰρ
1326 5087 1572 5158 ποιότητι
1618 5086 1717 5157 τῆς

244 5194 270 5223 ﬂ
293 5200 387 5253 τρ.
426 5180 638 5245 οὐσίας.

136 5272 152 5292 ‘
211 5270 285 5343 (9)
313 5268 1049 5343 Παράλογπονᾼόρισᾴμενος
1085 5266 1395 5343 ἀφορμήν,
1417 5260 1519 5321 llic
1545 5266 1718 5343 ἀφορκ

137 5337 499 5452 ρήν’ρι·οέο
551 5337 1014 5404 Sumi‘arbitror,
1064 5338 1210 5407 quod
1255 5337 1498 5418 medium
1553 5337 1718 5408 vulgo

160 5412 298 5452 τισίπί
325 5412 627 5452 nni-sinant,
669 5410 899 5452 pinnarum
946 5421 1054 5452 tam
1103 5423 1156 5452 In
1205 5409 1399 5452 mamri
1450 5423 1614 5452 ninam
1663 5409 1717 5452 in

138 5408 635 5483 logici'nontinant,
669 5410 899 5480 ejusque
946 5421 1056 5483 tam
1103 5423 1158 5461 In
1205 5408 1400 5476 majori
1448 5423 1615 5483 quam
1642 5409 1719 5483 _in

138 5477 338 5538 minori
365 5477 782 5537 collocationem
811 5477 836 5532 Ξ
874 5477 1187 5550 παράλογον
1227 5488 1408 5550 autem
1438 5478 1716 5550 ἀφορμήν,

138 5553 492 5621 sophisticam
523 5560 578 5606 et
606 5547 1395 5622 dzaznrtxﬁv'argumentatidi
1429 5547 1719 5622 rationem,

138 5617 252 5694 qua
281 5624 403 5693 quis
436 5625 590 5694 velut
604 5617 825 5693 ἀφορμῇ
860 5617 1118 5694 quadam,
1150 5620 1217 5673 ad
1239 5617 1720 5694 facilius‘alterum

139 5686 207 5747 in
230 5686 466 5747 errorem
503 5686 894 5747 inducet'tdu'm'
917 5691 1194 5746 abutatur.
1231 5686 1432 5755 Quales
1463 5687 1720 5761 ἀφορμάς

144 5764 408 5821 bocratici
438 5775 663 5831 captare
691 5761 1032 5819 videbantur.

1802 5418 1805 5423 ’
1894 5408 2006 5551 illi
2038 5408 2158 5534 1’52

1814 508 1939 578 quis
1977 509 2109 579 agit,
2145 523 2210 562 ea
2253 523 2362 562 non
2388 508 2503 578 jam
2560 510 2712 577 ipse,
2740 510 2833 564 sed
2865 508 3036 578 ipsius
3062 517 3274 563 tantum
3304 523 3398 563 ac-

1811 600 1990 655 tiones
2012 598 2258 668 qttaadam
2287 608 2434 663 sunt,
2461 599 2606 654 unde
2633 599 2761 653 mali
2777 614 2991 654 nomen.
3013 599 3215 655 haurit.
3233 599 3397 673 352

1811 691 2106 747 Enimvero
2155 692 2200 748 si
2222 707 2343 762 qua:
2371 708 2400 745 a
2424 707 2640 763 quoque
2660 692 2817 757 fiunt,
2843 692 3035 748 eadem
3063 693 3238 761 ipsum
3275 707 3398 749 esse

1810 782 2140 847 diceremus,
2170 798 2296 838 cum
2335 785 2531 850 caules,
2577 784 2871 851 adulteria,
2901 784 3044 839 furta
3071 783 3293 856 aliaque
3341 786 3397 841 id

1811 888 1985 944 genus
2039 875 2250 930 scelera
2280 875 2350 930 ab
2400 876 2583 945 aliquo
2626 886 3015 946 patrarentur,
3045 876 3161 932 haec
3210 877 3396 933 omnia

1812 967 1975 1022 simul
2007 981 2151 1021 unus
2181 966 2437 1036 idemque
2462 966 2625 1022 foret.
2662 967 2941 1036 Ejusmodi
2973 983 3137 1038 porro
3173 968 3216 1021 si
3250 968 3394 1024 erit:

1810 1074 1936 1114 cum
1970 1058 2156 1114 isthaac
2201 1057 2386 1113 omnia
2424 1065 2537 1112 tum
2585 1060 2825 1114 existant
2884 1060 3047 1115 modo
3081 1075 3204 1114 cum
3235 1060 3393 1126 ﬁunt,

1811 1163 1877 1204 ac
1926 1147 2091 1203 simul
2125 1162 2249 1203 esse
2273 1147 2530 1203 desinant
2559 1188 2575 1210 ,
2615 1163 2739 1203 cum
2770 1148 2887 1203 ﬁeri
2938 1149 3220 1217 desinunt,
3262 1149 3398 1206 ﬁant

1811 1248 1992 1294 autem
2023 1239 2093 1294 ab
2127 1238 2446 1294 hominibus
2477 1254 2494 1292 :
2563 1239 2818 1295 homines
2863 1250 3012 1295 certe
3049 1241 3268 1311 quidem
3290 1280 3306 1305 ,
3336 1248 3398 1297 ut

1809 1346 2000 1386 eorum
2036 1332 2295 1397 artiﬁces,
2328 1331 2410 1387 sic
2452 1341 2508 1387 et
2535 1331 2893 1402 quamobrem
2934 1331 3025 1387 illa
3052 1334 3214 1388 modo
3263 1331 3395 1398 sint,

1811 1424 1976 1479 modo
2003 1439 2110 1479 non
2142 1426 2272 1492 sint,
2300 1438 2482 1479 causa;
2508 1423 2727 1494 ipsimet
2768 1434 2947 1479 erunt.
2986 1424 3142 1491 Quod
3177 1424 3223 1479 si
3250 1426 3398 1494 ejus-

1812 1515 1933 1569 dem
1972 1514 2219 1569 actiones
2252 1554 2270 1581 ,
2315 1513 2420 1569 ista
2452 1529 2576 1570 esse
2607 1514 2865 1570 concedis
2897 1532 2913 1580 ;
2948 1528 3015 1569 ex
3046 1514 3114 1569 iis
3161 1523 3394 1583 tantum,

1812 1621 1932 1676 quae
1959 1606 2171 1668 fecerit,
2223 1621 2334 1662 non
2365 1622 2435 1662 ex
2476 1606 2547 1661 iis
2577 1606 2780 1676 quibus
2809 1606 3115 1661 substantia
3156 1615 3396 1667 constat,

1813 1697 1862 1753 is
1884 1698 2066 1764 habet,
2093 1700 2157 1753 ut
2179 1697 2357 1751 malus
2390 1697 2483 1753 sit.
2513 1695 2638 1751 Mali
2670 1697 2817 1751 enim
2844 1696 3294 1767 appellationem,
3327 1713 3398 1753 ex

1743 1778 1786 1835 Β
1812 1788 1883 1844 iis
1911 1804 2033 1859 quae
2064 1789 2386 1846 substantiae
2416 1788 2769 1860 contingunt,
2813 1804 3047 1859 quaeque
3087 1789 3398 1846 substantia

1811 1880 1929 1952 ipsa
1953 1896 2065 1936 non
2093 1892 2245 1946 sunt,
2273 1883 2571 1951 petendum
2602 1896 2726 1936 esse
2748 1879 3012 1945 diximus,
3034 1881 3399 1950 quemadmo-

1813 1972 1944 2028 dum
1976 1987 2008 2027 a
2033 1972 2305 2028 medicina
2331 1972 2604 2028 medicum
2634 1973 3002 2027 nominamus.
3044 1969 3205 2028 Nunc
3241 1988 3397 2040 vero,

1814 2065 1860 2121 si
1892 2081 1991 2135 pro
2020 2080 2208 2120 rerum
2260 2080 2385 2135 quae
2406 2065 2476 2120 ab
2500 2080 2569 2121 eo
2608 2064 2766 2127 tiunt,
2817 2064 3153 2132 conditione,
3194 2066 3400 2122 cuicui-

1813 2159 1963 2214 modi
2012 2172 2136 2213 esse
2160 2157 2396 2227 primum
2427 2157 2700 2227 incipiat:
2751 2156 2894 2210 idem
2925 2171 3150 2227 quoque
3199 2172 3399 2213 manus

1815 2261 1939 2303 esse
1958 2246 2145 2316 coepit.
2176 2247 2403 2316 ipsaque
2420 2245 2556 2301 adeo
2583 2245 2726 2300 mala
2748 2245 2914 2301 simul
2939 2261 3062 2301 esse
3086 2256 3396 2317 coeperunt.

1814 2342 1871 2398 Id
1891 2345 2034 2414 quod
2056 2345 2101 2399 si
2122 2359 2312 2398 verum
2337 2351 2442 2408 est,
2466 2357 2643 2412 neque
2664 2335 2861 2395 manus
2887 2342 3107 2397 malitia:
3121 2357 3236 2398 suae
3249 2342 3399 2413 prin-

1814 2435 1979 2505 cipio,
2013 2450 2192 2504 neque
2229 2433 2370 2488 mala
2398 2433 2514 2503 ipsa
2573 2441 2698 2487 ortu
2725 2433 3010 2497 carebunt,
3040 2447 3165 2488 cum
3201 2431 3272 2486 ab
3303 2431 3398 2487 illo

1816 2527 2056 2597 profecta
2075 2540 2197 2582 esse
2212 2526 2485 2581 dicantur.
2507 2525 2772 2580 Praeclare
2796 2534 2853 2579 tu
2874 2525 3094 2594 quidem
3114 2534 3169 2580 et
3182 2525 3401 2579 abunde

1815 2618 2119 2687 superioris
2167 2616 2446 2686 opinionis
2477 2631 2759 2680 errorem,
2794 2630 2828 2669 ο
2860 2616 3057 2683 amice,
3094 2625 3202 2670 tam
3238 2616 3397 2671 lucu-

1814 2706 1957 2762 lenta
1987 2706 2360 2776 disputatione
2375 2705 2673 2760 confutasti
2699 2721 2714 2756 :
2744 2720 2810 2759 ex
2840 2704 2909 2760 iis
2933 2695 3104 2771 enim,
3132 2720 3257 2775 quas
3271 2715 3400 2762 ante

1814 2814 2082 2871 posueras
2109 2838 2126 2864 ,
2180 2799 2398 2869 egregie
2433 2796 2683 2852 confecta
2719 2811 2807 2852 res
2857 2806 2961 2851 est.
2996 2795 3315 2861 Enimvero,
3350 2799 3398 2853 si

1814 2892 2079 2963 qualitate
2107 2891 2259 2946 omni
2293 2890 2523 2960 spoliata
2558 2889 2784 2944 materia
2829 2898 2948 2944 erat
2984 2907 2998 2944 :
3058 2889 3400 2959 proindeque

1816 2983 1862 3038 si
1892 2993 1947 3037 et
1976 2982 2302 3053 qualitatum
2328 2990 2523 3035 auctor
2553 2979 2696 3035 Deus
2722 2988 2837 3046 est,
2872 2990 2927 3035 et
2958 2980 3251 3051 qualitates
3279 2981 3400 3036 ista:

1819 3073 1964 3129 mala
1997 3083 2147 3140 sunt,
2213 3071 2383 3126 Deum
2436 3073 2597 3142 plane
2626 3072 2898 3126 malorum
2950 3081 3232 3127 auctorem
3276 3086 3401 3127 esse

1821 3165 2198 3235 consequitur.
2230 3163 2411 3231 Quare
2439 3163 2586 3234 quod
2617 3164 2856 3233 priorem
2891 3163 3038 3218 illaut
3065 3163 3396 3218 sententiam

1817 3258 2034 3325 attinet,
2072 3258 2142 3313 ab
2170 3273 2236 3312 ea
2264 3272 2386 3311 sum
2413 3266 2505 3312 tua
2538 3256 2640 3311 hac
2673 3256 2887 3310 ratione
2922 3254 3210 3311 deductus.
3244 3254 3397 3310 Esto.

1819 3348 1979 3405 Nunc
2013 3358 2195 3404 autem
2229 3349 2429 3404 falsum
2465 3349 2596 3403 illud
2647 3348 2785 3403 mihi
2817 3349 3055 3412 videtur,
3112 3349 3397 3403 materiam

1816 3443 2171 3515 qualitatibus
2227 3457 2454 3497 vacuam
2486 3441 2676 3497 fuisse.
2711 3440 2847 3495 Nam
2905 3441 3213 3497 substantia
3248 3442 3397 3497 nulla

1815 3536 2079 3605 qualitate
2124 3534 2274 3589 omni
2309 3548 2497 3588 carere
2530 3532 2638 3587 dici
2688 3539 2867 3602 potest
2901 3551 2915 3587 :
2977 3547 3105 3587 cum
3139 3547 3206 3587 eo
3251 3533 3396 3603 ipso,

1816 3640 1927 3695 quo
1973 3625 2259 3680 materiam
2293 3626 2418 3696 quis
2440 3623 2593 3680 omni
2625 3624 2888 3693 qualitate
2934 3624 3225 3693 spoliatam
3275 3638 3401 3679 esse

1815 3717 2040 3783 diceret,
2077 3717 2355 3787 propriam
2389 3717 2510 3786 ejus
2534 3716 2854 3785 qualitatem
2888 3714 3198 3781 indicaret,
3242 3715 3398 3779 dum,

1814 3811 1993 3880 qualis
2026 3811 2254 3865 materia
2284 3813 2377 3874 sit,
2409 3810 2730 3879 explicaret,
2763 3808 2913 3877 quod
2974 3808 3154 3878 ipsum
3210 3807 3400 3875 utique
3432 3824 3437 3827 ‘

1817 3900 2107 3969 singularis
2162 3900 2415 3970 quaedam
2474 3900 2616 3953 ratio
2656 3897 2939 3969 qualitatis
2992 3906 3097 3953 est.
3135 3896 3399 3966 Deinceps

1817 4005 1972 4060 ergo,
2007 3991 2115 4046 nisi
2154 3991 2447 4046 molestum
2478 3998 2583 4054 est,
2610 3990 2752 4046 hanc
2786 3990 2924 4044 mihi
2954 4004 3147 4045 rursus
3168 4005 3200 4044 a
3225 3991 3402 4058 capite

1815 4083 2242 4154 disputationem
2267 4098 2509 4138 arcesse.
2536 4081 2658 4137 Jam
2681 4085 2825 4137 enim
2856 4082 3145 4138 materiam
3165 4082 3402 4152 qualita~

1816 4175 1964 4230 tibus
1991 4190 2057 4229 ex
2094 4174 2242 4231 omni
2270 4174 2575 4229 aeternitate
2600 4175 2910 4244 praeditam,
2950 4174 3204 4244 malaque
3232 4173 3401 4229 simul

1815 4265 2007 4320 omnia
2039 4280 2106 4320 ex
2130 4265 2367 4335 quodam
2417 4265 2538 4336 ejus
2571 4264 2789 4322 deﬂuxu
2824 4276 2949 4321 nata
2977 4281 3099 4322 esse
3142 4264 3396 4332 defendo,

1816 4373 1884 4412 ne
1905 4357 2017 4413 Deo
2047 4373 2215 4414 causa
2260 4357 2529 4413 malorum
2565 4359 2877 4430 assignetur
2901 4399 2917 4424 ,
2967 4373 3091 4429 quae
3126 4358 3300 4413 solam
3345 4358 3399 4412 in

1816 4450 2106 4505 materiam
2162 4450 2494 4506 conferenda
2523 4450 2616 4505 sit.
2644 4449 2777 4504 Mihi
2807 4465 2940 4505 vero
2989 4458 3120 4505 tuus
3155 4449 3245 4504 hic
3277 4449 3399 4503 ani-

1818 4556 1963 4607 mus,
1992 4557 2027 4596 ο
2055 4541 2251 4606 amice,
2284 4541 2577 4596 admodum
2611 4541 2880 4611 probatur
2914 4557 2929 4607 ;
2973 4540 3151 4610 placet
3188 4541 3295 4596 hoc
3343 4541 3401 4594 in

1817 4633 2241 4688 concertationis
2272 4647 2471 4703 genere
2492 4641 2604 4687 tam
2635 4632 2885 4688 studiosa
2914 4631 3402 4701 coutentio.Atque

1817 4724 1961 4780 idem
2001 4723 2246 4794 profecto
2283 4740 2475 4780 eorum
2508 4725 2755 4779 omnium
2781 4764 2796 4790 ,
2821 4724 2913 4795 qui
2943 4739 3001 4778 se
3033 4722 3279 4779 discendi
3311 4740 3401 4777 cu-

1819 4815 1978 4884 pidos
2008 4814 2352 4886 proﬁtentur,
2380 4816 2670 4871 consilium
2715 4830 2837 4870 esse
2865 4822 3161 4882 oporteret,
3197 4822 3255 4867 ut
3288 4828 3400 4866 ιιοη

1819 4906 2138 4976 simpliciter
2167 4923 2232 4963 ac
2260 4917 2485 4970 temere,
2514 4906 2781 4978 quidquid
2812 4907 2881 4961 ab
2912 4906 3035 4961 aliis
3061 4904 3287 4971 dicitur,
3310 4918 3403 4958 ar-

1818 4998 2061 5069 riperent
2081 5039 2097 5064 ,
2123 4999 2218 5054 sed
2248 5001 2522 5055 rationum
2553 5001 2664 5053 vim
2698 5007 2863 5067 atque
2890 4997 3105 5068 pondus
3152 4996 3268 5051 suis
3303 5008 3401 5050 ac-

1819 5102 2002 5148 curate
2026 5108 2091 5148 ac
2115 5092 2401 5162 diligenter
2425 5092 2720 5148 momentis
2733 5092 3089 5146 aestimarent.
3109 5087 3273 5162 35.3
3290 5084 3402 5143 Nec

1892 5268 2004 5340 (10)
2051 5268 2213 5322 Ἀλλ’
2254 5267 2311 5322 ει
2339 5284 2413 5323 τι.
2456 5266 2597 5321 Ante
2638 5265 2775 5340 ᾁλλά
2819 5263 3019 5319 minori
3055 5270 3295 5340 __tantu_m_
3319 5261 3403 5317 di-

1821 5332 2116 5397 atinctione
2145 5353 2280 5408 opus
2322 5348 2406 5393 est
2425 5354 2440 5404 ;
2462 5352 2568 5408 pro
2615 5335 2669 5408 εἴ
2692 5353 2745 5388 τι
2784 5350 2934 5400 vero,
2963 5332 3149 5408 malim
3191 5333 3241 5385 εἰ
3268 5332 3310 5408 _6_
3325 5348 3399 5386 τι.

2203 5401 2437 5462 τούτουζ
2462 5401 2743 5477 Virgulam
2760 5408 2971 5477 puncti
3004 5404 3143 5477 loco
3192 5401 3400 5477 subice.

1919 5473 2006 5552 ιε)
2043 5473 2723 5552 ΔοκεὶξὲἀλλαγήνξΡυει
2753 5473 3177 5552 δοκεῖ-ιοιιθηιιιι
3210 5473 3405 5552 distin-

1822 5541 1934 5631 ctio
1978 5541 2081 5605 est.
2112 5541 2629 5631 examussim
2672 5544 3091 5631 rescripsimus,
3133 5558 3233 5613 pro
3266 5541 3404 5598 ἀλλὰ

1822 5622 1948 5691 γῆν,
1984 5620 2128 5690 quod
2162 5619 2452 5674 manifeste
2481 5619 2735 5671 vitiosum
2762 5625 2901 5670 erat.
3132 5640 3138 5645 ο

1896 5691 2004 5764 (l5)
2033 5690 2285 5760 Τροπήν.
2316 5688 2455 5746 Male
2487 5686 2687 5760 τρόπον
2711 5695 2836 5742 ante
2864 5684 3164 5753 legebatur.
