3856 6224
450 281 557 340 579

1079 292 1351 353 EUSEBII
1388 286 1883 349 CESARIENSIS
1916 280 2069 344 OPP.
2111 283 2295 340 PARS
2332 283 2398 340 ll.
2439 314 2511 326 —
2550 280 3062 340 APOLOGETICA.

3622 280 3733 338 580

447 425 619 474 enim,
669 412 710 467 si
738 413 832 482 qui
864 427 988 467 cum
1018 411 1193 466 altero
1235 409 1477 475 disserit,
1514 409 1903 465 concinnatum
1931 405 2031 460 abs

2138 401 2441 465 συνθέσεως
2472 403 2569 475 τὴν
2598 405 2776 459 οίκίαν
2804 403 3090 473 γεγονέναι
3117 401 3282 473 φημὶ,
3311 399 3621 474 τραπείσης
3646 402 3735 473 δή.

447 520 570 564 sese
600 504 767 560 fallax
793 505 1012 575 aliquod
1042 512 1097 558 et
1129 503 1435 571 captiosum
1475 500 1784 571 argumenti
1832 513 2027 571 genus,

448 612 547 653 sua
580 597 653 651 illi
676 613 743 652 ex
772 606 952 652 mente
982 610 1261 665 sensuque
1281 593 1721 649 concludendum
1752 591 2029 656 obtrudet,

448 689 683 743 auditori
735 697 1038 759 propterea,
1090 686 1235 757 quod
1264 686 1428 751 volet,
1476 686 1580 739 hac
1607 693 1726 739 arte
1746 697 2033 754 persuase-

446 782 559 837 rit:
590 781 686 837 sed
732 780 939 851 aliquid
974 789 1086 834 tum
1116 779 1337 834 demum
1369 779 1416 833 is
1452 778 1645 848 egerit,
1681 776 1728 831 si
1763 775 1913 846 quod
1935 774 2033 829 abs

443 889 503 929 se
528 889 653 928 cum
683 873 898 928 ratione
939 872 1051 927 dici
1088 887 1248 942 posse
1290 870 1585 934 videbitur,
1614 869 1667 923 id
1702 868 1756 923 in
1790 867 2032 923 medium

442 963 705 1036 proferet.
729 962 863 1018 Nam
899 972 1014 1019 tum
1048 979 1080 1018 e
1109 963 1327 1018 duobus
1371 963 1604 1016 alterum
1638 969 2030 1030 consequetur.

443 1057 552 1112 Aut
578 1057 724 1111 enim
755 1056 849 1126 qui
882 1056 1084 1121 audiet,
1110 1070 1221 1125 quo
1255 1054 1459 1123 impelli
1487 1067 1611 1107 sese
1644 1051 1886 1121 ferrique
1902 1065 2033 1105 sen-

443 1148 596 1215 serit,
633 1149 687 1201 in
714 1162 781 1202 eo
818 1146 1035 1201 tandem
1070 1160 1270 1216 magno
1301 1161 1426 1200 cum
1455 1160 1556 1200 suo
1580 1144 1759 1198 fructu
1812 1143 2034 1213 acquie-

443 1252 582 1305 scet,
615 1250 707 1294 aut
734 1239 1112 1294 adversarium
1170 1238 1286 1307 ipse
1332 1252 1495 1292 suum
1549 1235 1756 1290 erroris
1798 1233 2035 1305 falsique

446 1335 754 1389 convincet.
814 1331 977 1402 Ergo,
1016 1340 1075 1385 ut
1106 1330 1174 1384 ad
1215 1344 1330 1383 rem
1380 1329 1617 1391 veniam,
1665 1327 1921 1398 equidem
1953 1327 2035 1382 sic

441 1425 721 1490 existimo,
765 1424 949 1477 minus
1020 1421 1119 1475 abs
1147 1430 1200 1473 te
1225 1434 1352 1473 vere
1386 1418 1744 1488 qualitatibus
1782 1416 1853 1470 ab
1882 1416 2033 1470 omni

441 1533 559 1573 ε·ιο
583 1516 867 1571 materiam
899 1514 1116 1569 instrui.
1138 1511 1416 1579 Hoc_enim
1450 1510 1496 1565 si
1526 1525 1713 1565 verum
1744 1517 1849 1575 est,
1874 1510 2034 1579 cujus

445 1610 665 1665 tandem
692 1609 768 1663 rei
806 1607 978 1662 Deum
1031 1614 1310 1660 auctorem
1340 1602 1720 1658 habebimus?
1765 1602 2036 1657 Substan-

442 1702 641 1757 tiarum
675 1700 699 1753 ?
738 1701 806 1755 At
837 1715 932 1755 eas
950 1700 1062 1769 jam
1085 1699 1236 1768 prius
1262 1696 1540 1752 exstitisse
1564 1695 1819 1750 dicimus.
1846 1694 2035 1761 Quali-

444 1802 615 1847 tatum
647 1794 671 1847 ?
695 1795 765 1846 At
791 1793 911 1849 illas
937 1766 1287 1862 quoquejam
1311 1789 1626 1844 anteluisse
1654 1790 2026 1859 agnoscimus.
2065 1766 2104 1821 Β

441 1881 577 1939 Cum
609 1884 776 1955 igitur
803 1895 856 1937 et
880 1882 1188 1937 substantia
1219 1896 1315 1950 per
1345 1896 1466 1937 sese
1490 1880 1624 1949 jam,
1656 1894 1710 1935 et
1731 1881 2032 1951 qualitates

441 1981 710 2042 existant,
769 1977 1126 2047 quamobrem
1184 1974 1354 2028 Deum
1409 1973 1754 2027 conditorem
1797 1974 2034 2043 appelle—

444 2086 591 2133 mus,
624 2065 1128 2138 superestprofecto
1152 2064 1315 2117 nihil.
1348 2061 1546 2117 Verum
1573 2077 1641 2115 ne
1669 2063 1846 2132 arguti
1871 2062 2033 2132 quid-

444 2165 590 2236 piam
620 2164 737 2233 ipse
766 2162 949 2216 moliri
989 2162 1126 2215 velle
1159 2162 1369 2225 videar,
1431 2159 1521 2213 dic
1576 2160 1839 2229 ipsemet,
1873 2160 2030 2215 obse-

449 2274 569 2321 cro,
617 2273 725 2327 qua
756 2265 815 2310 tu
845 2255 1055 2309 ratione
1085 2254 1424 2309 conditorem
1476 2250 1643 2306 Deum
1696 2267 1817 2306 esse
1847 2238 2030 2321 putes.

448 2353 532 2405 An
582 2350 728 2420 quod
790 2347 1219 2404 substantiarum
1283 2354 1540 2398 naturam
1599 2346 1922 2411 immutarit,
1972 2354 2032 2398 ut

446 2456 612 2512 quam
644 2449 817 2493 nacta:
844 2438 995 2507 prius
1049 2434 1267 2490 fuerant
1318 2442 1604 2499 eruentes,
1669 2449 1868 2488 novam
1902 2435 2033 2504 ipsa:

444 2533 739 2604 quamdam
762 2540 815 2586 et
846 2531 1082 2585 alienam
1135 2526 1479 2583 induerent?
1523 2527 1605 2580 An
1633 2528 1835 2597 potius,
1883 2526 2031 2597 quod

444 2624 769 2691 substantiis
789 2622 842 2675 in
879 2622 1099 2691 propria
1126 2628 1334 2673 natura:
1365 2633 1478 2673 suae
1491 2618 1704 2672 ratione
1728 2630 2029 2671 conserva-

445 2716 539 2781 tis,
568 2729 758 2769 earum
784 2722 964 2767 tamen
996 2711 1289 2782 qualitates
1315 2707 1584 2763 mutarit?
1609 2709 1722 2778 Ego
1740 2723 1871 2762 vero
1900 2707 2029 2761 nul-

446 2808 553 2862 lam
582 2808 638 2861 in
673 2806 995 2861 substantiis
1028 2803 1386 2858 mutationem
1433 2800 1736 2864 contigisse
1768 2800 2029 2855 arbitror.

445 2900 761 2956 Absurdum
818 2898 965 2953 enim
995 2896 1048 2951 id
1079 2897 1267 2966 utique
1302 2894 1483 2948 fuerit.
1536 2892 1839 2959 Qualitates
1898 2907 2033 2963 ergo

446 3001 688 3047 mutatas
736 2989 907 3045 fuisse
938 2990 1046 3052 aio,
1092 2986 1240 3057 quod
1275 2985 1602 3040 mutationis
1639 2999 1815 3055 genus
1839 2984 2032 3040 condi-

2134 494 2307 547 λονότι
2330 495 2428 565 τῆς
2453 496 2733 572 προτέρας.
2749 495 2860 549 τῶν
2885 494 3051 549 λίθων
3088 494 3376 565 ποιότητος
3398 509 3414 524 °
3452 491 3601 547 οὕτω
3640 510 3734 564 μοι

2132 586 2280 640 δοκεῖ
2309 588 2403 642 καὶ
2428 589 2520 641 τὸν
2544 588 2701 652 Θεὸν,
2731 587 3110 658 ὑπομενούσης
3136 588 3235 659 τῆς
3268 587 3459 652 οὐσίας
3478 629 3493 653 ,
3520 590 3734 659 τροπήν

2132 696 2255 733 τινα
2286 679 2397 733 τῶν
2432 682 2735 752 ποιοτήτων
2767 682 2939 753 αὐτῆς
2974 681 3358 753 πεποιηκέναι,
3386 681 3511 736 καθ’
3543 681 3613 753 ἢν
3632 681 3733 753 τὴν

2132 771 2287 825 τοῦδε
2315 770 2409 825 τοῦ
2456 772 2664 843 κόσμου
2705 773 2922 842 γένεσιν
2974 774 3112 845 πρὸς
3138 772 3234 826 τοῦ
3275 773 3412 826 Θεοῦ
3444 774 3734 842 γεγονέναι

2133 865 2297 934 λέγω.
2352 866 2505 919 Ἐπεὶ
2531 867 2711 923 τοίνυν
2731 869 2941 939 τροπήν
2971 884 3096 921 τινα
3125 867 3236 921 τῶν
3262 870 3567 939 ποιοτήτων
3592 868 3735 940 πρὸς

2131 956 2227 1010 τοῦ
2256 957 2391 1012 Θεοῦ
2426 958 2713 1028 γεγονέναι
2747 960 2872 1031 φὴς,
2901 961 3200 1031 ἀπόκριναί
3235 977 3325 1031 μοι
3377 959 3591 1032 βραχέα
3628 978 3735 1014 πυ-

2135 1047 2325 1103 θέσθαι
2360 1051 2802 1122 προαιρουμένῳ.
2849 1052 2991 1122 Λέγε
3016 1052 3111 1124 δὴ,
3159 1054 3207 1106 εί
3250 1053 3454 1125 ὁμοίως
3495 1054 3594 1108 καὶ
3645 1057 3732 1110 σοὶ

2131 1140 2370 1195 δοκεῖτὰ
2415 1140 2561 1194 κακὰ
2598 1141 2890 1212 ποιότητας
2940 1136 3079 1195 εἶναι
3125 1141 3235 1196 τῶν
3267 1143 3500 1207 ούσιῶν;
3544 1144 3725 1196 Δοκεῖ.

2138 1232 2379 1286 ’Λνωθεν
2404 1232 2460 1285 δὲ
2490 1228 2631 1304 ἦσαν
2654 1233 2709 1286 αἱ
2741 1233 3027 1304 ποιότητες
3054 1228 3215 1288 αὗται
3240 1236 3298 1288 ἐν
3318 1228 3386 1305 τῇ
3410 1232 3532 1306 ὕλῃ,
3567 1234 3601 1305 ἦ
3630 1236 3735 1305 ἀρ-

2134 1323 2234 1395 χὴν
2264 1322 2422 1393 ἔσχον
2454 1323 2548 1376 τοῦ
2601 1318 2774 1388 εἷναι;
2828 1324 3075 1377 Συνεῖναί
3114 1342 3258 1396 φημι
3290 1325 3605 1395 ἀγεννήτως
3661 1326 3732 1397 τῇ

2136 1416 2237 1490 ὕλῃ
2276 1417 2507 1471 ταυτασὶ
2545 1415 2646 1480 τὰς
2684 1416 3000 1486 ποιότητας.
3051 1417 3187 1487 Οὐχὶ
3228 1417 3285 1469 δὲ
3333 1416 3424 1470 τὸν
3453 1417 3587 1470 Θεὸν
3621 1417 3734 1490 φῂς

2134 1511 2345 1581 τροπήν
2395 1526 2517 1563 τινα
2566 1510 2675 1564 τῶν
2732 1511 3037 1580 ποιοτήτων
3086 1509 3487 1580 πεποιηκέναι;
3556 1508 3733 1562 Τοῦτό

2137 1620 2300 1673 φημι.
2333 1603 2568 1675 Πότερον
2596 1599 2690 1657 οὖν
2721 1604 2802 1667 είς
2835 1603 2895 1657 τὸ
2918 1605 3165 1673 κρεῖττον
3212 1603 3244 1673 ἢ
3291 1604 3372 1665 εἰς
3398 1602 3460 1655 τὸ
3508 1604 3728 1673 χεῖρονς

2138 1698 2233 1760 Εἰς
2264 1695 2326 1748 τὸ
2356 1699 2603 1766 κρεῖττον
2626 1697 2804 1766 λέγειν
2844 1713 2933 1767 μοι
2967 1696 3133 1750 δοκεῖ.
3182 1693 3391 1748 υύκοῦν
3428 1695 3477 1747 εί
3509 1694 3730 1764 ποιότηι

2131 1806 2224 1853 τες
2250 1790 2347 1861 τῆς
2373 1789 2505 1860 ὕλης
2535 1789 2604 1844 τὰ
2629 1791 2794 1854 κακὰ,
2822 1790 2923 1854 τάς
2942 1789 2998 1842 δὲ
3024 1788 3317 1859 ποιότητας
3342 1788 3509 1859 αὐτῆς
3542 1789 3622 1852 εἰς
3668 1788 3729 1841 τὸ

2132 1885 2380 1953 κρεῖττον
2435 1882 2629 1953 ἔτρεψε
2669 1885 2697 1937 ὁ
2736 1882 2963 1954 Κύριος,
2996 1882 3161 1935 πόθεν
3207 1880 3278 1933 τὰ
3311 1879 3492 1944 κακά,
3540 1879 3728 1949 ζητεῖν

2131 1975 2367 2044 ἀνάγκη.
2389 1975 2459 2027 Ἢ
2485 1975 2594 2046 γάρ
2618 1976 2839 2045 ἔμειναν
2861 1974 2919 2027 αἱ
2944 1974 3228 2042 ποιότητες
3245 1972 3427 2026 ὁποῖαί
3451 1972 3571 2025 ποτ’
3586 1967 3728 2043 ἦσαν

2132 2066 2196 2135 τῇ
2231 2064 2413 2133 φύσει,
2439 2065 2471 2135 ἢ
2500 2067 2547 2118 εί
2582 2066 2681 2136 μὲν
2713 2066 2978 2136 πρότερον
2998 2066 3100 2118 οὐκ
3124 2060 3265 2134 ἦσαν
3298 2065 3505 2126 κακαὶ,
3548 2067 3615 2117 ἐκ
3671 2063 3727 2117 δὲ

2132 2154 2225 2207 τοῦ
2243 2156 2518 2227 τραπῆναι
2560 2158 2697 2229 πρὸς
2726 2157 2821 2211 τοῦ
2858 2156 2993 2211 Θεοῦ
3045 2156 3144 2220 τὰς
3196 2155 3419 2228 πρώτας
3470 2156 3727 2220 τοιαύτας

2132 2249 2262 2319 περὶ
2282 2249 2383 2320 τήν
2403 2248 2536 2319 ὕλην
2567 2250 2852 2319 γεγονέναι
2884 2249 3177 2322 ποιότητας
3197 2251 3328 2320 φῂς,
3362 2250 3535 2312 αἴτιος
3574 2249 3725 2302 ἔσται

2131 2340 2238 2393 τῶν
2264 2341 2451 2395 κακῶν
2472 2344 2500 2395 ὁ
2527 2342 2681 2407 Θεὸς,
2717 2343 2924 2415 τρέψας
2947 2342 3046 2406 τάς
3091 2342 3192 2395 οὐκ
3238 2342 3407 2407 οὕσας
3431 2344 3726 2414 ποιότητας

2131 2435 2308 2497 κακὰς
2336 2436 2416 2498 είς
2444 2436 2506 2489 τὸ
2528 2432 2671 2490 εἶναι
2700 2437 2901 2501 κακάς.
2931 2438 3003 2490 Ἢ
3026 2437 3126 2501 τὰς
3159 2437 3259 2508 μὲν
3296 2436 3474 2498 κακὰς
3511 2438 3728 2509 ποιότη-

2130 2543 2248 2590 τας,
2278 2528 2358 2590 είς
2383 2527 2443 2581 τὸ
2470 2530 2721 2599 κρεῖττον
2742 2530 2803 2583 οὐ
2831 2529 2980 2583 δοκεῖ
3006 2512 3098 2583 σοι’
3115 2529 3310 2602 τρέψαι
3334 2531 3425 2583 τὸν
3449 2529 3607 2594 Θεὸν,
3629 2531 3728 2594 τὰς

2129 2616 2186 2669 δὲ
2227 2617 2422 2681 λοιπάς
2464 2618 2557 2673 κάὶ
2599 2621 2802 2691 μόνας,
2835 2622 2956 2675 ὅσαι
2995 2622 3279 2693 ἀδιάφοροι
3310 2621 3606 2692 ἐτύγχανον
3632 2623 3729 2694 τῆς

2130 2705 2545 2781 διακοσμήσεως
2559 2710 2745 2775 ἕνεκα,
2772 2712 2910 2783 πρὸς
2934 2712 3027 2766 τοῦ
3048 2712 3183 2766 Θεοῦ
3204 2712 3503 2785 τετράφθαι
3525 2713 3726 2782 λέγεις.

2132 2796 2321 2863 Οὕτως
2349 2799 2556 2854 ἀνωθεν
2586 2800 2742 2873 ἔσχον
2769 2802 2899 2872 ἐγώ.
2935 2803 3061 2868 Πῶς
3094 2805 3274 2859 τοίνυν
3311 2805 3474 2859 αὐτὸν
3496 2806 3599 2870 τὰς
3621 2806 3731 2858 τῶν

2134 2892 2353 2959 φαύλων
2378 2894 2695 2967 ποιότητας,
2711 2896 2788 2961 ὼς
2813 2894 2959 2967 εἶχον
2979 2937 2993 2961 ,
3025 2897 3478 2953 καταλελοιπέναι
3511 2898 3728 2968 λέγειςς

2136 2986 2372 3057 Πότερον
2395 2987 2692 3060 δυνάμενον
2724 2992 2823 3061 μὲν
2855 2992 3116 3057 κάκείνας
3148 2992 3379 3057 ἀνελεῖν,
3424 2994 3486 3047 οὐ
3535 2993 3735 3066 βουλη-

448 3084 585 3139 toris
615 3083 727 3137 Deo
760 3096 959 3136 nomen
1019 3078 1298 3133 indiderit.
1348 3075 1824 3142 Quemadmodum
1883 3076 2028 3130 enim

2138 3076 2296 3131 θέντα
2315 3078 2392 3143 δὲ,
2422 3078 2454 3151 ἢ
2489 3080 2548 3133 τὸ
2576 3080 2836 3136 δύνασθαι
2864 3085 2939 3156 μή
2966 3084 3186 3156 ἔχοντας
3216 3086 3280 3139 Ei
3309 3087 3407 3158 μὲν
3429 3085 3541 3159 γάρ
3569 3088 3737 3143 δυνά-

448 3176 496 3231 si
530 3174 754 3229 domum
787 3172 1027 3241 aliquam
1077 3186 1107 3224 e
1140 3169 1414 3238 lapidibus
1464 3167 1666 3223 factam
1719 3182 1843 3223 esse
1873 3167 2029 3222 dica-

448 3282 598 3334 mus,
626 3280 736 3320 non
765 3274 949 3318 tamen
979 3263 1243 3318 continuo
1266 3277 1460 3317 verum
1481 3262 1575 3327 sit,
1606 3260 1837 3331 lapides,
1865 3271 2032 3318 exuta

449 3357 633 3430 priore
682 3355 1010 3419 substantia,
1040 3371 1159 3409 eam
1196 3355 1251 3408 in
1275 3355 1498 3410 domum
1530 3368 1655 3409 esse
1683 3369 1979 3409 conversos
2014 3373 2028 3410 :

450 3449 655 3521 quippe
704 3455 856 3500 certo
887 3446 1129 3517 quodam
1159 3461 1225 3500 ex
1252 3448 1673 3515 compositionis
1716 3462 1914 3517 genere
1936 3449 2033 3503 do-

451 3557 603 3597 mum
649 3540 927 3596 exstitisse
957 3541 1250 3604 contendo,
1290 3540 1458 3609 priori
1490 3540 1734 3611 lapidum
1769 3541 2035 3610 qualitate

450 3642 682 3689 mutata.
732 3630 825 3687 Sic
873 3631 1085 3686 videtur
1116 3632 1248 3685 mihi
1285 3630 1429 3687 Deus
1459 3672 1475 3697 ,
1513 3632 1725 3703 integra
1780 3642 2037 3688 manente

450 3726 779 3789 substantia,
800 3725 1094 3796 quamdam
1124 3724 1296 3793 ipsius
1312 3726 1640 3795 qualitatum
1670 3728 2031 3781 mutationem

449 3820 716 3885 eli‘ecisse,
744 3835 807 3873 ex
839 3834 946 3888 qua
975 3816 1215 3871 mundus
1252 3817 1353 3872 iste
1376 3818 1478 3871 hoc
1500 3817 1719 3879 habeat.
1754 3827 1816 3872 ut
1862 3834 1892 3871 a
1923 3817 2035 3873 Deo

450 3911 706 3968 conditus
753 3926 875 3965 esse
904 3909 1143 3963 dicatur.
1176 3907 1376 3963 Audio.
1414 3906 1551 3962 Cum
1588 3908 1753 3978 igitur
1793 3909 2036 3977 peculia-

452 4022 566 4062 rem
591 4005 885 4076 quamdam
918 4002 1190 4073 cjusmodi
1211 4001 1536 4072 qualitatum
1561 4001 1829 4054 rationem
1858 4016 1888 4055 a
1923 3999 2035 4055 Deo

451 4097 753 4169 profectam
795 4109 916 4150 esse
943 4102 1176 4157 statuas,
1228 4107 1400 4161 pauca
1434 4092 1567 4145 mihi
1606 4100 1820 4145 tantum
1853 4092 1952 4147 abs
1983 4101 2036 4147 te

453 4188 774 4262 responderi
818 4187 1001 4241 velim.
1063 4185 1197 4249 Dic,
1245 4186 1461 4239 amabo.
1514 4183 1652 4238 Num
1688 4192 1745 4238 tu
1782 4185 2037 4239 similiter

454 4281 745 4352 qualitates
795 4278 929 4331 istas
965 4277 1398 4332 substantiarum
1449 4276 1588 4328 mala
1619 4275 1870 4343 quaedam
1914 4290 2037 4330 esse

453 4369 736 4441 opinaris?
765 4366 1023 4422 Omnino.
1056 4364 1248 4420 Utrum
1290 4364 1454 4433 igitur
1471 4364 1761 4433 qualitates
1789 4365 1893 4417 illae
1921 4365 2034 4431 jam

2143 3188 2301 3243 μενον
2332 3172 2528 3238 λέξεις,
2564 3175 2626 3227 οὐ
2660 3174 2994 3247 βουληθέντα
3016 3177 3074 3230 δὲ
3110 3176 3293 3242 αὑτὸν,
3324 3179 3496 3232 αῐτιον
3519 3179 3735 3233 τούτων

2140 3264 2315 3316 εἰπεῖν
2343 3262 2582 3333 ἀνάγκη,
2607 3264 2709 3329 ὅτι,
2738 3263 3033 3336 δυνάμενος
3057 3266 3280 3336 ποιῆσαι
3300 3267 3375 3339 μὴ
3399 3263 3537 3321 εἶναι
3562 3269 3735 3334 κακὰ,

2142 3352 2521 3427 συνεχώρησεν
2549 3356 2690 3410 αύτά
2718 3356 2899 3427 μένειν
2919 3357 2994 3421 ὡς
3020 3353 3110 3429 ἦν,
3143 3358 3240 3412 καὶ
3266 3359 3501 3430 μάλιστα
3523 3361 3616 3414 ὅτε
3638 3361 3740 3433 δηέ

2143 3449 2425 3518 μιουργεῖν
2447 3449 2546 3520 τὴν
2567 3448 2701 3521 ὕλην
2734 3448 2960 3520 ήρξατο.
2993 3452 3057 3504 Εἰ
3080 3450 3192 3525 γὰρ
3228 3452 3350 3523 μηδ’
3377 3451 3516 3518 ὅλως
3538 3453 3738 3523 ἔμελεν

2140 3537 2290 3607 αὐτῷ
2312 3542 2412 3610 τῆς
2450 3538 2603 3611 ὕλης,
2636 3540 2737 3592 οὐκ
2770 3540 2837 3594 ἂν
2865 3539 3039 3604 αἴτιος
3067 3537 3136 3613 ἦν
3160 3536 3237 3596 ὧν
3288 3542 3590 3615 συνεχώρει
3636 3545 3740 3615 μέα

2141 3645 2273 3682 νειν.
2317 3630 2470 3682 Ἐπεὶ
2497 3630 2554 3683 δὲ
2576 3631 2741 3701 μέρος
2772 3630 2871 3701 μέν
2893 3649 2945 3684 τι
2967 3632 3140 3703 αὐτῆς
3170 3632 3543 3705 ἐδημιούργει,
3566 3636 3739 3707 μέρος

2140 3721 2199 3774 δέ
2235 3738 2285 3774 τι
2310 3721 2484 3785 οὕτως
2519 3723 2636 3786 εἰά,
2666 3721 2963 3794 δυνάμενος
3004 3724 3234 3778 κάκεῖνα
3274 3725 3498 3796 τρέπειν
3547 3729 3628 3790 εἰς
3674 3728 3741 3782 τὸ

2141 3818 2424 3885 κρεῖττον,
2473 3816 2652 3869 αἰτίαν
2679 3815 3026 3884 ὀφλισκάνειν
3067 3817 3218 3884 ἄξιος
3258 3814 3398 3871 εἷναί
3427 3836 3519 3889 μοι
3562 3819 3738 3885 δοκεῖ,

2142 3906 2457 3961 καταλιπὼν
2492 3908 2659 3979 μέρος
2685 3908 2817 3981 ὕλης
2839 3905 2980 3963 εἶναι
3014 3911 3251 3982 πονηρὸν
3280 3911 3370 3965 ἐπ’
3410 3912 3643 3985 ὀλέθρῳ,
3674 3908 3740 3968 οὗ

2142 3999 2539 4071 ἐδημιούργησε
2566 4000 2783 4071 μέρους,
2826 4001 2985 4055 Ἀλλὰ
3011 4001 3117 4073 μὴν
3134 4003 3227 4055 καί
3247 4003 3316 4056 τά
3337 4004 3569 4074 μέγιστα
3589 4005 3741 4059 κατά

2140 4090 2297 4142 τοῦτο
2322 4089 2382 4143 τὸ
2413 4092 2578 4163 μέρος
2598 4091 2890 4163 ἠδικῆσθαί
2918 4111 3006 4164 μοι
3033 4094 3215 4160 δοκεῖ,
3249 4092 3404 4149 τοῦθ’
3430 4097 3568 4167 ὅπερ
3596 4113 3741 4149 κατα

2141 4184 2407 4235 εσκεύασε
2450 4185 2551 4254 τῆς
2611 4183 2744 4255 ὕλης
2788 4186 2955 4257 μέρος
2993 4187 3525 4258 ἀντιλαμϐανόμενον
3561 4188 3742 4242 τανῦν

2141 4274 2249 4326 τῶν
2278 4274 2484 4327 κακῶν.
2513 4274 2577 4327 Εἰ
2608 4275 2718 4346 γάρ
2738 4293 2822 4339 τις
2848 4276 3093 4343 ἐξετάζοι
3128 4280 3218 4330 ἐπ’
3241 4280 3467 4349 ἀκριϐὲς
3503 4280 3573 4333 τά
3590 4281 3742 4351 πρά-

2141 4379 2349 4435 γματα,
2371 4365 2750 4436 χαλεπώτερον
2773 4367 2867 4421 νῦν
2884 4370 3105 4441 εὑρήσει
3123 4369 3226 4442 τὴν
3244 4369 3376 4441 ὕλην
3400 4371 3740 4426 πεπονθυῖαν

452 4467 579 4523 inde
610 4467 678 4520 ab
707 4464 859 4521 omni
904 4478 1019 4518 aevo
1068 4463 1309 4516 materiae
1361 4461 1596 4525 inerant,
1670 4459 2034 4515 anexistendi

2142 4456 2243 4524 τῆς
2271 4457 2545 4528 προτέρας
2566 4458 2856 4529 ἀκοσμίας.
2895 4460 3033 4532 Πρὶν
3078 4460 3188 4533 γὰρ
3230 4463 3400 4535 αὐτὴν
3445 4463 3745 4538 διακριθῆ-

450 4559 782 4633 principium
827 4554 1048 4626 aliquod
1101 4555 1388 4610 habuere?
1436 4553 1653 4608 Inerant
1703 4568 1836 4608 vero
1899 4553 2038 4607 citra

452 4654 626 4709 ullum
654 4662 808 4707 ortus
830 4651 914 4705 sui
948 4648 1299 4720 principium.
1327 4646 1468 4715 Quid
1493 4645 1678 4701 ?Num
1715 4656 1770 4701 tu
1797 4645 2038 4715 aliquam

454 4760 486 4800 a
515 4744 627 4799 Deo
651 4743 1009 4798 mutationem
1024 4740 1350 4810 qualitatum
1378 4741 1612 4795 istarum
1644 4738 1892 4793 effectam
1917 4751 2041 4791 esse

454 4836 790 4893 contendis?
818 4834 1004 4890 Plane.
1038 4832 1236 4888 Utrum
1290 4848 1410 4887 eam
1451 4833 1503 4887 in
1556 4832 1773 4898 melius,
1809 4846 1876 4884 an
1908 4844 2041 4884 vero

456 4932 510 4985 in
537 4931 776 4985 deterius
812 4927 1009 4982 factam
1037 4926 1368 4981 arbitraris?
1423 4926 1479 4979 ln
1530 4925 1725 4979 melius
1757 4921 2043 4992 certequi-

454 5024 600 5078 dem.
645 5020 809 5095 3M
838 5019 895 5075 Si
924 5036 1053 5089 ergo
1104 5019 1395 5090 qualitates
1423 5018 1661 5072 materiae
1716 5017 1859 5070 mala
1888 5024 2038 5081 sunt,

453 5118 765 5187 eaedemque
799 5130 923 5170 cum
966 5114 1282 5168 melioribus
1311 5128 1342 5167 a
1374 5111 1484 5167 Deo
1527 5119 1877 5166 commutata:
1921 5109 2043 5165 fue.

455 5218 605 5275 runt,
638 5208 783 5264 unde
808 5208 951 5261 mala
987 5206 1366 5277 proﬂuxerunt,
1401 5211 1755 5274 qumrendum
1792 5217 2044 5258 necessa-

456 5302 540 5358 rio
562 5313 664 5358 est.
687 5303 794 5356 Aut
827 5301 971 5356 enim
998 5300 1291 5371 qualitates
1328 5298 1446 5353 istae
1474 5297 1669 5367 prioris
1683 5305 1889 5351 natura:
1910 5310 2043 5351 con-

455 5395 719 5450 ditionem
758 5410 864 5447 non
897 5399 1210 5447 exuerunt:
1271 5397 1367 5445 aut
1400 5390 1469 5452 si,
1511 5404 1636 5444 cum
1671 5389 1825 5458 prius
1881 5387 2041 5442 mala:

458 5501 567 5540 non
596 5493 799 5551 essent,
854 5484 945 5539 illa
972 5491 1151 5538 tamen
1192 5481 1457 5537 divinitus
1502 5479 1643 5535 facta
1693 5478 1997 5534 mutatione
2022 5517 2037 5545 ,

533 5682 644 5754 (14)
673 5683 812 5737 Μεθ’
838 5682 995 5747 ἑνός.
1029 5681 1340 5754 Legendum
1369 5680 1581 5736 videtur
1619 5678 1746 5752 μήθ’
1794 5678 1932 5746 ἑνός,
1958 5677 2042 5736 vel

463 5755 624 5809 unico
650 5756 814 5809 verbo
851 5753 1101 5822 μηθενός.

2140 4564 2249 4610 ναι,
2274 4548 2336 4601 τὸ
2367 4547 2501 4618 μηδέ
2524 4548 2810 4603 αἰσθέσθαι
2832 4551 2941 4605 τῶν
2968 4552 3154 4607 κακῶν
3190 4555 3373 4626 παρῆν
3419 4556 3557 4627 αὐτῇ
3574 4573 3589 4588 ·
3616 4560 3747 4613 νυνὶ

2139 4641 2197 4695 δὲ
2220 4642 2449 4696 ἕκαστον
2467 4642 2575 4696 τῶν
2604 4643 2786 4716 μερῶν
2814 4642 2985 4716 αύτῆς
3019 4646 3269 4718 αἴσθησιν
3315 4648 3585 4720 λαμϐάνει
3625 4652 3746 4705 τῶν

2141 4732 2346 4786 κακῶν.
2386 4734 2498 4787 Καὶ
2529 4733 2619 4806 μοὶ
2653 4736 2739 4788 ἐπ’
2771 4736 3061 4810 ἀνθρώπου
3093 4739 3156 4791 τὸ
3182 4740 3526 4811 παράδειγμα
3577 4740 3743 4798 λαϐέ.

2140 4823 2278 4897 Πρὶν
2301 4824 2411 4897 γὰρ
2436 4827 2712 4900 είκονισθῇ
2735 4830 2829 4882 καὶ
2851 4829 2990 4894 ζῶον
3009 4831 3233 4902 γένηται
3248 4834 3313 4903 τῇ
3341 4833 3435 4886 τοῦ
3460 4836 3746 4907 Δημιουρ-

2140 4917 2239 4987 γοῦ
2271 4918 2458 4991 τέχνῃ,
2502 4916 2564 4973 τὸ
2602 4920 2720 4991 μεθ’
2756 4921 2876 4985 ένὸς
2916 4922 3028 4995 (14)
3076 4923 3576 4995 ἀντιλαμϐάνεσθαι
3625 4929 3748 4982 τῶν

2142 5008 2330 5066 κακῶν
2362 5012 2513 5085 παρὰ
2555 5014 2655 5085 τῆς
2682 5012 2897 5084 φύσεως
2941 5010 3089 5087 εἶχεν
3113 5030 3128 5047 ο
3162 5017 3257 5084 ἀφ’
3284 5013 3347 5073 οῦ
3370 5018 3428 5071 δέ
3469 5017 3612 5091 πρὸς
3642 5022 3748 5076 τοῦ

2141 5102 2277 5155 Θεοῦ
2308 5103 2593 5177 ἄνθρωπος
2609 5106 2821 5174 γίνεται
2848 5109 2943 5161 καὶ
2964 5109 3065 5178 τὴν
3090 5107 3343 5180 αἴσθησιν
3365 5108 3461 5163 τοῦ
3487 5123 3746 5183 προσπε-

2141 5195 2398 5262 λάζοντος
2416 5198 2590 5252 κακοῦ
2626 5199 3073 5271 προσλαμϐάνει·
3117 5202 3212 5255 κα)
3236 5202 3383 5256 τοῦθ’
3415 5204 3555 5275 ὅπερ
3587 5206 3746 5261 ἐστὶν

2143 5286 2433 5362 εὐεργεσία
2475 5289 2587 5362 (15)
2634 5291 2736 5362 τῆς
2778 5289 2946 5362 ὕλης,
2974 5288 3115 5366 πρὸς
3159 5292 3255 5348 τοῦ
3285 5293 3422 5348 Θεοῦ
3449 5298 3744 5364 γεγονέναι

2142 5378 2345 5448 λέγεις,
2371 5382 2687 5453 εὑρίσκεται
2714 5381 2915 5453 μᾶλλον
2943 5383 3036 5436 ἐπὶ
3070 5382 3151 5453 τῷ
3189 5386 3391 5458 χείρονι
3434 5382 3744 5457 προσγενό-

2148 5487 2309 5544 μενον
2339 5476 2498 5546 αὐτῇ.
2534 5475 2599 5528 Ei
2622 5474 2667 5528 δ’
2691 5477 2757 5529 ὲκ
2785 5474 2879 5529 τοῦ
2916 5474 2992 5547 μὴ
3038 5475 3296 5531 δύνασθαι
3319 5477 3410 5531 τὸν
3459 5477 3597 5533 Θεὸν
3638 5482 3743 5535 άν-

2217 5673 2330 5744 (15)
2371 5673 2579 5727 Ἔστιν
2608 5673 2942 5741 εὐεργεσία.
2979 5670 3187 5728 Sensus
3222 5671 3480 5741 postulat.
3522 5674 3612 5730 ἐπ’
3646 5676 3741 5731 εύ-

2146 5741 2391 5818 meum,
2426 5744 2661 5801 maxime
2689 5759 2821 5801 cum
2847 5753 3127 5816 sequatur,
3157 5745 3250 5798 ἐπὶ
3285 5744 3513 5816 χείρονι.
