  <div class='ocr_page' id='page_1' title='image "/cluster/home/n/w/nwhite01/storage/ocr_20150623/21/nnc1.0046978437/437.png"; bbox 0 0 3856 6224; ppageno 0'>
   <div class='ocr_carea' id='block_1_1' title="bbox 458 238 3745 307">
    <p class='ocr_par' dir='ltr' id='par_1_1' title="bbox 458 238 3745 307">
     <span class='ocr_line' id='line_1_1' title="bbox 458 238 3745 307; baseline 0.002 -13"><span class='ocrx_word' id='word_1_1' title='bbox 458 249 568 307; x_wconf 74' lang='lat'><strong>585</strong></span> <span class='ocrx_word' id='word_1_2' title='bbox 1107 243 1376 302; x_wconf 83' lang='lat' dir='ltr'><strong>EUSEBII</strong></span> <span class='ocrx_word' id='word_1_3' title='bbox 1416 241 1904 299; x_wconf 65' lang='lat' dir='ltr'><strong>CAESARIENSIS</strong></span> <span class='ocrx_word' id='word_1_4' title='bbox 1940 240 2096 298; x_wconf 85' lang='lat' dir='ltr'><strong>OPP.</strong></span> <span class='ocrx_word' id='word_1_5' title='bbox 2138 239 2321 295; x_wconf 78' lang='lat' dir='ltr'><strong>PARS</strong></span> <span class='ocrx_word' id='word_1_6' title='bbox 2358 238 2421 294; x_wconf 92' lang='lat' dir='ltr'><strong>ll.</strong></span> <span class='ocrx_word' id='word_1_7' title='bbox 2461 268 2534 281; x_wconf 89' lang='lat'><strong>—-</strong></span> <span class='ocrx_word' id='word_1_8' title='bbox 2569 239 3083 300; x_wconf 74' lang='lat' dir='ltr'><strong>APOLOGETICA.</strong></span> <span class='ocrx_word' id='word_1_9' title='bbox 3640 245 3745 301; x_wconf 65' lang='lat'><strong>585</strong></span> 
     </span>
    </p>
   </div>
   <div class='ocr_carea' id='block_1_2' title="bbox 454 354 1977 427">
    <p class='ocr_par' dir='ltr' id='par_1_2' title="bbox 454 358 1977 426">
     <span class='ocr_line' id='line_1_2' title="bbox 454 358 1977 426; baseline -0.006 -6"><span class='ocrx_word' id='word_1_10' title='bbox 454 365 685 421; x_wconf 83' lang='lat' dir='ltr'><strong>deorum</strong></span> <span class='ocrx_word' id='word_1_11' title='bbox 714 364 836 418; x_wconf 91' lang='lat' dir='ltr'><strong>loco</strong></span> <span class='ocrx_word' id='word_1_12' title='bbox 864 361 1197 423; x_wconf 75' lang='lat' dir='ltr'><strong>habeantur,</strong></span> <span class='ocrx_word' id='word_1_13' title='bbox 1235 360 1282 414; x_wconf 91' lang='lat' dir='ltr'><strong>si</strong></span> <span class='ocrx_word' id='word_1_14' title='bbox 1310 370 1362 413; x_wconf 91' lang='lat' dir='ltr'><strong>et</strong></span> <span class='ocrx_word' id='word_1_15' title='bbox 1403 358 1595 423; x_wconf 86' lang='lat' dir='ltr'><strong>Deum,</strong></span> <span class='ocrx_word' id='word_1_16' title='bbox 1626 368 1688 414; x_wconf 90' lang='lat' dir='ltr'><strong>ut</strong></span> <span class='ocrx_word' id='word_1_17' title='bbox 1734 358 1841 422; x_wconf 88' lang='lat' dir='ltr'><strong>ais,</strong></span> <span class='ocrx_word' id='word_1_18' title='bbox 1875 373 1977 426; x_wconf 89' lang='lat' dir='ltr'><strong>sup</strong></span> 
     </span>
    </p>
   </div>
   <div class='ocr_carea' id='block_1_3' title="bbox 2224 354 3747 427">
    <p class='ocr_par' dir='ltr' id='par_1_3' title="bbox 2224 354 3747 427">
     <span class='ocr_line' id='line_1_3' title="bbox 2224 354 3747 427; baseline 0.003 -20"><span class='ocrx_word' id='word_1_19' title='bbox 2224 371 2292 407; x_wconf 87' lang='grc' dir='ltr'>ων</span> <span class='ocrx_word' id='word_1_20' title='bbox 2322 354 2605 424; x_wconf 81' lang='grc' dir='ltr'>φαίνεται’</span> <span class='ocrx_word' id='word_1_21' title='bbox 2654 354 2750 409; x_wconf 64' lang='grc' dir='ltr'><strong>καὶ¹</strong></span> <span class='ocrx_word' id='word_1_22' title='bbox 2788 354 2923 409; x_wconf 79' lang='grc' dir='ltr'><strong>ἄλλα</strong></span> <span class='ocrx_word' id='word_1_23' title='bbox 2948 354 3081 424; x_wconf 82' lang='grc' dir='ltr'>γοῦν</span> <span class='ocrx_word' id='word_1_24' title='bbox 3116 356 3318 427; x_wconf 82' lang='grc' dir='ltr'>ὁμοίως</span> <span class='ocrx_word' id='word_1_25' title='bbox 3356 355 3587 409; x_wconf 78' lang='grc' dir='ltr'>πλεῖστα</span> <span class='ocrx_word' id='word_1_26' title='bbox 3625 357 3747 413; x_wconf 69' lang='grc' dir='ltr'>ὅσα.</span> 
     </span>
    </p>
   </div>
   <div class='ocr_carea' id='block_1_4' title="bbox 457 447 1980 528">
    <p class='ocr_par' dir='ltr' id='par_1_4' title="bbox 457 452 1980 528">
     <span class='ocr_line' id='line_1_4' title="bbox 457 452 1980 528; baseline -0.007 -16"><span class='ocrx_word' id='word_1_27' title='bbox 457 472 582 512; x_wconf 89' lang='lat' dir='ltr'><strong>rare</strong></span> <span class='ocrx_word' id='word_1_28' title='bbox 624 464 882 528; x_wconf 87' lang='lat' dir='ltr'><strong>possunt,</strong></span> <span class='ocrx_word' id='word_1_29' title='bbox 910 464 965 508; x_wconf 83' lang='lat' dir='ltr'><strong>et</strong></span> <span class='ocrx_word' id='word_1_30' title='bbox 997 452 1170 508; x_wconf 88' lang='lat' dir='ltr'><strong>Deum</strong></span> <span class='ocrx_word' id='word_1_31' title='bbox 1201 452 1336 506; x_wconf 90' lang='lat' dir='ltr'><strong>illud</strong></span> <span class='ocrx_word' id='word_1_32' title='bbox 1371 466 1495 507; x_wconf 88' lang='lat' dir='ltr'><strong>esse</strong></span> <span class='ocrx_word' id='word_1_33' title='bbox 1535 452 1756 506; x_wconf 89' lang='lat' dir='ltr'><strong>demum</strong></span> <span class='ocrx_word' id='word_1_34' title='bbox 1793 463 1980 521; x_wconf 73' lang='lat' dir='ltr'><strong>agnosi</strong></span> 
     </span>
    </p>
   </div>
   <div class='ocr_carea' id='block_1_5' title="bbox 2228 447 3751 528">
    <p class='ocr_par' dir='ltr' id='par_1_5' title="bbox 2244 447 3751 524">
     <span class='ocr_line' id='line_1_5' title="bbox 2244 447 3751 524; baseline 0.001 -21"><span class='ocrx_word' id='word_1_35' title='bbox 2244 449 2424 503; x_wconf 83' lang='grc' dir='ltr'><strong>τοίνυν</strong></span> <span class='ocrx_word' id='word_1_36' title='bbox 2455 451 2551 503; x_wconf 75' lang='grc' dir='ltr'><strong>καὶ</strong></span> <span class='ocrx_word' id='word_1_37' title='bbox 2576 448 2675 521; x_wconf 79' lang='grc' dir='ltr'><strong>ὕλη</strong></span> <span class='ocrx_word' id='word_1_38' title='bbox 2706 450 2803 521; x_wconf 77' lang='grc' dir='ltr'>μία</span> <span class='ocrx_word' id='word_1_39' title='bbox 2827 467 2912 515; x_wconf 89' lang='grc' dir='ltr'>τις</span> <span class='ocrx_word' id='word_1_40' title='bbox 2930 447 3020 523; x_wconf 83' lang='grc' dir='ltr'>ἦν,</span> <span class='ocrx_word' id='word_1_41' title='bbox 3046 453 3145 505; x_wconf 83' lang='grc' dir='ltr'><strong>οὐκ</strong></span> <span class='ocrx_word' id='word_1_42' title='bbox 3182 450 3249 504; x_wconf 80' lang='grc' dir='ltr'><strong>ἂν</strong></span> <span class='ocrx_word' id='word_1_43' title='bbox 3271 451 3411 522; x_wconf 79' lang='grc' dir='ltr'>αὑτὴ</span> <span class='ocrx_word' id='word_1_44' title='bbox 3452 452 3593 524; x_wconf 79' lang='grc' dir='ltr'>αὐτῇ</span> <span class='ocrx_word' id='word_1_45' title='bbox 3623 453 3751 505; x_wconf 83' lang='grc' dir='ltr'>ἀντ-</span> 
     </span>
    </p>
   </div>
   <div class='ocr_carea' id='block_1_6' title="bbox 458 541 1981 619">
    <p class='ocr_par' dir='ltr' id='par_1_6' title="bbox 458 543 1981 618">
     <span class='ocr_line' id='line_1_6' title="bbox 458 543 1981 618; baseline -0.007 -12"><span class='ocrx_word' id='word_1_46' title='bbox 458 565 605 614; x_wconf 87' lang='lat' dir='ltr'><strong>mus,</strong></span> <span class='ocrx_word' id='word_1_47' title='bbox 630 548 780 618; x_wconf 90' lang='lat' dir='ltr'><strong>quod</strong></span> <span class='ocrx_word' id='word_1_48' title='bbox 802 560 1075 602; x_wconf 81' lang='lat' dir='ltr'><strong>summam</strong></span> <span class='ocrx_word' id='word_1_49' title='bbox 1102 544 1301 600; x_wconf 84' lang='lat' dir='ltr'><strong>habeat</strong></span> <span class='ocrx_word' id='word_1_50' title='bbox 1323 559 1507 599; x_wconf 91' lang='lat' dir='ltr'><strong>rerum</strong></span> <span class='ocrx_word' id='word_1_51' title='bbox 1533 543 1781 598; x_wconf 90' lang='lat' dir='ltr'><strong>omnium</strong></span> <span class='ocrx_word' id='word_1_52' title='bbox 1812 551 1981 612; x_wconf 84' lang='lat' dir='ltr'><strong>potest</strong></span> 
     </span>
    </p>
   </div>
   <div class='ocr_carea' id='block_1_7' title="bbox 2226 541 3749 619">
    <p class='ocr_par' dir='ltr' id='par_1_7' title="bbox 2226 541 3749 619">
     <span class='ocr_line' id='line_1_7' title="bbox 2226 541 3749 619; baseline 0.001 -23"><span class='ocrx_word' id='word_1_53' title='bbox 2226 560 2354 596; x_wconf 89' lang='grc' dir='ltr'>ειτο.</span> <span class='ocrx_word' id='word_1_54' title='bbox 2425 541 2583 597; x_wconf 74' lang='grc' dir='ltr'>Οὕτω</span> <span class='ocrx_word' id='word_1_55' title='bbox 2633 543 2691 597; x_wconf 86' lang='grc' dir='ltr'><strong>δὲ</strong></span> <span class='ocrx_word' id='word_1_56' title='bbox 2719 543 2830 598; x_wconf 85' lang='grc' dir='ltr'><strong>τῶν</strong></span> <span class='ocrx_word' id='word_1_57' title='bbox 2863 544 3252 615; x_wconf 76' lang='grc' dir='ltr'><strong>ἀντικειμένων</strong></span> <span class='ocrx_word' id='word_1_58' title='bbox 3278 544 3532 614; x_wconf 79' lang='grc' dir='ltr'>ἐχόντων,</span> <span class='ocrx_word' id='word_1_59' title='bbox 3558 546 3627 598; x_wconf 83' lang='grc' dir='ltr'><strong>τὸ</strong></span> <span class='ocrx_word' id='word_1_60' title='bbox 3679 547 3749 619; x_wconf 75' lang='grc' dir='ltr'><strong>μὴ</strong></span> 
     </span>
    </p>
   </div>
   <div class='ocr_carea' id='block_1_8' title="bbox 459 629 1982 710">
    <p class='ocr_par' dir='ltr' id='par_1_8' title="bbox 459 635 1982 710">
     <span class='ocr_line' id='line_1_8' title="bbox 459 635 1982 710; baseline -0.006 -14"><span class='ocrx_word' id='word_1_61' title='bbox 459 642 617 697; x_wconf 81' lang='lat' dir='ltr'><strong>tem?</strong></span> <span class='ocrx_word' id='word_1_62' title='bbox 645 640 751 696; x_wconf 87' lang='lat' dir='ltr'><strong>Sed</strong></span> <span class='ocrx_word' id='word_1_63' title='bbox 795 640 952 710; x_wconf 93' lang='lat' dir='ltr'><strong>juvat</strong></span> <span class='ocrx_word' id='word_1_64' title='bbox 980 647 1268 709; x_wconf 63' lang='lat' dir='ltr'><strong>praeterea,</strong></span> <span class='ocrx_word' id='word_1_65' title='bbox 1305 636 1567 691; x_wconf 91' lang='lat' dir='ltr'><strong>nonnulla</strong></span> <span class='ocrx_word' id='word_1_66' title='bbox 1595 651 1660 691; x_wconf 91' lang='lat' dir='ltr'><strong>ex</strong></span> <span class='ocrx_word' id='word_1_67' title='bbox 1695 645 1748 690; x_wconf 88' lang='lat' dir='ltr'><strong>te</strong></span> <span class='ocrx_word' id='word_1_68' title='bbox 1775 635 1843 689; x_wconf 92' lang='lat' dir='ltr'><strong>de</strong></span> <span class='ocrx_word' id='word_1_69' title='bbox 1875 640 1982 688; x_wconf 90' lang='lat' dir='ltr'><strong>mat</strong></span> 
     </span>
    </p>
   </div>
   <div class='ocr_carea' id='block_1_9' title="bbox 2230 629 3753 710">
    <p class='ocr_par' dir='ltr' id='par_1_9' title="bbox 2230 633 3753 708">
     <span class='ocr_line' id='line_1_9' title="bbox 2230 633 3753 708; baseline 0.001 -20"><span class='ocrx_word' id='word_1_70' title='bbox 2230 652 2296 688; x_wconf 76' lang='grc' dir='ltr'>ναι</span> <span class='ocrx_word' id='word_1_71' title='bbox 2323 636 2422 707; x_wconf 70' lang='grc' dir='ltr'>τὴν</span> <span class='ocrx_word' id='word_1_72' title='bbox 2446 634 2580 706; x_wconf 78' lang='grc' dir='ltr'>ὕλην</span> <span class='ocrx_word' id='word_1_73' title='bbox 2606 635 2904 690; x_wconf 82' lang='grc' dir='ltr'>δείκνυται.</span> <span class='ocrx_word' id='word_1_74' title='bbox 2937 654 2956 687; x_wconf 75' lang='grc' dir='ltr'><strong>ι</strong></span> <span class='ocrx_word' id='word_1_75' title='bbox 2983 633 3233 689; x_wconf 82' lang='grc' dir='ltr'><strong>Τοσαῦτα</strong></span> <span class='ocrx_word' id='word_1_76' title='bbox 3275 636 3370 689; x_wconf 79' lang='grc' dir='ltr'>καὶ</span> <span class='ocrx_word' id='word_1_77' title='bbox 3400 637 3431 688; x_wconf 84' lang='grc' dir='ltr'>ὁ</span> <span class='ocrx_word' id='word_1_78' title='bbox 3467 636 3753 708; x_wconf 78' lang='grc' dir='ltr'><strong>προδηλω-</strong></span> 
     </span>
    </p>
   </div>
   <div class='ocr_carea' id='block_1_10' title="bbox 459 726 1982 804">
    <p class='ocr_par' dir='ltr' id='par_1_10' title="bbox 459 728 1982 804">
     <span class='ocr_line' id='line_1_10' title="bbox 459 728 1982 804; baseline -0.007 -15"><span class='ocrx_word' id='word_1_79' title='bbox 459 735 543 789; x_wconf 89' lang='lat' dir='ltr'><strong>ria</strong></span> <span class='ocrx_word' id='word_1_80' title='bbox 573 747 837 804; x_wconf 74' lang='lat' dir='ltr'><strong>quaerere.</strong></span> <span class='ocrx_word' id='word_1_81' title='bbox 892 730 993 786; x_wconf 88' lang='lat' dir='ltr'><strong>Dic</strong></span> <span class='ocrx_word' id='word_1_82' title='bbox 1046 732 1235 802; x_wconf 88' lang='lat' dir='ltr'><strong>igitur,</strong></span> <span class='ocrx_word' id='word_1_83' title='bbox 1288 730 1488 785; x_wconf 87' lang='lat' dir='ltr'><strong>amabo</strong></span> <span class='ocrx_word' id='word_1_84' title='bbox 1535 737 1611 794; x_wconf 91' lang='lat' dir='ltr'><strong>te,</strong></span> <span class='ocrx_word' id='word_1_85' title='bbox 1665 728 1982 798; x_wconf 58' lang='lat' dir='ltr'><strong>simplicem!</strong></span> 
     </span>
    </p>
   </div>
   <div class='ocr_carea' id='block_1_11' title="bbox 2229 726 3752 804">
    <p class='ocr_par' dir='ltr' id='par_1_11' title="bbox 2229 726 3752 800">
     <span class='ocr_line' id='line_1_11' title="bbox 2229 726 3752 800; baseline 0.002 -21"><span class='ocrx_word' id='word_1_86' title='bbox 2229 744 2269 790; x_wconf 78' lang='grc' dir='ltr'>ις</span> <span class='ocrx_word' id='word_1_87' title='bbox 2294 726 2664 798; x_wconf 81' lang='grc' dir='ltr'>συγγραφεύς.</span> <span class='ocrx_word' id='word_1_88' title='bbox 2694 727 2953 800; x_wconf 80' lang='grc' dir='ltr'><strong>Αὑτάρκη</strong></span> <span class='ocrx_word' id='word_1_89' title='bbox 2998 727 3054 781; x_wconf 84' lang='grc' dir='ltr'><strong>δὲ</strong></span> <span class='ocrx_word' id='word_1_90' title='bbox 3086 728 3432 800; x_wconf 80' lang='grc' dir='ltr'>περιγραφὴν</span> <span class='ocrx_word' id='word_1_91' title='bbox 3462 728 3752 800; x_wconf 76' lang='grc' dir='ltr'><strong>εἰληφότος</strong></span> 
     </span>
    </p>
   </div>
   <div class='ocr_carea' id='block_1_12' title="bbox 457 816 1980 894">
    <p class='ocr_par' dir='ltr' id='par_1_12' title="bbox 457 816 1980 894">
     <span class='ocr_line' id='line_1_12' title="bbox 457 816 1980 894; baseline -0.007 -14"><span class='ocrx_word' id='word_1_92' title='bbox 457 825 743 880; x_wconf 88' lang='lat' dir='ltr'><strong>materiam</strong></span> <span class='ocrx_word' id='word_1_93' title='bbox 774 839 843 879; x_wconf 89' lang='lat' dir='ltr'><strong>an</strong></span> <span class='ocrx_word' id='word_1_94' title='bbox 875 823 1241 894; x_wconf 75' lang='lat' dir='ltr'><strong>compositam</strong></span> <span class='ocrx_word' id='word_1_95' title='bbox 1276 820 1449 877; x_wconf 78' lang='lat' dir='ltr'><strong>fuisse</strong></span> <span class='ocrx_word' id='word_1_96' title='bbox 1473 818 1670 891; x_wconf 87' lang='lat' dir='ltr'><strong>putes?</strong></span> <span class='ocrx_word' id='word_1_97' title='bbox 1700 816 1836 873; x_wconf 75' lang='lat' dir='ltr'><strong>Nam</strong></span> <span class='ocrx_word' id='word_1_98' title='bbox 1862 834 1980 871; x_wconf 90' lang='lat' dir='ltr'><strong>reru</strong></span> 
     </span>
    </p>
   </div>
   <div class='ocr_carea' id='block_1_13' title="bbox 2231 816 3754 894">
    <p class='ocr_par' dir='ltr' id='par_1_13' title="bbox 2231 819 3754 891">
     <span class='ocr_line' id='line_1_13' title="bbox 2231 819 3754 891; baseline 0.002 -18"><span class='ocrx_word' id='word_1_99' title='bbox 2231 820 2245 872; x_wconf 76' lang='lat'><strong>3</strong></span> <span class='ocrx_word' id='word_1_100' title='bbox 2276 819 2457 888; x_wconf 84' lang='grc' dir='ltr'>λόγου,</span> <span class='ocrx_word' id='word_1_101' title='bbox 2484 820 2576 873; x_wconf 75' lang='grc' dir='ltr'><strong>ἐπὶ</strong></span> <span class='ocrx_word' id='word_1_102' title='bbox 2600 819 2692 873; x_wconf 73' lang='grc' dir='ltr'>τὸν</span> <span class='ocrx_word' id='word_1_103' title='bbox 2717 820 2902 889; x_wconf 75' lang='grc' dir='ltr'>ὄγδοον</span> <span class='ocrx_word' id='word_1_104' title='bbox 2924 819 3025 890; x_wconf 78' lang='grc' dir='ltr'><strong>τῆς</strong></span> <span class='ocrx_word' id='word_1_105' title='bbox 3048 820 3461 891; x_wconf 75' lang='grc' dir='ltr'><strong>Εὐαγγελικῆς</strong></span> <span class='ocrx_word' id='word_1_106' title='bbox 3510 824 3754 890; x_wconf 63' lang='grc' dir='ltr'>Προστα-</span> 
     </span>
    </p>
   </div>
   <div class='ocr_carea' id='block_1_14' title="bbox 456 910 1979 987">
    <p class='ocr_par' dir='ltr' id='par_1_14' title="bbox 456 910 1979 984">
     <span class='ocr_line' id='line_1_14' title="bbox 456 910 1979 984; baseline -0.005 -13"><span class='ocrx_word' id='word_1_107' title='bbox 456 924 608 971; x_wconf 83' lang='lat' dir='ltr'><strong>tanta</strong></span> <span class='ocrx_word' id='word_1_108' title='bbox 643 914 943 970; x_wconf 79' lang='lat' dir='ltr'><strong>diversitas</strong></span> <span class='ocrx_word' id='word_1_109' title='bbox 974 916 1041 970; x_wconf 88' lang='lat' dir='ltr'><strong>ad</strong></span> <span class='ocrx_word' id='word_1_110' title='bbox 1075 914 1242 984; x_wconf 82' lang='lat' dir='ltr'><strong>hujus</strong></span> <span class='ocrx_word' id='word_1_111' title='bbox 1279 929 1366 967; x_wconf 91' lang='lat' dir='ltr'><strong>me</strong></span> <span class='ocrx_word' id='word_1_112' title='bbox 1397 910 1850 982; x_wconf 52' lang='lat' dir='ltr'><strong>disceptationem</strong></span> <span class='ocrx_word' id='word_1_113' title='bbox 1894 926 1979 979; x_wconf 85' lang='lat' dir='ltr'><strong>qu:</strong></span> 
     </span>
    </p>
   </div>
   <div class='ocr_carea' id='block_1_15' title="bbox 2231 910 3754 987">
    <p class='ocr_par' dir='ltr' id='par_1_15' title="bbox 2231 912 3754 987">
     <span class='ocr_line' id='line_1_15' title="bbox 2231 912 3754 987; baseline 0.001 -20"><span class='ocrx_word' id='word_1_114' title='bbox 2231 912 2462 981; x_wconf 82' lang='grc' dir='ltr'><strong>σκευῆς</strong></span> <span class='ocrx_word' id='word_1_115' title='bbox 2489 914 2845 985; x_wconf 70' lang='grc' dir='ltr'>μεταϐάντες,</span> <span class='ocrx_word' id='word_1_116' title='bbox 2866 913 2936 968; x_wconf 71' lang='grc' dir='ltr'>τὰ</span> <span class='ocrx_word' id='word_1_117' title='bbox 2980 914 3241 970; x_wconf 82' lang='grc' dir='ltr'>λείποντα</span> <span class='ocrx_word' id='word_1_118' title='bbox 3277 915 3357 986; x_wconf 80' lang='grc' dir='ltr'>τῷ</span> <span class='ocrx_word' id='word_1_119' title='bbox 3395 914 3754 987; x_wconf 73' lang='grc' dir='ltr'><strong>προκειμένῳ</strong></span> 
     </span>
    </p>
   </div>
   <div class='ocr_carea' id='block_1_16' title="bbox 457 1004 1980 1080">
    <p class='ocr_par' dir='ltr' id='par_1_16' title="bbox 457 1004 1980 1075">
     <span class='ocr_line' id='line_1_16' title="bbox 457 1004 1980 1075; baseline -0.003 -12"><span class='ocrx_word' id='word_1_120' title='bbox 457 1007 657 1064; x_wconf 87' lang='lat' dir='ltr'><strong>stionis</strong></span> <span class='ocrx_word' id='word_1_121' title='bbox 704 1007 947 1062; x_wconf 87' lang='lat' dir='ltr'><strong>adducit.</strong></span> <span class='ocrx_word' id='word_1_122' title='bbox 990 1006 1048 1061; x_wconf 89' lang='lat' dir='ltr'><strong>Si</strong></span> <span class='ocrx_word' id='word_1_123' title='bbox 1089 1007 1238 1061; x_wconf 91' lang='lat' dir='ltr'><strong>enim</strong></span> <span class='ocrx_word' id='word_1_124' title='bbox 1293 1004 1551 1075; x_wconf 78' lang='lat' dir='ltr'><strong>simplex,</strong></span> <span class='ocrx_word' id='word_1_125' title='bbox 1605 1005 1878 1074; x_wconf 90' lang='lat' dir='ltr'><strong>uniusque</strong></span> <span class='ocrx_word' id='word_1_126' title='bbox 1911 1004 1980 1059; x_wconf 87' lang='lat' dir='ltr'><strong>du</strong></span> 
     </span>
    </p>
   </div>
   <div class='ocr_carea' id='block_1_17' title="bbox 2233 1004 3756 1080">
    <p class='ocr_par' dir='ltr' id='par_1_17' title="bbox 2233 1006 3756 1080">
     <span class='ocr_line' id='line_1_17' title="bbox 2233 1006 3756 1080; baseline 0.003 -21"><span class='ocrx_word' id='word_1_127' title='bbox 2233 1006 2456 1077; x_wconf 81' lang='grc' dir='ltr'>ἐμματι,</span> <span class='ocrx_word' id='word_1_128' title='bbox 2486 1007 2776 1079; x_wconf 86' lang='grc' dir='ltr'>σύμμαχον</span> <span class='ocrx_word' id='word_1_129' title='bbox 2801 1007 3259 1080; x_wconf 75' lang='grc' dir='ltr'>ἐπικαλεσάμενοι</span> <span class='ocrx_word' id='word_1_130' title='bbox 3282 1007 3376 1063; x_wconf 83' lang='grc' dir='ltr'><strong>τὸν</strong></span> <span class='ocrx_word' id='word_1_131' title='bbox 3411 1008 3575 1076; x_wconf 84' lang='grc' dir='ltr'>Θεὸν,</span> <span class='ocrx_word' id='word_1_132' title='bbox 3618 1010 3756 1064; x_wconf 80' lang='grc' dir='ltr'>ἀνα.-</span> 
     </span>
    </p>
   </div>
   <div class='ocr_carea' id='block_1_18' title="bbox 455 1095 1978 1171">
    <p class='ocr_par' dir='ltr' id='par_1_18' title="bbox 455 1095 1973 1170">
     <span class='ocr_line' id='line_1_18' title="bbox 455 1095 1973 1170; baseline -0.003 -15"><span class='ocrx_word' id='word_1_133' title='bbox 455 1109 605 1156; x_wconf 80' lang='lat' dir='ltr'><strong>taxat</strong></span> <span class='ocrx_word' id='word_1_134' title='bbox 637 1100 829 1156; x_wconf 70' lang='lat' dir='ltr'><strong>formae</strong></span> <span class='ocrx_word' id='word_1_135' title='bbox 869 1114 936 1154; x_wconf 89' lang='lat' dir='ltr'><strong>ac</strong></span> <span class='ocrx_word' id='word_1_136' title='bbox 976 1100 1162 1170; x_wconf 69' lang='lat' dir='ltr'><strong>ligurze</strong></span> <span class='ocrx_word' id='word_1_137' title='bbox 1194 1098 1421 1152; x_wconf 89' lang='lat' dir='ltr'><strong>materia</strong></span> <span class='ocrx_word' id='word_1_138' title='bbox 1451 1095 1577 1160; x_wconf 78' lang='lat' dir='ltr'><strong>fuit,</strong></span> <span class='ocrx_word' id='word_1_139' title='bbox 1613 1098 1894 1166; x_wconf 88' lang='lat' dir='ltr'><strong>quomodo</strong></span> <span class='ocrx_word' id='word_1_140' title='bbox 1922 1103 1973 1151; x_wconf 91' lang='lat' dir='ltr'><strong>ta</strong></span> 
     </span>
    </p>
   </div>
   <div class='ocr_carea' id='block_1_19' title="bbox 1014 1095 2537 1171">
    <p class='ocr_par' dir='ltr' id='par_1_19' title="bbox 1014 1095 2537 1171">
     <span class='ocr_line' id='line_1_19' title="bbox 1014 1095 2537 1171; baseline 0 -19"><span class='ocrx_word' id='word_1_141' title='bbox 1014 1115 1162 1170; x_wconf 72' lang='lat' dir='ltr'><strong>gnra:</strong></span> <span class='ocrx_word' id='word_1_142' title='bbox 1194 1098 1421 1152; x_wconf 89' lang='lat' dir='ltr'><strong>materia</strong></span> <span class='ocrx_word' id='word_1_143' title='bbox 1451 1095 1577 1160; x_wconf 78' lang='lat' dir='ltr'><strong>fuit,</strong></span> <span class='ocrx_word' id='word_1_144' title='bbox 1613 1098 1894 1166; x_wconf 88' lang='lat' dir='ltr'><strong>quomodo</strong></span> <span class='ocrx_word' id='word_1_145' title='bbox 1922 1103 2044 1151; x_wconf 87' lang='lat' dir='ltr'><strong>tan-</strong></span> <span class='ocrx_word' id='word_1_146' title='bbox 2156 1097 2537 1171; x_wconf 82' lang='grc' dir='ltr'>πληρώσομεν.</span> 
     </span>
    </p>
   </div>
   <div class='ocr_carea' id='block_1_20' title="bbox 451 1190 3754 1264">
    <p class='ocr_par' dir='ltr' id='par_1_20' title="bbox 451 1190 3754 1264">
     <span class='ocr_line' id='line_1_20' title="bbox 451 1190 3754 1264; baseline 0.001 -18"><span class='ocrx_word' id='word_1_147' title='bbox 451 1191 577 1247; x_wconf 88' lang='lat' dir='ltr'><strong>dem</strong></span> <span class='ocrx_word' id='word_1_148' title='bbox 607 1194 948 1264; x_wconf 90' lang='lat' dir='ltr'><strong>compositus</strong></span> <span class='ocrx_word' id='word_1_149' title='bbox 980 1208 1048 1247; x_wconf 78' lang='lat' dir='ltr'><strong>ex</strong></span> <span class='ocrx_word' id='word_1_150' title='bbox 1092 1207 1155 1246; x_wconf 93' lang='lat' dir='ltr'><strong>ea</strong></span> <span class='ocrx_word' id='word_1_151' title='bbox 1201 1190 1463 1252; x_wconf 89' lang='lat' dir='ltr'><strong>mundus,</strong></span> <span class='ocrx_word' id='word_1_152' title='bbox 1497 1205 1565 1245; x_wconf 83' lang='lat' dir='ltr'><strong>ex</strong></span> <span class='ocrx_word' id='word_1_153' title='bbox 1592 1198 1741 1245; x_wconf 84' lang='lat' dir='ltr'><strong>tanta</strong></span> <span class='ocrx_word' id='word_1_154' title='bbox 1788 1190 2225 1246; x_wconf 87' lang='lat' dir='ltr'><strong>substantiarum</strong></span> <span class='ocrx_word' id='word_1_155' title='bbox 2272 1207 2339 1247; x_wconf 90' lang='lat' dir='ltr'><strong>ac</strong></span> <span class='ocrx_word' id='word_1_156' title='bbox 2395 1192 2853 1261; x_wconf 89' lang='lat' dir='ltr'><strong>temperationum</strong></span> <span class='ocrx_word' id='word_1_157' title='bbox 2915 1193 3179 1248; x_wconf 81' lang='lat' dir='ltr'><strong>varietate</strong></span> <span class='ocrx_word' id='word_1_158' title='bbox 3235 1193 3526 1249; x_wconf 80' lang='lat' dir='ltr'><strong>consistit?</strong></span> <span class='ocrx_word' id='word_1_159' title='bbox 3585 1193 3754 1260; x_wconf 82' lang='lat' dir='ltr'><strong>Quod</strong></span> 
     </span>
    </p>
   </div>
   <div class='ocr_carea' id='block_1_21' title="bbox 450 1283 3753 1356">
    <p class='ocr_par' dir='ltr' id='par_1_21' title="bbox 450 1283 3753 1356">
     <span class='ocr_line' id='line_1_21' title="bbox 450 1283 3753 1356; baseline 0.001 -17"><span class='ocrx_word' id='word_1_160' title='bbox 450 1286 599 1341; x_wconf 92' lang='lat' dir='ltr'><strong>enim</strong></span> <span class='ocrx_word' id='word_1_161' title='bbox 626 1286 992 1356; x_wconf 88' lang='lat' dir='ltr'><strong>compositum</strong></span> <span class='ocrx_word' id='word_1_162' title='bbox 1024 1284 1248 1348; x_wconf 89' lang='lat' dir='ltr'><strong>dicitur,</strong></span> <span class='ocrx_word' id='word_1_163' title='bbox 1288 1284 1341 1337; x_wconf 93' lang='lat' dir='ltr'><strong>id</strong></span> <span class='ocrx_word' id='word_1_164' title='bbox 1389 1298 1523 1338; x_wconf 86' lang='lat' dir='ltr'><strong>sane</strong></span> <span class='ocrx_word' id='word_1_165' title='bbox 1562 1283 1820 1353; x_wconf 91' lang='lat' dir='ltr'><strong>.plurium</strong></span> <span class='ocrx_word' id='word_1_166' title='bbox 1879 1283 2213 1352; x_wconf 76' lang='lat' dir='ltr'><strong>simplicium</strong></span> <span class='ocrx_word' id='word_1_167' title='bbox 2271 1284 2592 1338; x_wconf 80' lang='lat' dir='ltr'><strong>mixtionem</strong></span> <span class='ocrx_word' id='word_1_168' title='bbox 2636 1284 2882 1340; x_wconf 79' lang='lat' dir='ltr'><strong>involvit.</strong></span> <span class='ocrx_word' id='word_1_169' title='bbox 2948 1283 3043 1340; x_wconf 88' lang='lat' dir='ltr'><strong>Sin</strong></span> <span class='ocrx_word' id='word_1_170' title='bbox 3071 1285 3317 1341; x_wconf 90' lang='lat' dir='ltr'><strong>eamdem</strong></span> <span class='ocrx_word' id='word_1_171' title='bbox 3376 1289 3753 1356; x_wconf 87' lang='lat' dir='ltr'><strong>compositam</strong></span> 
     </span>
    </p>
   </div>
   <div class='ocr_carea' id='block_1_22' title="bbox 452 1373 3753 1448">
    <p class='ocr_par' dir='ltr' id='par_1_22' title="bbox 452 1373 3753 1448">
     <span class='ocr_line' id='line_1_22' title="bbox 452 1373 3753 1448; baseline 0.001 -17"><span class='ocrx_word' id='word_1_172' title='bbox 452 1376 626 1434; x_wconf 79' lang='lat' dir='ltr'><strong>fuisse</strong></span> <span class='ocrx_word' id='word_1_173' title='bbox 674 1378 776 1445; x_wconf 88' lang='lat' dir='ltr'><strong>vis,</strong></span> <span class='ocrx_word' id='word_1_174' title='bbox 816 1394 885 1433; x_wconf 83' lang='lat' dir='ltr'><strong>ex</strong></span> <span class='ocrx_word' id='word_1_175' title='bbox 931 1377 1272 1448; x_wconf 75' lang='lat' dir='ltr'><strong>simplicibus</strong></span> <span class='ocrx_word' id='word_1_176' title='bbox 1323 1376 1491 1447; x_wconf 78' lang='lat' dir='ltr'><strong>igitur</strong></span> <span class='ocrx_word' id='word_1_177' title='bbox 1535 1375 1841 1445; x_wconf 85' lang='lat' dir='ltr'><strong>composita</strong></span> <span class='ocrx_word' id='word_1_178' title='bbox 1902 1373 2025 1430; x_wconf 81' lang='lat' dir='ltr'><strong>fuit.</strong></span> <span class='ocrx_word' id='word_1_179' title='bbox 2060 1376 2215 1442; x_wconf 84' lang='lat' dir='ltr'><strong>Quod</strong></span> <span class='ocrx_word' id='word_1_180' title='bbox 2239 1378 2285 1431; x_wconf 89' lang='lat' dir='ltr'><strong>si</strong></span> <span class='ocrx_word' id='word_1_181' title='bbox 2313 1392 2503 1431; x_wconf 90' lang='lat' dir='ltr'><strong>verum</strong></span> <span class='ocrx_word' id='word_1_182' title='bbox 2535 1386 2639 1442; x_wconf 90' lang='lat' dir='ltr'><strong>est,</strong></span> <span class='ocrx_word' id='word_1_183' title='bbox 2700 1376 2916 1433; x_wconf 81' lang='lat' dir='ltr'><strong>fuerant</strong></span> <span class='ocrx_word' id='word_1_184' title='bbox 2974 1378 3091 1447; x_wconf 89' lang='lat' dir='ltr'><strong>jam</strong></span> <span class='ocrx_word' id='word_1_185' title='bbox 3145 1378 3273 1433; x_wconf 86' lang='lat' dir='ltr'><strong>olim</strong></span> <span class='ocrx_word' id='word_1_186' title='bbox 3315 1379 3587 1448; x_wconf 89' lang='lat' dir='ltr'><strong>simplicia</strong></span> <span class='ocrx_word' id='word_1_187' title='bbox 3654 1381 3753 1434; x_wconf 88' lang='lat' dir='ltr'><strong>illa</strong></span> 
     </span>
    </p>
   </div>
   <div class='ocr_carea' id='block_1_23' title="bbox 449 1469 3751 1546">
    <p class='ocr_par' dir='ltr' id='par_1_23' title="bbox 449 1469 3751 1546">
     <span class='ocr_line' id='line_1_23' title="bbox 449 1469 3751 1546; baseline -0.001 -18"><span class='ocrx_word' id='word_1_188' title='bbox 449 1490 547 1545; x_wconf 87' lang='lat' dir='ltr'><strong>per</strong></span> <span class='ocrx_word' id='word_1_189' title='bbox 580 1490 722 1537; x_wconf 91' lang='lat' dir='ltr'><strong>sese,</strong></span> <span class='ocrx_word' id='word_1_190' title='bbox 751 1490 984 1546; x_wconf 90' lang='lat' dir='ltr'><strong>quorum</strong></span> <span class='ocrx_word' id='word_1_191' title='bbox 1029 1490 1096 1530; x_wconf 84' lang='lat' dir='ltr'><strong>ex</strong></span> <span class='ocrx_word' id='word_1_192' title='bbox 1142 1473 1541 1544; x_wconf 87' lang='lat' dir='ltr'><strong>compositione</strong></span> <span class='ocrx_word' id='word_1_193' title='bbox 1591 1472 1820 1527; x_wconf 86' lang='lat' dir='ltr'><strong>materia</strong></span> <span class='ocrx_word' id='word_1_194' title='bbox 1875 1471 2108 1526; x_wconf 82' lang='lat' dir='ltr'><strong>conﬂata</strong></span> <span class='ocrx_word' id='word_1_195' title='bbox 2152 1482 2257 1527; x_wconf 91' lang='lat' dir='ltr'><strong>est.</strong></span> <span class='ocrx_word' id='word_1_196' title='bbox 2302 1471 2439 1529; x_wconf 77' lang='lat' dir='ltr'><strong>Hine</strong></span> <span class='ocrx_word' id='word_1_197' title='bbox 2485 1488 2649 1542; x_wconf 89' lang='lat' dir='ltr'><strong>porro</strong></span> <span class='ocrx_word' id='word_1_198' title='bbox 2696 1473 2935 1543; x_wconf 76' lang='lat' dir='ltr'><strong>genitam</strong></span> <span class='ocrx_word' id='word_1_199' title='bbox 2991 1487 3115 1527; x_wconf 87' lang='lat' dir='ltr'><strong>esse</strong></span> <span class='ocrx_word' id='word_1_200' title='bbox 3159 1471 3441 1525; x_wconf 88' lang='lat' dir='ltr'><strong>materiam</strong></span> <span class='ocrx_word' id='word_1_201' title='bbox 3486 1469 3751 1525; x_wconf 78' lang='lat' dir='ltr'><strong>etﬁeitur.</strong></span> 
     </span>
    </p>
   </div>
   <div class='ocr_carea' id='block_1_24' title="bbox 447 1562 3754 1639">
    <p class='ocr_par' dir='ltr' id='par_1_24' title="bbox 447 1562 3754 1639">
     <span class='ocr_line' id='line_1_24' title="bbox 447 1562 3754 1639; baseline -0.002 -17"><span class='ocrx_word' id='word_1_202' title='bbox 447 1566 587 1623; x_wconf 86' lang='lat' dir='ltr'><strong>Nam</strong></span> <span class='ocrx_word' id='word_1_203' title='bbox 624 1568 672 1624; x_wconf 90' lang='lat' dir='ltr'><strong>si</strong></span> <span class='ocrx_word' id='word_1_204' title='bbox 702 1569 1007 1639; x_wconf 89' lang='lat' dir='ltr'><strong>composita</strong></span> <span class='ocrx_word' id='word_1_205' title='bbox 1043 1568 1270 1624; x_wconf 79' lang='lat' dir='ltr'><strong>materia</strong></span> <span class='ocrx_word' id='word_1_206' title='bbox 1314 1576 1419 1633; x_wconf 89' lang='lat' dir='ltr'><strong>est,</strong></span> <span class='ocrx_word' id='word_1_207' title='bbox 1452 1568 1759 1636; x_wconf 84' lang='lat' dir='ltr'><strong>composita</strong></span> <span class='ocrx_word' id='word_1_208' title='bbox 1822 1581 1955 1620; x_wconf 87' lang='lat' dir='ltr'><strong>vero</strong></span> <span class='ocrx_word' id='word_1_209' title='bbox 1987 1581 2055 1620; x_wconf 81' lang='lat' dir='ltr'><strong>ex</strong></span> <span class='ocrx_word' id='word_1_210' title='bbox 2093 1567 2438 1637; x_wconf 87' lang='lat' dir='ltr'><strong>simplicibus</strong></span> <span class='ocrx_word' id='word_1_211' title='bbox 2488 1576 2865 1637; x_wconf 85' lang='lat' dir='ltr'><strong>coagmentata</strong></span> <span class='ocrx_word' id='word_1_212' title='bbox 2916 1574 3064 1630; x_wconf 90' lang='lat' dir='ltr'><strong>sunt,</strong></span> <span class='ocrx_word' id='word_1_213' title='bbox 3131 1572 3348 1632; x_wconf 84' lang='lat' dir='ltr'><strong>tempus</strong></span> <span class='ocrx_word' id='word_1_214' title='bbox 3405 1562 3537 1616; x_wconf 86' lang='lat' dir='ltr'><strong>illud</strong></span> <span class='ocrx_word' id='word_1_215' title='bbox 3593 1572 3754 1617; x_wconf 88' lang='lat' dir='ltr'><strong>certe</strong></span> 
     </span>
    </p>
   </div>
   <div class='ocr_carea' id='block_1_25' title="bbox 450 1651 3750 1734">
    <p class='ocr_par' dir='ltr' id='par_1_25' title="bbox 450 1651 3750 1734">
     <span class='ocr_line' id='line_1_25' title="bbox 450 1651 3750 1734; baseline -0.002 -18"><span class='ocrx_word' id='word_1_216' title='bbox 450 1660 573 1729; x_wconf 78' lang='lat' dir='ltr'><strong>fuit,</strong></span> <span class='ocrx_word' id='word_1_217' title='bbox 588 1678 699 1734; x_wconf 89' lang='lat' dir='ltr'><strong>quo</strong></span> <span class='ocrx_word' id='word_1_218' title='bbox 736 1664 1018 1719; x_wconf 90' lang='lat' dir='ltr'><strong>nulladum</strong></span> <span class='ocrx_word' id='word_1_219' title='bbox 1043 1663 1265 1718; x_wconf 87' lang='lat' dir='ltr'><strong>materia</strong></span> <span class='ocrx_word' id='word_1_220' title='bbox 1298 1670 1464 1728; x_wconf 86' lang='lat' dir='ltr'><strong>esset,</strong></span> <span class='ocrx_word' id='word_1_221' title='bbox 1500 1660 1608 1716; x_wconf 89' lang='lat' dir='ltr'><strong>hoe</strong></span> <span class='ocrx_word' id='word_1_222' title='bbox 1635 1669 1719 1715; x_wconf 89' lang='lat' dir='ltr'><strong>est</strong></span> <span class='ocrx_word' id='word_1_223' title='bbox 1763 1671 2059 1729; x_wconf 86' lang='lat' dir='ltr'><strong>antequam</strong></span> <span class='ocrx_word' id='word_1_224' title='bbox 2089 1675 2154 1714; x_wconf 91' lang='lat' dir='ltr'><strong>ea</strong></span> <span class='ocrx_word' id='word_1_225' title='bbox 2191 1660 2522 1729; x_wconf 91' lang='lat' dir='ltr'><strong>simplicium</strong></span> <span class='ocrx_word' id='word_1_226' title='bbox 2572 1658 2713 1712; x_wconf 88' lang='lat' dir='ltr'><strong>inter</strong></span> <span class='ocrx_word' id='word_1_227' title='bbox 2753 1674 2874 1713; x_wconf 89' lang='lat' dir='ltr'><strong>sese</strong></span> <span class='ocrx_word' id='word_1_228' title='bbox 2902 1656 3218 1726; x_wconf 90' lang='lat' dir='ltr'><strong>conjunctio</strong></span> <span class='ocrx_word' id='word_1_229' title='bbox 3249 1655 3420 1710; x_wconf 81' lang='lat' dir='ltr'><strong>ﬁeret.</strong></span> <span class='ocrx_word' id='word_1_230' title='bbox 3471 1651 3637 1720; x_wconf 83' lang='lat' dir='ltr'><strong>Quod</strong></span> <span class='ocrx_word' id='word_1_231' title='bbox 3698 1655 3750 1708; x_wconf 79' lang='lat' dir='ltr'><strong>si</strong></span> 
     </span>
    </p>
   </div>
   <div class='ocr_carea' id='block_1_26' title="bbox 450 1746 3751 1826">
    <p class='ocr_par' dir='ltr' id='par_1_26' title="bbox 450 1746 3751 1826">
     <span class='ocr_line' id='line_1_26' title="bbox 450 1746 3751 1826; baseline -0.002 -17"><span class='ocrx_word' id='word_1_232' title='bbox 450 1763 666 1825; x_wconf 88' lang='lat' dir='ltr'><strong>tempus</strong></span> <span class='ocrx_word' id='word_1_233' title='bbox 712 1754 984 1826; x_wconf 83' lang='lat' dir='ltr'><strong>ejusmodi</strong></span> <span class='ocrx_word' id='word_1_234' title='bbox 1036 1756 1257 1824; x_wconf 88' lang='lat' dir='ltr'><strong>aliquod</strong></span> <span class='ocrx_word' id='word_1_235' title='bbox 1314 1753 1439 1819; x_wconf 79' lang='lat' dir='ltr'><strong>fuit,</strong></span> <span class='ocrx_word' id='word_1_236' title='bbox 1496 1767 1609 1823; x_wconf 91' lang='lat' dir='ltr'><strong>quo</strong></span> <span class='ocrx_word' id='word_1_237' title='bbox 1670 1753 1897 1806; x_wconf 88' lang='lat' dir='ltr'><strong>materia</strong></span> <span class='ocrx_word' id='word_1_238' title='bbox 1956 1753 2187 1806; x_wconf 85' lang='lat' dir='ltr'><strong>necdum</strong></span> <span class='ocrx_word' id='word_1_239' title='bbox 2251 1762 2429 1818; x_wconf 80' lang='lat' dir='ltr'><strong>esset,</strong></span> <span class='ocrx_word' id='word_1_240' title='bbox 2489 1751 2702 1806; x_wconf 88' lang='lat' dir='ltr'><strong>nullum</strong></span> <span class='ocrx_word' id='word_1_241' title='bbox 2778 1760 2960 1804; x_wconf 89' lang='lat' dir='ltr'><strong>autem</strong></span> <span class='ocrx_word' id='word_1_242' title='bbox 3012 1764 3254 1818; x_wconf 85' lang='lat' dir='ltr'><strong>unquam</strong></span> <span class='ocrx_word' id='word_1_243' title='bbox 3304 1746 3427 1813; x_wconf 80' lang='lat' dir='ltr'><strong>fuit,</strong></span> <span class='ocrx_word' id='word_1_244' title='bbox 3475 1762 3589 1817; x_wconf 91' lang='lat' dir='ltr'><strong>quo</strong></span> <span class='ocrx_word' id='word_1_245' title='bbox 3653 1762 3751 1802; x_wconf 73' lang='lat' dir='ltr'><strong>res</strong></span> 
     </span>
    </p>
   </div>
   <div class='ocr_carea' id='block_1_27' title="bbox 448 1841 3753 1919">
    <p class='ocr_par' dir='ltr' id='par_1_27' title="bbox 448 1841 3753 1919">
     <span class='ocr_line' id='line_1_27' title="bbox 448 1841 3753 1919; baseline -0.002 -17"><span class='ocrx_word' id='word_1_246' title='bbox 448 1856 573 1902; x_wconf 89' lang='lat' dir='ltr'><strong>ortu</strong></span> <span class='ocrx_word' id='word_1_247' title='bbox 627 1847 1004 1919; x_wconf 89' lang='lat' dir='ltr'><strong>principioque</strong></span> <span class='ocrx_word' id='word_1_248' title='bbox 1044 1863 1258 1913; x_wconf 89' lang='lat' dir='ltr'><strong>carens,</strong></span> <span class='ocrx_word' id='word_1_249' title='bbox 1317 1846 1559 1901; x_wconf 86' lang='lat' dir='ltr'><strong>nondum</strong></span> <span class='ocrx_word' id='word_1_250' title='bbox 1596 1845 1851 1900; x_wconf 78' lang='lat' dir='ltr'><strong>existeret</strong></span> <span class='ocrx_word' id='word_1_251' title='bbox 1893 1853 2041 1904; x_wconf 91' lang='lat' dir='ltr'><strong>ortu.</strong></span> <span class='ocrx_word' id='word_1_252' title='bbox 2091 1844 2315 1898; x_wconf 83' lang='lat' dir='ltr'><strong>materia</strong></span> <span class='ocrx_word' id='word_1_253' title='bbox 2349 1843 2597 1899; x_wconf 89' lang='lat' dir='ltr'><strong>caruisse</strong></span> <span class='ocrx_word' id='word_1_254' title='bbox 2639 1858 2749 1897; x_wconf 91' lang='lat' dir='ltr'><strong>non</strong></span> <span class='ocrx_word' id='word_1_255' title='bbox 2780 1843 2998 1912; x_wconf 88' lang='lat' dir='ltr'><strong>poterit.</strong></span> <span class='ocrx_word' id='word_1_256' title='bbox 3045 1841 3312 1897; x_wconf 65' lang='lat' dir='ltr'><strong>Cmterum</strong></span> <span class='ocrx_word' id='word_1_257' title='bbox 3356 1841 3513 1911; x_wconf 92' lang='lat' dir='ltr'><strong>plura</strong></span> <span class='ocrx_word' id='word_1_258' title='bbox 3582 1841 3753 1895; x_wconf 38' lang='lat' dir='ltr'><strong>dein!</strong></span> 
     </span>
    </p>
   </div>
   <div class='ocr_carea' id='block_1_28' title="bbox 449 1936 3749 2009">
    <p class='ocr_par' dir='ltr' id='par_1_28' title="bbox 449 1936 3749 2009">
     <span class='ocr_line' id='line_1_28' title="bbox 449 1936 3749 2009; baseline -0.001 -16"><span class='ocrx_word' id='word_1_259' title='bbox 449 1953 579 2009; x_wconf 86' lang='lat' dir='ltr'><strong>ceps</strong></span> <span class='ocrx_word' id='word_1_260' title='bbox 603 1949 727 1994; x_wconf 90' lang='lat' dir='ltr'><strong>ortu</strong></span> <span class='ocrx_word' id='word_1_261' title='bbox 757 1939 998 1995; x_wconf 87' lang='lat' dir='ltr'><strong>carentia</strong></span> <span class='ocrx_word' id='word_1_262' title='bbox 1046 1949 1374 1995; x_wconf 86' lang='lat' dir='ltr'><strong>statuemus.</strong></span> <span class='ocrx_word' id='word_1_263' title='bbox 1413 1936 1471 1993; x_wconf 90' lang='lat' dir='ltr'><strong>Si</strong></span> <span class='ocrx_word' id='word_1_264' title='bbox 1517 1938 1662 1993; x_wconf 90' lang='lat' dir='ltr'><strong>enim</strong></span> <span class='ocrx_word' id='word_1_265' title='bbox 1701 1946 1756 1993; x_wconf 92' lang='lat' dir='ltr'><strong>et</strong></span> <span class='ocrx_word' id='word_1_266' title='bbox 1783 1937 1946 2001; x_wconf 84' lang='lat' dir='ltr'><strong>Deus,</strong></span> <span class='ocrx_word' id='word_1_267' title='bbox 1979 1946 2034 1992; x_wconf 89' lang='lat' dir='ltr'><strong>et</strong></span> <span class='ocrx_word' id='word_1_268' title='bbox 2064 1937 2333 2006; x_wconf 77' lang='lat' dir='ltr'><strong>simplicia</strong></span> <span class='ocrx_word' id='word_1_269' title='bbox 2383 1937 2507 2002; x_wconf 90' lang='lat' dir='ltr'><strong>ista,</strong></span> <span class='ocrx_word' id='word_1_270' title='bbox 2555 1952 2623 1992; x_wconf 91' lang='lat' dir='ltr'><strong>ex</strong></span> <span class='ocrx_word' id='word_1_271' title='bbox 2677 1937 2882 2007; x_wconf 87' lang='lat' dir='ltr'><strong>quibus</strong></span> <span class='ocrx_word' id='word_1_272' title='bbox 2928 1945 3183 1992; x_wconf 85' lang='lat' dir='ltr'><strong>concreta</strong></span> <span class='ocrx_word' id='word_1_273' title='bbox 3227 1936 3458 1990; x_wconf 86' lang='lat' dir='ltr'><strong>materia</strong></span> <span class='ocrx_word' id='word_1_274' title='bbox 3482 1943 3588 1999; x_wconf 90' lang='lat' dir='ltr'><strong>est,</strong></span> <span class='ocrx_word' id='word_1_275' title='bbox 3612 1946 3749 1991; x_wconf 76' lang='lat' dir='ltr'><strong>ortu</strong></span> 
     </span>
    </p>
   </div>
   <div class='ocr_carea' id='block_1_29' title="bbox 449 2027 3745 2103">
    <p class='ocr_par' dir='ltr' id='par_1_29' title="bbox 449 2027 3745 2103">
     <span class='ocr_line' id='line_1_29' title="bbox 449 2027 3745 2103; baseline -0.002 -17"><span class='ocrx_word' id='word_1_276' title='bbox 449 2033 735 2099; x_wconf 90' lang='lat' dir='ltr'><strong>carebunt,</strong></span> <span class='ocrx_word' id='word_1_277' title='bbox 767 2048 878 2087; x_wconf 91' lang='lat' dir='ltr'><strong>non</strong></span> <span class='ocrx_word' id='word_1_278' title='bbox 934 2032 1048 2103; x_wconf 90' lang='lat' dir='ltr'><strong>jam</strong></span> <span class='ocrx_word' id='word_1_279' title='bbox 1096 2033 1207 2087; x_wconf 94' lang='lat' dir='ltr'><strong>duo</strong></span> <span class='ocrx_word' id='word_1_280' title='bbox 1268 2039 1481 2086; x_wconf 92' lang='lat' dir='ltr'><strong>tantum</strong></span> <span class='ocrx_word' id='word_1_281' title='bbox 1523 2040 1646 2085; x_wconf 89' lang='lat' dir='ltr'><strong>ortu</strong></span> <span class='ocrx_word' id='word_1_282' title='bbox 1720 2030 1964 2085; x_wconf 86' lang='lat' dir='ltr'><strong>carentia</strong></span> <span class='ocrx_word' id='word_1_283' title='bbox 2004 2030 2392 2085; x_wconf 84' lang='lat' dir='ltr'><strong>censebuntur.</strong></span> <span class='ocrx_word' id='word_1_284' title='bbox 2438 2028 2745 2096; x_wconf 88' lang='lat' dir='ltr'><strong>Postremo,</strong></span> <span class='ocrx_word' id='word_1_285' title='bbox 2793 2044 2923 2084; x_wconf 89' lang='lat' dir='ltr'><strong>num</strong></span> <span class='ocrx_word' id='word_1_286' title='bbox 2974 2038 3030 2083; x_wconf 93' lang='lat' dir='ltr'><strong>tu</strong></span> <span class='ocrx_word' id='word_1_287' title='bbox 3102 2044 3217 2083; x_wconf 92' lang='lat' dir='ltr'><strong>rem</strong></span> <span class='ocrx_word' id='word_1_288' title='bbox 3280 2028 3440 2098; x_wconf 88' lang='lat' dir='ltr'><strong>plane</strong></span> <span class='ocrx_word' id='word_1_289' title='bbox 3505 2027 3745 2094; x_wconf 82' lang='lat' dir='ltr'><strong>nullam,</strong></span> 
     </span>
    </p>
   </div>
   <div class='ocr_carea' id='block_1_30' title="bbox 449 2118 3753 2193">
    <p class='ocr_par' dir='ltr' id='par_1_30' title="bbox 449 2118 3753 2193">
     <span class='ocr_line' id='line_1_30' title="bbox 449 2118 3753 2193; baseline -0.002 -16"><span class='ocrx_word' id='word_1_290' title='bbox 449 2138 577 2193; x_wconf 73' lang='lat' dir='ltr'><strong>quae</strong></span> <span class='ocrx_word' id='word_1_291' title='bbox 629 2139 816 2180; x_wconf 91' lang='lat' dir='ltr'><strong>secum</strong></span> <span class='ocrx_word' id='word_1_292' title='bbox 865 2123 982 2193; x_wconf 92' lang='lat' dir='ltr'><strong>ipsa</strong></span> <span class='ocrx_word' id='word_1_293' title='bbox 1028 2132 1249 2193; x_wconf 84' lang='lat' dir='ltr'><strong>pugnet,</strong></span> <span class='ocrx_word' id='word_1_294' title='bbox 1299 2137 1421 2177; x_wconf 87' lang='lat' dir='ltr'><strong>esse</strong></span> <span class='ocrx_word' id='word_1_295' title='bbox 1470 2122 1765 2177; x_wconf 82' lang='lat' dir='ltr'><strong>concedis?</strong></span> <span class='ocrx_word' id='word_1_296' title='bbox 1810 2121 2046 2177; x_wconf 89' lang='lat' dir='ltr'><strong>Nullam.</strong></span> <span class='ocrx_word' id='word_1_297' title='bbox 2090 2121 2227 2176; x_wconf 88' lang='lat' dir='ltr'><strong>Cum</strong></span> <span class='ocrx_word' id='word_1_298' title='bbox 2286 2121 2414 2193; x_wconf 89' lang='lat' dir='ltr'><strong>igne</strong></span> <span class='ocrx_word' id='word_1_299' title='bbox 2456 2136 2586 2176; x_wconf 85' lang='lat' dir='ltr'><strong>vero</strong></span> <span class='ocrx_word' id='word_1_300' title='bbox 2635 2136 2768 2177; x_wconf 91' lang='lat' dir='ltr'><strong>num</strong></span> <span class='ocrx_word' id='word_1_301' title='bbox 2794 2136 2932 2191; x_wconf 87' lang='lat' dir='ltr'><strong>aqua</strong></span> <span class='ocrx_word' id='word_1_302' title='bbox 2963 2119 3622 2190; x_wconf 84' lang='lat' dir='ltr'><strong>pugnat?Pugnatsane.</strong></span> <span class='ocrx_word' id='word_1_303' title='bbox 3653 2118 3753 2173; x_wconf 83' lang='lat' dir='ltr'><strong>Si-</strong></span> 
     </span>
    </p>
   </div>
   <div class='ocr_carea' id='block_1_31' title="bbox 452 2211 3747 2285">
    <p class='ocr_par' dir='ltr' id='par_1_31' title="bbox 452 2211 3747 2285">
     <span class='ocr_line' id='line_1_31' title="bbox 452 2211 3747 2285; baseline -0.002 -12"><span class='ocrx_word' id='word_1_304' title='bbox 452 2218 655 2273; x_wconf 85' lang='lat' dir='ltr'><strong>militer</strong></span> <span class='ocrx_word' id='word_1_305' title='bbox 701 2228 756 2272; x_wconf 93' lang='lat' dir='ltr'><strong>et</strong></span> <span class='ocrx_word' id='word_1_306' title='bbox 805 2218 912 2272; x_wconf 90' lang='lat' dir='ltr'><strong>luci</strong></span> <span class='ocrx_word' id='word_1_307' title='bbox 955 2217 1213 2281; x_wconf 72' lang='lat' dir='ltr'><strong>tenebrae,</strong></span> <span class='ocrx_word' id='word_1_308' title='bbox 1260 2225 1316 2271; x_wconf 92' lang='lat' dir='ltr'><strong>et</strong></span> <span class='ocrx_word' id='word_1_309' title='bbox 1363 2214 1563 2285; x_wconf 75' lang='lat' dir='ltr'><strong>frigido</strong></span> <span class='ocrx_word' id='word_1_310' title='bbox 1593 2215 1853 2281; x_wconf 90' lang='lat' dir='ltr'><strong>calidum,</strong></span> <span class='ocrx_word' id='word_1_311' title='bbox 1894 2225 1949 2270; x_wconf 91' lang='lat' dir='ltr'><strong>et</strong></span> <span class='ocrx_word' id='word_1_312' title='bbox 1994 2216 2142 2271; x_wconf 83' lang='lat' dir='ltr'><strong>sicco</strong></span> <span class='ocrx_word' id='word_1_313' title='bbox 2176 2215 2461 2269; x_wconf 86' lang='lat' dir='ltr'><strong>humidum</strong></span> <span class='ocrx_word' id='word_1_314' title='bbox 2506 2214 2866 2271; x_wconf 85' lang='lat' dir='ltr'><strong>adversatur?</strong></span> <span class='ocrx_word' id='word_1_315' title='bbox 2912 2211 3130 2283; x_wconf 89' lang='lat' dir='ltr'><strong>Utique.</strong></span> <span class='ocrx_word' id='word_1_316' title='bbox 3168 2211 3335 2284; x_wconf 85' lang='lat' dir='ltr'><strong>Igitur</strong></span> <span class='ocrx_word' id='word_1_317' title='bbox 3377 2212 3424 2266; x_wconf 89' lang='lat' dir='ltr'><strong>si</strong></span> <span class='ocrx_word' id='word_1_318' title='bbox 3467 2227 3553 2266; x_wconf 87' lang='lat' dir='ltr'><strong>res</strong></span> <span class='ocrx_word' id='word_1_319' title='bbox 3588 2213 3747 2266; x_wconf 79' lang='lat' dir='ltr'><strong>milia</strong></span> 
     </span>
    </p>
   </div>
   <div class='ocr_carea' id='block_1_32' title="bbox 449 2305 3749 2379">
    <p class='ocr_par' dir='ltr' id='par_1_32' title="bbox 449 2305 3749 2379">
     <span class='ocr_line' id='line_1_32' title="bbox 449 2305 3749 2379; baseline -0.002 -13"><span class='ocrx_word' id='word_1_320' title='bbox 449 2324 638 2366; x_wconf 78' lang='lat' dir='ltr'><strong>secum</strong></span> <span class='ocrx_word' id='word_1_321' title='bbox 667 2308 780 2379; x_wconf 86' lang='lat' dir='ltr'><strong>ipsa</strong></span> <span class='ocrx_word' id='word_1_322' title='bbox 808 2317 1034 2379; x_wconf 88' lang='lat' dir='ltr'><strong>pugnat,</strong></span> <span class='ocrx_word' id='word_1_323' title='bbox 1070 2308 1319 2379; x_wconf 91' lang='lat' dir='ltr'><strong>sequitur</strong></span> <span class='ocrx_word' id='word_1_324' title='bbox 1351 2308 1602 2372; x_wconf 88' lang='lat' dir='ltr'><strong>omnino,</strong></span> <span class='ocrx_word' id='word_1_325' title='bbox 1655 2323 1757 2363; x_wconf 92' lang='lat' dir='ltr'><strong>nec</strong></span> <span class='ocrx_word' id='word_1_326' title='bbox 1801 2308 2019 2362; x_wconf 87' lang='lat' dir='ltr'><strong>unicam</strong></span> <span class='ocrx_word' id='word_1_327' title='bbox 2051 2324 2173 2363; x_wconf 90' lang='lat' dir='ltr'><strong>esse</strong></span> <span class='ocrx_word' id='word_1_328' title='bbox 2193 2308 2502 2372; x_wconf 88' lang='lat' dir='ltr'><strong>materiam,</strong></span> <span class='ocrx_word' id='word_1_329' title='bbox 2524 2324 2623 2364; x_wconf 91' lang='lat' dir='ltr'><strong>nec</strong></span> <span class='ocrx_word' id='word_1_330' title='bbox 2656 2309 2821 2364; x_wconf 90' lang='lat' dir='ltr'><strong>unica</strong></span> <span class='ocrx_word' id='word_1_331' title='bbox 2872 2316 3083 2362; x_wconf 89' lang='lat' dir='ltr'><strong>tantum</strong></span> <span class='ocrx_word' id='word_1_332' title='bbox 3123 2320 3187 2361; x_wconf 84' lang='lat' dir='ltr'><strong>ex</strong></span> <span class='ocrx_word' id='word_1_333' title='bbox 3229 2305 3458 2360; x_wconf 88' lang='lat' dir='ltr'><strong>materia</strong></span> <span class='ocrx_word' id='word_1_334' title='bbox 3481 2305 3749 2359; x_wconf 79' lang='lat' dir='ltr'><strong>universa</strong></span> 
     </span>
    </p>
   </div>
   <div class='ocr_carea' id='block_1_33' title="bbox 450 2395 3748 2472">
    <p class='ocr_par' dir='ltr' id='par_1_33' title="bbox 450 2395 3748 2472">
     <span class='ocr_line' id='line_1_33' title="bbox 450 2395 3748 2472; baseline -0.002 -15"><span class='ocrx_word' id='word_1_335' title='bbox 450 2408 722 2458; x_wconf 74' lang='lat' dir='ltr'><strong>ccustare.</strong></span> <span class='ocrx_word' id='word_1_336' title='bbox 774 2400 941 2472; x_wconf 59' lang='lat'><strong>356</strong></span> <span class='ocrx_word' id='word_1_337' title='bbox 972 2400 1075 2455; x_wconf 89' lang='lat' dir='ltr'><strong>Cui</strong></span> <span class='ocrx_word' id='word_1_338' title='bbox 1134 2401 1411 2471; x_wconf 86' lang='lat' dir='ltr'><strong>persimile</strong></span> <span class='ocrx_word' id='word_1_339' title='bbox 1450 2415 1516 2455; x_wconf 90' lang='lat' dir='ltr'><strong>ac</strong></span> <span class='ocrx_word' id='word_1_340' title='bbox 1563 2401 1842 2472; x_wconf 87' lang='lat' dir='ltr'><strong>geminum</strong></span> <span class='ocrx_word' id='word_1_341' title='bbox 1890 2401 2019 2454; x_wconf 90' lang='lat' dir='ltr'><strong>illud</strong></span> <span class='ocrx_word' id='word_1_342' title='bbox 2052 2410 2159 2466; x_wconf 91' lang='lat' dir='ltr'><strong>est,</strong></span> <span class='ocrx_word' id='word_1_343' title='bbox 2210 2401 2357 2471; x_wconf 89' lang='lat' dir='ltr'><strong>quod</strong></span> <span class='ocrx_word' id='word_1_344' title='bbox 2407 2401 2676 2470; x_wconf 89' lang='lat' dir='ltr'><strong>sequitur.</strong></span> <span class='ocrx_word' id='word_1_345' title='bbox 2724 2400 2868 2468; x_wconf 86' lang='lat' dir='ltr'><strong>Quid</strong></span> <span class='ocrx_word' id='word_1_346' title='bbox 2929 2400 3098 2465; x_wconf 89' lang='lat' dir='ltr'><strong>enim,</strong></span> <span class='ocrx_word' id='word_1_347' title='bbox 3152 2412 3335 2451; x_wconf 88' lang='lat' dir='ltr'><strong>annon</strong></span> <span class='ocrx_word' id='word_1_348' title='bbox 3375 2406 3554 2467; x_wconf 88' lang='lat' dir='ltr'><strong>partes</strong></span> <span class='ocrx_word' id='word_1_349' title='bbox 3613 2395 3748 2451; x_wconf 88' lang='lat' dir='ltr'><strong>aliis</strong></span> 
     </span>
    </p>
   </div>
   <div class='ocr_carea' id='block_1_34' title="bbox 448 2487 3747 2564">
    <p class='ocr_par' dir='ltr' id='par_1_34' title="bbox 448 2487 3747 2564">
     <span class='ocr_line' id='line_1_34' title="bbox 448 2487 3747 2564; baseline -0.003 -14"><span class='ocrx_word' id='word_1_350' title='bbox 448 2495 587 2551; x_wconf 86' lang='lat' dir='ltr'><strong>alias</strong></span> <span class='ocrx_word' id='word_1_351' title='bbox 605 2496 831 2551; x_wconf 76' lang='lat' dir='ltr'><strong>exitium</strong></span> <span class='ocrx_word' id='word_1_352' title='bbox 860 2510 925 2550; x_wconf 92' lang='lat' dir='ltr'><strong>ac</strong></span> <span class='ocrx_word' id='word_1_353' title='bbox 972 2503 1179 2564; x_wconf 88' lang='lat' dir='ltr'><strong>pestem</strong></span> <span class='ocrx_word' id='word_1_354' title='bbox 1208 2509 1396 2549; x_wconf 90' lang='lat' dir='ltr'><strong>creare</strong></span> <span class='ocrx_word' id='word_1_355' title='bbox 1420 2494 1736 2549; x_wconf 84' lang='lat' dir='ltr'><strong>conﬁteris?</strong></span> <span class='ocrx_word' id='word_1_356' title='bbox 1779 2492 2066 2563; x_wconf 86' lang='lat' dir='ltr'><strong>Equidem.</strong></span> <span class='ocrx_word' id='word_1_357' title='bbox 2122 2493 2363 2550; x_wconf 67' lang='lat' dir='ltr'><strong>Materiae</strong></span> <span class='ocrx_word' id='word_1_358' title='bbox 2409 2509 2539 2550; x_wconf 88' lang='lat' dir='ltr'><strong>vero</strong></span> <span class='ocrx_word' id='word_1_359' title='bbox 2589 2502 2794 2564; x_wconf 87' lang='lat' dir='ltr'><strong>partes,</strong></span> <span class='ocrx_word' id='word_1_360' title='bbox 2846 2494 3051 2564; x_wconf 88' lang='lat' dir='ltr'><strong>ignem,</strong></span> <span class='ocrx_word' id='word_1_361' title='bbox 3123 2505 3347 2561; x_wconf 88' lang='lat' dir='ltr'><strong>aquam,</strong></span> <span class='ocrx_word' id='word_1_362' title='bbox 3395 2498 3451 2543; x_wconf 92' lang='lat' dir='ltr'><strong>et</strong></span> <span class='ocrx_word' id='word_1_363' title='bbox 3494 2487 3747 2557; x_wconf 88' lang='lat' dir='ltr'><strong>reliquas</strong></span> 
     </span>
    </p>
   </div>
   <div class='ocr_carea' id='block_1_35' title="bbox 448 2581 3746 2657">
    <p class='ocr_par' dir='ltr' id='par_1_35' title="bbox 448 2581 3746 2657">
     <span class='ocr_line' id='line_1_35' title="bbox 448 2581 3746 2657; baseline -0.002 -14"><span class='ocrx_word' id='word_1_364' title='bbox 448 2600 571 2644; x_wconf 71' lang='lat' dir='ltr'><strong>esse</strong></span> <span class='ocrx_word' id='word_1_365' title='bbox 601 2587 896 2643; x_wconf 80' lang='lat' dir='ltr'><strong>concedis?</strong></span> <span class='ocrx_word' id='word_1_366' title='bbox 937 2586 1005 2641; x_wconf 90' lang='lat' dir='ltr'><strong>Et</strong></span> <span class='ocrx_word' id='word_1_367' title='bbox 1034 2587 1285 2642; x_wconf 87' lang='lat' dir='ltr'><strong>libenter.</strong></span> <span class='ocrx_word' id='word_1_368' title='bbox 1316 2587 1493 2657; x_wconf 87' lang='lat' dir='ltr'><strong>Ignem</strong></span> <span class='ocrx_word' id='word_1_369' title='bbox 1520 2601 1686 2656; x_wconf 88' lang='lat' dir='ltr'><strong>porro</strong></span> <span class='ocrx_word' id='word_1_370' title='bbox 1726 2601 1890 2657; x_wconf 91' lang='lat' dir='ltr'><strong>aqua,</strong></span> <span class='ocrx_word' id='word_1_371' title='bbox 1947 2591 2042 2641; x_wconf 86' lang='lat' dir='ltr'><strong>lux</strong></span> <span class='ocrx_word' id='word_1_372' title='bbox 2095 2588 2370 2653; x_wconf 89' lang='lat' dir='ltr'><strong>tenebras,</strong></span> <span class='ocrx_word' id='word_1_373' title='bbox 2427 2595 2594 2657; x_wconf 89' lang='lat' dir='ltr'><strong>atque</strong></span> <span class='ocrx_word' id='word_1_374' title='bbox 2654 2585 2931 2656; x_wconf 88' lang='lat' dir='ltr'><strong>ejusmodi</strong></span> <span class='ocrx_word' id='word_1_375' title='bbox 2958 2594 3179 2644; x_wconf 70' lang='lat' dir='ltr'><strong>castera.</strong></span> <span class='ocrx_word' id='word_1_376' title='bbox 3229 2598 3338 2637; x_wconf 91' lang='lat' dir='ltr'><strong>non</strong></span> <span class='ocrx_word' id='word_1_377' title='bbox 3391 2581 3580 2636; x_wconf 87' lang='lat' dir='ltr'><strong>tollere</strong></span> <span class='ocrx_word' id='word_1_378' title='bbox 3613 2595 3746 2636; x_wconf 86' lang='lat' dir='ltr'><strong>sese</strong></span> 
     </span>
    </p>
   </div>
   <div class='ocr_carea' id='block_1_36' title="bbox 449 2677 3744 2756">
    <p class='ocr_par' dir='ltr' id='par_1_36' title="bbox 449 2677 3744 2756">
     <span class='ocr_line' id='line_1_36' title="bbox 449 2677 3744 2756; baseline -0.002 -21"><span class='ocrx_word' id='word_1_379' title='bbox 449 2689 643 2737; x_wconf 87' lang='lat' dir='ltr'><strong>mutuo</strong></span> <span class='ocrx_word' id='word_1_380' title='bbox 664 2698 730 2737; x_wconf 90' lang='lat' dir='ltr'><strong>ac</strong></span> <span class='ocrx_word' id='word_1_381' title='bbox 756 2684 1026 2752; x_wconf 88' lang='lat' dir='ltr'><strong>perimere</strong></span> <span class='ocrx_word' id='word_1_382' title='bbox 1046 2680 1336 2735; x_wconf 89' lang='lat' dir='ltr'><strong>videntur?</strong></span> <span class='ocrx_word' id='word_1_383' title='bbox 1360 2679 1547 2735; x_wconf 89' lang='lat' dir='ltr'><strong>Plane.</strong></span> <span class='ocrx_word' id='word_1_384' title='bbox 1585 2677 1644 2733; x_wconf 87' lang='lat' dir='ltr'><strong>Si</strong></span> <span class='ocrx_word' id='word_1_385' title='bbox 1674 2695 1806 2750; x_wconf 89' lang='lat' dir='ltr'><strong>ergo</strong></span> <span class='ocrx_word' id='word_1_386' title='bbox 1833 2688 2018 2750; x_wconf 86' lang='lat' dir='ltr'><strong>partes</strong></span> <span class='ocrx_word' id='word_1_387' title='bbox 2075 2680 2239 2735; x_wconf 65' lang='lat' dir='ltr'><strong>nulla:</strong></span> <span class='ocrx_word' id='word_1_388' title='bbox 2290 2688 2545 2734; x_wconf 91' lang='lat' dir='ltr'><strong>mutuum</strong></span> <span class='ocrx_word' id='word_1_389' title='bbox 2604 2679 2710 2735; x_wconf 87' lang='lat' dir='ltr'><strong>sibi</strong></span> <span class='ocrx_word' id='word_1_390' title='bbox 2762 2679 2989 2756; x_wconf 75' lang='lat' dir='ltr'><strong>exitium</strong></span> <span class='ocrx_word' id='word_1_391' title='bbox 3013 2678 3268 2739; x_wconf 81' lang='lat' dir='ltr'><strong>aﬂerunt,</strong></span> <span class='ocrx_word' id='word_1_392' title='bbox 3292 2689 3393 2729; x_wconf 89' lang='lat' dir='ltr'><strong>nec</strong></span> <span class='ocrx_word' id='word_1_393' title='bbox 3417 2683 3744 2729; x_wconf 86' lang='lat' dir='ltr'><strong>mutuarum</strong></span> 
     </span>
    </p>
   </div>
   <div class='ocr_carea' id='block_1_37' title="bbox 446 2770 3744 2845">
    <p class='ocr_par' dir='ltr' id='par_1_37' title="bbox 446 2770 3744 2845">
     <span class='ocr_line' id='line_1_37' title="bbox 446 2770 3744 2845; baseline -0.002 -19"><span class='ocrx_word' id='word_1_394' title='bbox 446 2772 555 2829; x_wconf 85' lang='lat' dir='ltr'><strong>ista</strong></span> <span class='ocrx_word' id='word_1_395' title='bbox 575 2775 812 2845; x_wconf 87' lang='lat' dir='ltr'><strong>partium</strong></span> <span class='ocrx_word' id='word_1_396' title='bbox 844 2775 1111 2830; x_wconf 88' lang='lat' dir='ltr'><strong>rationem</strong></span> <span class='ocrx_word' id='word_1_397' title='bbox 1143 2774 1411 2838; x_wconf 89' lang='lat' dir='ltr'><strong>obtinere,</strong></span> <span class='ocrx_word' id='word_1_398' title='bbox 1443 2787 1543 2827; x_wconf 89' lang='lat' dir='ltr'><strong>nec</strong></span> <span class='ocrx_word' id='word_1_399' title='bbox 1574 2772 1803 2842; x_wconf 88' lang='lat' dir='ltr'><strong>proinde</strong></span> <span class='ocrx_word' id='word_1_400' title='bbox 1854 2773 2019 2828; x_wconf 91' lang='lat' dir='ltr'><strong>unius</strong></span> <span class='ocrx_word' id='word_1_401' title='bbox 2075 2781 2287 2828; x_wconf 81' lang='lat' dir='ltr'><strong>tantum</strong></span> <span class='ocrx_word' id='word_1_402' title='bbox 2311 2773 2577 2836; x_wconf 68' lang='lat' dir='ltr'><strong>materiae,</strong></span> <span class='ocrx_word' id='word_1_403' title='bbox 2635 2782 2732 2826; x_wconf 91' lang='lat' dir='ltr'><strong>aut</strong></span> <span class='ocrx_word' id='word_1_404' title='bbox 2763 2787 2892 2826; x_wconf 88' lang='lat' dir='ltr'><strong>vero</strong></span> <span class='ocrx_word' id='word_1_405' title='bbox 2921 2770 3147 2825; x_wconf 89' lang='lat' dir='ltr'><strong>materia</strong></span> <span class='ocrx_word' id='word_1_406' title='bbox 3180 2783 3406 2838; x_wconf 86' lang='lat' dir='ltr'><strong>prorsus</strong></span> <span class='ocrx_word' id='word_1_407' title='bbox 3466 2781 3590 2821; x_wconf 88' lang='lat' dir='ltr'><strong>esse</strong></span> <span class='ocrx_word' id='word_1_408' title='bbox 3638 2781 3744 2836; x_wconf 71' lang='lat' dir='ltr'><strong>po—</strong></span> 
     </span>
    </p>
   </div>
   <div class='ocr_carea' id='block_1_38' title="bbox 446 2856 3739 2934">
    <p class='ocr_par' dir='ltr' id='par_1_38' title="bbox 446 2856 3739 2934">
     <span class='ocr_line' id='line_1_38' title="bbox 446 2856 3739 2934; baseline -0.002 -15"><span class='ocrx_word' id='word_1_409' title='bbox 446 2871 651 2933; x_wconf 82' lang='lat' dir='ltr'><strong>terunt,</strong></span> <span class='ocrx_word' id='word_1_410' title='bbox 697 2881 823 2922; x_wconf 91' lang='lat' dir='ltr'><strong>eum</strong></span> <span class='ocrx_word' id='word_1_411' title='bbox 876 2881 964 2920; x_wconf 90' lang='lat' dir='ltr'><strong>res</strong></span> <span class='ocrx_word' id='word_1_412' title='bbox 1017 2865 1166 2920; x_wconf 90' lang='lat' dir='ltr'><strong>nulla</strong></span> <span class='ocrx_word' id='word_1_413' title='bbox 1214 2865 1496 2919; x_wconf 89' lang='lat' dir='ltr'><strong>interitum</strong></span> <span class='ocrx_word' id='word_1_414' title='bbox 1548 2863 1651 2919; x_wconf 91' lang='lat' dir='ltr'><strong>sibi</strong></span> <span class='ocrx_word' id='word_1_415' title='bbox 1726 2873 2045 2934; x_wconf 90' lang='lat' dir='ltr'><strong>pestemque</strong></span> <span class='ocrx_word' id='word_1_416' title='bbox 2101 2872 2269 2932; x_wconf 89' lang='lat' dir='ltr'><strong>creet,</strong></span> <span class='ocrx_word' id='word_1_417' title='bbox 2322 2863 2401 2919; x_wconf 88' lang='lat' dir='ltr'><strong>uti</strong></span> <span class='ocrx_word' id='word_1_418' title='bbox 2458 2864 2757 2918; x_wconf 87' lang='lat' dir='ltr'><strong>contrariis</strong></span> <span class='ocrx_word' id='word_1_419' title='bbox 2822 2863 3099 2918; x_wconf 88' lang='lat' dir='ltr'><strong>contraria</strong></span> <span class='ocrx_word' id='word_1_420' title='bbox 3177 2860 3378 2915; x_wconf 87' lang='lat' dir='ltr'><strong>solent.</strong></span> <span class='ocrx_word' id='word_1_421' title='bbox 3424 2856 3537 2914; x_wconf 85' lang='lat' dir='ltr'><strong>Nec</strong></span> <span class='ocrx_word' id='word_1_422' title='bbox 3586 2859 3739 2914; x_wconf 83' lang='lat' dir='ltr'><strong>enim</strong></span> 
     </span>
    </p>
   </div>
   <div class='ocr_carea' id='block_1_39' title="bbox 448 2951 3744 3027">
    <p class='ocr_par' dir='ltr' id='par_1_39' title="bbox 448 2951 3744 3027">
     <span class='ocr_line' id='line_1_39' title="bbox 448 2951 3744 3027; baseline -0.001 -15"><span class='ocrx_word' id='word_1_423' title='bbox 448 2959 593 3013; x_wconf 86' lang='lat' dir='ltr'><strong>idem</strong></span> <span class='ocrx_word' id='word_1_424' title='bbox 618 2956 957 3014; x_wconf 87' lang='lat' dir='ltr'><strong>contrarium</strong></span> <span class='ocrx_word' id='word_1_425' title='bbox 988 2968 1073 3012; x_wconf 88' lang='lat' dir='ltr'><strong>est</strong></span> <span class='ocrx_word' id='word_1_426' title='bbox 1124 2957 1228 3027; x_wconf 90' lang='lat' dir='ltr'><strong>ipsi</strong></span> <span class='ocrx_word' id='word_1_427' title='bbox 1288 2957 1414 3022; x_wconf 90' lang='lat' dir='ltr'><strong>sibi,</strong></span> <span class='ocrx_word' id='word_1_428' title='bbox 1460 2956 1739 3014; x_wconf 78' lang='lat' dir='ltr'><strong>contraria</strong></span> <span class='ocrx_word' id='word_1_429' title='bbox 1812 2957 2082 3027; x_wconf 86' lang='lat' dir='ltr'><strong>siquidem</strong></span> <span class='ocrx_word' id='word_1_430' title='bbox 2131 2956 2256 3011; x_wconf 86' lang='lat' dir='ltr'><strong>aliis</strong></span> <span class='ocrx_word' id='word_1_431' title='bbox 2312 2956 2580 3011; x_wconf 81' lang='lat' dir='ltr'><strong>duntaxat</strong></span> <span class='ocrx_word' id='word_1_432' title='bbox 2610 2956 2886 3011; x_wconf 87' lang='lat' dir='ltr'><strong>contraria</strong></span> <span class='ocrx_word' id='word_1_433' title='bbox 2930 2964 3076 3019; x_wconf 91' lang='lat' dir='ltr'><strong>sunt,</strong></span> <span class='ocrx_word' id='word_1_434' title='bbox 3120 2951 3587 3024; x_wconf 87' lang='lat' dir='ltr'><strong>quemadmodum</strong></span> <span class='ocrx_word' id='word_1_435' title='bbox 3636 2966 3744 3008; x_wconf 85' lang='lat' dir='ltr'><strong>nec</strong></span> 
     </span>
    </p>
   </div>
   <div class='ocr_carea' id='block_1_40' title="bbox 449 3045 3742 3120">
    <p class='ocr_par' dir='ltr' id='par_1_40' title="bbox 449 3045 3742 3120">
     <span class='ocr_line' id='line_1_40' title="bbox 449 3045 3742 3120; baseline -0.001 -15"><span class='ocrx_word' id='word_1_436' title='bbox 449 3051 635 3105; x_wconf 89' lang='lat' dir='ltr'><strong>album</strong></span> <span class='ocrx_word' id='word_1_437' title='bbox 669 3051 814 3116; x_wconf 87' lang='lat' dir='ltr'><strong>albo,</strong></span> <span class='ocrx_word' id='word_1_438' title='bbox 852 3051 945 3107; x_wconf 90' lang='lat' dir='ltr'><strong>sed</strong></span> <span class='ocrx_word' id='word_1_439' title='bbox 984 3050 1141 3120; x_wconf 89' lang='lat' dir='ltr'><strong>nigro</strong></span> <span class='ocrx_word' id='word_1_440' title='bbox 1192 3058 1442 3118; x_wconf 81' lang='lat' dir='ltr'><strong>tantum;</strong></span> <span class='ocrx_word' id='word_1_441' title='bbox 1485 3065 1588 3105; x_wconf 87' lang='lat' dir='ltr'><strong>nec</strong></span> <span class='ocrx_word' id='word_1_442' title='bbox 1645 3049 1776 3117; x_wconf 90' lang='lat' dir='ltr'><strong>luci,</strong></span> <span class='ocrx_word' id='word_1_443' title='bbox 1836 3051 1931 3106; x_wconf 88' lang='lat' dir='ltr'><strong>sed</strong></span> <span class='ocrx_word' id='word_1_444' title='bbox 1983 3050 2223 3105; x_wconf 90' lang='lat' dir='ltr'><strong>tenebris</strong></span> <span class='ocrx_word' id='word_1_445' title='bbox 2274 3049 2552 3106; x_wconf 89' lang='lat' dir='ltr'><strong>contraria</strong></span> <span class='ocrx_word' id='word_1_446' title='bbox 2616 3049 2707 3104; x_wconf 80' lang='lat' dir='ltr'><strong>lux</strong></span> <span class='ocrx_word' id='word_1_447' title='bbox 2750 3059 2855 3115; x_wconf 88' lang='lat' dir='ltr'><strong>est,</strong></span> <span class='ocrx_word' id='word_1_448' title='bbox 2899 3048 3257 3117; x_wconf 85' lang='lat' dir='ltr'><strong>similiterque</strong></span> <span class='ocrx_word' id='word_1_449' title='bbox 3284 3047 3354 3101; x_wconf 91' lang='lat' dir='ltr'><strong>de</strong></span> <span class='ocrx_word' id='word_1_450' title='bbox 3381 3046 3505 3101; x_wconf 88' lang='lat' dir='ltr'><strong>aliis</strong></span> <span class='ocrx_word' id='word_1_451' title='bbox 3540 3045 3742 3116; x_wconf 86' lang='lat' dir='ltr'><strong>pleris-</strong></span> 
     </span>
    </p>
   </div>
   <div class='ocr_carea' id='block_1_41' title="bbox 447 3139 3741 3214">
    <p class='ocr_par' dir='ltr' id='par_1_41' title="bbox 447 3139 3741 3214">
     <span class='ocr_line' id='line_1_41' title="bbox 447 3139 3741 3214; baseline 0 -21"><span class='ocrx_word' id='word_1_452' title='bbox 447 3157 557 3214; x_wconf 87' lang='lat' dir='ltr'><strong>que</strong></span> <span class='ocrx_word' id='word_1_453' title='bbox 583 3143 957 3213; x_wconf 85' lang='lat' dir='ltr'><strong>philosophari</strong></span> <span class='ocrx_word' id='word_1_454' title='bbox 1001 3153 1175 3212; x_wconf 88' lang='lat' dir='ltr'><strong>potes.</strong></span> <span class='ocrx_word' id='word_1_455' title='bbox 1223 3141 1426 3208; x_wconf 87' lang='lat' dir='ltr'><strong>Quare,</strong></span> <span class='ocrx_word' id='word_1_456' title='bbox 1462 3143 1507 3198; x_wconf 88' lang='lat' dir='ltr'><strong>si</strong></span> <span class='ocrx_word' id='word_1_457' title='bbox 1541 3142 1769 3196; x_wconf 91' lang='lat' dir='ltr'><strong>materia</strong></span> <span class='ocrx_word' id='word_1_458' title='bbox 1798 3157 2017 3211; x_wconf 90' lang='lat' dir='ltr'><strong>quoque</strong></span> <span class='ocrx_word' id='word_1_459' title='bbox 2072 3158 2179 3196; x_wconf 91' lang='lat' dir='ltr'><strong>una</strong></span> <span class='ocrx_word' id='word_1_460' title='bbox 2197 3141 2449 3213; x_wconf 71' lang='lat' dir='ltr'><strong>quaedam</strong></span> <span class='ocrx_word' id='word_1_461' title='bbox 2480 3154 2534 3196; x_wconf 91' lang='lat' dir='ltr'><strong>et</strong></span> <span class='ocrx_word' id='word_1_462' title='bbox 2559 3142 2792 3210; x_wconf 89' lang='lat' dir='ltr'><strong>simplex</strong></span> <span class='ocrx_word' id='word_1_463' title='bbox 2856 3150 3026 3206; x_wconf 90' lang='lat' dir='ltr'><strong>esset,</strong></span> <span class='ocrx_word' id='word_1_464' title='bbox 3073 3154 3359 3210; x_wconf 87' lang='lat' dir='ltr'><strong>nunquam</strong></span> <span class='ocrx_word' id='word_1_465' title='bbox 3408 3153 3596 3194; x_wconf 84' lang='lat' dir='ltr'><strong>secum</strong></span> <span class='ocrx_word' id='word_1_466' title='bbox 3620 3139 3741 3208; x_wconf 75' lang='lat' dir='ltr'><strong>ipsa</strong></span> 
     </span>
    </p>
   </div>
   <div class='ocr_carea' id='block_1_42' title="bbox 447 3232 3742 3305">
    <p class='ocr_par' dir='ltr' id='par_1_42' title="bbox 447 3232 3742 3305">
     <span class='ocr_line' id='line_1_42' title="bbox 447 3232 3742 3305; baseline -0.001 -18"><span class='ocrx_word' id='word_1_467' title='bbox 447 3242 737 3305; x_wconf 83' lang='lat' dir='ltr'><strong>pugnaret.</strong></span> <span class='ocrx_word' id='word_1_468' title='bbox 761 3233 843 3288; x_wconf 84' lang='lat' dir='ltr'><strong>Ex</strong></span> <span class='ocrx_word' id='word_1_469' title='bbox 893 3249 999 3304; x_wconf 90' lang='lat' dir='ltr'><strong>qua</strong></span> <span class='ocrx_word' id='word_1_470' title='bbox 1056 3235 1272 3288; x_wconf 87' lang='lat' dir='ltr'><strong>tandem</strong></span> <span class='ocrx_word' id='word_1_471' title='bbox 1309 3235 1530 3303; x_wconf 84' lang='lat' dir='ltr'><strong>prepria</strong></span> <span class='ocrx_word' id='word_1_472' title='bbox 1559 3233 1967 3289; x_wconf 90' lang='lat' dir='ltr'><strong>contrariorum</strong></span> <span class='ocrx_word' id='word_1_473' title='bbox 1992 3234 2206 3290; x_wconf 89' lang='lat' dir='ltr'><strong>ratione</strong></span> <span class='ocrx_word' id='word_1_474' title='bbox 2232 3234 2604 3301; x_wconf 86' lang='lat' dir='ltr'><strong>concluditur,</strong></span> <span class='ocrx_word' id='word_1_475' title='bbox 2663 3234 2845 3289; x_wconf 89' lang='lat' dir='ltr'><strong>locum</strong></span> <span class='ocrx_word' id='word_1_476' title='bbox 2885 3234 3111 3289; x_wconf 89' lang='lat' dir='ltr'><strong>omnino</strong></span> <span class='ocrx_word' id='word_1_477' title='bbox 3159 3234 3250 3289; x_wconf 89' lang='lat' dir='ltr'><strong>isti</strong></span> <span class='ocrx_word' id='word_1_478' title='bbox 3308 3232 3556 3287; x_wconf 69' lang='lat' dir='ltr'><strong>materia:</strong></span> <span class='ocrx_word' id='word_1_479' title='bbox 3613 3234 3742 3285; x_wconf 86' lang='lat' dir='ltr'><strong>nul-</strong></span> 
     </span>
    </p>
   </div>
   <div class='ocr_carea' id='block_1_43' title="bbox 448 3323 3744 3396">
    <p class='ocr_par' dir='ltr' id='par_1_43' title="bbox 448 3323 3744 3396">
     <span class='ocr_line' id='line_1_43' title="bbox 448 3323 3744 3396; baseline -0.001 -16"><span class='ocrx_word' id='word_1_480' title='bbox 448 3325 563 3381; x_wconf 90' lang='lat' dir='ltr'><strong>lum</strong></span> <span class='ocrx_word' id='word_1_481' title='bbox 594 3340 899 3396; x_wconf 89' lang='lat' dir='ltr'><strong>superesse.</strong></span> <span class='ocrx_word' id='word_1_482' title='bbox 944 3344 964 3377; x_wconf 73' lang='grc' dir='ltr'><strong>ι</strong></span> <span class='ocrx_word' id='word_1_483' title='bbox 1013 3324 1081 3378; x_wconf 86' lang='grc' dir='ltr'>Ει</span> <span class='ocrx_word' id='word_1_484' title='bbox 1130 3323 1399 3380; x_wconf 80' lang='lat' dir='ltr'><strong>Maximus</strong></span> <span class='ocrx_word' id='word_1_485' title='bbox 1444 3325 1663 3396; x_wconf 90' lang='lat' dir='ltr'><strong>quidem</strong></span> <span class='ocrx_word' id='word_1_486' title='bbox 1720 3326 2009 3380; x_wconf 89' lang='lat' dir='ltr'><strong>hactenus.</strong></span> <span class='ocrx_word' id='word_1_487' title='bbox 2061 3323 2173 3380; x_wconf 87' lang='lat' dir='ltr'><strong>Nos</strong></span> <span class='ocrx_word' id='word_1_488' title='bbox 2220 3341 2351 3381; x_wconf 91' lang='lat' dir='ltr'><strong>vero</strong></span> <span class='ocrx_word' id='word_1_489' title='bbox 2401 3341 2528 3381; x_wconf 91' lang='lat' dir='ltr'><strong>cum</strong></span> <span class='ocrx_word' id='word_1_490' title='bbox 2594 3341 2693 3381; x_wconf 91' lang='lat' dir='ltr'><strong>sua</strong></span> <span class='ocrx_word' id='word_1_491' title='bbox 2755 3324 2884 3381; x_wconf 90' lang='lat' dir='ltr'><strong>huic</strong></span> <span class='ocrx_word' id='word_1_492' title='bbox 2922 3326 3184 3381; x_wconf 89' lang='lat' dir='ltr'><strong>volumini</strong></span> <span class='ocrx_word' id='word_1_493' title='bbox 3234 3325 3493 3395; x_wconf 74' lang='lat' dir='ltr'><strong>justeque</strong></span> <span class='ocrx_word' id='word_1_494' title='bbox 3530 3323 3744 3393; x_wconf 81' lang='lat' dir='ltr'><strong>magni-</strong></span> 
     </span>
    </p>
   </div>
   <div class='ocr_carea' id='block_1_44' title="bbox 452 3417 3739 3490">
    <p class='ocr_par' dir='ltr' id='par_1_44' title="bbox 452 3417 3739 3490">
     <span class='ocr_line' id='line_1_44' title="bbox 452 3417 3739 3490; baseline -0.001 -17"><span class='ocrx_word' id='word_1_495' title='bbox 452 3420 585 3475; x_wconf 88' lang='lat' dir='ltr'><strong>tudo</strong></span> <span class='ocrx_word' id='word_1_496' title='bbox 616 3420 707 3485; x_wconf 89' lang='lat' dir='ltr'><strong>sit,</strong></span> <span class='ocrx_word' id='word_1_497' title='bbox 736 3434 859 3490; x_wconf 66' lang='lat' dir='ltr'><strong>quae</strong></span> <span class='ocrx_word' id='word_1_498' title='bbox 891 3419 1146 3488; x_wconf 87' lang='lat' dir='ltr'><strong>deinceps</strong></span> <span class='ocrx_word' id='word_1_499' title='bbox 1177 3418 1369 3473; x_wconf 74' lang='lat' dir='ltr'><strong>all‘ecta</strong></span> <span class='ocrx_word' id='word_1_500' title='bbox 1394 3418 1692 3488; x_wconf 86' lang='lat' dir='ltr'><strong>disputatio</strong></span> <span class='ocrx_word' id='word_1_501' title='bbox 1718 3419 2013 3484; x_wconf 89' lang='lat' dir='ltr'><strong>desiderat,</strong></span> <span class='ocrx_word' id='word_1_502' title='bbox 2067 3428 2285 3487; x_wconf 83' lang='lat' dir='ltr'><strong>octavo,</strong></span> <span class='ocrx_word' id='word_1_503' title='bbox 2345 3420 2442 3489; x_wconf 91' lang='lat' dir='ltr'><strong>qui</strong></span> <span class='ocrx_word' id='word_1_504' title='bbox 2505 3420 2777 3490; x_wconf 90' lang='lat' dir='ltr'><strong>sequitur,</strong></span> <span class='ocrx_word' id='word_1_505' title='bbox 2834 3419 3257 3488; x_wconf 74' lang='lat' dir='ltr'><strong>Prwparationis</strong></span> <span class='ocrx_word' id='word_1_506' title='bbox 3293 3417 3632 3489; x_wconf 60' lang='lat' dir='ltr'><strong>Evangelii-1‘</strong></span> <span class='ocrx_word' id='word_1_507' title='bbox 3671 3418 3739 3471; x_wconf 63' lang='lat' dir='ltr'><strong>lio</strong></span> 
     </span>
    </p>
   </div>
   <div class='ocr_carea' id='block_1_45' title="bbox 448 3509 1882 3580">
    <p class='ocr_par' dir='ltr' id='par_1_45' title="bbox 448 3509 1882 3580">
     <span class='ocr_line' id='line_1_45' title="bbox 448 3509 1882 3580; baseline -0.001 -12"><span class='ocrx_word' id='word_1_508' title='bbox 448 3511 572 3578; x_wconf 75' lang='lat' dir='ltr'><strong>bro,</strong></span> <span class='ocrx_word' id='word_1_509' title='bbox 599 3510 814 3573; x_wconf 74' lang='lat' dir='ltr'><strong>favente</strong></span> <span class='ocrx_word' id='word_1_510' title='bbox 843 3511 1027 3566; x_wconf 89' lang='lat' dir='ltr'><strong>divino</strong></span> <span class='ocrx_word' id='word_1_511' title='bbox 1057 3509 1314 3576; x_wconf 88' lang='lat' dir='ltr'><strong>Numine,</strong></span> <span class='ocrx_word' id='word_1_512' title='bbox 1348 3512 1882 3580; x_wconf 72' lang='lat' dir='ltr'><strong>repraesentabimus.</strong></span> 
     </span>
    </p>
   </div>
   <div class='ocr_carea' id='block_1_46' title="bbox 806 3797 3374 3925">
    <p class='ocr_par' dir='ltr' id='par_1_46' title="bbox 806 3797 3374 3925">
     <span class='ocr_line' id='line_1_46' title="bbox 806 3797 3374 3925; baseline -0.001 -4"><span class='ocrx_word' id='word_1_513' title='bbox 806 3802 2155 3925; x_wconf 87' lang='grc' dir='ltr'><strong>ΠΡΟΠΑΡΑΣΚΕΥΗΣ</strong></span> <span class='ocrx_word' id='word_1_514' title='bbox 2301 3797 3374 3918; x_wconf 81' lang='grc' dir='ltr'><strong>ΕΥΑΓΓΕΑΙΚΗΣ</strong></span> 
     </span>
    </p>
   </div>
   <div class='ocr_carea' id='block_1_47' title="bbox 1606 4004 2569 4094">
    <p class='ocr_par' dir='ltr' id='par_1_47' title="bbox 1606 4004 2569 4094">
     <span class='ocr_line' id='line_1_47' title="bbox 1606 4004 2569 4094; baseline -0.005 -1"><span class='ocrx_word' id='word_1_515' title='bbox 1606 4007 2044 4094; x_wconf 88' lang='grc' dir='ltr'><strong>ΒΙΒΛΙΟΝ</strong></span> <span class='ocrx_word' id='word_1_516' title='bbox 2086 4004 2569 4093; x_wconf 89' lang='grc' dir='ltr'><strong>ΟΓΔΟΟΝ.</strong></span> 
     </span>
    </p>
   </div>
   <div class='ocr_carea' id='block_1_48' title="bbox 579 4357 2102 4457">
    <p class='ocr_par' dir='ltr' id='par_1_48' title="bbox 579 4357 2100 4457">
     <span class='ocr_line' id='line_1_48' title="bbox 579 4357 2100 4457; baseline 0.001 -8"><span class='ocrx_word' id='word_1_517' title='bbox 579 4357 1602 4453; x_wconf 70' lang='grc' dir='ltr'><strong>ΡΒιίΕΡΑΡιΑΤΙΟΝΙΞ</strong></span> <span class='ocrx_word' id='word_1_518' title='bbox 1707 4361 2100 4457; x_wconf 83' lang='lat' dir='ltr'><strong>EVANG</strong></span> 
     </span>
    </p>
   </div>
   <div class='ocr_carea' id='block_1_49' title="bbox 2075 4357 3598 4457">
    <p class='ocr_par' dir='ltr' id='par_1_49' title="bbox 2075 4357 3598 4456">
     <span class='ocr_line' id='line_1_49' title="bbox 2075 4357 3598 4456; baseline 0 -7"><span class='ocrx_word' id='word_1_519' title='bbox 2075 4361 2505 4452; x_wconf 65' lang='lat' dir='ltr'><strong>:ELICIE</strong></span> <span class='ocrx_word' id='word_1_520' title='bbox 2584 4361 2942 4452; x_wconf 78' lang='lat' dir='ltr'><strong>LIBER</strong></span> <span class='ocrx_word' id='word_1_521' title='bbox 3013 4357 3598 4456; x_wconf 76' lang='lat' dir='ltr'><strong>OCTAVUS.</strong></span> 
     </span>
    </p>
   </div>
   <div class='ocr_carea' id='block_1_50' title="bbox 707 4697 2230 4774">
    <p class='ocr_par' dir='ltr' id='par_1_50' title="bbox 707 4697 2230 4774">
     <span class='ocr_line' id='line_1_50' title="bbox 707 4697 2230 4774; baseline -0.014 -10"><span class='ocrx_word' id='word_1_522' title='bbox 707 4701 870 4774; x_wconf 62' lang='lat'><strong>347</strong></span> <span class='ocrx_word' id='word_1_523' title='bbox 920 4698 1103 4756; x_wconf 63' lang='lat' dir='ltr'><strong>ocra</strong></span> <span class='ocrx_word' id='word_1_524' title='bbox 1122 4697 1200 4755; x_wconf 86' lang='grc' dir='ltr'>γι</span> <span class='ocrx_word' id='word_1_525' title='bbox 1243 4698 1454 4754; x_wconf 86' lang='lat' dir='ltr'><strong>LIBRI</strong></span> <span class='ocrx_word' id='word_1_526' title='bbox 1489 4698 1786 4758; x_wconf 63' lang='lat' dir='ltr'><strong>eam“.</strong></span> <span class='ocrx_word' id='word_1_527' title='bbox 2066 4720 2108 4774; x_wconf 71' lang='grc' dir='ltr'><strong>Β</strong></span> <span class='ocrx_word' id='word_1_528' title='bbox 2226 4710 2230 4755; x_wconf 61' lang='grc' dir='ltr'>ε</span> 
     </span>
    </p>
   </div>
   <div class='ocr_carea' id='block_1_51' title="bbox 2130 4697 3653 4774">
    <p class='ocr_par' dir='ltr' id='par_1_51' title="bbox 2226 4706 3653 4763">
     <span class='ocr_line' id='line_1_51' title="bbox 2226 4706 3653 4763; baseline 0.001 -5"><span class='ocrx_word' id='word_1_529' title='bbox 2226 4707 2410 4759; x_wconf 78' lang='grc' dir='ltr'><strong>ΤΛΔΕ</strong></span> <span class='ocrx_word' id='word_1_530' title='bbox 2450 4706 2811 4763; x_wconf 80' lang='grc' dir='ltr'><strong>ΠΕΡΙΕΧΕΙ</strong></span> <span class='ocrx_word' id='word_1_531' title='bbox 2858 4707 2944 4760; x_wconf 85' lang='lat' dir='ltr'><strong>T0</strong></span> <span class='ocrx_word' id='word_1_532' title='bbox 2981 4706 3276 4759; x_wconf 84' lang='grc' dir='ltr'><em>ΟΓΔΟΟΝ</em></span> <span class='ocrx_word' id='word_1_533' title='bbox 3315 4707 3653 4761; x_wconf 84' lang='grc' dir='ltr'><strong>ΒΙΒΛΙΟΝ.</strong></span> 
     </span>
    </p>
   </div>
   <div class='ocr_carea' id='block_1_52' title="bbox 457 4811 1980 4886">
    <p class='ocr_par' dir='ltr' id='par_1_52' title="bbox 457 4811 1977 4885">
     <span class='ocr_line' id='line_1_52' title="bbox 457 4811 1977 4885; baseline -0.002 -12"><span class='ocrx_word' id='word_1_534' title='bbox 457 4811 510 4873; x_wconf 66' lang='grc'><strong>1.</strong></span> <span class='ocrx_word' id='word_1_535' title='bbox 551 4814 900 4883; x_wconf 69' lang='lat' dir='ltr'><strong>Praemium,</strong></span> <span class='ocrx_word' id='word_1_536' title='bbox 947 4831 1012 4868; x_wconf 87' lang='lat' dir='ltr'><strong>ac</strong></span> <span class='ocrx_word' id='word_1_537' title='bbox 1058 4818 1123 4869; x_wconf 85' lang='lat' dir='ltr'><strong>de</strong></span> <span class='ocrx_word' id='word_1_538' title='bbox 1154 4814 1259 4885; x_wconf 80' lang='lat' dir='ltr'><strong>piis</strong></span> <span class='ocrx_word' id='word_1_539' title='bbox 1289 4813 1540 4871; x_wconf 64' lang='lat' dir='ltr'><strong>Mosaicae</strong></span> <span class='ocrx_word' id='word_1_540' title='bbox 1600 4815 1902 4882; x_wconf 59' lang='lat' dir='ltr'><strong>reipublicae</strong></span> <span class='ocrx_word' id='word_1_541' title='bbox 1958 4833 1977 4870; x_wconf 80' lang='grc' dir='ltr'><strong>ι</strong></span> 
     </span>
    </p>
   </div>
   <div class='ocr_carea' id='block_1_53' title="bbox 2215 4811 3738 4886">
    <p class='ocr_par' dir='ltr' id='par_1_53' title="bbox 2250 4817 3738 4886">
     <span class='ocr_line' id='line_1_53' title="bbox 2250 4817 3738 4886; baseline 0.002 -15"><span class='ocrx_word' id='word_1_542' title='bbox 2250 4818 2596 4886; x_wconf 80' lang='grc' dir='ltr'>Προοίμιον,</span> <span class='ocrx_word' id='word_1_543' title='bbox 2620 4817 2716 4871; x_wconf 80' lang='grc' dir='ltr'><strong>καὶ</strong></span> <span class='ocrx_word' id='word_1_544' title='bbox 2742 4818 2875 4885; x_wconf 77' lang='grc' dir='ltr'>περὶ</span> <span class='ocrx_word' id='word_1_545' title='bbox 2910 4818 3016 4872; x_wconf 85' lang='grc' dir='ltr'>τοῦ</span> <span class='ocrx_word' id='word_1_546' title='bbox 3048 4818 3202 4873; x_wconf 80' lang='grc' dir='ltr'>κατὰ</span> <span class='ocrx_word' id='word_1_547' title='bbox 3240 4817 3502 4872; x_wconf 78' lang='grc' dir='ltr'>Μωῦσέα</span> <span class='ocrx_word' id='word_1_548' title='bbox 3529 4824 3738 4875; x_wconf 66' lang='grc' dir='ltr'>θεοσεο</span> 
     </span>
    </p>
   </div>
   <div class='ocr_carea' id='block_1_54' title="bbox 527 4887 2050 4956">
    <p class='ocr_par' dir='ltr' id='par_1_54' title="bbox 527 4887 1541 4956">
     <span class='ocr_line' id='line_1_54' title="bbox 527 4887 1541 4956; baseline -0.002 -15"><span class='ocrx_word' id='word_1_549' title='bbox 527 4887 755 4956; x_wconf 75' lang='lat' dir='ltr'><strong>uitatis.</strong></span> <span class='ocrx_word' id='word_1_550' title='bbox 1130 4954 1145 4956; x_wconf 96' lang='lat'>_</span> <span class='ocrx_word' id='word_1_551' title='bbox 1530 4954 1541 4956; x_wconf 23' lang='lat' dir='ltr'><strong>A</strong></span> 
     </span>
    </p>
   </div>
   <div class='ocr_carea' id='block_1_55' title="bbox 1307 4887 2830 4956">
    <p class='ocr_par' dir='ltr' id='par_1_55' title="bbox 1530 4888 2830 4956">
     <span class='ocr_line' id='line_1_55' title="bbox 1530 4888 2830 4956; baseline 0.002 -14"><span class='ocrx_word' id='word_1_552' title='bbox 1530 4954 1541 4956; x_wconf 23' lang='lat' dir='ltr'><strong>A</strong></span> <span class='ocrx_word' id='word_1_553' title='bbox 2210 4889 2355 4954; x_wconf 81' lang='grc' dir='ltr'><strong>ϐοῦς</strong></span> <span class='ocrx_word' id='word_1_554' title='bbox 2380 4888 2830 4956; x_wconf 78' lang='grc' dir='ltr'>πολιτεύματος.</span> 
     </span>
    </p>
   </div>
   <div class='ocr_carea' id='block_1_56' title="bbox 452 4954 1975 5030">
    <p class='ocr_par' dir='ltr' id='par_1_56' title="bbox 452 4954 1975 5030">
     <span class='ocr_line' id='line_1_56' title="bbox 452 4954 1975 5030; baseline -0.001 -18"><span class='ocrx_word' id='word_1_555' title='bbox 452 4955 510 5012; x_wconf 73' lang='lat'><strong>2.</strong></span> <span class='ocrx_word' id='word_1_556' title='bbox 551 4955 636 5010; x_wconf 80' lang='lat' dir='ltr'><strong>Ea:</strong></span> <span class='ocrx_word' id='word_1_557' title='bbox 700 4955 954 5030; x_wconf 67' lang='lat' dir='ltr'><strong>Aristaeo,</strong></span> <span class='ocrx_word' id='word_1_558' title='bbox 1001 4957 1068 5011; x_wconf 84' lang='lat' dir='ltr'><strong>de</strong></span> <span class='ocrx_word' id='word_1_559' title='bbox 1114 4954 1469 5010; x_wconf 76' lang='lat' dir='ltr'><strong>Iudaicarum</strong></span> <span class='ocrx_word' id='word_1_560' title='bbox 1513 4954 1917 5027; x_wconf 86' lang='lat' dir='ltr'><strong>Scripturarum</strong></span> <span class='ocrx_word' id='word_1_561' title='bbox 1949 4959 1975 5012; x_wconf 66' lang='grc' dir='ltr'><strong>ἱλ</strong></span> 
     </span>
    </p>
   </div>
   <div class='ocr_carea' id='block_1_57' title="bbox 2215 4954 3738 5030">
    <p class='ocr_par' dir='ltr' id='par_1_57' title="bbox 2228 4954 3738 5030">
     <span class='ocr_line' id='line_1_57' title="bbox 2228 4954 3738 5030; baseline 0.001 -18"><span class='ocrx_word' id='word_1_562' title='bbox 2228 5029 2233 5030; x_wconf 18' lang='grc' dir='ltr'><em>ν</em></span> <span class='ocrx_word' id='word_1_563' title='bbox 2255 4960 2604 5026; x_wconf 80' lang='grc' dir='ltr'>Ἀρισταίου,</span> <span class='ocrx_word' id='word_1_564' title='bbox 2617 4954 2769 5030; x_wconf 34' lang='grc' dir='ltr'>ςπερὶ</span> <span class='ocrx_word' id='word_1_565' title='bbox 2796 4956 2905 5028; x_wconf 81' lang='grc' dir='ltr'><strong>τῆς</strong></span> <span class='ocrx_word' id='word_1_566' title='bbox 2924 4957 3241 5029; x_wconf 78' lang='grc' dir='ltr'><strong>ἑρμηνείας</strong></span> <span class='ocrx_word' id='word_1_567' title='bbox 3256 4956 3377 5012; x_wconf 85' lang='grc' dir='ltr'><strong>τῶν</strong></span> <span class='ocrx_word' id='word_1_568' title='bbox 3396 4959 3564 5027; x_wconf 79' lang='grc' dir='ltr'>παρὰ</span> <span class='ocrx_word' id='word_1_569' title='bbox 3605 4959 3738 5014; x_wconf 69' lang='grc' dir='ltr'>ἰω</span> 
     </span>
    </p>
   </div>
   <div class='ocr_carea' id='block_1_58' title="bbox 528 5028 2051 5097">
    <p class='ocr_par' dir='ltr' id='par_1_58' title="bbox 528 5028 1907 5097">
     <span class='ocr_line' id='line_1_58' title="bbox 528 5028 1907 5097; baseline -0.001 -14"><span class='ocrx_word' id='word_1_570' title='bbox 528 5028 926 5097; x_wconf 69' lang='lat' dir='ltr'><strong>terpretatione.</strong></span> <span class='ocrx_word' id='word_1_571' title='bbox 1044 5096 1071 5097; x_wconf 27' lang='grc' dir='ltr'><em>η</em></span> <span class='ocrx_word' id='word_1_572' title='bbox 1108 5094 1166 5097; x_wconf 11' lang='grc' dir='ltr'>Δ,</span> <span class='ocrx_word' id='word_1_573' title='bbox 1229 5094 1237 5097; x_wconf 23' lang='grc' dir='ltr'><strong>Α</strong></span> <span class='ocrx_word' id='word_1_574' title='bbox 1336 5096 1343 5097; x_wconf 15' lang='grc' dir='ltr'>ί</span> <span class='ocrx_word' id='word_1_575' title='bbox 1433 5095 1495 5097; x_wconf 17' lang='grc' dir='ltr'>,Α</span> <span class='ocrx_word' id='word_1_576' title='bbox 1904 5096 1907 5097; x_wconf 16' lang='grc' dir='ltr'><em>ν</em></span> 
     </span>
    </p>
   </div>
   <div class='ocr_carea' id='block_1_59' title="bbox 1183 5028 2706 5097">
    <p class='ocr_par' dir='ltr' id='par_1_59' title="bbox 1229 5028 2706 5097">
     <span class='ocr_line' id='line_1_59' title="bbox 1229 5028 2706 5097; baseline -0.012 0"><span class='ocrx_word' id='word_1_577' title='bbox 1229 5094 1237 5097; x_wconf 79' lang='lat'><strong>-</strong></span> <span class='ocrx_word' id='word_1_578' title='bbox 1336 5096 1343 5097; x_wconf 60' lang='lat'><strong><em>,</em></strong></span> <span class='ocrx_word' id='word_1_579' title='bbox 1433 5095 1495 5097; x_wconf 23' lang='grc' dir='ltr'>Α,</span> <span class='ocrx_word' id='word_1_580' title='bbox 1904 5096 1907 5097; x_wconf 21' lang='grc' dir='ltr'><strong>ν</strong></span> <span class='ocrx_word' id='word_1_581' title='bbox 2141 5028 2151 5030; x_wconf 14' lang='grc' dir='ltr'>ἡ</span> <span class='ocrx_word' id='word_1_582' title='bbox 2211 5029 2405 5094; x_wconf 80' lang='grc' dir='ltr'>δαίοις</span> <span class='ocrx_word' id='word_1_583' title='bbox 2428 5028 2706 5097; x_wconf 70' lang='grc' dir='ltr'>Γραρῶν.</span> 
     </span>
    </p>
   </div>
   <div class='ocr_carea' id='block_1_60' title="bbox 454 5093 1977 5170">
    <p class='ocr_par' dir='ltr' id='par_1_60' title="bbox 454 5093 1977 5170">
     <span class='ocr_line' id='line_1_60' title="bbox 454 5093 1977 5170; baseline -0.003 -15"><span class='ocrx_word' id='word_1_584' title='bbox 454 5093 511 5156; x_wconf 72' lang='lat'><strong>&#39;5.</strong></span> <span class='ocrx_word' id='word_1_585' title='bbox 553 5093 796 5167; x_wconf 78' lang='lat' dir='ltr'><strong>Epistola</strong></span> <span class='ocrx_word' id='word_1_586' title='bbox 820 5096 1074 5151; x_wconf 80' lang='lat' dir='ltr'><strong>Demetrii</strong></span> <span class='ocrx_word' id='word_1_587' title='bbox 1098 5094 1347 5151; x_wconf 82' lang='lat' dir='ltr'><strong>Phalerei</strong></span> <span class='ocrx_word' id='word_1_588' title='bbox 1373 5095 1441 5149; x_wconf 86' lang='lat' dir='ltr'><strong>ad</strong></span> <span class='ocrx_word' id='word_1_589' title='bbox 1461 5095 1813 5153; x_wconf 78' lang='lat' dir='ltr'><strong>Ptolemwum</strong></span> <span class='ocrx_word' id='word_1_590' title='bbox 1835 5096 1977 5170; x_wconf 65' lang='grc' dir='ltr'><strong>Αἴθῃ</strong></span> 
     </span>
    </p>
   </div>
   <div class='ocr_carea' id='block_1_61' title="bbox 2215 5093 3738 5170">
    <p class='ocr_par' dir='ltr' id='par_1_61' title="bbox 2257 5093 3738 5170">
     <span class='ocr_line' id='line_1_61' title="bbox 2257 5093 3738 5170; baseline 0 -18"><span class='ocrx_word' id='word_1_591' title='bbox 2257 5093 2578 5170; x_wconf 73' lang='grc' dir='ltr'>Ἐπιστολῆ</span> <span class='ocrx_word' id='word_1_592' title='bbox 2625 5096 2961 5170; x_wconf 77' lang='grc' dir='ltr'>Δημητρίου</span> <span class='ocrx_word' id='word_1_593' title='bbox 3022 5098 3130 5153; x_wconf 85' lang='grc' dir='ltr'>τοῦ</span> <span class='ocrx_word' id='word_1_594' title='bbox 3196 5096 3520 5166; x_wconf 76' lang='grc' dir='ltr'><strong>Φαληρέως</strong></span> <span class='ocrx_word' id='word_1_595' title='bbox 3583 5098 3738 5168; x_wconf 71' lang='grc' dir='ltr'><em>πρὸς</em></span> 
     </span>
    </p>
   </div>
   <div class='ocr_carea' id='block_1_62' title="bbox 527 5166 2050 5239">
    <p class='ocr_par' dir='ltr' id='par_1_62' title="bbox 527 5166 1990 5239">
     <span class='ocr_line' id='line_1_62' title="bbox 527 5166 1990 5239; baseline -0.002 -17"><span class='ocrx_word' id='word_1_596' title='bbox 527 5166 860 5239; x_wconf 73' lang='lat' dir='ltr'><strong>ti_regem._</strong></span> <span class='ocrx_word' id='word_1_597' title='bbox 936 5236 946 5239; x_wconf 85' lang='lat'>_</span> <span class='ocrx_word' id='word_1_598' title='bbox 1089 5236 1098 5239; x_wconf 92' lang='lat'>_</span> <span class='ocrx_word' id='word_1_599' title='bbox 1224 5238 1231 5239; x_wconf 13' lang='grc' dir='ltr'>ί</span> <span class='ocrx_word' id='word_1_600' title='bbox 1353 5235 1462 5239; x_wconf 87' lang='lat'><strong>___</strong></span> 
     </span>
    </p>
   </div>
   <div class='ocr_carea' id='block_1_63' title="bbox 1819 5166 3342 5239">
    <p class='ocr_par' dir='ltr' id='par_1_63' title="bbox 1914 5166 3342 5239">
     <span class='ocr_line' id='line_1_63' title="bbox 1914 5166 3342 5239; baseline 0 -15"><span class='ocrx_word' id='word_1_601' title='bbox 1914 5166 1929 5170; x_wconf 61' lang='grc'>⁷</span> <span class='ocrx_word' id='word_1_602' title='bbox 1948 5166 1990 5169; x_wconf 20' lang='grc' dir='ltr'><strong>’θ</strong></span> <span class='ocrx_word' id='word_1_603' title='bbox 2151 5166 2162 5170; x_wconf 62' lang='grc'>⁷</span> <span class='ocrx_word' id='word_1_604' title='bbox 2209 5166 2580 5239; x_wconf 77' lang='grc' dir='ltr'>Πτολεμαῒού</span> <span class='ocrx_word' id='word_1_605' title='bbox 2605 5166 2712 5223; x_wconf 66' lang='grc' dir='ltr'><strong>τὸν</strong></span> <span class='ocrx_word' id='word_1_606' title='bbox 2735 5166 3003 5231; x_wconf 72' lang='grc' dir='ltr'>βασιλέα</span> <span class='ocrx_word' id='word_1_607' title='bbox 3021 5171 3342 5238; x_wconf 69' lang='grc' dir='ltr'><strong>Αἰγύπτου.</strong></span> 
     </span>
    </p>
   </div>
   <div class='ocr_carea' id='block_1_64' title="bbox 458 5235 1981 5308">
    <p class='ocr_par' dir='ltr' id='par_1_64' title="bbox 458 5235 1977 5308">
     <span class='ocr_line' id='line_1_64' title="bbox 458 5235 1977 5308; baseline -0.001 -13"><span class='ocrx_word' id='word_1_608' title='bbox 458 5238 513 5296; x_wconf 76' lang='grc' dir='ltr'>ι.</span> <span class='ocrx_word' id='word_1_609' title='bbox 557 5235 799 5308; x_wconf 65' lang='lat' dir='ltr'><strong>Epistula</strong></span> <span class='ocrx_word' id='word_1_610' title='bbox 824 5235 1100 5292; x_wconf 74' lang='lat' dir='ltr'><strong>Ptolemwi</strong></span> <span class='ocrx_word' id='word_1_611' title='bbox 1124 5238 1259 5307; x_wconf 83' lang='lat' dir='ltr'><strong>regis</strong></span> <span class='ocrx_word' id='word_1_612' title='bbox 1293 5236 1363 5291; x_wconf 85' lang='lat' dir='ltr'><strong>ad</strong></span> <span class='ocrx_word' id='word_1_613' title='bbox 1397 5235 1735 5304; x_wconf 81' lang='lat' dir='ltr'><strong>Eleazarum,</strong></span> <span class='ocrx_word' id='word_1_614' title='bbox 1768 5253 1977 5293; x_wconf 78' lang='lat' dir='ltr'><strong>summu</strong></span> 
     </span>
    </p>
   </div>
   <div class='ocr_carea' id='block_1_65' title="bbox 2213 5235 3736 5308">
    <p class='ocr_par' dir='ltr' id='par_1_65' title="bbox 2246 5235 3736 5308">
     <span class='ocr_line' id='line_1_65' title="bbox 2246 5235 3736 5308; baseline 0.001 -16"><span class='ocrx_word' id='word_1_615' title='bbox 2246 5235 2569 5308; x_wconf 74' lang='grc' dir='ltr'>Ἐπιστολὴ</span> <span class='ocrx_word' id='word_1_616' title='bbox 2590 5239 2963 5307; x_wconf 76' lang='grc' dir='ltr'>Πτολεμαίου</span> <span class='ocrx_word' id='word_1_617' title='bbox 2985 5235 3296 5303; x_wconf 74' lang='grc' dir='ltr'><strong>βασιλέως</strong></span> <span class='ocrx_word' id='word_1_618' title='bbox 3332 5238 3446 5306; x_wconf 82' lang='grc' dir='ltr'><strong>πρὸ</strong></span> <span class='ocrx_word' id='word_1_619' title='bbox 3456 5257 3484 5303; x_wconf 65' lang='grc' dir='ltr'><em>ς</em></span> <span class='ocrx_word' id='word_1_620' title='bbox 3530 5238 3736 5293; x_wconf 71' lang='grc' dir='ltr'><strong>Ἐλεά-</strong></span> 
     </span>
    </p>
   </div>
   <div class='ocr_carea' id='block_1_66' title="bbox 526 5307 2049 5389">
    <p class='ocr_par' dir='ltr' id='par_1_66' title="bbox 526 5307 1985 5389">
     <span class='ocr_line' id='line_1_66' title="bbox 526 5307 1985 5389; baseline -0.002 -25"><span class='ocrx_word' id='word_1_621' title='bbox 526 5307 1220 5389; x_wconf 53' lang='lat' dir='ltr'><strong>Judazorttmhsacerdotem.</strong></span> <span class='ocrx_word' id='word_1_622' title='bbox 1342 5377 1355 5389; x_wconf 35' lang='grc' dir='ltr'>ι</span> <span class='ocrx_word' id='word_1_623' title='bbox 1586 5376 1598 5389; x_wconf 48' lang='grc'><em>.</em></span> <span class='ocrx_word' id='word_1_624' title='bbox 1664 5378 1676 5389; x_wconf 48' lang='grc'><em>.</em></span> <span class='ocrx_word' id='word_1_625' title='bbox 1815 5378 1827 5389; x_wconf 45' lang='grc'><strong><em>¹</em></strong></span> <span class='ocrx_word' id='word_1_626' title='bbox 1870 5376 1906 5389; x_wconf 44' lang='grc' dir='ltr'>ἢ</span> <span class='ocrx_word' id='word_1_627' title='bbox 1973 5377 1985 5389; x_wconf 41' lang='grc'><strong><em>¹</em></strong></span> 
     </span>
    </p>
   </div>
   <div class='ocr_carea' id='block_1_67' title="bbox 1782 5307 3305 5389">
    <p class='ocr_par' dir='ltr' id='par_1_67' title="bbox 1815 5307 3305 5389">
     <span class='ocr_line' id='line_1_67' title="bbox 1815 5307 3305 5389; baseline 0 -26"><span class='ocrx_word' id='word_1_628' title='bbox 1815 5378 1827 5389; x_wconf 43' lang='grc'><strong><em>⁸</em></strong></span> <span class='ocrx_word' id='word_1_629' title='bbox 1870 5376 1927 5389; x_wconf 17' lang='grc' dir='ltr'>ἢ*</span> <span class='ocrx_word' id='word_1_630' title='bbox 1973 5377 1985 5389; x_wconf 43' lang='grc'><strong><em>¹</em></strong></span> <span class='ocrx_word' id='word_1_631' title='bbox 2209 5311 2385 5389; x_wconf 60' lang='grc' dir='ltr'>ζὶξρον</span> <span class='ocrx_word' id='word_1_632' title='bbox 2410 5307 2995 5389; x_wconf 24' lang='grc' dir='ltr'><strong>τὸνῄῖῶις-ςζουιξιαίω</strong></span> <span class='ocrx_word' id='word_1_633' title='bbox 3012 5309 3305 5389; x_wconf 46' lang='grc' dir='ltr'>ἀρχιερέα.</span> 
     </span>
    </p>
   </div>
   <div class='ocr_carea' id='block_1_68' title="bbox 460 5376 1983 5464">
    <p class='ocr_par' dir='ltr' id='par_1_68' title="bbox 460 5376 1983 5449">
     <span class='ocr_line' id='line_1_68' title="bbox 460 5376 1983 5449; baseline -0.003 -14"><span class='ocrx_word' id='word_1_634' title='bbox 460 5377 515 5435; x_wconf 76' lang='lat'><strong>5.</strong></span> <span class='ocrx_word' id='word_1_635' title='bbox 557 5378 803 5449; x_wconf 81' lang='lat' dir='ltr'><strong>Epistula</strong></span> <span class='ocrx_word' id='word_1_636' title='bbox 840 5378 1116 5444; x_wconf 75' lang='lat' dir='ltr'><strong>Eleazari,</strong></span> <span class='ocrx_word' id='word_1_637' title='bbox 1161 5377 1355 5432; x_wconf 77' lang='lat' dir='ltr'><strong>summi</strong></span> <span class='ocrx_word' id='word_1_638' title='bbox 1413 5376 1727 5445; x_wconf 78' lang='lat' dir='ltr'><strong>sacerdotis,</strong></span> <span class='ocrx_word' id='word_1_639' title='bbox 1758 5378 1827 5433; x_wconf 89' lang='lat' dir='ltr'><strong>ad</strong></span> <span class='ocrx_word' id='word_1_640' title='bbox 1860 5376 1983 5431; x_wconf 89' lang='lat' dir='ltr'><strong>Ptol</strong></span> 
     </span>
    </p>
   </div>
   <div class='ocr_carea' id='block_1_69' title="bbox 2212 5376 3735 5464">
    <p class='ocr_par' dir='ltr' id='par_1_69' title="bbox 2219 5376 3735 5464">
     <span class='ocr_line' id='line_1_69' title="bbox 2219 5376 3735 5464; baseline -0.001 -31"><span class='ocrx_word' id='word_1_641' title='bbox 2219 5376 2575 5464; x_wconf 47' lang='grc' dir='ltr'>-ςΕεξιστοίιὴ</span> <span class='ocrx_word' id='word_1_642' title='bbox 2650 5376 2995 5464; x_wconf 59' lang='grc' dir='ltr'>’βλεαζάρου</span> <span class='ocrx_word' id='word_1_643' title='bbox 3033 5376 3143 5433; x_wconf 83' lang='grc' dir='ltr'>τοῦ</span> <span class='ocrx_word' id='word_1_644' title='bbox 3178 5376 3521 5449; x_wconf 13' lang='grc' dir='ltr'>ἡάρχιερέως</span> <span class='ocrx_word' id='word_1_645' title='bbox 3586 5378 3735 5447; x_wconf 66' lang='grc' dir='ltr'><strong>πμὲς</strong></span> 
     </span>
    </p>
   </div>
   <div class='ocr_carea' id='block_1_70' title="bbox 462 5450 1985 5591">
    <p class='ocr_par' dir='ltr' id='par_1_70' title="bbox 462 5465 1985 5591">
     <span class='ocr_line' id='line_1_70' title="bbox 462 5465 1985 5591; baseline -0.002 -19"><span class='ocrx_word' id='word_1_646' title='bbox 462 5465 943 5586; x_wconf 60' lang='grc' dir='ltr'><strong>θ.”’ἐῗυ“”ἷηῖὗῗῗῖξξ</strong></span> <span class='ocrx_word' id='word_1_647' title='bbox 985 5518 1049 5572; x_wconf 88' lang='lat' dir='ltr'><strong>de</strong></span> <span class='ocrx_word' id='word_1_648' title='bbox 1091 5515 1404 5573; x_wconf 64' lang='lat' dir='ltr'><strong>Iudaeorum</strong></span> <span class='ocrx_word' id='word_1_649' title='bbox 1448 5532 1515 5573; x_wconf 78' lang='lat' dir='ltr'><strong>ea:</strong></span> <span class='ocrx_word' id='word_1_650' title='bbox 1567 5516 1803 5589; x_wconf 59' lang='lat' dir='ltr'><strong>ngypto</strong></span> <span class='ocrx_word' id='word_1_651' title='bbox 1828 5517 1985 5587; x_wconf 62' lang='lat' dir='ltr'><strong>profei</strong></span> 
     </span>
    </p>
   </div>
   <div class='ocr_carea' id='block_1_71' title="bbox 2211 5450 3734 5591">
    <p class='ocr_par' dir='ltr' id='par_1_71' title="bbox 2211 5450 3734 5591">
     <span class='ocr_line' id='line_1_71' title="bbox 2211 5450 3044 5518; baseline -0.001 -16"><span class='ocrx_word' id='word_1_652' title='bbox 2211 5450 2581 5518; x_wconf 77' lang='grc' dir='ltr'>Πτολεμαῖον</span> <span class='ocrx_word' id='word_1_653' title='bbox 2626 5450 2733 5504; x_wconf 80' lang='grc' dir='ltr'><strong>τὸν</strong></span> <span class='ocrx_word' id='word_1_654' title='bbox 2757 5450 3044 5513; x_wconf 75' lang='grc' dir='ltr'><strong>βασιλέα.</strong></span> 
     </span>
     <span class='ocr_line' id='line_1_72' title="bbox 2211 5517 3734 5591; baseline -0.001 -16"><span class='ocrx_word' id='word_1_655' title='bbox 2211 5563 2215 5575; x_wconf 87' lang='grc'><strong>,</strong></span> <span class='ocrx_word' id='word_1_656' title='bbox 2243 5522 2529 5587; x_wconf 73' lang='grc' dir='ltr'><strong>Φίλωνος,</strong></span> <span class='ocrx_word' id='word_1_657' title='bbox 2560 5521 2694 5590; x_wconf 77' lang='grc' dir='ltr'>περὶ</span> <span class='ocrx_word' id='word_1_658' title='bbox 2714 5519 2824 5590; x_wconf 81' lang='grc' dir='ltr'><strong>τῆς</strong></span> <span class='ocrx_word' id='word_1_659' title='bbox 2843 5519 2944 5573; x_wconf 81' lang='grc' dir='ltr'><strong>ἀπ’</strong></span> <span class='ocrx_word' id='word_1_660' title='bbox 2960 5520 3264 5591; x_wconf 74' lang='grc' dir='ltr'>Αἰγύπτου</span> <span class='ocrx_word' id='word_1_661' title='bbox 3282 5519 3402 5573; x_wconf 80' lang='grc' dir='ltr'><strong>τῶν</strong></span> <span class='ocrx_word' id='word_1_662' title='bbox 3433 5517 3734 5573; x_wconf 69' lang='grc' dir='ltr'>Ἰουδαίων</span> 
     </span>
    </p>
   </div>
   <div class='ocr_carea' id='block_1_72' title="bbox 466 5591 1989 5783">
    <p class='ocr_par' dir='ltr' id='par_1_72' title="bbox 466 5591 1989 5781">
     <span class='ocr_line' id='line_1_73' title="bbox 534 5591 691 5644; baseline -0.019 -5"><span class='ocrx_word' id='word_1_663' title='bbox 534 5591 574 5639; x_wconf 87' lang='grc' dir='ltr'>ι’</span> <span class='ocrx_word' id='word_1_664' title='bbox 614 5606 628 5636; x_wconf 70' lang='grc' dir='ltr'><strong>ι</strong></span> <span class='ocrx_word' id='word_1_665' title='bbox 678 5629 691 5644; x_wconf 89' lang='grc'><strong>,</strong></span> 
     </span>
     <span class='ocr_line' id='line_1_74' title="bbox 466 5605 1989 5731; baseline 0.001 -22"><span class='ocrx_word' id='word_1_666' title='bbox 466 5656 514 5711; x_wconf 90' lang='grc'><strong>7.</strong></span> <span class='ocrx_word' id='word_1_667' title='bbox 557 5605 868 5728; x_wconf 51' lang='grc' dir='ltr'>Ἑέεεοάεηι,</span> <span class='ocrx_word' id='word_1_668' title='bbox 902 5660 967 5715; x_wconf 82' lang='lat' dir='ltr'><strong>de</strong></span> <span class='ocrx_word' id='word_1_669' title='bbox 995 5659 1241 5731; x_wconf 81' lang='lat' dir='ltr'><strong>religiosa</strong></span> <span class='ocrx_word' id='word_1_670' title='bbox 1284 5658 1534 5714; x_wconf 68' lang='lat' dir='ltr'><strong>Mosaicae</strong></span> <span class='ocrx_word' id='word_1_671' title='bbox 1573 5658 1876 5729; x_wconf 81' lang='lat' dir='ltr'><strong>reipublica:</strong></span> <span class='ocrx_word' id='word_1_672' title='bbox 1921 5658 1989 5728; x_wconf 72' lang='grc' dir='ltr'>[οι</span> 
     </span>
     <span class='ocr_line' id='line_1_75' title="bbox 528 5744 636 5781; baseline -0.009 -1"><span class='ocrx_word' id='word_1_673' title='bbox 528 5744 636 5781; x_wconf 71' lang='grc' dir='ltr'><strong>ωσι.</strong></span> 
     </span>
    </p>
   </div>
   <div class='ocr_carea' id='block_1_73' title="bbox 2207 5591 3730 5783">
    <p class='ocr_par' dir='ltr' id='par_1_73' title="bbox 2212 5591 3730 5783">
     <span class='ocr_line' id='line_1_76' title="bbox 2212 5591 3730 5783; baseline 0.002 -71"><span class='ocrx_word' id='word_1_674' title='bbox 2212 5591 2589 5783; x_wconf 48' lang='grc' dir='ltr'><strong>πὶἰίῗὲίέἷΰτοῦ,</strong></span> <span class='ocrx_word' id='word_1_675' title='bbox 2633 5661 2765 5730; x_wconf 76' lang='grc' dir='ltr'>περὶ</span> <span class='ocrx_word' id='word_1_676' title='bbox 2813 5661 2921 5731; x_wconf 83' lang='grc' dir='ltr'><strong>τῆς</strong></span> <span class='ocrx_word' id='word_1_677' title='bbox 2949 5659 3102 5715; x_wconf 81' lang='grc' dir='ltr'>κατὰ</span> <span class='ocrx_word' id='word_1_678' title='bbox 3126 5657 3380 5715; x_wconf 66' lang='grc' dir='ltr'>Μωῢσέα</span> <span class='ocrx_word' id='word_1_679' title='bbox 3407 5658 3730 5728; x_wconf 74' lang='grc' dir='ltr'>θεοσεϐοῦς</span> 
     </span>
     <span class='ocr_line' id='line_1_77' title="bbox 2216 5746 2540 5783; baseline 0 -1"><span class='ocrx_word' id='word_1_680' title='bbox 2216 5746 2313 5783; x_wconf 72' lang='grc' dir='ltr'>πο,</span> <span class='ocrx_word' id='word_1_681' title='bbox 2340 5747 2422 5783; x_wconf 84' lang='grc' dir='ltr'><strong>ιτε</strong></span> <span class='ocrx_word' id='word_1_682' title='bbox 2450 5746 2540 5783; x_wconf 79' lang='lat' dir='ltr'><strong>ac.</strong></span> 
     </span>
    </p>
   </div>
   <div class='ocr_carea' id='block_1_74' title="bbox 528 5744 2051 5796">
    <p class='ocr_par' dir='ltr' id='par_1_74' title="bbox 528 5744 636 5781">
     <span class='ocr_line' id='line_1_78' title="bbox 528 5744 636 5781; baseline -0.009 -1"><span class='ocrx_word' id='word_1_683' title='bbox 528 5744 636 5781; x_wconf 71' lang='lat' dir='ltr'><strong>tua.</strong></span> 
     </span>
    </p>
   </div>
   <div class='ocr_carea' id='block_1_75' title="bbox 1016 5744 2539 5796">
    <p class='ocr_par' dir='ltr' id='par_1_75' title="bbox 2216 5744 2539 5796">
     <span class='ocr_line' id='line_1_79' title="bbox 2216 5744 2539 5796; baseline 0 -14"><span class='ocrx_word' id='word_1_684' title='bbox 2216 5744 2539 5796; x_wconf 58' lang='grc' dir='ltr'>πολιτείας.</span> 
     </span>
    </p>
   </div>
  </div>
