  <div class='ocr_page' id='page_1' title='image "/cluster/home/n/w/nwhite01/storage/ocr_20150623/21/nnc1.0046978437/439.png"; bbox 0 0 3856 6224; ppageno 0'>
   <div class='ocr_carea' id='block_1_1' title="bbox 453 241 3668 307">
    <p class='ocr_par' dir='ltr' id='par_1_1' title="bbox 453 241 3668 307">
     <span class='ocr_line' id='line_1_1' title="bbox 453 241 3668 307; baseline -0.001 -7"><span class='ocrx_word' id='word_1_1' title='bbox 453 248 557 302; x_wconf 73' lang='lat'><strong>587</strong></span> <span class='ocrx_word' id='word_1_2' title='bbox 1082 249 1347 305; x_wconf 71' lang='lat' dir='ltr'><strong>EL&#39;SEBll</strong></span> <span class='ocrx_word' id='word_1_3' title='bbox 1383 249 1859 307; x_wconf 67' lang='lat' dir='ltr'><strong>CASSARIENSIS</strong></span> <span class='ocrx_word' id='word_1_4' title='bbox 1895 249 2043 305; x_wconf 78' lang='lat' dir='ltr'><strong>OPP.</strong></span> <span class='ocrx_word' id='word_1_5' title='bbox 2086 246 2268 302; x_wconf 79' lang='lat' dir='ltr'><strong>PARS</strong></span> <span class='ocrx_word' id='word_1_6' title='bbox 2303 245 2366 300; x_wconf 89' lang='grc' dir='ltr'><strong>ιι.</strong></span> <span class='ocrx_word' id='word_1_7' title='bbox 2406 266 2475 284; x_wconf 66' lang='lat'><strong>—&quot;—</strong></span> <span class='ocrx_word' id='word_1_8' title='bbox 2511 241 3008 299; x_wconf 79' lang='lat' dir='ltr'><strong>APOLOGETICA.</strong></span> <span class='ocrx_word' id='word_1_9' title='bbox 3569 244 3668 299; x_wconf 76' lang='lat'><strong>588</strong></span> 
     </span>
    </p>
   </div>
   <div class='ocr_carea' id='block_1_2' title="bbox 401 348 2004 436">
    <p class='ocr_par' dir='ltr' id='par_1_2' title="bbox 401 353 2004 427">
     <span class='ocr_line' id='line_1_2' title="bbox 401 353 2004 427; baseline 0.001 -20"><span class='ocrx_word' id='word_1_10' title='bbox 401 417 405 422; x_wconf 95' lang='lat'><em>_</em></span> <span class='ocrx_word' id='word_1_11' title='bbox 448 359 582 424; x_wconf 80' lang='lat' dir='ltr'><strong>vita,</strong></span> <span class='ocrx_word' id='word_1_12' title='bbox 615 370 678 412; x_wconf 91' lang='lat' dir='ltr'><strong>ac</strong></span> <span class='ocrx_word' id='word_1_13' title='bbox 710 355 973 427; x_wconf 75' lang='lat' dir='ltr'><strong>religiosae</strong></span> <span class='ocrx_word' id='word_1_14' title='bbox 1003 355 1298 424; x_wconf 84' lang='lat' dir='ltr'><strong>disciplinae</strong></span> <span class='ocrx_word' id='word_1_15' title='bbox 1326 356 1469 426; x_wconf 86' lang='lat' dir='ltr'><strong>leges</strong></span> <span class='ocrx_word' id='word_1_16' title='bbox 1491 397 1506 420; x_wconf 90' lang='lat'><strong>,</strong></span> <span class='ocrx_word' id='word_1_17' title='bbox 1535 371 1673 425; x_wconf 82' lang='lat' dir='ltr'><strong>quos</strong></span> <span class='ocrx_word' id='word_1_18' title='bbox 1700 355 1855 424; x_wconf 87' lang='lat' dir='ltr'><strong>longe</strong></span> <span class='ocrx_word' id='word_1_19' title='bbox 1881 353 2004 409; x_wconf 72' lang='lat' dir='ltr'><strong>Deus</strong></span> 
     </span>
    </p>
   </div>
   <div class='ocr_carea' id='block_1_3' title="bbox 2112 348 3680 436">
    <p class='ocr_par' dir='ltr' id='par_1_3' title="bbox 2114 348 3680 436">
     <span class='ocr_line' id='line_1_3' title="bbox 2114 348 3680 436; baseline -0.005 -16"><span class='ocrx_word' id='word_1_20' title='bbox 2114 367 2178 420; x_wconf 84' lang='grc' dir='ltr'><strong>ἂν</strong></span> <span class='ocrx_word' id='word_1_21' title='bbox 2212 365 2343 428; x_wconf 82' lang='grc' dir='ltr'>Θεὸς</span> <span class='ocrx_word' id='word_1_22' title='bbox 2365 367 2428 436; x_wconf 81' lang='grc' dir='ltr'>τῇ</span> <span class='ocrx_word' id='word_1_23' title='bbox 2455 363 2778 436; x_wconf 80' lang='grc' dir='ltr'><strong>προγνώσει,</strong></span> <span class='ocrx_word' id='word_1_24' title='bbox 2815 362 2912 427; x_wconf 85' lang='grc' dir='ltr'>τὰς</span> <span class='ocrx_word' id='word_1_25' title='bbox 2935 359 3176 433; x_wconf 71' lang='grc' dir='ltr'>περὶτοῦ</span> <span class='ocrx_word' id='word_1_26' title='bbox 3220 361 3435 414; x_wconf 84' lang='grc' dir='ltr'>πάντων</span> <span class='ocrx_word' id='word_1_27' title='bbox 3472 348 3680 433; x_wconf 76' lang='grc' dir='ltr'>ἀνθρώ-</span> 
     </span>
    </p>
   </div>
   <div class='ocr_carea' id='block_1_4' title="bbox 393 446 2004 528">
    <p class='ocr_par' dir='ltr' id='par_1_4' title="bbox 393 446 2004 522">
     <span class='ocr_line' id='line_1_4' title="bbox 393 446 2004 522; baseline 0 -22"><span class='ocrx_word' id='word_1_28' title='bbox 393 453 404 522; x_wconf 63' lang='grc' dir='ltr'><strong>ί</strong></span> <span class='ocrx_word' id='word_1_29' title='bbox 451 450 568 515; x_wconf 83' lang='lat' dir='ltr'><strong>ipse</strong></span> <span class='ocrx_word' id='word_1_30' title='bbox 601 448 958 503; x_wconf 84' lang='lat' dir='ltr'><strong>charissimns</strong></span> <span class='ocrx_word' id='word_1_31' title='bbox 994 446 1295 512; x_wconf 79' lang='lat' dir='ltr'><strong>habuisset,</strong></span> <span class='ocrx_word' id='word_1_32' title='bbox 1331 463 1451 502; x_wconf 90' lang='lat' dir='ltr'><strong>cum</strong></span> <span class='ocrx_word' id='word_1_33' title='bbox 1486 457 1564 502; x_wconf 88' lang='lat' dir='ltr'><strong>tot</strong></span> <span class='ocrx_word' id='word_1_34' title='bbox 1594 464 1670 502; x_wconf 83' lang='lat' dir='ltr'><strong>eae</strong></span> <span class='ocrx_word' id='word_1_35' title='bbox 1699 449 2004 502; x_wconf 57' lang='lat' dir='ltr'><strong>saculorun</strong></span> 
     </span>
    </p>
   </div>
   <div class='ocr_carea' id='block_1_5' title="bbox 2112 446 3670 528">
    <p class='ocr_par' dir='ltr' id='par_1_5' title="bbox 2113 447 3670 527">
     <span class='ocr_line' id='line_1_5' title="bbox 2113 447 3670 527; baseline -0.003 -18"><span class='ocrx_word' id='word_1_36' title='bbox 2113 475 2229 510; x_wconf 79' lang='grc' dir='ltr'><strong>πων</strong></span> <span class='ocrx_word' id='word_1_37' title='bbox 2255 457 2354 509; x_wconf 80' lang='grc' dir='ltr'><strong>οὐκ</strong></span> <span class='ocrx_word' id='word_1_38' title='bbox 2381 458 2458 519; x_wconf 83' lang='grc' dir='ltr'><strong>είς</strong></span> <span class='ocrx_word' id='word_1_39' title='bbox 2485 456 2690 527; x_wconf 70' lang='grc' dir='ltr'>μακρὸν</span> <span class='ocrx_word' id='word_1_40' title='bbox 2714 451 3189 524; x_wconf 72' lang='grc' dir='ltr'>ἀναφανησομένου</span> <span class='ocrx_word' id='word_1_41' title='bbox 3224 447 3494 524; x_wconf 80' lang='grc' dir='ltr'><strong>Σωτῆρος,</strong></span> <span class='ocrx_word' id='word_1_42' title='bbox 3531 452 3670 505; x_wconf 80' lang='grc' dir='ltr'>διδα-</span> 
     </span>
    </p>
   </div>
   <div class='ocr_carea' id='block_1_6' title="bbox 399 537 2004 610">
    <p class='ocr_par' dir='ltr' id='par_1_6' title="bbox 399 537 2004 608">
     <span class='ocr_line' id='line_1_6' title="bbox 399 537 2004 608; baseline 0.001 -18"><span class='ocrx_word' id='word_1_43' title='bbox 399 538 418 608; x_wconf 69' lang='lat'><strong>‘,</strong></span> <span class='ocrx_word' id='word_1_44' title='bbox 448 538 730 592; x_wconf 88' lang='lat' dir='ltr'><strong>intervallo</strong></span> <span class='ocrx_word' id='word_1_45' title='bbox 762 537 922 607; x_wconf 78' lang='lat' dir='ltr'><strong>patrii</strong></span> <span class='ocrx_word' id='word_1_46' title='bbox 969 537 1236 593; x_wconf 86' lang='lat' dir='ltr'><strong>sermonis</strong></span> <span class='ocrx_word' id='word_1_47' title='bbox 1280 539 1663 608; x_wconf 73' lang='lat' dir='ltr'><strong>integumentis</strong></span> <span class='ocrx_word' id='word_1_48' title='bbox 1700 539 1898 593; x_wconf 64' lang='lat' dir='ltr'><strong>clausm</strong></span> <span class='ocrx_word' id='word_1_49' title='bbox 1943 539 2004 591; x_wconf 92' lang='lat' dir='ltr'><strong>la-</strong></span> 
     </span>
    </p>
   </div>
   <div class='ocr_carea' id='block_1_7' title="bbox 2112 537 3673 610">
    <p class='ocr_par' dir='ltr' id='par_1_7' title="bbox 2115 545 3673 610">
     <span class='ocr_line' id='line_1_7' title="bbox 2115 545 3673 610; baseline -0.003 -8"><span class='ocrx_word' id='word_1_50' title='bbox 2115 549 2312 602; x_wconf 86' lang='grc' dir='ltr'>σκάλου</span> <span class='ocrx_word' id='word_1_51' title='bbox 2332 566 2389 601; x_wconf 87' lang='grc' dir='ltr'><strong>τε</strong></span> <span class='ocrx_word' id='word_1_52' title='bbox 2418 548 2694 610; x_wconf 83' lang='grc' dir='ltr'>εὐσεϐείας</span> <span class='ocrx_word' id='word_1_53' title='bbox 2717 548 2834 610; x_wconf 79' lang='grc' dir='ltr'>ἑνὸς</span> <span class='ocrx_word' id='word_1_54' title='bbox 2859 548 2949 600; x_wconf 82' lang='grc' dir='ltr'>τοῦ</span> <span class='ocrx_word' id='word_1_55' title='bbox 2989 547 3079 598; x_wconf 72' lang='grc' dir='ltr'><strong>ἐπὶ</strong></span> <span class='ocrx_word' id='word_1_56' title='bbox 3107 548 3320 600; x_wconf 80' lang='grc' dir='ltr'>πάντων</span> <span class='ocrx_word' id='word_1_57' title='bbox 3360 545 3491 598; x_wconf 84' lang='grc' dir='ltr'>Θεοῦ</span> <span class='ocrx_word' id='word_1_58' title='bbox 3546 546 3673 598; x_wconf 83' lang='grc' dir='ltr'>πᾶσι</span> 
     </span>
    </p>
   </div>
   <div class='ocr_carea' id='block_1_8' title="bbox 404 615 2004 709">
    <p class='ocr_par' dir='ltr' id='par_1_8' title="bbox 404 615 2004 703">
     <span class='ocr_line' id='line_1_8' title="bbox 404 615 2004 703; baseline 0.001 -19"><span class='ocrx_word' id='word_1_59' title='bbox 404 615 415 644; x_wconf 61' lang='grc'><em>²</em></span> <span class='ocrx_word' id='word_1_60' title='bbox 446 633 698 697; x_wconf 75' lang='lat' dir='ltr'><strong>tuissent,</strong></span> <span class='ocrx_word' id='word_1_61' title='bbox 730 633 938 686; x_wconf 67' lang='lat' dir='ltr'><strong>cmteris</strong></span> <span class='ocrx_word' id='word_1_62' title='bbox 971 632 1183 686; x_wconf 84' lang='lat' dir='ltr'><strong>tandem</strong></span> <span class='ocrx_word' id='word_1_63' title='bbox 1212 632 1503 702; x_wconf 81' lang='lat' dir='ltr'><strong>aliquando</strong></span> <span class='ocrx_word' id='word_1_64' title='bbox 1534 634 1867 698; x_wconf 82' lang='lat' dir='ltr'><strong>nationibus,</strong></span> <span class='ocrx_word' id='word_1_65' title='bbox 1903 650 2004 703; x_wconf 86' lang='lat' dir='ltr'><strong>qua</strong></span> 
     </span>
    </p>
   </div>
   <div class='ocr_carea' id='block_1_9' title="bbox 2112 615 3674 709">
    <p class='ocr_par' dir='ltr' id='par_1_9' title="bbox 2112 639 3674 709">
     <span class='ocr_line' id='line_1_9' title="bbox 2112 639 3674 709; baseline -0.002 -17"><span class='ocrx_word' id='word_1_66' title='bbox 2112 643 2222 702; x_wconf 87' lang='grc' dir='ltr'>τοῖς</span> <span class='ocrx_word' id='word_1_67' title='bbox 2246 640 2337 709; x_wconf 83' lang='grc' dir='ltr'><strong>ὑφ’</strong></span> <span class='ocrx_word' id='word_1_68' title='bbox 2379 639 2528 708; x_wconf 76' lang='grc' dir='ltr'>ἥλιον</span> <span class='ocrx_word' id='word_1_69' title='bbox 2574 639 2749 691; x_wconf 80' lang='grc' dir='ltr'>ἔθνεσι</span> <span class='ocrx_word' id='word_1_70' title='bbox 2789 639 3299 709; x_wconf 83' lang='grc' dir='ltr'>καταστησομένου,</span> <span class='ocrx_word' id='word_1_71' title='bbox 3348 640 3674 708; x_wconf 69' lang='grc' dir='ltr'>προρρήσεις</span> 
     </span>
    </p>
   </div>
   <div class='ocr_carea' id='block_1_10' title="bbox 445 727 2018 797">
    <p class='ocr_par' dir='ltr' id='par_1_10' title="bbox 445 727 2018 797">
     <span class='ocr_line' id='line_1_10' title="bbox 445 727 2018 797; baseline 0.003 -19"><span class='ocrx_word' id='word_1_72' title='bbox 445 727 792 797; x_wconf 82' lang='lat' dir='ltr'><strong>postmodum</strong></span> <span class='ocrx_word' id='word_1_73' title='bbox 850 727 904 780; x_wconf 92' lang='lat' dir='ltr'><strong>in</strong></span> <span class='ocrx_word' id='word_1_74' title='bbox 955 727 1282 797; x_wconf 83' lang='lat' dir='ltr'><strong>cognitionis</strong></span> <span class='ocrx_word' id='word_1_75' title='bbox 1330 728 1527 782; x_wconf 72' lang='lat' dir='ltr'><strong>divinae</strong></span> <span class='ocrx_word' id='word_1_76' title='bbox 1577 729 2018 782; x_wconf 88' lang='lat' dir='ltr'><strong>communionem</strong></span> 
     </span>
    </p>
   </div>
   <div class='ocr_carea' id='block_1_11' title="bbox 445 817 2022 888">
    <p class='ocr_par' dir='ltr' id='par_1_11' title="bbox 445 817 2022 888">
     <span class='ocr_line' id='line_1_11' title="bbox 445 817 2022 888; baseline 0.001 -18"><span class='ocrx_word' id='word_1_77' title='bbox 445 817 702 872; x_wconf 66' lang='lat' dir='ltr'><strong>vocanda:</strong></span> <span class='ocrx_word' id='word_1_78' title='bbox 732 826 922 882; x_wconf 88' lang='lat' dir='ltr'><strong>erant,</strong></span> <span class='ocrx_word' id='word_1_79' title='bbox 954 819 1207 873; x_wconf 89' lang='lat' dir='ltr'><strong>omnibus</strong></span> <span class='ocrx_word' id='word_1_80' title='bbox 1240 827 1484 888; x_wconf 84' lang='lat' dir='ltr'><strong>paterent</strong></span> <span class='ocrx_word' id='word_1_81' title='bbox 1527 835 1539 870; x_wconf 94' lang='lat'><strong>:</strong></span> <span class='ocrx_word' id='word_1_82' title='bbox 1581 817 1720 874; x_wconf 84' lang='lat' dir='ltr'><strong>Deus</strong></span> <span class='ocrx_word' id='word_1_83' title='bbox 1760 819 1867 884; x_wconf 89' lang='lat' dir='ltr'><strong>ille,</strong></span> <span class='ocrx_word' id='word_1_84' title='bbox 1901 828 2022 872; x_wconf 90' lang='lat' dir='ltr'><strong>tan-</strong></span> 
     </span>
    </p>
   </div>
   <div class='ocr_carea' id='block_1_12' title="bbox 443 910 2019 976">
    <p class='ocr_par' dir='ltr' id='par_1_12' title="bbox 443 910 2019 976">
     <span class='ocr_line' id='line_1_12' title="bbox 443 910 2019 976; baseline 0.002 -15"><span class='ocrx_word' id='word_1_85' title='bbox 443 918 622 963; x_wconf 82' lang='lat' dir='ltr'><strong>torum</strong></span> <span class='ocrx_word' id='word_1_86' title='bbox 657 910 921 976; x_wconf 84' lang='lat' dir='ltr'><strong>bonorum</strong></span> <span class='ocrx_word' id='word_1_87' title='bbox 956 922 1163 975; x_wconf 85' lang='lat' dir='ltr'><strong>auctor,</strong></span> <span class='ocrx_word' id='word_1_88' title='bbox 1193 911 1390 965; x_wconf 69' lang='lat' dir='ltr'><strong>divinae</strong></span> <span class='ocrx_word' id='word_1_89' title='bbox 1427 911 1667 966; x_wconf 60' lang='lat' dir='ltr'><strong>scientiae</strong></span> <span class='ocrx_word' id='word_1_90' title='bbox 1695 911 1745 965; x_wconf 87' lang='lat' dir='ltr'><strong>vi</strong></span> <span class='ocrx_word' id='word_1_91' title='bbox 1777 911 2019 965; x_wconf 85' lang='lat' dir='ltr'><strong>futurum</strong></span> 
     </span>
    </p>
   </div>
   <div class='ocr_carea' id='block_1_13' title="bbox 441 1002 2021 1073">
    <p class='ocr_par' dir='ltr' id='par_1_13' title="bbox 441 1002 2021 1073">
     <span class='ocr_line' id='line_1_13' title="bbox 441 1002 2021 1073; baseline 0 -18"><span class='ocrx_word' id='word_1_92' title='bbox 441 1003 692 1069; x_wconf 86' lang='lat' dir='ltr'><strong>intuitus,</strong></span> <span class='ocrx_word' id='word_1_93' title='bbox 724 1002 984 1072; x_wconf 84' lang='lat' dir='ltr'><strong>singulari</strong></span> <span class='ocrx_word' id='word_1_94' title='bbox 1017 1003 1123 1073; x_wconf 87' lang='lat' dir='ltr'><strong>egit</strong></span> <span class='ocrx_word' id='word_1_95' title='bbox 1169 1002 1524 1072; x_wconf 81' lang='lat' dir='ltr'><strong>pr0videntia,</strong></span> <span class='ocrx_word' id='word_1_96' title='bbox 1557 1013 1617 1058; x_wconf 93' lang='lat' dir='ltr'><strong>ut</strong></span> <span class='ocrx_word' id='word_1_97' title='bbox 1645 1019 1766 1073; x_wconf 80' lang='lat' dir='ltr'><strong>qua:</strong></span> <span class='ocrx_word' id='word_1_98' title='bbox 1796 1002 1862 1057; x_wconf 89' lang='lat' dir='ltr'><strong>de</strong></span> <span class='ocrx_word' id='word_1_99' title='bbox 1891 1018 2021 1055; x_wconf 84' lang='lat' dir='ltr'><strong>ven-</strong></span> 
     </span>
    </p>
   </div>
   <div class='ocr_carea' id='block_1_14' title="bbox 440 1093 2020 1181">
    <p class='ocr_par' dir='ltr' id='par_1_14' title="bbox 440 1093 2020 1181">
     <span class='ocr_line' id='line_1_14' title="bbox 440 1093 2020 1181; baseline -0.001 -32"><span class='ocrx_word' id='word_1_100' title='bbox 440 1105 565 1150; x_wconf 86' lang='lat' dir='ltr'><strong>turo</strong></span> <span class='ocrx_word' id='word_1_101' title='bbox 595 1095 757 1166; x_wconf 91' lang='lat' dir='ltr'><strong>paulo</strong></span> <span class='ocrx_word' id='word_1_102' title='bbox 793 1103 916 1166; x_wconf 86' lang='lat' dir='ltr'><strong>post</strong></span> <span class='ocrx_word' id='word_1_103' title='bbox 956 1093 1169 1166; x_wconf 83' lang='lat' dir='ltr'><strong>generis</strong></span> <span class='ocrx_word' id='word_1_104' title='bbox 1206 1095 1429 1149; x_wconf 87' lang='lat' dir='ltr'><strong>humani</strong></span> <span class='ocrx_word' id='word_1_105' title='bbox 1449 1093 1776 1181; x_wconf 52' lang='lat' dir='ltr'><strong>.Servatore,</strong></span> <span class='ocrx_word' id='word_1_106' title='bbox 1802 1095 2020 1150; x_wconf 82' lang='lat' dir='ltr'><strong>eodem-</strong></span> 
     </span>
    </p>
   </div>
   <div class='ocr_carea' id='block_1_15' title="bbox 436 1185 2018 1258">
    <p class='ocr_par' dir='ltr' id='par_1_15' title="bbox 436 1185 2018 1258">
     <span class='ocr_line' id='line_1_15' title="bbox 436 1185 2018 1258; baseline 0 -18"><span class='ocrx_word' id='word_1_107' title='bbox 436 1198 545 1258; x_wconf 87' lang='lat' dir='ltr'><strong>que.</strong></span> <span class='ocrx_word' id='word_1_108' title='bbox 579 1188 868 1244; x_wconf 84' lang='lat' dir='ltr'><strong>sanctioris</strong></span> <span class='ocrx_word' id='word_1_109' title='bbox 905 1202 1030 1257; x_wconf 86' lang='lat' dir='ltr'><strong>erga</strong></span> <span class='ocrx_word' id='word_1_110' title='bbox 1070 1203 1240 1241; x_wconf 90' lang='lat' dir='ltr'><strong>unum</strong></span> <span class='ocrx_word' id='word_1_111' title='bbox 1280 1195 1663 1258; x_wconf 64' lang='lat' dir='ltr'><strong>praepotentem</strong></span> <span class='ocrx_word' id='word_1_112' title='bbox 1696 1185 1864 1240; x_wconf 90' lang='lat' dir='ltr'><strong>Deum</strong></span> <span class='ocrx_word' id='word_1_113' title='bbox 1893 1186 2018 1240; x_wconf 91' lang='lat' dir='ltr'><strong>reli-</strong></span> 
     </span>
    </p>
   </div>
   <div class='ocr_carea' id='block_1_16' title="bbox 437 1277 2015 1350">
    <p class='ocr_par' dir='ltr' id='par_1_16' title="bbox 437 1277 2015 1350">
     <span class='ocr_line' id='line_1_16' title="bbox 437 1277 2015 1350; baseline -0.001 -18"><span class='ocrx_word' id='word_1_114' title='bbox 437 1280 616 1348; x_wconf 78' lang='lat' dir='ltr'><strong>gionis</strong></span> <span class='ocrx_word' id='word_1_115' title='bbox 651 1280 906 1334; x_wconf 90' lang='lat' dir='ltr'><strong>omnibus</strong></span> <span class='ocrx_word' id='word_1_116' title='bbox 951 1279 1054 1333; x_wconf 87' lang='lat' dir='ltr'><strong>sub</strong></span> <span class='ocrx_word' id='word_1_117' title='bbox 1095 1279 1208 1334; x_wconf 91' lang='lat' dir='ltr'><strong>sole</strong></span> <span class='ocrx_word' id='word_1_118' title='bbox 1255 1279 1506 1350; x_wconf 82' lang='lat' dir='ltr'><strong>gentibus</strong></span> <span class='ocrx_word' id='word_1_119' title='bbox 1549 1277 1768 1332; x_wconf 90' lang='lat' dir='ltr'><strong>doctore</strong></span> <span class='ocrx_word' id='word_1_120' title='bbox 1813 1277 2015 1345; x_wconf 79' lang='lat' dir='ltr'><strong>futuro,</strong></span> 
     </span>
    </p>
   </div>
   <div class='ocr_carea' id='block_1_17' title="bbox 437 1371 2017 1442">
    <p class='ocr_par' dir='ltr' id='par_1_17' title="bbox 437 1371 2017 1442">
     <span class='ocr_line' id='line_1_17' title="bbox 437 1371 2017 1442; baseline -0.001 -17"><span class='ocrx_word' id='word_1_121' title='bbox 437 1373 692 1440; x_wconf 71' lang='lat' dir='ltr'><strong>przedicta</strong></span> <span class='ocrx_word' id='word_1_122' title='bbox 729 1373 842 1442; x_wconf 90' lang='lat' dir='ltr'><strong>jam</strong></span> <span class='ocrx_word' id='word_1_123' title='bbox 877 1371 1005 1424; x_wconf 87' lang='lat' dir='ltr'><strong>olim</strong></span> <span class='ocrx_word' id='word_1_124' title='bbox 1037 1381 1250 1432; x_wconf 80' lang='lat' dir='ltr'><strong>essent.</strong></span> <span class='ocrx_word' id='word_1_125' title='bbox 1283 1387 1346 1426; x_wconf 89' lang='lat' dir='ltr'><strong>ea</strong></span> <span class='ocrx_word' id='word_1_126' title='bbox 1374 1372 1591 1426; x_wconf 91' lang='lat' dir='ltr'><strong>demum</strong></span> <span class='ocrx_word' id='word_1_127' title='bbox 1635 1380 1887 1426; x_wconf 85' lang='lat' dir='ltr'><strong>accurata</strong></span> <span class='ocrx_word' id='word_1_128' title='bbox 1921 1387 2017 1426; x_wconf 81' lang='lat' dir='ltr'><strong>ex-</strong></span> 
     </span>
    </p>
   </div>
   <div class='ocr_carea' id='block_1_18' title="bbox 435 1462 2016 1534">
    <p class='ocr_par' dir='ltr' id='par_1_18' title="bbox 435 1462 2016 1534">
     <span class='ocr_line' id='line_1_18' title="bbox 435 1462 2016 1534; baseline 0.001 -17"><span class='ocrx_word' id='word_1_129' title='bbox 435 1465 726 1533; x_wconf 76' lang='lat' dir='ltr'><strong>plicalione</strong></span> <span class='ocrx_word' id='word_1_130' title='bbox 749 1462 1038 1533; x_wconf 79' lang='lat' dir='ltr'><strong>patefacta,</strong></span> <span class='ocrx_word' id='word_1_131' title='bbox 1075 1471 1130 1518; x_wconf 93' lang='lat' dir='ltr'><strong>et</strong></span> <span class='ocrx_word' id='word_1_132' title='bbox 1168 1463 1402 1534; x_wconf 88' lang='lat' dir='ltr'><strong>publicis</strong></span> <span class='ocrx_word' id='word_1_133' title='bbox 1433 1463 1487 1516; x_wconf 92' lang='lat' dir='ltr'><strong>in</strong></span> <span class='ocrx_word' id='word_1_134' title='bbox 1533 1463 1876 1518; x_wconf 89' lang='lat' dir='ltr'><strong>bibliothecis</strong></span> <span class='ocrx_word' id='word_1_135' title='bbox 1905 1465 2016 1519; x_wconf 89' lang='lat' dir='ltr'><strong>eol-</strong></span> 
     </span>
    </p>
   </div>
   <div class='ocr_carea' id='block_1_19' title="bbox 435 1553 2015 1616">
    <p class='ocr_par' dir='ltr' id='par_1_19' title="bbox 435 1553 2015 1616">
     <span class='ocr_line' id='line_1_19' title="bbox 435 1553 2015 1616; baseline 0.002 -9"><span class='ocrx_word' id='word_1_136' title='bbox 435 1555 610 1608; x_wconf 87' lang='lat' dir='ltr'><strong>locata</strong></span> <span class='ocrx_word' id='word_1_137' title='bbox 651 1562 969 1609; x_wconf 89' lang='lat' dir='ltr'><strong>cunctorum</strong></span> <span class='ocrx_word' id='word_1_138' title='bbox 1015 1554 1069 1608; x_wconf 92' lang='lat' dir='ltr'><strong>in</strong></span> <span class='ocrx_word' id='word_1_139' title='bbox 1114 1554 1292 1609; x_wconf 90' lang='lat' dir='ltr'><strong>lucem</strong></span> <span class='ocrx_word' id='word_1_140' title='bbox 1339 1553 1609 1616; x_wconf 74' lang='lat' dir='ltr'><strong>venirent,</strong></span> <span class='ocrx_word' id='word_1_141' title='bbox 1641 1553 1882 1609; x_wconf 89' lang='lat' dir='ltr'><strong>immissa</strong></span> <span class='ocrx_word' id='word_1_142' title='bbox 1914 1554 2015 1610; x_wconf 89' lang='lat' dir='ltr'><strong>hac</strong></span> 
     </span>
    </p>
   </div>
   <div class='ocr_carea' id='block_1_20' title="bbox 435 1644 2018 1717">
    <p class='ocr_par' dir='ltr' id='par_1_20' title="bbox 435 1644 2018 1717">
     <span class='ocr_line' id='line_1_20' title="bbox 435 1644 2018 1717; baseline 0.002 -20"><span class='ocrx_word' id='word_1_143' title='bbox 435 1644 725 1700; x_wconf 63' lang='lat' dir='ltr'><strong>Ptolemaeo</strong></span> <span class='ocrx_word' id='word_1_144' title='bbox 764 1647 874 1717; x_wconf 89' lang='lat' dir='ltr'><strong>regi</strong></span> <span class='ocrx_word' id='word_1_145' title='bbox 911 1656 1090 1701; x_wconf 88' lang='lat' dir='ltr'><strong>mente</strong></span> <span class='ocrx_word' id='word_1_146' title='bbox 1126 1645 1390 1701; x_wconf 84' lang='lat' dir='ltr'><strong>divinitus</strong></span> <span class='ocrx_word' id='word_1_147' title='bbox 1427 1661 1440 1696; x_wconf 91' lang='lat'><strong>:</strong></span> <span class='ocrx_word' id='word_1_148' title='bbox 1486 1645 1743 1700; x_wconf 90' lang='lat' dir='ltr'><strong>nimirum</strong></span> <span class='ocrx_word' id='word_1_149' title='bbox 1781 1654 1839 1700; x_wconf 92' lang='lat' dir='ltr'><strong>ut</strong></span> <span class='ocrx_word' id='word_1_150' title='bbox 1869 1661 2018 1716; x_wconf 58' lang='lat' dir='ltr'><strong>qua!-</strong></span> 
     </span>
    </p>
   </div>
   <div class='ocr_carea' id='block_1_21' title="bbox 2112 729 3676 801">
    <p class='ocr_par' dir='ltr' id='par_1_21' title="bbox 2112 729 3676 801">
     <span class='ocr_line' id='line_1_21' title="bbox 2112 729 3676 801; baseline -0.001 -19"><span class='ocrx_word' id='word_1_151' title='bbox 2112 729 2556 801; x_wconf 76' lang='grc' dir='ltr'>ἀποκαλυφθῆναι</span> <span class='ocrx_word' id='word_1_152' title='bbox 2578 733 2688 792; x_wconf 87' lang='grc' dir='ltr'>τοῖς</span> <span class='ocrx_word' id='word_1_153' title='bbox 2711 732 2895 791; x_wconf 79' lang='grc' dir='ltr'>πᾶσιν,</span> <span class='ocrx_word' id='word_1_154' title='bbox 2912 731 2989 792; x_wconf 89' lang='grc' dir='ltr'><strong>είς</strong></span> <span class='ocrx_word' id='word_1_155' title='bbox 3003 729 3115 798; x_wconf 79' lang='grc' dir='ltr'>φῶς</span> <span class='ocrx_word' id='word_1_156' title='bbox 3132 746 3187 780; x_wconf 88' lang='grc' dir='ltr'><strong>τε</strong></span> <span class='ocrx_word' id='word_1_157' title='bbox 3212 729 3402 791; x_wconf 81' lang='grc' dir='ltr'>έλθεῖν,</span> <span class='ocrx_word' id='word_1_158' title='bbox 3423 731 3507 780; x_wconf 82' lang='grc' dir='ltr'>ἐπ’</span> <span class='ocrx_word' id='word_1_159' title='bbox 3522 731 3676 797; x_wconf 86' lang='grc' dir='ltr'>ἀκρι-</span> 
     </span>
    </p>
   </div>
   <div class='ocr_carea' id='block_1_22' title="bbox 2113 821 3677 893">
    <p class='ocr_par' dir='ltr' id='par_1_22' title="bbox 2113 821 3677 893">
     <span class='ocr_line' id='line_1_22' title="bbox 2113 821 3677 893; baseline 0.001 -20"><span class='ocrx_word' id='word_1_160' title='bbox 2113 821 2204 884; x_wconf 83' lang='grc' dir='ltr'>ϐὲς</span> <span class='ocrx_word' id='word_1_161' title='bbox 2246 823 2704 892; x_wconf 86' lang='grc' dir='ltr'>μεταϐληθείσας,</span> <span class='ocrx_word' id='word_1_162' title='bbox 2747 822 3027 892; x_wconf 74' lang='grc' dir='ltr'><strong>δημοσίαις</strong></span> <span class='ocrx_word' id='word_1_163' title='bbox 3069 839 3126 874; x_wconf 85' lang='grc' dir='ltr'><strong>τε</strong></span> <span class='ocrx_word' id='word_1_164' title='bbox 3157 821 3517 893; x_wconf 83' lang='grc' dir='ltr'>βιϐλιοθήκαις</span> <span class='ocrx_word' id='word_1_165' title='bbox 3549 823 3677 874; x_wconf 79' lang='grc' dir='ltr'>ἀνα-</span> 
     </span>
    </p>
   </div>
   <div class='ocr_carea' id='block_1_23' title="bbox 2111 915 3678 986">
    <p class='ocr_par' dir='ltr' id='par_1_23' title="bbox 2111 915 3678 986">
     <span class='ocr_line' id='line_1_23' title="bbox 2111 915 3678 986; baseline -0.001 -18"><span class='ocrx_word' id='word_1_166' title='bbox 2111 916 2376 980; x_wconf 85' lang='grc' dir='ltr'>τεθείσας,</span> <span class='ocrx_word' id='word_1_167' title='bbox 2401 918 2714 981; x_wconf 84' lang='grc' dir='ltr'>διοικεῖται,</span> <span class='ocrx_word' id='word_1_168' title='bbox 2756 916 2965 986; x_wconf 78' lang='grc' dir='ltr'>βασιλεῖ</span> <span class='ocrx_word' id='word_1_169' title='bbox 3021 916 3339 986; x_wconf 79' lang='grc' dir='ltr'>Πτολεμαίῳ</span> <span class='ocrx_word' id='word_1_170' title='bbox 3368 915 3524 968; x_wconf 81' lang='grc' dir='ltr'>τοῦτο</span> <span class='ocrx_word' id='word_1_171' title='bbox 3541 915 3678 985; x_wconf 79' lang='grc' dir='ltr'>πρᾶ-</span> 
     </span>
    </p>
   </div>
   <div class='ocr_carea' id='block_1_24' title="bbox 2113 1004 3674 1078">
    <p class='ocr_par' dir='ltr' id='par_1_24' title="bbox 2113 1004 3674 1078">
     <span class='ocr_line' id='line_1_24' title="bbox 2113 1004 3674 1078; baseline 0 -19"><span class='ocrx_word' id='word_1_172' title='bbox 2113 1004 2198 1069; x_wconf 80' lang='grc' dir='ltr'>ξαι</span> <span class='ocrx_word' id='word_1_173' title='bbox 2225 1007 2362 1060; x_wconf 77' lang='grc' dir='ltr'>κατὰ</span> <span class='ocrx_word' id='word_1_174' title='bbox 2383 1007 2506 1060; x_wconf 77' lang='grc' dir='ltr'>νοῦν</span> <span class='ocrx_word' id='word_1_175' title='bbox 2529 1007 2798 1078; x_wconf 80' lang='grc' dir='ltr'>ἐμϐαλὼν,</span> <span class='ocrx_word' id='word_1_176' title='bbox 2818 1009 2897 1071; x_wconf 84' lang='grc' dir='ltr'><strong>είς</strong></span> <span class='ocrx_word' id='word_1_177' title='bbox 2917 1008 3395 1078; x_wconf 77' lang='grc' dir='ltr'>προπαρασκευὴν,</span> <span class='ocrx_word' id='word_1_178' title='bbox 3422 1007 3496 1069; x_wconf 85' lang='grc' dir='ltr'>ὼς</span> <span class='ocrx_word' id='word_1_179' title='bbox 3512 1007 3674 1069; x_wconf 78' lang='grc' dir='ltr'>ἔοικε,</span> 
     </span>
    </p>
   </div>
   <div class='ocr_carea' id='block_1_25' title="bbox 2109 1098 3682 1170">
    <p class='ocr_par' dir='ltr' id='par_1_25' title="bbox 2109 1098 3682 1170">
     <span class='ocr_line' id='line_1_25' title="bbox 2109 1098 3682 1170; baseline -0.001 -20"><span class='ocrx_word' id='word_1_180' title='bbox 2109 1101 2210 1170; x_wconf 78' lang='grc' dir='ltr'>τῆς</span> <span class='ocrx_word' id='word_1_181' title='bbox 2265 1099 2373 1152; x_wconf 82' lang='grc' dir='ltr'><strong>τῶν</strong></span> <span class='ocrx_word' id='word_1_182' title='bbox 2432 1099 2599 1153; x_wconf 75' lang='grc' dir='ltr'>ἐθνῶν</span> <span class='ocrx_word' id='word_1_183' title='bbox 2651 1101 2906 1154; x_wconf 86' lang='grc' dir='ltr'>ἁπάντων</span> <span class='ocrx_word' id='word_1_184' title='bbox 2951 1101 3073 1153; x_wconf 85' lang='grc' dir='ltr'>ὅσον</span> <span class='ocrx_word' id='word_1_185' title='bbox 3115 1099 3266 1153; x_wconf 77' lang='grc' dir='ltr'>οὔπω</span> <span class='ocrx_word' id='word_1_186' title='bbox 3296 1098 3592 1169; x_wconf 76' lang='grc' dir='ltr'>μελλούσης</span> <span class='ocrx_word' id='word_1_187' title='bbox 3619 1098 3682 1164; x_wconf 75' lang='grc' dir='ltr'>ἐξ</span> 
     </span>
    </p>
   </div>
   <div class='ocr_carea' id='block_1_26' title="bbox 2111 1189 3681 1266">
    <p class='ocr_par' dir='ltr' id='par_1_26' title="bbox 2111 1189 3681 1266">
     <span class='ocr_line' id='line_1_26' title="bbox 2111 1189 3681 1266; baseline -0.001 -20"><span class='ocrx_word' id='word_1_188' title='bbox 2111 1193 2288 1246; x_wconf 83' lang='grc' dir='ltr'>αὐτῶν</span> <span class='ocrx_word' id='word_1_189' title='bbox 2314 1193 2531 1247; x_wconf 81' lang='grc' dir='ltr'>ἔσεσθαι</span> <span class='ocrx_word' id='word_1_190' title='bbox 2567 1195 2939 1265; x_wconf 75' lang='grc' dir='ltr'>μεταλήψεως.</span> <span class='ocrx_word' id='word_1_191' title='bbox 2984 1189 3083 1247; x_wconf 83' lang='grc' dir='ltr'>Ὧν</span> <span class='ocrx_word' id='word_1_192' title='bbox 3119 1194 3228 1266; x_wconf 81' lang='grc' dir='ltr'>γὰρ</span> <span class='ocrx_word' id='word_1_193' title='bbox 3261 1195 3361 1249; x_wconf 79' lang='grc' dir='ltr'><strong>οὐκ</strong></span> <span class='ocrx_word' id='word_1_194' title='bbox 3398 1193 3462 1248; x_wconf 81' lang='grc' dir='ltr'><strong>ἂν</strong></span> <span class='ocrx_word' id='word_1_195' title='bbox 3507 1193 3681 1257; x_wconf 80' lang='grc' dir='ltr'>ἄλλως</span> 
     </span>
    </p>
   </div>
   <div class='ocr_carea' id='block_1_27' title="bbox 2112 1280 3682 1358">
    <p class='ocr_par' dir='ltr' id='par_1_27' title="bbox 2112 1280 3682 1358">
     <span class='ocr_line' id='line_1_27' title="bbox 2112 1280 3682 1358; baseline 0.001 -22"><span class='ocrx_word' id='word_1_196' title='bbox 2112 1280 2374 1355; x_wconf 74' lang='grc' dir='ltr'>ἐτύχομεν</span> <span class='ocrx_word' id='word_1_197' title='bbox 2416 1285 2568 1357; x_wconf 84' lang='grc' dir='ltr'>παρὰ</span> <span class='ocrx_word' id='word_1_198' title='bbox 2611 1285 2875 1339; x_wconf 81' lang='grc' dir='ltr'><strong>Ἰουδαίων</strong></span> <span class='ocrx_word' id='word_1_199' title='bbox 2892 1329 2906 1350; x_wconf 91' lang='grc'><strong>,</strong></span> <span class='ocrx_word' id='word_1_200' title='bbox 2927 1286 3355 1358; x_wconf 71' lang='grc' dir='ltr'>ἀποκρυψάντων</span> <span class='ocrx_word' id='word_1_201' title='bbox 3378 1285 3444 1338; x_wconf 86' lang='grc' dir='ltr'>ἂν</span> <span class='ocrx_word' id='word_1_202' title='bbox 3461 1285 3528 1339; x_wconf 85' lang='grc' dir='ltr'>τὰ</span> <span class='ocrx_word' id='word_1_203' title='bbox 3553 1283 3682 1358; x_wconf 83' lang='grc' dir='ltr'>παρ’</span> 
     </span>
    </p>
   </div>
   <div class='ocr_carea' id='block_1_28' title="bbox 2111 1375 3684 1450">
    <p class='ocr_par' dir='ltr' id='par_1_28' title="bbox 2111 1375 3684 1450">
     <span class='ocr_line' id='line_1_28' title="bbox 2111 1375 3684 1450; baseline 0.001 -22"><span class='ocrx_word' id='word_1_204' title='bbox 2111 1376 2292 1440; x_wconf 82' lang='grc' dir='ltr'>αὐτοῖς</span> <span class='ocrx_word' id='word_1_205' title='bbox 2345 1376 2501 1446; x_wconf 82' lang='grc' dir='ltr'>λόγια</span> <span class='ocrx_word' id='word_1_206' title='bbox 2546 1377 2633 1430; x_wconf 87' lang='grc' dir='ltr'>διὰ</span> <span class='ocrx_word' id='word_1_207' title='bbox 2671 1377 2762 1430; x_wconf 81' lang='grc' dir='ltr'><strong>τὸν</strong></span> <span class='ocrx_word' id='word_1_208' title='bbox 2820 1377 2956 1450; x_wconf 77' lang='grc' dir='ltr'>πρὸς</span> <span class='ocrx_word' id='word_1_209' title='bbox 3010 1380 3156 1450; x_wconf 82' lang='grc' dir='ltr'>ἡμᾶς</span> <span class='ocrx_word' id='word_1_210' title='bbox 3217 1377 3436 1445; x_wconf 71' lang='grc' dir='ltr'>φθόνονι</span> <span class='ocrx_word' id='word_1_211' title='bbox 3479 1375 3684 1429; x_wconf 76' lang='grc' dir='ltr'>τούτων</span> 
     </span>
    </p>
   </div>
   <div class='ocr_carea' id='block_1_29' title="bbox 2111 1467 3682 1541">
    <p class='ocr_par' dir='ltr' id='par_1_29' title="bbox 2111 1467 3682 1541">
     <span class='ocr_line' id='line_1_29' title="bbox 2111 1467 3682 1541; baseline 0 -21"><span class='ocrx_word' id='word_1_212' title='bbox 2111 1469 2176 1520; x_wconf 84' lang='grc' dir='ltr'>ὲκ</span> <span class='ocrx_word' id='word_1_213' title='bbox 2193 1471 2290 1539; x_wconf 78' lang='grc' dir='ltr'>τῆς</span> <span class='ocrx_word' id='word_1_214' title='bbox 2320 1467 2504 1522; x_wconf 86' lang='grc' dir='ltr'>θεόθεν</span> <span class='ocrx_word' id='word_1_215' title='bbox 2545 1467 2987 1540; x_wconf 83' lang='grc' dir='ltr'>οίκονομηθείσης</span> <span class='ocrx_word' id='word_1_216' title='bbox 3025 1467 3316 1541; x_wconf 80' lang='grc' dir='ltr'>ἑρμηνείας</span> <span class='ocrx_word' id='word_1_217' title='bbox 3351 1467 3682 1539; x_wconf 71' lang='grc' dir='ltr'>ἠξιώθημεν.</span> 
     </span>
    </p>
   </div>
   <div class='ocr_carea' id='block_1_30' title="bbox 2111 1558 3683 1634">
    <p class='ocr_par' dir='ltr' id='par_1_30' title="bbox 2111 1558 3683 1634">
     <span class='ocr_line' id='line_1_30' title="bbox 2111 1558 3683 1634; baseline 0.002 -23"><span class='ocrx_word' id='word_1_218' title='bbox 2111 1558 2249 1631; x_wconf 78' lang='grc' dir='ltr'>πρὸς</span> <span class='ocrx_word' id='word_1_219' title='bbox 2273 1559 2380 1615; x_wconf 84' lang='grc' dir='ltr'><strong>τῶν</strong></span> <span class='ocrx_word' id='word_1_220' title='bbox 2406 1561 2538 1634; x_wconf 73' lang='grc' dir='ltr'><strong>⁸παρ’</strong></span> <span class='ocrx_word' id='word_1_221' title='bbox 2562 1563 2744 1626; x_wconf 85' lang='grc' dir='ltr'>αὐτοῖς</span> <span class='ocrx_word' id='word_1_222' title='bbox 2771 1560 2860 1616; x_wconf 83' lang='grc' dir='ltr'><strong>έπί</strong></span> <span class='ocrx_word' id='word_1_223' title='bbox 2883 1579 2942 1615; x_wconf 91' lang='grc' dir='ltr'><strong>τε</strong></span> <span class='ocrx_word' id='word_1_224' title='bbox 2974 1561 3185 1614; x_wconf 80' lang='grc' dir='ltr'>συνέσει</span> <span class='ocrx_word' id='word_1_225' title='bbox 3217 1562 3310 1615; x_wconf 78' lang='grc' dir='ltr'>καὶ</span> <span class='ocrx_word' id='word_1_226' title='bbox 3337 1564 3399 1632; x_wconf 80' lang='grc' dir='ltr'>τῇ</span> <span class='ocrx_word' id='word_1_227' title='bbox 3434 1560 3683 1632; x_wconf 83' lang='grc' dir='ltr'>πατρίων</span> 
     </span>
    </p>
   </div>
   <div class='ocr_carea' id='block_1_31' title="bbox 2113 1651 3678 1724">
    <p class='ocr_par' dir='ltr' id='par_1_31' title="bbox 2113 1651 3678 1724">
     <span class='ocr_line' id='line_1_31' title="bbox 2113 1651 3678 1724; baseline 0.001 -21"><span class='ocrx_word' id='word_1_228' title='bbox 2113 1651 2332 1723; x_wconf 65' lang='grc' dir='ltr'>παιδείᾳ</span> <span class='ocrx_word' id='word_1_229' title='bbox 2411 1652 2885 1724; x_wconf 82' lang='grc' dir='ltr'>δεδοκιμασμένων</span> <span class='ocrx_word' id='word_1_230' title='bbox 2947 1651 3154 1724; x_wconf 84' lang='grc' dir='ltr'>ἀνδρῶν</span> <span class='ocrx_word' id='word_1_231' title='bbox 3213 1651 3678 1723; x_wconf 81' lang='grc' dir='ltr'>μεταϐληθέντων.</span> 
     </span>
    </p>
   </div>
   <div class='ocr_carea' id='block_1_32' title="bbox 433 1723 2004 1816">
    <p class='ocr_par' dir='ltr' id='par_1_32' title="bbox 433 1738 2004 1810">
     <span class='ocr_line' id='line_1_32' title="bbox 433 1738 2004 1810; baseline 0.002 -19"><span class='ocrx_word' id='word_1_232' title='bbox 433 1738 558 1792; x_wconf 88' lang='lat' dir='ltr'><strong>dam</strong></span> <span class='ocrx_word' id='word_1_233' title='bbox 592 1739 749 1808; x_wconf 89' lang='lat' dir='ltr'><strong>quasi</strong></span> <span class='ocrx_word' id='word_1_234' title='bbox 777 1753 948 1808; x_wconf 89' lang='lat' dir='ltr'><strong>penus</strong></span> <span class='ocrx_word' id='word_1_235' title='bbox 971 1749 1137 1802; x_wconf 90' lang='lat' dir='ltr'><strong>esset,</strong></span> <span class='ocrx_word' id='word_1_236' title='bbox 1167 1738 1310 1794; x_wconf 91' lang='lat' dir='ltr'><strong>unde</strong></span> <span class='ocrx_word' id='word_1_237' title='bbox 1343 1739 1430 1792; x_wconf 91' lang='lat' dir='ltr'><strong>illa</strong></span> <span class='ocrx_word' id='word_1_238' title='bbox 1460 1738 1806 1809; x_wconf 89' lang='lat' dir='ltr'><strong>postmodum</strong></span> <span class='ocrx_word' id='word_1_239' title='bbox 1838 1740 1891 1794; x_wconf 92' lang='lat' dir='ltr'><strong>in</strong></span> <span class='ocrx_word' id='word_1_240' title='bbox 1920 1754 2004 1810; x_wconf 94' lang='lat' dir='ltr'><strong>po-</strong></span> 
     </span>
    </p>
   </div>
   <div class='ocr_carea' id='block_1_33' title="bbox 2112 1723 3681 1816">
    <p class='ocr_par' dir='ltr' id='par_1_33' title="bbox 2115 1723 3681 1816">
     <span class='ocr_line' id='line_1_33' title="bbox 2115 1723 3681 1816; baseline 0.002 -22"><span class='ocrx_word' id='word_1_241' title='bbox 2115 1743 2318 1814; x_wconf 71' lang='grc' dir='ltr'>Γράφει</span> <span class='ocrx_word' id='word_1_242' title='bbox 2350 1742 2407 1796; x_wconf 86' lang='grc' dir='ltr'>δὲ</span> <span class='ocrx_word' id='word_1_243' title='bbox 2433 1723 2606 1798; x_wconf 78' lang='grc' dir='ltr'>ταῦτα</span> <span class='ocrx_word' id='word_1_244' title='bbox 2643 1723 2965 1816; x_wconf 82' lang='grc' dir='ltr'>Ἀρισταῖος,</span> <span class='ocrx_word' id='word_1_245' title='bbox 2995 1723 3133 1816; x_wconf 78' lang='grc' dir='ltr'>ἀνὴρ</span> <span class='ocrx_word' id='word_1_246' title='bbox 3153 1743 3333 1813; x_wconf 85' lang='grc' dir='ltr'>λόγιος</span> <span class='ocrx_word' id='word_1_247' title='bbox 3367 1745 3462 1816; x_wconf 85' lang='grc' dir='ltr'><strong>μὲν</strong></span> <span class='ocrx_word' id='word_1_248' title='bbox 3486 1745 3681 1811; x_wconf 79' lang='grc' dir='ltr'>ἄλλως,</span> 
     </span>
    </p>
   </div>
   <div class='ocr_carea' id='block_1_34' title="bbox 432 1828 2011 1903">
    <p class='ocr_par' dir='ltr' id='par_1_34' title="bbox 432 1828 2011 1903">
     <span class='ocr_line' id='line_1_34' title="bbox 432 1828 2011 1903; baseline 0.003 -20"><span class='ocrx_word' id='word_1_249' title='bbox 432 1828 684 1898; x_wconf 90' lang='lat' dir='ltr'><strong>pulorum</strong></span> <span class='ocrx_word' id='word_1_250' title='bbox 718 1833 963 1886; x_wconf 88' lang='lat' dir='ltr'><strong>omnium</strong></span> <span class='ocrx_word' id='word_1_251' title='bbox 1011 1846 1170 1886; x_wconf 90' lang='lat' dir='ltr'><strong>usum</strong></span> <span class='ocrx_word' id='word_1_252' title='bbox 1215 1830 1566 1902; x_wconf 81' lang='lat' dir='ltr'><strong>fructumque</strong></span> <span class='ocrx_word' id='word_1_253' title='bbox 1612 1840 2011 1903; x_wconf 88' lang='lat' dir='ltr'><strong>promerentur.</strong></span> 
     </span>
    </p>
   </div>
   <div class='ocr_carea' id='block_1_35' title="bbox 434 1922 2014 1995">
    <p class='ocr_par' dir='ltr' id='par_1_35' title="bbox 434 1922 2014 1995">
     <span class='ocr_line' id='line_1_35' title="bbox 434 1922 2014 1995; baseline 0.003 -20"><span class='ocrx_word' id='word_1_254' title='bbox 434 1922 724 1980; x_wconf 82' lang='lat' dir='ltr'><strong>Enimvero</strong></span> <span class='ocrx_word' id='word_1_255' title='bbox 753 1940 984 1994; x_wconf 89' lang='lat' dir='ltr'><strong>quorum</strong></span> <span class='ocrx_word' id='word_1_256' title='bbox 1019 1925 1178 1980; x_wconf 81' lang='lat' dir='ltr'><strong>aliter</strong></span> <span class='ocrx_word' id='word_1_257' title='bbox 1215 1925 1362 1980; x_wconf 90' lang='lat' dir='ltr'><strong>nulla</strong></span> <span class='ocrx_word' id='word_1_258' title='bbox 1395 1925 1554 1981; x_wconf 89' lang='lat' dir='ltr'><strong>nobis</strong></span> <span class='ocrx_word' id='word_1_259' title='bbox 1581 1940 1824 1995; x_wconf 87' lang='lat' dir='ltr'><strong>unquam</strong></span> <span class='ocrx_word' id='word_1_260' title='bbox 1859 1941 1889 1980; x_wconf 90' lang='lat' dir='ltr'><strong>a</strong></span> <span class='ocrx_word' id='word_1_261' title='bbox 1916 1925 2014 1980; x_wconf 82' lang='lat' dir='ltr'><strong>Ju-</strong></span> 
     </span>
    </p>
   </div>
   <div class='ocr_carea' id='block_1_36' title="bbox 2115 1834 3686 1907">
    <p class='ocr_par' dir='ltr' id='par_1_36' title="bbox 2115 1834 3686 1907">
     <span class='ocr_line' id='line_1_36' title="bbox 2115 1834 3686 1907; baseline 0.003 -21"><span class='ocrx_word' id='word_1_262' title='bbox 2115 1834 2176 1886; x_wconf 85' lang='grc' dir='ltr'><strong>οὐ</strong></span> <span class='ocrx_word' id='word_1_263' title='bbox 2205 1834 2308 1904; x_wconf 77' lang='grc' dir='ltr'><strong>μὴν</strong></span> <span class='ocrx_word' id='word_1_264' title='bbox 2337 1835 2579 1888; x_wconf 73' lang='grc' dir='ltr'>ἀλλὰκαὶ</span> <span class='ocrx_word' id='word_1_265' title='bbox 2603 1835 2930 1906; x_wconf 84' lang='grc' dir='ltr'>παρατυχὼν</span> <span class='ocrx_word' id='word_1_266' title='bbox 2967 1839 3078 1899; x_wconf 82' lang='grc' dir='ltr'>τοῖς</span> <span class='ocrx_word' id='word_1_267' title='bbox 3106 1836 3395 1907; x_wconf 83' lang='grc' dir='ltr'>πραχθεῖσι</span> <span class='ocrx_word' id='word_1_268' title='bbox 3425 1837 3562 1891; x_wconf 84' lang='grc' dir='ltr'><strong>κατὰ</strong></span> <span class='ocrx_word' id='word_1_269' title='bbox 3591 1835 3686 1891; x_wconf 75' lang='grc' dir='ltr'><strong>τὸν</strong></span> 
     </span>
    </p>
   </div>
   <div class='ocr_carea' id='block_1_37' title="bbox 2117 1921 3683 1995">
    <p class='ocr_par' dir='ltr' id='par_1_37' title="bbox 2117 1921 3683 1995">
     <span class='ocr_line' id='line_1_37' title="bbox 2117 1921 3683 1995; baseline 0.002 -22"><span class='ocrx_word' id='word_1_270' title='bbox 2117 1921 2364 1993; x_wconf 83' lang='grc' dir='ltr'>δεύτερον</span> <span class='ocrx_word' id='word_1_271' title='bbox 2405 1923 2768 1994; x_wconf 89' lang='grc' dir='ltr'>Πτολεμαῖον,</span> <span class='ocrx_word' id='word_1_272' title='bbox 2802 1926 2892 1978; x_wconf 82' lang='grc' dir='ltr'><strong>τὸν</strong></span> <span class='ocrx_word' id='word_1_273' title='bbox 2933 1925 3292 1995; x_wconf 74' lang='grc' dir='ltr'>ἐπικληθέντα</span> <span class='ocrx_word' id='word_1_274' title='bbox 3341 1925 3683 1994; x_wconf 61' lang='grc' dir='ltr'>Φιλάδελφον,</span> 
     </span>
    </p>
   </div>
   <div class='ocr_carea' id='block_1_38' title="bbox 430 2012 2004 2088">
    <p class='ocr_par' dir='ltr' id='par_1_38' title="bbox 430 2015 2004 2088">
     <span class='ocr_line' id='line_1_38' title="bbox 430 2015 2004 2088; baseline 0.001 -20"><span class='ocrx_word' id='word_1_275' title='bbox 430 2015 595 2080; x_wconf 67' lang='grc' dir='ltr'>ἀτείε,</span> <span class='ocrx_word' id='word_1_276' title='bbox 626 2029 848 2071; x_wconf 83' lang='lat' dir='ltr'><strong>suorum</strong></span> <span class='ocrx_word' id='word_1_277' title='bbox 886 2016 1044 2071; x_wconf 93' lang='lat' dir='ltr'><strong>nobis</strong></span> <span class='ocrx_word' id='word_1_278' title='bbox 1074 2016 1421 2071; x_wconf 87' lang='lat' dir='ltr'><strong>oraculorum</strong></span> <span class='ocrx_word' id='word_1_279' title='bbox 1470 2017 1833 2088; x_wconf 88' lang='lat' dir='ltr'><strong>cognitionem</strong></span> <span class='ocrx_word' id='word_1_280' title='bbox 1871 2016 2004 2071; x_wconf 44' lang='lat' dir='ltr'><strong>invi‘</strong></span> 
     </span>
    </p>
   </div>
   <div class='ocr_carea' id='block_1_39' title="bbox 2112 2012 3687 2088">
    <p class='ocr_par' dir='ltr' id='par_1_39' title="bbox 2120 2012 3687 2087">
     <span class='ocr_line' id='line_1_39' title="bbox 2120 2012 3687 2087; baseline 0.003 -23"><span class='ocrx_word' id='word_1_281' title='bbox 2120 2012 2239 2065; x_wconf 80' lang='grc' dir='ltr'>καθ’</span> <span class='ocrx_word' id='word_1_282' title='bbox 2264 2012 2321 2066; x_wconf 85' lang='grc' dir='ltr'>ὃν</span> <span class='ocrx_word' id='word_1_283' title='bbox 2341 2013 2409 2067; x_wconf 82' lang='grc' dir='ltr'>τὰ</span> <span class='ocrx_word' id='word_1_284' title='bbox 2433 2016 2531 2085; x_wconf 77' lang='grc' dir='ltr'>τῆς</span> <span class='ocrx_word' id='word_1_285' title='bbox 2556 2015 2850 2087; x_wconf 83' lang='grc' dir='ltr'>ἑρμηνείας</span> <span class='ocrx_word' id='word_1_286' title='bbox 2874 2016 2980 2069; x_wconf 84' lang='grc' dir='ltr'>τῶν</span> <span class='ocrx_word' id='word_1_287' title='bbox 3013 2015 3311 2070; x_wconf 84' lang='grc' dir='ltr'>Ἰουδαϊκῶν</span> <span class='ocrx_word' id='word_1_288' title='bbox 3333 2016 3580 2086; x_wconf 83' lang='grc' dir='ltr'>Γραφῶν,</span> <span class='ocrx_word' id='word_1_289' title='bbox 3599 2015 3687 2070; x_wconf 76' lang='grc' dir='ltr'>διὰ</span> 
     </span>
    </p>
   </div>
   <div class='ocr_carea' id='block_1_40' title="bbox 429 2104 2004 2179">
    <p class='ocr_par' dir='ltr' id='par_1_40' title="bbox 429 2107 2004 2178">
     <span class='ocr_line' id='line_1_40' title="bbox 429 2107 2004 2178; baseline 0.001 -18"><span class='ocrx_word' id='word_1_290' title='bbox 429 2107 718 2171; x_wconf 88' lang='lat' dir='ltr'><strong>dentibus,</strong></span> <span class='ocrx_word' id='word_1_291' title='bbox 767 2109 921 2177; x_wconf 88' lang='lat' dir='ltr'><strong>copia</strong></span> <span class='ocrx_word' id='word_1_292' title='bbox 961 2108 1144 2173; x_wconf 81' lang='lat' dir='ltr'><strong>fieret,</strong></span> <span class='ocrx_word' id='word_1_293' title='bbox 1174 2123 1362 2162; x_wconf 89' lang='lat' dir='ltr'><strong>eorum</strong></span> <span class='ocrx_word' id='word_1_294' title='bbox 1401 2108 1587 2163; x_wconf 88' lang='lat' dir='ltr'><strong>divino</strong></span> <span class='ocrx_word' id='word_1_295' title='bbox 1630 2107 1857 2164; x_wconf 93' lang='lat' dir='ltr'><strong>consilio</strong></span> <span class='ocrx_word' id='word_1_296' title='bbox 1885 2123 2004 2178; x_wconf 90' lang='lat' dir='ltr'><strong>pro-</strong></span> 
     </span>
    </p>
   </div>
   <div class='ocr_carea' id='block_1_41' title="bbox 2112 2104 3688 2179">
    <p class='ocr_par' dir='ltr' id='par_1_41' title="bbox 2123 2104 3688 2179">
     <span class='ocr_line' id='line_1_41' title="bbox 2123 2104 3688 2179; baseline 0.004 -25"><span class='ocrx_word' id='word_1_297' title='bbox 2123 2104 2358 2175; x_wconf 86' lang='grc' dir='ltr'>σπουδῆς</span> <span class='ocrx_word' id='word_1_298' title='bbox 2384 2105 2476 2158; x_wconf 81' lang='grc' dir='ltr'>τοῦ</span> <span class='ocrx_word' id='word_1_299' title='bbox 2507 2105 2765 2175; x_wconf 86' lang='grc' dir='ltr'>βασιλέως</span> <span class='ocrx_word' id='word_1_300' title='bbox 2791 2108 3076 2178; x_wconf 87' lang='grc' dir='ltr'>γενόμενα,</span> <span class='ocrx_word' id='word_1_301' title='bbox 3111 2108 3219 2161; x_wconf 86' lang='grc' dir='ltr'><strong>τῶν</strong></span> <span class='ocrx_word' id='word_1_302' title='bbox 3240 2108 3378 2162; x_wconf 84' lang='grc' dir='ltr'>κατὰ</span> <span class='ocrx_word' id='word_1_303' title='bbox 3402 2109 3500 2179; x_wconf 76' lang='grc' dir='ltr'><strong>τὴν</strong></span> <span class='ocrx_word' id='word_1_304' title='bbox 3545 2107 3688 2160; x_wconf 75' lang='grc' dir='ltr'>Ἀλε-</span> 
     </span>
    </p>
   </div>
   <div class='ocr_carea' id='block_1_42' title="bbox 428 2195 2004 2274">
    <p class='ocr_par' dir='ltr' id='par_1_42' title="bbox 428 2197 2004 2270">
     <span class='ocr_line' id='line_1_42' title="bbox 428 2197 2004 2270; baseline 0.003 -20"><span class='ocrx_word' id='word_1_305' title='bbox 428 2197 601 2254; x_wconf 87' lang='lat' dir='ltr'><strong>visam</strong></span> <span class='ocrx_word' id='word_1_306' title='bbox 657 2199 1154 2268; x_wconf 86' lang='lat' dir='ltr'><strong>interpretationem</strong></span> <span class='ocrx_word' id='word_1_307' title='bbox 1203 2199 1545 2270; x_wconf 89' lang='lat' dir='ltr'><strong>accepimus,</strong></span> <span class='ocrx_word' id='word_1_308' title='bbox 1579 2209 1743 2270; x_wconf 89' lang='lat' dir='ltr'><strong>atque</strong></span> <span class='ocrx_word' id='word_1_309' title='bbox 1793 2199 1862 2254; x_wconf 91' lang='lat' dir='ltr'><strong>ab</strong></span> <span class='ocrx_word' id='word_1_310' title='bbox 1901 2199 2004 2254; x_wconf 91' lang='lat' dir='ltr'><strong>illis</strong></span> 
     </span>
    </p>
   </div>
   <div class='ocr_carea' id='block_1_43' title="bbox 2112 2195 3688 2274">
    <p class='ocr_par' dir='ltr' id='par_1_43' title="bbox 2120 2195 3688 2274">
     <span class='ocr_line' id='line_1_43' title="bbox 2120 2195 3688 2274; baseline 0.003 -26"><span class='ocrx_word' id='word_1_311' title='bbox 2120 2195 2398 2267; x_wconf 81' lang='grc' dir='ltr'>ξὰνδρειαν</span> <span class='ocrx_word' id='word_1_312' title='bbox 2423 2199 2778 2272; x_wconf 85' lang='grc' dir='ltr'>βιϐλιοθηκῶν</span> <span class='ocrx_word' id='word_1_313' title='bbox 2803 2201 3028 2274; x_wconf 72' lang='grc' dir='ltr'>ἠξιώθη.</span> <span class='ocrx_word' id='word_1_314' title='bbox 3074 2202 3405 2256; x_wconf 84' lang='grc' dir='ltr'>Ἐπακοῦσαι</span> <span class='ocrx_word' id='word_1_315' title='bbox 3443 2202 3500 2256; x_wconf 83' lang='grc' dir='ltr'>δὲ</span> <span class='ocrx_word' id='word_1_316' title='bbox 3523 2197 3688 2256; x_wconf 64' lang='grc' dir='ltr'>αὐτοῦ</span> 
     </span>
    </p>
   </div>
   <div class='ocr_carea' id='block_1_44' title="bbox 429 2289 2004 2365">
    <p class='ocr_par' dir='ltr' id='par_1_44' title="bbox 429 2290 2004 2362">
     <span class='ocr_line' id='line_1_44' title="bbox 429 2290 2004 2362; baseline 0.002 -19"><span class='ocrx_word' id='word_1_317' title='bbox 429 2290 584 2359; x_wconf 89' lang='lat' dir='ltr'><strong>ipsis,</strong></span> <span class='ocrx_word' id='word_1_318' title='bbox 612 2291 706 2361; x_wconf 89' lang='lat' dir='ltr'><strong>qui</strong></span> <span class='ocrx_word' id='word_1_319' title='bbox 731 2291 1033 2362; x_wconf 82' lang='lat' dir='ltr'><strong>plurimum</strong></span> <span class='ocrx_word' id='word_1_320' title='bbox 1076 2293 1219 2362; x_wconf 89' lang='lat' dir='ltr'><strong>apud</strong></span> <span class='ocrx_word' id='word_1_321' title='bbox 1254 2308 1349 2348; x_wconf 88' lang='lat' dir='ltr'><strong>eos</strong></span> <span class='ocrx_word' id='word_1_322' title='bbox 1397 2308 1520 2348; x_wconf 92' lang='lat' dir='ltr'><strong>cum</strong></span> <span class='ocrx_word' id='word_1_323' title='bbox 1556 2293 1860 2362; x_wconf 88' lang='lat' dir='ltr'><strong>prudentia,</strong></span> <span class='ocrx_word' id='word_1_324' title='bbox 1896 2301 2004 2347; x_wconf 92' lang='lat' dir='ltr'><strong>tum</strong></span> 
     </span>
    </p>
   </div>
   <div class='ocr_carea' id='block_1_45' title="bbox 2112 2289 3650 2365">
    <p class='ocr_par' dir='ltr' id='par_1_45' title="bbox 2122 2289 3650 2365">
     <span class='ocr_line' id='line_1_45' title="bbox 2122 2289 3650 2365; baseline 0.005 -26"><span class='ocrx_word' id='word_1_325' title='bbox 2122 2289 2308 2360; x_wconf 87' lang='grc' dir='ltr'>καιρὸς</span> <span class='ocrx_word' id='word_1_326' title='bbox 2335 2331 2350 2355; x_wconf 90' lang='grc'><strong>,</strong></span> <span class='ocrx_word' id='word_1_327' title='bbox 2392 2291 2537 2344; x_wconf 88' lang='grc' dir='ltr'>τόνδε</span> <span class='ocrx_word' id='word_1_328' title='bbox 2580 2293 2715 2364; x_wconf 85' lang='grc' dir='ltr'>πρὸς</span> <span class='ocrx_word' id='word_1_329' title='bbox 2752 2293 2898 2358; x_wconf 80' lang='grc' dir='ltr'>λέξιν</span> <span class='ocrx_word' id='word_1_330' title='bbox 2938 2293 3274 2365; x_wconf 81' lang='grc' dir='ltr'>ἱστοροῦντος</span> <span class='ocrx_word' id='word_1_331' title='bbox 3310 2295 3398 2346; x_wconf 85' lang='grc' dir='ltr'><strong>τὸν</strong></span> <span class='ocrx_word' id='word_1_332' title='bbox 3431 2293 3650 2364; x_wconf 82' lang='grc' dir='ltr'>τρόπον.</span> 
     </span>
    </p>
   </div>
   <div class='ocr_carea' id='block_1_46' title="bbox 426 2377 3683 2457">
    <p class='ocr_par' dir='ltr' id='par_1_46' title="bbox 426 2377 3683 2457">
     <span class='ocr_line' id='line_1_46' title="bbox 426 2377 3683 2457; baseline -0.001 -21"><span class='ocrx_word' id='word_1_333' title='bbox 426 2383 816 2450; x_wconf 88' lang='lat' dir='ltr'><strong>gentilitiarum</strong></span> <span class='ocrx_word' id='word_1_334' title='bbox 847 2395 1066 2455; x_wconf 84' lang='lat' dir='ltr'><strong>quoque</strong></span> <span class='ocrx_word' id='word_1_335' title='bbox 1091 2385 1394 2442; x_wconf 87' lang='lat' dir='ltr'><strong>litterarum</strong></span> <span class='ocrx_word' id='word_1_336' title='bbox 1425 2386 1650 2443; x_wconf 88' lang='lat' dir='ltr'><strong>scientia</strong></span> <span class='ocrx_word' id='word_1_337' title='bbox 1697 2387 2046 2457; x_wconf 65' lang='lat' dir='ltr'><strong>praestabant,</strong></span> <span class='ocrx_word' id='word_1_338' title='bbox 2091 2385 2444 2442; x_wconf 87' lang='lat' dir='ltr'><strong>elaboratam.</strong></span> <span class='ocrx_word' id='word_1_339' title='bbox 2490 2381 2667 2451; x_wconf 86' lang='lat' dir='ltr'><strong>Atque</strong></span> <span class='ocrx_word' id='word_1_340' title='bbox 2710 2381 2824 2436; x_wconf 75' lang='lat' dir='ltr'><strong>inec</strong></span> <span class='ocrx_word' id='word_1_341' title='bbox 2863 2388 3092 2436; x_wconf 87' lang='lat' dir='ltr'><strong>testatur</strong></span> <span class='ocrx_word' id='word_1_342' title='bbox 3122 2380 3420 2442; x_wconf 65' lang='lat' dir='ltr'><strong>Aristaeus,</strong></span> <span class='ocrx_word' id='word_1_343' title='bbox 3455 2377 3534 2432; x_wconf 89' lang='lat' dir='ltr'><strong>vir</strong></span> <span class='ocrx_word' id='word_1_344' title='bbox 3562 2392 3683 2432; x_wconf 85' lang='lat' dir='ltr'><strong>cum</strong></span> 
     </span>
    </p>
   </div>
   <div class='ocr_carea' id='block_1_47' title="bbox 425 2469 3689 2548">
    <p class='ocr_par' dir='ltr' id='par_1_47' title="bbox 425 2469 3689 2548">
     <span class='ocr_line' id='line_1_47' title="bbox 425 2469 3689 2548; baseline -0 -24"><span class='ocrx_word' id='word_1_345' title='bbox 425 2472 672 2528; x_wconf 91' lang='lat' dir='ltr'><strong>eruditus</strong></span> <span class='ocrx_word' id='word_1_346' title='bbox 705 2473 758 2528; x_wconf 95' lang='lat' dir='ltr'><strong>in</strong></span> <span class='ocrx_word' id='word_1_347' title='bbox 789 2474 1002 2544; x_wconf 89' lang='lat' dir='ltr'><strong>primis,</strong></span> <span class='ocrx_word' id='word_1_348' title='bbox 1036 2485 1148 2532; x_wconf 91' lang='lat' dir='ltr'><strong>tum</strong></span> <span class='ocrx_word' id='word_1_349' title='bbox 1176 2477 1338 2532; x_wconf 91' lang='lat' dir='ltr'><strong>etiam</strong></span> <span class='ocrx_word' id='word_1_350' title='bbox 1381 2477 1428 2532; x_wconf 90' lang='lat' dir='ltr'><strong>is</strong></span> <span class='ocrx_word' id='word_1_351' title='bbox 1472 2478 1565 2548; x_wconf 92' lang='lat' dir='ltr'><strong>qui</strong></span> <span class='ocrx_word' id='word_1_352' title='bbox 1611 2478 1775 2533; x_wconf 88' lang='lat' dir='ltr'><strong>rebus</strong></span> <span class='ocrx_word' id='word_1_353' title='bbox 1820 2477 2095 2533; x_wconf 69' lang='lat' dir='ltr'><strong>Ptolemaei</strong></span> <span class='ocrx_word' id='word_1_354' title='bbox 2135 2475 2393 2543; x_wconf 89' lang='lat' dir='ltr'><strong>secundi,</strong></span> <span class='ocrx_word' id='word_1_355' title='bbox 2433 2482 2794 2543; x_wconf 90' lang='lat' dir='ltr'><strong>cognomento</strong></span> <span class='ocrx_word' id='word_1_356' title='bbox 2838 2471 3198 2542; x_wconf 88' lang='lat' dir='ltr'><strong>Philadelphi,</strong></span> <span class='ocrx_word' id='word_1_357' title='bbox 3247 2480 3488 2539; x_wconf 88' lang='lat' dir='ltr'><strong>tempore</strong></span> <span class='ocrx_word' id='word_1_358' title='bbox 3519 2469 3689 2538; x_wconf 78' lang='lat' dir='ltr'><strong>gestis</strong></span> 
     </span>
    </p>
   </div>
   <div class='ocr_carea' id='block_1_48' title="bbox 425 2563 3684 2644">
    <p class='ocr_par' dir='ltr' id='par_1_48' title="bbox 425 2563 3684 2644">
     <span class='ocr_line' id='line_1_48' title="bbox 425 2563 3684 2644; baseline -0 -26"><span class='ocrx_word' id='word_1_359' title='bbox 425 2566 691 2623; x_wconf 81' lang='lat' dir='ltr'><strong>interfuit.</strong></span> <span class='ocrx_word' id='word_1_360' title='bbox 719 2567 798 2624; x_wconf 90' lang='grc' dir='ltr'>Εο</span> <span class='ocrx_word' id='word_1_361' title='bbox 827 2571 972 2626; x_wconf 88' lang='lat' dir='ltr'><strong>enim</strong></span> <span class='ocrx_word' id='word_1_362' title='bbox 1005 2581 1281 2643; x_wconf 86' lang='lat' dir='ltr'><strong>regnante,</strong></span> <span class='ocrx_word' id='word_1_363' title='bbox 1309 2577 1420 2627; x_wconf 89' lang='lat' dir='ltr'><strong>imo</strong></span> <span class='ocrx_word' id='word_1_364' title='bbox 1443 2572 1502 2627; x_wconf 85' lang='lat' dir='ltr'><strong>id</strong></span> <span class='ocrx_word' id='word_1_365' title='bbox 1527 2581 1717 2644; x_wconf 89' lang='lat' dir='ltr'><strong>agente</strong></span> <span class='ocrx_word' id='word_1_366' title='bbox 1744 2583 1999 2644; x_wconf 68' lang='lat' dir='ltr'><strong>praeterea</strong></span> <span class='ocrx_word' id='word_1_367' title='bbox 2027 2573 2292 2641; x_wconf 87' lang='lat' dir='ltr'><strong>studiose,</strong></span> <span class='ocrx_word' id='word_1_368' title='bbox 2324 2588 2482 2628; x_wconf 90' lang='lat' dir='ltr'><strong>sacra</strong></span> <span class='ocrx_word' id='word_1_369' title='bbox 2507 2569 2817 2626; x_wconf 59' lang='lat' dir='ltr'><strong>Iudaeorum</strong></span> <span class='ocrx_word' id='word_1_370' title='bbox 2847 2568 3180 2624; x_wconf 89' lang='lat' dir='ltr'><strong>monimenta</strong></span> <span class='ocrx_word' id='word_1_371' title='bbox 3211 2564 3396 2620; x_wconf 63' lang='lat' dir='ltr'><strong>Graece</strong></span> <span class='ocrx_word' id='word_1_372' title='bbox 3424 2563 3684 2618; x_wconf 80' lang='lat' dir='ltr'><strong>translata</strong></span> 
     </span>
    </p>
   </div>
   <div class='ocr_carea' id='block_1_49' title="bbox 424 2659 3683 2736">
    <p class='ocr_par' dir='ltr' id='par_1_49' title="bbox 424 2659 3683 2736">
     <span class='ocr_line' id='line_1_49' title="bbox 424 2659 3683 2736; baseline 0.001 -25"><span class='ocrx_word' id='word_1_373' title='bbox 424 2669 571 2724; x_wconf 91' lang='lat' dir='ltr'><strong>sunt,</strong></span> <span class='ocrx_word' id='word_1_374' title='bbox 601 2668 655 2714; x_wconf 90' lang='lat' dir='ltr'><strong>et</strong></span> <span class='ocrx_word' id='word_1_375' title='bbox 682 2659 1065 2719; x_wconf 80' lang='lat' dir='ltr'><strong>Alexandrinis</strong></span> <span class='ocrx_word' id='word_1_376' title='bbox 1095 2665 1148 2718; x_wconf 93' lang='lat' dir='ltr'><strong>in</strong></span> <span class='ocrx_word' id='word_1_377' title='bbox 1172 2663 1515 2719; x_wconf 89' lang='lat' dir='ltr'><strong>bibliothecis</strong></span> <span class='ocrx_word' id='word_1_378' title='bbox 1549 2665 1807 2736; x_wconf 86' lang='lat' dir='ltr'><strong>reposita.</strong></span> <span class='ocrx_word' id='word_1_379' title='bbox 1840 2662 1944 2720; x_wconf 89' lang='lat' dir='ltr'><strong>Sed</strong></span> <span class='ocrx_word' id='word_1_380' title='bbox 1972 2665 2121 2719; x_wconf 86' lang='lat' dir='ltr'><strong>illum</strong></span> <span class='ocrx_word' id='word_1_381' title='bbox 2157 2665 2336 2735; x_wconf 90' lang='lat' dir='ltr'><strong>ipsum</strong></span> <span class='ocrx_word' id='word_1_382' title='bbox 2364 2665 2552 2719; x_wconf 89' lang='lat' dir='ltr'><strong>audire</strong></span> <span class='ocrx_word' id='word_1_383' title='bbox 2579 2664 2910 2734; x_wconf 67' lang='lat' dir='ltr'><strong>praestiterit,</strong></span> <span class='ocrx_word' id='word_1_384' title='bbox 2941 2681 3054 2721; x_wconf 89' lang='lat' dir='ltr'><strong>rem</strong></span> <span class='ocrx_word' id='word_1_385' title='bbox 3082 2663 3264 2720; x_wconf 87' lang='lat' dir='ltr'><strong>verbis</strong></span> <span class='ocrx_word' id='word_1_386' title='bbox 3288 2662 3510 2719; x_wconf 82' lang='lat' dir='ltr'><strong>tatidem</strong></span> <span class='ocrx_word' id='word_1_387' title='bbox 3538 2661 3683 2716; x_wconf 79' lang='lat' dir='ltr'><strong>hunc</strong></span> 
     </span>
    </p>
   </div>
   <div class='ocr_carea' id='block_1_50' title="bbox 421 2749 1125 2806">
    <p class='ocr_par' dir='ltr' id='par_1_50' title="bbox 421 2749 1125 2806">
     <span class='ocr_line' id='line_1_50' title="bbox 421 2749 1125 2806; baseline 0.007 -5"><span class='ocrx_word' id='word_1_388' title='bbox 421 2749 477 2802; x_wconf 89' lang='lat' dir='ltr'><strong>in</strong></span> <span class='ocrx_word' id='word_1_389' title='bbox 511 2749 731 2804; x_wconf 88' lang='lat' dir='ltr'><strong>modum</strong></span> <span class='ocrx_word' id='word_1_390' title='bbox 761 2761 1125 2806; x_wconf 86' lang='lat' dir='ltr'><strong>enarrantem.</strong></span> 
     </span>
    </p>
   </div>
   <div class='ocr_carea' id='block_1_51' title="bbox 944 2835 1468 2911">
    <p class='ocr_par' dir='ltr' id='par_1_51' title="bbox 944 2835 1468 2911">
     <span class='ocr_line' id='line_1_51' title="bbox 944 2835 1468 2911; baseline -0.01 -18"><span class='ocrx_word' id='word_1_391' title='bbox 944 2839 1106 2911; x_wconf 83' lang='lat'><strong>350</strong></span> <span class='ocrx_word' id='word_1_392' title='bbox 1136 2835 1362 2892; x_wconf 84' lang='lat' dir='ltr'><strong>CAPUT</strong></span> <span class='ocrx_word' id='word_1_393' title='bbox 1404 2835 1468 2890; x_wconf 93' lang='lat' dir='ltr'><strong>n.</strong></span> 
     </span>
    </p>
   </div>
   <div class='ocr_carea' id='block_1_52' title="bbox 523 2945 1888 3014">
    <p class='ocr_par' dir='ltr' id='par_1_52' title="bbox 523 2945 1888 3014">
     <span class='ocr_line' id='line_1_52' title="bbox 523 2945 1888 3014; baseline -0.012 -1"><span class='ocrx_word' id='word_1_394' title='bbox 523 2959 605 3013; x_wconf 76' lang='lat' dir='ltr'><strong>Ea:</strong></span> <span class='ocrx_word' id='word_1_395' title='bbox 631 2958 857 3010; x_wconf 77' lang='lat' dir='ltr'><strong>Aristwo</strong></span> <span class='ocrx_word' id='word_1_396' title='bbox 892 2952 955 3005; x_wconf 86' lang='lat' dir='ltr'><strong>de</strong></span> <span class='ocrx_word' id='word_1_397' title='bbox 987 2950 1020 3002; x_wconf 85' lang='grc'><strong>.1</strong></span> <span class='ocrx_word' id='word_1_398' title='bbox 1029 2951 1340 3002; x_wconf 83' lang='lat' dir='ltr'><strong>udaicarum</strong></span> <span class='ocrx_word' id='word_1_399' title='bbox 1373 2945 1776 3014; x_wconf 80' lang='lat' dir='ltr'><strong>Scripturarum</strong></span> <span class='ocrx_word' id='word_1_400' title='bbox 1806 2945 1888 2997; x_wconf 79' lang='lat' dir='ltr'><strong>in-</strong></span> 
     </span>
    </p>
   </div>
   <div class='ocr_carea' id='block_1_53' title="bbox 1015 3017 2056 3113">
    <p class='ocr_par' dir='ltr' id='par_1_53' title="bbox 1015 3017 2056 3113">
     <span class='ocr_line' id='line_1_53' title="bbox 1015 3017 2056 3113; baseline -0.016 -39"><span class='ocrx_word' id='word_1_401' title='bbox 1015 3017 1401 3088; x_wconf 82' lang='lat' dir='ltr'><strong>terpretatione.</strong></span> <span class='ocrx_word' id='word_1_402' title='bbox 2013 3053 2056 3113; x_wconf 64' lang='grc' dir='ltr'>Ο</span> 
     </span>
    </p>
   </div>
   <div class='ocr_carea' id='block_1_54' title="bbox 499 3126 1985 3197">
    <p class='ocr_par' dir='ltr' id='par_1_54' title="bbox 499 3126 1985 3197">
     <span class='ocr_line' id='line_1_54' title="bbox 499 3126 1985 3197; baseline -0.008 -5"><span class='ocrx_word' id='word_1_403' title='bbox 499 3158 519 3192; x_wconf 76' lang='grc' dir='ltr'><strong>ι</strong></span> <span class='ocrx_word' id='word_1_404' title='bbox 549 3136 855 3191; x_wconf 90' lang='lat' dir='ltr'><strong>Demetrius</strong></span> <span class='ocrx_word' id='word_1_405' title='bbox 881 3131 1180 3187; x_wconf 89' lang='lat' dir='ltr'><strong>Phalereus</strong></span> <span class='ocrx_word' id='word_1_406' title='bbox 1202 3167 1217 3192; x_wconf 92' lang='lat'><strong>,</strong></span> <span class='ocrx_word' id='word_1_407' title='bbox 1249 3127 1425 3197; x_wconf 90' lang='lat' dir='ltr'><strong>inquit</strong></span> <span class='ocrx_word' id='word_1_408' title='bbox 1448 3166 1463 3189; x_wconf 88' lang='lat'><strong>,</strong></span> <span class='ocrx_word' id='word_1_409' title='bbox 1491 3126 1651 3197; x_wconf 67' lang='lat' dir='ltr'><strong>regia:</strong></span> <span class='ocrx_word' id='word_1_410' title='bbox 1697 3127 1985 3181; x_wconf 88' lang='lat' dir='ltr'><strong>bibliothe-</strong></span> 
     </span>
    </p>
   </div>
   <div class='ocr_carea' id='block_1_55' title="bbox 427 3219 1988 3300">
    <p class='ocr_par' dir='ltr' id='par_1_55' title="bbox 427 3219 1988 3300">
     <span class='ocr_line' id='line_1_55' title="bbox 427 3219 1988 3300; baseline -0.008 -14"><span class='ocrx_word' id='word_1_411' title='bbox 427 3246 503 3286; x_wconf 66' lang='lat' dir='ltr'><strong>cae</strong></span> <span class='ocrx_word' id='word_1_412' title='bbox 530 3230 815 3300; x_wconf 76' lang='lat' dir='ltr'><strong>praefectus</strong></span> <span class='ocrx_word' id='word_1_413' title='bbox 840 3267 854 3292; x_wconf 94' lang='lat'><strong>,</strong></span> <span class='ocrx_word' id='word_1_414' title='bbox 882 3225 947 3279; x_wconf 89' lang='lat' dir='ltr'><strong>ad</strong></span> <span class='ocrx_word' id='word_1_415' title='bbox 975 3223 1143 3276; x_wconf 89' lang='lat' dir='ltr'><strong>libros</strong></span> <span class='ocrx_word' id='word_1_416' title='bbox 1165 3236 1228 3276; x_wconf 82' lang='lat' dir='ltr'><strong>ex</strong></span> <span class='ocrx_word' id='word_1_417' title='bbox 1268 3220 1400 3274; x_wconf 88' lang='lat' dir='ltr'><strong>orbe</strong></span> <span class='ocrx_word' id='word_1_418' title='bbox 1433 3228 1702 3274; x_wconf 87' lang='lat' dir='ltr'><strong>terrarum</strong></span> <span class='ocrx_word' id='word_1_419' title='bbox 1734 3219 1988 3274; x_wconf 85' lang='lat' dir='ltr'><strong>universo</strong></span> 
     </span>
    </p>
   </div>
   <div class='ocr_carea' id='block_1_56' title="bbox 428 3311 1986 3394">
    <p class='ocr_par' dir='ltr' id='par_1_56' title="bbox 428 3311 1986 3394">
     <span class='ocr_line' id='line_1_56' title="bbox 428 3311 1986 3394; baseline -0.009 -16"><span class='ocrx_word' id='word_1_420' title='bbox 428 3320 829 3394; x_wconf 72' lang='lat' dir='ltr'><strong>congerendos,</strong></span> <span class='ocrx_word' id='word_1_421' title='bbox 860 3331 1054 3387; x_wconf 88' lang='lat' dir='ltr'><strong>magna</strong></span> <span class='ocrx_word' id='word_1_422' title='bbox 1077 3314 1129 3367; x_wconf 89' lang='lat' dir='ltr'><strong>vi</strong></span> <span class='ocrx_word' id='word_1_423' title='bbox 1169 3311 1520 3383; x_wconf 87' lang='lat' dir='ltr'><strong>pecuniarum</strong></span> <span class='ocrx_word' id='word_1_424' title='bbox 1551 3325 1583 3364; x_wconf 90' lang='lat' dir='ltr'><strong>a</strong></span> <span class='ocrx_word' id='word_1_425' title='bbox 1606 3323 1730 3380; x_wconf 84' lang='lat' dir='ltr'><strong>rege</strong></span> <span class='ocrx_word' id='word_1_426' title='bbox 1745 3321 1986 3380; x_wconf 90' lang='lat' dir='ltr'><strong>accepta,</strong></span> 
     </span>
    </p>
   </div>
   <div class='ocr_carea' id='block_1_57' title="bbox 429 3402 1990 3478">
    <p class='ocr_par' dir='ltr' id='par_1_57' title="bbox 429 3402 1990 3478">
     <span class='ocr_line' id='line_1_57' title="bbox 429 3402 1990 3478; baseline -0.01 -7"><span class='ocrx_word' id='word_1_427' title='bbox 429 3414 602 3471; x_wconf 90' lang='lat' dir='ltr'><strong>coemi</strong></span> <span class='ocrx_word' id='word_1_428' title='bbox 620 3411 772 3478; x_wconf 84' lang='lat' dir='ltr'><strong>alios,</strong></span> <span class='ocrx_word' id='word_1_429' title='bbox 789 3408 926 3464; x_wconf 90' lang='lat' dir='ltr'><strong>alios</strong></span> <span class='ocrx_word' id='word_1_430' title='bbox 941 3405 1176 3462; x_wconf 78' lang='lat' dir='ltr'><strong>exscribi</strong></span> <span class='ocrx_word' id='word_1_431' title='bbox 1199 3403 1441 3471; x_wconf 89' lang='lat' dir='ltr'><strong>vertique</strong></span> <span class='ocrx_word' id='word_1_432' title='bbox 1483 3402 1711 3466; x_wconf 88' lang='lat' dir='ltr'><strong>curavit,</strong></span> <span class='ocrx_word' id='word_1_433' title='bbox 1731 3410 1790 3455; x_wconf 93' lang='lat' dir='ltr'><strong>ut</strong></span> <span class='ocrx_word' id='word_1_434' title='bbox 1814 3417 1990 3471; x_wconf 89' lang='lat' dir='ltr'><strong>quan-</strong></span> 
     </span>
    </p>
   </div>
   <div class='ocr_carea' id='block_1_58' title="bbox 429 3493 1990 3570">
    <p class='ocr_par' dir='ltr' id='par_1_58' title="bbox 429 3493 1990 3570">
     <span class='ocr_line' id='line_1_58' title="bbox 429 3493 1990 3570; baseline -0.01 -7"><span class='ocrx_word' id='word_1_435' title='bbox 429 3519 544 3564; x_wconf 89' lang='lat' dir='ltr'><strong>tum</strong></span> <span class='ocrx_word' id='word_1_436' title='bbox 576 3508 627 3560; x_wconf 94' lang='lat' dir='ltr'><strong>in</strong></span> <span class='ocrx_word' id='word_1_437' title='bbox 659 3520 718 3560; x_wconf 91' lang='lat' dir='ltr'><strong>se</strong></span> <span class='ocrx_word' id='word_1_438' title='bbox 746 3510 895 3566; x_wconf 90' lang='lat' dir='ltr'><strong>erat,</strong></span> <span class='ocrx_word' id='word_1_439' title='bbox 930 3499 1048 3570; x_wconf 86' lang='lat' dir='ltr'><strong>ejus</strong></span> <span class='ocrx_word' id='word_1_440' title='bbox 1074 3496 1274 3551; x_wconf 85' lang='lat' dir='ltr'><strong>faceret</strong></span> <span class='ocrx_word' id='word_1_441' title='bbox 1298 3493 1563 3549; x_wconf 89' lang='lat' dir='ltr'><strong>voluntati</strong></span> <span class='ocrx_word' id='word_1_442' title='bbox 1605 3493 1759 3548; x_wconf 87' lang='lat' dir='ltr'><strong>satis.</strong></span> <span class='ocrx_word' id='word_1_443' title='bbox 1790 3494 1868 3549; x_wconf 85' lang='lat' dir='ltr'><strong>Ac</strong></span> <span class='ocrx_word' id='word_1_444' title='bbox 1891 3508 1990 3548; x_wconf 89' lang='lat' dir='ltr'><strong>no-</strong></span> 
     </span>
    </p>
   </div>
   <div class='ocr_carea' id='block_1_59' title="bbox 431 3588 1989 3669">
    <p class='ocr_par' dir='ltr' id='par_1_59' title="bbox 431 3588 1989 3669">
     <span class='ocr_line' id='line_1_59' title="bbox 431 3588 1989 3669; baseline -0.01 -11"><span class='ocrx_word' id='word_1_445' title='bbox 431 3604 514 3658; x_wconf 86' lang='lat' dir='ltr'><strong>bis</strong></span> <span class='ocrx_word' id='word_1_446' title='bbox 543 3598 833 3669; x_wconf 89' lang='lat' dir='ltr'><strong>aliquando</strong></span> <span class='ocrx_word' id='word_1_447' title='bbox 861 3592 1217 3665; x_wconf 84' lang='lat' dir='ltr'><strong>praesentibus</strong></span> <span class='ocrx_word' id='word_1_448' title='bbox 1240 3631 1256 3656; x_wconf 94' lang='lat'><strong>,</strong></span> <span class='ocrx_word' id='word_1_449' title='bbox 1313 3589 1576 3658; x_wconf 70' lang='lat' dir='ltr'><strong>quaerenti</strong></span> <span class='ocrx_word' id='word_1_450' title='bbox 1624 3604 1690 3643; x_wconf 80' lang='lat' dir='ltr'><strong>ex</strong></span> <span class='ocrx_word' id='word_1_451' title='bbox 1719 3604 1784 3644; x_wconf 88' lang='lat' dir='ltr'><strong>eo</strong></span> <span class='ocrx_word' id='word_1_452' title='bbox 1837 3588 1989 3659; x_wconf 89' lang='lat' dir='ltr'><strong>regi,</strong></span> 
     </span>
    </p>
   </div>
   <div class='ocr_carea' id='block_1_60' title="bbox 429 3685 1991 3768">
    <p class='ocr_par' dir='ltr' id='par_1_60' title="bbox 429 3685 1991 3768">
     <span class='ocr_line' id='line_1_60' title="bbox 429 3685 1991 3768; baseline -0.012 -16"><span class='ocrx_word' id='word_1_453' title='bbox 429 3712 592 3768; x_wconf 74' lang='lat' dir='ltr'><strong>quam</strong></span> <span class='ocrx_word' id='word_1_454' title='bbox 626 3693 794 3748; x_wconf 87' lang='lat' dir='ltr'><strong>multa</strong></span> <span class='ocrx_word' id='word_1_455' title='bbox 817 3691 929 3760; x_wconf 86' lang='lat' dir='ltr'><strong>jam</strong></span> <span class='ocrx_word' id='word_1_456' title='bbox 964 3688 1226 3742; x_wconf 88' lang='lat' dir='ltr'><strong>librorum</strong></span> <span class='ocrx_word' id='word_1_457' title='bbox 1254 3685 1421 3740; x_wconf 82' lang='lat' dir='ltr'><strong>millia</strong></span> <span class='ocrx_word' id='word_1_458' title='bbox 1455 3687 1828 3751; x_wconf 83' lang='lat' dir='ltr'><strong>corrogasset,</strong></span> <span class='ocrx_word' id='word_1_459' title='bbox 1869 3697 1991 3736; x_wconf 92' lang='lat' dir='ltr'><strong>am-</strong></span> 
     </span>
    </p>
   </div>
   <div class='ocr_carea' id='block_1_61' title="bbox 431 3773 1991 3858">
    <p class='ocr_par' dir='ltr' id='par_1_61' title="bbox 431 3773 1991 3858">
     <span class='ocr_line' id='line_1_61' title="bbox 431 3773 1991 3858; baseline -0.01 -17"><span class='ocrx_word' id='word_1_460' title='bbox 431 3790 572 3858; x_wconf 91' lang='lat' dir='ltr'><strong>plius</strong></span> <span class='ocrx_word' id='word_1_461' title='bbox 596 3787 826 3840; x_wconf 80' lang='lat' dir='ltr'><strong>ducenta</strong></span> <span class='ocrx_word' id='word_1_462' title='bbox 847 3779 1182 3850; x_wconf 89' lang='lat' dir='ltr'><strong>respondens</strong></span> <span class='ocrx_word' id='word_1_463' title='bbox 1203 3816 1218 3842; x_wconf 91' lang='lat'><strong>,</strong></span> <span class='ocrx_word' id='word_1_464' title='bbox 1251 3775 1457 3831; x_wconf 87' lang='lat' dir='ltr'><strong>addidit</strong></span> <span class='ocrx_word' id='word_1_465' title='bbox 1485 3773 1747 3826; x_wconf 89' lang='lat' dir='ltr'><strong>continuo</strong></span> <span class='ocrx_word' id='word_1_466' title='bbox 1767 3812 1782 3837; x_wconf 92' lang='lat'><strong>,</strong></span> <span class='ocrx_word' id='word_1_467' title='bbox 1831 3773 1991 3827; x_wconf 88' lang='lat' dir='ltr'><strong>datu-</strong></span> 
     </span>
    </p>
   </div>
   <div class='ocr_carea' id='block_1_62' title="bbox 431 3862 1993 3942">
    <p class='ocr_par' dir='ltr' id='par_1_62' title="bbox 431 3862 1993 3942">
     <span class='ocr_line' id='line_1_62' title="bbox 431 3862 1993 3942; baseline -0.013 -9"><span class='ocrx_word' id='word_1_468' title='bbox 431 3894 553 3933; x_wconf 88' lang='lat' dir='ltr'><strong>rum</strong></span> <span class='ocrx_word' id='word_1_469' title='bbox 582 3891 640 3930; x_wconf 92' lang='lat' dir='ltr'><strong>se</strong></span> <span class='ocrx_word' id='word_1_470' title='bbox 657 3887 875 3942; x_wconf 88' lang='lat' dir='ltr'><strong>operam</strong></span> <span class='ocrx_word' id='word_1_471' title='bbox 896 3910 910 3936; x_wconf 90' lang='lat'><strong>,</strong></span> <span class='ocrx_word' id='word_1_472' title='bbox 941 3877 1001 3923; x_wconf 92' lang='lat' dir='ltr'><strong>ut</strong></span> <span class='ocrx_word' id='word_1_473' title='bbox 1036 3868 1184 3922; x_wconf 89' lang='lat' dir='ltr'><strong>brevi</strong></span> <span class='ocrx_word' id='word_1_474' title='bbox 1217 3873 1340 3936; x_wconf 92' lang='lat' dir='ltr'><strong>post</strong></span> <span class='ocrx_word' id='word_1_475' title='bbox 1381 3872 1622 3932; x_wconf 90' lang='lat' dir='ltr'><strong>tempore</strong></span> <span class='ocrx_word' id='word_1_476' title='bbox 1668 3862 1993 3932; x_wconf 88' lang='lat' dir='ltr'><strong>quingento-</strong></span> 
     </span>
    </p>
   </div>
   <div class='ocr_carea' id='block_1_63' title="bbox 431 3952 1994 4027">
    <p class='ocr_par' dir='ltr' id='par_1_63' title="bbox 431 3952 1994 4027">
     <span class='ocr_line' id='line_1_63' title="bbox 431 3952 1994 4027; baseline -0.012 -5"><span class='ocrx_word' id='word_1_477' title='bbox 431 3986 552 4024; x_wconf 90' lang='lat' dir='ltr'><strong>rum</strong></span> <span class='ocrx_word' id='word_1_478' title='bbox 587 3967 816 4020; x_wconf 91' lang='lat' dir='ltr'><strong>millium</strong></span> <span class='ocrx_word' id='word_1_479' title='bbox 849 3975 1108 4018; x_wconf 88' lang='lat' dir='ltr'><strong>numerus</strong></span> <span class='ocrx_word' id='word_1_480' title='bbox 1154 3958 1491 4027; x_wconf 89' lang='lat' dir='ltr'><strong>impleretur.</strong></span> <span class='ocrx_word' id='word_1_481' title='bbox 1527 3952 1792 4008; x_wconf 86' lang='lat' dir='ltr'><strong>Caeterum</strong></span> <span class='ocrx_word' id='word_1_482' title='bbox 1839 3952 1994 4006; x_wconf 84' lang='lat' dir='ltr'><strong>audi-</strong></span> 
     </span>
    </p>
   </div>
   <div class='ocr_carea' id='block_1_64' title="bbox 435 4045 1995 4123">
    <p class='ocr_par' dir='ltr' id='par_1_64' title="bbox 435 4045 1995 4123">
     <span class='ocr_line' id='line_1_64' title="bbox 435 4045 1995 4123; baseline -0.012 -8"><span class='ocrx_word' id='word_1_483' title='bbox 435 4077 492 4115; x_wconf 84' lang='lat' dir='ltr'><strong>re</strong></span> <span class='ocrx_word' id='word_1_484' title='bbox 507 4076 584 4122; x_wconf 85' lang='lat' dir='ltr'><strong>se,</strong></span> <span class='ocrx_word' id='word_1_485' title='bbox 610 4057 919 4111; x_wconf 71' lang='lat' dir='ltr'><strong>Judazorum</strong></span> <span class='ocrx_word' id='word_1_486' title='bbox 965 4067 1181 4123; x_wconf 88' lang='lat' dir='ltr'><strong>quoque</strong></span> <span class='ocrx_word' id='word_1_487' title='bbox 1211 4049 1566 4107; x_wconf 89' lang='lat' dir='ltr'><strong>monimenta,</strong></span> <span class='ocrx_word' id='word_1_488' title='bbox 1593 4061 1713 4115; x_wconf 74' lang='lat' dir='ltr'><strong>qua:</strong></span> <span class='ocrx_word' id='word_1_489' title='bbox 1727 4045 1995 4099; x_wconf 87' lang='lat' dir='ltr'><strong>describe-</strong></span> 
     </span>
    </p>
   </div>
   <div class='ocr_carea' id='block_1_65' title="bbox 435 4134 1997 4213">
    <p class='ocr_par' dir='ltr' id='par_1_65' title="bbox 435 4134 1997 4213">
     <span class='ocr_line' id='line_1_65' title="bbox 435 4134 1997 4213; baseline -0.01 -12"><span class='ocrx_word' id='word_1_490' title='bbox 435 4159 623 4202; x_wconf 85' lang='lat' dir='ltr'><strong>rentur</strong></span> <span class='ocrx_word' id='word_1_491' title='bbox 648 4187 662 4211; x_wconf 92' lang='lat'><strong>,</strong></span> <span class='ocrx_word' id='word_1_492' title='bbox 697 4161 760 4200; x_wconf 90' lang='lat' dir='ltr'><strong>ac</strong></span> <span class='ocrx_word' id='word_1_493' title='bbox 793 4144 995 4213; x_wconf 89' lang='lat' dir='ltr'><strong>regiam</strong></span> <span class='ocrx_word' id='word_1_494' title='bbox 1028 4141 1409 4195; x_wconf 86' lang='lat' dir='ltr'><strong>bibliothecam</strong></span> <span class='ocrx_word' id='word_1_495' title='bbox 1439 4144 1730 4204; x_wconf 86' lang='lat' dir='ltr'><strong>augerent,</strong></span> <span class='ocrx_word' id='word_1_496' title='bbox 1775 4149 1896 4188; x_wconf 89' lang='lat' dir='ltr'><strong>esse</strong></span> <span class='ocrx_word' id='word_1_497' title='bbox 1920 4134 1997 4186; x_wconf 86' lang='lat' dir='ltr'><strong>di-</strong></span> 
     </span>
    </p>
   </div>
   <div class='ocr_carea' id='block_1_66' title="bbox 438 4227 1997 4310">
    <p class='ocr_par' dir='ltr' id='par_1_66' title="bbox 438 4227 1997 4310">
     <span class='ocr_line' id='line_1_66' title="bbox 438 4227 1997 4310; baseline -0.01 -19"><span class='ocrx_word' id='word_1_498' title='bbox 438 4238 723 4310; x_wconf 82' lang='lat' dir='ltr'><strong>gnissima.</strong></span> <span class='ocrx_word' id='word_1_499' title='bbox 755 4235 860 4290; x_wconf 87' lang='lat' dir='ltr'><strong>Cui</strong></span> <span class='ocrx_word' id='word_1_500' title='bbox 895 4248 1018 4297; x_wconf 84' lang='lat' dir='ltr'><strong>rex,</strong></span> <span class='ocrx_word' id='word_1_501' title='bbox 1044 4230 1185 4296; x_wconf 82' lang='lat' dir='ltr'><strong>Quid</strong></span> <span class='ocrx_word' id='word_1_502' title='bbox 1211 4243 1372 4297; x_wconf 87' lang='lat' dir='ltr'><strong>ergo,</strong></span> <span class='ocrx_word' id='word_1_503' title='bbox 1405 4227 1611 4294; x_wconf 86' lang='lat' dir='ltr'><strong>inquit,</strong></span> <span class='ocrx_word' id='word_1_504' title='bbox 1667 4239 1834 4278; x_wconf 66' lang='lat' dir='ltr'><strong>mora:</strong></span> <span class='ocrx_word' id='word_1_505' title='bbox 1877 4237 1997 4277; x_wconf 88' lang='lat' dir='ltr'><strong>esse</strong></span> 
     </span>
    </p>
   </div>
   <div class='ocr_carea' id='block_1_67' title="bbox 437 4315 1994 4398">
    <p class='ocr_par' dir='ltr' id='par_1_67' title="bbox 437 4315 1994 4398">
     <span class='ocr_line' id='line_1_67' title="bbox 437 4315 1994 4398; baseline -0.012 -15"><span class='ocrx_word' id='word_1_506' title='bbox 437 4338 649 4398; x_wconf 80' lang='lat' dir='ltr'><strong>potest,</strong></span> <span class='ocrx_word' id='word_1_507' title='bbox 675 4341 784 4396; x_wconf 92' lang='lat' dir='ltr'><strong>quo</strong></span> <span class='ocrx_word' id='word_1_508' title='bbox 819 4323 1000 4377; x_wconf 89' lang='lat' dir='ltr'><strong>minus</strong></span> <span class='ocrx_word' id='word_1_509' title='bbox 1045 4321 1098 4374; x_wconf 89' lang='lat' dir='ltr'><strong>id</strong></span> <span class='ocrx_word' id='word_1_510' title='bbox 1132 4321 1228 4374; x_wconf 92' lang='lat' dir='ltr'><strong>abs</strong></span> <span class='ocrx_word' id='word_1_511' title='bbox 1277 4327 1328 4372; x_wconf 90' lang='lat' dir='ltr'><strong>te</strong></span> <span class='ocrx_word' id='word_1_512' title='bbox 1371 4316 1499 4370; x_wconf 85' lang='lat' dir='ltr'><strong>tiat?</strong></span> <span class='ocrx_word' id='word_1_513' title='bbox 1537 4315 1799 4384; x_wconf 88' lang='lat' dir='ltr'><strong>quidquid</strong></span> <span class='ocrx_word' id='word_1_514' title='bbox 1850 4315 1994 4367; x_wconf 89' lang='lat' dir='ltr'><strong>enim</strong></span> 
     </span>
    </p>
   </div>
   <div class='ocr_carea' id='block_1_68' title="bbox 2617 2845 3130 2901">
    <p class='ocr_par' dir='ltr' id='par_1_68' title="bbox 2617 2845 3130 2901">
     <span class='ocr_line' id='line_1_68' title="bbox 2617 2845 3130 2901; baseline 0 -1"><span class='ocrx_word' id='word_1_515' title='bbox 2617 2846 3009 2901; x_wconf 75' lang='grc' dir='ltr'><strong>ΚΕΦΑΛΑΙΟΝ</strong></span> <span class='ocrx_word' id='word_1_516' title='bbox 3056 2845 3110 2898; x_wconf 83' lang='grc' dir='ltr'><strong>Β⁹</strong></span> <span class='ocrx_word' id='word_1_517' title='bbox 3119 2889 3130 2900; x_wconf 93' lang='grc'><strong>.</strong></span> 
     </span>
    </p>
   </div>
   <div class='ocr_carea' id='block_1_69' title="bbox 2143 2954 3626 3028">
    <p class='ocr_par' dir='ltr' id='par_1_69' title="bbox 2143 2954 3626 3028">
     <span class='ocr_line' id='line_1_69' title="bbox 2143 2954 3626 3028; baseline -0.001 -18"><span class='ocrx_word' id='word_1_518' title='bbox 2143 2957 2475 3024; x_wconf 82' lang='grc' dir='ltr'>Ἀρισταίου</span> <span class='ocrx_word' id='word_1_519' title='bbox 2502 2959 2634 3028; x_wconf 77' lang='grc' dir='ltr'>περὶ</span> <span class='ocrx_word' id='word_1_520' title='bbox 2668 2957 2774 3026; x_wconf 81' lang='grc' dir='ltr'>τῆς</span> <span class='ocrx_word' id='word_1_521' title='bbox 2800 2958 3114 3028; x_wconf 57' lang='grc' dir='ltr'>ἑρμηνείας</span> <span class='ocrx_word' id='word_1_522' title='bbox 3140 2955 3259 3011; x_wconf 79' lang='grc' dir='ltr'><strong>τῶν</strong></span> <span class='ocrx_word' id='word_1_523' title='bbox 3285 2954 3444 3024; x_wconf 76' lang='grc' dir='ltr'>παρὰ</span> <span class='ocrx_word' id='word_1_524' title='bbox 3485 2955 3626 3008; x_wconf 79' lang='grc' dir='ltr'>Ἰου-</span> 
     </span>
    </p>
   </div>
   <div class='ocr_carea' id='block_1_70' title="bbox 2627 3026 3114 3096">
    <p class='ocr_par' dir='ltr' id='par_1_70' title="bbox 2627 3026 3114 3096">
     <span class='ocr_line' id='line_1_70' title="bbox 2627 3026 3114 3096; baseline -0.006 -15"><span class='ocrx_word' id='word_1_525' title='bbox 2627 3028 2816 3094; x_wconf 81' lang='grc' dir='ltr'>δαίοις</span> <span class='ocrx_word' id='word_1_526' title='bbox 2841 3026 3114 3096; x_wconf 62' lang='grc' dir='ltr'><strong>Γραφῶν.</strong></span> 
     </span>
    </p>
   </div>
   <div class='ocr_carea' id='block_1_71' title="bbox 2155 3114 3670 3190">
    <p class='ocr_par' dir='ltr' id='par_1_71' title="bbox 2155 3114 3670 3190">
     <span class='ocr_line' id='line_1_71' title="bbox 2155 3114 3670 3190; baseline -0.001 -22"><span class='ocrx_word' id='word_1_527' title='bbox 2155 3135 2176 3168; x_wconf 81' lang='grc' dir='ltr'><strong>ι</strong></span> <span class='ocrx_word' id='word_1_528' title='bbox 2212 3119 2590 3183; x_wconf 65' lang='grc' dir='ltr'>ιζατασταθεὶς</span> <span class='ocrx_word' id='word_1_529' title='bbox 2617 3119 2728 3190; x_wconf 71' lang='grc'><strong>(21)</strong></span> <span class='ocrx_word' id='word_1_530' title='bbox 2771 3119 2864 3171; x_wconf 76' lang='grc' dir='ltr'><strong>ἐπὶ</strong></span> <span class='ocrx_word' id='word_1_531' title='bbox 2893 3121 2991 3188; x_wconf 77' lang='grc' dir='ltr'>τῆς</span> <span class='ocrx_word' id='word_1_532' title='bbox 3024 3116 3119 3170; x_wconf 82' lang='grc' dir='ltr'>τοῦ</span> <span class='ocrx_word' id='word_1_533' title='bbox 3160 3115 3422 3187; x_wconf 88' lang='grc' dir='ltr'>βασιλέως</span> <span class='ocrx_word' id='word_1_534' title='bbox 3465 3114 3670 3186; x_wconf 72' lang='grc' dir='ltr'>βιϐλιοδ</span> 
     </span>
    </p>
   </div>
   <div class='ocr_carea' id='block_1_72' title="bbox 2094 3207 3669 3282">
    <p class='ocr_par' dir='ltr' id='par_1_72' title="bbox 2094 3207 3669 3282">
     <span class='ocr_line' id='line_1_72' title="bbox 2094 3207 3669 3282; baseline 0.001 -22"><span class='ocrx_word' id='word_1_535' title='bbox 2094 3207 2269 3280; x_wconf 87' lang='grc' dir='ltr'>θήκης</span> <span class='ocrx_word' id='word_1_536' title='bbox 2321 3211 2631 3282; x_wconf 87' lang='grc' dir='ltr'>Δημήτριος</span> <span class='ocrx_word' id='word_1_537' title='bbox 2660 3214 2689 3265; x_wconf 84' lang='grc' dir='ltr'>ὁ</span> <span class='ocrx_word' id='word_1_538' title='bbox 2716 3211 3028 3282; x_wconf 83' lang='grc' dir='ltr'>Φαληρεὺς,</span> <span class='ocrx_word' id='word_1_539' title='bbox 3079 3207 3452 3280; x_wconf 78' lang='grc' dir='ltr'>ἐχρηματίσθη</span> <span class='ocrx_word' id='word_1_540' title='bbox 3494 3207 3669 3262; x_wconf 76' lang='grc' dir='ltr'>πολλὰ</span> 
     </span>
    </p>
   </div>
   <div class='ocr_carea' id='block_1_73' title="bbox 2093 3297 3670 3374">
    <p class='ocr_par' dir='ltr' id='par_1_73' title="bbox 2093 3297 3670 3374">
     <span class='ocr_line' id='line_1_73' title="bbox 2093 3297 3670 3374; baseline -0.001 -21"><span class='ocrx_word' id='word_1_541' title='bbox 2093 3299 2324 3372; x_wconf 77' lang='grc' dir='ltr'>διάφορα</span> <span class='ocrx_word' id='word_1_542' title='bbox 2355 3303 2487 3374; x_wconf 71' lang='grc'>(22),</span> <span class='ocrx_word' id='word_1_543' title='bbox 2538 3303 2673 3374; x_wconf 85' lang='grc' dir='ltr'>πρὸς</span> <span class='ocrx_word' id='word_1_544' title='bbox 2706 3303 2766 3355; x_wconf 84' lang='grc' dir='ltr'><strong>τὸ</strong></span> <span class='ocrx_word' id='word_1_545' title='bbox 2810 3304 3134 3369; x_wconf 87' lang='grc' dir='ltr'>συναγαγεῖν</span> <span class='ocrx_word' id='word_1_546' title='bbox 3169 3299 3384 3353; x_wconf 73' lang='grc' dir='ltr'>ἅπαντα</span> <span class='ocrx_word' id='word_1_547' title='bbox 3420 3297 3488 3350; x_wconf 83' lang='grc' dir='ltr'>τὰ</span> <span class='ocrx_word' id='word_1_548' title='bbox 3526 3299 3670 3352; x_wconf 72' lang='grc' dir='ltr'>κατὰ</span> 
     </span>
    </p>
   </div>
   <div class='ocr_carea' id='block_1_74' title="bbox 2095 3390 3670 3466">
    <p class='ocr_par' dir='ltr' id='par_1_74' title="bbox 2095 3390 3670 3466">
     <span class='ocr_line' id='line_1_74' title="bbox 2095 3390 3670 3466; baseline -0.003 -20"><span class='ocrx_word' id='word_1_549' title='bbox 2095 3394 2192 3464; x_wconf 80' lang='grc' dir='ltr'><strong>τὴν</strong></span> <span class='ocrx_word' id='word_1_550' title='bbox 2229 3395 2550 3466; x_wconf 74' lang='grc' dir='ltr'>οἰκουμένην</span> <span class='ocrx_word' id='word_1_551' title='bbox 2587 3395 2800 3465; x_wconf 88' lang='grc' dir='ltr'>βιϐλία,</span> <span class='ocrx_word' id='word_1_552' title='bbox 2839 3395 2933 3447; x_wconf 78' lang='grc' dir='ltr'>καὶ</span> <span class='ocrx_word' id='word_1_553' title='bbox 2961 3391 3275 3462; x_wconf 85' lang='grc' dir='ltr'>ποιούμενος</span> <span class='ocrx_word' id='word_1_554' title='bbox 3317 3390 3670 3460; x_wconf 80' lang='grc' dir='ltr'>ἀγορασμοὺς</span> 
     </span>
    </p>
   </div>
   <div class='ocr_carea' id='block_1_75' title="bbox 2097 3480 3671 3559">
    <p class='ocr_par' dir='ltr' id='par_1_75' title="bbox 2097 3480 3671 3559">
     <span class='ocr_line' id='line_1_75' title="bbox 2097 3480 3671 3559; baseline -0.003 -19"><span class='ocrx_word' id='word_1_555' title='bbox 2097 3488 2191 3541; x_wconf 57' lang='grc' dir='ltr'><strong>καὶ⁹</strong></span> <span class='ocrx_word' id='word_1_556' title='bbox 2217 3489 2589 3559; x_wconf 78' lang='grc' dir='ltr'>μεταγραφὰς,</span> <span class='ocrx_word' id='word_1_557' title='bbox 2615 3489 2705 3540; x_wconf 78' lang='grc' dir='ltr'><strong>ἐπὶ</strong></span> <span class='ocrx_word' id='word_1_558' title='bbox 2728 3487 2876 3550; x_wconf 86' lang='grc' dir='ltr'>τέλος</span> <span class='ocrx_word' id='word_1_559' title='bbox 2905 3487 3110 3556; x_wconf 69' lang='grc' dir='ltr'>ἢγαγεν</span> <span class='ocrx_word' id='word_1_560' title='bbox 3130 3484 3248 3540; x_wconf 79' lang='grc' dir='ltr'>ὅσον</span> <span class='ocrx_word' id='word_1_561' title='bbox 3269 3481 3352 3549; x_wconf 78' lang='grc' dir='ltr'><strong>ἐφ’</strong></span> <span class='ocrx_word' id='word_1_562' title='bbox 3369 3480 3551 3551; x_wconf 77' lang='grc' dir='ltr'>ἑαυτῷ</span> <span class='ocrx_word' id='word_1_563' title='bbox 3569 3481 3671 3552; x_wconf 78' lang='grc' dir='ltr'><strong>τὴν</strong></span> 
     </span>
    </p>
   </div>
   <div class='ocr_carea' id='block_1_76' title="bbox 2097 3570 3670 3650">
    <p class='ocr_par' dir='ltr' id='par_1_76' title="bbox 2097 3570 3670 3650">
     <span class='ocr_line' id='line_1_76' title="bbox 2097 3570 3670 3650; baseline -0.004 -20"><span class='ocrx_word' id='word_1_564' title='bbox 2097 3578 2190 3630; x_wconf 74' lang='grc' dir='ltr'><strong>τοῦ</strong></span> <span class='ocrx_word' id='word_1_565' title='bbox 2218 3578 2479 3648; x_wconf 84' lang='grc' dir='ltr'>βασιλέως</span> <span class='ocrx_word' id='word_1_566' title='bbox 2500 3577 2772 3650; x_wconf 84' lang='grc' dir='ltr'>πρόθεσιν.</span> <span class='ocrx_word' id='word_1_567' title='bbox 2809 3577 3096 3648; x_wconf 83' lang='grc' dir='ltr'>Παρόντων</span> <span class='ocrx_word' id='word_1_568' title='bbox 3119 3570 3210 3628; x_wconf 83' lang='grc' dir='ltr'>οὖν</span> <span class='ocrx_word' id='word_1_569' title='bbox 3240 3576 3272 3644; x_wconf 79' lang='grc' dir='ltr'><strong>ἡ</strong></span> <span class='ocrx_word' id='word_1_570' title='bbox 3282 3573 3418 3642; x_wconf 84' lang='grc' dir='ltr'>μῶν,</span> <span class='ocrx_word' id='word_1_571' title='bbox 3457 3574 3670 3644; x_wconf 76' lang='grc' dir='ltr'>ἐρωτη-</span> 
     </span>
    </p>
   </div>
   <div class='ocr_carea' id='block_1_77' title="bbox 2098 3661 3670 3742">
    <p class='ocr_par' dir='ltr' id='par_1_77' title="bbox 2098 3661 3670 3742">
     <span class='ocr_line' id='line_1_77' title="bbox 2098 3661 3670 3742; baseline -0.004 -18"><span class='ocrx_word' id='word_1_572' title='bbox 2098 3671 2211 3735; x_wconf 72' lang='grc' dir='ltr'>θεὶς</span> <span class='ocrx_word' id='word_1_573' title='bbox 2239 3673 2398 3724; x_wconf 89' lang='grc' dir='ltr'>πόσαι</span> <span class='ocrx_word' id='word_1_574' title='bbox 2423 3671 2564 3734; x_wconf 83' lang='grc' dir='ltr'>τινὲς</span> <span class='ocrx_word' id='word_1_575' title='bbox 2589 3670 2845 3742; x_wconf 83' lang='grc' dir='ltr'>μυριάδες</span> <span class='ocrx_word' id='word_1_576' title='bbox 2865 3669 3189 3738; x_wconf 86' lang='grc' dir='ltr'>τυγχάνουσι</span> <span class='ocrx_word' id='word_1_577' title='bbox 3219 3665 3457 3735; x_wconf 90' lang='grc' dir='ltr'>βιϐλίων,</span> <span class='ocrx_word' id='word_1_578' title='bbox 3489 3661 3670 3718; x_wconf 72' lang='grc' dir='ltr'>εἶπεν·</span> 
     </span>
    </p>
   </div>
   <div class='ocr_carea' id='block_1_78' title="bbox 2110 3756 3670 3834">
    <p class='ocr_par' dir='ltr' id='par_1_78' title="bbox 2110 3756 3670 3834">
     <span class='ocr_line' id='line_1_78' title="bbox 2110 3756 3670 3834; baseline -0.005 -18"><span class='ocrx_word' id='word_1_579' title='bbox 2110 3763 2282 3834; x_wconf 81' lang='grc' dir='ltr'>’Υπὲρ</span> <span class='ocrx_word' id='word_1_580' title='bbox 2307 3763 2404 3826; x_wconf 82' lang='grc' dir='ltr'>τὰς</span> <span class='ocrx_word' id='word_1_581' title='bbox 2433 3762 2602 3815; x_wconf 72' lang='grc' dir='ltr'>εἴκοσι</span> <span class='ocrx_word' id='word_1_582' title='bbox 2627 3762 2762 3832; x_wconf 72' lang='lat'><strong>(25),</strong></span> <span class='ocrx_word' id='word_1_583' title='bbox 2801 3760 3034 3831; x_wconf 79' lang='grc' dir='ltr'>βασιλεῦ.</span> <span class='ocrx_word' id='word_1_584' title='bbox 3067 3758 3358 3812; x_wconf 85' lang='grc' dir='ltr'>Σπουδάσω</span> <span class='ocrx_word' id='word_1_585' title='bbox 3383 3757 3428 3810; x_wconf 86' lang='grc' dir='ltr'>δ’</span> <span class='ocrx_word' id='word_1_586' title='bbox 3474 3757 3534 3808; x_wconf 78' lang='grc' dir='ltr'>ὲν</span> <span class='ocrx_word' id='word_1_587' title='bbox 3561 3756 3670 3809; x_wconf 83' lang='grc' dir='ltr'>ὀλί-</span> 
     </span>
    </p>
   </div>
   <div class='ocr_carea' id='block_1_79' title="bbox 2101 3848 3669 3929">
    <p class='ocr_par' dir='ltr' id='par_1_79' title="bbox 2101 3848 3669 3929">
     <span class='ocr_line' id='line_1_79' title="bbox 2101 3848 3669 3929; baseline -0.004 -20"><span class='ocrx_word' id='word_1_588' title='bbox 2101 3874 2183 3927; x_wconf 85' lang='grc' dir='ltr'>γῳ</span> <span class='ocrx_word' id='word_1_589' title='bbox 2222 3856 2398 3929; x_wconf 87' lang='grc' dir='ltr'>χρόνῳ</span> <span class='ocrx_word' id='word_1_590' title='bbox 2441 3855 2573 3926; x_wconf 84' lang='grc' dir='ltr'>πρὸς</span> <span class='ocrx_word' id='word_1_591' title='bbox 2613 3855 2674 3907; x_wconf 88' lang='grc' dir='ltr'><strong>τὸ</strong></span> <span class='ocrx_word' id='word_1_592' title='bbox 2712 3852 3061 3923; x_wconf 78' lang='grc' dir='ltr'>πληρωθῆναι</span> <span class='ocrx_word' id='word_1_593' title='bbox 3095 3852 3430 3921; x_wconf 81' lang='grc' dir='ltr'>πεντήκοντα</span> <span class='ocrx_word' id='word_1_594' title='bbox 3465 3848 3669 3919; x_wconf 83' lang='grc' dir='ltr'>μυριά-</span> 
     </span>
    </p>
   </div>
   <div class='ocr_carea' id='block_1_80' title="bbox 2099 3940 3672 4019">
    <p class='ocr_par' dir='ltr' id='par_1_80' title="bbox 2099 3940 3672 4019">
     <span class='ocr_line' id='line_1_80' title="bbox 2099 3940 3672 4019; baseline -0.007 -16"><span class='ocrx_word' id='word_1_595' title='bbox 2099 3950 2193 4014; x_wconf 84' lang='grc' dir='ltr'><strong>δας</strong></span> <span class='ocrx_word' id='word_1_596' title='bbox 2245 3950 2314 4003; x_wconf 82' lang='grc' dir='ltr'>τὰ</span> <span class='ocrx_word' id='word_1_597' title='bbox 2363 3949 2543 4002; x_wconf 85' lang='grc' dir='ltr'>λοιπά.</span> <span class='ocrx_word' id='word_1_598' title='bbox 2573 3946 2982 4019; x_wconf 81' lang='grc' dir='ltr'>Προσήγγελται</span> <span class='ocrx_word' id='word_1_599' title='bbox 3010 3944 3066 3996; x_wconf 87' lang='grc' dir='ltr'><strong>δέ</strong></span> <span class='ocrx_word' id='word_1_600' title='bbox 3099 3960 3188 4014; x_wconf 88' lang='grc' dir='ltr'><strong>μοι</strong></span> <span class='ocrx_word' id='word_1_601' title='bbox 3211 3943 3304 3995; x_wconf 77' lang='grc' dir='ltr'><strong>καὶ</strong></span> <span class='ocrx_word' id='word_1_602' title='bbox 3319 3940 3511 3993; x_wconf 83' lang='grc' dir='ltr'>τὰτῶν</span> <span class='ocrx_word' id='word_1_603' title='bbox 3545 3941 3672 3994; x_wconf 67' lang='grc' dir='ltr'>Ἰουδ</span> 
     </span>
    </p>
   </div>
   <div class='ocr_carea' id='block_1_81' title="bbox 2099 4030 3674 4114">
    <p class='ocr_par' dir='ltr' id='par_1_81' title="bbox 2099 4030 3674 4114">
     <span class='ocr_line' id='line_1_81' title="bbox 2099 4030 3674 4114; baseline -0.01 -16"><span class='ocrx_word' id='word_1_604' title='bbox 2099 4044 2263 4099; x_wconf 89' lang='grc' dir='ltr'>δαίων</span> <span class='ocrx_word' id='word_1_605' title='bbox 2319 4043 2523 4114; x_wconf 85' lang='grc' dir='ltr'>νόμιμα</span> <span class='ocrx_word' id='word_1_606' title='bbox 2576 4037 2928 4111; x_wconf 79' lang='grc' dir='ltr'>μεταγραφῆς</span> <span class='ocrx_word' id='word_1_607' title='bbox 2975 4035 3101 4099; x_wconf 85' lang='grc' dir='ltr'>ἄξια</span> <span class='ocrx_word' id='word_1_608' title='bbox 3131 4035 3224 4087; x_wconf 69' lang='grc' dir='ltr'><strong>καὶ</strong></span> <span class='ocrx_word' id='word_1_609' title='bbox 3252 4033 3350 4103; x_wconf 82' lang='grc' dir='ltr'>τῆς</span> <span class='ocrx_word' id='word_1_610' title='bbox 3386 4030 3539 4102; x_wconf 81' lang='grc' dir='ltr'>παρὰ</span> <span class='ocrx_word' id='word_1_611' title='bbox 3591 4031 3674 4083; x_wconf 76' lang='grc' dir='ltr'>σοὶ</span> 
     </span>
    </p>
   </div>
   <div class='ocr_carea' id='block_1_82' title="bbox 2105 4117 3672 4207">
    <p class='ocr_par' dir='ltr' id='par_1_82' title="bbox 2105 4117 3672 4207">
     <span class='ocr_line' id='line_1_82' title="bbox 2105 4117 3672 4207; baseline -0.012 -18"><span class='ocrx_word' id='word_1_612' title='bbox 2105 4133 2450 4207; x_wconf 79' lang='grc' dir='ltr'>βιϐλιοθήκης</span> <span class='ocrx_word' id='word_1_613' title='bbox 2504 4129 2658 4185; x_wconf 84' lang='grc' dir='ltr'>εἶναι.</span> <span class='ocrx_word' id='word_1_614' title='bbox 2698 4130 2763 4182; x_wconf 90' lang='grc' dir='ltr'>Τί</span> <span class='ocrx_word' id='word_1_615' title='bbox 2791 4127 2852 4180; x_wconf 82' lang='grc' dir='ltr'><strong>τὸ</strong></span> <span class='ocrx_word' id='word_1_616' title='bbox 2877 4125 3082 4179; x_wconf 85' lang='grc' dir='ltr'>κωλύον</span> <span class='ocrx_word' id='word_1_617' title='bbox 3104 4120 3216 4185; x_wconf 84' lang='grc' dir='ltr'>οὖν,</span> <span class='ocrx_word' id='word_1_618' title='bbox 3265 4117 3436 4184; x_wconf 80' lang='grc' dir='ltr'>εἶπεν,</span> <span class='ocrx_word' id='word_1_619' title='bbox 3462 4118 3581 4172; x_wconf 82' lang='grc' dir='ltr'>ὲστί</span> <span class='ocrx_word' id='word_1_620' title='bbox 3613 4133 3672 4172; x_wconf 74' lang='grc' dir='ltr'><strong>σε</strong></span> 
     </span>
    </p>
   </div>
   <div class='ocr_carea' id='block_1_83' title="bbox 2103 4207 3674 4294">
    <p class='ocr_par' dir='ltr' id='par_1_83' title="bbox 2103 4207 3674 4294">
     <span class='ocr_line' id='line_1_83' title="bbox 2103 4207 3674 4294; baseline -0.013 -14"><span class='ocrx_word' id='word_1_621' title='bbox 2103 4227 2260 4279; x_wconf 83' lang='grc' dir='ltr'>τοῦτο</span> <span class='ocrx_word' id='word_1_622' title='bbox 2311 4225 2533 4294; x_wconf 81' lang='grc' dir='ltr'>ποιῆσαι</span> <span class='ocrx_word' id='word_1_623' title='bbox 2557 4239 2571 4286; x_wconf 89' lang='grc'>;</span> <span class='ocrx_word' id='word_1_624' title='bbox 2623 4220 2799 4273; x_wconf 85' lang='grc' dir='ltr'>πάντα</span> <span class='ocrx_word' id='word_1_625' title='bbox 2820 4216 2926 4290; x_wconf 85' lang='grc' dir='ltr'>γὰρ</span> <span class='ocrx_word' id='word_1_626' title='bbox 2948 4211 3312 4268; x_wconf 80' lang='grc' dir='ltr'>ἀποτέτακταί</span> <span class='ocrx_word' id='word_1_627' title='bbox 3328 4227 3409 4262; x_wconf 83' lang='grc' dir='ltr'><strong>σοι</strong></span> <span class='ocrx_word' id='word_1_628' title='bbox 3436 4209 3505 4262; x_wconf 79' lang='grc' dir='ltr'>τὰ</span> <span class='ocrx_word' id='word_1_629' title='bbox 3536 4207 3674 4280; x_wconf 72' lang='grc' dir='ltr'>πρὸς</span> 
     </span>
    </p>
   </div>
   <div class='ocr_carea' id='block_1_84' title="bbox 2105 4302 3676 4388">
    <p class='ocr_par' dir='ltr' id='par_1_84' title="bbox 2105 4302 3676 4388">
     <span class='ocr_line' id='line_1_84' title="bbox 2105 4302 3676 4388; baseline -0.013 -18"><span class='ocrx_word' id='word_1_630' title='bbox 2105 4319 2202 4388; x_wconf 80' lang='grc' dir='ltr'><strong>τὴν</strong></span> <span class='ocrx_word' id='word_1_631' title='bbox 2219 4317 2425 4387; x_wconf 88' lang='grc' dir='ltr'>χρείαν.</span> <span class='ocrx_word' id='word_1_632' title='bbox 2472 4313 2528 4366; x_wconf 87' lang='lat'><strong>&#39;0</strong></span> <span class='ocrx_word' id='word_1_633' title='bbox 2543 4313 2596 4364; x_wconf 82' lang='grc' dir='ltr'>δὲ</span> <span class='ocrx_word' id='word_1_634' title='bbox 2623 4311 2929 4382; x_wconf 82' lang='grc' dir='ltr'>Δημήτριος</span> <span class='ocrx_word' id='word_1_635' title='bbox 2962 4304 3112 4359; x_wconf 74' lang='grc' dir='ltr'>εἶπεν</span> <span class='ocrx_word' id='word_1_636' title='bbox 3132 4319 3146 4332; x_wconf 78' lang='grc'><strong><em>⁸</em></strong></span> <span class='ocrx_word' id='word_1_637' title='bbox 3165 4302 3487 4374; x_wconf 86' lang='grc' dir='ltr'>Ἑρμηνείας</span> <span class='ocrx_word' id='word_1_638' title='bbox 3507 4315 3676 4371; x_wconf 71' lang='grc' dir='ltr'><strong>προσ⁸</strong></span> 
     </span>
    </p>
   </div>
   <div class='ocr_carea' id='block_1_85' title="bbox 437 4389 2004 4491">
    <p class='ocr_par' dir='ltr' id='par_1_85' title="bbox 437 4389 2000 4491">
     <span class='ocr_line' id='line_1_85' title="bbox 437 4389 2000 4491; baseline -0.012 -16"><span class='ocrx_word' id='word_1_639' title='bbox 437 4389 575 4491; x_wconf 77' lang='lat' dir='ltr'><strong>opus</strong></span> <span class='ocrx_word' id='word_1_640' title='bbox 603 4434 720 4472; x_wconf 80' lang='lat' dir='ltr'><strong>eam</strong></span> <span class='ocrx_word' id='word_1_641' title='bbox 753 4418 804 4470; x_wconf 91' lang='lat' dir='ltr'><strong>in</strong></span> <span class='ocrx_word' id='word_1_642' title='bbox 834 4429 947 4468; x_wconf 90' lang='lat' dir='ltr'><strong>rem</strong></span> <span class='ocrx_word' id='word_1_643' title='bbox 980 4413 1178 4474; x_wconf 89' lang='lat' dir='ltr'><strong>habes,</strong></span> <span class='ocrx_word' id='word_1_644' title='bbox 1211 4410 1263 4464; x_wconf 92' lang='lat' dir='ltr'><strong>id</strong></span> <span class='ocrx_word' id='word_1_645' title='bbox 1290 4409 1504 4462; x_wconf 87' lang='lat' dir='ltr'><strong>abunde</strong></span> <span class='ocrx_word' id='word_1_646' title='bbox 1540 4407 1635 4460; x_wconf 91' lang='lat' dir='ltr'><strong>tibi</strong></span> <span class='ocrx_word' id='word_1_647' title='bbox 1682 4406 1839 4474; x_wconf 88' lang='lat' dir='ltr'><strong>jussu</strong></span> <span class='ocrx_word' id='word_1_648' title='bbox 1861 4420 2000 4467; x_wconf 67' lang='lat' dir='ltr'><strong>,meo</strong></span> 
     </span>
    </p>
   </div>
   <div class='ocr_carea' id='block_1_86' title="bbox 2112 4389 3675 4491">
    <p class='ocr_par' dir='ltr' id='par_1_86' title="bbox 2112 4389 3675 4491">
     <span class='ocr_line' id='line_1_86' title="bbox 2112 4389 3675 4491; baseline -0.012 -33"><span class='ocrx_word' id='word_1_649' title='bbox 2112 4407 2292 4460; x_wconf 73' lang='grc' dir='ltr'>δεῖται.</span> <span class='ocrx_word' id='word_1_650' title='bbox 2333 4403 2685 4475; x_wconf 84' lang='grc' dir='ltr'>Χαρακτῆρσι</span> <span class='ocrx_word' id='word_1_651' title='bbox 2741 4401 2845 4470; x_wconf 81' lang='grc' dir='ltr'><strong>γὰρ</strong></span> <span class='ocrx_word' id='word_1_652' title='bbox 2898 4398 3044 4459; x_wconf 84' lang='grc' dir='ltr'>ἰδίοις</span> <span class='ocrx_word' id='word_1_653' title='bbox 3089 4395 3228 4448; x_wconf 81' lang='grc' dir='ltr'>κατὰ</span> <span class='ocrx_word' id='word_1_654' title='bbox 3259 4393 3355 4463; x_wconf 83' lang='grc' dir='ltr'>τὴν</span> <span class='ocrx_word' id='word_1_655' title='bbox 3410 4389 3675 4491; x_wconf 58' lang='grc' dir='ltr'>Ἰουδαίαν</span> 
     </span>
    </p>
   </div>
   <div class='ocr_carea' id='block_1_87' title="bbox 439 4497 2003 4580">
    <p class='ocr_par' dir='ltr' id='par_1_87' title="bbox 439 4497 2003 4580">
     <span class='ocr_line' id='line_1_87' title="bbox 439 4497 2003 4580; baseline -0.012 -13"><span class='ocrx_word' id='word_1_656' title='bbox 439 4510 696 4580; x_wconf 80' lang='lat' dir='ltr'><strong>suppetit.</strong></span> <span class='ocrx_word' id='word_1_657' title='bbox 736 4507 827 4560; x_wconf 88' lang='lat' dir='ltr'><strong>Ille</strong></span> <span class='ocrx_word' id='word_1_658' title='bbox 856 4513 1032 4559; x_wconf 89' lang='lat' dir='ltr'><strong>autem</strong></span> <span class='ocrx_word' id='word_1_659' title='bbox 1059 4543 1075 4566; x_wconf 89' lang='lat'><strong>,</strong></span> <span class='ocrx_word' id='word_1_660' title='bbox 1109 4499 1585 4568; x_wconf 88' lang='lat' dir='ltr'><strong>lnterpretatione,</strong></span> <span class='ocrx_word' id='word_1_661' title='bbox 1612 4497 1822 4565; x_wconf 91' lang='lat' dir='ltr'><strong>inquit,</strong></span> <span class='ocrx_word' id='word_1_662' title='bbox 1867 4510 2003 4564; x_wconf 92' lang='lat' dir='ltr'><strong>opus</strong></span> 
     </span>
    </p>
   </div>
   <div class='ocr_carea' id='block_1_88' title="bbox 439 4587 2002 4671">
    <p class='ocr_par' dir='ltr' id='par_1_88' title="bbox 439 4587 2002 4671">
     <span class='ocr_line' id='line_1_88' title="bbox 439 4587 2002 4671; baseline -0.013 -16"><span class='ocrx_word' id='word_1_663' title='bbox 439 4609 695 4671; x_wconf 73' lang='lat' dir='ltr'><strong>praeterea</strong></span> <span class='ocrx_word' id='word_1_664' title='bbox 727 4607 826 4651; x_wconf 90' lang='lat' dir='ltr'><strong>est.</strong></span> <span class='ocrx_word' id='word_1_665' title='bbox 867 4591 1038 4648; x_wconf 87' lang='lat' dir='ltr'><strong>Suum</strong></span> <span class='ocrx_word' id='word_1_666' title='bbox 1059 4591 1200 4646; x_wconf 87' lang='lat' dir='ltr'><strong>enim</strong></span> <span class='ocrx_word' id='word_1_667' title='bbox 1222 4605 1285 4643; x_wconf 88' lang='lat' dir='ltr'><strong>ac</strong></span> <span class='ocrx_word' id='word_1_668' title='bbox 1310 4589 1588 4657; x_wconf 90' lang='lat' dir='ltr'><strong>proprium</strong></span> <span class='ocrx_word' id='word_1_669' title='bbox 1631 4587 2002 4639; x_wconf 89' lang='lat' dir='ltr'><strong>characterem</strong></span> 
     </span>
    </p>
   </div>
   <div class='ocr_carea' id='block_1_89' title="bbox 439 4676 2003 4758">
    <p class='ocr_par' dir='ltr' id='par_1_89' title="bbox 439 4676 2003 4758">
     <span class='ocr_line' id='line_1_89' title="bbox 439 4676 2003 4758; baseline -0.013 -11"><span class='ocrx_word' id='word_1_670' title='bbox 439 4691 633 4756; x_wconf 76' lang='lat' dir='ltr'><strong>Judaei,</strong></span> <span class='ocrx_word' id='word_1_671' title='bbox 673 4684 1132 4758; x_wconf 88' lang='lat' dir='ltr'><strong>quemadmodum</strong></span> <span class='ocrx_word' id='word_1_672' title='bbox 1163 4679 1398 4750; x_wconf 74' lang='lat' dir='ltr'><strong>AEygptii</strong></span> <span class='ocrx_word' id='word_1_673' title='bbox 1435 4679 1762 4746; x_wconf 88' lang='lat' dir='ltr'><strong>peculiarem</strong></span> <span class='ocrx_word' id='word_1_674' title='bbox 1796 4676 2003 4729; x_wconf 86' lang='lat' dir='ltr'><strong>littera-</strong></span> 
     </span>
    </p>
   </div>
   <div class='ocr_carea' id='block_1_90' title="bbox 437 4769 2006 4852">
    <p class='ocr_par' dir='ltr' id='par_1_90' title="bbox 437 4769 2006 4852">
     <span class='ocr_line' id='line_1_90' title="bbox 437 4769 2006 4852; baseline -0.013 -12"><span class='ocrx_word' id='word_1_675' title='bbox 437 4801 560 4840; x_wconf 73' lang='lat' dir='ltr'><strong>rum</strong></span> <span class='ocrx_word' id='word_1_676' title='bbox 587 4783 808 4852; x_wconf 80' lang='lat' dir='ltr'><strong>ﬁguram</strong></span> <span class='ocrx_word' id='word_1_677' title='bbox 831 4795 892 4833; x_wconf 90' lang='lat' dir='ltr'><strong>ac</strong></span> <span class='ocrx_word' id='word_1_678' title='bbox 908 4778 1096 4840; x_wconf 93' lang='lat' dir='ltr'><strong>situm,</strong></span> <span class='ocrx_word' id='word_1_679' title='bbox 1128 4773 1436 4834; x_wconf 87' lang='lat' dir='ltr'><strong>habent,uti</strong></span> <span class='ocrx_word' id='word_1_680' title='bbox 1471 4769 1741 4840; x_wconf 82' lang='lat' dir='ltr'><strong>prOpriam</strong></span> <span class='ocrx_word' id='word_1_681' title='bbox 1791 4780 2006 4837; x_wconf 83' lang='lat' dir='ltr'><strong>quoque</strong></span> 
     </span>
    </p>
   </div>
   <div class='ocr_carea' id='block_1_91' title="bbox 441 4857 2005 4946">
    <p class='ocr_par' dir='ltr' id='par_1_91' title="bbox 441 4857 2005 4946">
     <span class='ocr_line' id='line_1_91' title="bbox 441 4857 2005 4946; baseline -0.012 -17"><span class='ocrx_word' id='word_1_682' title='bbox 441 4873 697 4946; x_wconf 84' lang='lat' dir='ltr'><strong>loquendi</strong></span> <span class='ocrx_word' id='word_1_683' title='bbox 730 4872 1012 4925; x_wconf 87' lang='lat' dir='ltr'><strong>rationem.</strong></span> <span class='ocrx_word' id='word_1_684' title='bbox 1050 4865 1116 4919; x_wconf 87' lang='lat' dir='ltr'><strong>Et</strong></span> <span class='ocrx_word' id='word_1_685' title='bbox 1137 4863 1380 4918; x_wconf 89' lang='lat' dir='ltr'><strong>nonnulli</strong></span> <span class='ocrx_word' id='word_1_686' title='bbox 1405 4861 1622 4931; x_wconf 86' lang='lat' dir='ltr'><strong>quidem</strong></span> <span class='ocrx_word' id='word_1_687' title='bbox 1658 4874 1751 4914; x_wconf 89' lang='lat' dir='ltr'><strong>eos</strong></span> <span class='ocrx_word' id='word_1_688' title='bbox 1786 4857 2005 4928; x_wconf 90' lang='lat' dir='ltr'><strong>Syriace</strong></span> 
     </span>
    </p>
   </div>
   <div class='ocr_carea' id='block_1_92' title="bbox 441 4950 2006 5036">
    <p class='ocr_par' dir='ltr' id='par_1_92' title="bbox 441 4950 2006 5036">
     <span class='ocr_line' id='line_1_92' title="bbox 441 4950 2006 5036; baseline -0.013 -15"><span class='ocrx_word' id='word_1_689' title='bbox 441 4964 592 5036; x_wconf 71' lang='lat' dir='ltr'><strong>loqui</strong></span> <span class='ocrx_word' id='word_1_690' title='bbox 617 4965 928 5033; x_wconf 82' lang='lat' dir='ltr'><strong>opinantur;</strong></span> <span class='ocrx_word' id='word_1_691' title='bbox 954 4965 1137 5013; x_wconf 89' lang='lat' dir='ltr'><strong>errant</strong></span> <span class='ocrx_word' id='word_1_692' title='bbox 1163 4955 1236 5009; x_wconf 91' lang='lat' dir='ltr'><strong>illi</strong></span> <span class='ocrx_word' id='word_1_693' title='bbox 1269 4962 1487 5018; x_wconf 83' lang='lat' dir='ltr'><strong>tamen;</strong></span> <span class='ocrx_word' id='word_1_694' title='bbox 1521 4951 1628 5004; x_wconf 89' lang='lat' dir='ltr'><strong>alio</strong></span> <span class='ocrx_word' id='word_1_695' title='bbox 1649 4950 1809 5016; x_wconf 69' lang='lat' dir='ltr'><strong>enim</strong></span> <span class='ocrx_word' id='word_1_696' title='bbox 1843 4957 2006 5001; x_wconf 87' lang='lat' dir='ltr'><strong>utun-</strong></span> 
     </span>
    </p>
   </div>
   <div class='ocr_carea' id='block_1_93' title="bbox 517 5061 2005 5156">
    <p class='ocr_par' dir='ltr' id='par_1_93' title="bbox 517 5061 2005 5156">
     <span class='ocr_line' id='line_1_93' title="bbox 517 5061 2005 5156; baseline -0.014 -25"><span class='ocrx_word' id='word_1_697' title='bbox 517 5079 632 5156; x_wconf 52' lang='grc' dir='ltr'><strong>(σξη</strong></span> <span class='ocrx_word' id='word_1_698' title='bbox 666 5071 1081 5156; x_wconf 61' lang='grc' dir='ltr'>Κατασταθείς.</span> <span class='ocrx_word' id='word_1_699' title='bbox 1119 5068 1382 5122; x_wconf 62' lang='grc' dir='ltr'>Ατίειωυε</span> <span class='ocrx_word' id='word_1_700' title='bbox 1424 5077 1658 5119; x_wconf 82' lang='lat' dir='ltr'><strong>excusus</strong></span> <span class='ocrx_word' id='word_1_701' title='bbox 1701 5061 1804 5131; x_wconf 80' lang='lat' dir='ltr'><strong>leg.</strong></span> <span class='ocrx_word' id='word_1_702' title='bbox 1837 5076 2005 5112; x_wconf 88' lang='grc' dir='ltr'>κατα-</span> 
     </span>
    </p>
   </div>
   <div class='ocr_carea' id='block_1_94' title="bbox 445 5146 2006 5290">
    <p class='ocr_par' dir='ltr' id='par_1_94' title="bbox 445 5146 2006 5290">
     <span class='ocr_line' id='line_1_94' title="bbox 445 5146 1416 5220; baseline -0.019 -15"><span class='ocrx_word' id='word_1_703' title='bbox 445 5146 683 5220; x_wconf 77' lang='grc' dir='ltr'>ταχθείς·</span> <span class='ocrx_word' id='word_1_704' title='bbox 719 5146 935 5214; x_wconf 79' lang='lat' dir='ltr'><strong>perinde</strong></span> <span class='ocrx_word' id='word_1_705' title='bbox 963 5152 1064 5196; x_wconf 90' lang='lat' dir='ltr'><strong>est.</strong></span> <span class='ocrx_word' id='word_1_706' title='bbox 1398 5170 1416 5217; x_wconf 42' lang='grc' dir='ltr'><strong>η.</strong></span> 
     </span>
     <span class='ocr_line' id='line_1_95' title="bbox 518 5200 2006 5290; baseline -0.018 -17"><span class='ocrx_word' id='word_1_707' title='bbox 518 5219 632 5290; x_wconf 71' lang='lat'><strong>(2‘2)</strong></span> <span class='ocrx_word' id='word_1_708' title='bbox 663 5215 862 5270; x_wconf 74' lang='grc' dir='ltr'><em>Πολλὰ</em></span> <span class='ocrx_word' id='word_1_709' title='bbox 893 5206 1510 5290; x_wconf 42' lang='grc' dir='ltr'>διάφοραηᾘθεγοιιιιιε,</span> 
     </span>
    </p>
   </div>
   <div class='ocr_carea' id='block_1_95' title="bbox 444 5269 2005 5359">
    <p class='ocr_par' dir='ltr' id='par_1_95' title="bbox 444 5269 2005 5359">
     <span class='ocr_line' id='line_1_96' title="bbox 444 5269 2005 5359; baseline -0.015 -16"><span class='ocrx_word' id='word_1_710' title='bbox 444 5269 630 5359; x_wconf 40' lang='lat' dir='ltr'><strong>pr—at:</strong></span> <span class='ocrx_word' id='word_1_711' title='bbox 663 5269 766 5340; x_wconf 88' lang='lat' dir='ltr'><strong>non</strong></span> <span class='ocrx_word' id='word_1_712' title='bbox 792 5269 1008 5337; x_wconf 54' lang='lat' dir='ltr'><strong>tantuin&#39;</strong></span> <span class='ocrx_word' id='word_1_713' title='bbox 1039 5269 1385 5359; x_wconf 66' lang='grc' dir='ltr'>ὀξμφίλεκτόν,</span> <span class='ocrx_word' id='word_1_714' title='bbox 1416 5276 1511 5359; x_wconf 75' lang='lat' dir='ltr'><strong>sed</strong></span> <span class='ocrx_word' id='word_1_715' title='bbox 1546 5269 2005 5359; x_wconf 27' lang='lat' dir='ltr'><strong>etiiiiiiAdt-va&#39;tiioapza</strong></span> 
     </span>
    </p>
   </div>
   <div class='ocr_carea' id='block_1_96' title="bbox 444 5340 2008 5429">
    <p class='ocr_par' dir='ltr' id='par_1_96' title="bbox 444 5340 2008 5429">
     <span class='ocr_line' id='line_1_97' title="bbox 444 5340 2008 5429; baseline -0.013 -16"><span class='ocrx_word' id='word_1_716' title='bbox 444 5340 722 5429; x_wconf 58' lang='grc' dir='ltr'>διᾶίρορον,</span> <span class='ocrx_word' id='word_1_717' title='bbox 746 5371 869 5425; x_wconf 80' lang='lat' dir='ltr'><strong>quae</strong></span> <span class='ocrx_word' id='word_1_718' title='bbox 897 5367 1023 5408; x_wconf 78' lang='lat' dir='ltr'><strong>vera</strong></span> <span class='ocrx_word' id='word_1_719' title='bbox 1060 5340 1163 5405; x_wconf 76' lang='lat' dir='ltr'><strong>hoc</strong></span> <span class='ocrx_word' id='word_1_720' title='bbox 1194 5351 1314 5403; x_wconf 90' lang='lat' dir='ltr'><strong>loco</strong></span> <span class='ocrx_word' id='word_1_721' title='bbox 1349 5353 1433 5401; x_wconf 87' lang='lat' dir='ltr'><strong>est</strong></span> <span class='ocrx_word' id='word_1_722' title='bbox 1467 5344 1630 5413; x_wconf 88' lang='lat' dir='ltr'><strong>hujus</strong></span> <span class='ocrx_word' id='word_1_723' title='bbox 1662 5340 1809 5394; x_wconf 87' lang='lat' dir='ltr'><strong>verbi</strong></span> <span class='ocrx_word' id='word_1_724' title='bbox 1840 5340 2008 5408; x_wconf 82' lang='lat' dir='ltr'><strong>signi-</strong></span> 
     </span>
    </p>
   </div>
   <div class='ocr_carea' id='block_1_97' title="bbox 371 5431 2002 5567">
    <p class='ocr_par' dir='ltr' id='par_1_97' title="bbox 371 5431 2002 5567">
     <span class='ocr_line' id='line_1_98' title="bbox 371 5431 2002 5567; baseline -0.011 -17"><span class='ocrx_word' id='word_1_725' title='bbox 371 5474 375 5478; x_wconf 24' lang='lat'>.</span> <span class='ocrx_word' id='word_1_726' title='bbox 664 5493 829 5562; x_wconf 79' lang='grc' dir='ltr'>’Υπὲρ</span> <span class='ocrx_word' id='word_1_727' title='bbox 856 5492 959 5567; x_wconf 57' lang='grc' dir='ltr'>τὰς</span> <span class='ocrx_word' id='word_1_728' title='bbox 981 5491 1192 5567; x_wconf 58' lang='lat' dir='ltr'><strong>sigma}.</strong></span> <span class='ocrx_word' id='word_1_729' title='bbox 1217 5486 1480 5567; x_wconf 61' lang='lat' dir='ltr'><strong>Iosephus</strong></span> <span class='ocrx_word' id='word_1_730' title='bbox 1501 5477 2002 5567; x_wconf 44' lang='lat' dir='ltr'><strong>4ntiquil.1ttddjf.</strong></span> 
     </span>
    </p>
   </div>
   <div class='ocr_carea' id='block_1_98' title="bbox 448 5549 2002 5634">
    <p class='ocr_par' dir='ltr' id='par_1_98' title="bbox 448 5549 2002 5634">
     <span class='ocr_line' id='line_1_99' title="bbox 448 5549 2002 5634; baseline -0.012 -13"><span class='ocrx_word' id='word_1_731' title='bbox 448 5549 672 5627; x_wconf 45' lang='lat' dir='ltr'><strong>“1;:le</strong></span> <span class='ocrx_word' id='word_1_732' title='bbox 709 5549 828 5633; x_wconf 73' lang='lat' dir='ltr'><strong>cap.</strong></span> <span class='ocrx_word' id='word_1_733' title='bbox 854 5563 908 5625; x_wconf 69' lang='grc' dir='ltr'>Ξ,</span> <span class='ocrx_word' id='word_1_734' title='bbox 937 5549 1067 5634; x_wconf 53' lang='grc' dir='ltr'>περὶ</span> <span class='ocrx_word' id='word_1_735' title='bbox 1099 5560 1290 5634; x_wconf 73' lang='grc' dir='ltr'>εῖκοσι.</span> <span class='ocrx_word' id='word_1_736' title='bbox 1322 5549 1392 5610; x_wconf 60' lang='lat' dir='ltr'><strong>At</strong></span> <span class='ocrx_word' id='word_1_737' title='bbox 1422 5553 1486 5634; x_wconf 36' lang='grc' dir='ltr'><strong>8,ἱ</strong></span> <span class='ocrx_word' id='word_1_738' title='bbox 1516 5549 1871 5634; x_wconf 77' lang='lat' dir='ltr'><strong>Epiphanius,</strong></span> <span class='ocrx_word' id='word_1_739' title='bbox 1901 5549 2002 5634; x_wconf 75' lang='lat' dir='ltr'><strong>lib.</strong></span> 
     </span>
    </p>
   </div>
   <div class='ocr_carea' id='block_1_99' title="bbox 452 5625 2001 5699">
    <p class='ocr_par' dir='ltr' id='par_1_99' title="bbox 452 5625 2001 5699">
     <span class='ocr_line' id='line_1_100' title="bbox 452 5625 2001 5699; baseline -0.014 -10"><span class='ocrx_word' id='word_1_740' title='bbox 452 5638 527 5690; x_wconf 80' lang='lat' dir='ltr'><strong>De</strong></span> <span class='ocrx_word' id='word_1_741' title='bbox 561 5625 793 5688; x_wconf 63' lang='lat' dir='ltr'><strong>mensur:</strong></span> <span class='ocrx_word' id='word_1_742' title='bbox 841 5643 888 5685; x_wconf 81' lang='lat' dir='ltr'><strong>et</strong></span> <span class='ocrx_word' id='word_1_743' title='bbox 931 5625 1220 5699; x_wconf 75' lang='lat' dir='ltr'><strong>poriderib.,</strong></span> <span class='ocrx_word' id='word_1_744' title='bbox 1270 5643 1420 5699; x_wconf 85' lang='lat' dir='ltr'><strong>num.</strong></span> <span class='ocrx_word' id='word_1_745' title='bbox 1456 5626 1524 5699; x_wconf 89' lang='lat'><strong>,</strong></span> <span class='ocrx_word' id='word_1_746' title='bbox 1569 5625 2001 5699; x_wconf 43' lang='lat' dir='ltr'><strong>longe-parcior,</strong></span> 
     </span>
    </p>
   </div>
   <div class='ocr_carea' id='block_1_100' title="bbox 454 5689 2004 5775">
    <p class='ocr_par' dir='ltr' id='par_1_100' title="bbox 454 5689 2004 5775">
     <span class='ocr_line' id='line_1_101' title="bbox 454 5689 2004 5775; baseline -0.014 -14"><span class='ocrx_word' id='word_1_747' title='bbox 454 5706 592 5775; x_wconf 79' lang='grc' dir='ltr'><strong>Ἤδη</strong></span> <span class='ocrx_word' id='word_1_748' title='bbox 625 5705 741 5774; x_wconf 80' lang='grc' dir='ltr'>μέν,</span> <span class='ocrx_word' id='word_1_749' title='bbox 769 5689 963 5773; x_wconf 75' lang='lat' dir='ltr'><strong>inquit,</strong></span> <span class='ocrx_word' id='word_1_750' title='bbox 994 5704 1095 5753; x_wconf 79' lang='grc' dir='ltr'>εἰσι</span> <span class='ocrx_word' id='word_1_751' title='bbox 1146 5689 1397 5770; x_wconf 72' lang='grc' dir='ltr'>μυριάδες</span> <span class='ocrx_word' id='word_1_752' title='bbox 1431 5695 1588 5748; x_wconf 82' lang='grc' dir='ltr'>πέντε</span> <span class='ocrx_word' id='word_1_753' title='bbox 1628 5689 1874 5774; x_wconf 79' lang='grc' dir='ltr'>βιϐλίων,</span> <span class='ocrx_word' id='word_1_754' title='bbox 1911 5689 2004 5742; x_wconf 63' lang='grc' dir='ltr'>καὶ</span> 
     </span>
    </p>
   </div>
   <div class='ocr_carea' id='block_1_101' title="bbox 2106 4480 3680 4570">
    <p class='ocr_par' dir='ltr' id='par_1_101' title="bbox 2106 4480 3680 4570">
     <span class='ocr_line' id='line_1_102' title="bbox 2106 4480 3680 4570; baseline -0.014 -16"><span class='ocrx_word' id='word_1_755' title='bbox 2106 4500 2364 4570; x_wconf 84' lang='grc' dir='ltr'>χρῶνται,</span> <span class='ocrx_word' id='word_1_756' title='bbox 2417 4496 2668 4566; x_wconf 84' lang='grc' dir='ltr'>καθάπερ</span> <span class='ocrx_word' id='word_1_757' title='bbox 2704 4491 2989 4561; x_wconf 82' lang='grc' dir='ltr'>Αἰγύπτιοι</span> <span class='ocrx_word' id='word_1_758' title='bbox 3013 4491 3079 4559; x_wconf 77' lang='grc' dir='ltr'>τῇ</span> <span class='ocrx_word' id='word_1_759' title='bbox 3097 4487 3202 4540; x_wconf 77' lang='grc' dir='ltr'><strong>τῶν</strong></span> <span class='ocrx_word' id='word_1_760' title='bbox 3226 4483 3567 4555; x_wconf 81' lang='grc' dir='ltr'>γραμμάτων</span> <span class='ocrx_word' id='word_1_761' title='bbox 3589 4480 3680 4534; x_wconf 69' lang='lat' dir='ltr'><strong>0i—</strong></span> 
     </span>
    </p>
   </div>
   <div class='ocr_carea' id='block_1_102' title="bbox 2110 4572 3679 4657">
    <p class='ocr_par' dir='ltr' id='par_1_102' title="bbox 2110 4572 3679 4657">
     <span class='ocr_line' id='line_1_103' title="bbox 2110 4572 3679 4657; baseline -0.014 -11"><span class='ocrx_word' id='word_1_762' title='bbox 2110 4610 2212 4657; x_wconf 89' lang='grc' dir='ltr'>σει,</span> <span class='ocrx_word' id='word_1_763' title='bbox 2241 4590 2376 4644; x_wconf 83' lang='grc' dir='ltr'>καθὸ</span> <span class='ocrx_word' id='word_1_764' title='bbox 2429 4589 2522 4642; x_wconf 73' lang='grc' dir='ltr'><strong>καὶ</strong></span> <span class='ocrx_word' id='word_1_765' title='bbox 2562 4586 2743 4654; x_wconf 71' lang='grc' dir='ltr'>φωνὴν</span> <span class='ocrx_word' id='word_1_766' title='bbox 2773 4581 3149 4651; x_wconf 38' lang='grc' dir='ltr'>ἰδίανιέχουσιν.</span> <span class='ocrx_word' id='word_1_767' title='bbox 3168 4572 3679 4643; x_wconf 83' lang='grc' dir='ltr'>Ὑπολαμϐἀνονται</span> 
     </span>
    </p>
   </div>
   <div class='ocr_carea' id='block_1_103' title="bbox 2106 4663 3679 4754">
    <p class='ocr_par' dir='ltr' id='par_1_103' title="bbox 2106 4663 3679 4754">
     <span class='ocr_line' id='line_1_104' title="bbox 2106 4663 3679 4754; baseline -0.017 -16"><span class='ocrx_word' id='word_1_768' title='bbox 2106 4685 2163 4738; x_wconf 82' lang='grc' dir='ltr'>δὲ</span> <span class='ocrx_word' id='word_1_769' title='bbox 2223 4685 2464 4754; x_wconf 84' lang='grc' dir='ltr'>Συριακῇ</span> <span class='ocrx_word' id='word_1_770' title='bbox 2532 4678 2803 4751; x_wconf 73' lang='grc' dir='ltr'>χρῆσθαιο</span> <span class='ocrx_word' id='word_1_771' title='bbox 2843 4673 2968 4726; x_wconf 80' lang='grc' dir='ltr'>τὸδ’</span> <span class='ocrx_word' id='word_1_772' title='bbox 3016 4671 3116 4724; x_wconf 81' lang='grc' dir='ltr'><strong>οὐκ</strong></span> <span class='ocrx_word' id='word_1_773' title='bbox 3153 4667 3320 4730; x_wconf 79' lang='grc' dir='ltr'>ἔστιν,</span> <span class='ocrx_word' id='word_1_774' title='bbox 3348 4663 3679 4754; x_wconf 75' lang='grc' dir='ltr'>ἁλλ’ἓτερος</span> 
     </span>
    </p>
   </div>
   <div class='ocr_carea' id='block_1_104' title="bbox 2106 4753 3682 4846">
    <p class='ocr_par' dir='ltr' id='par_1_104' title="bbox 2106 4753 3682 4846">
     <span class='ocr_line' id='line_1_105' title="bbox 2106 4753 3682 4846; baseline -0.015 -18"><span class='ocrx_word' id='word_1_775' title='bbox 2106 4753 2326 4846; x_wconf 82' lang='grc' dir='ltr'>τρόπος.</span> <span class='ocrx_word' id='word_1_776' title='bbox 2396 4768 2729 4825; x_wconf 87' lang='grc' dir='ltr'>Μεταλαϐὼν</span> <span class='ocrx_word' id='word_1_777' title='bbox 2757 4767 2813 4819; x_wconf 83' lang='grc' dir='ltr'>δὲ</span> <span class='ocrx_word' id='word_1_778' title='bbox 2840 4765 3046 4818; x_wconf 74' lang='grc' dir='ltr'>ἕκαστα</span> <span class='ocrx_word' id='word_1_779' title='bbox 3066 4763 3094 4813; x_wconf 87' lang='grc' dir='ltr'>ὁ</span> <span class='ocrx_word' id='word_1_780' title='bbox 3115 4757 3384 4830; x_wconf 76' lang='grc' dir='ltr'>βασιλεὺς,</span> <span class='ocrx_word' id='word_1_781' title='bbox 3397 4753 3682 4846; x_wconf 21' lang='grc' dir='ltr'>εἷπεᾼγρα·</span> 
     </span>
    </p>
   </div>
   <div class='ocr_carea' id='block_1_105' title="bbox 2109 4844 3683 4941">
    <p class='ocr_par' dir='ltr' id='par_1_105' title="bbox 2109 4844 3683 4941">
     <span class='ocr_line' id='line_1_106' title="bbox 2109 4844 3683 4941; baseline 0.015 -22"><span class='ocrx_word' id='word_1_782' title='bbox 2109 4844 2406 4938; x_wconf 46' lang='lat' dir='ltr'><strong>(pip/atad)</strong></span> <span class='ocrx_word' id='word_1_783' title='bbox 2434 4863 2568 4933; x_wconf 80' lang='grc' dir='ltr'><strong>πρὸς</strong></span> <span class='ocrx_word' id='word_1_784' title='bbox 2592 4861 2682 4913; x_wconf 84' lang='grc' dir='ltr'><strong>τδν</strong></span> <span class='ocrx_word' id='word_1_785' title='bbox 2723 4857 2982 4929; x_wconf 77' lang='grc' dir='ltr'><strong>ἀρχιερέα</strong></span> <span class='ocrx_word' id='word_1_786' title='bbox 3023 4852 3128 4904; x_wconf 67' lang='grc' dir='ltr'><strong>τῶν</strong></span> <span class='ocrx_word' id='word_1_787' title='bbox 3176 4848 3480 4941; x_wconf 35' lang='lat' dir='ltr'><strong>“uagi?”</strong></span> 
     </span>
    </p>
   </div>
   <div class='ocr_carea' id='block_1_106' title="bbox 2107 4932 3681 5028">
    <p class='ocr_par' dir='ltr' id='par_1_106' title="bbox 2107 4932 3681 5028">
     <span class='ocr_line' id='line_1_107' title="bbox 2107 4932 3681 5028; baseline -0.018 -16"><span class='ocrx_word' id='word_1_788' title='bbox 2107 4932 2185 5012; x_wconf 39' lang='grc' dir='ltr'>τὰ.</span> <span class='ocrx_word' id='word_1_789' title='bbox 2201 4932 2570 5028; x_wconf 85' lang='grc' dir='ltr'>προειρημένα</span> <span class='ocrx_word' id='word_1_790' title='bbox 2599 4950 2872 5003; x_wconf 83' lang='grc' dir='ltr'>τελείωσιν</span> <span class='ocrx_word' id='word_1_791' title='bbox 2895 4943 3085 5014; x_wconf 54' lang='lat' dir='ltr'><strong>lamna)</strong></span> <span class='ocrx_word' id='word_1_792' title='bbox 3113 4939 3218 4995; x_wconf 72' lang='lat' dir='ltr'><strong>Kal</strong></span> <span class='ocrx_word' id='word_1_793' title='bbox 3243 4937 3358 5008; x_wconf 87' lang='grc' dir='ltr'>μεθ’</span> <span class='ocrx_word' id='word_1_794' title='bbox 3378 4936 3541 5007; x_wconf 73' lang='grc' dir='ltr'>ἔτερα</span> <span class='ocrx_word' id='word_1_795' title='bbox 3563 4932 3681 4992; x_wconf 71' lang='grc'><strong>(25)</strong></span> 
     </span>
    </p>
   </div>
   <div class='ocr_carea' id='block_1_107' title="bbox 2107 5045 3686 5143">
    <p class='ocr_par' dir='ltr' id='par_1_107' title="bbox 2107 5045 3686 5143">
     <span class='ocr_line' id='line_1_108' title="bbox 2107 5045 3686 5143; baseline -0.018 -16"><span class='ocrx_word' id='word_1_796' title='bbox 2107 5069 2532 5143; x_wconf 85' lang='grc' dir='ltr'>τετρακισχίλιαι</span> <span class='ocrx_word' id='word_1_797' title='bbox 2553 5065 2932 5143; x_wconf 36' lang='grc' dir='ltr'>’ὀκτακόσιαιέῒ</span> <span class='ocrx_word' id='word_1_798' title='bbox 2967 5057 3169 5143; x_wconf 68' lang='grc' dir='ltr'><strong>’πλεῖον1</strong></span> <span class='ocrx_word' id='word_1_799' title='bbox 3186 5045 3686 5143; x_wconf 21' lang='grc' dir='ltr'>ηηλξλοισσονῖωδω</span> 
     </span>
    </p>
   </div>
   <div class='ocr_carea' id='block_1_108' title="bbox 2108 5122 3606 5214">
    <p class='ocr_par' dir='ltr' id='par_1_108' title="bbox 2108 5122 3606 5214">
     <span class='ocr_line' id='line_1_109' title="bbox 2108 5122 3606 5214; baseline -0.019 -17"><span class='ocrx_word' id='word_1_800' title='bbox 2108 5122 2516 5201; x_wconf 36' lang='grc' dir='ltr'>Κτῖξίεοιὲέΐουιιι</span> <span class='ocrx_word' id='word_1_801' title='bbox 2547 5136 2784 5214; x_wconf 70' lang='lat' dir='ltr'><strong>Josepho</strong></span> <span class='ocrx_word' id='word_1_802' title='bbox 2812 5143 2864 5186; x_wconf 87' lang='lat' dir='ltr'><strong>et</strong></span> <span class='ocrx_word' id='word_1_803' title='bbox 2886 5128 3125 5214; x_wconf 51' lang='lat' dir='ltr'><strong>&#39;Euselliio</strong></span> <span class='ocrx_word' id='word_1_804' title='bbox 3158 5122 3606 5214; x_wconf 39' lang='grc' dir='ltr'><strong>Ιιξιξηξηιιιιιιι.(εἰει.ἶ</strong></span> 
     </span>
    </p>
   </div>
   <div class='ocr_carea' id='block_1_109' title="bbox 2181 5187 3681 5283">
    <p class='ocr_par' dir='ltr' id='par_1_109' title="bbox 2181 5187 3681 5283">
     <span class='ocr_line' id='line_1_110' title="bbox 2181 5187 3681 5283; baseline -0.021 -17"><span class='ocrx_word' id='word_1_805' title='bbox 2878 5197 3146 5283; x_wconf 46' lang='lat' dir='ltr'><strong>Joscpl&#39;i‘us</strong></span> 
     </span>
    </p>
   </div>
   <div class='ocr_carea' id='block_1_110' title="bbox 2111 5258 3683 5348">
    <p class='ocr_par' dir='ltr' id='par_1_110' title="bbox 2111 5258 3683 5348">
     <span class='ocr_line' id='line_1_111' title="bbox 2111 5258 3683 5348; baseline -0.02 -9"><span class='ocrx_word' id='word_1_806' title='bbox 2111 5258 2235 5339; x_wconf 58' lang='lat' dir='ltr'><strong>Sed</strong></span> <span class='ocrx_word' id='word_1_807' title='bbox 2250 5258 2578 5348; x_wconf 53' lang='lat' dir='ltr'><strong>Q’uﬁ&#39;b&#39;ﬁmbil</strong></span> <span class='ocrx_word' id='word_1_808' title='bbox 2608 5258 2882 5333; x_wconf 48' lang='lat' dir='ltr'><strong>Kri&#39;stmas,</strong></span> <span class='ocrx_word' id='word_1_809' title='bbox 2914 5258 3022 5321; x_wconf 65' lang='lat' dir='ltr'><strong>hoc</strong></span> <span class='ocrx_word' id='word_1_810' title='bbox 3048 5258 3683 5348; x_wconf 40' lang='lat' dir='ltr'><strong>Deinetrio‘i‘nan‘datufp</strong></span> 
     </span>
    </p>
   </div>
   <div class='ocr_carea' id='block_1_111' title="bbox 2109 5333 3690 5419">
    <p class='ocr_par' dir='ltr' id='par_1_111' title="bbox 2109 5333 3690 5419">
     <span class='ocr_line' id='line_1_112' title="bbox 2109 5333 3690 5419; baseline -0.021 -10"><span class='ocrx_word' id='word_1_811' title='bbox 2109 5333 2250 5415; x_wconf 59' lang='lat' dir='ltr'><strong>esse,</strong></span> <span class='ocrx_word' id='word_1_812' title='bbox 2287 5333 2362 5405; x_wconf 82' lang='lat' dir='ltr'><strong>uti</strong></span> <span class='ocrx_word' id='word_1_813' title='bbox 2395 5333 2533 5419; x_wconf 74' lang='lat' dir='ltr'><strong>regis</strong></span> <span class='ocrx_word' id='word_1_814' title='bbox 2565 5343 3172 5419; x_wconf 51' lang='lat' dir='ltr'><strong>ninnineadnsuminum</strong></span> <span class='ocrx_word' id='word_1_815' title='bbox 3209 5333 3519 5419; x_wconf 70' lang='lat' dir='ltr'><strong>pontiﬁcem</strong></span> <span class='ocrx_word' id='word_1_816' title='bbox 3547 5333 3690 5382; x_wconf 78' lang='lat' dir='ltr'><strong>scri-</strong></span> 
     </span>
    </p>
   </div>
   <div class='ocr_carea' id='block_1_112' title="bbox 2109 5402 3387 5500">
    <p class='ocr_par' dir='ltr' id='par_1_112' title="bbox 2109 5402 3387 5500">
     <span class='ocr_line' id='line_1_113' title="bbox 2109 5402 3387 5500; baseline -0.024 -20"><span class='ocrx_word' id='word_1_817' title='bbox 2293 5402 2596 5500; x_wconf 24' lang='lat' dir='ltr'><strong>Vlnfra:pag.</strong></span> <span class='ocrx_word' id='word_1_818' title='bbox 2628 5415 2720 5467; x_wconf 77' lang='grc'><strong>’551</strong></span> <span class='ocrx_word' id='word_1_819' title='bbox 2735 5456 2750 5480; x_wconf 85' lang='lat'><strong>,</strong></span> <span class='ocrx_word' id='word_1_820' title='bbox 2785 5402 3387 5500; x_wconf 40' lang='lat' dir='ltr'><strong>ixéieucflpacpﬁvarﬁ</strong></span> 
     </span>
    </p>
   </div>
   <div class='ocr_carea' id='block_1_113' title="bbox 2181 5464 3688 5563">
    <p class='ocr_par' dir='ltr' id='par_1_113' title="bbox 2181 5464 3688 5563">
     <span class='ocr_line' id='line_1_114' title="bbox 2181 5464 3688 5563; baseline -0.005 7"><span class='ocrx_word' id='word_1_821' title='bbox 2181 5464 2293 5563; x_wconf 55' lang='lat' dir='ltr'><strong>ea</strong></span> <span class='ocrx_word' id='word_1_822' title='bbox 2311 5464 2750 5563; x_wconf 52' lang='grc' dir='ltr'><strong>’ἳιὶξὸτνῖἓέεὶνὶιῖ</strong></span> <span class='ocrx_word' id='word_1_823' title='bbox 2971 5464 3688 5563; x_wconf 53' lang='lat' dir='ltr'><strong>amite</strong></span> 
     </span>
    </p>
   </div>
   <div class='ocr_carea' id='block_1_114' title="bbox 2109 5544 3685 5619">
    <p class='ocr_par' dir='ltr' id='par_1_114' title="bbox 2109 5544 3685 5619">
     <span class='ocr_line' id='line_1_115' title="bbox 2109 5544 3685 5619; baseline -0.02 0"><span class='ocrx_word' id='word_1_824' title='bbox 2109 5544 2369 5619; x_wconf 44' lang='lat' dir='ltr'><strong>Jut‘laii&#39;sa</strong></span> <span class='ocrx_word' id='word_1_825' title='bbox 2421 5544 2712 5611; x_wconf 50' lang='lat' dir='ltr'><strong>Ptolemaeo</strong></span> <span class='ocrx_word' id='word_1_826' title='bbox 2764 5544 3022 5619; x_wconf 80' lang='lat' dir='ltr'><strong>servitute</strong></span> <span class='ocrx_word' id='word_1_827' title='bbox 3071 5544 3325 5619; x_wconf 45' lang='lat' dir='ltr'><strong>liberatis.</strong></span> <span class='ocrx_word' id='word_1_828' title='bbox 3352 5544 3685 5619; x_wconf 69' lang='lat' dir='ltr'><strong>interponit.</strong></span> 
     </span>
    </p>
   </div>
   <div class='ocr_carea' id='block_1_115' title="bbox 2111 5605 3687 5700">
    <p class='ocr_par' dir='ltr' id='par_1_115' title="bbox 2111 5605 3687 5700">
     <span class='ocr_line' id='line_1_116' title="bbox 2111 5605 3687 5700; baseline -0.019 -11"><span class='ocrx_word' id='word_1_829' title='bbox 2340 5605 2702 5684; x_wconf 62' lang='grc' dir='ltr'><strong>ἱοῖιὴὲίὲῇὁίέ</strong></span> <span class='ocrx_word' id='word_1_830' title='bbox 2735 5627 2938 5700; x_wconf 71' lang='lat' dir='ltr'><strong>septem</strong></span> <span class='ocrx_word' id='word_1_831' title='bbox 2981 5615 3245 5700; x_wconf 40' lang='lat' dir='ltr'><strong>duntlaia‘t</strong></span> <span class='ocrx_word' id='word_1_832' title='bbox 3275 5609 3391 5667; x_wconf 73' lang='lat' dir='ltr'><strong>dics</strong></span> <span class='ocrx_word' id='word_1_833' title='bbox 3417 5605 3687 5677; x_wconf 79' lang='lat' dir='ltr'><strong>impensi,</strong></span> 
     </span>
    </p>
   </div>
   <div class='ocr_carea' id='block_1_116' title="bbox 2111 5683 3253 5763">
    <p class='ocr_par' dir='ltr' id='par_1_116' title="bbox 2111 5683 3253 5763">
     <span class='ocr_line' id='line_1_117' title="bbox 2111 5683 3253 5763; baseline -0.025 0"><span class='ocrx_word' id='word_1_834' title='bbox 2111 5683 2636 5763; x_wconf 23' lang='lat' dir='ltr'><strong>dtwiiﬂdemAi-istteas</strong></span> <span class='ocrx_word' id='word_1_835' title='bbox 2665 5703 2714 5751; x_wconf 84' lang='lat' dir='ltr'><strong>ct</strong></span> <span class='ocrx_word' id='word_1_836' title='bbox 2735 5683 3002 5759; x_wconf 58' lang='lat' dir='ltr'><strong>Jo&#39;sephus</strong></span> <span class='ocrx_word' id='word_1_837' title='bbox 3037 5683 3253 5759; x_wconf 71' lang='lat' dir='ltr'><strong>habent.</strong></span> 
     </span>
    </p>
   </div>
  </div>
