3856 6224
438 315 534 371 591
1071 313 1338 370 EUSEBll
1375 314 1845 372 CESARIENSIS
1884 317 2032 375 OPP.
2072 311 2252 374 PARS
2289 317 2350 372 ll.
2386 349 2458 358 —-
2491 313 2985 379 APOLUGETICA.
3579 330 3676 388 592

438 447 599 502 quem
627 431 689 485 in
721 445 941 486 sensum
973 430 1156 501 plures
1187 431 1538 497 convenisse,
1595 432 1842 502 diligenti
1868 449 1970 488 exa

2104 437 2216 506 Τῆς
2243 437 2299 490 δὲ
2323 437 2584 501 ὲκδόσεως
2613 438 2814 510 ταύτης
2847 439 3161 511 γενομένης,
3183 439 3674 514 ὲκέλευσενόβασι-

439 525 584 578 mine
605 523 906 579 constiterit
929 562 944 586 ,
981 538 1105 578 eum
1137 522 1454 592 seligamus,
1486 531 1541 578 et
1569 533 1880 580 accuratam
1901 541 1972 581 eo

2096 527 2220 590 λεὺς
2231 530 2504 598 γραφῆναι
2522 528 2655 599 πρὸς
2677 529 2766 582 τὸν
2781 529 3101 603 Ἐλεάζαρον
3119 533 3244 602 περὶ
3259 533 3477 600 τούτων,
3504 537 3672 606 σημά·

435 633 556 672 rum
584 617 847 671 librorum
878 616 1377 686 interpretationem
1405 655 1420 680 ,
1452 625 1614 687 prout
1653 633 1741 672 res
1770 618 1889 687 ipsa
1941 629 2000 673 et

434 710 731 766 voluntatis
756 717 858 764 tua),
887 710 1025 764 ratio
1058 710 1297 779 postulat
1323 751 1338 778 ,
1379 710 1608 766 honesto
1631 719 1686 765 et
1713 710 1911 766 illustri
1943 711 1999 766 in

434 801 555 856 loco
576 815 926 870 reponamus.
957 798 1109 867 Vale,
1139 815 1204 856 ac
1230 801 1474 857 rebusin
1499 801 1756 857 omnibus
1778 801 1998 858 fortuna

434 892 669 947 secunda
701 903 869 947 utere.
905 911 924 944 ι
951 892 1160 958 Quibus
1189 895 1426 964 acceptis
1465 910 1497 949 a
1551 893 1824 950 Demetrio
1852 894 1999 950 litte-

429 981 890 1050 ris,Ptolem:eus
939 997 1062 1039 cum
1103 985 1172 1039 ad
1243 983 1566 1040 Eleazarum
1618 1000 1738 1040 eam
1793 986 1848 1040 in
1882 1002 1996 1040 rem

428 1073 616 1139 scribi,
653 1083 768 1128 tum
792 1075 953 1129 etiam
973 1075 1039 1129 de
1061 1076 1290 1145 captivis
1321 1077 1386 1130 ad
1415 1091 1536 1132 sese
1558 1076 1808 1132 libertate
1823 1077 1997 1132 dona-

428 1163 500 1219 tis
528 1167 856 1219 mentionem
889 1163 1004 1218 ﬁeri
1035 1165 1224 1232 jussit.
1260 1163 1406 1220 ldem
1426 1167 1754 1234 crateribus,
1776 1167 1994 1237 phialis,

429 1268 654 1317 mensae,
672 1254 926 1325 vasisque
951 1255 1266 1310 libaminum
1285 1256 1650 1325 perﬁciendis,
1677 1259 1795 1312 auri
1813 1256 1994 1328 pondo

427 1345 628 1400 talenta
657 1346 1071 1416 quinquaginta,
1103 1349 1314 1417 argenti
1349 1350 1724 1419 septuaginta,
1775 1351 1995 1419 vimque

426 1437 661 1506 lapidum
688 1453 795 1493 non
813 1439 1060 1509 exiguam
1077 1441 1343 1495 attribuit.
1373 1439 1575 1496 Erarii
1596 1441 1828 1512 denique
1858 1456 1994 1510 prae—

425 1528 601 1585 fectos
637 1531 845 1597 voluit,
873 1539 928 1586 et
954 1533 1135 1601 operis
1175 1548 1364 1588 eorum
1390 1573 1406 1600 ,
1446 1549 1569 1605 qua
1617 1535 1840 1588 mallent
1871 1549 1992 1588 om-

2099 637 2291 683 ναντας
2315 622 2408 676 καί
2431 622 2529 692 τὴν
2558 624 2854 695 γενομένην
2875 624 3246 695 ἀπολύτρωσιν
3269 627 3376 680 τῶν
3402 629 3672 698 αἰχμαλώ-

2099 711 2441 766 των.¹Ί·ἶδωκε
2455 712 2511 765 δὲ
2523 713 2616 766 καὶ
2629 715 2706 776 είς
2720 714 3057 785 κατασκευὴν
3071 716 3242 787 κρατή
3251 733 3356 787 ρων
3367 735 3425 770 τε
3439 719 3533 772 καὶ
3552 735 3673 788 gout-

2107 800 2235 868 λῶν,
2270 802 2364 856 καὶ
2390 802 2691 874 τραπέζης,
2711 805 2800 857 καὶ
2819 804 3129 872 σπονδείων,
3147 807 3368 878 χρυσίου
3397 809 3494 878 μὲν
3511 809 3672 881 ὁλκῆς

2100 894 2334 948 τάλαντα
2360 897 2726 966 πεντήκονπα,
2754 897 2848 951 καὶ
2875 898 3136 969 ἀργυρίου
3167 900 3405 956 τάλαντα
3441 903 3672 975 ἐϐδομή-

2101 1003 2281 1051 κοντα,
2311 987 2403 1040 καὶ
2423 985 2583 1041 λίθων
2611 988 2795 1041 ίκανόν
2819 1006 2872 1042 τι
2902 989 3125 1060 πλῆθος.
3165 992 3444 1046 Ἐκέλευσε
3468 993 3522 1046 δὲ
3545 994 3670 1058 τοὺς

2099 1074 2594 1145 χρηματοφύλακας
2633 1078 2742 1138 τοῖς
2787 1077 3058 1146 τεχνίταις
3098 1069 3171 1130 ὧν
3209 1077 3275 1132 ἂν
3299 1069 3669 1151 προαιρῶνται

2095 1163 2195 1234 τὴν
2219 1164 2447 1236 ἐκλογὴν
2471 1165 2688 1230 διδόναι,
2717 1167 2811 1220 καὶ
2834 1166 3164 1237 νομίσματος
3203 1170 3282 1232 είς
3321 1169 3540 1233 Θυσίας,
3576 1169 3670 1222 καὶ

2096 1254 2166 1310 τὰ
2191 1256 2324 1310 ἄλλα
2347 1257 2481 1330 πρὸς
2505 1258 2740 1312 τάλαντα
2768 1260 2982 1313 ἑκατόν.
3011 1259 3330 1331 Δηλὼσομεν
3348 1260 3404 1314 δέ
3434 1277 3514 1314 σοι
3537 1261 3666 1328 περὶ

2098 1353 2197 1423 τῆς
2229 1351 2592 1420 κατασκευῆς,
2627 1351 2704 1415 ὡς
2733 1351 2798 1406 ἂν
2826 1351 2894 1405 τὰ
2911 1350 3018 1404 τῶν
3044 1350 3336 1405 ἐπιστολῶν
3359 1352 3668 1424 ἀντίγραφα

2097 1443 2416 1514 διέλθωμεν.
2444 1441 2552 1497 Ἦν
2584 1444 2641 1498 δὲ
2667 1446 2700 1514 ἡ
2737 1443 2828 1497 τοῦ
2863 1443 3122 1513 βασιλέως
3160 1442 3416 1514 ἐπιστολὴ
3447 1443 3537 1497 τὸν
3569 1443 3666 1497 τύδ

2100 1549 2200 1586 πον
2229 1532 2350 1602 ἔχου
2358 1549 2424 1587 σα
2456 1532 2661 1586 τοῦτον.

423 1621 577 1675 nium
640 1623 914 1692 optionem
957 1626 1295 1696 relinquere,
1329 1635 1384 1680 ct
1432 1626 1488 1680 in
1549 1625 1980 1690 sacriﬁciorum,
2019 1623 2180 1694 352
2216 1623 2558 1694 aliarumque
2605 1639 2786 1678 rerum
2853 1641 3149 1695 expensas,
3210 1628 3275 1680 ad
3310 1637 3526 1683 centum
3556 1635 3654 1696 pe-

421 1715 596 1774 cuniae
645 1717 846 1773 talenta
887 1721 1184 1776 numerari.
1246 1719 1489 1787 Quorum
1550 1720 1648 1776 tibi
1715 1735 1939 1790 cperum
1989 1718 2323 1773 molitionem
2357 1732 2724 1787 exponemus,
2773 1718 2992 1788 siprius
3021 1720 3373 1790 epistolarum
3416 1720 3656 1789 ipsarum

420 1810 666 1878 exempla
701 1812 1132 1868 recitaverimus.
1189 1813 1267 1868 Ac
1306 1813 1450 1883 regis
1502 1813 1721 1884 quidem
1761 1812 1989 1883 cpistola
2033 1811 2179 1866 hunc
2208 1810 2263 1865 in
2298 1812 2516 1867 modum
2551 1826 2610 1867 se
2636 1810 2816 1866 habet.

1036 1923 1263 1980 CAPUT
1297 1924 1386 1980 ιγ.

487 2032 731 2104 Ερίδίοία
770 2034 1044 2089 Ptolemaei
1073 2036 1207 2104 regis
1221 2036 1288 2088 ad
1313 2034 1632 2088 Eleazarum
1667 2047 1931 2089 summum

785 2104 1272 2175 Hierosolymorum
1294 2106 1618 2174 pontiﬁcem.

497 2232 518 2266 ι
556 2213 878 2270 Ptolemaeus
923 2231 1016 2271 rex
1059 2215 1316 2271 Eleazaro
1363 2231 1579 2272 summo
1623 2216 1863 2286 pontiﬁci
1891 2227 1985 2272 sa-

415 2307 605 2364 lutem.
642 2306 913 2374 Quoniam
957 2308 1032 2363 ita
1061 2323 1194 2364 casu
1225 2308 1436 2364 factum
1483 2319 1636 2377 erat,
1670 2317 1732 2363 ut
1761 2309 1982 2378 plurimi

416 2397 728 2454 Judazorum
755 2441 770 2465 ,
800 2413 939 2468 quos
962 2399 1142 2455 Persae
1162 2440 1177 2465 ,
1211 2411 1323 2470 quo
1364 2411 1611 2470 tempore
1660 2415 1842 2455 rerum
1888 2416 1984 2470 po-

415 2491 691 2546 tiebantur
712 2530 728 2556 ,
759 2490 1145 2562 Hierosolymis
1167 2493 1411 2561 captivos
1473 2492 1830 2558 abduxerunt,
1857 2508 1984 2563 par-

413 2583 511 2636 tim
535 2583 738 2639 nostris
757 2582 812 2636 in
829 2583 1144 2653 regionibus
1163 2584 1444 2639 constituti
1465 2595 1670 2650 essent,
1703 2586 1898 2656 partim
1926 2586 1980 2640 in

413 2673 706 2746 Egyptum
737 2689 844 2729 una
873 2690 996 2729 cum
1021 2684 1242 2745 parente
1266 2685 1455 2732 nostro
1485 2678 1976 2748 commigrassent;

411 2781 714 2836 eorumque
736 2768 1039 2836 permultos
1062 2768 1177 2836 ipse
1197 2806 1212 2831 ,
1247 2783 1372 2822 cum
1407 2768 1462 2821 in
1514 2784 1804 2823 numerum
1828 2768 1980 2823 ordi-

411 2873 646 2927 nemque
701 2858 936 2912 militum
977 2858 1335 2926 amplioribus
1387 2859 1672 2929 stipendiis
1708 2860 1979 2924 ascripse-

412 2958 522 3014 rat,
557 2959 670 3003 tum
701 2950 870 3004 etiam
894 2957 1130 3018 quorum
1159 2949 1264 3004 sibi
1290 2951 1424 3005 ﬁdes
1447 2951 1673 3020 probata
1689 2951 1802 3020 jam
1833 2949 1974 3005 luis-

409 3049 520 3107 set,
543 3055 736 3093 eorum
767 3041 974 3110 aliquot
1001 3041 1054 3094 in
1081 3041 1301 3096 arcibus
1329 3057 1453 3096 eum
1485 3043 1540 3095 in
1570 3042 1730 3096 linem
1759 3055 1975 3096 exstru-

409 3132 535 3193 ctis,
559 3131 626 3186 ad
650 3129 1027 3202 Egyptiorum
1057 3138 1320 3188 terrorem
1357 3133 1607 3202 praesidia
1631 3135 1970 3188 collocasset.

2614 1923 3003 1977 ΚΕΦΑΛΑΙΟΝ
3057 1926 3128 1976 Δ’.

2104 2033 2427 2102 Ἐπιστολὴ
2448 2021 2756 2103 βασιλέως
2783 2036 3150 2103 Πτολεμαίου
3198 2035 3350 2102 πρὸς
3395 2034 3661 2096 Ἐλεάζῶ

2424 2121 2538 2172 ,ρον
2568 2099 2841 2172 ἀρχιερέα
2873 2099 3311 2174 Ἰεροσολύμων.

2161 2237 2180 2270 ι
2214 2218 2474 2281 Βασιλεὺς
2529 2217 2858 2287 Πτολεμαῖος
2908 2217 3016 2289 (56)
3051 2219 3297 2288 ἀρχιερεῖ
3346 2216 3658 2288 Ἐλεαζάρῳ

2084 2312 2295 2383 χαίρειν
2327 2310 2422 2363 καὶ
2451 2308 2738 2381 ἐρρῶσθαι.
2778 2310 2928 2363 Ἐπεὶ
2954 2310 3238 2380 συμϐαίνει
3265 2309 3514 2373 πλείονας
3545 2310 3656 2362 τῶν

2097 2403 2362 2457 Ἰουδαίων
2393 2404 2473 2466 εἰς
2492 2402 2589 2473 τὴν
2617 2402 2888 2474 ἡμετέραν
2918 2400 3102 2475 χώραν
3150 2401 3483 2472 κατῳκίσθαι
3515 2402 3654 2469 (57),

2082 2493 2409 2565 γενηθέντας
2437 2494 2818 2566 ἀναρπάστους
2851 2487 2960 2564 (38)
2995 2497 3059 2547 ὲκ
3109 2493 3218 2547 τῶν
3267 2492 3655 2564 Ἱεροσολύμων

2083 2585 2186 2638 ὑπὸ
2217 2585 2440 2656 Περσῶν
2473 2586 2606 2658 (59),
2637 2585 2759 2640 καθ’
2791 2586 2850 2640 ὃν
2878 2585 3214 2657 ἐπεκράτουν
3243 2585 3429 2656 χρόνον
3449 2601 3463 2614 ·
3486 2584 3566 2638 ἔτι
3593 2584 3653 2638 δὲ

2082 2677 2174 2732 καὶ
2210 2678 2618 2751 συνεληλυθέναι
2671 2678 2750 2749 τῷ
2797 2679 2961 2750 πατρὶ
3008 2678 3164 2750 ἡμῶν
3211 2679 3291 2740 εἰς
3331 2677 3431 2748 τὴν
3481 2677 3656 2746 Afyw

2083 2785 2214 2823 πτον
2251 2767 2622 2840 αἰχμαλώτους
2656 2769 2787 2840 (40)·
2818 2770 2908 2838 ἀφ’
2938 2762 3012 2823 ὦν
3045 2769 3138 2822 καὶ
3189 2768 3438 2830 πλείονας
3483 2770 3563 2830 εἰς
3591 2765 3655 2820 τδ

2081 2859 2469 2930 στρατιωτικὸν
2491 2860 2773 2929 σύνταγμα
2806 2858 3172 2930 κατεχώρισεν
3204 2857 3294 2910 ἐπὶ
3318 2857 3530 2928 μείζοσι
3565 2875 3655 2926 μι-

2081 2947 2390 3018 σθοφορίαις
2410 2964 2422 2979 ⁸
2474 2948 2673 3018 ὁμοίως
2701 2947 2758 3001 δὲ
2783 2950 2876 3001 καὶ
2917 2950 3041 3012 τοὺς
3067 2948 3328 3020 προόντας
3350 2947 3540 3019 κρίνας
3564 2967 3653 3002 πι-

2080 3039 2256 3102 στοὺς,
2293 3037 2524 3110 φρούρια
2558 3040 2747 3103 κτίσας
2770 3081 2785 3105 ,
2819 3038 3097 3108 ἀπέδωκεν
3149 3038 3333 3102 αὐτοῖς
3359 3079 3374 3102 ,
3396 3039 3545 3099 ὅπως
3590 3033 3653 3091 τὸ

2076 3129 2184 3182 τῶν
2214 3129 2524 3198 Αἰγυπτίων
2546 3130 2695 3194 ἔθνος
2718 3130 2879 3199 φόϐον
2908 3129 3004 3200 ἔχῃ
3038 3129 3147 3200 (Ill)
3177 3129 3266 3184 διὰ
3286 3128 3509 3183 τούτων.
3539 3131 3654 3184 Καὶ

410 3218 522 3276 Nos
552 3230 808 3291 suscepto
839 3237 1044 3293 regno,
1099 3223 1294 3292 majori
1334 3225 1500 3278 etiam
1553 3240 1676 3280 cum
1731 3224 1971 3293 reliquos

2080 3221 2236 3290 ἡμεῖς
2265 3219 2340 3282 δὲ,
2375 3220 2780 3290 παραλαϐόντες
2813 3221 2911 3292 τὴν
2943 3220 3238 3290 βασιλείαν,
3283 3212 3652 3292 φιλανθρωπό-

408 3328 636 3379 omnes,
671 3320 785 3366 tum
809 3312 954 3368 cives
985 3313 1039 3367 in
1071 3313 1264 3382 primis
1285 3322 1408 3369 tuos
1461 3314 1798 3368 humanitate
1821 3329 1974 3368 com-

407 3404 551 3473 plexi
573 3445 588 3470 ,
622 3404 871 3473 captivos
907 3420 1073 3475 supra
1107 3413 1324 3459 centum
1355 3405 1525 3459 millia
1569 3407 1623 3460 in
1668 3405 1969 3460 libertatem

408 3495 782 3558 asseruimus,
809 3494 957 3564 justo
989 3495 1228 3550 dominis
1258 3495 1432 3564 pretio
1476 3495 1786 3565 persoluto,
1832 3505 1888 3550 et
1924 3495 1970 3550 si

407 3586 537 3656 quid
560 3584 700 3641 forte
729 3585 1097 3642 multitudinis
1130 3586 1333 3656 impetu
1361 3601 1518 3642 secus
1570 3595 1751 3642 actum
1787 3596 1968 3653 esset,

407 3679 714 3734 emendato.
744 3677 859 3746 Qua
888 3680 943 3734 in
973 3695 1062 3744 re,
1107 3679 1394 3750 precipuae
1443 3680 1725 3750 cujusdam
1774 3691 1972 3736 nostras

403 3771 654 3841 pietatis,
685 3781 739 3826 et
766 3779 933 3841 grata:
961 3770 1225 3827 adversus
1255 3770 1424 3826 Deum
1458 3779 1844 3841 praepotentem
1872 3787 1970 3826 vo-

403 3864 628 3920 luntatis
649 3865 1046 3919 monimentum
1070 3875 1287 3920 exstare
1301 3864 1591 3928 voluimus,
1620 3863 1713 3932 qui
1743 3879 1967 3933 regnum

403 3955 586 4010 adhuc
631 3964 879 4010 nostrum
916 3971 1040 4011 cum
1068 3957 1178 4012 alta
1233 3971 1368 4026 pace
1412 3955 1926 4025 tranquillissimum
1950 3995 1966 4021 ,

400 4052 515 4098 tum
548 4045 786 4098 maxima
809 4059 905 4114 per
917 4046 1233 4100 universum
1260 4044 1447 4100 orbem
1480 4045 1653 4114 gloria
1681 4045 1968 4100 celeberri-

401 4151 551 4189 mum
583 4135 946 4191 conservavit.
972 4136 1054 4190 Ad
1071 4139 1186 4190 haec
1203 4151 1311 4190 non
1344 4143 1558 4190 tantum
1592 4143 1749 4190 aetate
1771 4135 1967 4190 ﬂoren-

402 4225 551 4281 tibus
587 4241 750 4280 suum
780 4225 834 4279 in
863 4225 1105 4280 exercitu
1163 4226 1341 4280 locum
1393 4224 1825 4295 assignavimus,
1873 4227 1966 4281 sed

398 4316 565 4369 etiam
590 4324 857 4385 quotquot
882 4316 1161 4385 explorata
1192 4325 1590 4385 perspertaque
1612 4315 1745 4371 ﬁdes
1771 4330 1838 4371 eo
1882 4316 1967 4372 di-

397 4422 534 4478 gnos
549 4407 758 4462 honore
787 4407 1112 4472 reddiderat,
1138 4408 1194 4461 in
1208 4408 1523 4463 comitatum
1544 4409 1834 4479 aulamque
1861 4423 1965 4464 nos

398 4509 570 4555 stram
595 4498 901 4569 allegimus.
924 4499 1191 4554 Caeterum
1213 4514 1312 4570 pro
1329 4509 1517 4556 nostro
1541 4515 1667 4571 erga
1695 4509 1769 4568 te,
1786 4499 1966 4555 Judae-

465 4674 574 4746 (56)
608 4676 907 4748 Βασιλεὺς
938 4679 1211 4748 Πτολεμη
1243 4686 1346 4732 etc.
1379 4675 1444 4730 Et
1484 4677 1626 4733 hanc
1673 4678 1959 4748 epistolam

391 4740 660 4817 Iosephus
689 4747 824 4809 suis,
854 4740 960 4798 non
990 4740 1228 4817 Agristzea:
1254 4748 1432 4802 verbis
1466 4740 1834 4817 repraesentat.

463 4814 574 4886 (57)
606 4817 996 4882 Κατῳκίσθαι.
1029 4815 1104 4868 Eo
1135 4818 1414 4880 nimirum,
1447 4814 1544 4870 vel’
1559 4819 1813 4886 opinione
1837 4835 1956 4884 sua,

392 4886 477 4940 vel
511 4886 683 4954 ipsius
711 4887 931 4940 victoris
956 4886 1251 4951 voluntate,
1285 4889 1366 4942 vel
1397 4889 1740 4943 dominorum
1771 4891 1959 4945 vendi-

391 4957 538 5010 tione
570 4956 797 5010 delatos.

460 5025 570 5097 (58)
618 5024 1082 5094 Ἀναρπάο-τους,
1130 5023 1330 5082 Excus.
1381 5027 1675 5092 Aristaeus,
1722 5029 1958 5082 ἀναστά-

385 5111 533 5159 τους.

459 5166 566 5236 (59)
605 5165 739 5219 Ὑπὸ
765 5165 1029 5234 Περσῶν.
1067 5167 1122 5221 ln
1159 5167 1332 5221 edicto
1364 5182 1472 5236 quo
1500 5167 1642 5236 apud
1671 5166 1954 5222 Aristaeum

385 5234 750 5304 etJos'ephum
783 5237 1218 5293 libertasludaais
1236 5253 1264 5290 a
1287 5234 1588 5291 Ptolemaeo
1615 5239 1951 5304 conceditur,

386 5307 453 5391 de
479 5305 664 5391 ρει-δίε
701 5308 834 5391 μηδὲ
857 5308 1208 5391 χρύ[1’.χ(>ὺ].
1253 5306 1597 5391 Nunctamen
1620 5308 1684 5361 ad
1701 5305 1948 5391 Judaeum

386 5377 652 5447 scribens,
679 5377 915 5446 paterna:
952 5377 1187 5435 invidiae
1208 5389 1413 5446 partem
1462 5378 1699 5447 aliquam
1733 5379 1793 5432 in.
1819 5377 1940 5432 Per-

386 5459 478 5565 sas
509 5445 787 5565 dponerat,
817 5450 1072 5520 quodque
1109 5445 1232 5505 vere
1261 5457 1488 5516 poterat,
1517 5445 1679 5502 etiam
1711 5450 1947 5516 pruden-

411 5529 468 5565 er
495 5529 546 5565 at
568 5526 756 5565 iunmt.

387 5523 468 5566 ter
495 5518 756 5569 adiungit.

409 5531 1093 5658 ὲῖἕὸῗυὲἕὲεληλυθέναι
1224 5586 1652 5658 αἰχμαλώτους.
1688 5587 1845 5643 Molle
1893 5589 1943 5642 id

383 5653 622 5730 quidem,
653 5658 746 5730 sed
781 5653 1048 5730 Josephus
1093 5659 1248 5730 longe
1285 5653 1467 5713 adhuc
1497 5659 1731 5730 mollius,
1763 5667 1815 5730 et
1851 5673 1945 5726 pa-

380 5723 482 5775 tris
512 5723 563 5775 in
593 5725 816 5792 gratiam
859 5723 1428 5796 ὑποκοριστικώτερον,
1457 5729 1578 5790 τοὺς
1619 5723 1943 5796 αἰχμαλωτι-

2077 3327 2231 3380 τερον
2277 3310 2606 3380 ἀπαντῶμεν
2649 3314 2762 3373 τοῖς
2806 3313 2973 3373 πᾶσι,
3005 3310 3139 3364 πολὺ
3181 3311 3238 3364 δὲ
3282 3311 3480 3380 μᾶλλον
3532 3315 3653 3375 τοῖς

2077 3403 2188 3463 σοῖς
2216 3401 2460 3465 πολίταις
2475 3418 2488 3432 ·
2518 3402 2658 3473 ὑπὲρ
2674 3402 2803 3456 δέκα
2825 3402 3090 3474 μυριάδας
3112 3401 3467 3473 αἰχμαλώτων
3487 3401 3652 3473 likew-

2076 3491 2416 3562 θερώκαμεν,
2450 3493 2739 3557 ἀποδόντες
2765 3496 2876 3556 τοῖς
2911 3494 3173 3566 κρατοῦσι
3197 3493 3294 3567 τὴν
3325 3498 3445 3550 κατ’
3485 3496 3649 3560 ἀξίαν

2074 3581 2375 3653 ἅργυρικὴν
2398 3582 2584 3653 τιμὴν,
2610 3581 2976 3654 διορθούμενοι
3009 3587 3103 3638 καὶ
3119 3585 3240 3638 εἴτι
3261 3585 3444 3650 κακῶς
3471 3589 3651 3657 ἐπρά-

2074 3671 2174 3742 χθη
2208 3671 2295 3724 διὰ
2322 3671 2420 3736 τὰς
2449 3672 2554 3726 τῶν
2575 3672 2746 3743 ὄχλων
2779 3673 2973 3744 ὁρμὰς,
3021 3674 3356 3745 διειληφότες
3405 3676 3649 3740 εὐσεϐῶς

2072 3763 2227 3817 τοῦτο
2251 3763 2536 3832 πράσσειν,
2564 3765 2658 3818 κα).
2678 3763 2755 3834 τῷ
2773 3764 3009 3835 μεγίστῳ
3035 3765 3152 3837 Θεῷ
3185 3768 3497 3839 χαριστικὸν
3521 3769 3650 3823 ἀναε-

2074 3855 2278 3919 θέντες,
2305 3855 2364 3918 ὃς
2392 3856 2522 3926 ἡμῖν
2548 3854 2646 3926 τὴν
2681 3855 2956 3926 βασιλείαν
2975 3859 3031 3910 ὲν
3059 3858 3248 3930 εἰρήνῃ
3291 3859 3386 3912 καὶ
3422 3858 3548 3931 δόξη
3575 3864 3646 3933 τῇ

2072 3945 2338 4020 κρατίστῃ
2386 3948 2513 4018 παρ’
2571 3947 2698 4017 ὃλην
2729 3946 2826 4017 τὴν
2864 3948 3186 4020 οἰκουμένην
3224 3949 3644 4021 διατετήρηκενδ

2071 4039 2150 4103 είς
2185 4056 2245 4092 τε
2268 4034 2329 4092 τὸ
2353 4039 2666 4110 στράτευμα
2687 4040 2813 4104 τοὺς
2844 4040 3241 4110 ἀκμαιοτάτους
3263 4044 3384 4104 ταῖς
3404 4041 3649 4111 ἡλικίαις

2069 4130 2395 4202 τετάχαμεν,
2413 4132 2539 4194 τοὺς
2563 4131 2619 4184 δὲ
2647 4131 2977 4202 δυναμένους
3006 4133 3099 4185 καί
3125 4134 3253 4204 περ).
3289 4134 3437 4205 ἡμᾶς
3476 4126 3644 4200 εἶναι,

2069 4221 2310 4285 καὶτοὺς
2334 4222 2460 4294 περὶ
2495 4221 2594 4292 τὴν
2629 4223 2797 4295 αὐλὴν
2848 4221 3083 4286 πίστεως
3116 4222 3298 4289 ἀξίους
3346 4224 3644 4294 ἐπικρίνων

2068 4311 2397 4382 κατέστησα.
2427 4312 2771 4383 Βουλομένων
2791 4313 2847 4366 δὲ
2873 4313 3029 4384 ἡμῶν
3056 4314 3148 4367 καὶ
3182 4313 3264 4366 σοὶ
3295 4313 3641 4385 χαρίζεσθαι,

2069 4402 2160 4455 καὶ
2187 4403 2320 4455 πᾶσι
2350 4404 2463 4466 τοῖς
2502 4403 2642 4456 κατὰ
2684 4404 2780 4476 τὴν
2821 4404 3146 4476 οἰκουμένην
3203 4404 3493 4471 Ἰουδαίοις,
3543 4405 3644 4459 καὶ

2065 4497 2176 4558 τοῖς
2199 4495 2511 4564 μετέπειτα,
2543 4494 2906 4567 προῃρήμεθα
2933 4495 3024 4548 τὸν
3055 4495 3217 4565 νόμον
3241 4496 3393 4566 ὑμῶν
3439 4496 3643 4568 μεθερ-

2064 4693 2427 4769 σθένταςῗὺπὸ
2455 4695 2700 4769 Περσῶν,
2727 4695 2755 4748 ὁ
2781 4697 2910 4767 ἐμὸς
2941 4696 3122 4769 πατὴρ
3149 4696 3393 4768 ἐτίμησε.

2134 4763 2243 4837 (fil)
2273 4765 2468 4837 966°01-
2485 4763 2619 4837 ᾇχῃε
2645 4763 2928 4837 consentit
2948 4763 3189 4836 Josepli.,
3222 4763 3307 4820 ἵνα
3335 4770 3445 4832 τοῖς
3470 4767 3642 4837 Λίγυ-

2062 4829 2239 4906 πτίοις
2267 4829 2369 4888 ὦσι
2400 4829 2640 4906 φοϐεροί.
2691 4835 2886 4892 Excus.
2929 4829 3106 4890 tamen
3146 4829 3639 4901 Aristaeas,'inter-

2060 4904 2237 4972 posita
2267 4904 2572 4977 negatione,
2601 4906 2763 4975 φόϐον
2808 4906 2900 4977 μὴί
2927 4906 3024 4977 ἔχῃ
3048 4946 3062 4968 ,
3096 4907 3431 4960 contrarium
3476 4909 3642 4977 plane

2061 4989 2282 5045 sensum
2299 4975 2509 5045 efﬁcit;
2524 4990 2714 5043 parum
2742 4975 2877 5030 meo
2883 4975 3088 5045 judj‘Cio
3113 4975 3638 5045 probabilemINam

2061 5043 2155 5117 qui
2187 5044 2402 5117 tandem
2445 5043 2728 5117 Egyprlios
2767 5043 2912 5099 orlini
2961 5043 3270 5101 Judmorum
3319 5057 3463 5117 metu
3487 5047 3639 5117 libe-

2060 5113 2381 5177 rabat,dum
2403 5130 2497 5169 eos
2525 5113 2601 5169 in
2617 5114 2750 5169 locis
2783 5130 2944 5182 opere
2975 5117 3190 5185 situque
3225 5116 3634 5182 munitissimis,

2058 5191 2113 5236 et
2158 5192 2308 5238 tanto
2362 5200 2585 5240 numero
2630 5185 2961 5240 collocaret?
3009 5185 3332 5240 Credibilius
3378 5186 3632 5248 omnino,

2059 5250 2405 5324 Ptoletnaaum
2437 5253 2712 5324 Lagidem,
2738 5256 2830 5323 qui
2881 5255 2948 5308 ab
2997 5254 3288 5310 Alexandri
3340 5253 3492 5310 obitu
3522 5256 3638 5322 pri-

2057 5338 2180 5394 _mus
2207 5322 2497 5394 Aﬂgyptum
2523 5322 2847 5394 occupabat,
2877 5323 3022 5393 quod
3053 5341 3083 5379 a
3118 5325 3470 5394 Macedonum
3500 5325 3636 5378 viri-

2057 5391 2328 5465 busgsati’s‘
2357 5393 2586 5449 fortasse
2613 5391 2835 5463 paratus
2869 5391 2976 5447 non
3019 5405 3184 5456 esset,
3216 5393 3637 5465 [Egyptiostne

2055 5463 2182 5532 quid
2219 5473 2473 5518 nascente
2516 5461 2680 5533 regno
2713 5465 2994 5518 turbarum
3026 5461 3499 5533 excitareiit'fhoc
3529 5461 3640 5532 Ju-g

2054 5531 2295 5586 daeorum
2346 5542 2490 5588 metu
2541 5531 2795 5588 cohibere
2844 5534 3100 5589 voluisse.
3138 5531 3272 5590 Utut
3303 5534 3637 5602 sit,quam-

2052 5605 2239 5655 obrem
2286 5604 2338 5657 id
2382 5605 2523 5673 apud
2565 5602 2809 5659 Judaeum
2834 5604 3145 5672 pontiﬁcem
3176 5612 3416 5671 negaret,
3447 5618 3638 5661 causa

2052 5673 2184 5726 nihil
2213 5682 2356 5740 erat;
2393 5690 2494 5729 cur
2541 5673 2847 5739 alﬁrmaret,
2879 5689 3009 5730 sane
3032 5675 3347 5745 plurimum.
