3856 6224
150 378 256 434 593

1291 374 1620 434 ΡΒᾸΞΡΛΒ.
1663 374 1915 433 EVANG.
1959 374 2087 430 LIB.
2129 374 2261 431 VIII.

3315 371 3416 427 594

150 491 484 565 μηνευθῆναι
511 492 832 564 γράμμασιν
864 489 1196 562 Ἑλληνικοῖς
1221 492 1286 546 ἐκ
1318 491 1427 545 τῶν
1451 493 1576 564 παρ’
1603 492 1733 563 ὑμῖν

1845 508 2010 564 osque
2047 493 2212 549 simul
2241 509 2462 560 omnes,
2494 505 2607 550 tum
2629 491 2722 564 qui
2749 498 2862 546 toto
2903 503 3052 545 nunc
3080 486 3211 542 orbe
3233 485 3420 542 diffusi

157 583 467 657 Ἐϐραῖκῶν
516 583 824 654 λεγομένων
865 582 1230 654 γραμμάτων,
1280 585 1343 636 ἵν’
1373 583 1592 656 ὑπάρχῃ
1636 585 1732 636 καὶ

144 675 321 732 ταῦτα
345 674 475 746 παρ’
507 677 640 747 ημῖν
664 677 722 728 ὲν
761 672 1084 750 βιϐλιοθήκῃ
1106 675 1202 728 σὺν
1225 678 1336 739 τοίς
1361 675 1539 739 ἀλλοις
1573 675 1729 746 βασι-

145 768 320 833 λικοῖς
355 767 602 838 βιϐλίοις.
632 767 826 830 Καλῶς
854 763 949 821 οὖν
979 768 1244 839 ποιήσεις,
1273 768 1367 822 καὶ
1393 769 1492 839 τῆς
1529 770 1732 840 ἡμετέ-

148 879 252 938 ρας
280 860 516 931 σπουδῆς
541 859 727 925 ἀξίως,
757 859 1011 927 ἐπιλέξας
1034 860 1232 932 ἄνδρας
1260 861 1441 922 καλῶς
1477 861 1735 931 βεϐιωκό-

143 971 268 1020 τας,
295 952 719 1026 πρεσϐυτέρους,
744 951 1036 1024 ἐμπειρίαν
1059 951 1281 1022 ἔχοντας
1305 951 1398 1006 τοῦ
1423 953 1611 1023 νόμου,
1639 954 1734 1006 καὶ

140 1048 406 1110 δυνατοὺς
453 1044 788 1118 ἑρμηνεῦσαι
809 1083 825 1110 ,
865 1046 959 1115 ἀφ’
993 1045 1232 1116 ἑκάστης
1257 1045 1429 1116 φυλῆς
1454 1045 1534 1112 ἒξ,
1584 1047 1733 1110 ὅπως

142 1143 208 1193 ἐκ
247 1139 360 1192 τῶν
397 1139 660 1192 πλειόνων
700 1137 761 1191 τὺ
811 1137 1100 1209 σύμφωνον
1126 1139 1345 1211 εὑρεθῇ,
1373 1137 1464 1191 διὰ
1511 1138 1572 1191 τὸ
1605 1139 1734 1210 περὶ

143 1231 412 1304 μειζόνων
431 1228 569 1284 εἶναι
592 1229 690 1301 τὴν
712 1231 923 1300 σκέψιν.
946 1229 1188 1302 Οίόμεθα
1210 1232 1340 1304 γὰρ,
1365 1231 1734 1284 ἐπιτελεσθένο

137 1341 233 1387 τος
264 1323 479 1388 τούτου,
518 1322 759 1394 μεγάλην
787 1321 1110 1377 ἀποίσεσθαι
1143 1322 1318 1388 δόξαν.
1363 1322 1735 1376 Ἀπεστάλκα-

139 1433 242 1488 μεν
273 1415 332 1468 δὲ
356 1414 717 1486 περὶτούτων
766 1413 1021 1485 Ἀνδρέαν
1052 1413 1162 1468 τῶν
1203 1413 1731 1488 ἀρχισωματοφυλά-

138 1524 253 1560 κων
295 1507 408 1577 (ιῖ)
443 1507 539 1560 καὶ
584 1507 890 1580 Ἀρισταῖον
920 1545 935 1570 ,
998 1506 1344 1577 τιμωμένους
1391 1509 1522 1578 παρ’
1579 1509 1730 1578 ἡμῖν,

133 1599 554 1670 διαλεξομένους
584 1616 700 1661 σοι,
748 1600 844 1654 καὶ
889 1599 1218 1670 κομίζοντας
1259 1599 1513 1672 ἀπαρχὰς
1567 1602 1648 1664 είς
1671 1602 1733 1654 τὸ

133 1693 288 1764 ἱερὸν
314 1691 703 1763 ἀναθημάτων,
725 1693 819 1747 καὶ
847 1695 926 1757 είς
947 1693 1139 1755 θυσίας
1166 1691 1260 1745 καὶ
1286 1692 1354 1745 τὰ
1378 1692 1534 1758 ἄλλα,
1563 1693 1732 1764 ἀργυ-

1833 585 2055 652 vivunt,
2083 591 2221 663 tum_
2253 585 2346 655 qui
2397 584 2658 655 deinceps
2699 581 2870 638 futuri
2910 590 3072 646 sunt,
3110 579 3296 634 animo
3354 593 3419 635 ac

1835 677 2034 742 studio,
2061 678 2365 732 curandum
2388 679 2441 734 id
2459 678 2616 735 nobis
2669 675 3048 748 agendumque
3088 671 3418 736 statuimus.

1835 770 1916 826 uti
1936 771 2023 824 lex
2044 779 2224 825 vestra
2249 809 2266 834 ,
2293 785 2358 825 ex
2383 785 2446 826 ea
2470 811 2485 837 ,
2524 784 2691 842 quam
2723 767 3048 823 Hebraicam
3091 763 3377 836 appellatis
3400 804 3416 830 ,

1835 863 2078 919 Graecam
2105 862 2161 916 in
2190 862 2428 934 linguam
2460 869 2840 926 convertatur,
2871 868 2930 914 ut
2946 857 3038 914 illa
3062 871 3186 912 cum
3207 860 3417 911 caeteris

1834 953 2205 1010 voluminibus
2236 954 2403 1024 regiis
2428 962 2614 1009 nostra
2645 953 2699 1006 in
2739 949 3070 1006 bibliotheca
3096 947 3416 1003 collocetur.

1835 1045 1971 1101 Rem
1992 1060 2122 1117 ergo
2144 1061 2269 1102 cum
2305 1046 2398 1100 tibi
2431 1046 2738 1109 honestam,
2757 1052 2870 1098 tum
2896 1033 3275 1097 benevolentia
3295 1054 3420 1096 mea

1835 1136 2051 1207 dignam
2082 1136 2275 1192 feceris
2295 1179 2310 1203 ,
2347 1137 2392 1191 si
2418 1136 2567 1190 viros
2595 1142 2912 1190 contestata:
2942 1131 3258 1203 probitatis,
3286 1141 3420 1186 aeta-

1835 1227 2016 1297 tisque
2044 1235 2293 1291 maturae,
2321 1228 2564 1298 legisque
2586 1227 2749 1282 simul
2787 1226 3014 1296 peritos,
3033 1233 3194 1295 atque
3211 1221 3280 1278 ad
3295 1237 3417 1277 eam

1836 1319 2302 1390 interpretandam
2333 1320 2561 1376 idoneos
2578 1321 2721 1392 ,‘_scx
2749 1319 3044 1375 tribubuse
3075 1316 3307 1389 singulis
3323 1315 3420 1370 de-

1835 1413 2008 1469 lectos
2045 1414 2112 1469 ad
2133 1428 2220 1469 me
2243 1413 2464 1470 miseris
2482 1456 2497 1479 ,
2533 1422 2592 1469 ut
2617 1413 2880 1484 quoniam
2909 1413 2976 1469 de
3001 1411 3168 1467 rebus
3201 1410 3420 1481 gravio-

1835 1507 1989 1563 ribus
2039 1507 2238 1580 agitur,
2289 1508 2580 1564 certiorem
2631 1507 2737 1563 hoc
2790 1507 2849 1562 in
2920 1520 3118 1576 genere
3183 1519 3420 1562 consen-

1835 1599 2046 1656 sionem
2106 1615 2174 1656 ex
2225 1599 2469 1672 plurium
2530 1615 2803 1656 concursu
2875 1598 3195 1655 habeamus.
3255 1595 3419 1668 353

1833 1692 2010 1762 Atque
2055 1693 2132 1761 id,
2177 1693 2225 1750 si
2273 1693 2411 1749 bene
2458 1691 2795 1764 feliciterque
2836 1692 3083 1757 cesserit,
3128 1706 3238 1747 non
3293 1689 3421 1745 vul-

137 1786 258 1859 ρίου
283 1785 524 1840 τάλαντα
546 1786 756 1840 ἑκατόν.
790 1786 974 1858 Γράφε
1001 1786 1094 1838 καὶ
1129 1785 1194 1838 σὺ
1244 1785 1382 1858 πρὸς
1427 1787 1576 1858 ἡμᾶς
1603 1789 1732 1861 περὶ

1845 1788 1949 1859 gari
1966 1787 2125 1844 nobis
2143 1786 2329 1858 gloriae
2350 1787 2594 1842 futurum
2627 1786 2984 1841 arbitramur.
3011 1784 3148 1840 Eum
3180 1786 3234 1841 in
3255 1783 3418 1842 linem

136 1851 213 1935 ὗν
245 1879 317 1934 ἀν
342 1877 535 1952 βούλῃ·
573 1851 966 1953 κεχαρισμένος
987 1878 1096 1951 γάρ
1113 1879 1231 1952 ἔσῃ,
1255 1851 1350 1934 καὶ
1377 1851 1561 1948 φιλίας
1585 1851 1733 1946 ἄξιόν

1845 1883 1910 1938 ad
1940 1890 1992 1936 te
2021 1881 2276 1937 misimus
2313 1883 2612 1949 Andream,
2661 1895 2832 1935 unum
2857 1895 2923 1935 ex
2951 1877 3417 1950 praesidiariorum

137 1989 187 2026 τι
220 1970 454 2043 πράξεις
473 1987 487 2000 ο
516 1971 591 2033 ὡς
608 1969 1180 2042 ὲπιτελεσθησομένων
1207 1969 1307 2041 τὴν
1329 1970 1590 2042 ταχίστην
1607 1971 1734 2042 περὶ

1845 1974 2076 2029 militum
2117 1971 2408 2044 praefectis,
2431 1983 2485 2028 et
2503 1973 2813 2040 Aristaeum,
2837 1971 2998 2027 ambo
3032 1985 3262 2026 summae
3277 1968 3422 2038 apud

137 2057 211 2119 ὧν
226 2063 297 2118 ἂν
319 2067 474 2136 αἱρῇ.
495 2065 762 2136 Ἔρρωσο.
779 2084 796 2116 ι
823 2064 964 2135 Πρὸς
981 2063 1150 2117 ταῦτα
1178 2061 1515 2134 ἀντέγραψεν
1531 2063 1734 2134 ἐνδεχο-

1845 2081 1947 2122 nos
1979 2065 2346 2132 auctoritatis,
2383 2067 2475 2136 qui
2513 2073 2692 2121 tecum
2720 2079 2786 2120 ea
2815 2065 2882 2120 de
2917 2077 2986 2140 re.
3010 2062 3420 2132 colloquantur,

137 2157 322 2228 μένως
363 2157 478 2226 (45)
504 2159 533 2211 ό
573 2157 893 2228 Ἐλεάζαρος
916 2156 1110 2220 οὕτως.

1849 2164 1905 2211 et
1941 2156 2300 2212 donariorum
2346 2166 2662 2213 nostrorum
2710 2157 3017 2228 primitias,
3049 2171 3174 2211 cum
3208 2153 3421 2210 talentis

133 2247 349 2318 argenti
382 2257 604 2304 centum
627 2250 682 2303 in
712 2249 980 2305 sacrificia
1006 2265 1071 2304 ac
1094 2249 1304 2318 reliqua
1331 2247 1384 2302 id
1416 2263 1589 2321 genus
1638 2249 2031 2319 expendendis,
2085 2252 2141 2307 in
2181 2253 2445 2323 templum
2496 2250 2794 2322 perferant.
2827 2249 2911 2307 Tu
2955 2249 3221 2317 vicissim,
3285 2262 3422 2319 qua.

131 2356 358 2412 umque
407 2343 478 2397 de
529 2357 592 2398 re
639 2337 885 2411 libuerit,
920 2344 987 2399 ad
1017 2358 1118 2399 nos
1170 2342 1382 2398 scribas
1433 2343 1616 2398 velim.
1664 2341 1799 2398 Rem
1839 2344 1985 2399 enim
2017 2354 2071 2400 et
2094 2346 2230 2400 mihi
2262 2354 2592 2416 pergratam,
2619 2352 2674 2400 et
2717 2343 2955 2400 amicitia
2979 2351 3164 2398 nostra
3199 2341 3420 2412 dignam

133 2432 336 2489 ieceris
373 2453 388 2489 :
423 2443 476 2490 et
506 2435 768 2506 quidquid
788 2436 1104 2506 poswlaris,
1144 2436 1195 2491 id
1229 2444 1290 2491 ut
1317 2436 1725 2506 quamprimum
1759 2435 1872 2504 fiat,
1901 2451 2126 2508 operam
2161 2438 2432 2494 dabimus.
2473 2436 2624 2493 Vale.
2664 2457 2682 2490 ι
2721 2436 2804 2491 Ad
2850 2436 2966 2492 haec
2996 2435 3325 2502 Eleazarus,
3362 2444 3420 2489 ut

135 2541 236 2598 par
273 2534 416 2592 erat,
447 2525 504 2581 in
520 2543 643 2583 eum
669 2529 762 2599 qui
801 2529 1046 2600 sequitur
1092 2530 1317 2586 modum
1358 2527 1660 2599 rescripsit.

678 2642 1078 2697 ΚΕΦΑΛΑΙΟΝ
1124 2639 1201 2696 E'.

144 2753 486 2823 Ἐπιστολὴ
546 2753 894 2823 Ἐλεαζάρου
943 2754 1266 2824 ἀρχιερέως
1328 2753 1479 2823 πρὸς
1514 2757 1736 2810 Πτολε-

676 2825 858 2894 μαῖον
904 2825 1194 2890 βασιλέα.

214 2953 238 2988 σ
291 2933 621 3006 Ἐλεάζαρος
654 2935 947 3008 ἀρχιερεὺς
982 2934 1191 3005 βασιλεί
1221 2935 1564 3007 Πτολεμαίῳ,
1598 2937 1737 3008 φίλῳ

144 3027 369 3098 γνησίῳ,
397 3027 632 3099 χαίρειν.
657 3028 720 3080 EE
749 3027 912 3091 αὐτός
947 3043 1007 3080 τε
1042 3025 1284 3098 ἔρρωσαι
1323 3027 1418 3081 καὶ
1437 3029 1471 3098 ή
1499 3025 1742 3097 βασίλισ-

2471 2635 2700 2693 CAPUT
2733 2634 2796 2690 V.

1911 2750 2154 2824 Epistola
2183 2749 2436 2806 Eleazari
2466 2750 2661 2805 summi
2703 2749 2994 2803 sacerdotis
3049 2747 3119 2802 ad
3171 2747 3347 2803 Ptole-

2434 2836 2628 2876 maeum
2659 2835 2849 2891 regem.

1915 2954 1934 2987 ι
1957 2933 2252 2990 Eleazarus
2275 2948 2526 2990 summus
2547 2931 2792 3004 pontifex
2815 2930 3110 2990 Ptolemaeo
3139 2934 3273 3004 regi,
3290 2950 3420 2991 vero

1840 3043 1906 3086 ac
1944 3030 2160 3086 sincero
2201 3028 2403 3096 amico,
2434 3027 2694 3083 salutem.
2734 3025 2793 3082 Si
2821 3028 2969 3084 vales
3006 3039 3088 3094 tu,
3120 3029 3420 3100 reginaque

137 3139 208 3175 σα
256 3119 511 3190 ’Δρσινόη
533 3159 547 3184 ,
581 3120 615 3190 ἡ
649 3117 854 3189 ἀδελφὴ
877 3159 891 3182 ,
932 3119 1025 3172 καὶ
1078 3117 1146 3172 τά
1186 3117 1352 3172 τέκνα
1386 3157 1402 3182 ,
1459 3118 1640 3184 καλῶς
1670 3119 1734 3174 ἂν

1845 3121 2098 3188 Arsinoe,
2127 3135 2306 3186 soror,
2338 3119 2608 3190 liberique
2629 3120 2835 3184 valent,
2863 3120 3002 3175 bene
3033 3128 3138 3184 est,
3158 3129 3322 3190 atque
3350 3136 3416 3176 ex

136 3213 276 3285 ιχοι,
321 3187 422 3266 καὶ
574 3187 906 3282 βουλόμεθαο
965 3212 1060 3266 καὶ
1097 3211 1253 3266 αὐτοὶ
1285 3211 1344 3265 δὲ
1391 3211 1730 3284 ὑγιαίνομεν.

1845 3225 1968 3272 voto
1993 3187 2182 3269 nostro
2215 3231 2228 3268 :
2265 3227 2367 3267 nos
2393 3187 2615 3282 quidem
2642 3212 2910 3268 valemus.
2941 3213 3196 3284 Acceptis
3223 3187 3419 3268 litteris

139 3307 418 3370 Λαϐόντες
452 3306 552 3377 τὴν
585 3303 736 3376 παρὰ
766 3303 857 3358 σοῦ
893 3303 1182 3374 επιστολὴν
1202 3343 1216 3368 ,
1251 3303 1504 3374 μεγάλως
1534 3305 1735 3376 ἐχάρη-

142 3417 244 3470 μεν
272 3399 369 3453 διά
392 3397 497 3468 τὴν
521 3395 841 3468 προαίρεσίν
867 3412 985 3457 σου,
1013 3396 1108 3449 καὶ
1131 3394 1228 3466 τὴν
1275 3394 1569 3467 καλλίστην
1608 3395 1734 3466 βου-

140 3489 260 3562 λὴν,
283 3488 384 3543 καὶ
412 3484 809 3555 συναγαγόντες
830 3485 890 3538 τὸ
915 3486 1023 3539 πᾶν
1050 3483 1273 3556 πλῆθος,
1303 3485 1735 3557 παρανέγνωμεν

141 3583 313 3655 αὐτὴν
335 3581 542 3644 αὐτοῖς,
599 3579 666 3634 ἵν’
696 3577 909 3632 εἰδῶσιν
929 3618 944 3642 ,
986 3578 1052 3650 ἢν
1095 3577 1239 3649 ἔχεις
1280 3578 1417 3650 πρὸς
1468 3579 1558 3632 τὸν
1600 3579 1735 3632 Θεὸν

140 3674 299 3744 ἡμῶν
329 3671 636 3726 εὐσέϐειαν.
678 3669 1064 3740 Ἀπεδείξαμεν
1091 3668 1147 3722 δὲ
1181 3668 1275 3723 καὶ
1299 3668 1400 3733 τὰς
1429 3669 1644 3739 φιάλας,
1669 3669 1736 3734 ἀς

142 3763 472 3826 ἀπέστειλας
512 3763 719 3834 χρυσᾶς
757 3761 926 3816 εἴκοσι
951 3802 964 3826 ,
1002 3763 1096 3815 καὶ
1129 3763 1380 3833 ἀργυρᾶς
1419 3762 1732 3834 τριάκοντα,

142 3842 429 3928 κρατῆρας
457 3855 640 3918 πέντε,
666 3857 760 3909 καὶ
783 3855 1061 3928 τράπεζαν
1088 3857 1167 3920 είς
1201 3855 1455 3910 ἀνάθεσιν
1483 3895 1497 3921 ,
1531 3857 1624 3910 καὶ
1643 3859 1737 3921 ἐίς

144 3948 516 4022 προσαγωγὴν
545 3947 767 4011 θυσιῶν,
797 3949 891 4002 καὶ
923 3949 1003 4013 είς
1029 3949 1344 4015 ἐπισκευὰς,
1369 3940 1445 4002 ὧν
1473 3950 1738 4022 προσδέη-

144 4057 231 4094 ται
251 4038 313 4092 τὺ
350 4039 518 4112 ἱερὸν,
544 4039 808 4110 ἀργυρίου
835 4040 1073 4094 τάλαντα
1102 4041 1316 4108 ἑκατὸν,
1373 4042 1518 4115 ἅπερ
1548 4043 1736 4114 ἐκόμι-

146 4147 239 4186 σεν
278 4130 540 4202 Ἀνδρέας
572 4131 681 4184 τῶν
705 4133 1085 4203 τετιμημένων
1112 4133 1260 4205 παρὰ
1297 4135 1401 4200 σοὶ,
1445 4135 1541 4190 καὶ
1590 4136 1738 4207 Ἀρι-

150 4225 353 4287 σταῖος,
386 4223 580 4294 ἀνδρες
599 4223 754 4278 καλοὶ
788 4225 881 4278 καὶ
905 4224 1122 4294 ἀγαθοὶ,
1154 4227 1248 4279 καὶ
1294 4227 1516 4299 παιδεία
1552 4227 1740 4297 διαφέ-

147 4333 366 4388 ροντες,
411 4315 508 4368 καὶ
552 4316 651 4387 τῆς
692 4316 793 4387 σῆς
841 4317 1066 4389 ἀγωγῆς
1094 4319 1189 4373 καὶ
1229 4319 1574 4392 δικαιοσύνης
1599 4320 1738 4386 ἄξιοι

148 4408 290 4462 κατά
314 4407 518 4460 πάντα.
554 4404 619 4461 Οἳ
647 4408 757 4479 ,καὶ
791 4410 1102 4480 μετέδωκαν
1135 4413 1270 4482 ἡμῖν
1315 4411 1384 4466 τά
1425 4413 1576 4484 παρὰ
1620 4413 1734 4478 σοῦ,

148 4499 283 4572 πρὸς
336 4499 374 4554 ἃ
405 4499 501 4552 καὶ
548 4499 678 4571 παρ’
711 4500 870 4572 ἡμῶν
933 4502 1236 4574 ἀκηκόασιν
1285 4501 1594 4576 ἁρμόζοντα
1625 4507 1738 4571 τοῖς

150 4594 261 4655 σοῖς
280 4591 598 4662 πράγμασι.
628 4592 814 4646 Πάντα
841 4593 949 4665 γάρ
980 4594 1080 4646 ὅσα
1110 4611 1191 4648 σοι
1219 4597 1523 4668 συμφέρει,
1559 4596 1652 4650 καὶ
1691 4598 1740 4650 εί

147 4684 297 4754 παρὰ
333 4683 502 4753 φύσιν
531 4684 679 4737 ἐστὶν
702 4685 910 4754 (4445)
932 4725 946 4748 ,
978 4685 1420 4759 ὑπακουσόμεθα.
1444 4688 1616 4742 Τοῦτο
1633 4689 1740 4760 γὰρ

148 4775 331 4842 φιλίας
354 4777 452 4829 καὶ
475 4773 808 4847 ἀγαπήσεως
837 4777 952 4830 ἐστι
985 4781 1227 4851 σημεῖον.
1255 4779 1615 4851 Μεγάλαγάρ
1646 4780 1742 4834 καὶ

146 4867 490 4939 ἁνεπίληστα
513 4867 640 4931 τοὺς
666 4867 890 4932 πολίτας
915 4869 1072 4953 ἡμῶν
1093 4873 1232 4926 κατά
1259 4871 1490 4936 πολλοὺς
1507 4871 1741 4945 τρόπους

141 4959 560 5031 εὐεργέτηκαςο
613 4959 816 5024 εὐθέως
861 4957 956 5015 οὖν
1002 4962 1425 5035 προσηγάγομεν
1467 4963 1609 5036 ὑπὲρ
1646 4963 1740 5018 σοῦ

141 5051 364 5116 θυσίας,
400 5053 498 5106 καὶ
525 5052 626 5122 τῆς
650 5052 884 5123 ἀδελφῆς
911 5053 1020 5125 (46)
1059 5056 1153 5108 καὶ
1201 5055 1310 5110 τῶν
1355 5055 1598 5122 τέκνων,
1649 5057 1742 5112 καὶ

139 5141 259 5196 τῶν
288 5143 494 5214 φίλων·
528 5144 622 5197 καὶ
655 5144 859 5215 ηὔξατο
888 5149 993 5204 πᾶν
1014 5148 1074 5201 τὸ
1105 5148 1330 5220 πλῆθος,
1360 5149 1446 5202 ἵνα
1475 5167 1556 5203 σοι
1582 5149 1742 5221 γένη-

141 5251 239 5289 ται
265 5236 452 5301 καθὼς
484 5241 724 5310 προαιρῇ
757 5239 846 5292 διά
867 5241 1089 5307 παντὸς,
1116 5242 1212 5296 καὶ
1239 5240 1479 5314 διασώζῃ
1530 5260 1610 5296 σοι
1642 5243 1740 5313 τὴν

149 5325 435 5395 βασιλείαν
464 5330 524 5383 ὲν
552 5331 744 5402 είρήνῃ
781 5331 918 5402 μετά
946 5332 1107 5406 δόξης
1130 5335 1159 5387 ὁ
1186 5335 1456 5408 κυριεύων
1485 5336 1742 5390 ἀπάντων

233 5462 354 5589 (ιη)
374 5463 501 5519 Τῶν
524 5463 1210 5537 ἀρχισωματοφυλάκων.
1255 5469 1456 5525 Excus.
1485 5471 1654 5525 Arist.
1688 5479 1742 5525 et

233 5550 318 5589 seu
363 5577 403 5589 ..
439 5535 531 5589 τὸν
576 5536 1168 5589 ἀογισωιιατοφύλακα.
1197 5539 1329 5589 Quae
1363 5541 1522 5589 lectio
1567 5542 1742 5589 hami-

152 5530 531 5616 Iosephus»
560 5530 1168 5616 @ipxtsrbpetroeﬁlam.
1197 5539 1329 5616 Quae
1363 5541 1522 5596 lectio
1567 5542 1742 5597 homio

157 5606 250 5657 nis
279 5605 535 5675 dignitati
564 5605 727 5677 favet,
759 5605 846 5662 cui
875 5605 1083 5664 tantum
1115 5605 1339 5666 accedat
1383 5628 1607 5668 necesse
1634 5623 1738 5677 est,

157 5686 428 5742 quantum
468 5676 777 5731 detrahitur
804 5695 867 5732 ex
899 5681 1083 5736 sociis.

162 5815 176 5826 ,
225 5743 341 5828 μδ)
374 5744 845 5828 ,Ἐνδεκοιξένῳα
883 5747 1079 5807 Vocem
1108 5753 1342 5822 explicat
1368 5751 1636 5825 Iosephus
1667 5755 1743 5821 ὡς

158 5813 288 5881 ἐνῆν
319 5813 567 5884 μάλιστα
589 5818 906 5889 φιλοτίμως,

1841 3308 1973 3374 tuis,
1996 3321 2250 3374 magnam
2281 3321 2347 3360 ex
2373 3313 2463 3360 tua
2487 3305 2764 3361 voluntate
2784 3305 3126 3375 consilioque
3143 3307 3423 3362 sanctissi-

1840 3417 1932 3456 mo
1958 3399 2199 3454 laetitiam
2227 3397 2914 3468 cepimus,convocataque
2933 3398 3281 3454 multitudine
3301 3399 3424 3454 uni-

1841 3505 2022 3553 versa,
2047 3489 2224 3558 palam
2248 3503 2343 3544 eas
2374 3488 2751 3557 recitavimus,
2783 3496 2846 3544 ut
2876 3503 3069 3544 omnes
3091 3497 3199 3544 tuae
3231 3489 3422 3546 adver-

1841 3597 1940 3638 sus
1975 3579 2147 3636 Deum
2205 3588 2459 3636 nostrum
2511 3579 2732 3650 pietatis
2780 3595 3002 3636 sensum
3032 3580 3418 3652 intelligerent.
3481 3609 3500 3634 ι

1840 3671 2060 3728 Phialas
2088 3672 2253 3728 etiam
2293 3671 2390 3727 abs
2409 3680 2464 3725 te
2493 3671 2692 3726 missas
2720 3671 3052 3741 protulimus
3071 3712 3086 3737 ,
3111 3687 3308 3728 aureas
3341 3673 3422 3728 vi-

1841 3763 2005 3837 ginti,
2030 3778 2096 3819 ac
2128 3762 2353 3832 triginta
2389 3770 2701 3832 argenteas,
2719 3769 2960 3816 crateres
2988 3762 3118 3817 item
3150 3765 3418 3833 quinque,

1842 3871 2091 3912 mensam
2131 3853 2469 3910 consecratis
2531 3851 2853 3908 muneribus
2895 3853 3230 3923 excipiendis
3265 3855 3422 3910 addi-

1841 3958 2008 4014 ctam,
2047 3955 2102 4003 et
2134 3946 2424 4003 sacrificiis
2473 3943 2757 4010 faciendis,
2804 3961 2869 4001 ac
2898 3947 3109 4001 caeteris
3143 3946 3420 4011 omnibus,

1841 4055 1963 4110 qua:
1992 4053 2133 4110 opus
2158 4037 2360 4108 templo
2389 4035 2624 4101 fuerint,
2655 4037 3043 4108 comparandis
3082 4039 3292 4107 argenti
3334 4047 3419 4093 ta-

1843 4132 1990 4188 lenta
2033 4138 2254 4186 centum
2283 4170 2297 4195 ,
2343 4143 2466 4199 qua:
2498 4128 2747 4184 Andreas
2773 4145 2918 4185 unus
2955 4146 3020 4184 ex
3054 4129 3277 4186 familiae
3317 4142 3423 4187 tuae

1843 4222 2187 4288 clarissimis,
2225 4231 2278 4276 et
2309 4205 2594 4286 Aristaeus,
2619 4221 2721 4275 viri
2753 4223 3127 4278 honestissimi
3150 4232 3314 4294 atque
3335 4223 3424 4279 in-

1845 4315 2146 4388 tegerrimi,
2163 4328 2504 4384 summaeque
2516 4311 2862 4379 eruditionis,
2891 4324 3095 4384 tuaque
3114 4316 3279 4371 simul
3297 4331 3421 4372 cum

1844 4406 2156 4477 diSciplina,
2189 4414 2303 4460 tum
2329 4405 2584 4476 aequitate
2616 4404 2780 4461 rebus
2816 4406 2870 4460 in
2917 4406 3175 4463 omnibus
3214 4408 3422 4480 dignis-

1845 4499 1971 4554 simi
2029 4497 2347 4552 attulerunt.
2382 4498 2424 4551 li
2466 4505 2558 4552 tua
2584 4511 2806 4567 quoque
2850 4497 3106 4553 mandata
3136 4499 3292 4556 nobis
3329 4517 3424 4557 ex-

1843 4575 2166 4660 posuerunt,
2200 4589 2474 4659 rebusque
2500 4587 2608 4643 tuis
2639 4599 2826 4657 aptum
2851 4605 2882 4642 a
2905 4589 3062 4645 nobis
3082 4599 3136 4646 et
3165 4606 3423 4647 commo-

1842 4682 1970 4737 dum
2005 4695 2332 4751 responsum
2365 4687 2625 4735 tulerunt.
2669 4678 2944 4749 Quidquid
2974 4680 3118 4734 enim
3170 4694 3201 4735 e
3239 4681 3422 4752 digni-

1842 4782 1954 4831 tate
1982 4789 2196 4844 usuque
2223 4781 2319 4827 tuo
2360 4771 2544 4837 fuerit,
2578 4771 2635 4826 in
2657 4787 2746 4836 eo,
2778 4781 2838 4829 ut
2879 4771 3065 4828 minus
3094 4773 3260 4827 etiam
3294 4790 3421 4829 cum

1842 4877 2040 4925 natura
2083 4875 2271 4923 nostra
2327 4880 2606 4938 sensuque
2655 4865 3012 4936 conjunctum
3064 4868 3158 4932 sit,
3213 4882 3421 4920 morem

1843 4973 2113 5031 geremus.
2142 4955 2256 5012 Hoc
2289 4957 2434 5012 enim
2455 4956 2709 5012 amicitia:
2736 4965 2790 5012 et
2819 4957 3104 5013 charitatis
3131 4972 3423 5029 argumen-

1845 5062 1962 5107 tum
2006 5061 2110 5107 est.
2155 5049 2218 5106 Et
2258 5067 2391 5108 sane
2423 5067 2622 5122 magna
2657 5052 2714 5106 in
2762 5053 2989 5122 primis,
3029 5051 3290 5122 nullaque
3321 5068 3422 5107 un-

1843 5159 2010 5214 quam
2042 5143 2316 5199 oblivione
2332 5143 2560 5197 delenda
2584 5143 2763 5198 omnis
2786 5144 3002 5214 generis
3017 5143 3278 5199 beneﬁcia
3301 5159 3423 5200 nos-

1847 5245 1961 5291 tros
1992 5236 2046 5290 in
2078 5237 2226 5291 cives
2251 5234 2553 5290 contulisti.
2579 5234 2760 5300 Quare
2791 5235 2999 5290 hostias
3031 5234 3422 5302 confestim,et

1847 5343 1959 5398 tua,
1996 5341 2049 5388 et
2077 5331 2308 5396 sororis,
2336 5331 2660 5393 liberorum,
2685 5330 3098 5400 amicorumque
3127 5346 3292 5385 causa
3321 5331 3422 5384 im-

1918 5466 2124 5540 (Ml-45)
2150 5466 2256 5540 Καὶ
2284 5468 2339 5540 εί
2382 5464 2542 5540 παρὰ
2573 5464 2761 5533 φύσιν
2793 5465 2996 5540 ἐστίν.
3057 5463 3122 5520 Ει
3174 5463 3420 5540 Joseph”

1846 5535 1949 5594 κᾶν
2051 5537 2202 5608 παρά
2227 5537 2407 5610 φύσιν,
2433 5538 2484 5590 id
2507 5548 2608 5610 est,
2638 5545 2696 5589 ut
2734 5536 2914 5590 minus
2937 5536 2987 5589 id
3019 5551 3142 5590 cum
3181 5537 3420 5610 ingenio,

1846 5607 2051 5675 sensu,
2111 5607 2355 5662 moribus
2433 5608 2634 5661 nostris
2691 5616 3052 5675 congrueret,
3113 5607 3423 5676 cujusznodi

1845 5683 2009 5735 etiam
2045 5689 2128 5734 est
2159 5693 2439 5733 sacrorum
2471 5679 2732 5730 librorum
2767 5679 3218 5732 communicatio.

1918 5751 2026 5821 (46)
2065 5749 2177 5816 Τῆς
2203 5747 2640 5821 ἀδελφῆς-,σω
2681 5745 2925 5821 Montac.
2951 5791 2965 5817 ,
2996 5750 3088 5803 καὶ
3136 5749 3233 5821 τῆς
3268 5748 3423 5819 βασι-

1845 5817 2056 5893 λίσσης,
2091 5822 2184 5874 καὶ
2211 5818 2444 5889 ἀδελφῆς
2485 5817 2782 5890 Ἀρσινόης.
