3856 6224
494 334 605 403 805

1133 344 1402 403 EUSEBII
1438 345 1921 403 CESARIENSIS
1956 345 2104 402 OPP.
2145 348 2326 403 PARS
2364 348 2427 404 η.
2464 378 2539 391 —-
2565 348 3088 411 APOLOGETICA.‘

3627 354 3731 411 596

492 459 825 516 moiavimus
874 478 891 514 ε
931 467 986 516 et
1026 461 1168 516 votis
1210 477 1276 516 ac
1312 463 1568 532 precibus
1604 465 1714 520 Deo
1738 464 2060 535 praepotenti

2168 464 2314 529 Θεός.
2363 466 2472 520 Καὶ
2525 468 2673 533 ὅπως
2718 471 2941 542 γένηται
2994 471 3409 542 συμφερόντως,
3461 472 3554 524 καῖ
3597 474 3733 541 μετά

493 555 849 622 nuncupatis,
894 554 1185 609 universus
1239 553 1308 607 ab
1353 569 1419 608 eo
1462 556 1697 625 populus
1754 555 2056 627 flagitabat,

490 641 658 715 35E.
688 646 767 699 uti
818 644 1003 700 omnia
1058 644 1156 697 tibi
1203 641 1434 699 feliciter
1460 654 1625 714 atque
1654 662 1718 701 ex
1758 649 1943 700 animo
1973 662 2063 701 ce—

490 736 704 798 derent,
738 751 803 790 ac
852 751 1143 805 perennem
1176 752 1344 807 regno
1373 747 1467 791 tuo
1500 754 1685 806 pacem
1723 739 2062 807 gloriamque

488 828 833 883 concederet.
852 828 1149 893 Caeterum,
1188 843 1248 884 ut
1283 831 1568 885 commode
1600 840 1824 901 tutoque
1874 847 2063 887 succe-

488 919 583 973 dat
632 934 802 975 sacrae
833 921 969 992 legis
1004 923 1382 992 interpretatio
1404 965 1420 989 ,
1459 940 1551 978 sex
1604 925 1855 979 tribubus
1889 941 1920 979 e
1949 926 2064 979 sin-

489 1015 660 1083 gulis,
697 1014 751 1068 in
785 1015 1031 1068 omnium
1064 1025 1362 1085 conspectu
1393 1016 1715 1085 delegimus,
1746 1018 1894 1071 viros
1930 1032 2060 1085 pro-

489 1110 591 1164 bos
623 1122 688 1163 ac
723 1108 994 1172 seniores,
1019 1123 1158 1177 quos
1181 1108 1249 1163 ad
1284 1119 1337 1163 te
1358 1124 1466 1163 una
1503 1109 1760 1179 cumlcge
1789 1111 2058 1164 misimus.

491 1200 733 1271 Equum
764 1199 931 1270 igitur
982 1198 1167 1265 fuerit,
1194 1216 1288 1255 rex
1324 1204 1673 1269 aequissime,
1707 1205 1847 1257 hanc
1880 1204 1979 1257 abs
2012 1212 2063 1258 te

489 1307 773 1348 sacrorum
810 1291 1075 1347 librorum
1104 1292 1607 1367 interpretationem
1642 1294 1832 1349 sedulo
1854 1294 2060 1357 curari,

448 1369 457 1377 ’
489 1387 570 1440 ιιιί
606 1384 676 1439 ad
719 1398 820 1439 nos
861 1382 937 1436 illi
985 1384 1246 1439 cunlinuo
1296 1385 1431 1439 salvi
1466 1394 1521 1440 et
1544 1386 1845 1441 incolumes
1874 1386 2064 1440 remit-

488 1484 696 1532 tantur.
734 1473 885 1531 Vale.
924 1494 943 1527 ι
978 1474 1107 1530 Haec
1135 1476 1419 1532 Aristaeus.
1455 1476 1666 1543 Quibus
1694 1478 1783 1532 ille
1807 1478 2062 1547 deinceps

488 1570 737 1640 pluribus
763 1578 946 1625 tamen
972 1570 1037 1625 de
1073 1579 1329 1641 suscepto
1346 1571 1843 1641 opereinterjectis,
1862 1587 2052 1627 secun-

488 1663 617 1717 dum
646 1662 793 1717 illam
825 1662 1135 1717 divinarum
1182 1664 1485 1719 litterarum
1531 1664 2060 1733 interpretationem,

487 1754 670 1811 verbis
696 1755 944 1821 totidem,
977 1770 1100 1825 quae
1134 1765 1459 1825 sequuntur,
1484 1756 1709 1810 auexit:
1745 1754 2059 1821 «Perlectis,

491 1845 696 1917 inquit,
725 1844 1101 1901 voluminibus
1131 1845 1261 1912 illis,
1288 1854 1494 1901 stantes
1507 1846 1782 1916 erectique
1812 1847 2065 1901 sacerdo-

491 1947 596 1998 tes,
627 1950 845 2005 unaque
895 1936 1163 2002 seniores,
1219 1952 1329 1991 non
1379 1937 1704 2007 interpretes
1746 1936 2065 2004 modo,sed

490 2029 654 2080 etiam
692 2024 857 2094 hujus
887 2025 1024 2095 reip.
1062 2024 1535 2080 administratione
1590 2024 1886 2095 perfuncti,
1938 2042 2064 2081 cum

489 2118 678 2187 populi
723 2117 1161 2173 moderatoribus
1184 2156 1199 2181 ,
1235 2132 1343 2172 una
1374 2132 1506 2173 voce
1536 2134 1727 2173 omnes
1760 2136 1774 2173 :
1804 2118 2067 2185 Quando-

489 2211 733 2282 quidem,
759 2211 933 2275 aiunt,
965 2210 1069 2267 rite
1107 2224 1172 2265 ac
1203 2208 1458 2280 religiose
1491 2208 1730 2281 perfecta
1754 2252 1770 2275 ,
1807 2220 1972 2281 atque
2007 2211 2065 2266 in

491 2302 750 2358 omnibus
802 2303 869 2357 ad
918 2301 1181 2357 amussim
1214 2311 1404 2357 exacta
1432 2301 1804 2373 interpretatio
1857 2311 1963 2369 est,
2004 2310 2069 2358 ut

489 2395 700 2466 integra
726 2409 974 2465 puraque
1005 2403 1271 2461 servetur,
1293 2394 1537 2465 nihilque
1566 2410 1790 2465 prorsus
1822 2396 1957 2450 artis
1986 2395 2066 2449 ir-

489 2492 670 2555 repat,
695 2485 846 2539 omni
863 2499 996 2540 cura
1018 2484 1311 2555 studioque
1333 2482 1752 2554 providendum.
1774 2483 1948 2552 Quam
1976 2500 2067 2540 vo-

489 2594 633 2643 cem,
660 2576 838 2633 fa’fista
878 2583 1206 2632 cunctorum
1236 2576 1631 2632 acclamatione
1665 2589 1957 2632 consecuta
1981 2577 2067 2633 di-

489 2671 570 2725 ris
591 2685 743 2725 more
774 2684 879 2725 suo
905 2684 1031 2724 eum
1066 2669 1320 2724 devoveri
1346 2668 1583 2741 jussere,
1624 2670 1719 2739 qui
1745 2670 1828 2725 vel
1855 2668 2063 2725 adden—

489 2765 597 2831 do,
632 2763 716 2819 vel
762 2752 1181 2824 transferendo,
1240 2761 1326 2815 vel
1401 2761 1772 2830 detrahendo,
1823 2762 2065 2818 universi

490 2855 674 2926 operis
705 2855 1003 2926 quidquam
1036 2853 1370 2909 adulteraret
1403 2872 1416 2907 :
1453 2865 1617 2925 atque
1659 2853 1714 2909 id
1766 2854 1893 2925 jure
1938 2855 2065 2925 qui-

489 2948 617 3003 dem
649 2962 715 3002 ac
745 2947 961 3012 merito,
993 2946 1073 3000 uti
1105 2960 1262 3001 sacer
1296 2946 1385 3000 ille
1415 2944 1540 3001 fons
1591 2945 1834 3014 limpidis
1874 2960 1940 3000 ac
1970 2945 2065 3016 ju-

491 3040 654 3109 gibus
704 3038 864 3108 aquis
915 3045 1175 3107 perpetuo
1229 3037 1536 3093 scaturiret.
1570 3035 1781 3104 Quibus
1810 3037 2066 3094 omnibus

2161 560 2461 628 ἀσφαλείας
2492 563 2525 633 ἡ
2551 563 2645 616 τοῦ
2682 565 2837 632 ἁγίου
2868 565 3034 634 νόμου
3068 565 3414 636 μεταγραφὴ,
3451 564 3733 635 παρόντων

2162 650 2378 704 πάντων
2403 690 2417 715 ,
2469 652 2809 725 ἐπελεξάμην
2858 656 3054 726 ἄνδρας
3107 655 3303 718 καλοὺς
3349 657 3441 707 καὶ
3473 653 3732 722 ἀγαθοὺς,

2162 740 2584 815 πρεσϐυτέρους,
2615 745 2706 813 ἀφ’
2744 744 2979 815 ἑκάστης
3008 746 3181 815 φυλῆς
3214 745 3304 810 ἒξ,
3359 744 3452 808 οῦς
3494 745 3587 797 καὶ
3628 746 3737 797 ἀπ-

2163 833 2503 903 εστάλκαμεν
2534 834 2754 904 ἔχοντας
2777 836 2866 888 τὸν
2906 836 3087 907 νόμον.
3126 835 3318 900 Καλῶς
3346 831 3439 889 οῦν
3468 838 3734 906 ποιήσεις,

2165 920 2384 990 βασιλεῦ
2417 923 2612 987 δίκαιε,
2661 925 2968 995 προστάξας
2999 925 3075 989 ὡς
3105 924 3170 980 ἂν
3198 927 3230 996 ἡ
3269 924 3589 997 μεταγραφὴ
3636 925 3736 993 γέ-

2161 1028 2321 1081 νηται
2344 1012 2450 1066 τῶν
2484 1013 2721 1082 βιϐλίων,
2751 1015 2839 1069 ἴνα
2879 1015 3037 1068 πάλιν
3061 1016 3549 1069 ἀποκατασταθῶσι
3597 1016 3740 1087 πρὸς

2162 1103 2194 1171 ἡ
2206 1103 2311 1171 μᾶς
2341 1102 2597 1171 ἀσφαλῶς
2620 1106 2670 1157 oi
2703 1105 2911 1177 ἀνδρες.
2958 1107 3224 1177 Ἔρρωσα
3267 1125 3287 1158 ι
3333 1106 3553 1169 Τούτοις
3584 1106 3739 1176 ἑξῆς,

2165 1192 2333 1247 πολλά
2352 1192 2440 1246 διὰ
2464 1195 2627 1265 μέσου
2652 1197 2779 1268 περὶ
2794 1198 2891 1265 τῆς
2915 1197 3266 1269 προτεθείσης
3293 1196 3460 1251 εἰπὼν
3487 1214 3742 1269 πραγμα-

2163 1290 2331 1354 τείας,
2378 1288 2516 1360 μετά
2553 1289 2649 1360 τὴν
2681 1290 2911 1361 Γραφῶν
2939 1281 3230 1361 ἑρμηνείαν
3269 1290 3515 1362 ἐπιφέρει
3552 1291 3742 1355 αὐτοῖς

2165 1385 2392 1455 ῥήμασι.
2447 1400 2468 1434 ί
2507 1382 2705 1448 καθὼς
2759 1384 2804 1438 δ’
2831 1382 3141 1454 ἀνεγνώσθη
3193 1382 3365 1438 ταῦτα
3412 1382 3484 1437 τὰ
3525 1382 3697 1455 τεύχη
3722 1421 3746 1447 ν

2166 1476 2391 1541 στάντες
2414 1478 2464 1530 οἱ
2497 1477 2661 1548 ἱερεῖς
2686 1476 2909 1531 καὶτῶν
2946 1475 3228 1547 ἑρμηνέων
3270 1477 3319 1529 οἱ
3353 1474 3739 1547 πρεσϐύτεροι,

2164 1569 2259 1622 καὶ
2288 1567 2396 1621 τῶν
2421 1567 2528 1622 ἀπὸ
2550 1568 2644 1622 τοῦ
2694 1566 3105 1638 πολιτεύματος,
3132 1566 3187 1620 οἵ
3221 1583 3281 1619 τε
3316 1565 3606 1637 ἡγούμενοι
3640 1565 3740 1620 τοῦ

2165 1657 2425 1729 πλήθους,
2461 1653 2646 1712 εἷπον·
2692 1658 2841 1711 Ἐπεὶ
2869 1656 3048 1720 καλῶς
3079 1656 3173 1710 καὶ
3197 1655 3359 1720 ὁσίως
3405 1656 3742 1729 διηρμήνευ-

2163 1766 2276 1813 ται,
2305 1749 2400 1803 καὶ
2432 1751 2575 1805 κατά
2596 1752 2704 1805 πᾶν
2746 1747 2988 1821 ἀκριϐῶς
3027 1747 3207 1811 καλῶς
3253 1746 3375 1818 ἔχον
3418 1748 3564 1801 ἐστὶν
3585 1789 3601 1812 ,
3649 1750 3745 1803 ἵνα

2094 1822 2137 1877 Β
2165 1840 2397 1912 διαμένῃ
2425 1840 2587 1895 ταῦθ’
2605 1842 2781 1904 οὕτως
2806 1840 3019 1911 ἔχοντα,
3050 1840 3145 1893 καὶ
3195 1839 3270 1911 μὴ
3298 1840 3522 1909 γένηται
3572 1838 3746 1911 μηδεο

2170 1932 2270 2003 μία
2296 1932 2573 2003 διασκευή.
2600 1932 2823 1987 Πάντων
2851 1931 2908 1985 δὲ
2942 1931 3399 2003 ἐπιφωνησάντων
3433 1933 3549 1995 τοῖς
3588 1933 3745 2003 εἰρη-

2170 2024 2351 2095 μένοις
2370 2064 2384 2089 ,
2420 2024 2713 2078 ἐκέλευσαν
2740 2024 3069 2096 ἐπαρᾶσθαι,
3100 2022 3285 2089 καθὼς
3310 2022 3431 2087 ἔθος
3458 2023 3606 2077 ἐστὶν
3633 2024 3744 2077 αὖ·

2166 2121 2298 2184 τοῖς,
2329 2118 2385 2172 εῑ
2402 2136 2486 2183 τις
2510 2119 2859 2173 διασκευάσει
2892 2119 3222 2193 προστιθεὶς.
3254 2117 3287 2191 ἢ
3334 2118 3657 2191 μεταφέρων
3688 2135 3744 2171 τι

2166 2208 2226 2263 τὺ
2256 2210 2472 2266 σύνολον
2498 2210 2608 2264 τῶν
2631 2210 3052 2282 γεγραμμένων,
3082 2210 3116 2283 ἢ
3150 2208 3471 2281 ποιούμενος
3510 2210 3747 2281 ἀφαίρε-

2169 2323 2252 2360 σιν
2276 2323 2291 2336 ·
2315 2304 2495 2369 καλῶς
2513 2302 2674 2358 τοῦτο
2705 2303 3061 2376 πράσσοντες,
3090 2304 3179 2357 ἴνα
3221 2300 3313 2357 διά
3338 2300 3537 2364 παντὸς
3567 2299 3745 2354 ἀέναα

2170 2396 2400 2468 μένοντα
2431 2395 2789 2465 φυλάσσηται.
2820 2392 3321 2469 Προσφωνηθέντων
3343 2392 3400 2446 δέ
3415 2391 3510 2446 καὶ
3532 2390 3745 2446 τούτων

2165 2489 2244 2560 τῷ
2297 2487 2521 2561 βασιλεῖ,
2570 2486 2819 2558 μεγάλως
2858 2487 3062 2558 ἐχάρη*
3106 2486 3207 2556 τὴν
3231 2484 3338 2556 γὰρ
3368 2482 3623 2555 πρόθεσιν
3673 2483 3745 2552 ῆν

2167 2577 2312 2652 εἶχεν
2340 2578 2596 2649 ἀσφαλῶς
2622 2579 2765 2647 ἔδοξε
2799 2578 3197 2633 τετελειῶσθαι.
3226 2573 3663 2647 Παρανεγνώσθη
3683 2572 3745 2629 δὲ

2166 2670 2315 2742 αύτῷ
2338 2671 2434 2725 καὶ
2462 2671 2659 2737 πάντα,
2684 2672 2779 2723 καὶ
2805 2669 2923 2724 λίαν
2950 2668 3286 2739 ἐξεθαύμασε
3328 2665 3425 2737 τὴν
3452 2664 3547 2719 τοῦ
3583 2681 3747 2734 νομο-

2166 2759 2321 2814 θέτου
2354 2760 2588 2815 διάνοιαν
2607 2800 2623 2826 ,
2648 2761 2742 2814 καὶ
2772 2760 2909 2831 πρὸς
2942 2760 3034 2813 τὸν
3062 2760 3367 2831 Δημήτριον
3414 2749 3535 2809 εἷπε
3555 2771 3570 2785 ·
3617 2752 3745 2820 Πῶς

2163 2851 2498 2924 τηλικούτων
2548 2853 2890 2924 πραγμάτων
2956 2848 3452 2920 συντετελεσμένων
3478 2886 3495 2911 ,
3562 2845 3746 2910 οὐδεὶς

2166 2942 2458 2996 ἐπεϐάλετο
2490 2942 2598 2997 τῶν
2645 2942 2951 3016 ἱστορικῶν,
3001 2941 3121 2996 οὐδὲ
3147 2939 3381 3011 ποιητῶν
3401 2932 3747 3009 ἐπιμνησθῆο

2166 3050 2287 3094 ναις
2319 3034 2555 3098 Ἐκεῖνος
2599 3033 2655 3086 δὲ
2716 3032 2965 3104 ἐφη-Διά
2992 3033 3053 3087 τὸ
3092 3033 3295 3105 σεμνὴν
3319 3030 3569 3101 εἶναιτὴν
3583 3046 3750 3101 νομο-

493 3132 609 3202 regi
647 3130 936 3197 nuntiatis,
984 3145 1239 3201 magnam
1291 3130 1410 3200 ipse
1457 3144 1677 3201 quoque
1736 3131 2062 3201 voluptatem

2168 3121 2373 3188 θεσίαν,
2415 3122 2509 3176 καὶ
2552 3121 2641 3176 διά
2660 3122 2795 3176 Θεοῦ
2825 3122 3123 3192 γεγονέναι,
3143 3122 3236 3176 καί
3264 3120 3364 3174 τῶν
3385 3118 3751 3190 ἐπιϐαλλομέ-

493 3225 680 3278 animo
709 3222 853 3292 cepit
882 3261 898 3288 ,
934 3222 1082 3293 quod
1122 3237 1284 3278 suum
1313 3221 1446 3276 illud
1500 3220 1791 3277 consilium
1851 3222 2063 3278 felicem

491 3314 703 3369 exitum
739 3313 1000 3370 habuisse
1027 3312 1325 3369 videretur.
1363 3313 1538 3383 Atque
1567 3314 1645 3368 illi
1677 3324 1873 3371 cuncta
1898 3316 2064 3371 etiam

492 3406 720 3461 recitata
752 3413 901 3472 sunt,
937 3420 1006 3461 ex
1064 3405 1265 3475 quibus
1293 3388 1623 3476 legislatoris
1651 3419 1887 3462 mentem
1916 3422 2068 3461 sum-

491 3513 717 3569 mopere
747 3499 1070 3564 admiratus,
1103 3498 1208 3565 Qui
1239 3498 1446 3554 factum
1470 3508 1574 3565 est,
1597 3499 1797 3569 inquit,
1819 3515 1854 3555 o
1887 3499 2070 3555 Deme-

394 3614 409 3635 τ
491 3590 603 3654 tri,
633 3600 692 3645 ut
738 3598 820 3647 tot
866 3590 1141 3660 tantisque
1199 3590 1364 3645 rebus
1412 3591 1620 3660 gestis,
1666 3606 1855 3647 earum
1885 3599 2065 3646 tamen

491 3697 659 3737 nemo
690 3682 776 3738 vel
804 3682 1105 3739 historicus
1137 3682 1222 3737 vel
1254 3691 1415 3752 poeta
1455 3683 1803 3738 meminerit?
1831 3682 1934 3738 Cui
1965 3682 2069 3737 De-

493 3772 755 3841 metrius,
791 3773 949 3841 Quod
1000 3774 1321 3846 augustior,
1371 3774 1569 3845 inquit,
1600 3790 1631 3828 a
1678 3774 1895 3845 Deoque
1947 3777 2069 3845 ipso

492 3865 602 3921 lata
637 3867 723 3922 lex
762 3882 828 3922 ea
891 3868 983 3922 sit.
1025 3866 1109 3923 Ac
1138 3865 1383 3921 nonnulli
1414 3866 1633 3937 quidem
1676 3865 1945 3936 ejusmodi
1979 3866 2071 3921 ali-

491 3961 626 4032 quid
660 3961 841 4015 moliri
877 3960 1021 4027 ausi,
1064 3960 1422 4030 percussique
1455 3959 1717 4014 divinitus
1751 3969 2066 4029 susceptum

492 4066 634 4120 opus
660 4052 1018 4121 abruperunt.
1048 4049 1210 4103 Enim
1235 4064 1366 4104 vero
1387 4064 1447 4104 se
1468 4064 1534 4103 ex
1563 4047 1911 4120 Theopompo
1934 4065 2072 4119 quo-

496 4144 624 4198 dam
653 4142 895 4197 audiisse
920 4141 1153 4205 dicebat,
1185 4141 1330 4212 quod
1359 4156 1425 4196 ex
1460 4142 1577 4212 lege
1603 4143 1885 4204 nonnulla,
1919 4140 2071 4196 Grae-

498 4249 564 4289 ce
586 4234 697 4304 jam
729 4233 963 4299 reddita,
990 4234 1271 4289 audaciori
1303 4233 1540 4303 quodam
1573 4218 1838 4288 orationis
1873 4248 2070 4304 genere

495 4327 721 4395 vulgare
748 4326 1050 4390 statuisset,
1085 4326 1287 4381 mentis
1329 4339 1454 4379 eum
1496 4325 1903 4394 perturbatione
1952 4325 2070 4382 dies

500 4419 736 4488 amplius
770 4418 992 4489 triginta
1018 4418 1318 4474 laborasse.
1364 4418 1533 4488 Cujus
1582 4418 1756 4473 morbi
1818 4434 2067 4484 causam,

2166 3232 2272 3269 νων
2315 3214 2460 3279 τινές
2515 3212 2620 3268 ὑπὸ
2638 3213 2731 3267 τοῦ
2745 3213 2879 3267 Θεοῦ
2905 3214 3223 3285 πληγέντες,
3239 3213 3337 3285 τῆς
3360 3211 3620 3283 ἐπιϐολῆς
3647 3212 3751 3267 ἀπ-

2167 3305 2424 3379 έστησαν.
2486 3308 2598 3361 Καὶ
2620 3306 2728 3378 γὰρ
2770 3306 2969 3377 ἔφησεν
2992 3307 3285 3378 ἀκηκοέναι
3312 3302 3749 3376 Θεοπόμπου,’διο

2165 3398 2248 3452 ότι
2269 3398 2476 3469 μέλλων
2494 3398 2617 3453 τινὰ
2633 3400 2740 3453 τῶν
2763 3418 2903 3473 προη
2911 3417 3116 3472 ρμηνευ
3125 3398 3296 3469 μένων
3328 3397 3435 3469 (47)
3454 3396 3752 3466 ἐπισφαλὲο

2168 3508 2359 3564 στερον
2406 3494 2472 3546 ἐκ
2517 3492 2612 3546 τοῦ
2642 3492 2806 3564 νόμου
2840 3493 3251 3564 προσιπορεῖν,
3297 3489 3542 3561 ταραχὴν
3590 3489 3751 3543 λάϐοι

2166 3586 2267 3655 τῆς
2293 3583 2532 3649 διανοίας
2555 3582 2738 3638 πλεῖον
2766 3583 2986 3655 ἡμερῶν
3014 3582 3325 3655 τριάκοντα.
3364 3580 3522 3635 Κατά
3647 3581 3753 3652 τὴν

2168 3673 2381 3746 αἴτησιν
2414 3674 2525 3748 (48)
2556 3673 2933 3739 ἐξιλάσκεσθαι
2955 3674 3045 3728 τὸν
3072 3673 3223 3738 Θεὸν,
3274 3673 3442 3743 σαφὲς
3463 3670 3612 3743 αὐτῷ
3650 3689 3751 3742 γε·

2169 3764 2374 3831 νέσθαι,
2399 3764 2546 3829 τίνος
2576 3766 2735 3837 χάριν
2762 3764 2823 3818 τὸ
2858 3763 3150 3836 συμϐαἶνόν
3183 3767 3317 3818 ἐστι.
3342 3764 3420 3816 Δι’
3452 3762 3666 3835 ὀνείρου
3690 3763 3752 3818 ὣ

2174 3848 2432 3932 μα’θόντος
2460 3856 2592 3929 (49),
2626 3856 2708 3909 ὅτι
2733 3854 2803 3909 τὰ
2827 3854 2943 3909 θεῖα
2968 3853 3214 3925 βούλεται
3242 3853 3754 3925 περιεργασάμενος

2170 3954 2250 4016 είς
2278 3950 2491 4012 κοινοὺς
2539 3947 2857 4019 ἀνθρώπους
2895 3947 3149 4018 ἐκφέρειν
3174 3988 3190 4013 ,
3236 3945 3609 4016 ἀποσχόμενον
3666 3945 3749 4010 δέ,

2170 4042 2343 4106 οὕτως
2391 4042 2856 4111 ἀποκαταστῆναι.
2896 4039 3007 4094 Καὶ
3039 4039 3190 4110 παρά
3228 4038 3519 4092 Θεοδέκτου
3560 4036 3620 4090 δέ
3652 4035 3752 4091 τοῦ

2171 4134 2281 4187 τῶν
2312 4132 2629 4205 τραγῳδιῶν
2655 4130 2879 4203 ποιητοῦ
2905 4130 3197 4202 μετέλαϐον
3224 4128 3333 4200 ἐγώ
3352 4148 3371 4161 ο
3393 4129 3526 4183 διότι
3567 4146 3754 4199 παρα-

2173 4225 2361 4298 φέρειν
2389 4225 2673 4296 μέλλοντός
2697 4242 2750 4277 τι
2781 4223 2889 4278 τῶν
2927 4221 3432 4294 ἀναγεγραμμένων
3465 4222 3523 4276 ἐν
3567 4223 3638 4292 τῇ
3671 4218 3757 4290 βῖ-

2172 4317 2285 4388 ϐλῳ
2312 4317 2446 4388 πρός
2477 4334 2529 4370 τι
2556 4317 2740 4389 δρᾶμα
2770 4314 2869 4379 τὰς
2899 4314 3048 4384 δψεις
3078 4311 3475 4383 ἀπεγλαυκώθη
3502 4310 3639 4380 (50),
3657 4309 3757 4365 καὶ

2174 4409 2352 4463 λαϐὼν
2383 4407 2658 4472 ὑπόνοιαν,
2691 4408 2773 4460 ὅτι
2802 4406 2889 4459 διὰ
2909 4404 3060 4457 ταῦτ’
3098 4404 3245 4475 αὐτῷ
3284 4403 3505 4473 γέγονεν
3525 4442 3540 4466 ,
3572 4402 3758 4470 ἐξιλα-

498 4511 717 4581 quoties
739 4510 1139 4575 intermitteret,
1166 4525 1292 4565 cum
1321 4510 1507 4565 multis
1525 4526 1554 4564 a
1579 4509 1692 4565 Deo
1716 4511 1973 4580 precibus
1996 4512 2066 4566 in-

2180 4501 2412 4570 σάμενος
2457 4498 2549 4552 τὸν
2581 4497 2734 4562 Θεὸν,
2766 4500 2823 4550 ἐν
2864 4496 3085 4561 πολλαῖς
3113 4496 3346 4569 ἡμέραις
3377 4495 3755 4565 ἀποκατέστη.

572 4778 683 4851 (47)
713 4775 1316 4851 ῌροηρμηνευμένων.
1352 4774 1647 4851 Utriusque
1681 4776 1927 4851 historiae
1961 4793 2075 4851 me.

497 4847 673 4906 minit'
707 4847 1014 4918 Josepbus,
1066 4863 1166 4902 nec
1214 4856 1391 4918 tamen
1439 4848 1626 4918 addit,
1668 4847 1831 4901 ullam
1878 4847 2075 4905 divina:

496 4921 636 4990 legis
665 4915 1189 4988 interpretationem,
1220 4915 1574 4987 Septuaginta
1610 4920 1887 4972 seniorum
1909 4934 2073 4988 opera

495 4992 737 5062 priorem
769 4990 1062 5062 exstitisse.

574 5059 1136 5133 (48),Τὴν“ᾳῖτησιν.
1163 5055 1423 5133 _Dubi_um_
1461 5072 1571 5111 non
1615 5064 1699 5133 e_st
1743 5057 1871 5133 quin
1918 5074 2074 5133 repo-

497 5125 739 5187 nendum
774 5125 838 5184 ex
866 5131 1096 5199 Aristaza
1132 5127 1364 5199 sit,ft~‘qv
1393 5126 1595 5182 ἄνεσιν.
1638 5125 1860 5199 Josepb.
1889 5125 2072 5185 multi-

497 5202 705 5258 tudinis
728 5216 915 5271 _num.,
940 5197 1209 5271 mphyh;
1226 5197 1474 5271 ἀνέσεις.

572 5271 683 5341 (49)
718 5266 1049 5335 Μαθόντοςί.
1081 5266 1401 5336 Corrigend.
1422 5286 1509 5341 ex
1554 5268 1803 5332 Aristma,
1836 5277 1944 5323 tam
1975 5285 2073 5324 ex-

498 5338 635 5397 cuSo
666 5338 843 5410 quam
894 5353 1197 5410 manuscﬁr.,
1226 5338 1619 5410 papaveévrog,
1649 5349 1733 5410 get
1761 5341 1853 5410 lin.
1882 5341 2074 5395 ultima

498 5421 625 5480 post
652 5408 1020 5481 ἀποσχόμενον
1048 5408 1272 5481 delenda
1301 5410 1614 5478 conjunctio
1641 5409 1728 5481 δέ.Δ
1759 5408 1883 5478 Legi
1910 5411 2073 5465 etiam

499 5477 686 5551 posset
734 5477 924 5551 μάθείν
962 5495 1061 5550 pro
1105 5477 1385 5551 μαθόντος,
1408 5477 1634 5534 servato
1675 5479 1733 5532 δέ
1777 5477 1899 5549 ροει
1936 5482 2075 5535 ἀπο-

500 5548 662 5620 σχόμ.
693 5548 775 5603 vel
802 5552 921 5605 eod.
960 5548 1193 5620 sublato,
1225 5548 1478 5620 μαθόντα.

573 5568 601 5603 o
649 5592 662 5603 .
693 5568 775 5603 vei
802 5568 921 5605 eoa.
960 5568 1193 5611 sublato,
1225 5568 1478 5617 μαηοντα.

573 5568 685 5688 (ἕο)
732 5618 1206 5688 Ἀπεγλαυκὼθη.
1252 5616 1387 5671 Vera
1435 5619 1627 5685 lectio,
1670 5634 1735 5674 ex
1771 5634 1874 5689 qua
1908 5620 2077 5675 corri-

505 5690 712 5757 gendus
745 5705 932 5744 excus.
976 5692 1253 5758 Aristzeas,
1292 5689 1432 5757 apud
1463 5706 1623 5758 quem
1662 5692 2075 5747 mendosissime

505 5757 701 5827 legitur
756 5758 1167 5831 ἀπεγλυκλώθη.
1215 5757 1378 5813 Recte
1426 5757 1586 5814 etiam
1636 5759 1930 5830 Josephus.
1978 5762 2075 5826 τὰς

2174 4781 2325 4851 ὄψεις
2369 4780 2723 4851 γλαυκωθείς.
2768 4778 2965 4836 Notum
3013 4789 3091 4853 est
3140 4778 3451 4853 γλαύκωμα
3486 4790 3542 4836 et
3584 4782 3762 4853 γλαύ-

2177 4868 2345 4925 κωσιν
2371 4853 2514 4925 oculi
2542 4854 2729 4906 vitium
2760 4868 2900 4915 esse,
2930 4867 3039 4922 quo
3074 4852 3267 4925 humor
3293 4852 3508 4925 pupilla:
3530 4852 3764 4925 crystal'o

2177 4922 2355 4985 linus,
2391 4923 2551 4977 caesio
2584 4932 2779 4992 pneter
2808 4934 3078 4992 naturam
3131 4922 3314 4992 colore
3360 4922 3630 4985 suffusus,
3672 4928 3761 4979 vel

2176 4992 2538 5063 ἀμαυροῦται,
2572 4991 2655 5047 vel
2687 4991 3133 5064 ἀποξηραίνεται.
3170 4991 3564 5064 Plinius_etiatu
3600 4995 3764 5063 glau-

2177 5061 2341 5115 coma
2359 5065 2559 5131 passim
2590 5074 2765 5118 vocat.
2795 5061 2935 5118 Hine
2957 5063 3191 5117 faCetum
3219 5064 3351 5117 illud
3381 5061 3763 5120 Palmstrionis

2175 5131 2232 5186 in
2261 5132 2432 5187 Plauti
2460 5133 2671 5187 Milite:

2245 5223 2316 5277 Et
2351 5243 2442 5281 nos
2473 5227 2658 5294 [acetis
2684 5226 2923 5293 fabricis,
2952 5236 3000 5282 et
3033 5228 3202 5281 doctis
3238 5226 3395 5285 dolis,

2248 5295 2589 5367 glaucumam
2620 5296 2682 5351 ob
2716 5299 2893 5351 oculos
2921 5301 3247 5367 objicienms,
3277 5312 3494 5367 eumque
3517 5296 3600 5350 ita

2249 5364 2555 5433 Faciemus,
2594 5382 2650 5422 ut
2672 5370 2811 5438 quod
2842 5364 3049 5433 viderit,
3088 5386 3189 5421 non
3221 5364 3429 5421 viderit.

2178 5459 2282 5515 Ubi
2321 5457 2546 5514 Plautus
2586 5459 2918 5529 glaucomam
2966 5475 3064 5527 pro
3104 5459 3382 5528 glaucoma
3441 5458 3651 5528 posuit,
3701 5468 3761 5511 ut

2179 5531 2442 5584 schemam
2468 5532 2520 5583 in
2544 5531 2941 5598 Amphitryone,
2975 5545 3071 5595 pro
3098 5531 3327 5595 schema,

2251 5619 2372 5673 Huc
2402 5622 2631 5689 processi
2659 5621 2737 5675 sic
2767 5637 2885 5674 cum
2913 5622 3088 5674 servili
3113 5621 3342 5689 schema.

2181 5690 2252 5745 lta
2303 5687 2585 5762 Syr'ryam,
2634 5691 2970 5756 diademam,
3017 5691 3259 5762 dogmam
3307 5687 3491 5745 Latini
3550 5697 3761 5746 ventes

2179 5759 2382 5816 dixere.
2419 5759 2734 5817 Priscianus
2768 5762 2857 5816 lib.
2889 5778 2962 5816 vi.
