3856 6224
168 330 268 383 ’597

1299 325 1630 383 PBEPAR.
1674 325 1924 384 EVANG.
1966 328 2095 384 LlB.
2139 329 2274 387 νιιι.

3313 338 3420 397 598

160 440 499 496 Μεταλαϐὼν
525 441 582 495 δὲ
609 443 637 495 ὁ
657 439 930 513 βασιλεὺς,
962 439 1147 505 καθὼς
1169 443 1429 512 προεῖπον
1465 440 1599 512 (51),
1621 443 1752 514 περὶ

1864 445 2094 515 Lelligere
2120 447 2440 512 studuisset,
2473 446 2615 504 hanc
2641 449 2862 505 demum
2910 449 2966 505 in
3005 451 3212 506 somnis
3250 451 3420 507 unam

158 533 365 590 τούτων
384 534 453 589 τὰ
475 535 602 605 περὶ
628 535 722 589 τοῦ
745 535 1080 608 Δημητρίου,
1099 535 1481 606 προσκυνήσας
1496 535 1749 589 ἐκέλευσε

164 628 410 700 μεγάλην
451 630 725 683 ποιεῖσθαι
747 628 855 682 τῶν
892 628 1109 699 βιϐλίων
1127 627 1466 697 ἐπιμέλειαν,
1501 627 1593 680 καὶ
1627 644 1752 681 συν-

161 719 446 792 τηρεῖσθαι
473 721 674 790 ἁγνῶς.
716 741 734 773 ι
765 721 931 774 Ταῦθ’
956 722 1089 792 ἡμῖν
1129 721 1193 773 ὲκ
1224 722 1322 790 τῆς
1358 719 1450 772 τοῦ
1483 719 1750 788 δηλωθέν-
1786 742 1797 756 ·

159 829 254 876 τος
286 813 670 885 ὲπιτετμήσθω
691 817 930 886 γραφῆς.
964 813 1098 884 Φέρε
1125 812 1189 883 δὴ
1213 813 1308 865 καὶ
1341 813 1402 864 τὸ
1448 811 1750 882 πολίτευμα

160 907 265 977 τῆς
289 907 430 960 κατὰ
473 907 678 960 Μωσέα
725 906 1046 977 νομοθεσίας
1075 907 1138 958 ἐκ
1171 905 1278 957 τῶν
1316 903 1468 976 παρὰ
1511 907 1619 967 τοῖς
1656 904 1749 956 ἀν-

159 996 319 1067 δράσι
345 997 617 1066 διαφανῶν
644 995 984 1070 θεασώμεθα.
1022 996 1219 1069 Πρῶτα
1245 996 1301 1048 δὲ
1339 995 1488 1068 θήσω
1515 995 1748 1059 Φίλωνος

159 1087 234 1140 τὰ
265 1089 396 1160 περὶ
418 1092 515 1160 τῆς
545 1090 642 1142 ἀπ’
670 1089 947 1157 Αἰγύπτου
974 1089 1198 1160 πορείας
1225 1088 1332 1140 τῶν
1371 1087 1659 1149 Ἰουδαίων,
1683 1088 1748 1158 ἢν

163 1180 489 1251 σεποίηνται
549 1182 791 1245 Μωσέως
856 1180 1190 1251 ἡγουμένου,
1248 1178 1355 1233 ἀπὸ
1384 1176 1478 1231 τοῦ
1527 1178 1745 1251 πρώτου

164 1272 600 1343 συγγράμματος
630 1312 644 1335 ,
674 1265 750 1325 ὧν
801 1271 1110 1344 ἐπέγραψεν
1171 1269 1552 1336 Ὑποθετικῶς
1593 1269 1722 1340 (52)·

162 1362 292 1416 ἔνθα
320 1364 410 1417 τὸν
436 1366 575 1434 ὑπὲρ
615 1365 900 1425 Ἰουδαίων,
932 1366 1007 1428 ὼς
1031 1365 1163 1432 πρὸς
1181 1363 1518 1435 κατηγόρους
1540 1362 1740 1426 αὐτῶν,

158 1456 486 1529 ποιούμενος
514 1457 691 1525 λόγον,
717 1457 892 1510 ταῦτά
918 1474 1102 1527 φησιν.

1852 540 2142 608 didicisse,
2193 543 2338 613 quod
2373 543 2555 598 divina
2601 545 2858 616 mysteria
2899 545 3088 599 rimari
3124 545 3420 611 curiosius,

1852 649 1916 689 ac
1952 633 2196 704 profanis
2247 636 2562 693 hominibus
2611 638 2896 693 enuntiare
2933 639 3215 693 voluisset.
3258 639 3421 710 355

1850 723 1926 779 Ita
1959 734 2168 780 mutato
2201 727 2522 797 abjectoque
2552 729 2783 783 consilio
2812 729 3052 798 pristina:
3079 727 3298 783 sanitati
3330 743 3418 782 re-

1853 817 2100 872 stitutum
2134 816 2327 873 fuisse.
2356 817 2497 884 Quin
2529 819 2690 874 etiam
2713 819 3073 875 Theodectem
3102 820 3203 874 sibi
3229 835 3421 890 quem-

1853 909 1977 963 dam
2012 910 2401 981 tragmdiarum
2420 912 2738 981 scriptorem
2756 927 2978 967 narrare
3006 912 3249 975 solitum,
3274 910 3420 981 quod

1854 1001 2059 1070 aliquid
2090 1017 2157 1055 ex
2192 1001 2258 1058 iis
2287 1018 2408 1072 quae
2433 1004 2605 1060 sacris
2657 1003 3024 1059 voluminibus
3049 1003 3418 1066 continentur,

1855 1090 1909 1144 in
1940 1091 2137 1146 fabulae
2167 1103 2548 1164 argumentum
2591 1094 2916 1165 detorquere
2943 1097 3265 1160 conareturf,
3300 1110 3423 1150 sese

1854 1181 1908 1235 in
1933 1184 2216 1238 oculorum
2246 1185 2528 1256 glaucoma
2561 1185 2837 1253 incidisse,
2864 1202 2974 1257 quo
3013 1204 3120 1241 non
3152 1187 3256 1242 nisi
3299 1197 3424 1257 post

1847 1274 2050 1330 multos
2075 1275 2212 1340 dies,
2243 1277 2335 1331 ubi
2369 1277 2544 1331 morbi
2573 1276 2776 1332 fontem
2795 1278 3106 1349 suspicione
3131 1278 3420 1349 attigisset,

1848 1364 2170 1439 Numenque
2193 1370 2294 1424 sibi
2324 1371 2692 1436 conciliasset,
2722 1371 2938 1426 liberari
2957 1373 3211 1442 potuerit.
3235 1371 3424 1441 Itaque

1849 1472 1969 1522 rex,
1999 1457 2086 1512 his
2113 1459 2388 1525 omnibus,
2416 1461 2495 1513 uti
2541 1475 2704 1529 supra
2741 1460 2875 1528 dixi,
2902 1477 2966 1515 ex
3010 1459 3286 1517 Demetrio
3333 1461 3410 1514 in-

165 1549 410 1612 ellectis,
447 1567 659 1615 summa
709 1551 1209 1622 interpretationem
1259 1548 1606 1604 veneratione
1629 1551 1966 1620 complexus,
2035 1567 2224 1608 sacros
2259 1553 2494 1624 proinde
2537 1553 2706 1610 libros
2739 1570 2954 1610 summa
3005 1570 3132 1610 cum
3193 1553 3425 1623 diligen-

160 1642 233 1694 tia
275 1654 459 1698 castos
516 1643 863 1722 integrosque
902 1641 1216 1698 conservari
1274 1641 1459 1711 jussit.
1493 1660 1513 1694 ι
1548 1643 1723 1712 Atque
1763 1643 1877 1699 haec
1927 1643 1996 1699 ab
2040 1645 2273 1701 Aristazo
2318 1653 2556 1716 sumpta,
2592 1655 2646 1702 et
2703 1646 2760 1701 in
2812 1645 3084 1716 epitomen
3143 1651 3425 1701 contracta

159 1734 457 1790 sufﬁciant.
489 1734 644 1792 Nunc
673 1752 803 1792 vero
836 1738 1010 1806 ipsam
1051 1735 1304 1791 Mosaicae
1336 1735 1469 1805 reip.
1496 1735 1740 1808 legisque
1777 1735 2030 1804 formam,
2061 1737 2116 1792 in
2165 1753 2354 1794 eorum
2379 1779 2394 1804 ,
2426 1739 2520 1813 qui
2570 1737 2714 1809 apud
2770 1736 3026 1794 Hebraeos
3077 1750 3426 1807 summopere

159 1831 489 1891 ﬂoruerunt.
521 1832 742 1900 scriptis
795 1847 1108 1902 expressam
1155 1830 1606 1900 contemplemur.
1651 1827 1867 1885 Initium
1901 1847 1932 1887 a
1962 1830 2190 1890 Philone
2251 1834 2537 1902 ducemus,
2594 1847 2825 1904 quaeque
2875 1830 2943 1886 de
2974 1829 3288 1885 Iudaeorum
3351 1844 3419 1884 ex

162 1921 366 1993 Egy:o
414 1925 738 1994 migratione
791 1923 974 1996 Moyse
1009 1923 1146 1978 duce
1198 1932 1450 1993 suscepta
1515 1932 1927 1991 commemorat,
1994 1941 2062 1982 ex
2121 1927 2299 1997 primo
2350 1927 2614 1982 librorum
2657 1939 2871 1987 eorum,
2932 1938 3073 1992 quos
3118 1919 3436 1990 Hypolhcti-

159 2031 248 2068 cos
281 2015 584 2085 inscripsit,
621 2000 951 2086 repetemus,
980 2016 1073 2072 ubi
1096 2014 1433 2082 Judaaorum,
1470 2013 1733 2072 adversus
1770 2017 1994 2074 illorum
2039 2029 2390 2075 accusatores
2445 2018 2816 2074 defensionem
2849 2014 3162 2080 instituens,
3198 2000 3341 2068 hunc
3369 2016 3422 2070 in

160 2107 391 2167 modum
425 2107 688 2179 loquitur.

696 2221 1093 2276 ΚΕΦΑΛΑΙΟΝ
1147 2219 1237 2289 q'.

220 2335 496 2400 Φίλωνος
519 2334 654 2404 περὶ
677 2334 789 2404 τῆς
808 2335 1253 2460 νὶὶέίδέὶέγύπττου
1294 2337 1538 2404 πορείας
1573 2336 1693 2392 τῶν

847 2425 918 2460 ου
957 2424 995 2460 α
1021 2422 1126 2460 ων.

847 2422 1126 2461 ουο-αιων.

237 2539 256 2572 ι
291 2519 402 2573 Τὸν
430 2519 529 2590 μὲν
563 2519 790 2573 παλαιὸν
810 2519 994 2584 αὐτοῖς
1022 2520 1286 2591 πρόγονον
1316 2520 1427 2574 ἀπὸ
1469 2521 1750 2576 Χαλδαίων

157 2615 326 2683 εἶναι,
363 2619 458 2672 τὸν
481 2619 539 2673 δὲ
564 2619 692 2672 λαὸν
724 2619 1022 2690 ἀναστῆναι
1042 2619 1228 2674 τοῦτον
1245 2618 1304 2686 ἐξ
1323 2620 1600 2690 Αἰγύπτου
1625 2640 1752 2693 μετ-

156 2712 474 2784 ῳκισμένον
529 2712 635 2766 ἀπὺ
673 2712 870 2784 Συρίας
902 2713 963 2765 τὸ
1015 2713 1202 2779 πάλαι,
1241 2715 1464 2786 μυριάσι
1514 2733 1576 2768 τε
1602 2717 1750 2787 ἀμυ-

157 2803 351 2874 θήτοις
377 2803 672 2875 πλήθοντα,
699 2804 793 2858 καὶ
817 2805 916 2874 τῆς
932 2803 1036 2875 γῆς
1065 2807 1165 2859 οὐκ
1188 2804 1355 2874 οὔσης
1378 2807 1588 2877 ἱκανῆς,
1617 2805 1753 2876 πρὸς

156 2897 204 2951 δ’
232 2897 319 2949 ἐτι-
355 2895 470 2968 (53)
507 2897 600 2949 καὶ
661 2897 872 2967 νεότητι
911 2897 1275 2968 φρονημάτων
1315 2897 1754 2968 ἐντεθραμμένον

161 2991 445 3060 μεγάλως,
477 2989 571 3042 καὶ
605 2989 720 3059 ἅμα
749 2989 843 3042 τοῦ
868 2987 1004 3042 Θεοῦ
1037 2987 1126 3041 διὰ
1155 2989 1456 3059 φασμάτων
1481 2990 1578 3043 καὶ
1617 2989 1754 3043 όνει-

163 3082 347 3152 ράτων
377 3081 555 3146 ἔξοδον
587 3083 769 3145 αὐτοῖς
797 3080 1102 3150 δηλοῦντος,
1136 3081 1231 3134 καὶ
1253 3081 1464 3146 οὐδενὸς
1489 3077 1651 3154 ἦττον
1674 3084 1768 3148 είς-

159 3172 331 3226 πόθον
382 3170 528 3224 κατὰ
565 3171 794 3242 δαίμονα
846 3171 1188 3241 ἐμπεσόντας
1250 3174 1350 3243 τῆς
1387 3173 1615 3243 πατρίου
1661 3175 1756 3226 καὶ

162 3263 405 3336 ἀρχαίας
440 3263 543 3331 γῆς
562 3279 577 3292 °
603 3262 724 3316 ὅθεν
755 3262 820 3334 δὴ
855 3264 949 3317 καί
978 3263 1069 3315 τὸν
1119 3263 1379 3334 πρόγονον
1425 3265 1631 3318 ἐκεῖνον
1659 3265 1756 3319 αύ-

163 3359 276 3421 τοῖς
331 3355 609 3426 μετελθεῖν
666 3355 778 3426 (54)
805 3356 883 3420 εἰς
934 3355 1233 3424 Αἴγυπτον,
1268 3356 1377 3410 εἴτε
1407 3355 1486 3428 τῷ
1539 3357 1659 3429 Θεῷ
1691 3357 1755 3430 δὴ

163 3449 347 3516 δόξαν,
375 3447 490 3502 εἴτε
521 3448 748 3520 προνοίᾳ
774 3449 881 3501 τινί
931 3448 1148 3502 πάντων
1175 3449 1565 3520 εὐδαιμονῆσαι
1603 3451 1758 3522 μάλι-

169 3557 291 3603 στα,
329 3540 406 3602 ὡς
439 3539 533 3592 ἀπ’
560 3539 770 3591 ἐκείνου
801 3539 993 3610 μέχρις
1019 3541 1097 3604 είς
1119 3541 1184 3592 τὸ
1205 3541 1377 3612 παρὸν
1421 3541 1482 3595 τό
1513 3559 1571 3595 τε
1606 3542 1756 3606 ἔθνος

166 3635 358 3697 αὐτοῖς
388 3631 485 3686 καὶ
511 3632 836 3703 γεγενῆσθαι
866 3633 959 3686 καὶ
991 3632 1286 3701 διαμένειν,
1331 3635 1469 3688 κάπὶ⁵
1504 3635 1756 3688 τοσοῦτον

168 3725 534 3797 ὕπερϐἀλλειν
553 3727 633 3787 είς
663 3724 1042 3796 πολυανδρίαν.
1073 3744 1090 3776 ι
1128 3726 1237 3778 Καὶ
1262 3725 1398 3796 μετὰ
1425 3725 1629 3798 βραχέα
1663 3743 1759 3799 φη-

172 3818 256 3871 σίν
275 3835 289 3849 ·
331 3836 351 3868 ‹
398 3817 568 3889 ’Δνήρ
593 3834 658 3885 γε
692 3815 795 3887 μὴν
827 3816 1009 3880 αὐτοῖς
1040 3818 1224 3886 ἡγεῖτο
1252 3820 1352 3888 τῆς
1371 3835 1428 3870 τε
1464 3818 1640 3884 ἐξόδου
1664 3819 1758 3871 καὶ

169 3911 267 3983 τῆς
293 3909 546 3982 πορείας,
575 3911 652 3973 είς
680 3909 831 3962 οὐδὲν
851 3907 958 3962 τῶν
987 3909 1220 3972 πολλῶν,
1253 3911 1300 3961 εί
1335 3909 1532 3980 βούλει,
1575 3909 1758 3979 διάφο-

245 4110 362 4180 (51)
393 4108 600 4180 Καθὼς
644 4110 951 4177 προεῖπον.
983 4108 1141 4180 Prior
1186 4107 1351 4180 editio
1371 4149 1385 4170 ,
1419 4106 1603 4170 καθὼς
1629 4125 1759 4178 προ-

173 4185 293 4235 εῖπε
330 4179 689 4250 περὶτούτων
717 4181 784 4233 τὰ
819 4181 944 4251 περὶ
980 4179 1076 4232 τοῦ
1104 4179 1415 4251 Δημητρίου
1454 4180 1760 4248 προσκυνή-

178 4270 297 4314 σας,
333 4252 535 4320 quibus
569 4251 702 4320 nihil
735 4250 1063 4318 corruptius.
1090 4250 1348 4320 Aristaeus
1386 4264 1598 4310 excus.,
1623 4264 1758 4318 προ-

174 4319 365 4385 εῖπον,
410 4321 538 4392 περὶ
577 4319 684 4372 τῶν
718 4321 811 4392 τοῦ
851 4319 1160 4390 Δημητρίου
1202 4320 1602 4392 προσκυνήσας,
1639 4333 1760 4392 quae

175 4410 262 4447 vrx
295 4388 519 4447 saniora
554 4401 702 4444 sunt.
738 4388 1164 4458 Montacut.’pro
1196 4388 1323 4459 περὶ
1356 4388 1450 4440 τοῦ
1476 4391 1612 4458 Δημ.
1653 4389 1755 4456 leg.

176 4464 329 4531 παρὰ
378 4460 472 4514 τοῦ
519 4462 658 4531 Δημ.
715 4461 1064 4514 Emendatior
1109 4461 1261 4531 locus
1311 4459 1434 4531 erit,
1491 4459 1544 4531 si
1592 4459 1756 4531 leges,

178 4527 362 4594 καθὼς
393 4527 673 4601 προεῖπον,
707 4531 1041 4600 τούτων,(γρΙ
1071 4530 1263 4592 ταῦτα)
1297 4529 1424 4601 περὶ
1454 4527 1548 4601 τού
1576 4530 1760 4601 Δημη-

177 4606 355 4674 τρίου,
381 4597 906 4674 προσκυνήσαςᾉγιξι
935 4597 1455 4674 ’προσκυνῂσαφ
1492 4597 1758 4674 Namdo-

178 4669 384 4744 sophus
416 4669 487 4744 ita
518 4673 705 4726 scribit
725 4689 753 4744 :7
778 4669 1115 4744 Παραλαϐὼν
1141 4669 1195 4723 δὲ
1227 4669 1402 4744 ⁸ταῦτα
1431 4671 1458 4721 ό
1488 4669 1757 4744 βασιλεὺς,

180 4740 330 4815 παρὰ
361 4741 458 4815 τοῦ
504 4743 838 4815 Δημητρίου,
869 4740 1052 4815 καθῲς
1083 4740 1419 4815 προείρηται,
1444 4743 1762 4815 ’προσκρνὴ-

181 4809 276 4878 σας
301 4814 508 4875 αὐτοῖς,
546 4809 838 4866 domum
871 4822 923 4865 et
945 4809 1222 4873 αὑτοῖςίίο
1254 4811 1408 4863 libris
1444 4810 1576 4878 ipsis
1607 4809 1764 4863 Gele-

181 4887 307 4940 nius
336 4883 608 4948 intell'git.
644 4880 760 4935 Non
791 4883 1058 4951 improbo.
1093 4880 1280 4934 Melius
1315 4889 1492 4933 tamen
1527 4879 1759 4951 fortasse

182 4935 462 5010 deirerhis
497 4935 751 5008 ﬁentetrii
788 4935 1053 5020 accipias,
1096 4951 1294 5019 quibus
1325 4947 1757 5008 auditis.'Ptole-
1788 4935 1833 4991 Ῐ)

184 5039 356 5079 magus
387 5033 574 5078 sancta
599 5026 850 5091 quadam,
876 5032 936 5075 ut
968 5025 1043 5085 fit,
1069 5020 1424 5074 admiratione
1450 5023 1752 5088 perculsus,

186 5093 580 5154 vcnerabundo
608 5094 822 5156 similis,
855 5102 950 5148 aut
980 5095 1030 5145 in
1058 5107 1232 5161 genua
1263 5091 1631 5159 procubuerit.
1663 5100 1757 5144 aut

184 5167 361 5219 simile
390 5164 521 5231 quid
557 5165 724 5230 egerit
759 5182 772 5217 :
807 5180 930 5217 nam
978 5165 1235 5216 continuo
1271 5163 1516 5228 sequitur
1542 5161 1650 5213 τῶν
1679 5162 1758 5232 βι-

185 5236 368 5296 ϐλίων,
400 5250 524 5288 cum
555 5235 756 5303 alioqui
798 5235 974 5303 potius
1006 5234 1072 5286 τὰ
1106 5232 1282 5303 βιϐλία
1333 5248 1431 5303 pro
1457 5232 1644 5303 Αταύτα
1671 5233 1757 5303 rli-

186 5319 303 5358 cere
353 5305 660 5367 debuisset,
684 5301 775 5358 _ac
800 5301 1000 5358 deinde
1047 5302 1223 5355 αὐτῶν
1273 5302 1370 5370 pr'o
1400 5301 1506 5354 τῶν
1538 5301 1757 5370 βιϐλίων

186 5377 536 5443 subjungrre.
567 5372 724 5428 Philo
754 5390 971 5442 quoque
1004 5375 1096 5426 lib.
1129 5389 1165 5425 ll
1206 5372 1277 5423 De
1306 5374 1414 5424 vita
1443 5372 1658 5440 Moysis,
1694 5374 1760 5426 de

189 5446 252 5515 iis
279 5445 377 5515 qui
415 5443 667 5499 Graecam
692 5447 829 5500 hanc
859 5444 1054 5499 divina:
1085 5443 1216 5515 legis
1240 5443 1756 5515 interpretationem,

190 5512 438 5576 Hebimo,
480 5515 582 5578 vel,
615 5525 674 5568 ut
699 5516 951 5584 appellat,
980 5514 1231 5568 Chaldzeo
1266 5512 1397 5584 fonti
1427 5514 1756 5584 simillimam

189 5600 307 5638 cum
351 5585 714 5638 admiratione
736 5581 1178 5654 Venerarcntur,
1205 5582 1470 5654 Καθάπερ
1491 5581 1756 5654 ἀδελφὰς,

191 5655 387 5725 inquit,
418 5654 620 5725 μᾶλλον
651 5655 726 5714 δὲ,
751 5656 825 5726 ὡς
857 5656 983 5726 μίαν
1011 5654 1103 5706 καὶ
1131 5652 1227 5726 τὴν
1259 5652 1450 5722 αὐτὴν,
1475 5653 1530 5705 ἕν
1560 5670 1618 5705 τε
1651 5655 1759 5715 τοῖς

195 5722 500 5796 πράγμασι,
533 5726 626 5778 καὶ
658 5728 768 5789 τοῖς
793 5722 1046 5795 ὀνόμασι,
1073 5722 1359 5796 τεθήπασι,
1395 5725 1488 5796 καὶ
1520 5739 1758 5796 προσκυέ

194 5792 353 5850 adiat;
388 5797 487 5867 οὐχ
538 5797 791 5865 ἑρμηνεῖς
825 5792 1081 5859 ἐκείνους,
1128 5792 1240 5847 ἀλλ’
1279 5792 1618 5864 ἱεροφάντας,
1667 5794 1758 5846 καὶ

2456 2223 2686 2282 CAPUT
2721 2224 2807 2279 Vl.

1885 2337 1970 2392 Ea:
1997 2339 2218 2394 ΡΙιὶιοηε
2241 2355 2304 2394 ae
2327 2337 2636 2392 Judworum
2670 2353 2735 2391 ea:
2770 2334 3008 2407 ngypta
3035 2336 3384 2406 profectione.

1931 2534 1950 2566 α
1981 2514 2292 2579 Enimvero,
2324 2514 2768 2584 antiquissrmum
2792 2528 3006 2583 generis
3034 2518 3313 2582 parentem
3339 2512 3426 2568 sui

1850 2624 1917 2663 ex
1947 2607 2218 2664 Chaldaeis
2247 2606 2543 2662 oriundum
2573 2621 2716 2669 esse,
2740 2606 2885 2659 hunc
2909 2619 3038 2658 vero
3068 2605 3328 2674 populum
3355 2620 3423 2659 ex

1854 2700 2112 2773 Egypto,
2146 2700 2199 2755 in
2234 2716 2399 2770 quam
2421 2715 2488 2754 ex
2534 2698 2690 2771 Syria
2715 2699 2828 2769 jam
2868 2697 3000 2752 olim
3034 2700 3428 2766 commigrave-

1851 2805 1938 2849 rat
1959 2792 2286 2865 profectum,
2315 2793 2514 2864 partim
2551 2791 2698 2862 quod
2731 2806 2858 2846 eum
2918 2790 3128 2844 infinita
3180 2789 3430 2844 multitu-

1853 2888 1980 2944 dine
2009 2898 2230 2944 auctum
2263 2897 2406 2944 terra
2430 2888 2520 2942 illa
2553 2903 2663 2943 non
2691 2896 2930 2958 caperet,
2963 2891 3162 2958 partim
3195 2887 3343 2958 quod
3367 2888 3414 2943 is

1855 2989 2236 3052 exaggeratam
2261 2979 2431 3034 animi
2473 2982 2582 3034 vim
2611 2987 2667 3035 et
2700 2980 3132 3050 magnitudinem
3179 2981 3248 3036 ab
3293 2978 3428 3034 edu-

1854 3075 2074 3130 catione
2123 3074 2239 3145 ipsa
2285 3073 2538 3128 haustam
2585 3070 2827 3140 foveret,
2855 3073 3054 3143 partim
3103 3073 3250 3143 quod
3283 3072 3428 3129 Deus

1855 3167 1978 3237 ipse,
2025 3181 2136 3221 non
2184 3166 2348 3220 modo
2396 3173 2506 3218 tam
2537 3164 2692 3229 visis,
2718 3179 2884 3234 quam
2935 3164 3187 3231 somniis,
3240 3178 3336 3219 eos
3357 3164 3426 3219 ad

1855 3262 2235 3334 emigrandum
2265 3261 2543 3325 invitaret,
2570 3259 2664 3315 sed
2687 3259 2853 3314 etiam
2892 3259 3022 3329 (quo
3057 3258 3277 3314 stimulo
3321 3273 3428 3314 non

1857 3354 2237 3410 vehementior
2272 3353 2415 3407 alius
2449 3351 2582 3422 fuit)
2613 3351 2937 3407 ardensillis
2967 3351 3205 3421 antiqua:
3241 3351 3431 3422 patria:

1857 3446 2184 3502 desiderium
2223 3445 2499 3514 iniecisset
2529 3461 2543 3497 :
2570 3458 2635 3498 ex
2663 3459 2770 3514 qua
2822 3443 3087 3498 nimirum
3124 3444 3213 3499 ille
3267 3459 3431 3515 gene-

1857 3536 1934 3590 ris
1958 3537 2041 3591 sui
2069 3539 2339 3609 princeps,
2365 3554 2488 3594 cum
2516 3539 2568 3592 in
2595 3537 2888 3609 Egyptum
2913 3548 3290 3602 commeasset,
3318 3540 3433 3595 sive

1859 3630 2005 3698 quod
2039 3631 2109 3684 ita
2141 3629 2252 3686 Deo
2275 3631 2570 3695 videretur,
2600 3631 2712 3686 sive
2738 3632 2950 3687 occulta
2974 3632 3210 3702 quadam
3240 3632 3432 3688 Provi-

1859 3721 2054 3776 dentia:
2093 3724 2167 3786 vi,
2197 3733 2425 3778 caeteros
2461 3739 2652 3778 omnes
2675 3724 2809 3778 adeo
2839 3724 3005 3779 sortis
3039 3723 3300 3779 felicitate
3333 3740 3430 3780 su-

1860 3824 2140 3884 perasset;
2179 3825 2237 3869 ut
2261 3817 2330 3870 ab
2357 3817 2448 3870 illo
2485 3826 2726 3888 tempore
2770 3818 2821 3871 in
2873 3817 3198 3871 hodiernum
3259 3832 3434 3886 usque

1860 3907 2023 3974 diem,
2056 3908 2506 3964 constantissime
2529 3917 2821 3979 propagata
2857 3923 2990 3980 gens
3015 3909 3103 3962 illa
3137 3909 3229 3974 sit,
3264 3917 3319 3963 et
3351 3906 3434 3964 fe-

1860 4105 2145 4176 προφήτας
2196 4106 2706 4178 προσαγορεύοντες.
2739 4105 2882 4162 luem
2927 4115 3073 4171 ante,
3105 4114 3174 4178 de
3210 4109 3429 4178 Iudaeo-

1859 4193 1981 4232 rum
2011 4191 2194 4249 annuo
2223 4177 2562 4249 Solemnique
2585 4178 2791 4248 jejunio
2810 4218 2824 4241 ,
2851 4178 2935 4242 τίς
2981 4179 3037 4232 δὲ
3068 4177 3433 4249 τὴνολεγομέ-

1861 4265 1957 4320 νην
1983 4247 2233 4317 νηστείαν
2261 4248 2320 4300 οὐ
2349 4247 2569 4318 τέθηπε,
2590 4247 2696 4301 καὶ
2722 4252 3042 4338 προσκυνεῖ;

1936 4317 2043 4338 [μοι
2093 4317 2429 4338 ον’..-ιιΑῌΛῌΨ
2527 4318 2701 4338 Il_lf_._
2803 4320 2974 4338 A,n,,,
3010 4321 3042 4338 ν·

1934 4317 2045 4388 (52)
2093 4317 2492 4388 Ὑπογθετικῶς.
2526 4318 2705 4372 Malim
2761 4317 3128 4384 ὑποθετικῶν,
3164 4335 3231 4375 ex
3263 4319 3436 4375 altero

1861 4387 1965 4443 ms.
1998 4387 2186 4456 Hegio.
2218 4387 2327 4459 Nec
2374 4397 2553 4443 tamen
2606 4390 2737 4444 satis
2785 4399 3034 4453 constat,
3077 4391 3220 4458 quod
3253 4390 3434 4459 operis

1863 4475 2034 4528 genus
2065 4459 2193 4511 illud
2227 4457 2408 4523 fuerit,
2443 4475 2564 4528 quae
2603 4459 2938 4514 Ὑποθετικά
2966 4457 3122 4514 Philo
3149 4457 3436 4528 inscripse-

1862 4531 1952 4582 rit.
1989 4528 2144 4600 Quod
2199 4528 2244 4584 si
2289 4545 2354 4583 ex
2400 4531 2652 4600 praesenti
2704 4529 3008 4600 fragmento
3063 4533 3435 4597 conjecturam

1863 4600 2062 4654 ducere
2097 4599 2278 4663 liceat,
2319 4601 2369 4653 id
2403 4599 2450 4653 ei
2483 4601 2751 4668 placuisse
2789 4599 2988 4654 nomen
3023 4601 3253 4663 videtur,
3287 4601 3434 4667 quod

1862 4669 1969 4724 hoc
2000 4670 2052 4722 in
2091 4686 2274 4740 opere,
2322 4670 2441 4724 καθ’
2485 4671 2772 4735 ὑπόθεσιν,
2805 4671 3157 4740 utplurimum
3191 4671 3438 4738 disputa-

1862 4749 1968 4799 ret,
2001 4756 2064 4794 ac
2097 4739 2406 4809 frequenter
2429 4741 2741 4796 dilemmate
2773 4739 3076 4811 prOposito,
3115 4741 3435 4796 alterutrius

1863 4811 2035 4880 partis
2082 4816 2353 4878 optionem
2403 4811 2583 4879 daret;
2618 4813 2698 4866 sic
2725 4822 2928 4876 tamen,
2965 4822 3023 4865 ut
3070 4827 3137 4866 ex
3182 4821 3432 4875 utraque,

1864 4883 2210 4962 postmodum
2239 4881 2358 4934 καθ’
2395 4881 2657 4962 ὑπόθεσιν,
2682 4883 2957 4954 ingeniose
2988 4891 3240 4948 tractata,
3275 4897 3432 4937 suam

1862 4955 1915 5005 in
1947 4967 2057 5004 rem
2089 4962 2405 5020 argumenta
2442 4955 2682 5008 duceret.

1932 5022 2046 5093 (55)
2075 5022 2233 5089 Πρὸς
2255 5021 2305 5074 δ’
2327 5022 2434 5087 ἔτι,
2452 5033 2554 5079 etc.
2590 5023 2740 5078 Hanc
2765 5023 2918 5078 alter.
2946 5038 3222 5078 manuscr.
3255 5022 3437 5076 lectio-

1860 5108 1985 5147 nem
2023 5095 2180 5146 editze
2206 5095 2563 5161 praetulimus,
2589 5095 2643 5147 in
2686 5111 2814 5164 qua,
2848 5109 2946 5163 pro
2977 5094 3434 5164 ἐντεθραμμένον,

1862 5164 2146 5232 legebatur
2180 5164 2273 5218 καὶ
2299 5163 2819 5236 τεθραμμένονζυὺί
2842 5164 3084 5236 νεότητα
3104 5206 3118 5228 ,
3134 5163 3267 5218 meo
3291 5163 3438 5236 judi-_-

1862 5230 1977 5298 cio,
2007 5236 2086 5289 sic
2112 5230 2408 5303 acceperit,
2436 5230 2494 5289 ut
2519 5230 2780 5295 'animosa
2831 5234 2944 5290 fere
2989 5230 3172 5289 omnia
3213 5230 3440 5292 νεανικά
3490 5289 3492 5291 ς

1864 5305 1970 5376 dici
2023 5306 2216 5376 solent.
2265 5303 2629 5376 Quanquam,
2682 5315 2741 5358 ut
2791 5320 2975 5359 verum
3024 5304 3436 5376 fatear,y56:q;

1865 5374 1994 5436 ista,
2024 5375 2158 5428 mihi
2194 5377 2410 5443 quidem
2444 5374 2599 5429 'nova
2655 5376 2883 5428 nimium
2915 5383 3016 5428 est.
3053 5375 3192 5440 Quid
3222 5375 3265 5429 si
3305 5388 3437 5440 ergo

1869 5445 2155 5567 legeretur,
2193 5446 2328 5516 πρὸς
2366 5445 2431 5510 δ’,
2471 5449 2526 5498 ὲν
2555 5449 2620 5516 τῇ
2669 5445 2880 5516 νεότητι
2913 5444 3307 5515 φρονηματίαν,
3345 5443 3438 5497 καὶ

1869 5533 1926 5567 τε
1968 5517 2241 5567 οαμμένον
2291 5515 2537 5567 μεγάλως
2562 5556 2576 5567 .
2613 5531 2735 5567 nam
2772 5516 3160 5567 coaitationum
3210 5531 3275 5567 ae
3308 5530 3436 5567 sen-

1868 5515 2245 5587 τεθραμμένον
2289 5515 2537 5586 μεγάλως
2562 5515 2735 5579 ,"nam
2772 5515 3160 5582 cegitationurn
3210 5531 3275 5570 ae
3308 5530 3436 5569 sen-

1868 5601 2027 5640 suum
2065 5589 2359 5641 novitatem
2391 5587 2637 5656 intelligi,
2666 5587 2754 5639 vix
2786 5593 2956 5656 estut
2985 5587 3224 5641 credam.
3301 5625 3308 5632 ν

1939 5657 2409 5730 (54)_Mers.1637r.
2461 5655 2623 5714 Forte
2669 5658 2785 5727 μετ’
2852 5655 3058 5724 ἐλθεῖν,
3105 5657 3190 5712 vel
3255 5655 3439 5730 potius

1870 5729 2004 5798 μετὰ
2032 5728 2090 5780 τὸ
2121 5727 2313 5781 ἐλθεῖν.
