  <div class='ocr_page' id='page_1' title='image "/cluster/home/n/w/nwhite01/storage/ocr_20150623/21/nnc1.0046978437/445.png"; bbox 0 0 3878 6220; ppageno 0'>
   <div class='ocr_carea' id='block_1_1' title="bbox 504 272 610 330">
    <p class='ocr_par' dir='ltr' id='par_1_1' title="bbox 504 272 610 330">
     <span class='ocr_line' id='line_1_1' title="bbox 504 272 610 330; baseline 0 0"><span class='ocrx_word' id='word_1_1' title='bbox 504 272 610 330; x_wconf 80' lang='lat'><strong>599</strong></span> 
     </span>
    </p>
   </div>
   <div class='ocr_carea' id='block_1_2' title="bbox 1135 263 3072 336">
    <p class='ocr_par' dir='ltr' id='par_1_2' title="bbox 1135 263 3072 336">
     <span class='ocr_line' id='line_1_2' title="bbox 1135 263 3072 336; baseline -0.005 -2"><span class='ocrx_word' id='word_1_2' title='bbox 1135 278 1408 336; x_wconf 67' lang='lat' dir='ltr'><strong>EUS‘EBll</strong></span> <span class='ocrx_word' id='word_1_3' title='bbox 1445 273 1926 333; x_wconf 69' lang='lat' dir='ltr'><strong>CAESARIENSIS</strong></span> <span class='ocrx_word' id='word_1_4' title='bbox 1962 271 2109 330; x_wconf 85' lang='lat' dir='ltr'><strong>OPP.</strong></span> <span class='ocrx_word' id='word_1_5' title='bbox 2150 270 2338 329; x_wconf 83' lang='lat' dir='ltr'><strong>PARS</strong></span> <span class='ocrx_word' id='word_1_6' title='bbox 2367 263 2545 329; x_wconf 73' lang='lat' dir='ltr'><strong>IL:</strong></span> <span class='ocrx_word' id='word_1_7' title='bbox 2570 270 3072 329; x_wconf 73' lang='lat' dir='ltr'><strong>APOLOGETICA.</strong></span> 
     </span>
    </p>
   </div>
   <div class='ocr_carea' id='block_1_3' title="bbox 3617 274 3715 329">
    <p class='ocr_par' dir='ltr' id='par_1_3' title="bbox 3617 274 3715 329">
     <span class='ocr_line' id='line_1_3' title="bbox 3617 274 3715 329; baseline -0.041 0"><span class='ocrx_word' id='word_1_8' title='bbox 3617 274 3715 329; x_wconf 71' lang='lat'><strong>600</strong></span> 
     </span>
    </p>
   </div>
   <div class='ocr_carea' id='block_1_4' title="bbox 501 386 2027 462">
    <p class='ocr_par' dir='ltr' id='par_1_4' title="bbox 501 386 2025 462">
     <span class='ocr_line' id='line_1_4' title="bbox 501 386 2025 462; baseline 0.001 -18"><span class='ocrx_word' id='word_1_9' title='bbox 501 386 779 446; x_wconf 74' lang='lat' dir='ltr'><strong>cunditate</strong></span> <span class='ocrx_word' id='word_1_10' title='bbox 807 391 1014 449; x_wconf 86' lang='lat' dir='ltr'><strong>sobolis</strong></span> <span class='ocrx_word' id='word_1_11' title='bbox 1028 391 1335 449; x_wconf 85' lang='lat' dir='ltr'><strong>admirabili</strong></span> <span class='ocrx_word' id='word_1_12' title='bbox 1350 391 1652 462; x_wconf 91' lang='lat' dir='ltr'><strong>pullularit.</strong></span> <span class='ocrx_word' id='word_1_13' title='bbox 1668 412 1686 445; x_wconf 74' lang='grc' dir='ltr'><strong>ι</strong></span> <span class='ocrx_word' id='word_1_14' title='bbox 1709 390 1845 447; x_wconf 85' lang='lat' dir='ltr'><strong>Tum</strong></span> <span class='ocrx_word' id='word_1_15' title='bbox 1870 392 2025 462; x_wconf 85' lang='lat' dir='ltr'><strong>pauci</strong></span> 
     </span>
    </p>
   </div>
   <div class='ocr_carea' id='block_1_5' title="bbox 2131 386 3714 462">
    <p class='ocr_par' dir='ltr' id='par_1_5' title="bbox 2131 387 3714 462">
     <span class='ocr_line' id='line_1_5' title="bbox 2131 387 3714 462; baseline 0.001 -18"><span class='ocrx_word' id='word_1_16' title='bbox 2131 443 2135 449; x_wconf 70' lang='lat'><strong>,</strong></span> <span class='ocrx_word' id='word_1_17' title='bbox 2159 407 2281 462; x_wconf 74' lang='grc' dir='ltr'>ροςο</span> <span class='ocrx_word' id='word_1_18' title='bbox 2307 389 2450 444; x_wconf 84' lang='grc' dir='ltr'>οὐτω</span> <span class='ocrx_word' id='word_1_19' title='bbox 2482 390 2576 444; x_wconf 80' lang='grc' dir='ltr'>καὶ</span> <span class='ocrx_word' id='word_1_20' title='bbox 2607 389 2902 459; x_wconf 74' lang='grc' dir='ltr'>ἐλοιδόρουν</span> <span class='ocrx_word' id='word_1_21' title='bbox 2925 388 3094 460; x_wconf 82' lang='grc' dir='ltr'>γόητα</span> <span class='ocrx_word' id='word_1_22' title='bbox 3124 387 3218 443; x_wconf 78' lang='grc' dir='ltr'>καὶ</span> <span class='ocrx_word' id='word_1_23' title='bbox 3249 388 3511 462; x_wconf 80' lang='grc' dir='ltr'>κέρκωπα</span> <span class='ocrx_word' id='word_1_24' title='bbox 3531 388 3714 458; x_wconf 81' lang='grc' dir='ltr'>λόγων.</span> 
     </span>
    </p>
   </div>
   <div class='ocr_carea' id='block_1_6' title="bbox 406 476 2027 567">
    <p class='ocr_par' dir='ltr' id='par_1_6' title="bbox 406 479 2027 567">
     <span class='ocr_line' id='line_1_6' title="bbox 406 479 2027 567; baseline 0.002 -32"><span class='ocrx_word' id='word_1_25' title='bbox 406 502 419 535; x_wconf 81' lang='lat'>:</span> <span class='ocrx_word' id='word_1_26' title='bbox 498 479 819 550; x_wconf 73' lang='lat' dir='ltr'><strong>interiectis,</strong></span> <span class='ocrx_word' id='word_1_27' title='bbox 850 503 869 536; x_wconf 74' lang='grc' dir='ltr'><strong>ι</strong></span> <span class='ocrx_word' id='word_1_28' title='bbox 892 484 971 539; x_wconf 82' lang='lat' dir='ltr'><strong>Ac</strong></span> <span class='ocrx_word' id='word_1_29' title='bbox 985 485 1161 567; x_wconf 82' lang='lat' dir='ltr'><strong>virum</strong></span> <span class='ocrx_word' id='word_1_30' title='bbox 1181 483 1418 555; x_wconf 89' lang='lat' dir='ltr'><strong>quidem,</strong></span> <span class='ocrx_word' id='word_1_31' title='bbox 1437 482 1611 555; x_wconf 91' lang='lat' dir='ltr'><strong>inquit</strong></span> <span class='ocrx_word' id='word_1_32' title='bbox 1632 483 1741 549; x_wconf 91' lang='lat' dir='ltr'><strong>ille,</strong></span> <span class='ocrx_word' id='word_1_33' title='bbox 1770 481 2027 551; x_wconf 78' lang='lat' dir='ltr'><strong>profectio</strong></span> 
     </span>
    </p>
   </div>
   <div class='ocr_carea' id='block_1_7' title="bbox 2131 476 3716 567">
    <p class='ocr_par' dir='ltr' id='par_1_7' title="bbox 2156 476 3716 554">
     <span class='ocr_line' id='line_1_7' title="bbox 2156 476 3716 554; baseline -0.001 -17"><span class='ocrx_word' id='word_1_34' title='bbox 2156 481 2344 553; x_wconf 83' lang='grc' dir='ltr'>Καλῆς</span> <span class='ocrx_word' id='word_1_35' title='bbox 2371 481 2551 552; x_wconf 85' lang='grc' dir='ltr'>μέντοι</span> <span class='ocrx_word' id='word_1_36' title='bbox 2582 481 2835 554; x_wconf 81' lang='grc' dir='ltr'><strong>γοητείας</strong></span> <span class='ocrx_word' id='word_1_37' title='bbox 2862 482 2955 535; x_wconf 74' lang='grc' dir='ltr'><strong>καὶ</strong></span> <span class='ocrx_word' id='word_1_38' title='bbox 2980 481 3332 554; x_wconf 80' lang='grc' dir='ltr'><strong>πανουργίας,</strong></span> <span class='ocrx_word' id='word_1_39' title='bbox 3352 478 3422 545; x_wconf 66' lang='lat' dir='ltr'><strong>ea</strong></span> <span class='ocrx_word' id='word_1_40' title='bbox 3449 476 3516 553; x_wconf 79' lang='grc' dir='ltr'>ἧς</span> <span class='ocrx_word' id='word_1_41' title='bbox 3545 481 3634 535; x_wconf 91' lang='grc' dir='ltr'><strong>τόν</strong></span> <span class='ocrx_word' id='word_1_42' title='bbox 3655 499 3716 549; x_wconf 85' lang='grc' dir='ltr'><strong>γε</strong></span> 
     </span>
    </p>
   </div>
   <div class='ocr_carea' id='block_1_8' title="bbox 505 572 2058 644">
    <p class='ocr_par' dir='ltr' id='par_1_8' title="bbox 505 572 2058 644">
     <span class='ocr_line' id='line_1_8' title="bbox 505 572 2058 644; baseline 0.003 -18"><span class='ocrx_word' id='word_1_43' title='bbox 505 572 594 628; x_wconf 88' lang='lat' dir='ltr'><strong>nis</strong></span> <span class='ocrx_word' id='word_1_44' title='bbox 617 574 782 629; x_wconf 85' lang='lat' dir='ltr'><strong>simul</strong></span> <span class='ocrx_word' id='word_1_45' title='bbox 813 573 1130 644; x_wconf 76' lang='lat' dir='ltr'><strong>itinerisque</strong></span> <span class='ocrx_word' id='word_1_46' title='bbox 1172 575 1364 629; x_wconf 87' lang='lat' dir='ltr'><strong>ducem</strong></span> <span class='ocrx_word' id='word_1_47' title='bbox 1406 575 1663 639; x_wconf 86' lang='lat' dir='ltr'><strong>habuere,</strong></span> <span class='ocrx_word' id='word_1_48' title='bbox 1694 573 1827 628; x_wconf 89' lang='lat' dir='ltr'><strong>nihil</strong></span> <span class='ocrx_word' id='word_1_49' title='bbox 1869 574 2058 630; x_wconf 88' lang='lat' dir='ltr'><strong>admo-</strong></span> 
     </span>
    </p>
   </div>
   <div class='ocr_carea' id='block_1_9' title="bbox 495 665 2051 738">
    <p class='ocr_par' dir='ltr' id='par_1_9' title="bbox 495 665 2051 738">
     <span class='ocr_line' id='line_1_9' title="bbox 495 665 2051 738; baseline 0.001 -19"><span class='ocrx_word' id='word_1_50' title='bbox 495 665 731 734; x_wconf 69' lang='lat' dir='ltr'><strong>dum,si</strong></span> <span class='ocrx_word' id='word_1_51' title='bbox 781 667 858 722; x_wconf 89' lang='lat' dir='ltr'><strong>ita</strong></span> <span class='ocrx_word' id='word_1_52' title='bbox 903 665 1021 731; x_wconf 85' lang='lat' dir='ltr'><strong>vis,</strong></span> <span class='ocrx_word' id='word_1_53' title='bbox 1054 666 1335 722; x_wconf 84' lang='lat' dir='ltr'><strong>hominum</strong></span> <span class='ocrx_word' id='word_1_54' title='bbox 1386 666 1547 738; x_wconf 80' lang='lat' dir='ltr'><strong>vulgo</strong></span> <span class='ocrx_word' id='word_1_55' title='bbox 1597 666 2051 722; x_wconf 85' lang='lat' dir='ltr'><strong>excellentiorem.</strong></span> 
     </span>
    </p>
   </div>
   <div class='ocr_carea' id='block_1_10' title="bbox 493 754 2056 828">
    <p class='ocr_par' dir='ltr' id='par_1_10' title="bbox 493 754 2056 828">
     <span class='ocr_line' id='line_1_10' title="bbox 493 754 2056 828; baseline -0.001 -16"><span class='ocrx_word' id='word_1_56' title='bbox 493 754 629 812; x_wconf 86' lang='lat' dir='ltr'><strong>Nam</strong></span> <span class='ocrx_word' id='word_1_57' title='bbox 662 772 787 813; x_wconf 91' lang='lat' dir='ltr'><strong>eum</strong></span> <span class='ocrx_word' id='word_1_58' title='bbox 823 757 1216 828; x_wconf 75' lang='lat' dir='ltr'><strong>praestigiarum</strong></span> <span class='ocrx_word' id='word_1_59' title='bbox 1241 772 1477 827; x_wconf 88' lang='lat' dir='ltr'><strong>quoque,</strong></span> <span class='ocrx_word' id='word_1_60' title='bbox 1500 772 1563 812; x_wconf 91' lang='lat' dir='ltr'><strong>ac</strong></span> <span class='ocrx_word' id='word_1_61' title='bbox 1581 757 1915 811; x_wconf 69' lang='lat' dir='ltr'><strong>veteratoriae</strong></span> <span class='ocrx_word' id='word_1_62' title='bbox 1932 772 2056 811; x_wconf 86' lang='lat' dir='ltr'><strong>ora-</strong></span> 
     </span>
    </p>
   </div>
   <div class='ocr_carea' id='block_1_11' title="bbox 492 846 2054 917">
    <p class='ocr_par' dir='ltr' id='par_1_11' title="bbox 492 846 2054 917">
     <span class='ocr_line' id='line_1_11' title="bbox 492 846 2054 917; baseline 0.001 -16"><span class='ocrx_word' id='word_1_63' title='bbox 492 847 657 904; x_wconf 88' lang='lat' dir='ltr'><strong>tionis</strong></span> <span class='ocrx_word' id='word_1_64' title='bbox 688 847 1090 903; x_wconf 86' lang='lat' dir='ltr'><strong>insimulabant.</strong></span> <span class='ocrx_word' id='word_1_65' title='bbox 1118 846 1317 904; x_wconf 88' lang='lat' dir='ltr'><strong>Demus</strong></span> <span class='ocrx_word' id='word_1_66' title='bbox 1350 849 1402 903; x_wconf 89' lang='lat' dir='ltr'><strong>id</strong></span> <span class='ocrx_word' id='word_1_67' title='bbox 1440 864 1600 914; x_wconf 89' lang='lat' dir='ltr'><strong>vero,</strong></span> <span class='ocrx_word' id='word_1_68' title='bbox 1634 849 1727 903; x_wconf 89' lang='lat' dir='ltr'><strong>sed</strong></span> <span class='ocrx_word' id='word_1_69' title='bbox 1756 846 2054 917; x_wconf 64' lang='lat' dir='ltr'><strong>praestigias</strong></span> 
     </span>
    </p>
   </div>
   <div class='ocr_carea' id='block_1_12' title="bbox 493 939 2052 1013">
    <p class='ocr_par' dir='ltr' id='par_1_12' title="bbox 493 939 2052 1013">
     <span class='ocr_line' id='line_1_12' title="bbox 493 939 2052 1013; baseline 0 -19"><span class='ocrx_word' id='word_1_70' title='bbox 493 940 698 1011; x_wconf 84' lang='lat' dir='ltr'><strong>accipe,</strong></span> <span class='ocrx_word' id='word_1_71' title='bbox 727 939 892 1013; x_wconf 76' lang='lat'><strong>356</strong></span> <span class='ocrx_word' id='word_1_72' title='bbox 916 941 1322 1011; x_wconf 87' lang='lat' dir='ltr'><strong>versutiamque</strong></span> <span class='ocrx_word' id='word_1_73' title='bbox 1364 940 1715 1004; x_wconf 83' lang='lat' dir='ltr'><strong>laudabilem,</strong></span> <span class='ocrx_word' id='word_1_74' title='bbox 1748 954 1859 1010; x_wconf 89' lang='lat' dir='ltr'><strong>qua</strong></span> <span class='ocrx_word' id='word_1_75' title='bbox 1884 955 2052 1010; x_wconf 85' lang='lat' dir='ltr'><strong>popu-</strong></span> 
     </span>
    </p>
   </div>
   <div class='ocr_carea' id='block_1_13' title="bbox 488 1029 2051 1100">
    <p class='ocr_par' dir='ltr' id='par_1_13' title="bbox 488 1029 2051 1100">
     <span class='ocr_line' id='line_1_13' title="bbox 488 1029 2051 1100; baseline 0 -16"><span class='ocrx_word' id='word_1_76' title='bbox 488 1030 601 1085; x_wconf 88' lang='lat' dir='ltr'><strong>lum</strong></span> <span class='ocrx_word' id='word_1_77' title='bbox 631 1030 1105 1097; x_wconf 87' lang='lat' dir='ltr'><strong>universum,siti,</strong></span> <span class='ocrx_word' id='word_1_78' title='bbox 1149 1029 1315 1097; x_wconf 85' lang='lat' dir='ltr'><strong>fame,</strong></span> <span class='ocrx_word' id='word_1_79' title='bbox 1343 1030 1554 1085; x_wconf 86' lang='lat' dir='ltr'><strong>viarum</strong></span> <span class='ocrx_word' id='word_1_80' title='bbox 1593 1030 1954 1100; x_wconf 80' lang='lat' dir='ltr'><strong>ignoratione,</strong></span> <span class='ocrx_word' id='word_1_81' title='bbox 1987 1044 2051 1084; x_wconf 87' lang='lat' dir='ltr'><strong>ac</strong></span> 
     </span>
    </p>
   </div>
   <div class='ocr_carea' id='block_1_14' title="bbox 487 1118 2049 1192">
    <p class='ocr_par' dir='ltr' id='par_1_14' title="bbox 487 1118 2049 1192">
     <span class='ocr_line' id='line_1_14' title="bbox 487 1118 2049 1192; baseline -0.001 -18"><span class='ocrx_word' id='word_1_82' title='bbox 487 1134 670 1175; x_wconf 79' lang='lat' dir='ltr'><strong>aerum</strong></span> <span class='ocrx_word' id='word_1_83' title='bbox 701 1120 948 1175; x_wconf 92' lang='lat' dir='ltr'><strong>omnium</strong></span> <span class='ocrx_word' id='word_1_84' title='bbox 988 1121 1215 1192; x_wconf 90' lang='lat' dir='ltr'><strong>penuria</strong></span> <span class='ocrx_word' id='word_1_85' title='bbox 1246 1120 1604 1185; x_wconf 88' lang='lat' dir='ltr'><strong>laborantem,</strong></span> <span class='ocrx_word' id='word_1_86' title='bbox 1637 1118 1860 1189; x_wconf 84' lang='lat' dir='ltr'><strong>perinde</strong></span> <span class='ocrx_word' id='word_1_87' title='bbox 1906 1127 1963 1173; x_wconf 92' lang='lat' dir='ltr'><strong>ut</strong></span> <span class='ocrx_word' id='word_1_88' title='bbox 1993 1119 2049 1173; x_wconf 91' lang='lat' dir='ltr'><strong>in</strong></span> 
     </span>
    </p>
   </div>
   <div class='ocr_carea' id='block_1_15' title="bbox 486 1210 2049 1281">
    <p class='ocr_par' dir='ltr' id='par_1_15' title="bbox 486 1210 2049 1281">
     <span class='ocr_line' id='line_1_15' title="bbox 486 1210 2049 1281; baseline 0 -14"><span class='ocrx_word' id='word_1_89' title='bbox 486 1228 699 1268; x_wconf 88' lang='lat' dir='ltr'><strong>summa</strong></span> <span class='ocrx_word' id='word_1_90' title='bbox 728 1219 1048 1268; x_wconf 88' lang='lat' dir='ltr'><strong>cunctorum</strong></span> <span class='ocrx_word' id='word_1_91' title='bbox 1085 1212 1351 1267; x_wconf 89' lang='lat' dir='ltr'><strong>bonorum</strong></span> <span class='ocrx_word' id='word_1_92' title='bbox 1409 1210 1735 1267; x_wconf 86' lang='lat' dir='ltr'><strong>abundantia</strong></span> <span class='ocrx_word' id='word_1_93' title='bbox 1769 1220 1822 1266; x_wconf 92' lang='lat' dir='ltr'><strong>ct</strong></span> <span class='ocrx_word' id='word_1_94' title='bbox 1853 1226 2049 1281; x_wconf 88' lang='lat' dir='ltr'><strong>suppe-</strong></span> 
     </span>
    </p>
   </div>
   <div class='ocr_carea' id='block_1_16' title="bbox 482 1302 2045 1374">
    <p class='ocr_par' dir='ltr' id='par_1_16' title="bbox 482 1302 2045 1374">
     <span class='ocr_line' id='line_1_16' title="bbox 482 1302 2045 1374; baseline -0.001 -16"><span class='ocrx_word' id='word_1_95' title='bbox 482 1304 655 1359; x_wconf 89' lang='lat' dir='ltr'><strong>ditato</strong></span> <span class='ocrx_word' id='word_1_96' title='bbox 685 1303 754 1358; x_wconf 91' lang='lat' dir='ltr'><strong>ab</strong></span> <span class='ocrx_word' id='word_1_97' title='bbox 777 1303 1077 1374; x_wconf 87' lang='lat' dir='ltr'><strong>interjectis</strong></span> <span class='ocrx_word' id='word_1_98' title='bbox 1114 1303 1426 1358; x_wconf 81' lang='lat' dir='ltr'><strong>nationibus</strong></span> <span class='ocrx_word' id='word_1_99' title='bbox 1453 1311 1762 1359; x_wconf 89' lang='lat' dir='ltr'><strong>commeatu</strong></span> <span class='ocrx_word' id='word_1_100' title='bbox 1783 1341 1799 1367; x_wconf 94' lang='lat'><strong>,</strong></span> <span class='ocrx_word' id='word_1_101' title='bbox 1837 1302 2045 1359; x_wconf 88' lang='lat' dir='ltr'><strong>salvum</strong></span> 
     </span>
    </p>
   </div>
   <div class='ocr_carea' id='block_1_17' title="bbox 482 1394 2045 1464">
    <p class='ocr_par' dir='ltr' id='par_1_17' title="bbox 482 1394 2045 1464">
     <span class='ocr_line' id='line_1_17' title="bbox 482 1394 2045 1464; baseline 0 -15"><span class='ocrx_word' id='word_1_102' title='bbox 482 1403 537 1450; x_wconf 93' lang='lat' dir='ltr'><strong>et</strong></span> <span class='ocrx_word' id='word_1_103' title='bbox 555 1394 880 1449; x_wconf 90' lang='lat' dir='ltr'><strong>incolumem</strong></span> <span class='ocrx_word' id='word_1_104' title='bbox 931 1394 1215 1464; x_wconf 63' lang='lat' dir='ltr'><strong>praestitit;</strong></span> <span class='ocrx_word' id='word_1_105' title='bbox 1258 1409 1447 1450; x_wconf 88' lang='lat' dir='ltr'><strong>verum</strong></span> <span class='ocrx_word' id='word_1_106' title='bbox 1493 1396 1656 1449; x_wconf 90' lang='lat' dir='ltr'><strong>etiam</strong></span> <span class='ocrx_word' id='word_1_107' title='bbox 1706 1395 1856 1449; x_wconf 91' lang='lat' dir='ltr'><strong>illum</strong></span> <span class='ocrx_word' id='word_1_108' title='bbox 1905 1404 1966 1450; x_wconf 92' lang='lat' dir='ltr'><strong>ut</strong></span> <span class='ocrx_word' id='word_1_109' title='bbox 2014 1412 2045 1449; x_wconf 91' lang='lat' dir='ltr'><strong>a</strong></span> 
     </span>
    </p>
   </div>
   <div class='ocr_carea' id='block_1_18' title="bbox 481 1486 2044 1552">
    <p class='ocr_par' dir='ltr' id='par_1_18' title="bbox 481 1486 2044 1552">
     <span class='ocr_line' id='line_1_18' title="bbox 481 1486 2044 1552; baseline 0 -10"><span class='ocrx_word' id='word_1_110' title='bbox 481 1486 688 1547; x_wconf 84' lang='lat' dir='ltr'><strong>mutuis</strong></span> <span class='ocrx_word' id='word_1_111' title='bbox 718 1487 1024 1543; x_wconf 90' lang='lat' dir='ltr'><strong>animorum</strong></span> <span class='ocrx_word' id='word_1_112' title='bbox 1057 1486 1299 1543; x_wconf 89' lang='lat' dir='ltr'><strong>dissidiis</strong></span> <span class='ocrx_word' id='word_1_113' title='bbox 1323 1487 1553 1543; x_wconf 91' lang='lat' dir='ltr'><strong>liberum</strong></span> <span class='ocrx_word' id='word_1_114' title='bbox 1585 1486 1792 1552; x_wconf 90' lang='lat' dir='ltr'><strong>habuit,</strong></span> <span class='ocrx_word' id='word_1_115' title='bbox 1837 1487 1910 1541; x_wconf 90' lang='lat' dir='ltr'><strong>ita</strong></span> <span class='ocrx_word' id='word_1_116' title='bbox 1941 1488 2044 1549; x_wconf 89' lang='lat' dir='ltr'><strong>sibi</strong></span> 
     </span>
    </p>
   </div>
   <div class='ocr_carea' id='block_1_19' title="bbox 482 1578 2043 1649">
    <p class='ocr_par' dir='ltr' id='par_1_19' title="bbox 482 1578 2043 1649">
     <span class='ocr_line' id='line_1_19' title="bbox 482 1578 2043 1649; baseline 0.001 -17"><span class='ocrx_word' id='word_1_117' title='bbox 482 1579 646 1634; x_wconf 83' lang='lat' dir='ltr'><strong>rebus</strong></span> <span class='ocrx_word' id='word_1_118' title='bbox 679 1578 733 1635; x_wconf 91' lang='lat' dir='ltr'><strong>in</strong></span> <span class='ocrx_word' id='word_1_119' title='bbox 760 1578 1017 1635; x_wconf 90' lang='lat' dir='ltr'><strong>omnibus</strong></span> <span class='ocrx_word' id='word_1_120' title='bbox 1054 1579 1464 1648; x_wconf 85' lang='lat' dir='ltr'><strong>obsequentem.</strong></span> <span class='ocrx_word' id='word_1_121' title='bbox 1516 1579 1690 1649; x_wconf 86' lang='lat' dir='ltr'><strong>Atque</strong></span> <span class='ocrx_word' id='word_1_122' title='bbox 1727 1579 1780 1634; x_wconf 93' lang='lat' dir='ltr'><strong>id</strong></span> <span class='ocrx_word' id='word_1_123' title='bbox 1815 1593 1925 1634; x_wconf 84' lang='lat' dir='ltr'><strong>non</strong></span> <span class='ocrx_word' id='word_1_124' title='bbox 1976 1578 2043 1634; x_wconf 90' lang='lat' dir='ltr'><strong>ad</strong></span> 
     </span>
    </p>
   </div>
   <div class='ocr_carea' id='block_1_20' title="bbox 2154 572 3715 647">
    <p class='ocr_par' dir='ltr' id='par_1_20' title="bbox 2154 572 3715 647">
     <span class='ocr_line' id='line_1_20' title="bbox 2154 572 3715 647; baseline -0.001 -21"><span class='ocrx_word' id='word_1_125' title='bbox 2154 572 2279 627; x_wconf 86' lang='grc' dir='ltr'>λαόν</span> <span class='ocrx_word' id='word_1_126' title='bbox 2318 574 2531 628; x_wconf 75' lang='grc' dir='ltr'>ἅπαντα</span> <span class='ocrx_word' id='word_1_127' title='bbox 2577 576 2633 627; x_wconf 82' lang='grc' dir='ltr'>ὲν</span> <span class='ocrx_word' id='word_1_128' title='bbox 2690 574 2918 647; x_wconf 76' lang='grc' dir='ltr'>ἀνυδρίᾳ</span> <span class='ocrx_word' id='word_1_129' title='bbox 2966 574 3059 627; x_wconf 81' lang='grc' dir='ltr'>καὶ</span> <span class='ocrx_word' id='word_1_130' title='bbox 3104 572 3267 645; x_wconf 84' lang='grc' dir='ltr'>λιμῷ,</span> <span class='ocrx_word' id='word_1_131' title='bbox 3294 573 3387 626; x_wconf 72' lang='grc' dir='ltr'><strong>καὶ</strong></span> <span class='ocrx_word' id='word_1_132' title='bbox 3433 572 3540 626; x_wconf 84' lang='grc' dir='ltr'><strong>τῶν</strong></span> <span class='ocrx_word' id='word_1_133' title='bbox 3586 572 3715 626; x_wconf 83' lang='grc' dir='ltr'>ὁδῶν</span> 
     </span>
    </p>
   </div>
   <div class='ocr_carea' id='block_1_21' title="bbox 2154 664 3718 737">
    <p class='ocr_par' dir='ltr' id='par_1_21' title="bbox 2154 664 3718 737">
     <span class='ocr_line' id='line_1_21' title="bbox 2154 664 3718 737; baseline -0.002 -18"><span class='ocrx_word' id='word_1_134' title='bbox 2154 665 2367 736; x_wconf 79' lang='grc' dir='ltr'><strong>ἀγνοίᾳ,</strong></span> <span class='ocrx_word' id='word_1_135' title='bbox 2401 665 2495 719; x_wconf 80' lang='grc' dir='ltr'>καὶ</span> <span class='ocrx_word' id='word_1_136' title='bbox 2527 665 2729 737; x_wconf 77' lang='grc' dir='ltr'>ἀπορίᾳ</span> <span class='ocrx_word' id='word_1_137' title='bbox 2755 665 2863 718; x_wconf 89' lang='grc' dir='ltr'><strong>τῶν</strong></span> <span class='ocrx_word' id='word_1_138' title='bbox 2898 665 3325 736; x_wconf 84' lang='grc' dir='ltr'>συμπάντων,οὐ</span> <span class='ocrx_word' id='word_1_139' title='bbox 3358 664 3513 737; x_wconf 89' lang='grc' dir='ltr'>μόνον</span> <span class='ocrx_word' id='word_1_140' title='bbox 3545 666 3623 727; x_wconf 89' lang='grc' dir='ltr'><strong>είς</strong></span> <span class='ocrx_word' id='word_1_141' title='bbox 3657 665 3718 717; x_wconf 81' lang='grc' dir='ltr'><strong>τὸ</strong></span> 
     </span>
    </p>
   </div>
   <div class='ocr_carea' id='block_1_22' title="bbox 2152 738 3716 829">
    <p class='ocr_par' dir='ltr' id='par_1_22' title="bbox 2152 738 3716 829">
     <span class='ocr_line' id='line_1_22' title="bbox 2152 738 3716 829; baseline -0.002 -19"><span class='ocrx_word' id='word_1_142' title='bbox 2152 757 2414 822; x_wconf 83' lang='grc' dir='ltr'>παντελὲς</span> <span class='ocrx_word' id='word_1_143' title='bbox 2437 756 2750 825; x_wconf 84' lang='grc' dir='ltr'><strong>διεσώσατο,</strong></span> <span class='ocrx_word' id='word_1_144' title='bbox 2777 758 2870 811; x_wconf 80' lang='grc' dir='ltr'><strong>καὶ</strong></span> <span class='ocrx_word' id='word_1_145' title='bbox 2902 757 3090 829; x_wconf 84' lang='grc' dir='ltr'>ὥσπερ</span> <span class='ocrx_word' id='word_1_146' title='bbox 3114 758 3172 811; x_wconf 84' lang='grc' dir='ltr'>ὲν</span> <span class='ocrx_word' id='word_1_147' title='bbox 3194 738 3415 829; x_wconf 73' lang='grc' dir='ltr'>εὐθηνίᾳ</span> <span class='ocrx_word' id='word_1_148' title='bbox 3441 758 3608 829; x_wconf 81' lang='grc' dir='ltr'>πάσῃ,</span> <span class='ocrx_word' id='word_1_149' title='bbox 3624 757 3716 810; x_wconf 78' lang='grc' dir='ltr'><strong>καὶ</strong></span> 
     </span>
    </p>
   </div>
   <div class='ocr_carea' id='block_1_23' title="bbox 2152 849 3717 923">
    <p class='ocr_par' dir='ltr' id='par_1_23' title="bbox 2152 849 3717 923">
     <span class='ocr_line' id='line_1_23' title="bbox 2152 849 3717 923; baseline -0.002 -20"><span class='ocrx_word' id='word_1_150' title='bbox 2152 853 2497 923; x_wconf 76' lang='grc' dir='ltr'>παραπομπῇ</span> <span class='ocrx_word' id='word_1_151' title='bbox 2531 850 2640 904; x_wconf 92' lang='grc' dir='ltr'><strong>τῶν</strong></span> <span class='ocrx_word' id='word_1_152' title='bbox 2673 850 2872 922; x_wconf 78' lang='grc' dir='ltr'>μεταξὺ</span> <span class='ocrx_word' id='word_1_153' title='bbox 2908 850 3174 920; x_wconf 86' lang='grc' dir='ltr'>κειμένων</span> <span class='ocrx_word' id='word_1_154' title='bbox 3214 849 3409 915; x_wconf 80' lang='grc' dir='ltr'>ὲθνῶν,</span> <span class='ocrx_word' id='word_1_155' title='bbox 3438 849 3570 904; x_wconf 87' lang='grc' dir='ltr'><strong>ἀλλά</strong></span> <span class='ocrx_word' id='word_1_156' title='bbox 3626 849 3717 902; x_wconf 76' lang='grc' dir='ltr'><strong>καὶ</strong></span> 
     </span>
    </p>
   </div>
   <div class='ocr_carea' id='block_1_24' title="bbox 2152 940 3715 1014">
    <p class='ocr_par' dir='ltr' id='par_1_24' title="bbox 2152 940 3715 1014">
     <span class='ocr_line' id='line_1_24' title="bbox 2152 940 3715 1014; baseline -0.001 -21"><span class='ocrx_word' id='word_1_157' title='bbox 2152 940 2286 1012; x_wconf 80' lang='grc' dir='ltr'>πρὸς</span> <span class='ocrx_word' id='word_1_158' title='bbox 2314 941 2571 1014; x_wconf 75' lang='grc' dir='ltr'><strong>ἀλλήλους</strong></span> <span class='ocrx_word' id='word_1_159' title='bbox 2600 941 2993 1004; x_wconf 80' lang='grc' dir='ltr'>ἀστασιάστους</span> <span class='ocrx_word' id='word_1_160' title='bbox 3020 942 3233 1007; x_wconf 79' lang='grc' dir='ltr'>αὐτοὺς,</span> <span class='ocrx_word' id='word_1_161' title='bbox 3258 940 3508 1012; x_wconf 75' lang='grc' dir='ltr'>καὶπρὸς</span> <span class='ocrx_word' id='word_1_162' title='bbox 3527 940 3715 995; x_wconf 76' lang='grc' dir='ltr'>ἑαυτὸν</span> 
     </span>
    </p>
   </div>
   <div class='ocr_carea' id='block_1_25' title="bbox 2151 1033 3716 1107">
    <p class='ocr_par' dir='ltr' id='par_1_25' title="bbox 2151 1033 3716 1107">
     <span class='ocr_line' id='line_1_25' title="bbox 2151 1033 3716 1107; baseline 0 -20"><span class='ocrx_word' id='word_1_163' title='bbox 2151 1034 2385 1105; x_wconf 84' lang='grc' dir='ltr'>μάλιστα</span> <span class='ocrx_word' id='word_1_164' title='bbox 2441 1034 2711 1098; x_wconf 83' lang='grc' dir='ltr'>εὐπειθεῖς</span> <span class='ocrx_word' id='word_1_165' title='bbox 2758 1033 2870 1107; x_wconf 81' lang='grc'><strong>(55)</strong></span> <span class='ocrx_word' id='word_1_166' title='bbox 2923 1033 3229 1104; x_wconf 81' lang='grc' dir='ltr'>διεφύλαξε.</span> <span class='ocrx_word' id='word_1_167' title='bbox 3266 1035 3376 1088; x_wconf 80' lang='grc' dir='ltr'><strong>Καὶ</strong></span> <span class='ocrx_word' id='word_1_168' title='bbox 3404 1033 3572 1087; x_wconf 81' lang='grc' dir='ltr'>ταῦτα</span> <span class='ocrx_word' id='word_1_169' title='bbox 3614 1034 3716 1087; x_wconf 88' lang='grc' dir='ltr'><strong>οὐκ</strong></span> 
     </span>
    </p>
   </div>
   <div class='ocr_carea' id='block_1_26' title="bbox 2146 1124 3715 1197">
    <p class='ocr_par' dir='ltr' id='par_1_26' title="bbox 2146 1124 3715 1197">
     <span class='ocr_line' id='line_1_26' title="bbox 2146 1124 3715 1197; baseline -0.001 -18"><span class='ocrx_word' id='word_1_170' title='bbox 2146 1125 2324 1195; x_wconf 82' lang='grc' dir='ltr'>ὀλίγον</span> <span class='ocrx_word' id='word_1_171' title='bbox 2349 1125 2518 1196; x_wconf 83' lang='grc' dir='ltr'>δήπου</span> <span class='ocrx_word' id='word_1_172' title='bbox 2550 1125 2760 1197; x_wconf 87' lang='grc' dir='ltr'>χρόνον,</span> <span class='ocrx_word' id='word_1_173' title='bbox 2779 1125 2896 1180; x_wconf 87' lang='grc' dir='ltr'>ἀλλ’</span> <span class='ocrx_word' id='word_1_174' title='bbox 2922 1126 3046 1183; x_wconf 81' lang='grc' dir='ltr'>ὅσον</span> <span class='ocrx_word' id='word_1_175' title='bbox 3068 1125 3174 1179; x_wconf 82' lang='grc' dir='ltr'>οὐδ’</span> <span class='ocrx_word' id='word_1_176' title='bbox 3198 1124 3372 1178; x_wconf 81' lang='grc' dir='ltr'>οἰκίαν</span> <span class='ocrx_word' id='word_1_177' title='bbox 3401 1127 3458 1178; x_wconf 82' lang='grc' dir='ltr'>ὲν</span> <span class='ocrx_word' id='word_1_178' title='bbox 3483 1126 3715 1196; x_wconf 78' lang='grc' dir='ltr'>ὁμοφρο-</span> 
     </span>
    </p>
   </div>
   <div class='ocr_carea' id='block_1_27' title="bbox 2148 1216 3709 1290">
    <p class='ocr_par' dir='ltr' id='par_1_27' title="bbox 2148 1216 3709 1290">
     <span class='ocr_line' id='line_1_27' title="bbox 2148 1216 3709 1290; baseline -0.001 -20"><span class='ocrx_word' id='word_1_179' title='bbox 2148 1217 2281 1290; x_wconf 78' lang='grc' dir='ltr'>σύνῃ</span> <span class='ocrx_word' id='word_1_180' title='bbox 2318 1220 2607 1289; x_wconf 79' lang='grc' dir='ltr'>συμμεῖναι</span> <span class='ocrx_word' id='word_1_181' title='bbox 2663 1217 2800 1288; x_wconf 84' lang='grc' dir='ltr'><strong>μετά</strong></span> <span class='ocrx_word' id='word_1_182' title='bbox 2849 1218 3029 1289; x_wconf 88' lang='grc' dir='ltr'>πάσης</span> <span class='ocrx_word' id='word_1_183' title='bbox 3072 1216 3325 1287; x_wconf 76' lang='grc' dir='ltr'>εὐθηνίας</span> <span class='ocrx_word' id='word_1_184' title='bbox 3368 1216 3513 1279; x_wconf 80' lang='grc' dir='ltr'>εἰκός</span> <span class='ocrx_word' id='word_1_185' title='bbox 3542 1217 3709 1269; x_wconf 81' lang='grc' dir='ltr'>ἐστιν.</span> 
     </span>
    </p>
   </div>
   <div class='ocr_carea' id='block_1_28' title="bbox 2144 1305 3718 1378">
    <p class='ocr_par' dir='ltr' id='par_1_28' title="bbox 2144 1305 3718 1378">
     <span class='ocr_line' id='line_1_28' title="bbox 2144 1305 3718 1378; baseline -0.003 -17"><span class='ocrx_word' id='word_1_186' title='bbox 2144 1308 2255 1361; x_wconf 76' lang='grc' dir='ltr'>Καὶ</span> <span class='ocrx_word' id='word_1_187' title='bbox 2309 1308 2370 1360; x_wconf 89' lang='grc' dir='ltr'>οὐ</span> <span class='ocrx_word' id='word_1_188' title='bbox 2422 1307 2597 1376; x_wconf 81' lang='grc' dir='ltr'>δίψος,</span> <span class='ocrx_word' id='word_1_189' title='bbox 2626 1308 2688 1362; x_wconf 88' lang='grc' dir='ltr'><strong>οὐ</strong></span> <span class='ocrx_word' id='word_1_190' title='bbox 2720 1306 2897 1378; x_wconf 76' lang='grc' dir='ltr'>λιμὸς,</span> <span class='ocrx_word' id='word_1_191' title='bbox 2938 1308 2997 1360; x_wconf 92' lang='grc' dir='ltr'>οὐ</span> <span class='ocrx_word' id='word_1_192' title='bbox 3050 1306 3226 1378; x_wconf 82' lang='grc' dir='ltr'>φθορά</span> <span class='ocrx_word' id='word_1_193' title='bbox 3258 1306 3543 1377; x_wconf 84' lang='grc' dir='ltr'>σωμάτων,</span> <span class='ocrx_word' id='word_1_194' title='bbox 3592 1305 3718 1375; x_wconf 75' lang='grc' dir='ltr'><strong>οὐχὶΔ</strong></span> 
     </span>
    </p>
   </div>
   <div class='ocr_carea' id='block_1_29' title="bbox 2146 1393 3715 1470">
    <p class='ocr_par' dir='ltr' id='par_1_29' title="bbox 2146 1393 3715 1470">
     <span class='ocr_line' id='line_1_29' title="bbox 2146 1393 3715 1470; baseline -0.004 -19"><span class='ocrx_word' id='word_1_195' title='bbox 2146 1397 2309 1467; x_wconf 86' lang='grc' dir='ltr'>φόϐος</span> <span class='ocrx_word' id='word_1_196' title='bbox 2356 1398 2484 1470; x_wconf 76' lang='grc' dir='ltr'>περὶ</span> <span class='ocrx_word' id='word_1_197' title='bbox 2521 1398 2629 1451; x_wconf 88' lang='grc' dir='ltr'><strong>τῶν</strong></span> <span class='ocrx_word' id='word_1_198' title='bbox 2663 1397 2993 1468; x_wconf 84' lang='grc' dir='ltr'>μελλόντων,</span> <span class='ocrx_word' id='word_1_199' title='bbox 3019 1398 3118 1451; x_wconf 88' lang='grc' dir='ltr'><strong>οὐκ</strong></span> <span class='ocrx_word' id='word_1_200' title='bbox 3145 1396 3337 1465; x_wconf 82' lang='grc' dir='ltr'>ἀγνοια</span> <span class='ocrx_word' id='word_1_201' title='bbox 3364 1393 3471 1448; x_wconf 91' lang='grc' dir='ltr'><strong>τῶν</strong></span> <span class='ocrx_word' id='word_1_202' title='bbox 3503 1394 3715 1465; x_wconf 87' lang='grc' dir='ltr'>συμϐη-</span> 
     </span>
    </p>
   </div>
   <div class='ocr_carea' id='block_1_30' title="bbox 2146 1476 3711 1562">
    <p class='ocr_par' dir='ltr' id='par_1_30' title="bbox 2146 1476 3711 1562">
     <span class='ocr_line' id='line_1_30' title="bbox 2146 1476 3711 1562; baseline -0.003 -19"><span class='ocrx_word' id='word_1_203' title='bbox 2146 1490 2409 1562; x_wconf 87' lang='grc' dir='ltr'>σομένων,</span> <span class='ocrx_word' id='word_1_204' title='bbox 2442 1490 2531 1544; x_wconf 77' lang='grc' dir='ltr'><strong>ἐπὶ</strong></span> <span class='ocrx_word' id='word_1_205' title='bbox 2564 1488 2655 1543; x_wconf 82' lang='grc' dir='ltr'>τὸν</span> <span class='ocrx_word' id='word_1_206' title='bbox 2686 1489 2856 1561; x_wconf 88' lang='grc' dir='ltr'>γόητα</span> <span class='ocrx_word' id='word_1_207' title='bbox 2886 1490 3090 1543; x_wconf 78' lang='grc' dir='ltr'>ἐκεῖνον</span> <span class='ocrx_word' id='word_1_208' title='bbox 3117 1490 3289 1562; x_wconf 74' lang='grc' dir='ltr'>ἐπῇρε</span> <span class='ocrx_word' id='word_1_209' title='bbox 3335 1476 3460 1551; x_wconf 80' lang='grc' dir='ltr'>τοὺς</span> <span class='ocrx_word' id='word_1_210' title='bbox 3504 1485 3711 1551; x_wconf 76' lang='grc' dir='ltr'>ἐξαπα-</span> 
     </span>
    </p>
   </div>
   <div class='ocr_carea' id='block_1_31' title="bbox 2142 1577 3710 1654">
    <p class='ocr_par' dir='ltr' id='par_1_31' title="bbox 2142 1577 3710 1654">
     <span class='ocr_line' id='line_1_31' title="bbox 2142 1577 3710 1654; baseline -0.004 -19"><span class='ocrx_word' id='word_1_211' title='bbox 2142 1582 2421 1653; x_wconf 83' lang='grc' dir='ltr'>τωμένους</span> <span class='ocrx_word' id='word_1_212' title='bbox 2478 1582 2573 1636; x_wconf 77' lang='grc' dir='ltr'><strong>καὶ</strong></span> <span class='ocrx_word' id='word_1_213' title='bbox 2620 1581 3135 1654; x_wconf 80' lang='grc' dir='ltr'>περιφθειρομένους</span> <span class='ocrx_word' id='word_1_214' title='bbox 3182 1580 3362 1644; x_wconf 90' lang='grc' dir='ltr'>λαούς.</span> <span class='ocrx_word' id='word_1_215' title='bbox 3414 1579 3605 1633; x_wconf 85' lang='grc' dir='ltr'>Καίτοι</span> <span class='ocrx_word' id='word_1_216' title='bbox 3655 1577 3710 1630; x_wconf 90' lang='grc' dir='ltr'><strong>τί</strong></span> 
     </span>
    </p>
   </div>
   <div class='ocr_carea' id='block_1_32' title="bbox 478 1669 2027 1744">
    <p class='ocr_par' dir='ltr' id='par_1_32' title="bbox 478 1669 2027 1743">
     <span class='ocr_line' id='line_1_32' title="bbox 478 1669 2027 1743; baseline 0.003 -20"><span class='ocrx_word' id='word_1_217' title='bbox 478 1669 643 1727; x_wconf 88' lang='lat' dir='ltr'><strong>breve</strong></span> <span class='ocrx_word' id='word_1_218' title='bbox 699 1669 921 1741; x_wconf 84' lang='lat' dir='ltr'><strong>aliquod</strong></span> <span class='ocrx_word' id='word_1_219' title='bbox 960 1671 1328 1743; x_wconf 76' lang='lat' dir='ltr'><strong>exiguumque</strong></span> <span class='ocrx_word' id='word_1_220' title='bbox 1383 1680 1598 1741; x_wconf 82' lang='lat' dir='ltr'><strong>tempus</strong></span> <span class='ocrx_word' id='word_1_221' title='bbox 1627 1713 1643 1740; x_wconf 96' lang='lat'><strong>,</strong></span> <span class='ocrx_word' id='word_1_222' title='bbox 1702 1672 1797 1728; x_wconf 91' lang='lat' dir='ltr'><strong>sed</strong></span> <span class='ocrx_word' id='word_1_223' title='bbox 1845 1671 2027 1727; x_wconf 91' lang='lat' dir='ltr'><strong>tandiu</strong></span> 
     </span>
    </p>
   </div>
   <div class='ocr_carea' id='block_1_33' title="bbox 2131 1669 3709 1744">
    <p class='ocr_par' dir='ltr' id='par_1_33' title="bbox 2146 1669 3709 1744">
     <span class='ocr_line' id='line_1_33' title="bbox 2146 1669 3709 1744; baseline -0.004 -18"><span class='ocrx_word' id='word_1_224' title='bbox 2146 1672 2341 1743; x_wconf 80' lang='grc' dir='ltr'>βούλει,</span> <span class='ocrx_word' id='word_1_225' title='bbox 2378 1672 2564 1744; x_wconf 83' lang='grc' dir='ltr'>φῶμεν</span> <span class='ocrx_word' id='word_1_226' title='bbox 2588 1672 2779 1744; x_wconf 78' lang='grc' dir='ltr'>ἐκείνῳ</span> <span class='ocrx_word' id='word_1_227' title='bbox 2807 1672 2925 1726; x_wconf 79' lang='grc' dir='ltr'>τινὰ</span> <span class='ocrx_word' id='word_1_228' title='bbox 2963 1669 3101 1727; x_wconf 79' lang='grc' dir='ltr'>εἶναι</span> <span class='ocrx_word' id='word_1_229' title='bbox 3141 1671 3409 1743; x_wconf 82' lang='grc' dir='ltr'>τοσαύτην</span> <span class='ocrx_word' id='word_1_230' title='bbox 3438 1671 3649 1741; x_wconf 85' lang='grc' dir='ltr'>τέχνην,</span> <span class='ocrx_word' id='word_1_231' title='bbox 3672 1669 3709 1739; x_wconf 77' lang='grc' dir='ltr'>ἦ</span> 
     </span>
    </p>
   </div>
   <div class='ocr_carea' id='block_1_34' title="bbox 477 1734 2027 1836">
    <p class='ocr_par' dir='ltr' id='par_1_34' title="bbox 477 1734 2027 1832">
     <span class='ocr_line' id='line_1_34' title="bbox 477 1734 2027 1832; baseline 0.003 -15"><span class='ocrx_word' id='word_1_232' title='bbox 477 1770 623 1818; x_wconf 89' lang='lat' dir='ltr'><strong>certe</strong></span> <span class='ocrx_word' id='word_1_233' title='bbox 653 1734 892 1832; x_wconf 75' lang='lat' dir='ltr'><strong>quidem,</strong></span> <span class='ocrx_word' id='word_1_234' title='bbox 923 1734 1164 1832; x_wconf 44' lang='lat' dir='ltr'><strong>quan&#39;diu</strong></span> <span class='ocrx_word' id='word_1_235' title='bbox 1188 1734 1431 1818; x_wconf 49' lang='lat' dir='ltr'><strong>in.simili</strong></span> <span class='ocrx_word' id='word_1_236' title='bbox 1456 1734 1791 1821; x_wconf 76' lang='lat' dir='ltr'><strong>voluntatum</strong></span> <span class='ocrx_word' id='word_1_237' title='bbox 1816 1780 2027 1821; x_wconf 90' lang='lat' dir='ltr'><strong>concor-</strong></span> 
     </span>
    </p>
   </div>
   <div class='ocr_carea' id='block_1_35' title="bbox 2131 1734 3719 1836">
    <p class='ocr_par' dir='ltr' id='par_1_35' title="bbox 2146 1762 3719 1836">
     <span class='ocr_line' id='line_1_35' title="bbox 2146 1762 3719 1836; baseline -0.002 -18"><span class='ocrx_word' id='word_1_238' title='bbox 2146 1765 2423 1836; x_wconf 85' lang='grc' dir='ltr'>δεινότητα</span> <span class='ocrx_word' id='word_1_239' title='bbox 2471 1764 2665 1834; x_wconf 88' lang='grc' dir='ltr'>λόγων,</span> <span class='ocrx_word' id='word_1_240' title='bbox 2714 1764 2747 1836; x_wconf 80' lang='grc' dir='ltr'>ἦ</span> <span class='ocrx_word' id='word_1_241' title='bbox 2779 1765 3011 1829; x_wconf 91' lang='grc' dir='ltr'>σύνεσιν,</span> <span class='ocrx_word' id='word_1_242' title='bbox 3046 1764 3122 1827; x_wconf 81' lang='grc' dir='ltr'>ὡς</span> <span class='ocrx_word' id='word_1_243' title='bbox 3162 1763 3267 1818; x_wconf 91' lang='grc' dir='ltr'><strong>τῶν</strong></span> <span class='ocrx_word' id='word_1_244' title='bbox 3306 1763 3571 1817; x_wconf 89' lang='grc' dir='ltr'>τοσούτων</span> <span class='ocrx_word' id='word_1_245' title='bbox 3616 1762 3719 1815; x_wconf 75' lang='grc' dir='ltr'>καὶ·</span> 
     </span>
    </p>
   </div>
   <div class='ocr_carea' id='block_1_36' title="bbox 475 1853 2040 1929">
    <p class='ocr_par' dir='ltr' id='par_1_36' title="bbox 475 1853 2040 1929">
     <span class='ocr_line' id='line_1_36' title="bbox 475 1853 2040 1929; baseline 0.004 -21"><span class='ocrx_word' id='word_1_246' title='bbox 475 1853 587 1916; x_wconf 83' lang='lat' dir='ltr'><strong>dia,</strong></span> <span class='ocrx_word' id='word_1_247' title='bbox 618 1863 678 1909; x_wconf 94' lang='lat' dir='ltr'><strong>ut</strong></span> <span class='ocrx_word' id='word_1_248' title='bbox 705 1854 910 1912; x_wconf 78' lang='lat' dir='ltr'><strong>aﬂ&#39;atim</strong></span> <span class='ocrx_word' id='word_1_249' title='bbox 947 1864 1140 1912; x_wconf 90' lang='lat' dir='ltr'><strong>cuncta</strong></span> <span class='ocrx_word' id='word_1_250' title='bbox 1166 1864 1543 1926; x_wconf 89' lang='lat' dir='ltr'><strong>suppeterent,</strong></span> <span class='ocrx_word' id='word_1_251' title='bbox 1567 1872 1785 1912; x_wconf 89' lang='lat' dir='ltr'><strong>manere</strong></span> <span class='ocrx_word' id='word_1_252' title='bbox 1815 1873 1880 1914; x_wconf 89' lang='lat' dir='ltr'><strong>ac</strong></span> <span class='ocrx_word' id='word_1_253' title='bbox 1916 1874 2040 1929; x_wconf 93' lang='lat' dir='ltr'><strong>per-</strong></span> 
     </span>
    </p>
   </div>
   <div class='ocr_carea' id='block_1_37' title="bbox 476 1945 2042 2021">
    <p class='ocr_par' dir='ltr' id='par_1_37' title="bbox 476 1945 2042 2021">
     <span class='ocr_line' id='line_1_37' title="bbox 476 1945 2042 2021; baseline 0.004 -23"><span class='ocrx_word' id='word_1_254' title='bbox 476 1945 669 2001; x_wconf 84' lang='lat' dir='ltr'><strong>sistere</strong></span> <span class='ocrx_word' id='word_1_255' title='bbox 698 1962 768 2003; x_wconf 90' lang='lat' dir='ltr'><strong>ne</strong></span> <span class='ocrx_word' id='word_1_256' title='bbox 794 1947 997 2005; x_wconf 82' lang='lat' dir='ltr'><strong>familia</strong></span> <span class='ocrx_word' id='word_1_257' title='bbox 1027 1949 1242 2020; x_wconf 88' lang='lat' dir='ltr'><strong>quidem</strong></span> <span class='ocrx_word' id='word_1_258' title='bbox 1260 1963 1366 2002; x_wconf 90' lang='lat' dir='ltr'><strong>una</strong></span> <span class='ocrx_word' id='word_1_259' title='bbox 1383 1949 1666 2019; x_wconf 91' lang='lat' dir='ltr'><strong>potuisset.</strong></span> <span class='ocrx_word' id='word_1_260' title='bbox 1685 1949 1760 2005; x_wconf 87' lang='lat' dir='ltr'><strong>Ita</strong></span> <span class='ocrx_word' id='word_1_261' title='bbox 1775 1965 1948 2021; x_wconf 90' lang='lat' dir='ltr'><strong>neque</strong></span> <span class='ocrx_word' id='word_1_262' title='bbox 1967 1950 2042 2006; x_wconf 88' lang='lat' dir='ltr'><strong>si-</strong></span> 
     </span>
    </p>
   </div>
   <div class='ocr_carea' id='block_1_38' title="bbox 473 2036 2039 2112">
    <p class='ocr_par' dir='ltr' id='par_1_38' title="bbox 473 2036 2039 2112">
     <span class='ocr_line' id='line_1_38' title="bbox 473 2036 2039 2112; baseline 0.004 -21"><span class='ocrx_word' id='word_1_263' title='bbox 473 2036 567 2101; x_wconf 86' lang='lat' dir='ltr'><strong>tis,</strong></span> <span class='ocrx_word' id='word_1_264' title='bbox 588 2052 766 2109; x_wconf 88' lang='lat' dir='ltr'><strong>neque</strong></span> <span class='ocrx_word' id='word_1_265' title='bbox 794 2039 985 2106; x_wconf 86' lang='lat' dir='ltr'><strong>fames,</strong></span> <span class='ocrx_word' id='word_1_266' title='bbox 1004 2056 1111 2095; x_wconf 91' lang='lat' dir='ltr'><strong>non</strong></span> <span class='ocrx_word' id='word_1_267' title='bbox 1136 2042 1255 2098; x_wconf 91' lang='lat' dir='ltr'><strong>lues</strong></span> <span class='ocrx_word' id='word_1_268' title='bbox 1282 2057 1594 2112; x_wconf 91' lang='lat' dir='ltr'><strong>corporum,</strong></span> <span class='ocrx_word' id='word_1_269' title='bbox 1612 2058 1721 2096; x_wconf 93' lang='lat' dir='ltr'><strong>non</strong></span> <span class='ocrx_word' id='word_1_270' title='bbox 1753 2042 2039 2097; x_wconf 90' lang='lat' dir='ltr'><strong>imminen-</strong></span> 
     </span>
    </p>
   </div>
   <div class='ocr_carea' id='block_1_39' title="bbox 474 2128 2037 2204">
    <p class='ocr_par' dir='ltr' id='par_1_39' title="bbox 474 2128 2037 2204">
     <span class='ocr_line' id='line_1_39' title="bbox 474 2128 2037 2204; baseline 0.004 -23"><span class='ocrx_word' id='word_1_271' title='bbox 474 2128 608 2182; x_wconf 85' lang='lat' dir='ltr'><strong>tium</strong></span> <span class='ocrx_word' id='word_1_272' title='bbox 632 2131 993 2200; x_wconf 88' lang='lat' dir='ltr'><strong>periculorum</strong></span> <span class='ocrx_word' id='word_1_273' title='bbox 1020 2140 1217 2199; x_wconf 91' lang='lat' dir='ltr'><strong>metus,</strong></span> <span class='ocrx_word' id='word_1_274' title='bbox 1236 2148 1341 2188; x_wconf 91' lang='lat' dir='ltr'><strong>non</strong></span> <span class='ocrx_word' id='word_1_275' title='bbox 1360 2148 1585 2189; x_wconf 88' lang='lat' dir='ltr'><strong>casuum</strong></span> <span class='ocrx_word' id='word_1_276' title='bbox 1604 2134 1869 2204; x_wconf 79' lang='lat' dir='ltr'><strong>ignoratio</strong></span> <span class='ocrx_word' id='word_1_277' title='bbox 1892 2132 2037 2189; x_wconf 82' lang='lat' dir='ltr'><strong>futu-</strong></span> 
     </span>
    </p>
   </div>
   <div class='ocr_carea' id='block_1_40' title="bbox 472 2223 2033 2297">
    <p class='ocr_par' dir='ltr' id='par_1_40' title="bbox 472 2223 2033 2297">
     <span class='ocr_line' id='line_1_40' title="bbox 472 2223 2033 2297; baseline 0.004 -23"><span class='ocrx_word' id='word_1_278' title='bbox 472 2236 682 2290; x_wconf 90' lang='lat' dir='ltr'><strong>rorum,</strong></span> <span class='ocrx_word' id='word_1_279' title='bbox 708 2223 969 2281; x_wconf 88' lang='lat' dir='ltr'><strong>adversus</strong></span> <span class='ocrx_word' id='word_1_280' title='bbox 981 2226 1425 2295; x_wconf 82' lang='lat' dir='ltr'><strong>praestigiatorem</strong></span> <span class='ocrx_word' id='word_1_281' title='bbox 1444 2226 1614 2287; x_wconf 91' lang='lat' dir='ltr'><strong>illum,</strong></span> <span class='ocrx_word' id='word_1_282' title='bbox 1629 2233 1833 2281; x_wconf 85' lang='lat' dir='ltr'><strong>tantam</strong></span> <span class='ocrx_word' id='word_1_283' title='bbox 1852 2227 2033 2297; x_wconf 89' lang='lat' dir='ltr'><strong>populi</strong></span> 
     </span>
    </p>
   </div>
   <div class='ocr_carea' id='block_1_41' title="bbox 468 2304 2031 2389">
    <p class='ocr_par' dir='ltr' id='par_1_41' title="bbox 468 2304 2031 2389">
     <span class='ocr_line' id='line_1_41' title="bbox 468 2304 2031 2389; baseline 0.005 -24"><span class='ocrx_word' id='word_1_284' title='bbox 468 2304 889 2380; x_wconf 84' lang='lat' dir='ltr'><strong>multitudinem,</strong></span> <span class='ocrx_word' id='word_1_285' title='bbox 916 2326 969 2371; x_wconf 88' lang='lat' dir='ltr'><strong>et</strong></span> <span class='ocrx_word' id='word_1_286' title='bbox 1013 2317 1161 2373; x_wconf 89' lang='lat' dir='ltr'><strong>illius</strong></span> <span class='ocrx_word' id='word_1_287' title='bbox 1200 2316 1487 2373; x_wconf 83' lang='lat' dir='ltr'><strong>fraudibus</strong></span> <span class='ocrx_word' id='word_1_288' title='bbox 1524 2318 1770 2389; x_wconf 87' lang='lat' dir='ltr'><strong>dolisque</strong></span> <span class='ocrx_word' id='word_1_289' title='bbox 1795 2319 2031 2373; x_wconf 90' lang='lat' dir='ltr'><strong>circum-</strong></span> 
     </span>
    </p>
   </div>
   <div class='ocr_carea' id='block_1_42' title="bbox 468 2408 2028 2479">
    <p class='ocr_par' dir='ltr' id='par_1_42' title="bbox 468 2408 2028 2479">
     <span class='ocr_line' id='line_1_42' title="bbox 468 2408 2028 2479; baseline 0.009 -24"><span class='ocrx_word' id='word_1_290' title='bbox 468 2411 707 2473; x_wconf 86' lang='lat' dir='ltr'><strong>ventam,</strong></span> <span class='ocrx_word' id='word_1_291' title='bbox 746 2408 1015 2477; x_wconf 88' lang='lat' dir='ltr'><strong>etpassim</strong></span> <span class='ocrx_word' id='word_1_292' title='bbox 1047 2409 1339 2479; x_wconf 88' lang='lat' dir='ltr'><strong>aliquando</strong></span> <span class='ocrx_word' id='word_1_293' title='bbox 1373 2420 1682 2479; x_wconf 83' lang='lat' dir='ltr'><strong>pereuntem</strong></span> <span class='ocrx_word' id='word_1_294' title='bbox 1719 2412 2028 2469; x_wconf 81' lang='lat' dir='ltr'><strong>concitavit.</strong></span> 
     </span>
    </p>
   </div>
   <div class='ocr_carea' id='block_1_43' title="bbox 467 2492 2027 2571">
    <p class='ocr_par' dir='ltr' id='par_1_43' title="bbox 467 2492 2027 2571">
     <span class='ocr_line' id='line_1_43' title="bbox 467 2492 2027 2571; baseline 0.009 -24"><span class='ocrx_word' id='word_1_295' title='bbox 467 2492 695 2559; x_wconf 80' lang='lat' dir='ltr'><strong>Qualem</strong></span> <span class='ocrx_word' id='word_1_296' title='bbox 709 2496 937 2553; x_wconf 87' lang='lat' dir='ltr'><strong>obsecro</strong></span> <span class='ocrx_word' id='word_1_297' title='bbox 957 2507 1026 2565; x_wconf 93' lang='lat' dir='ltr'><strong>te,</strong></span> <span class='ocrx_word' id='word_1_298' title='bbox 1043 2498 1281 2556; x_wconf 88' lang='lat' dir='ltr'><strong>hominis</strong></span> <span class='ocrx_word' id='word_1_299' title='bbox 1297 2501 1460 2571; x_wconf 89' lang='lat' dir='ltr'><strong>hujus</strong></span> <span class='ocrx_word' id='word_1_300' title='bbox 1479 2511 1680 2557; x_wconf 88' lang='lat' dir='ltr'><strong>tantam</strong></span> <span class='ocrx_word' id='word_1_301' title='bbox 1708 2503 1820 2559; x_wconf 87' lang='lat' dir='ltr'><strong>sive</strong></span> <span class='ocrx_word' id='word_1_302' title='bbox 1836 2512 2027 2571; x_wconf 91' lang='lat' dir='ltr'><strong>artem,</strong></span> 
     </span>
    </p>
   </div>
   <div class='ocr_carea' id='block_1_44' title="bbox 466 2583 2030 2665">
    <p class='ocr_par' dir='ltr' id='par_1_44' title="bbox 466 2583 2030 2665">
     <span class='ocr_line' id='line_1_44' title="bbox 466 2583 2030 2665; baseline 0.009 -29"><span class='ocrx_word' id='word_1_303' title='bbox 466 2583 581 2639; x_wconf 84' lang='lat' dir='ltr'><strong>sive</strong></span> <span class='ocrx_word' id='word_1_304' title='bbox 591 2586 852 2643; x_wconf 86' lang='lat' dir='ltr'><strong>orationis</strong></span> <span class='ocrx_word' id='word_1_305' title='bbox 865 2588 993 2651; x_wconf 90' lang='lat' dir='ltr'><strong>vim,</strong></span> <span class='ocrx_word' id='word_1_306' title='bbox 1010 2588 1123 2644; x_wconf 89' lang='lat' dir='ltr'><strong>sive</strong></span> <span class='ocrx_word' id='word_1_307' title='bbox 1136 2589 1451 2659; x_wconf 88' lang='lat' dir='ltr'><strong>sapientiam</strong></span> <span class='ocrx_word' id='word_1_308' title='bbox 1466 2591 1633 2647; x_wconf 92' lang='lat' dir='ltr'><strong>fuisse</strong></span> <span class='ocrx_word' id='word_1_309' title='bbox 1643 2593 2030 2665; x_wconf 73' lang='lat' dir='ltr'><strong>dicemus,quze</strong></span> 
     </span>
    </p>
   </div>
   <div class='ocr_carea' id='block_1_45' title="bbox 462 2679 2029 2756">
    <p class='ocr_par' dir='ltr' id='par_1_45' title="bbox 462 2679 2029 2756">
     <span class='ocr_line' id='line_1_45' title="bbox 462 2679 2029 2756; baseline 0.01 -28"><span class='ocrx_word' id='word_1_310' title='bbox 462 2681 545 2729; x_wconf 86' lang='lat' dir='ltr'><strong>tot</strong></span> <span class='ocrx_word' id='word_1_311' title='bbox 555 2691 620 2732; x_wconf 88' lang='lat' dir='ltr'><strong>ac</strong></span> <span class='ocrx_word' id='word_1_312' title='bbox 634 2687 741 2732; x_wconf 89' lang='lat' dir='ltr'><strong>tam</strong></span> <span class='ocrx_word' id='word_1_313' title='bbox 754 2679 935 2736; x_wconf 88' lang='lat' dir='ltr'><strong>varias</strong></span> <span class='ocrx_word' id='word_1_314' title='bbox 946 2680 1321 2737; x_wconf 90' lang='lat' dir='ltr'><strong>discriminum</strong></span> <span class='ocrx_word' id='word_1_315' title='bbox 1337 2694 1813 2756; x_wconf 90' lang='lat' dir='ltr'><strong>monstrorumque</strong></span> <span class='ocrx_word' id='word_1_316' title='bbox 1826 2686 2029 2743; x_wconf 84' lang='lat' dir='ltr'><strong>formas</strong></span> 
     </span>
    </p>
   </div>
   <div class='ocr_carea' id='block_1_46' title="bbox 462 2772 2023 2845">
    <p class='ocr_par' dir='ltr' id='par_1_46' title="bbox 462 2772 2023 2845">
     <span class='ocr_line' id='line_1_46' title="bbox 462 2772 2023 2845; baseline 0.006 -22"><span class='ocrx_word' id='word_1_317' title='bbox 462 2783 809 2840; x_wconf 67' lang='lat' dir='ltr'><strong>praesensque</strong></span> <span class='ocrx_word' id='word_1_318' title='bbox 821 2772 1075 2828; x_wconf 90' lang='lat' dir='ltr'><strong>omnibus</strong></span> <span class='ocrx_word' id='word_1_319' title='bbox 1090 2774 1315 2829; x_wconf 81' lang='lat' dir='ltr'><strong>exitium</strong></span> <span class='ocrx_word' id='word_1_320' title='bbox 1334 2790 1473 2845; x_wconf 79' lang='lat' dir='ltr'><strong>saepe</strong></span> <span class='ocrx_word' id='word_1_321' title='bbox 1488 2776 1803 2831; x_wconf 88' lang='lat' dir='ltr'><strong>minitantes</strong></span> <span class='ocrx_word' id='word_1_322' title='bbox 1819 2792 1920 2832; x_wconf 88' lang='lat' dir='ltr'><strong>una</strong></span> <span class='ocrx_word' id='word_1_323' title='bbox 1935 2793 2023 2833; x_wconf 85' lang='lat' dir='ltr'><strong>su-</strong></span> 
     </span>
    </p>
   </div>
   <div class='ocr_carea' id='block_1_47' title="bbox 462 2860 2027 2938">
    <p class='ocr_par' dir='ltr' id='par_1_47' title="bbox 462 2860 2027 2938">
     <span class='ocr_line' id='line_1_47' title="bbox 462 2860 2027 2938; baseline 0.006 -24"><span class='ocrx_word' id='word_1_324' title='bbox 462 2862 711 2928; x_wconf 86' lang='lat' dir='ltr'><strong>peraret?</strong></span> <span class='ocrx_word' id='word_1_325' title='bbox 730 2860 1259 2933; x_wconf 88' lang='lat' dir='ltr'><strong>Oportuitvidelicet,</strong></span> <span class='ocrx_word' id='word_1_326' title='bbox 1277 2878 1373 2921; x_wconf 90' lang='lat' dir='ltr'><strong>aut</strong></span> <span class='ocrx_word' id='word_1_327' title='bbox 1400 2881 1611 2932; x_wconf 92' lang='lat' dir='ltr'><strong>eorum,</strong></span> <span class='ocrx_word' id='word_1_328' title='bbox 1628 2868 1827 2937; x_wconf 90' lang='lat' dir='ltr'><strong>quibus</strong></span> <span class='ocrx_word' id='word_1_329' title='bbox 1856 2870 2027 2938; x_wconf 88' lang='lat' dir='ltr'><strong>impe-</strong></span> 
     </span>
    </p>
   </div>
   <div class='ocr_carea' id='block_1_48' title="bbox 461 2950 2025 3029">
    <p class='ocr_par' dir='ltr' id='par_1_48' title="bbox 461 2950 2025 3029">
     <span class='ocr_line' id='line_1_48' title="bbox 461 2950 2025 3029; baseline 0.006 -25"><span class='ocrx_word' id='word_1_330' title='bbox 461 2950 638 3018; x_wconf 77' lang='lat' dir='ltr'><strong>rabat,</strong></span> <span class='ocrx_word' id='word_1_331' title='bbox 658 2953 1006 3024; x_wconf 84' lang='lat' dir='ltr'><strong>ingenia,non</strong></span> <span class='ocrx_word' id='word_1_332' title='bbox 1019 2956 1129 3025; x_wconf 86' lang='lat' dir='ltr'><strong>jam</strong></span> <span class='ocrx_word' id='word_1_333' title='bbox 1148 2956 1397 3027; x_wconf 89' lang='lat' dir='ltr'><strong>imperita</strong></span> <span class='ocrx_word' id='word_1_334' title='bbox 1413 2972 1592 3012; x_wconf 89' lang='lat' dir='ltr'><strong>rerum</strong></span> <span class='ocrx_word' id='word_1_335' title='bbox 1606 2960 2025 3029; x_wconf 76' lang='lat' dir='ltr'><strong>esse,ductuque</strong></span> 
     </span>
    </p>
   </div>
   <div class='ocr_carea' id='block_1_49' title="bbox 2144 1855 3721 1929">
    <p class='ocr_par' dir='ltr' id='par_1_49' title="bbox 2144 1855 3721 1929">
     <span class='ocr_line' id='line_1_49' title="bbox 2144 1855 3721 1929; baseline -0.001 -20"><span class='ocrx_word' id='word_1_336' title='bbox 2144 1856 2397 1910; x_wconf 87' lang='grc' dir='ltr'>τοιούτων</span> <span class='ocrx_word' id='word_1_337' title='bbox 2426 1856 2661 1921; x_wconf 85' lang='grc' dir='ltr'>ἀτόπων,</span> <span class='ocrx_word' id='word_1_338' title='bbox 2695 1858 2787 1911; x_wconf 79' lang='grc' dir='ltr'>καὶ</span> <span class='ocrx_word' id='word_1_339' title='bbox 2815 1856 2950 1929; x_wconf 81' lang='grc' dir='ltr'>πρὸς</span> <span class='ocrx_word' id='word_1_340' title='bbox 2971 1855 3187 1928; x_wconf 73' lang='grc' dir='ltr'>ὄλεθρον</span> <span class='ocrx_word' id='word_1_341' title='bbox 3207 1856 3448 1919; x_wconf 76' lang='grc' dir='ltr'>ἃπαντας</span> <span class='ocrx_word' id='word_1_342' title='bbox 3467 1855 3721 1924; x_wconf 80' lang='grc' dir='ltr'>ἀγόντων</span> 
     </span>
    </p>
   </div>
   <div class='ocr_carea' id='block_1_50' title="bbox 2145 1945 3711 2023">
    <p class='ocr_par' dir='ltr' id='par_1_50' title="bbox 2145 1945 3711 2023">
     <span class='ocr_line' id='line_1_50' title="bbox 2145 1945 3711 2023; baseline -0.001 -21"><span class='ocrx_word' id='word_1_343' title='bbox 2145 1952 2459 2022; x_wconf 78' lang='grc' dir='ltr'>ἐπικρατεῖν</span> <span class='ocrx_word' id='word_1_344' title='bbox 2483 1968 2497 2017; x_wconf 91' lang='grc'><strong>;</strong></span> <span class='ocrx_word' id='word_1_345' title='bbox 2523 1953 2591 2005; x_wconf 88' lang='grc' dir='ltr'>Ἣ</span> <span class='ocrx_word' id='word_1_346' title='bbox 2612 1952 2719 2023; x_wconf 79' lang='grc' dir='ltr'><strong>γὰρ</strong></span> <span class='ocrx_word' id='word_1_347' title='bbox 2742 1951 2842 2016; x_wconf 85' lang='grc' dir='ltr'>τάς</span> <span class='ocrx_word' id='word_1_348' title='bbox 2866 1951 3054 2021; x_wconf 84' lang='grc' dir='ltr'>φύσεις</span> <span class='ocrx_word' id='word_1_349' title='bbox 3074 1950 3183 2004; x_wconf 91' lang='grc' dir='ltr'><strong>τῶν</strong></span> <span class='ocrx_word' id='word_1_350' title='bbox 3211 1951 3301 2003; x_wconf 89' lang='grc' dir='ltr'>ὐπ’</span> <span class='ocrx_word' id='word_1_351' title='bbox 3320 1949 3482 2002; x_wconf 78' lang='grc' dir='ltr'>αὐτὸν</span> <span class='ocrx_word' id='word_1_352' title='bbox 3501 1945 3711 2020; x_wconf 81' lang='grc' dir='ltr'>ἀνθρώ-</span> 
     </span>
    </p>
   </div>
   <div class='ocr_carea' id='block_1_51' title="bbox 2143 2038 3706 2112">
    <p class='ocr_par' dir='ltr' id='par_1_51' title="bbox 2143 2038 3706 2112">
     <span class='ocr_line' id='line_1_51' title="bbox 2143 2038 3706 2112; baseline -0.003 -18"><span class='ocrx_word' id='word_1_353' title='bbox 2143 2058 2259 2094; x_wconf 89' lang='grc' dir='ltr'><strong>πων</strong></span> <span class='ocrx_word' id='word_1_354' title='bbox 2291 2040 2390 2094; x_wconf 88' lang='grc' dir='ltr'><strong>οὐκ</strong></span> <span class='ocrx_word' id='word_1_355' title='bbox 2418 2040 2645 2112; x_wconf 83' lang='grc' dir='ltr'>ἀμαθῶς</span> <span class='ocrx_word' id='word_1_356' title='bbox 2688 2041 2809 2095; x_wconf 78' lang='grc' dir='ltr'>οὐδὲ</span> <span class='ocrx_word' id='word_1_357' title='bbox 2856 2040 3148 2104; x_wconf 85' lang='grc' dir='ltr'>δυσκόλως,</span> <span class='ocrx_word' id='word_1_358' title='bbox 3180 2040 3293 2093; x_wconf 83' lang='grc' dir='ltr'>ἀλλ’</span> <span class='ocrx_word' id='word_1_359' title='bbox 3319 2038 3583 2102; x_wconf 78' lang='grc' dir='ltr'>εὐπειθῶς</span> <span class='ocrx_word' id='word_1_360' title='bbox 3610 2039 3706 2091; x_wconf 76' lang='grc' dir='ltr'><strong>καὶ</strong></span> 
     </span>
    </p>
   </div>
   <div class='ocr_carea' id='block_1_52' title="bbox 2139 2129 3707 2203">
    <p class='ocr_par' dir='ltr' id='par_1_52' title="bbox 2139 2129 3707 2203">
     <span class='ocr_line' id='line_1_52' title="bbox 2139 2129 3707 2203; baseline -0.002 -20"><span class='ocrx_word' id='word_1_361' title='bbox 2139 2130 2233 2184; x_wconf 83' lang='grc' dir='ltr'>τοῦ</span> <span class='ocrx_word' id='word_1_362' title='bbox 2260 2130 2539 2202; x_wconf 88' lang='grc' dir='ltr'>μέλλοντος</span> <span class='ocrx_word' id='word_1_363' title='bbox 2568 2132 2667 2184; x_wconf 91' lang='grc' dir='ltr'><strong>οὐκ</strong></span> <span class='ocrx_word' id='word_1_364' title='bbox 2688 2132 3037 2203; x_wconf 87' lang='grc' dir='ltr'>ἀπρονοήτως</span> <span class='ocrx_word' id='word_1_365' title='bbox 3061 2129 3203 2203; x_wconf 77' lang='grc' dir='ltr'>ἔχειν</span> <span class='ocrx_word' id='word_1_366' title='bbox 3222 2147 3236 2160; x_wconf 74' lang='grc' dir='ltr'>σ</span> <span class='ocrx_word' id='word_1_367' title='bbox 3271 2130 3305 2202; x_wconf 76' lang='grc' dir='ltr'>ἢ</span> <span class='ocrx_word' id='word_1_368' title='bbox 3356 2129 3577 2191; x_wconf 86' lang='grc' dir='ltr'>τούτους</span> <span class='ocrx_word' id='word_1_369' title='bbox 3606 2130 3707 2198; x_wconf 81' lang='grc' dir='ltr'><strong>μὲν</strong></span> 
     </span>
    </p>
   </div>
   <div class='ocr_carea' id='block_1_53' title="bbox 2139 2218 3705 2293">
    <p class='ocr_par' dir='ltr' id='par_1_53' title="bbox 2139 2218 3705 2293">
     <span class='ocr_line' id='line_1_53' title="bbox 2139 2218 3705 2293; baseline -0.004 -18"><span class='ocrx_word' id='word_1_370' title='bbox 2139 2222 2215 2286; x_wconf 85' lang='grc' dir='ltr'><strong>ὡς</strong></span> <span class='ocrx_word' id='word_1_371' title='bbox 2240 2220 2471 2293; x_wconf 89' lang='grc' dir='ltr'>μάλιστα</span> <span class='ocrx_word' id='word_1_372' title='bbox 2498 2222 2700 2286; x_wconf 88' lang='grc' dir='ltr'>κακούς</span> <span class='ocrx_word' id='word_1_373' title='bbox 2722 2218 2881 2285; x_wconf 77' lang='grc' dir='ltr'>εἶναι,</span> <span class='ocrx_word' id='word_1_374' title='bbox 2903 2223 2994 2276; x_wconf 88' lang='grc' dir='ltr'><strong>τὸν</strong></span> <span class='ocrx_word' id='word_1_375' title='bbox 3016 2222 3072 2274; x_wconf 84' lang='grc' dir='ltr'>δὲ</span> <span class='ocrx_word' id='word_1_376' title='bbox 3103 2220 3235 2275; x_wconf 84' lang='grc' dir='ltr'>Θεὸν</span> <span class='ocrx_word' id='word_1_377' title='bbox 3273 2221 3375 2285; x_wconf 82' lang='grc' dir='ltr'>τὰς</span> <span class='ocrx_word' id='word_1_378' title='bbox 3419 2218 3705 2282; x_wconf 78' lang='grc' dir='ltr'>δυσκολίας</span> 
     </span>
    </p>
   </div>
   <div class='ocr_carea' id='block_1_54' title="bbox 2137 2309 3717 2385">
    <p class='ocr_par' dir='ltr' id='par_1_54' title="bbox 2137 2309 3717 2385">
     <span class='ocr_line' id='line_1_54' title="bbox 2137 2309 3717 2385; baseline -0.004 -18"><span class='ocrx_word' id='word_1_379' title='bbox 2137 2312 2321 2367; x_wconf 86' lang='grc' dir='ltr'>αὐτῶν</span> <span class='ocrx_word' id='word_1_380' title='bbox 2345 2313 2628 2383; x_wconf 76' lang='grc' dir='ltr'>πραύνειν,</span> <span class='ocrx_word' id='word_1_381' title='bbox 2658 2313 2752 2366; x_wconf 76' lang='grc' dir='ltr'>καὶ</span> <span class='ocrx_word' id='word_1_382' title='bbox 2780 2313 2875 2367; x_wconf 78' lang='grc' dir='ltr'>τοῦ</span> <span class='ocrx_word' id='word_1_383' title='bbox 2904 2314 3186 2385; x_wconf 89' lang='grc' dir='ltr'>παρόντος,</span> <span class='ocrx_word' id='word_1_384' title='bbox 3231 2312 3324 2365; x_wconf 77' lang='grc' dir='ltr'>καὶ</span> <span class='ocrx_word' id='word_1_385' title='bbox 3355 2310 3449 2365; x_wconf 82' lang='grc' dir='ltr'><strong>τοῦ</strong></span> <span class='ocrx_word' id='word_1_386' title='bbox 3486 2309 3717 2381; x_wconf 42' lang='grc' dir='ltr'>μέλλον-κ</span> 
     </span>
    </p>
   </div>
   <div class='ocr_carea' id='block_1_55' title="bbox 2136 2399 3702 2475">
    <p class='ocr_par' dir='ltr' id='par_1_55' title="bbox 2136 2399 3702 2475">
     <span class='ocr_line' id='line_1_55' title="bbox 2136 2399 3702 2475; baseline -0.003 -18"><span class='ocrx_word' id='word_1_387' title='bbox 2136 2420 2224 2466; x_wconf 89' lang='grc' dir='ltr'><strong>τος</strong></span> <span class='ocrx_word' id='word_1_388' title='bbox 2255 2402 2443 2475; x_wconf 84' lang='grc' dir='ltr'>ὥσπερ</span> <span class='ocrx_word' id='word_1_389' title='bbox 2469 2404 2799 2458; x_wconf 79' lang='grc' dir='ltr'>ἐπιστατεῖν.</span> <span class='ocrx_word' id='word_1_390' title='bbox 2830 2404 3006 2475; x_wconf 82' lang='grc' dir='ltr'>Ὅπερ</span> <span class='ocrx_word' id='word_1_391' title='bbox 3026 2403 3134 2474; x_wconf 87' lang='grc' dir='ltr'><strong>γάρ</strong></span> <span class='ocrx_word' id='word_1_392' title='bbox 3164 2419 3245 2455; x_wconf 91' lang='grc' dir='ltr'><strong>σοι</strong></span> <span class='ocrx_word' id='word_1_393' title='bbox 3278 2401 3511 2471; x_wconf 86' lang='grc' dir='ltr'>μάλιστα</span> <span class='ocrx_word' id='word_1_394' title='bbox 3542 2399 3608 2453; x_wconf 82' lang='grc' dir='ltr'><strong>ἀν</strong></span> <span class='ocrx_word' id='word_1_395' title='bbox 3632 2400 3702 2452; x_wconf 82' lang='grc' dir='ltr'>ὲκ</span> 
     </span>
    </p>
   </div>
   <div class='ocr_carea' id='block_1_56' title="bbox 2133 2489 3703 2567">
    <p class='ocr_par' dir='ltr' id='par_1_56' title="bbox 2133 2489 3703 2567">
     <span class='ocr_line' id='line_1_56' title="bbox 2133 2489 3703 2567; baseline -0.003 -19"><span class='ocrx_word' id='word_1_396' title='bbox 2133 2495 2336 2548; x_wconf 87' lang='grc' dir='ltr'>τούτων</span> <span class='ocrx_word' id='word_1_397' title='bbox 2381 2494 2577 2565; x_wconf 85' lang='grc' dir='ltr'>ἀληθὲς</span> <span class='ocrx_word' id='word_1_398' title='bbox 2611 2489 2750 2549; x_wconf 74' lang='grc' dir='ltr'>εἶναι</span> <span class='ocrx_word' id='word_1_399' title='bbox 2800 2495 2944 2567; x_wconf 79' lang='grc' dir='ltr'>δόξῃ,</span> <span class='ocrx_word' id='word_1_400' title='bbox 2981 2495 3116 2565; x_wconf 79' lang='grc' dir='ltr'>πρὸς</span> <span class='ocrx_word' id='word_1_401' title='bbox 3153 2494 3373 2548; x_wconf 78' lang='grc' dir='ltr'>ἐπαίνου</span> <span class='ocrx_word' id='word_1_402' title='bbox 3416 2493 3510 2547; x_wconf 80' lang='grc' dir='ltr'>καὶ</span> <span class='ocrx_word' id='word_1_403' title='bbox 3532 2495 3703 2563; x_wconf 79' lang='grc' dir='ltr'>τιμῆς</span> 
     </span>
    </p>
   </div>
   <div class='ocr_carea' id='block_1_57' title="bbox 2132 2584 3698 2659">
    <p class='ocr_par' dir='ltr' id='par_1_57' title="bbox 2132 2584 3698 2659">
     <span class='ocr_line' id='line_1_57' title="bbox 2132 2584 3698 2659; baseline -0.004 -17"><span class='ocrx_word' id='word_1_404' title='bbox 2132 2590 2228 2642; x_wconf 75' lang='grc' dir='ltr'><strong>καὶ</strong></span> <span class='ocrx_word' id='word_1_405' title='bbox 2277 2586 2437 2659; x_wconf 76' lang='grc' dir='ltr'>ζήλου</span> <span class='ocrx_word' id='word_1_406' title='bbox 2480 2588 2608 2659; x_wconf 82' lang='grc' dir='ltr'>περὶ</span> <span class='ocrx_word' id='word_1_407' title='bbox 2639 2587 2816 2641; x_wconf 90' lang='grc' dir='ltr'>αὐτῶν</span> <span class='ocrx_word' id='word_1_408' title='bbox 2842 2586 3169 2656; x_wconf 85' lang='grc' dir='ltr'>συμπάντων</span> <span class='ocrx_word' id='word_1_409' title='bbox 3193 2584 3395 2655; x_wconf 81' lang='grc' dir='ltr'>ἰσχύειν</span> <span class='ocrx_word' id='word_1_410' title='bbox 3427 2584 3698 2652; x_wconf 83' lang='grc' dir='ltr'>φαίνεται.</span> 
     </span>
    </p>
   </div>
   <div class='ocr_carea' id='block_1_58' title="bbox 2131 2673 3700 2751">
    <p class='ocr_par' dir='ltr' id='par_1_58' title="bbox 2131 2673 3700 2751">
     <span class='ocr_line' id='line_1_58' title="bbox 2131 2673 3700 2751; baseline -0.003 -17"><span class='ocrx_word' id='word_1_411' title='bbox 2131 2680 2242 2734; x_wconf 76' lang='grc' dir='ltr'><strong>Καὶ</strong></span> <span class='ocrx_word' id='word_1_412' title='bbox 2265 2680 2332 2735; x_wconf 88' lang='grc' dir='ltr'><strong>τά</strong></span> <span class='ocrx_word' id='word_1_413' title='bbox 2362 2681 2457 2751; x_wconf 79' lang='grc' dir='ltr'>μὲν</span> <span class='ocrx_word' id='word_1_414' title='bbox 2481 2680 2580 2749; x_wconf 79' lang='grc' dir='ltr'>τῆς</span> <span class='ocrx_word' id='word_1_415' title='bbox 2604 2678 2782 2746; x_wconf 72' lang='grc' dir='ltr'>ἐξόδου</span> <span class='ocrx_word' id='word_1_416' title='bbox 2811 2678 2875 2750; x_wconf 85' lang='grc' dir='ltr'>δὴ</span> <span class='ocrx_word' id='word_1_417' title='bbox 2912 2678 3102 2731; x_wconf 77' lang='grc' dir='ltr'>ταῦτα.</span> <span class='ocrx_word' id='word_1_418' title='bbox 3153 2675 3368 2748; x_wconf 77' lang='grc' dir='ltr'>Ἐπειδὴ</span> <span class='ocrx_word' id='word_1_419' title='bbox 3395 2675 3450 2728; x_wconf 85' lang='grc' dir='ltr'>δὲ</span> <span class='ocrx_word' id='word_1_420' title='bbox 3489 2676 3570 2738; x_wconf 86' lang='grc' dir='ltr'>εἰς</span> <span class='ocrx_word' id='word_1_421' title='bbox 3597 2673 3700 2745; x_wconf 83' lang='grc' dir='ltr'><strong>τὴν</strong></span> 
     </span>
    </p>
   </div>
   <div class='ocr_carea' id='block_1_59' title="bbox 2131 2765 3696 2843">
    <p class='ocr_par' dir='ltr' id='par_1_59' title="bbox 2131 2765 3696 2843">
     <span class='ocr_line' id='line_1_59' title="bbox 2131 2765 3696 2843; baseline -0.004 -18"><span class='ocrx_word' id='word_1_422' title='bbox 2131 2771 2235 2842; x_wconf 85' lang='grc' dir='ltr'>γῆν</span> <span class='ocrx_word' id='word_1_423' title='bbox 2256 2771 2457 2842; x_wconf 90' lang='grc' dir='ltr'>ταύτην</span> <span class='ocrx_word' id='word_1_424' title='bbox 2492 2767 2677 2843; x_wconf 75' lang='grc' dir='ltr'>ἦλθον,</span> <span class='ocrx_word' id='word_1_425' title='bbox 2723 2772 2871 2837; x_wconf 81' lang='grc' dir='ltr'>ὅπως</span> <span class='ocrx_word' id='word_1_426' title='bbox 2922 2770 3022 2841; x_wconf 86' lang='grc' dir='ltr'><strong>μέν</strong></span> <span class='ocrx_word' id='word_1_427' title='bbox 3061 2785 3190 2823; x_wconf 88' lang='grc' dir='ltr'>ποτε</span> <span class='ocrx_word' id='word_1_428' title='bbox 3231 2769 3339 2839; x_wconf 81' lang='grc' dir='ltr'><strong>ἀρα</strong></span> <span class='ocrx_word' id='word_1_429' title='bbox 3384 2765 3696 2838; x_wconf 84' lang='grc' dir='ltr'>ἱδρύθησαν,</span> 
     </span>
    </p>
   </div>
   <div class='ocr_carea' id='block_1_60' title="bbox 2130 2858 3700 2933">
    <p class='ocr_par' dir='ltr' id='par_1_60' title="bbox 2130 2858 3700 2933">
     <span class='ocr_line' id='line_1_60' title="bbox 2130 2858 3700 2933; baseline -0.003 -18"><span class='ocrx_word' id='word_1_430' title='bbox 2130 2863 2222 2915; x_wconf 77' lang='grc' dir='ltr'>καὶ</span> <span class='ocrx_word' id='word_1_431' title='bbox 2249 2861 2344 2933; x_wconf 71' lang='grc' dir='ltr'>τὴν</span> <span class='ocrx_word' id='word_1_432' title='bbox 2372 2860 2555 2933; x_wconf 86' lang='grc' dir='ltr'>χώραν</span> <span class='ocrx_word' id='word_1_433' title='bbox 2584 2860 2758 2931; x_wconf 77' lang='grc' dir='ltr'>ἔσχον,</span> <span class='ocrx_word' id='word_1_434' title='bbox 2789 2863 2846 2915; x_wconf 84' lang='grc' dir='ltr'>ὲν</span> <span class='ocrx_word' id='word_1_435' title='bbox 2885 2863 3005 2924; x_wconf 90' lang='grc' dir='ltr'>ταῖς</span> <span class='ocrx_word' id='word_1_436' title='bbox 3039 2863 3208 2932; x_wconf 87' lang='grc' dir='ltr'>ίεραῖς</span> <span class='ocrx_word' id='word_1_437' title='bbox 3237 2860 3577 2929; x_wconf 81' lang='grc' dir='ltr'>ἀναγραφαῖς</span> <span class='ocrx_word' id='word_1_438' title='bbox 3598 2858 3700 2928; x_wconf 83' lang='grc' dir='ltr'>δη-</span> 
     </span>
    </p>
   </div>
   <div class='ocr_carea' id='block_1_61' title="bbox 2129 2950 3696 3025">
    <p class='ocr_par' dir='ltr' id='par_1_61' title="bbox 2129 2950 3696 3025">
     <span class='ocr_line' id='line_1_61' title="bbox 2129 2950 3696 3025; baseline -0.003 -19"><span class='ocrx_word' id='word_1_439' title='bbox 2129 2952 2340 3007; x_wconf 57' lang='grc' dir='ltr'>λοῦσιν</span> <span class='ocrx_word' id='word_1_440' title='bbox 2377 2954 2437 3006; x_wconf 92' lang='grc' dir='ltr'><strong>οὐ</strong></span> <span class='ocrx_word' id='word_1_441' title='bbox 2470 2954 2578 3025; x_wconf 78' lang='grc' dir='ltr'><strong>μὴν</strong></span> <span class='ocrx_word' id='word_1_442' title='bbox 2618 2953 2792 3023; x_wconf 74' lang='grc' dir='ltr'>ἔγωγε</span> <span class='ocrx_word' id='word_1_443' title='bbox 2819 2952 3010 3007; x_wconf 89' lang='grc' dir='ltr'>δικαιῶ</span> <span class='ocrx_word' id='word_1_444' title='bbox 3046 2953 3242 3024; x_wconf 80' lang='grc' dir='ltr'>μᾶλλον</span> <span class='ocrx_word' id='word_1_445' title='bbox 3280 2951 3401 3006; x_wconf 83' lang='grc' dir='ltr'>καθ’</span> <span class='ocrx_word' id='word_1_446' title='bbox 3432 2950 3696 3020; x_wconf 75' lang='grc' dir='ltr'>ἱστορίαν,</span> 
     </span>
    </p>
   </div>
   <div class='ocr_carea' id='block_1_62' title="bbox 460 3040 2027 3131">
    <p class='ocr_par' dir='ltr' id='par_1_62' title="bbox 460 3041 2025 3121">
     <span class='ocr_line' id='line_1_62' title="bbox 460 3041 2025 3121; baseline 0.006 -26"><span class='ocrx_word' id='word_1_447' title='bbox 460 3041 697 3098; x_wconf 77' lang='lat' dir='ltr'><strong>difﬁcilia</strong></span> <span class='ocrx_word' id='word_1_448' title='bbox 717 3060 732 3109; x_wconf 90' lang='lat'><strong>;</strong></span> <span class='ocrx_word' id='word_1_449' title='bbox 751 3045 842 3099; x_wconf 91' lang='lat' dir='ltr'><strong>sed</strong></span> <span class='ocrx_word' id='word_1_450' title='bbox 856 3062 977 3101; x_wconf 92' lang='lat' dir='ltr'><strong>cum</strong></span> <span class='ocrx_word' id='word_1_451' title='bbox 1004 3047 1071 3103; x_wconf 90' lang='lat' dir='ltr'><strong>ad</strong></span> <span class='ocrx_word' id='word_1_452' title='bbox 1107 3047 1586 3119; x_wconf 86' lang='lat' dir='ltr'><strong>obtemperandum</strong></span> <span class='ocrx_word' id='word_1_453' title='bbox 1610 3052 1679 3105; x_wconf 83' lang='lat' dir='ltr'><strong>ex</strong></span> <span class='ocrx_word' id='word_1_454' title='bbox 1703 3066 1820 3105; x_wconf 86' lang='lat' dir='ltr'><strong>sese</strong></span> <span class='ocrx_word' id='word_1_455' title='bbox 1837 3065 2025 3121; x_wconf 88' lang='lat' dir='ltr'><strong>prom—</strong></span> 
     </span>
    </p>
   </div>
   <div class='ocr_carea' id='block_1_63' title="bbox 2131 3040 3701 3131">
    <p class='ocr_par' dir='ltr' id='par_1_63' title="bbox 2131 3040 3701 3117">
     <span class='ocr_line' id='line_1_63' title="bbox 2131 3040 3701 3117; baseline -0.004 -18"><span class='ocrx_word' id='word_1_456' title='bbox 2131 3046 2161 3117; x_wconf 80' lang='grc' dir='ltr'>ἧ</span> <span class='ocrx_word' id='word_1_457' title='bbox 2197 3046 2338 3099; x_wconf 88' lang='grc' dir='ltr'>κατά</span> <span class='ocrx_word' id='word_1_458' title='bbox 2357 3062 2479 3099; x_wconf 90' lang='grc' dir='ltr'>τινα</span> <span class='ocrx_word' id='word_1_459' title='bbox 2499 3045 2758 3115; x_wconf 83' lang='grc' dir='ltr'>λογισμὸν</span> <span class='ocrx_word' id='word_1_460' title='bbox 2790 3046 2918 3116; x_wconf 80' lang='grc' dir='ltr'>περὶ</span> <span class='ocrx_word' id='word_1_461' title='bbox 2950 3043 3127 3097; x_wconf 89' lang='grc' dir='ltr'>αὐτῶν</span> <span class='ocrx_word' id='word_1_462' title='bbox 3153 3044 3224 3096; x_wconf 78' lang='grc' dir='ltr'>τὰ</span> <span class='ocrx_word' id='word_1_463' title='bbox 3256 3043 3441 3096; x_wconf 82' lang='grc' dir='ltr'>εἰκότα</span> <span class='ocrx_word' id='word_1_464' title='bbox 3475 3040 3701 3105; x_wconf 76' lang='grc' dir='ltr'>ἐπεξελ-</span> 
     </span>
    </p>
   </div>
   <div class='ocr_carea' id='block_1_64' title="bbox 461 3133 2027 3210">
    <p class='ocr_par' dir='ltr' id='par_1_64' title="bbox 461 3136 2027 3210">
     <span class='ocr_line' id='line_1_64' title="bbox 461 3136 2027 3210; baseline 0.008 -23"><span class='ocrx_word' id='word_1_465' title='bbox 461 3142 710 3202; x_wconf 82' lang='lat' dir='ltr'><strong>pta,tum</strong></span> <span class='ocrx_word' id='word_1_466' title='bbox 733 3151 863 3191; x_wconf 89' lang='lat' dir='ltr'><strong>vero</strong></span> <span class='ocrx_word' id='word_1_467' title='bbox 888 3153 957 3193; x_wconf 89' lang='lat' dir='ltr'><strong>ne</strong></span> <span class='ocrx_word' id='word_1_468' title='bbox 980 3136 1149 3193; x_wconf 88' lang='lat' dir='ltr'><strong>futuri</strong></span> <span class='ocrx_word' id='word_1_469' title='bbox 1185 3140 1399 3209; x_wconf 87' lang='lat' dir='ltr'><strong>quidem</strong></span> <span class='ocrx_word' id='word_1_470' title='bbox 1422 3141 1744 3210; x_wconf 88' lang='lat' dir='ltr'><strong>improvida,</strong></span> <span class='ocrx_word' id='word_1_471' title='bbox 1774 3143 2027 3208; x_wconf 89' lang='lat' dir='ltr'><strong>aut,licet</strong></span> 
     </span>
    </p>
   </div>
   <div class='ocr_carea' id='block_1_65' title="bbox 2131 3133 3700 3210">
    <p class='ocr_par' dir='ltr' id='par_1_65' title="bbox 2131 3133 3700 3209">
     <span class='ocr_line' id='line_1_65' title="bbox 2131 3133 3700 3209; baseline -0.003 -18"><span class='ocrx_word' id='word_1_472' title='bbox 2131 3137 2260 3191; x_wconf 86' lang='grc' dir='ltr'>θεῖν.</span> <span class='ocrx_word' id='word_1_473' title='bbox 2288 3138 2521 3209; x_wconf 86' lang='grc' dir='ltr'>Πότερον</span> <span class='ocrx_word' id='word_1_474' title='bbox 2545 3137 2653 3207; x_wconf 90' lang='grc' dir='ltr'><strong>γάρ</strong></span> <span class='ocrx_word' id='word_1_475' title='bbox 2685 3153 2813 3190; x_wconf 89' lang='grc' dir='ltr'>ποτε</span> <span class='ocrx_word' id='word_1_476' title='bbox 2838 3135 3035 3206; x_wconf 85' lang='grc' dir='ltr'>βούλει,</span> <span class='ocrx_word' id='word_1_477' title='bbox 3052 3134 3130 3206; x_wconf 84' lang='grc' dir='ltr'>τῷ</span> <span class='ocrx_word' id='word_1_478' title='bbox 3151 3135 3346 3207; x_wconf 86' lang='grc' dir='ltr'>πλήθει</span> <span class='ocrx_word' id='word_1_479' title='bbox 3373 3135 3481 3188; x_wconf 91' lang='grc' dir='ltr'><strong>τῶν</strong></span> <span class='ocrx_word' id='word_1_480' title='bbox 3508 3133 3700 3204; x_wconf 88' lang='grc' dir='ltr'>σωμά-</span> 
     </span>
    </p>
   </div>
   <div class='ocr_carea' id='block_1_66' title="bbox 461 3224 2026 3299">
    <p class='ocr_par' dir='ltr' id='par_1_66' title="bbox 461 3224 2026 3299">
     <span class='ocr_line' id='line_1_66' title="bbox 461 3224 2026 3299; baseline 0.008 -22"><span class='ocrx_word' id='word_1_481' title='bbox 461 3224 663 3295; x_wconf 76' lang='lat' dir='ltr'><strong>insigni</strong></span> <span class='ocrx_word' id='word_1_482' title='bbox 685 3241 898 3282; x_wconf 90' lang='lat' dir='ltr'><strong>morum</strong></span> <span class='ocrx_word' id='word_1_483' title='bbox 916 3230 1264 3299; x_wconf 86' lang='lat' dir='ltr'><strong>improbitate</strong></span> <span class='ocrx_word' id='word_1_484' title='bbox 1291 3230 1490 3299; x_wconf 85' lang='lat' dir='ltr'><strong>forent,</strong></span> <span class='ocrx_word' id='word_1_485' title='bbox 1519 3232 1687 3287; x_wconf 91' lang='lat' dir='ltr'><strong>Deum</strong></span> <span class='ocrx_word' id='word_1_486' title='bbox 1717 3241 1895 3289; x_wconf 90' lang='lat' dir='ltr'><strong>tamen</strong></span> <span class='ocrx_word' id='word_1_487' title='bbox 1922 3235 2026 3290; x_wconf 93' lang='lat' dir='ltr'><strong>hoc</strong></span> 
     </span>
    </p>
   </div>
   <div class='ocr_carea' id='block_1_67' title="bbox 459 3318 2025 3396">
    <p class='ocr_par' dir='ltr' id='par_1_67' title="bbox 459 3318 2025 3396">
     <span class='ocr_line' id='line_1_67' title="bbox 459 3318 2025 3396; baseline 0.008 -25"><span class='ocrx_word' id='word_1_488' title='bbox 459 3318 596 3387; x_wconf 84' lang='lat' dir='ltr'><strong>ipsis</strong></span> <span class='ocrx_word' id='word_1_489' title='bbox 614 3327 822 3375; x_wconf 75' lang='lat' dir='ltr'><strong>naturae</strong></span> <span class='ocrx_word' id='word_1_490' title='bbox 831 3320 1022 3375; x_wconf 90' lang='lat' dir='ltr'><strong>vitium</strong></span> <span class='ocrx_word' id='word_1_491' title='bbox 1039 3324 1490 3393; x_wconf 88' lang='lat' dir='ltr'><strong>asperitatemque</strong></span> <span class='ocrx_word' id='word_1_492' title='bbox 1502 3325 1669 3380; x_wconf 86' lang='lat' dir='ltr'><strong>lenire</strong></span> <span class='ocrx_word' id='word_1_493' title='bbox 1681 3363 1697 3389; x_wconf 89' lang='lat'><strong>,</strong></span> <span class='ocrx_word' id='word_1_494' title='bbox 1722 3336 1774 3381; x_wconf 89' lang='lat' dir='ltr'><strong>et</strong></span> <span class='ocrx_word' id='word_1_495' title='bbox 1790 3341 2025 3396; x_wconf 78' lang='lat' dir='ltr'><strong>praesen-</strong></span> 
     </span>
    </p>
   </div>
   <div class='ocr_carea' id='block_1_68' title="bbox 456 3410 2023 3484">
    <p class='ocr_par' dir='ltr' id='par_1_68' title="bbox 456 3410 2023 3484">
     <span class='ocr_line' id='line_1_68' title="bbox 456 3410 2023 3484; baseline 0.005 -19"><span class='ocrx_word' id='word_1_496' title='bbox 456 3411 531 3467; x_wconf 84' lang='lat' dir='ltr'><strong>tis</strong></span> <span class='ocrx_word' id='word_1_497' title='bbox 556 3410 716 3467; x_wconf 87' lang='lat' dir='ltr'><strong>simul</strong></span> <span class='ocrx_word' id='word_1_498' title='bbox 746 3411 1026 3482; x_wconf 84' lang='lat' dir='ltr'><strong>futurique</strong></span> <span class='ocrx_word' id='word_1_499' title='bbox 1043 3415 1281 3470; x_wconf 87' lang='lat' dir='ltr'><strong>rationes</strong></span> <span class='ocrx_word' id='word_1_500' title='bbox 1294 3415 1644 3484; x_wconf 70' lang='lat' dir='ltr'><strong>providentiae</strong></span> <span class='ocrx_word' id='word_1_501' title='bbox 1665 3432 1776 3472; x_wconf 75' lang='lat' dir='ltr'><strong>suae</strong></span> <span class='ocrx_word' id='word_1_502' title='bbox 1794 3418 2023 3473; x_wconf 90' lang='lat' dir='ltr'><strong>consilio</strong></span> 
     </span>
    </p>
   </div>
   <div class='ocr_carea' id='block_1_69' title="bbox 457 3501 2024 3577">
    <p class='ocr_par' dir='ltr' id='par_1_69' title="bbox 457 3501 2024 3577">
     <span class='ocr_line' id='line_1_69' title="bbox 457 3501 2024 3577; baseline 0.006 -22"><span class='ocrx_word' id='word_1_503' title='bbox 457 3501 751 3557; x_wconf 74' lang='lat' dir='ltr'><strong>moderari.</strong></span> <span class='ocrx_word' id='word_1_504' title='bbox 783 3501 978 3559; x_wconf 87' lang='lat' dir='ltr'><strong>Utrum</strong></span> <span class='ocrx_word' id='word_1_505' title='bbox 1019 3513 1200 3560; x_wconf 91' lang='lat' dir='ltr'><strong>autem</strong></span> <span class='ocrx_word' id='word_1_506' title='bbox 1250 3505 1497 3571; x_wconf 87' lang='lat' dir='ltr'><strong>dederis,</strong></span> <span class='ocrx_word' id='word_1_507' title='bbox 1532 3507 1586 3562; x_wconf 90' lang='lat' dir='ltr'><strong>id</strong></span> <span class='ocrx_word' id='word_1_508' title='bbox 1634 3507 1875 3577; x_wconf 87' lang='lat' dir='ltr'><strong>profecto</strong></span> <span class='ocrx_word' id='word_1_509' title='bbox 1919 3509 2024 3565; x_wconf 88' lang='lat' dir='ltr'><strong>erit</strong></span> 
     </span>
    </p>
   </div>
   <div class='ocr_carea' id='block_1_70' title="bbox 455 3590 2020 3667">
    <p class='ocr_par' dir='ltr' id='par_1_70' title="bbox 455 3590 2020 3667">
     <span class='ocr_line' id='line_1_70' title="bbox 455 3590 2020 3667; baseline 0.008 -22"><span class='ocrx_word' id='word_1_510' title='bbox 455 3590 747 3660; x_wconf 86' lang='lat' dir='ltr'><strong>ejusmodi,</strong></span> <span class='ocrx_word' id='word_1_511' title='bbox 766 3592 912 3663; x_wconf 91' lang='lat' dir='ltr'><strong>quod</strong></span> <span class='ocrx_word' id='word_1_512' title='bbox 945 3592 1013 3649; x_wconf 91' lang='lat' dir='ltr'><strong>ad</strong></span> <span class='ocrx_word' id='word_1_513' title='bbox 1052 3594 1380 3665; x_wconf 58' lang='lat' dir='ltr'><strong>praecipuam</strong></span> <span class='ocrx_word' id='word_1_514' title='bbox 1404 3596 1697 3667; x_wconf 85' lang='lat' dir='ltr'><strong>quamdam</strong></span> <span class='ocrx_word' id='word_1_515' title='bbox 1738 3590 2020 3656; x_wconf 73' lang='lat' dir='ltr'><strong>universo-</strong></span> 
     </span>
    </p>
   </div>
   <div class='ocr_carea' id='block_1_71' title="bbox 455 3683 2017 3760">
    <p class='ocr_par' dir='ltr' id='par_1_71' title="bbox 455 3683 2017 3760">
     <span class='ocr_line' id='line_1_71' title="bbox 455 3683 2017 3760; baseline 0.01 -23"><span class='ocrx_word' id='word_1_516' title='bbox 455 3698 579 3738; x_wconf 87' lang='lat' dir='ltr'><strong>rum</strong></span> <span class='ocrx_word' id='word_1_517' title='bbox 622 3683 836 3740; x_wconf 89' lang='lat' dir='ltr'><strong>laudem</strong></span> <span class='ocrx_word' id='word_1_518' title='bbox 877 3695 1043 3758; x_wconf 89' lang='lat' dir='ltr'><strong>atque</strong></span> <span class='ocrx_word' id='word_1_519' title='bbox 1092 3687 1409 3759; x_wconf 85' lang='lat' dir='ltr'><strong>dignitatem</strong></span> <span class='ocrx_word' id='word_1_520' title='bbox 1455 3691 1724 3760; x_wconf 89' lang='lat' dir='ltr'><strong>pertinere</strong></span> <span class='ocrx_word' id='word_1_521' title='bbox 1753 3692 2017 3752; x_wconf 87' lang='lat' dir='ltr'><strong>videatur.</strong></span> 
     </span>
    </p>
   </div>
   <div class='ocr_carea' id='block_1_72' title="bbox 455 3775 2018 3850">
    <p class='ocr_par' dir='ltr' id='par_1_72' title="bbox 455 3775 2018 3850">
     <span class='ocr_line' id='line_1_72' title="bbox 455 3775 2018 3850; baseline 0.008 -19"><span class='ocrx_word' id='word_1_522' title='bbox 455 3775 522 3831; x_wconf 85' lang='lat' dir='ltr'><strong>Et</strong></span> <span class='ocrx_word' id='word_1_523' title='bbox 545 3775 896 3847; x_wconf 87' lang='lat' dir='ltr'><strong>profectionis</strong></span> <span class='ocrx_word' id='word_1_524' title='bbox 926 3780 1146 3850; x_wconf 86' lang='lat' dir='ltr'><strong>quidem</strong></span> <span class='ocrx_word' id='word_1_525' title='bbox 1175 3781 1290 3837; x_wconf 62' lang='lat' dir='ltr'><strong>haec</strong></span> <span class='ocrx_word' id='word_1_526' title='bbox 1318 3782 1458 3836; x_wconf 90' lang='lat' dir='ltr'><strong>ratio</strong></span> <span class='ocrx_word' id='word_1_527' title='bbox 1484 3781 1607 3837; x_wconf 89' lang='lat' dir='ltr'><strong>fuit.</strong></span> <span class='ocrx_word' id='word_1_528' title='bbox 1640 3782 1760 3839; x_wconf 84' lang='lat' dir='ltr'><strong>Jam</strong></span> <span class='ocrx_word' id='word_1_529' title='bbox 1797 3786 1888 3840; x_wconf 90' lang='lat' dir='ltr'><strong>ubi</strong></span> <span class='ocrx_word' id='word_1_530' title='bbox 1908 3796 2018 3843; x_wconf 90' lang='lat' dir='ltr'><strong>ter-</strong></span> 
     </span>
    </p>
   </div>
   <div class='ocr_carea' id='block_1_73' title="bbox 453 3867 2016 3943">
    <p class='ocr_par' dir='ltr' id='par_1_73' title="bbox 453 3867 2016 3943">
     <span class='ocr_line' id='line_1_73' title="bbox 453 3867 2016 3943; baseline 0.009 -23"><span class='ocrx_word' id='word_1_531' title='bbox 453 3883 571 3922; x_wconf 82' lang='lat' dir='ltr'><strong>ram</strong></span> <span class='ocrx_word' id='word_1_532' title='bbox 603 3867 748 3923; x_wconf 91' lang='lat' dir='ltr'><strong>illam</strong></span> <span class='ocrx_word' id='word_1_533' title='bbox 795 3870 1127 3941; x_wconf 73' lang='lat' dir='ltr'><strong>attigissent,</strong></span> <span class='ocrx_word' id='word_1_534' title='bbox 1174 3874 1630 3943; x_wconf 88' lang='lat' dir='ltr'><strong>quemadmodum</strong></span> <span class='ocrx_word' id='word_1_535' title='bbox 1680 3892 1902 3932; x_wconf 91' lang='lat' dir='ltr'><strong>suarum</strong></span> <span class='ocrx_word' id='word_1_536' title='bbox 1944 3880 2016 3934; x_wconf 89' lang='lat' dir='ltr'><strong>ibi</strong></span> 
     </span>
    </p>
   </div>
   <div class='ocr_carea' id='block_1_74' title="bbox 453 3959 2016 4038">
    <p class='ocr_par' dir='ltr' id='par_1_74' title="bbox 453 3959 2016 4038">
     <span class='ocr_line' id='line_1_74' title="bbox 453 3959 2016 4038; baseline 0.01 -27"><span class='ocrx_word' id='word_1_537' title='bbox 453 3972 637 4012; x_wconf 87' lang='lat' dir='ltr'><strong>rerum</strong></span> <span class='ocrx_word' id='word_1_538' title='bbox 674 3959 946 4017; x_wconf 91' lang='lat' dir='ltr'><strong>domicilia</strong></span> <span class='ocrx_word' id='word_1_539' title='bbox 974 3964 1322 4031; x_wconf 86' lang='lat' dir='ltr'><strong>collocarint,</strong></span> <span class='ocrx_word' id='word_1_540' title='bbox 1370 3980 1597 4036; x_wconf 89' lang='lat' dir='ltr'><strong>eamque</strong></span> <span class='ocrx_word' id='word_1_541' title='bbox 1625 3969 1902 4038; x_wconf 79' lang='lat' dir='ltr'><strong>regionem</strong></span> <span class='ocrx_word' id='word_1_542' title='bbox 1936 3981 2016 4025; x_wconf 87' lang='lat' dir='ltr'><strong>te-</strong></span> 
     </span>
    </p>
   </div>
   <div class='ocr_carea' id='block_1_75' title="bbox 453 4050 2013 4129">
    <p class='ocr_par' dir='ltr' id='par_1_75' title="bbox 453 4050 2013 4129">
     <span class='ocr_line' id='line_1_75' title="bbox 453 4050 2013 4129; baseline 0.008 -26"><span class='ocrx_word' id='word_1_543' title='bbox 453 4050 696 4117; x_wconf 90' lang='lat' dir='ltr'><strong>nuerint,</strong></span> <span class='ocrx_word' id='word_1_544' title='bbox 738 4067 908 4109; x_wconf 72' lang='lat' dir='ltr'><strong>sacrae</strong></span> <span class='ocrx_word' id='word_1_545' title='bbox 939 4056 1157 4125; x_wconf 87' lang='lat' dir='ltr'><strong>quidem</strong></span> <span class='ocrx_word' id='word_1_546' title='bbox 1190 4072 1380 4113; x_wconf 91' lang='lat' dir='ltr'><strong>eorum</strong></span> <span class='ocrx_word' id='word_1_547' title='bbox 1438 4059 1630 4114; x_wconf 85' lang='lat' dir='ltr'><strong>litterae</strong></span> <span class='ocrx_word' id='word_1_548' title='bbox 1670 4060 1968 4129; x_wconf 90' lang='lat' dir='ltr'><strong>loquuntur</strong></span> <span class='ocrx_word' id='word_1_549' title='bbox 2001 4080 2013 4115; x_wconf 92' lang='lat'>:</span> 
     </span>
    </p>
   </div>
   <div class='ocr_carea' id='block_1_76' title="bbox 452 4142 2013 4221">
    <p class='ocr_par' dir='ltr' id='par_1_76' title="bbox 452 4142 2013 4221">
     <span class='ocr_line' id='line_1_76' title="bbox 452 4142 2013 4221; baseline 0.008 -26"><span class='ocrx_word' id='word_1_550' title='bbox 452 4142 596 4198; x_wconf 84' lang='lat' dir='ltr'><strong>malo</strong></span> <span class='ocrx_word' id='word_1_551' title='bbox 625 4151 805 4199; x_wconf 90' lang='lat' dir='ltr'><strong>tamen</strong></span> <span class='ocrx_word' id='word_1_552' title='bbox 836 4146 939 4200; x_wconf 92' lang='lat' dir='ltr'><strong>hoc</strong></span> <span class='ocrx_word' id='word_1_553' title='bbox 962 4147 1106 4215; x_wconf 87' lang='lat' dir='ltr'><strong>loco,</strong></span> <span class='ocrx_word' id='word_1_554' title='bbox 1135 4164 1242 4203; x_wconf 90' lang='lat' dir='ltr'><strong>non</strong></span> <span class='ocrx_word' id='word_1_555' title='bbox 1270 4159 1378 4204; x_wconf 89' lang='lat' dir='ltr'><strong>tam</strong></span> <span class='ocrx_word' id='word_1_556' title='bbox 1414 4151 1491 4205; x_wconf 89' lang='lat' dir='ltr'><strong>rei</strong></span> <span class='ocrx_word' id='word_1_557' title='bbox 1522 4159 1686 4221; x_wconf 80' lang='lat' dir='ltr'><strong>gestae</strong></span> <span class='ocrx_word' id='word_1_558' title='bbox 1709 4152 2013 4217; x_wconf 87' lang='lat' dir='ltr'><strong>historiam,</strong></span> 
     </span>
    </p>
   </div>
   <div class='ocr_carea' id='block_1_77' title="bbox 450 4233 2013 4313">
    <p class='ocr_par' dir='ltr' id='par_1_77' title="bbox 450 4233 2013 4313">
     <span class='ocr_line' id='line_1_77' title="bbox 450 4233 2013 4313; baseline 0.009 -31"><span class='ocrx_word' id='word_1_559' title='bbox 450 4246 614 4301; x_wconf 83' lang='lat' dir='ltr'><strong>quam</strong></span> <span class='ocrx_word' id='word_1_560' title='bbox 664 4233 1078 4303; x_wconf 87' lang='lat' dir='ltr'><strong>ratiocinando,</strong></span> <span class='ocrx_word' id='word_1_561' title='bbox 1106 4238 1250 4307; x_wconf 91' lang='lat' dir='ltr'><strong>quod</strong></span> <span class='ocrx_word' id='word_1_562' title='bbox 1285 4239 1580 4294; x_wconf 84' lang='lat' dir='ltr'><strong>verisimile</strong></span> <span class='ocrx_word' id='word_1_563' title='bbox 1608 4238 1789 4305; x_wconf 90' lang='lat' dir='ltr'><strong>fuerit,</strong></span> <span class='ocrx_word' id='word_1_564' title='bbox 1826 4255 2013 4313; x_wconf 89' lang='lat' dir='ltr'><strong>perse—</strong></span> 
     </span>
    </p>
   </div>
   <div class='ocr_carea' id='block_1_78' title="bbox 449 4319 2013 4393">
    <p class='ocr_par' dir='ltr' id='par_1_78' title="bbox 449 4319 2013 4393">
     <span class='ocr_line' id='line_1_78' title="bbox 449 4319 2013 4393; baseline 0.005 -18"><span class='ocrx_word' id='word_1_565' title='bbox 449 4321 564 4390; x_wconf 90' lang='lat' dir='ltr'><strong>qui.</strong></span> <span class='ocrx_word' id='word_1_566' title='bbox 615 4319 809 4377; x_wconf 85' lang='lat' dir='ltr'><strong>Utrum</strong></span> <span class='ocrx_word' id='word_1_567' title='bbox 844 4325 987 4379; x_wconf 90' lang='lat' dir='ltr'><strong>enim</strong></span> <span class='ocrx_word' id='word_1_568' title='bbox 1039 4342 1134 4382; x_wconf 88' lang='lat' dir='ltr'><strong>eos</strong></span> <span class='ocrx_word' id='word_1_569' title='bbox 1166 4327 1361 4393; x_wconf 87' lang='lat' dir='ltr'><strong>mavis,</strong></span> <span class='ocrx_word' id='word_1_570' title='bbox 1394 4328 1674 4383; x_wconf 91' lang='lat' dir='ltr'><strong>hominum</strong></span> <span class='ocrx_word' id='word_1_571' title='bbox 1710 4328 1887 4383; x_wconf 89' lang='lat' dir='ltr'><strong>adhuc</strong></span> <span class='ocrx_word' id='word_1_572' title='bbox 1920 4343 2013 4383; x_wconf 90' lang='lat' dir='ltr'><strong>va-</strong></span> 
     </span>
    </p>
   </div>
   <div class='ocr_carea' id='block_1_79' title="bbox 2124 3225 3696 3301">
    <p class='ocr_par' dir='ltr' id='par_1_79' title="bbox 2124 3225 3696 3301">
     <span class='ocr_line' id='line_1_79' title="bbox 2124 3225 3696 3301; baseline -0.005 -17"><span class='ocrx_word' id='word_1_573' title='bbox 2124 3248 2231 3284; x_wconf 91' lang='grc' dir='ltr'><strong>των</strong></span> <span class='ocrx_word' id='word_1_574' title='bbox 2254 3231 2333 3284; x_wconf 78' lang='grc' dir='ltr'><strong>ἔτι</strong></span> <span class='ocrx_word' id='word_1_575' title='bbox 2364 3229 2649 3301; x_wconf 89' lang='grc' dir='ltr'>περιόντας</span> <span class='ocrx_word' id='word_1_576' title='bbox 2668 3268 2683 3291; x_wconf 95' lang='grc'><strong>,</strong></span> <span class='ocrx_word' id='word_1_577' title='bbox 2717 3227 2918 3299; x_wconf 88' lang='grc' dir='ltr'>καίπερ</span> <span class='ocrx_word' id='word_1_578' title='bbox 2955 3229 3034 3290; x_wconf 87' lang='grc' dir='ltr'><strong>είς</strong></span> <span class='ocrx_word' id='word_1_579' title='bbox 3068 3226 3219 3290; x_wconf 82' lang='grc' dir='ltr'>τέλος</span> <span class='ocrx_word' id='word_1_580' title='bbox 3251 3225 3696 3296; x_wconf 82' lang='grc' dir='ltr'>κεκακωμένους,</span> 
     </span>
    </p>
   </div>
   <div class='ocr_carea' id='block_1_80' title="bbox 2123 3316 3692 3393">
    <p class='ocr_par' dir='ltr' id='par_1_80' title="bbox 2123 3316 3692 3393">
     <span class='ocr_line' id='line_1_80' title="bbox 2123 3316 3692 3393; baseline -0.005 -16"><span class='ocrx_word' id='word_1_581' title='bbox 2123 3323 2272 3393; x_wconf 82' lang='grc' dir='ltr'>ὅμως</span> <span class='ocrx_word' id='word_1_582' title='bbox 2301 3322 2357 3375; x_wconf 84' lang='grc' dir='ltr'>δὲ</span> <span class='ocrx_word' id='word_1_583' title='bbox 2410 3320 2766 3391; x_wconf 88' lang='grc' dir='ltr'>διισχύοντας,</span> <span class='ocrx_word' id='word_1_584' title='bbox 2795 3320 2889 3372; x_wconf 78' lang='grc' dir='ltr'><strong>καὶ</strong></span> <span class='ocrx_word' id='word_1_585' title='bbox 2907 3319 2975 3372; x_wconf 89' lang='grc' dir='ltr'><strong>τά</strong></span> <span class='ocrx_word' id='word_1_586' title='bbox 3004 3319 3141 3372; x_wconf 81' lang='grc' dir='ltr'>ὅπλα</span> <span class='ocrx_word' id='word_1_587' title='bbox 3156 3320 3213 3372; x_wconf 83' lang='grc' dir='ltr'>ὲν</span> <span class='ocrx_word' id='word_1_588' title='bbox 3237 3318 3419 3389; x_wconf 82' lang='grc' dir='ltr'>χερσὶν</span> <span class='ocrx_word' id='word_1_589' title='bbox 3446 3316 3692 3388; x_wconf 81' lang='grc' dir='ltr'>ἔχοντας,</span> 
     </span>
    </p>
   </div>
   <div class='ocr_carea' id='block_1_81' title="bbox 2123 3408 3694 3484">
    <p class='ocr_par' dir='ltr' id='par_1_81' title="bbox 2123 3408 3694 3484">
     <span class='ocr_line' id='line_1_81' title="bbox 2123 3408 3694 3484; baseline -0.005 -16"><span class='ocrx_word' id='word_1_590' title='bbox 2123 3408 2241 3468; x_wconf 76' lang='grc' dir='ltr'>εἶτα</span> <span class='ocrx_word' id='word_1_591' title='bbox 2273 3412 2413 3467; x_wconf 89' lang='grc' dir='ltr'><strong>κατά</strong></span> <span class='ocrx_word' id='word_1_592' title='bbox 2438 3412 2635 3484; x_wconf 90' lang='grc' dir='ltr'>κράτος</span> <span class='ocrx_word' id='word_1_593' title='bbox 2689 3412 2825 3465; x_wconf 79' lang='grc' dir='ltr'>ἑλεῖν</span> <span class='ocrx_word' id='word_1_594' title='bbox 2862 3411 2961 3482; x_wconf 83' lang='grc' dir='ltr'>τὴν</span> <span class='ocrx_word' id='word_1_595' title='bbox 2983 3410 3162 3482; x_wconf 83' lang='grc' dir='ltr'>χώραν</span> <span class='ocrx_word' id='word_1_596' title='bbox 3181 3452 3195 3472; x_wconf 84' lang='grc'><strong>,</strong></span> <span class='ocrx_word' id='word_1_597' title='bbox 3223 3410 3426 3481; x_wconf 88' lang='grc' dir='ltr'>Σύρους</span> <span class='ocrx_word' id='word_1_598' title='bbox 3468 3425 3529 3461; x_wconf 89' lang='grc' dir='ltr'><strong>τε</strong></span> <span class='ocrx_word' id='word_1_599' title='bbox 3554 3408 3694 3479; x_wconf 73' lang='grc' dir='ltr'>ὁμοῦ</span> 
     </span>
    </p>
   </div>
   <div class='ocr_carea' id='block_1_82' title="bbox 2123 3497 3696 3574">
    <p class='ocr_par' dir='ltr' id='par_1_82' title="bbox 2123 3497 3696 3574">
     <span class='ocr_line' id='line_1_82' title="bbox 2123 3497 3696 3574; baseline -0.004 -17"><span class='ocrx_word' id='word_1_600' title='bbox 2123 3505 2218 3557; x_wconf 76' lang='grc' dir='ltr'>καὶ</span> <span class='ocrx_word' id='word_1_601' title='bbox 2244 3503 2495 3567; x_wconf 79' lang='grc' dir='ltr'>Φοίνικας</span> <span class='ocrx_word' id='word_1_602' title='bbox 2516 3506 2572 3557; x_wconf 82' lang='grc' dir='ltr'>ὲν</span> <span class='ocrx_word' id='word_1_603' title='bbox 2596 3504 2732 3574; x_wconf 84' lang='grc' dir='ltr'>αὐτῇ</span> <span class='ocrx_word' id='word_1_604' title='bbox 2753 3506 2819 3574; x_wconf 86' lang='grc' dir='ltr'>τῇ</span> <span class='ocrx_word' id='word_1_605' title='bbox 2857 3502 3078 3555; x_wconf 78' lang='grc' dir='ltr'>ἐκείνων</span> <span class='ocrx_word' id='word_1_606' title='bbox 3112 3503 3181 3571; x_wconf 78' lang='grc' dir='ltr'>γῇ</span> <span class='ocrx_word' id='word_1_607' title='bbox 3234 3497 3570 3571; x_wconf 84' lang='grc' dir='ltr'>μαχομένους</span> <span class='ocrx_word' id='word_1_608' title='bbox 3610 3515 3696 3552; x_wconf 87' lang='grc' dir='ltr'>νι-</span> 
     </span>
    </p>
   </div>
   <div class='ocr_carea' id='block_1_83' title="bbox 2122 3590 3695 3668">
    <p class='ocr_par' dir='ltr' id='par_1_83' title="bbox 2122 3590 3695 3668">
     <span class='ocr_line' id='line_1_83' title="bbox 2122 3590 3695 3668; baseline -0.004 -18"><span class='ocrx_word' id='word_1_609' title='bbox 2122 3596 2372 3660; x_wconf 79' lang='grc' dir='ltr'>κῶντας⁴</span> <span class='ocrx_word' id='word_1_610' title='bbox 2433 3596 2469 3668; x_wconf 81' lang='grc' dir='ltr'>ἢ</span> <span class='ocrx_word' id='word_1_611' title='bbox 2509 3597 2636 3661; x_wconf 74' lang='grc' dir='ltr'>τοὺς</span> <span class='ocrx_word' id='word_1_612' title='bbox 2682 3596 2779 3667; x_wconf 76' lang='grc' dir='ltr'><strong>μὲν</strong></span> <span class='ocrx_word' id='word_1_613' title='bbox 2809 3634 2825 3655; x_wconf 87' lang='grc'><strong>,</strong></span> <span class='ocrx_word' id='word_1_614' title='bbox 2877 3593 3185 3663; x_wconf 81' lang='grc' dir='ltr'>ἀπολέμους</span> <span class='ocrx_word' id='word_1_615' title='bbox 3250 3592 3345 3646; x_wconf 74' lang='grc' dir='ltr'><strong>καὶ</strong></span> <span class='ocrx_word' id='word_1_616' title='bbox 3397 3590 3695 3661; x_wconf 82' lang='grc' dir='ltr'>ἀνάνδρους</span> 
     </span>
    </p>
   </div>
   <div class='ocr_carea' id='block_1_84' title="bbox 2121 3680 3693 3755">
    <p class='ocr_par' dir='ltr' id='par_1_84' title="bbox 2121 3680 3693 3755">
     <span class='ocr_line' id='line_1_84' title="bbox 2121 3680 3693 3755; baseline -0.004 -15"><span class='ocrx_word' id='word_1_617' title='bbox 2121 3683 2278 3751; x_wconf 74' lang='grc' dir='ltr'>εἶναι,</span> <span class='ocrx_word' id='word_1_618' title='bbox 2305 3687 2401 3741; x_wconf 76' lang='grc' dir='ltr'>καὶ</span> <span class='ocrx_word' id='word_1_619' title='bbox 2424 3686 2701 3751; x_wconf 84' lang='grc' dir='ltr'>παντελῶς</span> <span class='ocrx_word' id='word_1_620' title='bbox 2729 3687 2936 3755; x_wconf 82' lang='grc' dir='ltr'>ὀλίγους</span> <span class='ocrx_word' id='word_1_621' title='bbox 2965 3682 3310 3754; x_wconf 85' lang='grc' dir='ltr'>ὐποθώμεθα,</span> <span class='ocrx_word' id='word_1_622' title='bbox 3338 3681 3430 3736; x_wconf 78' lang='grc' dir='ltr'>καὶ</span> <span class='ocrx_word' id='word_1_623' title='bbox 3454 3680 3563 3734; x_wconf 90' lang='grc' dir='ltr'><strong>τῶν</strong></span> <span class='ocrx_word' id='word_1_624' title='bbox 3608 3682 3693 3744; x_wconf 76' lang='grc' dir='ltr'><strong>εἰς</strong></span> 
     </span>
    </p>
   </div>
   <div class='ocr_carea' id='block_1_85' title="bbox 2122 3773 3695 3850">
    <p class='ocr_par' dir='ltr' id='par_1_85' title="bbox 2122 3773 3695 3850">
     <span class='ocr_line' id='line_1_85' title="bbox 2122 3773 3695 3850; baseline -0.004 -18"><span class='ocrx_word' id='word_1_625' title='bbox 2122 3780 2354 3850; x_wconf 86' lang='grc' dir='ltr'>πόλεμον</span> <span class='ocrx_word' id='word_1_626' title='bbox 2388 3778 2747 3850; x_wconf 88' lang='grc' dir='ltr'>παρασκευῶν</span> <span class='ocrx_word' id='word_1_627' title='bbox 2798 3777 3055 3848; x_wconf 86' lang='grc' dir='ltr'>ἀπόρους,</span> <span class='ocrx_word' id='word_1_628' title='bbox 3089 3775 3345 3837; x_wconf 83' lang='grc' dir='ltr'>αἰδέσεως</span> <span class='ocrx_word' id='word_1_629' title='bbox 3395 3773 3453 3826; x_wconf 81' lang='grc' dir='ltr'>δὲ</span> <span class='ocrx_word' id='word_1_630' title='bbox 3504 3775 3695 3844; x_wconf 86' lang='grc' dir='ltr'>τυχεῖν</span> 
     </span>
    </p>
   </div>
   <div class='ocr_carea' id='block_1_86' title="bbox 2122 3858 3705 3939">
    <p class='ocr_par' dir='ltr' id='par_1_86' title="bbox 2122 3858 3705 3939">
     <span class='ocr_line' id='line_1_86' title="bbox 2122 3858 3705 3939; baseline -0.004 -17"><span class='ocrx_word' id='word_1_631' title='bbox 2122 3867 2271 3939; x_wconf 89' lang='grc' dir='ltr'><strong>παρά</strong></span> <span class='ocrx_word' id='word_1_632' title='bbox 2322 3866 2550 3930; x_wconf 86' lang='grc' dir='ltr'>τούτοις,</span> <span class='ocrx_word' id='word_1_633' title='bbox 2597 3866 2691 3919; x_wconf 79' lang='grc' dir='ltr'><strong>καὶ</strong></span> <span class='ocrx_word' id='word_1_634' title='bbox 2748 3864 2846 3936; x_wconf 85' lang='grc' dir='ltr'><strong>τὴν</strong></span> <span class='ocrx_word' id='word_1_635' title='bbox 2882 3864 2987 3934; x_wconf 83' lang='grc' dir='ltr'>γῆν</span> <span class='ocrx_word' id='word_1_636' title='bbox 3024 3861 3203 3916; x_wconf 88' lang='grc' dir='ltr'>λαϐεῖν</span> <span class='ocrx_word' id='word_1_637' title='bbox 3253 3861 3381 3932; x_wconf 86' lang='grc' dir='ltr'>παρ’</span> <span class='ocrx_word' id='word_1_638' title='bbox 3415 3858 3654 3913; x_wconf 76' lang='grc' dir='ltr'>ἑκόντων</span> <span class='ocrx_word' id='word_1_639' title='bbox 3675 3874 3705 3923; x_wconf 71' lang='grc' dir='ltr'><strong>;Δ</strong></span> 
     </span>
    </p>
   </div>
   <div class='ocr_carea' id='block_1_87' title="bbox 2119 3948 3690 4026">
    <p class='ocr_par' dir='ltr' id='par_1_87' title="bbox 2119 3948 3690 4026">
     <span class='ocr_line' id='line_1_87' title="bbox 2119 3948 3690 4026; baseline -0.006 -16"><span class='ocrx_word' id='word_1_640' title='bbox 2119 3958 2306 4011; x_wconf 75' lang='grc' dir='ltr'>ἔπειτα</span> <span class='ocrx_word' id='word_1_641' title='bbox 2355 3957 2398 4010; x_wconf 79' lang='grc' dir='ltr'>δ’</span> <span class='ocrx_word' id='word_1_642' title='bbox 2445 3957 2604 4020; x_wconf 83' lang='grc' dir='ltr'>εὐθὺς</span> <span class='ocrx_word' id='word_1_643' title='bbox 2635 3958 2735 4010; x_wconf 91' lang='grc' dir='ltr'><strong>οὐκ</strong></span> <span class='ocrx_word' id='word_1_644' title='bbox 2788 3958 2870 4020; x_wconf 87' lang='grc' dir='ltr'><strong>είς</strong></span> <span class='ocrx_word' id='word_1_645' title='bbox 2903 3954 3108 4026; x_wconf 84' lang='grc' dir='ltr'>μακρὸν</span> <span class='ocrx_word' id='word_1_646' title='bbox 3136 3952 3227 4006; x_wconf 91' lang='grc' dir='ltr'><strong>τόν</strong></span> <span class='ocrx_word' id='word_1_647' title='bbox 3261 3968 3320 4004; x_wconf 88' lang='grc' dir='ltr'><strong>τε</strong></span> <span class='ocrx_word' id='word_1_648' title='bbox 3362 3948 3497 4005; x_wconf 89' lang='grc' dir='ltr'>νεὼν</span> <span class='ocrx_word' id='word_1_649' title='bbox 3538 3950 3690 4003; x_wconf 86' lang='grc' dir='ltr'>ἀνοι-</span> 
     </span>
    </p>
   </div>
   <div class='ocr_carea' id='block_1_88' title="bbox 2120 4039 3691 4119">
    <p class='ocr_par' dir='ltr' id='par_1_88' title="bbox 2120 4039 3691 4119">
     <span class='ocr_line' id='line_1_88' title="bbox 2120 4039 3691 4119; baseline -0.008 -16"><span class='ocrx_word' id='word_1_650' title='bbox 2120 4050 2414 4119; x_wconf 82' lang='grc' dir='ltr'>κοδομῆσαι</span> <span class='ocrx_word' id='word_1_651' title='bbox 2438 4087 2453 4113; x_wconf 93' lang='grc'><strong>,</strong></span> <span class='ocrx_word' id='word_1_652' title='bbox 2514 4049 2608 4102; x_wconf 79' lang='grc' dir='ltr'><strong>καὶ</strong></span> <span class='ocrx_word' id='word_1_653' title='bbox 2632 4048 2798 4102; x_wconf 84' lang='grc' dir='ltr'>τάλλα</span> <span class='ocrx_word' id='word_1_654' title='bbox 2846 4048 2926 4110; x_wconf 89' lang='grc' dir='ltr'><strong>είς</strong></span> <span class='ocrx_word' id='word_1_655' title='bbox 2975 4044 3254 4099; x_wconf 86' lang='grc' dir='ltr'>εὐσέϐειαν</span> <span class='ocrx_word' id='word_1_656' title='bbox 3276 4042 3370 4096; x_wconf 75' lang='grc' dir='ltr'><strong>καὶ</strong></span> <span class='ocrx_word' id='word_1_657' title='bbox 3406 4039 3691 4108; x_wconf 86' lang='grc' dir='ltr'>ἀγιστείαν</span> 
     </span>
    </p>
   </div>
   <div class='ocr_carea' id='block_1_89' title="bbox 2119 4132 3692 4211">
    <p class='ocr_par' dir='ltr' id='par_1_89' title="bbox 2119 4132 3692 4211">
     <span class='ocr_line' id='line_1_89' title="bbox 2119 4132 3692 4211; baseline -0.006 -18"><span class='ocrx_word' id='word_1_658' title='bbox 2119 4140 2595 4211; x_wconf 88' lang='grc' dir='ltr'>καταστήσασθαι;</span> <span class='ocrx_word' id='word_1_659' title='bbox 2629 4138 2792 4209; x_wconf 80' lang='grc' dir='ltr'>Δηλοῑ</span> <span class='ocrx_word' id='word_1_660' title='bbox 2844 4136 2981 4209; x_wconf 79' lang='grc' dir='ltr'>γὰρ,</span> <span class='ocrx_word' id='word_1_661' title='bbox 3028 4136 3104 4200; x_wconf 87' lang='grc' dir='ltr'><strong>ὡς</strong></span> <span class='ocrx_word' id='word_1_662' title='bbox 3152 4134 3316 4199; x_wconf 73' lang='grc' dir='ltr'>ἔοικε,</span> <span class='ocrx_word' id='word_1_663' title='bbox 3364 4136 3556 4197; x_wconf 81' lang='grc' dir='ltr'>ταῦτα,</span> <span class='ocrx_word' id='word_1_664' title='bbox 3593 4132 3692 4185; x_wconf 74' lang='grc' dir='ltr'><strong>καὶ</strong></span> 
     </span>
    </p>
   </div>
   <div class='ocr_carea' id='block_1_90' title="bbox 2116 4223 3693 4302">
    <p class='ocr_par' dir='ltr' id='par_1_90' title="bbox 2116 4223 3693 4302">
     <span class='ocr_line' id='line_1_90' title="bbox 2116 4223 3693 4302; baseline -0.007 -16"><span class='ocrx_word' id='word_1_665' title='bbox 2116 4233 2556 4302; x_wconf 79' lang='grc' dir='ltr'>θεοφιλεστάτους</span> <span class='ocrx_word' id='word_1_666' title='bbox 2588 4232 2783 4293; x_wconf 84' lang='grc' dir='ltr'>αὐτοὺς</span> <span class='ocrx_word' id='word_1_667' title='bbox 2811 4227 3252 4299; x_wconf 84' lang='grc' dir='ltr'>ἀνωμολογῆσθαι</span> <span class='ocrx_word' id='word_1_668' title='bbox 3270 4226 3364 4279; x_wconf 74' lang='grc' dir='ltr'>καὶ</span> <span class='ocrx_word' id='word_1_669' title='bbox 3392 4223 3543 4294; x_wconf 86' lang='grc' dir='ltr'><strong>παρά</strong></span> <span class='ocrx_word' id='word_1_670' title='bbox 3577 4225 3693 4285; x_wconf 83' lang='grc' dir='ltr'>τοῖς</span> 
     </span>
    </p>
   </div>
   <div class='ocr_carea' id='block_1_91' title="bbox 2117 4309 3694 4396">
    <p class='ocr_par' dir='ltr' id='par_1_91' title="bbox 2117 4309 3694 4396">
     <span class='ocr_line' id='line_1_91' title="bbox 2117 4309 3694 4396; baseline -0.007 -19"><span class='ocrx_word' id='word_1_671' title='bbox 2117 4326 2348 4396; x_wconf 81' lang='grc' dir='ltr'>ἐχθροῖς·</span> <span class='ocrx_word' id='word_1_672' title='bbox 2377 4324 2559 4395; x_wconf 78' lang='grc' dir='ltr'>ἐχθροὶ</span> <span class='ocrx_word' id='word_1_673' title='bbox 2589 4322 2698 4393; x_wconf 85' lang='grc' dir='ltr'>γὰρ</span> <span class='ocrx_word' id='word_1_674' title='bbox 2727 4318 2866 4395; x_wconf 75' lang='grc' dir='ltr'>ἦσαν</span> <span class='ocrx_word' id='word_1_675' title='bbox 2916 4320 2975 4387; x_wconf 69' lang='grc' dir='ltr'><strong>ἐξ</strong></span> <span class='ocrx_word' id='word_1_676' title='bbox 3029 4319 3292 4390; x_wconf 88' lang='grc' dir='ltr'>ἀνάγκης,</span> <span class='ocrx_word' id='word_1_677' title='bbox 3338 4309 3413 4370; x_wconf 81' lang='grc' dir='ltr'>ὧν</span> <span class='ocrx_word' id='word_1_678' title='bbox 3459 4315 3553 4369; x_wconf 72' lang='grc' dir='ltr'><strong>ἐπὶ</strong></span> <span class='ocrx_word' id='word_1_679' title='bbox 3586 4315 3694 4385; x_wconf 83' lang='grc' dir='ltr'>τὴν</span> 
     </span>
    </p>
   </div>
   <div class='ocr_carea' id='block_1_92' title="bbox 448 4406 2027 4487">
    <p class='ocr_par' dir='ltr' id='par_1_92' title="bbox 448 4410 2015 4486">
     <span class='ocr_line' id='line_1_92' title="bbox 448 4410 2015 4486; baseline 0.006 -20"><span class='ocrx_word' id='word_1_680' title='bbox 448 4410 621 4466; x_wconf 90' lang='lat' dir='ltr'><strong>lentes</strong></span> <span class='ocrx_word' id='word_1_681' title='bbox 642 4427 891 4478; x_wconf 89' lang='lat' dir='ltr'><strong>numero,</strong></span> <span class='ocrx_word' id='word_1_682' title='bbox 922 4417 1136 4471; x_wconf 85' lang='lat' dir='ltr'><strong>tametsi</strong></span> <span class='ocrx_word' id='word_1_683' title='bbox 1162 4418 1433 4486; x_wconf 88' lang='lat' dir='ltr'><strong>perpetuis</strong></span> <span class='ocrx_word' id='word_1_684' title='bbox 1460 4416 1667 4472; x_wconf 87' lang='lat' dir='ltr'><strong>fractos</strong></span> <span class='ocrx_word' id='word_1_685' title='bbox 1681 4418 2015 4475; x_wconf 89' lang='lat' dir='ltr'><strong>debilitatos-</strong></span> 
     </span>
    </p>
   </div>
   <div class='ocr_carea' id='block_1_93' title="bbox 2131 4406 3692 4487">
    <p class='ocr_par' dir='ltr' id='par_1_93' title="bbox 2131 4406 3692 4487">
     <span class='ocr_line' id='line_1_93' title="bbox 2131 4406 3692 4487; baseline -0.006 -17"><span class='ocrx_word' id='word_1_686' title='bbox 2131 4417 2219 4487; x_wconf 68' lang='grc' dir='ltr'><strong>γῆν</strong></span> <span class='ocrx_word' id='word_1_687' title='bbox 2246 4415 2505 4487; x_wconf 75' lang='grc' dir='ltr'>ἐξαίφνης</span> <span class='ocrx_word' id='word_1_688' title='bbox 2529 4411 2691 4487; x_wconf 78' lang='grc' dir='ltr'>ἦλθον</span> <span class='ocrx_word' id='word_1_689' title='bbox 2718 4415 2793 4478; x_wconf 83' lang='grc' dir='ltr'><strong>ὡς</strong></span> <span class='ocrx_word' id='word_1_690' title='bbox 2818 4411 3264 4485; x_wconf 75' lang='grc' dir='ltr'>ἀφαιρησόμενοι.</span> <span class='ocrx_word' id='word_1_691' title='bbox 3293 4408 3452 4481; x_wconf 89' lang='grc' dir='ltr'>Παρά</span> <span class='ocrx_word' id='word_1_692' title='bbox 3476 4406 3692 4469; x_wconf 84' lang='grc' dir='ltr'>τούτοις</span> 
     </span>
    </p>
   </div>
   <div class='ocr_carea' id='block_1_94' title="bbox 447 4501 2008 4577">
    <p class='ocr_par' dir='ltr' id='par_1_94' title="bbox 447 4501 2008 4577">
     <span class='ocr_line' id='line_1_94' title="bbox 447 4501 2008 4577; baseline 0.007 -24"><span class='ocrx_word' id='word_1_693' title='bbox 447 4516 556 4568; x_wconf 71' lang='lat' dir='ltr'><strong>que</strong></span> <span class='ocrx_word' id='word_1_694' title='bbox 577 4501 877 4568; x_wconf 84' lang='lat' dir='ltr'><strong>laboribus,</strong></span> <span class='ocrx_word' id='word_1_695' title='bbox 902 4506 1078 4560; x_wconf 92' lang='lat' dir='ltr'><strong>auctis</strong></span> <span class='ocrx_word' id='word_1_696' title='bbox 1103 4516 1281 4561; x_wconf 92' lang='lat' dir='ltr'><strong>tamen</strong></span> <span class='ocrx_word' id='word_1_697' title='bbox 1313 4507 1758 4577; x_wconf 84' lang='lat' dir='ltr'><strong>conﬁrmatisque</strong></span> <span class='ocrx_word' id='word_1_698' title='bbox 1780 4508 2008 4577; x_wconf 83' lang='lat' dir='ltr'><strong>viribus,</strong></span> 
     </span>
    </p>
   </div>
   <div class='ocr_carea' id='block_1_95' title="bbox 444 4591 2011 4669">
    <p class='ocr_par' dir='ltr' id='par_1_95' title="bbox 444 4591 2011 4669">
     <span class='ocr_line' id='line_1_95' title="bbox 444 4591 2011 4669; baseline 0.007 -25"><span class='ocrx_word' id='word_1_699' title='bbox 444 4605 510 4645; x_wconf 91' lang='lat' dir='ltr'><strong>ea</strong></span> <span class='ocrx_word' id='word_1_700' title='bbox 545 4591 661 4648; x_wconf 87' lang='lat' dir='ltr'><strong>loca</strong></span> <span class='ocrx_word' id='word_1_701' title='bbox 696 4595 1044 4662; x_wconf 88' lang='lat' dir='ltr'><strong>postmodum</strong></span> <span class='ocrx_word' id='word_1_702' title='bbox 1081 4596 1249 4651; x_wconf 89' lang='lat' dir='ltr'><strong>armis</strong></span> <span class='ocrx_word' id='word_1_703' title='bbox 1272 4611 1590 4666; x_wconf 83' lang='lat' dir='ltr'><strong>occupasse,</strong></span> <span class='ocrx_word' id='word_1_704' title='bbox 1625 4597 1900 4669; x_wconf 85' lang='lat' dir='ltr'><strong>Syrosque</strong></span> <span class='ocrx_word' id='word_1_705' title='bbox 1932 4600 2011 4655; x_wconf 89' lang='lat' dir='ltr'><strong>si-</strong></span> 
     </span>
    </p>
   </div>
   <div class='ocr_carea' id='block_1_96' title="bbox 444 4680 2011 4758">
    <p class='ocr_par' dir='ltr' id='par_1_96' title="bbox 444 4680 2011 4758">
     <span class='ocr_line' id='line_1_96' title="bbox 444 4680 2011 4758; baseline 0.004 -23"><span class='ocrx_word' id='word_1_706' title='bbox 444 4683 560 4735; x_wconf 87' lang='lat' dir='ltr'><strong>mul</strong></span> <span class='ocrx_word' id='word_1_707' title='bbox 583 4697 647 4736; x_wconf 93' lang='lat' dir='ltr'><strong>ac</strong></span> <span class='ocrx_word' id='word_1_708' title='bbox 668 4680 960 4740; x_wconf 73' lang='lat' dir='ltr'><strong>thnices</strong></span> <span class='ocrx_word' id='word_1_709' title='bbox 996 4685 1114 4740; x_wconf 88' lang='lat' dir='ltr'><strong>suis</strong></span> <span class='ocrx_word' id='word_1_710' title='bbox 1140 4687 1195 4738; x_wconf 87' lang='lat' dir='ltr'><strong>in</strong></span> <span class='ocrx_word' id='word_1_711' title='bbox 1222 4686 1510 4755; x_wconf 89' lang='lat' dir='ltr'><strong>penatibus</strong></span> <span class='ocrx_word' id='word_1_712' title='bbox 1539 4685 1787 4756; x_wconf 90' lang='lat' dir='ltr'><strong>focisque</strong></span> <span class='ocrx_word' id='word_1_713' title='bbox 1818 4688 2011 4758; x_wconf 85' lang='lat' dir='ltr'><strong>patriis</strong></span> 
     </span>
    </p>
   </div>
   <div class='ocr_carea' id='block_1_97' title="bbox 446 4771 2007 4851">
    <p class='ocr_par' dir='ltr' id='par_1_97' title="bbox 446 4771 2007 4851">
     <span class='ocr_line' id='line_1_97' title="bbox 446 4771 2007 4851; baseline 0.007 -27"><span class='ocrx_word' id='word_1_714' title='bbox 446 4771 770 4830; x_wconf 85' lang='lat' dir='ltr'><strong>dimicantes</strong></span> <span class='ocrx_word' id='word_1_715' title='bbox 802 4776 1120 4847; x_wconf 79' lang='lat' dir='ltr'><strong>subegisse?</strong></span> <span class='ocrx_word' id='word_1_716' title='bbox 1143 4776 1225 4830; x_wconf 85' lang='lat' dir='ltr'><strong>An</strong></span> <span class='ocrx_word' id='word_1_717' title='bbox 1277 4777 1522 4835; x_wconf 88' lang='lat' dir='ltr'><strong>imbelles</strong></span> <span class='ocrx_word' id='word_1_718' title='bbox 1544 4779 1728 4848; x_wconf 87' lang='lat' dir='ltr'><strong>potius</strong></span> <span class='ocrx_word' id='word_1_719' title='bbox 1746 4788 1801 4835; x_wconf 90' lang='lat' dir='ltr'><strong>et</strong></span> <span class='ocrx_word' id='word_1_720' title='bbox 1827 4780 2007 4851; x_wconf 77' lang='lat' dir='ltr'><strong>ignavi</strong></span> 
     </span>
    </p>
   </div>
   <div class='ocr_carea' id='block_1_98' title="bbox 444 4867 2009 4938">
    <p class='ocr_par' dir='ltr' id='par_1_98' title="bbox 444 4867 2009 4938">
     <span class='ocr_line' id='line_1_98' title="bbox 444 4867 2009 4938; baseline 0.005 -21"><span class='ocrx_word' id='word_1_721' title='bbox 444 4878 569 4918; x_wconf 86' lang='lat' dir='ltr'><strong>eum</strong></span> <span class='ocrx_word' id='word_1_722' title='bbox 602 4875 807 4933; x_wconf 89' lang='lat' dir='ltr'><strong>essent,</strong></span> <span class='ocrx_word' id='word_1_723' title='bbox 859 4867 1105 4937; x_wconf 90' lang='lat' dir='ltr'><strong>adeoque</strong></span> <span class='ocrx_word' id='word_1_724' title='bbox 1131 4868 1469 4938; x_wconf 89' lang='lat' dir='ltr'><strong>paucissimi,</strong></span> <span class='ocrx_word' id='word_1_725' title='bbox 1491 4877 1545 4924; x_wconf 92' lang='lat' dir='ltr'><strong>et</strong></span> <span class='ocrx_word' id='word_1_726' title='bbox 1581 4886 1610 4924; x_wconf 93' lang='lat' dir='ltr'><strong>a</strong></span> <span class='ocrx_word' id='word_1_727' title='bbox 1635 4871 1798 4926; x_wconf 86' lang='lat' dir='ltr'><strong>rebus</strong></span> <span class='ocrx_word' id='word_1_728' title='bbox 1829 4871 2009 4925; x_wconf 88' lang='lat' dir='ltr'><strong>omni-</strong></span> 
     </span>
    </p>
   </div>
   <div class='ocr_carea' id='block_1_99' title="bbox 441 4951 2005 5031">
    <p class='ocr_par' dir='ltr' id='par_1_99' title="bbox 441 4951 2005 5031">
     <span class='ocr_line' id='line_1_99' title="bbox 441 4951 2005 5031; baseline 0.004 -21"><span class='ocrx_word' id='word_1_729' title='bbox 441 4951 549 5010; x_wconf 86' lang='lat' dir='ltr'><strong>bus</strong></span> <span class='ocrx_word' id='word_1_730' title='bbox 583 4955 725 5012; x_wconf 83' lang='lat' dir='ltr'><strong>bello</strong></span> <span class='ocrx_word' id='word_1_731' title='bbox 744 4958 979 5028; x_wconf 85' lang='lat' dir='ltr'><strong>gerendo</strong></span> <span class='ocrx_word' id='word_1_732' title='bbox 1011 4960 1332 5015; x_wconf 86' lang='lat' dir='ltr'><strong>necessariis</strong></span> <span class='ocrx_word' id='word_1_733' title='bbox 1367 4960 1648 5031; x_wconf 89' lang='lat' dir='ltr'><strong>imparati,</strong></span> <span class='ocrx_word' id='word_1_734' title='bbox 1680 4962 1801 5018; x_wconf 90' lang='lat' dir='ltr'><strong>aliis</strong></span> <span class='ocrx_word' id='word_1_735' title='bbox 1826 4974 2005 5017; x_wconf 88' lang='lat' dir='ltr'><strong>tamen</strong></span> 
     </span>
    </p>
   </div>
   <div class='ocr_carea' id='block_1_100' title="bbox 439 5045 2007 5124">
    <p class='ocr_par' dir='ltr' id='par_1_100' title="bbox 439 5045 2007 5124">
     <span class='ocr_line' id='line_1_100' title="bbox 439 5045 2007 5124; baseline 0.008 -27"><span class='ocrx_word' id='word_1_736' title='bbox 439 5052 496 5098; x_wconf 82' lang='lat' dir='ltr'><strong>et</strong></span> <span class='ocrx_word' id='word_1_737' title='bbox 512 5045 749 5117; x_wconf 90' lang='lat' dir='ltr'><strong>aliquem</strong></span> <span class='ocrx_word' id='word_1_738' title='bbox 765 5063 892 5119; x_wconf 84' lang='lat' dir='ltr'><strong>erga</strong></span> <span class='ocrx_word' id='word_1_739' title='bbox 911 5066 969 5107; x_wconf 91' lang='lat' dir='ltr'><strong>se</strong></span> <span class='ocrx_word' id='word_1_740' title='bbox 989 5053 1357 5110; x_wconf 88' lang='lat' dir='ltr'><strong>venerationis</strong></span> <span class='ocrx_word' id='word_1_741' title='bbox 1384 5068 1602 5109; x_wconf 89' lang='lat' dir='ltr'><strong>sensum</strong></span> <span class='ocrx_word' id='word_1_742' title='bbox 1624 5053 1895 5124; x_wconf 88' lang='lat' dir='ltr'><strong>injecisse,</strong></span> <span class='ocrx_word' id='word_1_743' title='bbox 1909 5065 1961 5110; x_wconf 91' lang='lat' dir='ltr'><strong>et</strong></span> <span class='ocrx_word' id='word_1_744' title='bbox 1975 5070 2007 5109; x_wconf 88' lang='lat' dir='ltr'><strong>a</strong></span> 
     </span>
    </p>
   </div>
   <div class='ocr_carea' id='block_1_101' title="bbox 439 5136 2004 5217">
    <p class='ocr_par' dir='ltr' id='par_1_101' title="bbox 439 5136 2004 5217">
     <span class='ocr_line' id='line_1_101' title="bbox 439 5136 2004 5217; baseline 0.008 -27"><span class='ocrx_word' id='word_1_745' title='bbox 439 5136 752 5195; x_wconf 87' lang='lat' dir='ltr'><strong>volentibus</strong></span> <span class='ocrx_word' id='word_1_746' title='bbox 778 5141 1033 5212; x_wconf 89' lang='lat' dir='ltr'><strong>ultroque</strong></span> <span class='ocrx_word' id='word_1_747' title='bbox 1047 5144 1367 5201; x_wconf 85' lang='lat' dir='ltr'><strong>cedentibus</strong></span> <span class='ocrx_word' id='word_1_748' title='bbox 1387 5145 1664 5216; x_wconf 81' lang='lat' dir='ltr'><strong>regionem</strong></span> <span class='ocrx_word' id='word_1_749' title='bbox 1683 5147 1959 5217; x_wconf 89' lang='lat' dir='ltr'><strong>accepisse</strong></span> <span class='ocrx_word' id='word_1_750' title='bbox 1990 5166 2004 5203; x_wconf 89' lang='lat'><strong>:</strong></span> 
     </span>
    </p>
   </div>
   <div class='ocr_carea' id='block_1_102' title="bbox 439 5229 2009 5305">
    <p class='ocr_par' dir='ltr' id='par_1_102' title="bbox 439 5229 2009 5305">
     <span class='ocr_line' id='line_1_102' title="bbox 439 5229 2009 5305; baseline 0.006 -23"><span class='ocrx_word' id='word_1_751' title='bbox 439 5235 555 5282; x_wconf 88' lang='lat' dir='ltr'><strong>tum</strong></span> <span class='ocrx_word' id='word_1_752' title='bbox 577 5229 796 5285; x_wconf 89' lang='lat' dir='ltr'><strong>eosdem</strong></span> <span class='ocrx_word' id='word_1_753' title='bbox 824 5231 986 5300; x_wconf 95' lang='lat' dir='ltr'><strong>paulo</strong></span> <span class='ocrx_word' id='word_1_754' title='bbox 1006 5244 1127 5302; x_wconf 88' lang='lat' dir='ltr'><strong>post</strong></span> <span class='ocrx_word' id='word_1_755' title='bbox 1152 5233 1453 5290; x_wconf 64' lang='lat' dir='ltr'><strong>aedificasse</strong></span> <span class='ocrx_word' id='word_1_756' title='bbox 1468 5235 1749 5305; x_wconf 90' lang='lat' dir='ltr'><strong>templum,</strong></span> <span class='ocrx_word' id='word_1_757' title='bbox 1765 5252 1828 5292; x_wconf 88' lang='lat' dir='ltr'><strong>ac</strong></span> <span class='ocrx_word' id='word_1_758' title='bbox 1850 5246 2009 5293; x_wconf 64' lang='lat' dir='ltr'><strong>caete-</strong></span> 
     </span>
    </p>
   </div>
   <div class='ocr_carea' id='block_1_103' title="bbox 437 5315 2004 5392">
    <p class='ocr_par' dir='ltr' id='par_1_103' title="bbox 437 5315 2004 5392">
     <span class='ocr_line' id='line_1_103' title="bbox 437 5315 2004 5392; baseline 0.011 -28"><span class='ocrx_word' id='word_1_759' title='bbox 437 5326 498 5365; x_wconf 91' lang='lat' dir='ltr'><strong>ra</strong></span> <span class='ocrx_word' id='word_1_760' title='bbox 518 5327 641 5381; x_wconf 89' lang='lat' dir='ltr'><strong>quae</strong></span> <span class='ocrx_word' id='word_1_761' title='bbox 655 5315 725 5369; x_wconf 87' lang='lat' dir='ltr'><strong>ad</strong></span> <span class='ocrx_word' id='word_1_762' title='bbox 735 5316 989 5386; x_wconf 89' lang='lat' dir='ltr'><strong>pietatem</strong></span> <span class='ocrx_word' id='word_1_763' title='bbox 1014 5321 1443 5392; x_wconf 87' lang='lat' dir='ltr'><strong>religionemque</strong></span> <span class='ocrx_word' id='word_1_764' title='bbox 1465 5333 1790 5392; x_wconf 89' lang='lat' dir='ltr'><strong>spectarent,</strong></span> <span class='ocrx_word' id='word_1_765' title='bbox 1807 5327 2004 5381; x_wconf 86' lang='lat' dir='ltr'><strong>consti-</strong></span> 
     </span>
    </p>
   </div>
   <div class='ocr_carea' id='block_1_104' title="bbox 2116 4499 3693 4576">
    <p class='ocr_par' dir='ltr' id='par_1_104' title="bbox 2116 4499 3693 4576">
     <span class='ocr_line' id='line_1_104' title="bbox 2116 4499 3693 4576; baseline -0.006 -16"><span class='ocrx_word' id='word_1_766' title='bbox 2116 4507 2159 4560; x_wconf 89' lang='grc' dir='ltr'>δ’</span> <span class='ocrx_word' id='word_1_767' title='bbox 2188 4504 2281 4561; x_wconf 83' lang='grc' dir='ltr'><strong>οὖν</strong></span> <span class='ocrx_word' id='word_1_768' title='bbox 2323 4507 2578 4570; x_wconf 84' lang='grc' dir='ltr'>αἰδέσεως</span> <span class='ocrx_word' id='word_1_769' title='bbox 2637 4507 2733 4561; x_wconf 72' lang='grc' dir='ltr'>καὶ</span> <span class='ocrx_word' id='word_1_770' title='bbox 2780 4506 2941 4576; x_wconf 82' lang='grc' dir='ltr'>τιμῆς</span> <span class='ocrx_word' id='word_1_771' title='bbox 2994 4503 3367 4573; x_wconf 88' lang='grc' dir='ltr'>τυγχάνοντες,</span> <span class='ocrx_word' id='word_1_772' title='bbox 3422 4499 3542 4562; x_wconf 90' lang='grc' dir='ltr'><strong>πῶς</strong></span> <span class='ocrx_word' id='word_1_773' title='bbox 3585 4499 3693 4569; x_wconf 75' lang='grc' dir='ltr'><strong>οὐχ</strong></span> 
     </span>
    </p>
   </div>
   <div class='ocr_carea' id='block_1_105' title="bbox 2121 4589 3693 4670">
    <p class='ocr_par' dir='ltr' id='par_1_105' title="bbox 2121 4589 3693 4670">
     <span class='ocr_line' id='line_1_105' title="bbox 2121 4589 3693 4670; baseline -0.007 -18"><span class='ocrx_word' id='word_1_774' title='bbox 2121 4598 2480 4670; x_wconf 84' lang='grc' dir='ltr'>ὑπερϐάλλειν</span> <span class='ocrx_word' id='word_1_775' title='bbox 2510 4598 2731 4670; x_wconf 77' lang='grc' dir='ltr'>εὐτυχίᾳ</span> <span class='ocrx_word' id='word_1_776' title='bbox 2748 4599 2873 4659; x_wconf 82' lang='grc' dir='ltr'>τοὺς</span> <span class='ocrx_word' id='word_1_777' title='bbox 2905 4592 3095 4658; x_wconf 49' lang='lat' dir='ltr'><strong>along</strong></span> <span class='ocrx_word' id='word_1_778' title='bbox 3117 4594 3428 4664; x_wconf 75' lang='grc' dir='ltr'>φαίνονται;</span> <span class='ocrx_word' id='word_1_779' title='bbox 3467 4591 3602 4645; x_wconf 87' lang='grc' dir='ltr'>Τίνα</span> <span class='ocrx_word' id='word_1_780' title='bbox 3631 4589 3693 4642; x_wconf 73' lang='grc' dir='ltr'>δὲ</span> 
     </span>
    </p>
   </div>
   <div class='ocr_carea' id='block_1_106' title="bbox 2116 4683 3689 4761">
    <p class='ocr_par' dir='ltr' id='par_1_106' title="bbox 2116 4683 3689 4761">
     <span class='ocr_line' id='line_1_106' title="bbox 2116 4683 3689 4761; baseline -0.006 -17"><span class='ocrx_word' id='word_1_781' title='bbox 2116 4688 2185 4744; x_wconf 88' lang='grc' dir='ltr'><strong>τά</strong></span> <span class='ocrx_word' id='word_1_782' title='bbox 2217 4688 2443 4761; x_wconf 89' lang='grc' dir='ltr'>δεύτερα</span> <span class='ocrx_word' id='word_1_783' title='bbox 2474 4689 2690 4759; x_wconf 78' lang='grc' dir='ltr'>ἐφεξῆς,</span> <span class='ocrx_word' id='word_1_784' title='bbox 2723 4687 2757 4759; x_wconf 77' lang='grc' dir='ltr'><strong>ἢ</strong></span> <span class='ocrx_word' id='word_1_785' title='bbox 2788 4686 2856 4740; x_wconf 90' lang='grc' dir='ltr'><strong>τά</strong></span> <span class='ocrx_word' id='word_1_786' title='bbox 2910 4685 3066 4759; x_wconf 86' lang='grc' dir='ltr'>τρίτα</span> <span class='ocrx_word' id='word_1_787' title='bbox 3099 4685 3233 4757; x_wconf 86' lang='grc' dir='ltr'>πρὸς</span> <span class='ocrx_word' id='word_1_788' title='bbox 3261 4684 3467 4747; x_wconf 88' lang='grc' dir='ltr'>τούτοις</span> <span class='ocrx_word' id='word_1_789' title='bbox 3513 4683 3689 4751; x_wconf 85' lang='grc' dir='ltr'>λέγω-</span> 
     </span>
    </p>
   </div>
   <div class='ocr_carea' id='block_1_107' title="bbox 2119 4774 3691 4852">
    <p class='ocr_par' dir='ltr' id='par_1_107' title="bbox 2119 4774 3691 4852">
     <span class='ocr_line' id='line_1_107' title="bbox 2119 4774 3691 4852; baseline -0.004 -19"><span class='ocrx_word' id='word_1_790' title='bbox 2119 4797 2255 4850; x_wconf 84' lang='grc' dir='ltr'>μεν;</span> <span class='ocrx_word' id='word_1_791' title='bbox 2288 4781 2520 4852; x_wconf 86' lang='grc' dir='ltr'>Πότερον</span> <span class='ocrx_word' id='word_1_792' title='bbox 2542 4780 2604 4833; x_wconf 80' lang='grc' dir='ltr'>τὸ</span> <span class='ocrx_word' id='word_1_793' title='bbox 2630 4780 2727 4850; x_wconf 86' lang='grc' dir='ltr'>τῆς</span> <span class='ocrx_word' id='word_1_794' title='bbox 2779 4777 3034 4848; x_wconf 88' lang='grc' dir='ltr'>εὐνομίας</span> <span class='ocrx_word' id='word_1_795' title='bbox 3090 4778 3185 4832; x_wconf 73' lang='grc' dir='ltr'><strong>καὶ</strong></span> <span class='ocrx_word' id='word_1_796' title='bbox 3242 4774 3549 4838; x_wconf 87' lang='grc' dir='ltr'>εὐπειθείας</span> <span class='ocrx_word' id='word_1_797' title='bbox 3590 4774 3691 4827; x_wconf 88' lang='grc' dir='ltr'>αὐ-</span> 
     </span>
    </p>
   </div>
   <div class='ocr_carea' id='block_1_108' title="bbox 2115 4867 3689 4943">
    <p class='ocr_par' dir='ltr' id='par_1_108' title="bbox 2115 4867 3689 4943">
     <span class='ocr_line' id='line_1_108' title="bbox 2115 4867 3689 4943; baseline -0.003 -19"><span class='ocrx_word' id='word_1_798' title='bbox 2115 4870 2245 4935; x_wconf 90' lang='grc' dir='ltr'>τῶν,</span> <span class='ocrx_word' id='word_1_799' title='bbox 2278 4873 2311 4943; x_wconf 82' lang='grc' dir='ltr'>ἢ</span> <span class='ocrx_word' id='word_1_800' title='bbox 2334 4871 2433 4942; x_wconf 83' lang='grc' dir='ltr'>τῆς</span> <span class='ocrx_word' id='word_1_801' title='bbox 2454 4871 2729 4942; x_wconf 85' lang='grc' dir='ltr'>ὁσιότητος</span> <span class='ocrx_word' id='word_1_802' title='bbox 2757 4870 2850 4924; x_wconf 74' lang='grc' dir='ltr'><strong>καὶ</strong></span> <span class='ocrx_word' id='word_1_803' title='bbox 2872 4868 3212 4940; x_wconf 82' lang='grc' dir='ltr'>δικαιοσύνης</span> <span class='ocrx_word' id='word_1_804' title='bbox 3249 4869 3342 4922; x_wconf 80' lang='grc' dir='ltr'>καὶ</span> <span class='ocrx_word' id='word_1_805' title='bbox 3370 4867 3689 4932; x_wconf 82' lang='grc' dir='ltr'>εὐσεϐείας;</span> 
     </span>
    </p>
   </div>
   <div class='ocr_carea' id='block_1_109' title="bbox 2128 4956 3687 5034">
    <p class='ocr_par' dir='ltr' id='par_1_109' title="bbox 2128 4956 3687 5034">
     <span class='ocr_line' id='line_1_109' title="bbox 2128 4956 3687 5034; baseline -0.003 -18"><span class='ocrx_word' id='word_1_806' title='bbox 2128 4963 2287 5017; x_wconf 84' lang='grc' dir='ltr'>Ἀλλά</span> <span class='ocrx_word' id='word_1_807' title='bbox 2320 4963 2409 5017; x_wconf 82' lang='grc' dir='ltr'><strong>τὸν</strong></span> <span class='ocrx_word' id='word_1_808' title='bbox 2448 4964 2545 5034; x_wconf 81' lang='grc' dir='ltr'>μὲν</span> <span class='ocrx_word' id='word_1_809' title='bbox 2576 4963 2743 5034; x_wconf 85' lang='grc' dir='ltr'>ἄνδρα</span> <span class='ocrx_word' id='word_1_810' title='bbox 2777 4965 3003 5026; x_wconf 75' lang='grc' dir='ltr'>ἐκεῖνον,</span> <span class='ocrx_word' id='word_1_811' title='bbox 3037 4962 3185 5025; x_wconf 85' lang='grc' dir='ltr'>ὅστις</span> <span class='ocrx_word' id='word_1_812' title='bbox 3233 4960 3362 5014; x_wconf 84' lang='grc' dir='ltr'>ποτὲ</span> <span class='ocrx_word' id='word_1_813' title='bbox 3388 4956 3476 5031; x_wconf 82' lang='grc' dir='ltr'>ἦν,</span> <span class='ocrx_word' id='word_1_814' title='bbox 3505 4961 3535 5012; x_wconf 83' lang='grc' dir='ltr'><strong>ὁ</strong></span> <span class='ocrx_word' id='word_1_815' title='bbox 3558 4960 3687 5022; x_wconf 74' lang='grc' dir='ltr'>τοὺς</span> 
     </span>
    </p>
   </div>
   <div class='ocr_carea' id='block_1_110' title="bbox 2115 5053 3688 5128">
    <p class='ocr_par' dir='ltr' id='par_1_110' title="bbox 2115 5053 3688 5128">
     <span class='ocr_line' id='line_1_110' title="bbox 2115 5053 3688 5128; baseline -0.005 -16"><span class='ocrx_word' id='word_1_816' title='bbox 2115 5059 2312 5128; x_wconf 89' lang='grc' dir='ltr'>νόμους</span> <span class='ocrx_word' id='word_1_817' title='bbox 2337 5058 2519 5120; x_wconf 89' lang='grc' dir='ltr'>αὐτοῖς</span> <span class='ocrx_word' id='word_1_818' title='bbox 2548 5055 2683 5120; x_wconf 73' lang='grc' dir='ltr'>θεὶς,</span> <span class='ocrx_word' id='word_1_819' title='bbox 2718 5055 2862 5109; x_wconf 75' lang='grc' dir='ltr'>οὕτω</span> <span class='ocrx_word' id='word_1_820' title='bbox 2917 5054 3119 5126; x_wconf 83' lang='grc' dir='ltr'>σφόδρα</span> <span class='ocrx_word' id='word_1_821' title='bbox 3171 5053 3508 5123; x_wconf 75' lang='grc' dir='ltr'>ἐθαύμασαν,</span> <span class='ocrx_word' id='word_1_822' title='bbox 3556 5053 3633 5116; x_wconf 84' lang='grc' dir='ltr'>ὡς</span> <span class='ocrx_word' id='word_1_823' title='bbox 3658 5053 3688 5104; x_wconf 85' lang='grc' dir='ltr'>ὁ</span> 
     </span>
    </p>
   </div>
   <div class='ocr_carea' id='block_1_111' title="bbox 2112 5141 3690 5221">
    <p class='ocr_par' dir='ltr' id='par_1_111' title="bbox 2112 5141 3690 5221">
     <span class='ocr_line' id='line_1_111' title="bbox 2112 5141 3690 5221; baseline -0.003 -19"><span class='ocrx_word' id='word_1_824' title='bbox 2112 5166 2165 5202; x_wconf 92' lang='grc' dir='ltr'><strong>τι</strong></span> <span class='ocrx_word' id='word_1_825' title='bbox 2196 5150 2393 5221; x_wconf 78' lang='grc' dir='ltr'>δήποτε</span> <span class='ocrx_word' id='word_1_826' title='bbox 2424 5148 2601 5215; x_wconf 76' lang='grc' dir='ltr'>ἔδοξεν</span> <span class='ocrx_word' id='word_1_827' title='bbox 2651 5147 2866 5218; x_wconf 74' lang='grc' dir='ltr'>ἐκείνῳ,</span> <span class='ocrx_word' id='word_1_828' title='bbox 2917 5148 3013 5200; x_wconf 75' lang='grc' dir='ltr'>καὶ</span> <span class='ocrx_word' id='word_1_829' title='bbox 3042 5146 3242 5209; x_wconf 90' lang='grc' dir='ltr'>αὐτοῖς.</span> <span class='ocrx_word' id='word_1_830' title='bbox 3272 5145 3398 5199; x_wconf 85' lang='grc' dir='ltr'>Είτε</span> <span class='ocrx_word' id='word_1_831' title='bbox 3420 5141 3514 5199; x_wconf 82' lang='grc' dir='ltr'><strong>οὖν</strong></span> <span class='ocrx_word' id='word_1_832' title='bbox 3539 5143 3690 5197; x_wconf 87' lang='grc' dir='ltr'>λελο-</span> 
     </span>
    </p>
   </div>
   <div class='ocr_carea' id='block_1_112' title="bbox 2114 5237 3684 5311">
    <p class='ocr_par' dir='ltr' id='par_1_112' title="bbox 2114 5237 3684 5311">
     <span class='ocr_line' id='line_1_112' title="bbox 2114 5237 3684 5311; baseline -0.002 -19"><span class='ocrx_word' id='word_1_833' title='bbox 2114 5242 2370 5311; x_wconf 84' lang='grc' dir='ltr'>γισμένος</span> <span class='ocrx_word' id='word_1_834' title='bbox 2400 5241 2580 5304; x_wconf 83' lang='grc' dir='ltr'>αὐτὸς,</span> <span class='ocrx_word' id='word_1_835' title='bbox 2610 5240 2718 5293; x_wconf 79' lang='grc' dir='ltr'>εἴτε</span> <span class='ocrx_word' id='word_1_836' title='bbox 2740 5238 2951 5295; x_wconf 90' lang='grc' dir='ltr'>ἀκούων</span> <span class='ocrx_word' id='word_1_837' title='bbox 2999 5238 3150 5310; x_wconf 87' lang='grc' dir='ltr'><strong>παρά</strong></span> <span class='ocrx_word' id='word_1_838' title='bbox 3175 5237 3428 5308; x_wconf 86' lang='grc' dir='ltr'>δαίμονος</span> <span class='ocrx_word' id='word_1_839' title='bbox 3455 5237 3684 5307; x_wconf 69' lang='grc' dir='ltr'>ἔφρασε,</span> 
     </span>
    </p>
   </div>
   <div class='ocr_carea' id='block_1_113' title="bbox 2109 5330 3685 5400">
    <p class='ocr_par' dir='ltr' id='par_1_113' title="bbox 2109 5330 3685 5400">
     <span class='ocr_line' id='line_1_113' title="bbox 2109 5330 3685 5400; baseline -0.003 -14"><span class='ocrx_word' id='word_1_840' title='bbox 2109 5333 2266 5387; x_wconf 83' lang='grc' dir='ltr'>τοῦτο</span> <span class='ocrx_word' id='word_1_841' title='bbox 2298 5335 2441 5388; x_wconf 75' lang='grc' dir='ltr'>ἅπαν</span> <span class='ocrx_word' id='word_1_842' title='bbox 2464 5336 2542 5397; x_wconf 87' lang='grc' dir='ltr'><strong>είς</strong></span> <span class='ocrx_word' id='word_1_843' title='bbox 2565 5334 2654 5386; x_wconf 84' lang='grc' dir='ltr'><strong>τὸν</strong></span> <span class='ocrx_word' id='word_1_844' title='bbox 2687 5332 2818 5386; x_wconf 81' lang='grc' dir='ltr'>Θεὸν</span> <span class='ocrx_word' id='word_1_845' title='bbox 2849 5333 3090 5400; x_wconf 86' lang='grc' dir='ltr'>ἀνάγειν,</span> <span class='ocrx_word' id='word_1_846' title='bbox 3129 5332 3221 5384; x_wconf 72' lang='grc' dir='ltr'><strong>καὶ</strong></span> <span class='ocrx_word' id='word_1_847' title='bbox 3258 5330 3515 5383; x_wconf 88' lang='grc' dir='ltr'>πλειόνων</span> <span class='ocrx_word' id='word_1_848' title='bbox 3548 5330 3685 5382; x_wconf 75' lang='grc' dir='ltr'>ἑτῶν</span> 
     </span>
    </p>
   </div>
   <div class='ocr_carea' id='block_1_114' title="bbox 438 5402 2027 5495">
    <p class='ocr_par' dir='ltr' id='par_1_114' title="bbox 438 5402 1990 5486">
     <span class='ocr_line' id='line_1_114' title="bbox 438 5402 1990 5486; baseline 0.01 -30"><span class='ocrx_word' id='word_1_849' title='bbox 438 5402 642 5458; x_wconf 79' lang='lat' dir='ltr'><strong>tuisse?</strong></span> <span class='ocrx_word' id='word_1_850' title='bbox 672 5406 833 5478; x_wconf 83' lang='lat'><strong>357</strong></span> <span class='ocrx_word' id='word_1_851' title='bbox 854 5408 989 5465; x_wconf 82' lang='lat' dir='ltr'><strong>Nam</strong></span> <span class='ocrx_word' id='word_1_852' title='bbox 1026 5411 1077 5466; x_wconf 89' lang='lat' dir='ltr'><strong>id</strong></span> <span class='ocrx_word' id='word_1_853' title='bbox 1103 5413 1321 5483; x_wconf 90' lang='lat' dir='ltr'><strong>quidem</strong></span> <span class='ocrx_word' id='word_1_854' title='bbox 1347 5423 1667 5483; x_wconf 86' lang='lat' dir='ltr'><strong>argumento</strong></span> <span class='ocrx_word' id='word_1_855' title='bbox 1698 5426 1801 5483; x_wconf 91' lang='lat' dir='ltr'><strong>est,</strong></span> <span class='ocrx_word' id='word_1_856' title='bbox 1826 5433 1990 5486; x_wconf 89' lang='lat' dir='ltr'><strong>quam</strong></span> 
     </span>
    </p>
   </div>
   <div class='ocr_carea' id='block_1_115' title="bbox 2131 5402 3685 5495">
    <p class='ocr_par' dir='ltr' id='par_1_115' title="bbox 2131 5422 3685 5495">
     <span class='ocr_line' id='line_1_115' title="bbox 2131 5422 3685 5495; baseline -0.001 -18"><span class='ocrx_word' id='word_1_857' title='bbox 2131 5425 2497 5490; x_wconf 60' lang='grc' dir='ltr'>ιελτηλυθότων,</span> <span class='ocrx_word' id='word_1_858' title='bbox 2519 5438 2547 5468; x_wconf 79' lang='grc' dir='ltr'>ι</span> <span class='ocrx_word' id='word_1_859' title='bbox 2574 5425 2635 5477; x_wconf 88' lang='grc' dir='ltr'><strong>τὸ</strong></span> <span class='ocrx_word' id='word_1_860' title='bbox 2662 5425 2759 5495; x_wconf 84' lang='grc' dir='ltr'>μὲν</span> <span class='ocrx_word' id='word_1_861' title='bbox 2772 5424 3016 5494; x_wconf 79' lang='grc' dir='ltr'>ἀκριϐὲς,</span> <span class='ocrx_word' id='word_1_862' title='bbox 3037 5425 3134 5477; x_wconf 86' lang='grc' dir='ltr'><strong>οὐκ</strong></span> <span class='ocrx_word' id='word_1_863' title='bbox 3157 5423 3265 5494; x_wconf 76' lang='grc' dir='ltr'>ἔχω</span> <span class='ocrx_word' id='word_1_864' title='bbox 3291 5423 3467 5490; x_wconf 79' lang='grc' dir='ltr'>λέγειν</span> <span class='ocrx_word' id='word_1_865' title='bbox 3489 5422 3685 5487; x_wconf 80' lang='grc' dir='ltr'>ὁπόσα,</span> 
     </span>
    </p>
   </div>
   <div class='ocr_carea' id='block_1_116' title="bbox 511 5499 893 5570">
    <p class='ocr_par' dir='ltr' id='par_1_116' title="bbox 511 5499 893 5570">
     <span class='ocr_line' id='line_1_116' title="bbox 511 5499 893 5570; baseline 0.016 -19"><span class='ocrx_word' id='word_1_866' title='bbox 511 5505 541 5535; x_wconf 79' lang='grc'><strong>⁸</strong></span> <span class='ocrx_word' id='word_1_867' title='bbox 578 5514 692 5565; x_wconf 66' lang='grc' dir='ltr'>τρη</span> <span class='ocrx_word' id='word_1_868' title='bbox 739 5499 774 5570; x_wconf 80' lang='grc' dir='ltr'><strong>ἡ</strong></span> <span class='ocrx_word' id='word_1_869' title='bbox 813 5501 893 5558; x_wconf 89' lang='grc' dir='ltr'><strong>τό.</strong></span> 
     </span>
    </p>
   </div>
   <div class='ocr_carea' id='block_1_117' title="bbox 510 5583 2027 5678">
    <p class='ocr_par' dir='ltr' id='par_1_117' title="bbox 510 5583 2027 5678">
     <span class='ocr_line' id='line_1_117' title="bbox 510 5583 2027 5678; baseline 0.013 -40"><span class='ocrx_word' id='word_1_870' title='bbox 510 5583 978 5678; x_wconf 46' lang='grc' dir='ltr'>ςῦξζβύπειθεῖςε</span> <span class='ocrx_word' id='word_1_871' title='bbox 1051 5600 1128 5650; x_wconf 85' lang='lat' dir='ltr'><strong>Ita</strong></span> <span class='ocrx_word' id='word_1_872' title='bbox 1172 5610 1532 5678; x_wconf 72' lang='lat' dir='ltr'><strong>correximus,</strong></span> <span class='ocrx_word' id='word_1_873' title='bbox 1592 5613 1715 5653; x_wconf 88' lang='lat' dir='ltr'><strong>cum</strong></span> <span class='ocrx_word' id='word_1_874' title='bbox 1775 5600 1901 5657; x_wconf 75' lang='lat' dir='ltr'><strong>ante</strong></span> <span class='ocrx_word' id='word_1_875' title='bbox 1968 5600 2027 5670; x_wconf 59' lang='lat' dir='ltr'><strong>leg</strong></span> 
     </span>
    </p>
   </div>
   <div class='ocr_carea' id='block_1_118' title="bbox 2131 5583 3683 5678">
    <p class='ocr_par' dir='ltr' id='par_1_118' title="bbox 2131 5604 3683 5678">
     <span class='ocr_line' id='line_1_118' title="bbox 2131 5604 3683 5678; baseline -0.002 -21"><span class='ocrx_word' id='word_1_876' title='bbox 2131 5612 2231 5658; x_wconf 78' lang='lat' dir='ltr'><strong>:tur</strong></span> <span class='ocrx_word' id='word_1_877' title='bbox 2286 5607 2576 5675; x_wconf 81' lang='grc' dir='ltr'>ευπειθεῖν,</span> <span class='ocrx_word' id='word_1_878' title='bbox 2626 5607 2782 5678; x_wconf 86' lang='lat' dir='ltr'><strong>cujus</strong></span> <span class='ocrx_word' id='word_1_879' title='bbox 2832 5606 3082 5663; x_wconf 87' lang='lat' dir='ltr'><strong>lectionis</strong></span> <span class='ocrx_word' id='word_1_880' title='bbox 3133 5607 3186 5660; x_wconf 93' lang='lat' dir='ltr'><strong>in</strong></span> <span class='ocrx_word' id='word_1_881' title='bbox 3257 5604 3348 5659; x_wconf 88' lang='lat' dir='ltr'><strong>alt.</strong></span> <span class='ocrx_word' id='word_1_882' title='bbox 3400 5617 3683 5658; x_wconf 82' lang='lat' dir='ltr'><strong>manuscr.</strong></span> 
     </span>
    </p>
   </div>
   <div class='ocr_carea' id='block_1_119' title="bbox 436 5661 1714 5737">
    <p class='ocr_par' dir='ltr' id='par_1_119' title="bbox 436 5661 1714 5737">
     <span class='ocr_line' id='line_1_119' title="bbox 436 5661 1714 5737; baseline 0.012 -29"><span class='ocrx_word' id='word_1_883' title='bbox 436 5662 545 5708; x_wconf 81' lang='lat' dir='ltr'><strong>non</strong></span> <span class='ocrx_word' id='word_1_884' title='bbox 574 5661 861 5717; x_wconf 87' lang='lat' dir='ltr'><strong>obscurum</strong></span> <span class='ocrx_word' id='word_1_885' title='bbox 893 5666 1071 5721; x_wconf 87' lang='lat' dir='ltr'><strong>adhuc</strong></span> <span class='ocrx_word' id='word_1_886' title='bbox 1101 5668 1386 5737; x_wconf 81' lang='lat' dir='ltr'><strong>vestigium</strong></span> <span class='ocrx_word' id='word_1_887' title='bbox 1414 5661 1714 5737; x_wconf 84' lang='lat' dir='ltr'><strong>supererat.</strong></span> 
     </span>
    </p>
   </div>
  </div>
