3824 6226
354 207 463 262 003

986 215 1254 271 EUSEBII
1290 218 1768 282 CESANENSIS
1804 227 1955 287 OPP.
1997 230 2175 288 PARS
2214 232 2275 288 fl.
2317 265 2386 275 —-
2423 233 2925 292 APOLOGETICA.

3487 239 3592 297 608

355 335 605 390 matrem,
639 336 734 382 aut
762 342 911 394 cum,
948 332 1042 399 qui
1069 333 1347 393 beneﬁciis
1375 345 1429 392 te
1475 339 1576 393 sibi
1612 342 1924 398 obstrinxe-

2040 346 2296 417 ›ὐδεμιᾶς,
2333 347 2467 417 πρὸς
2504 344 2809 402 εὐπείθειαν
2840 349 2884 402 δ’
2917 349 2974 402 ἐν
3008 349 3196 403 ἅπασι.
3256 351 3434 414 Favez;
3464 353 3594 405 παί-

354 419 462 471 rit:
498 429 672 474 morte
716 419 967 477 similiter
1015 424 1184 490 luito,
1256 443 1430 499 eaque
1490 447 1598 486 non
1645 438 1923 492 communi

2040 438 2128 492 iuw
2147 439 2334 509 ἄρχειν
2359 439 2448 491 ἐπὶ
2477 441 2719 511 σωτηρίᾳ
2778 441 2870 494 καὶ
2912 441 3207 514 πολυωρίᾳ.
3243 443 3362 496 Τῶν
3402 443 3601 498 ἑαυτοῦ·

355 509 577 578 quidem
605 526 669 566 ac
704 511 940 581 vulgari:
979 517 1072 570 sed
1105 519 1356 588 quisquis
1391 523 1472 575 vel
1503 523 1686 594 lingua
1716 535 1923 581 tantum

357 599 464 655 hoc
492 602 545 656 in
570 619 766 673 genere
799 605 1112 674 deliquerit,
1166 612 1492 681 lapidandus
1541 617 1588 671 is
1633 628 1736 682 est,
1768 621 1924 689 quasi

357 691 497 747 nihil
530 693 578 746 ei
623 694 714 762 qui
751 694 912 763 impie
947 698 1077 766 quid
1119 699 1330 766 fecerit,
1359 703 1703 769 improbitate
1741 722 1928 761 conce-

358 781 469 838 dat.
508 785 657 840 Alias
701 793 963 854 praeterea
1007 790 1151 861 leges
1194 793 1243 846 id
1287 810 1458 863 genus
1504 796 1928 866 babent,cujus-

357 876 505 930 modi
545 891 622 932 eae
662 889 791 932 sunt
833 895 955 950 quae
1004 893 1339 951 sequ-untur:
1395 885 1602 943 Uxores
1633 889 1764 945 viris
1817 905 1925 946 non

359 969 528 1024 ullam
565 969 632 1024 ad
681 973 1090 1036 contumeliam,
1124 976 1216 1030 sed
1249 977 1463 1044 quoties
1493 979 1810 1033 obedientia:
1842 997 1928 1033 ra-

358 1062 438 1116 tio
467 1063 783 1131 postulabit.
816 1068 981 1120 rebus
1009 1067 1062 1120 in
1101 1070 1359 1124 omnibus
1377 1071 1801 1140 obtemperante.
1829 1072 1930 1126 Pa-

358 1163 544 1210 rentcs
575 1157 861 1225 imperium
898 1158 949 1211 in
1001 1160 1200 1214 liberos
1229 1161 1481 1224 habento,
1511 1179 1620 1231 quo
1652 1173 1830 1217 tamen
1861 1165 1929 1220 ad

357 1263 548 1304 eorum
605 1250 767 1304 saluti
809 1253 1080 1320 praecipua
1124 1268 1255 1307 cura
1303 1255 1593 1323 studioque
1641 1255 1931 1310 consulen-

360 1344 492 1399 dum
525 1353 774 1400 utuntor.
805 1345 1039 1399 Suarum
1068 1346 1302 1414 quisque
1333 1345 1649 1400 facultatum
1676 1348 1930 1402 dominus

361 1447 500 1502 esto,
553 1438 659 1492 nisi
701 1439 748 1492 si
799 1453 893 1491 eas
943 1436 1072 1501 Deo,
1124 1438 1208 1490 vel
1245 1437 1455 1491 dicatas
1501 1448 1794 1507 utcunque,
1848 1440 1928 1493 vel

361 1531 588 1586 omnino
620 1545 807 1585 sacras
836 1544 961 1583 esse
993 1528 1246 1582 voluerit.
1287 1527 1420 1582 Nam
1454 1529 1500 1583 si
1530 1531 1610 1583 vel
1650 1545 1744 1584 ore
1769 1540 1930 1584 tenus

363 1623 714 1693 sponsionem
765 1620 1032 1690 ejusmodi
1087 1621 1324 1690 aliquam
1385 1621 1744 1688 nuncuparit,
1796 1621 1928 1674 uibil

362 1730 552 1770 eorum
587 1715 841 1783 deinceps
875 1714 1139 1784 attingere
1185 1713 1404 1782 poterit,
1457 1714 1548 1768 sed
1581 1714 1835 1768 omnibus
1880 1713 1929 1768 ei

362 1809 628 1864 continuo
657 1808 1008 1862 interdictum
1054 1807 1178 1860 erit.
1217 1807 1400 1875 Apage
1447 1820 1595 1869 vero,
1631 1806 1931 1876 quidquam

359 1915 425 1954 ex
476 1899 544 1955 iis
587 1915 709 1970 qum
741 1898 1060 1954 numinibus
1109 1907 1423 1952 consecrata
1473 1896 1686 1965 forent,
1733 1907 1825 1951 aut
1863 1914 1927 1951 ex

361 1991 607 2048 donariis
655 1992 847 2046 alienis
891 2006 1113 2061 rapere:
1163 2005 1290 2044 nam
1349 2005 1436 2044 res
1471 1991 1632 2044 etiam
1669 1990 1933 2058 cujusque
1974 2037 1982 2044 .

360 2081 635 2153 proprias,
672 2091 732 2135 ut
773 2081 886 2151 jam
946 2081 1093 2147 dixi,
1141 2081 1225 2135 vel
1283 2096 1487 2144 unum,
1527 2081 1671 2150 quod
1728 2081 1934 2148 impru-

362 2174 509 2228 denti
547 2173 776 2228 Domino
825 2174 1108 2238 exciderit,
1157 2173 1380 2227 verbum
1418 2171 1777 2227 consecrabit.
1820 2169 1933 2234 ita.

363 2266 520 2334 cujus
563 2279 626 2319 ea
672 2281 776 2322 vox
826 2265 1010 2327 fuerit,
1054 2265 1266 2319 cunctis
1313 2264 1402 2318 ille
1440 2263 1758 2334 spoliandus
1797 2262 1927 2316 erit:

363 2355 496 2419 imo,
526 2354 573 2410 si
611 2369 732 2409 eam
760 2362 970 2408 mutata
1001 2354 1290 2416 sententia,
1326 2369 1584 2408 revocare
1626 2353 1930 2417 conabitur,

361 2447 470 2501 vita
510 2461 729 2516 quoque
778 2445 1118 2516 spoliandus.
1163 2447 1342 2516 Atque
1373 2445 1565 2500 eadem
1613 2454 1931 2499 cancrorum

361 2545 644 2606 praeterea,
680 2536 734 2590 in
778 2550 918 2606 quos
961 2543 1286 2604 potestatem
1337 2535 1463 2604 quis
1509 2535 1736 2597 habeat,
1794 2533 1934 2588 ratio

361 2637 465 2683 est.
498 2628 554 2683 Si
583 2629 664 2682 vir
693 2631 881 2684 uxoris
911 2645 1024 2684 suae
1057 2628 1316 2685 alimenta
1347 2626 1458 2682 Deo
1493 2642 1649 2682 sacra
1687 2641 1808 2684 csse
1835 2641 1934 2681 vo—

2026 533 2317 599 κτημάτων
2345 530 2439 582 ἕνα
2457 530 2680 584 ἕκαστον
2712 532 2897 604 κύριον
2926 529 3085 598 εἶναι,
3131 533 3202 605 pi}
3223 534 3353 587 Θεόν
3381 552 3440 604 γε
3475 539 3598 589 ἐπι-

2029 623 2338 694 φημίσαντα
2379 625 2581 689 αὐτοῖς,
2637 625 2757 695 μηδ’
2790 627 2865 689 ὡς
2917 625 2995 696 τῷ
3055 625 3174 696 Θεῷ
3220 627 3391 681 ταῦτα
3439 628 3610 699 ἀνίη-.

2029 732 2111 768 σιν
2143 716 2274 786 (57).
2312 718 2370 768 Et
2397 716 2452 768 δὲ
2507 716 2648 787 λόγῳ
2701 717 2858 788 μόνον
2907 717 3232 788 ὑποσχέσθαι
3277 720 3597 792 προσπέσοι,

2026 805 2228 877 ψαῦσαι
2257 808 2349 860 καὶ
2379 805 2548 874 θίγειν
2573 805 2752 859 αὐτῶν
2782 808 2881 860 οὐκ
2914 807 3080 869 ἐστιν,
3109 809 3220 860 ἀλλ’
3244 808 3405 871 εὐθὺς
3431 809 3608 864 ἁπάν-

2029 917 2136 954 των
2170 898 2608 952 ἀποκεκλεῖσθαι.
2635 899 2723 968 Μή
2763 915 2850 968 μοι
2872 897 2941 951 τὰ
2970 897 3077 951 τῶν
3118 899 3252 951 θεῶν
3284 898 3393 968 (58)
3421 901 3606 970 ἀρπά-

2029 989 2160 1054 ζειν,
2199 991 2319 1061 μηδ’
2340 989 2612 1060 ἀποσυλᾷν
2665 991 2864 1061 ἐτέρων
2910 991 3271 1062 ἀναθημάτων
3301 991 3432 1062 (59),
3462 991 3616 1048 ἀλλὰ.

2029 1084 2122 1136 καὶ
2152 1083 2258 1135 τῶν
2286 1083 2516 1146 οίκείων,
2552 1082 2739 1154 ὥσπερ
2764 1082 2917 1153 ἔφην,
2962 1085 3268 1155 προσπεσόν
3296 1102 3348 1137 τι
3388 1085 3479 1138 καὶ
3503 1085 3604 1139 λα·-

2030 1173 2119 1226 θὸν
2147 1173 2308 1226 αὐτὸν
2360 1173 2530 1243 ῥῆμα,
2582 1171 2935 1243 ὲπαναθήσει.
2967 1173 3202 1226 Εἱπόντα
3250 1173 3326 1235 δὲ,
3381 1174 3618 1226 πάντων

2033 1265 2333 1335 στέρεσθαι·
2370 1263 2824 1334 μεταγινώσκοντι
2857 1265 2913 1318 δὲ
2960 1265 2992 1336 ἢ
3044 1266 3492 1336 ὲπανορθουμένῳ
3531 1265 3607 1320 τὰ

2029 1355 2342 1425 λελεγμένα,
2375 1356 2467 1409 καὶ
2490 1355 2584 1427 τὴν
2615 1356 2789 1428 ψυχὴν
2823 1357 3331 1428 προσαφαιρεῖσθαι.
3371 1358 3478 1410 Καὶ
3509 1357 3606 1411 ἐπὶ

2029 1447 2137 1501 τῶν
2165 1448 2358 1511 ἄλλων,
2393 1442 2466 1501 ὧν
2499 1449 2760 1520 κυριεύει,
2789 1452 2816 1502 ὁ
2836 1450 2994 1513 αὐτὸς
3026 1451 3201 1518 λόγος.
3253 1450 3374 1503 Ἐὰν
3406 1453 3610 1520 ὲπιφηο

2036 1540 2167 1612 μίσῃ
2194 1538 2398 1610 τροφὴν
2427 1539 2685 1608 γυναικὸς
2716 1540 2874 1611 ἀνὴρ,
2899 1539 3048 1610 ἱερὰν
3079 1537 3238 1604 εἶναι,
3289 1541 3492 1613 τροφῆς
3517 1541 3624 1594 ἀνι.

2034 1625 2195 1695 ἐχειν.
2239 1627 2363 1679 Ἐὰν
2395 1627 2576 1699 πατὴρ
2609 1626 2707 1697 υἱῷ
2731 1627 2860 1696 (60),
2895 1627 2989 1681 ὲάν
3012 1631 3193 1698 ἄρχων
3221 1629 3298 1699 τῷ
3340 1629 3606 1700 ὑπηκόῳ,

1966 1681 2006 1736 Β
2030 1681 2245 1769 τάυτόν.
2278 1717 2386 1770 Καὶ
2406 1681 2624 1780 tandem
2670 1681 2747 1770 éé‘
2780 1681 3281 1789 sit'tcpnptoiigvvwv:
3313 1721 3344 1789 i}
3386 1681 3611 1788 71‘s:-

2029 1807 2281 1882 λειοτάτη
2299 1808 2390 1860 καὶ
2422 1808 2668 1878 μεγίστη,
2701 1808 2794 1861 τοῦ
2832 1809 3018 1879 ἱερέως
3071 1811 3467 1880 ἀποφήσαντος*
3499 1808 3626 1871 ὐπδι.

2031 1901 2139 1971 γὰρ
2172 1900 2264 1954 τοῦ
2288 1899 2426 1953 Θεοῦ
2478 1899 2666 1970 κύριος
2695 1895 2849 1962 οὗτος
2877 1898 3148 1964 δέξασθαι·
3184 1900 3278 1954 καὶ
3305 1900 3441 1971 μετά
3472 1896 3610 1953 ταῦ-

2029 2009 2128 2068 την
2152 1993 2206 2045 δὲ
2233 1993 2265 2062 ή
2293 1993 2442 2064 παρά
2470 1992 2578 2046 τῶν
2609 1992 2805 2063 μᾶλλον
2830 1993 2916 2046 ἀεὶ
2937 1993 3140 2065 κυρίων
3173 1992 3296 2046 ὁσία
3332 1991 3489 2045 ἵλεων
3515 1989 3613 2045 τὸν

2030 2084 2160 2139 Θεὸν
2190 2085 2524 2154 ἀποφαίνειψ
2560 2085 2635 2148 ὡς
2663 2084 2797 2156 μηδὲ
2828 2086 2912 2138 ἐπ’
2941 2085 3206 2153 ἀνάγκαις
3230 2083 3327 2155 τὴν
3352 2083 3620 2137 ἀνάθεσιν-

2030 2176 2296 2247 δέχεσθαι.
2352 2177 2535 2247 Μυρία
2567 2176 2623 2230 δὲ
2678 2175 2813 2229 ἄλλα
2867 2175 2958 2231 ἐπὶ
2991 2175 3218 2239 τούτοις,
3253 2174 3351 2226 ὅσα
3395 2174 3486 2226 καὶ
3511 2172 3609 2226 ἐπὶ

2030 2265 2292 2337 ἀγράφων
2325 2264 2462 2318 ἐθῶν
2516 2266 2608 2318 καὶ
2651 2265 2916 2334 νομίμων,
2947 2265 3049 2318 κάν
3090 2267 3203 2326 τοῖς
3231 2262 3476 2332 νομίμοις
3507 2263 3609 2315 αὑ-

2032 2361 2144 2421 τοῖς
2178 2357 2310 2429 (61).
2345 2358 2415 2410 "A
2441 2375 2524 2420 τις
2578 2356 2768 2411 παθεῖν
2793 2356 3052 2428 ἐχθαίρει,
3098 2357 3171 2428 μὴ
3224 2357 3394 2408 ποιεῖν
3420 2355 3622 2413 αὐτόν.-

2039 2451 2106 2508 Ἀ
2143 2449 2216 2520 μὴ
2272 2448 2595 2520 κατέθηκεν,
2651 2449 2774 2521 μηδ’
2807 2447 3164 2519 ἀναιρεῖσθαι,
3207 2449 3334 2519 μηδ’
3368 2449 3433 2501 ὲκ
3466 2463 3613 2519 πραο

2035 2541 2174 2605 σιᾶς,
2201 2541 2323 2612 μηδ’
2352 2542 2416 2594 ὲκ
2466 2540 2650 2611 ληνοῦ,
2701 2540 2821 2612 μηδ’
2853 2540 2914 2605 ἐξ
2962 2539 3186 2603 ἅλωνοςο
3241 2539 3314 2611 μὴ
3355 2538 3628 2610 θημῶνος,

2034 2631 2378 2704 ὑφαιρεῖσθαι
2411 2631 2552 2703 μέγα
2581 2633 2614 2703 ἢ
2655 2633 2849 2703 μικρὸν
2880 2631 3066 2693 ἁπλῶς
3096 2630 3286 2702 μηθέν.
3321 2629 3412 2700 Mi}
3439 2629 3636 2702 πυρδςς

362 2720 546 2785 luerit,
585 2720 860 2775 alimentis
907 2721 956 2775 ei
993 2721 1111 2776 suis
1150 2715 1558 2774 abstinendum.
1604 2719 1659 2772 Si
1707 2719 1775 2773 de
1823 2717 1929 2773 tilio

2040 2722 2273 2798 δεηθέντι
2307 2721 2538 2791 φθονεῖν.
2601 2722 2693 2792 Μὴ
2741 2721 2957 2791 νάματα
3014 2720 3221 2774 ὑδάτων
3273 2720 3611 2774 ἀποκλείειν⁹

361 2820 535 2882 pater,
572 2811 617 2865 si
654 2809 910 2880 princeps
937 2811 1004 2865 de
1033 2809 1286 2875 subditis,
1320 2809 1500 2864 simile
1530 2808 1788 2878 quiddam
1823 2816 1933 2862 sta-

360 2905 545 2968 tuerit,
579 2905 745 2961 fixum
780 2904 922 2958 idem
968 2902 1277 2957 habendum
1311 2917 1376 2956 ac
1406 2910 1606 2956 ratum.
1641 2900 1810 2955 Porro
1841 2913 1937 2953 vo-

2033 2812 2168 2870 ἀλλά
2200 2814 2291 2866 καὶ
2321 2816 2552 2884 πτωχοῖς
2571 2813 2665 2866 καὶ
2690 2815 2885 2884 πηροῖς
2908 2813 3112 2884 τροφὴν
3139 2812 3442 2883 έρανίζουσι
3471 2812 3633 2884 πρὸς,

2034 2903 2123 2958 τὸν
2155 2903 2285 2956 Θεὸν
2311 2904 2524 2972 εὐαγῶς
2546 2904 2756 2974 ἀνέχειν
2773 2903 2904 2973 (62).
2933 2903 3026 2974 Mi}
3050 2903 3230 2973 ταφῆς
3265 2903 3472 2975 νεκρῶν
3499 2903 3631 2975 (6'5),

361 3005 542 3050 torum
571 2994 843 3063 ejusmodi
874 2993 1096 3055 solutio,
1130 2992 1176 3046 si
1218 2992 1284 3046 de
1314 2991 1709 3059 perfectissima
1737 2999 1791 3043 et
1820 3005 1929 3044 ma-

2040 2993 2322 3066 ὲξείργειν,
2351 2993 2486 3047 ἀλλά
2510 2994 2604 3047 καὶ
2640 2995 2742 3065 γῆς
2765 2993 2947 3055 αὐτοῖς
2979 2993 3102 3045 ὅσον
3136 3009 3200 3060 γε
3227 2995 3306 3056 είς
3333 2991 3430 3063 τὴν
3457 2992 3614 3045 ὁσίαν

364 3086 511 3140 xima
551 3085 846 3153 loquimur,
880 3081 1204 3146 sacerdotis,
1237 3081 1330 3150 qui
1365 3094 1427 3134 ea
1454 3079 1556 3133 sibi
1587 3080 1804 3148 probari
1841 3094 1935 3134 ne-

364 3186 475 3248 get,
515 3175 735 3246 propria
766 3185 880 3227 est:
925 3187 1051 3227 eum
1095 3171 1240 3225 enim
1286 3185 1445 3226 suum
1484 3169 1642 3238 quasi
1671 3169 1934 3223 vicarium

365 3265 513 3322 Deus
553 3280 675 3319 esse
711 3263 901 3325 voluit,
943 3262 1037 3331 qui
1085 3276 1146 3314 ea
1185 3260 1270 3314 vel
1318 3259 1617 3327 suscipere,
1650 3259 1733 3312 vel
1776 3274 1936 3328 repu-

365 3358 519 3412 diare
563 3368 780 3409 summo
815 3353 939 3422 jure
972 3357 1175 3420 posset.
1221 3348 1404 3402 Altera
1457 3362 1586 3402 vero
1619 3356 1704 3402 est
1742 3347 1811 3401 ab
1847 3347 1932 3412 iis,

367 3463 536 3519 penes
571 3460 708 3517 quos
755 3443 1066 3515 praecipuus
1108 3456 1324 3511 semper
1363 3447 1546 3494 manet
1581 3438 1660 3494 rei
1689 3438 1938 3493 domina-

367 3550 479 3605 tus,
522 3539 604 3594 fas
649 3538 920 3609 quoddam
971 3546 1025 3591 et
1071 3533 1303 3589 facultas
1349 3531 1610 3600 profecta,
1659 3547 1767 3600 qua
1813 3531 1938 3600 quis

370 3635 642 3705 placatum
696 3629 797 3686 sibi
828 3627 1234 3700 propitiumque
1279 3625 1490 3682 Numen
1536 3640 1659 3680 esse
1697 3640 1938 3695 pronun-

371 3723 598 3781 tiet.'lta
637 3722 1082 3778 consecrationes
1117 3721 1238 3774 illas
1286 3729 1435 3775 ratas
1478 3717 1742 3779 habendi,
1789 3716 1936 3770 nulla

367 3820 555 3876 subest
585 3817 906 3873 necessitas.
951 3815 1068 3870 Alia
1123 3815 1348 3884 insuper
1389 3812 1598 3866 infinita
1639 3819 1786 3870 sunt.
1816 3825 1938 3874 quae

367 3911 562 3982 partim
613 3908 730 3963 sine
769 3907 996 3976 scripto,
1032 3905 1280 3959 moribus
1315 3914 1520 3958 tantum
1564 3911 1619 3957 et
1644 3909 1938 3957 consuetu-

366 4005 515 4068 dine,
550 4002 742 4072 partim
776 4000 994 4068 scriptis
1025 3999 1187 4053 etiam
1220 3997 1429 4067 legibus
1458 3997 1828 4051 continentur.
1862 3994 1938 4049 Ac

369 4096 690 4167 posterioris
744 4095 906 4148 etiam
962 4092 1177 4163 generis
1238 4099 1395 4155 sunt,
1451 4106 1573 4159 quae
1612 4100 1936 4159 sequuntur.

373 4189 506 4255 Quae
535 4189 660 4257 quis
704 4187 934 4241 moleste
967 4185 1316 4254 graviterque
1385 4182 1571 4247 ferret,
1602 4197 1662 4236 ea
1717 4185 1830 4252 ipse
1871 4197 1938 4236 ne

374 4280 560 4335 facito.
614 4277 746 4344 Quae
793 4293 899 4331 non
947 4277 1281 4346 deposuerit,
1330 4290 1392 4330 ea
1440 4291 1509 4329 ne
1555 4275 1749 4330 tollito.
1792 4273 1937 4330 Nihil

2037 3085 2510 3157 προσεπιϐάλλεινθ
2542 3085 2614 3156 μὴ
2641 3085 2832 3156 θήκας,
2877 3086 2952 3158 μὴ
2987 3088 3248 3158 μνήματα
3272 3084 3407 3148 ὅλως
3428 3101 3615 3137 κατοι-

2036 3175 2280 3246 χομένων
2311 3177 2499 3228 κινεῖν.
2535 3175 2625 3246 Mi}
2658 3175 2853 3246 δεσμά,
2916 3177 2989 3247 μὴ
3021 3175 3195 3230 κακὸν,
3234 3173 3398 3244 μηδὲν
3449 3173 3616 3227 πλέον

2035 3265 2113 3341 τῷ
2140 3269 2198 3319 ὲν
2243 3266 2504 3332 ἀνάγκαις
2559 3267 3001 3339 προσεπιφέρειν.
3036 3266 3128 3336 Μὴ
3184 3267 3346 3335 γονὴν
3399 3264 3622 3337 ἀνδρῶν.

2037 3356 2416 3428 ἐκτέμνοντας,
2449 3355 2522 3428 μὴ
2552 3357 2828 3424 γυναικῶν
2886 3357 3142 3422 ἁτοκίοις,
3171 3356 3266 3410 καὶ
3297 3355 3483 3418 ἄλλαις
3508 3374 3624 3426 p1}-

2036 3453 2226 3520 χαναίς
2257 3449 2518 3520 ἀμὸλοῦν.
2548 3449 2639 3522 Μὴ
2663 3449 2824 3515 ζώοις
2854 3449 3142 3521 ἔμπαλινῆ
3172 3447 3477 3514 κατέδειξεν
3515 3447 3613 3501 εἶτ’

2035 3531 2353 3600 οὗνὸΘεδς,
2405 3536 2516 3590 εἴτε
2563 3555 2646 3601 τις
2673 3539 2768 3592 καὶ⁴
2813 3537 3130 3609 νομοθέτης,
3186 3536 3620 3607 προσφέρεσθαι.

2036 3625 2129 3698 Mi}
2157 3625 2376 3698 σπέρμα
2397 3627 2694 3695 ἀφανίζειν·
2727 3626 2800 3698 pi}
2829 3626 3071 3698 γέννημα
3109 3624 3348 3682 δουλοῦν.
3395 3627 3488 3699 Μὴ
3521 3627 3618 3692 ζυα

2037 3715 2130 3785 γδν
2159 3717 2339 3772 ἄδικον
2395 3719 2836 3782 ἀνθυποϐάλλειν,
2877 3720 2949 3791 μὴ
2979 3719 3187 3788 χοίνικα
3238 3719 3494 3791 ἄμετρον,
3538 3719 3615 3791 pi}

2037 3809 2280 3880 νόμισμα
2302 3810 2504 3866 ἄδικον.
2529 3812 2618 3883 Μὴ
2648 3812 2816 3882 φίλων
2863 3815 3150 3886 ἀπόρρητα
3184 3817 3241 3868 ὲν
3283 3813 3455 3888 ἔχθρᾳ
3486 3813 3616 3888 φαί-

2037 3916 2166 3954 νειν.
2195 3902 2292 3954 Ποῖ
2318 3901 2381 3973 δὴ
2410 3903 2543 3973 πρὸς
2566 3903 2658 3956 τοῦ
2678 3903 2812 3957 Θεοῦ
2841 3905 2970 3974 ἡμῖν
2996 3904 3064 3958 τὰ
3097 3903 3364 3973 Βουζύγια
3392 3887 3612 3971 ἐκεῖνας

2041 3995 2212 4050 Ἀλλα
2237 3997 2294 4049 δὲ
2322 3998 2456 4069 πρὸς
2486 3996 2694 4060 τούτοις
2724 3999 2843 4070 ὅρα.
2876 4000 2966 4068 Μὴ
2997 3998 3207 4054 παίδων.
3225 3997 3500 4061 διοικίζειν
3529 4012 3616 4065 γο-

2037 4086 2182 4149 νέας,
2211 4087 2330 4158 μηδ⁴
2353 4087 2418 4141 ἂν
2453 4088 2828 4161 αἰχμαλώτους
2859 4089 3005 4162 ἔχῃς·
3043 4089 3115 4159 μὴ
3141 4091 3372 4156 γυναῖκα
3397 4086 3615 4158 ἀνδρὸς,

2039 4176 2141 4230 κᾶν
2163 4179 2406 4250 νομίμως
2433 4181 2744 4250 ἐωνημένος
2770 4179 2834 4252 ᾗς
2861 4180 3141 4250 δεσπότης.
3187 4175 3369 4232 Ἧπου
3423 4177 3619 4249 σεμνὸ-

2036 4285 2170 4340 τερα
2198 4271 2290 4322 καὶ
2321 4269 2490 4339 μείζω
2548 4271 2736 4326 ’ταῦτα⁹
2792 4271 2925 4325 ἀλλα
2975 4271 3031 4324 δὲ
3083 4270 3256 4343 μικρά
3302 4270 3396 4324 καὶ
3426 4269 3496 4323 τὰ
3516 4286 3615 4322 τυ-

370 4372 586 4443 penitus
643 4369 1182 4439 quantulumcunque
1256 4369 1358 4432 sit,
1411 4384 1478 4422 ex
1546 4367 1770 4422 alterius
1851 4369 1929 4422 vel

2040 4361 2218 4432 χόντα.
2251 4361 2342 4432 Μὴ
2365 4364 2602 4416 νεοττίαν
2657 4367 2790 4434 φησὶ
2836 4365 3157 4418 κατοικίδιον
3217 4363 3476 4434 ἐρημοῦν,
3539 4367 3615 4436 μὴ

370 4467 564 4527 horto,
609 4461 692 4516 vel
732 4461 1020 4523 torculari,
1068 4460 1153 4514 vel
1194 4475 1343 4525 area,
1390 4459 1471 4513 vel
1511 4475 1706 4513 acervo
1751 4459 1936 4512 furtim

371 4555 701 4614 subtrahite.
757 4552 832 4607 Ne
880 4554 1136 4622 cuiquam
1191 4551 1391 4622 petenti
1445 4552 1624 4622 ignem
1677 4552 1932 4608 invidcto.

372 4646 684 4703 Fluentium
715 4661 981 4715 aquarum
1019 4660 1121 4698 usu
1153 4645 1424 4698 neminem
1459 4644 1751 4699 excludito.
1798 4643 1940 4698 Pau-

368 4741 593 4810 peribus
647 4747 701 4794 et
733 4753 960 4808 corpore
1003 4737 1209 4790 inutilis
1256 4737 1448 4806 stipem
1502 4737 1937 4792 mendicantibus

372 4831 468 4886 Dei
502 4847 668 4886 causa
706 4829 794 4900 pie
835 4829 1140 4884 subvenito.
1173 4827 1443 4882 Mortuum
1475 4830 1745 4883 nemiuem
1783 4845 1938 4900 sepe-

443 4983 554 5056 (57)
588 4982 734 5056 Μηδ’
758 4983 838 5047 ὡς
867 4981 946 5047 τῷ
1080 5001 1132 5056 τ.
1255 4983 1352 5056 ,Ὡς
1382 4983 1696 5056 mutandum
1727 4985 1938 5056 videtur

371 5055 426 5110 in
454 5053 542 5126 ὃς,
573 5055 967 5126 quasiplieeret,
992 5053 1024 5124 ἢ
1052 5055 1144 5124 καὶ
1173 5053 1367 5126 ἀνέντα
1389 5053 1560 5126 ταῦτα
1591 5055 1668 5125 τῷ
1691 5055 1829 5126 Θεῷ.

444 5125 554 5194 (58)
592 5121 713 5178 Τῶν
732 5121 912 5179 θεῶν.
939 5121 1077 5190 Quid
1117 5121 1161 5177 Si
1189 5123 1278 5176 τοῦ
1310 5124 1482 5177 Θεοῦῗ
1511 5121 1650 5178 Nam
1675 5121 1936 5195 quorsum

371 5195 461 5250 hic
513 5195 880 5264 profanorum.
926 5199 1148 5247 deorum
1206 5195 1556 5264 meminisse?
1610 5198 1710 5250 nisi
1758 5207 1935 5250 tamen

371 5273 461 5327 Dii
493 5259 590 5340 pro
624 5274 780 5344 Deus,
811 5287 869 5326 ut
889 5271 1094 5327 Hebraei
1129 5259 1324 5338 nvn‘m,
1358 5277 1502 5344 quod
1537 5278 1621 5331 vix
1647 5279 1827 5333 credo.

443 5345 553 5414 (59)
607 5342 848 5417 Ἑτέρων
899 5344 1306 5417 ἀναθημάτων.
1354 5342 1452 5400 Hic
1497 5350 1766 5417 genitivus
1813 5363 1934 5402 cum

374 5423 634 5486 sequente
664 5414 900 5476 οἰκείων,
933 5414 1125 5478 Attice,
1165 5427 1218 5470 ut
1266 5414 1561 5471 notandum
1587 5426 1689 5479 est,
1722 5434 1819 5486 pro
1847 5436 1936 5472 ac-

375 5485 597 5537 cusandi
630 5499 777 5536 casu.

451 5552 561 5626 (60)
603 5553 728 5618 Υἱῷ.
762 5553 1068 5623 Legendum
1102 5557 1310 5609 videtur
1344 5556 1482 5622 υἱοῦ,
1509 5567 1561 5611 et
1586 5557 1749 5626 paulo
1791 5568 1934 5625 post,

380 5621 637 5690 ὑπηκόου,
670 5641 773 5677 non
811 5621 1052 5694 ὑπηκόῳ,
1083 5621 1535 5695 quemadmodttm
1583 5621 1707 5682 ante
1739 5621 1932 5683 scribi—

2039 4452 2191 4516 ζώων
2222 4454 2445 4518 ἱκεσίαν,
2498 4448 2584 4506 οἷα
2613 4453 2723 4510 ἐσθ’
2745 4455 2833 4507 ὅτε
2867 4455 3317 4527 προσφευγόντων
3350 4455 3614 4524 ἀναιρεῖν.

2038 4545 2128 4615 Μὴ
2163 4545 2214 4596 ετ
2236 4563 2287 4597 τι
2315 4545 2421 4597 τῶν
2457 4545 2714 4600 τοιούτων
2759 4542 2920 4617 ἦττόν
2980 4549 3144 4600 ἐστιν.
3206 4546 3432 4608 Οὐδενὸς
3488 4545 3617 4610 ἄξια

2037 4635 2212 4689 ταῦτά
2241 4653 2305 4704 γε
2343 4637 2516 4698 εἴποις
2571 4639 2656 4691 ἄν.
2706 4637 2843 4691 Ἀλλ’
2877 4640 2904 4692 ὅ
2963 4657 3028 4708 γε
3081 4639 3166 4692 ἐπ’
3213 4639 3396 4703 αὐτοῖς
3449 4639 3615 4709 νόμος

2039 4728 2156 4780 ἐστὶ
2211 4728 2406 4798 μέγας,
2457 4730 2552 4784 καὶ
2613 4731 2792 4802 πάσης
2851 4732 3164 4802 ἐπιμελείας
3189 4732 3383 4797 αἴτιος,
3416 4733 3511 4786 καὶ
3558 4736 3615 4785 αἱ

2040 4820 2374 4891 προρρήσεις
2404 4821 2656 4891 μεγάλαι,
2719 4822 2812 4876 καὶ
2865 4823 2995 4894 ἀραὶ
3047 4823 3190 4877 κατά
3230 4841 3290 4877 τε
3336 4823 3613 4890 ἐξωλείας,

2041 5031 2144 5084 tur,
2185 5022 2462 5090 γυναικός,
2513 5038 2618 5075 non
2651 5025 2886 5091 γυναικί.
2920 5021 3053 5077 Nam
3101 5021 3192 5075 hic
3225 5037 3474 5091 quoque,
3507 5022 3616 5076 ἀπὸ

2039 5093 2251 5164 κοινοῦ,
2299 5094 2730 5164 subaudiendum
2785 5104 2988 5162 putem,
3030 5093 3339 5164 ὲπιφημίσῃ
3384 5095 3611 5163 τροφήν.

2112 5133 2218 5233 ὶὲᾗᾶ
2237 5133 3159 5233 ἰξᾶῗέἔίξ”τῖὲ,ὶὶὲμὲι“ξι“ἓὲὶ5τέ›ἐξῗ
3172 5133 3360 5216 Elii}.
3395 5133 3614 5216 ’ἕῦτῦἕὲ

2038 5234 2219 5288 verbis
2272 5248 2423 5286 novre
2469 5234 2673 5301 periodi
2731 5235 3050 5302 principium
3107 5233 3329 5296 ducere,
3389 5233 3608 5288 tametsi

2037 5311 2185 5355 totus
2216 5303 2302 5356 hic
2334 5303 2484 5357 locus
2513 5303 2758 5356 nonnihil
2789 5305 3102 5358 decurtatus
3129 5303 3359 5357 videtur.

2111 5371 2220 5438 (692)
2256 5371 2524 5444 ’Aréxsn'.
2557 5371 2651 5444 Hic
2675 5375 2884 5443 ἀνέχειν
2905 5383 2988 5428 est
3015 5373 3258 5443 ἀπέχειν,
3284 5373 3428 5442 quod
3451 5373 3617 5444 paulo

2041 5452 2164 5494 ante
2193 5442 2670 5511 θτθῑ,ἀπέχεσθαι.
2775 5442 2800 5443 η
3127 5442 3131 5443 ν
3453 5442 3470 5444 ί
3530 5457 3538 5469 ·

2113 5512 2220 5579 (65)
2251 5512 2508 5578 Νεκρών.
2563 5512 2702 5582 Lege
2741 5513 2996 5584 νεκρούς,
3025 5512 3108 5566 vel
3149 5513 3194 5567 si
3244 5513 3426 5584 νέκυν,
3466 5519 3526 5584 ut
3559 5513 3613 5584 in

2039 5596 2339 5648 manuscr.,
2365 5584 2544 5646 αὐτοῖς
2570 5584 2713 5654 quod
2746 5581 2990 5654 sequitur
3016 5584 3332 5638 mutandum
3358 5583 3412 5635 in
3443 5581 3613 5650 αὐτῷ.
