3824 6226
180 342 283 398 ωδ

175 456 270 510 καὶ
319 453 352 505 ό
408 416 543 511 θεὸς
593 443 836 512 ἐπόπτης
881 437 988 516 τῶν
1036 433 1312 497 τοιόύτων,
1366 431 1460 484 πιιύ⁵
1514 426 1750 498 τιμωρὸς
1778 429 1826 485 Α

177 540 510 613 ἁπανταχοῦ.
537 560 554 590 ι
575 540 685 592 Καὶ
717 535 853 607 μετά
872 529 1076 604 βραχέα
1092 526 1274 598 φησίν
1314 524 1510 591 ι”Ολην
1536 522 1592 574 δέ
1617 517 1754 590 ἠμέ-

180 655 278 709 ραν
299 636 344 684 εἰ
368 607 540 703 τύχοι,
580 628 776 699 μᾶλλον
797 627 853 678 δὲ
879 623 1001 676 οὐδὲ
1038 620 1186 691 μίαν,
1238 615 1372 669 ἀλλὰ
1407 611 1627 673 πολλὰς,
1659 607 1753 660 καὶ

180 702 382 790 ταύτας
411 702 512 778 ούκ
544 721 702 782 εὐθὺς
723 717 920 786 ἐφεξῆς
962 712 1240 783 ἀλλήλαις,
1275 708 1386 762 ἀλλ’
1418 707 1480 758 ἐκ
1516 702 1755 770 διαλειμ-

183 824 370 893 μάτων
431 817 561 888 (καὶ
601 813 806 866 τούτων
851 810 907 862 δὲ
939 807 1068 877 παρ’
1116 802 1277 864 ἑπτὰ,
1309 797 1655 874 κρατοῦντος,
1681 793 1757 856 ὼς

181 887 276 966 καὶ
308 887 476 972 εἰκὸς,
507 907 616 961 αἰεὶ
651 903 742 957 τοῦ
776 901 925 972 παρά
951 899 1049 961 τὰς
1085 897 1345 967 βεϐήλους
1394 890 1597 959 ἔθους),
1630 887 1757 958 μήθ’

181 1004 238 1058 ἐν
262 1003 329 1057 ἂν
364 999 673 1070 παραϐῆναι
734 994 840 1047 τῶν
897 988 1404 1062 προστεταγμένων,
1433 984 1494 1036 οὐ
1550 978 1761 1048 θαυμά-

185 1100 330 1164 ζεις;
366 1069 490 1164 'Ap‘
514 1091 575 1144 ού
607 1089 717 1158 (64)
747 1086 882 1157 πρὸς
904 1083 1189 1152 ἀσκήσεως
1219 1078 1379 1150 μόνον
1402 1075 1584 1135 αὐτοῖς
1607 1069 1762 1124 τοῦτο

184 1159 514 1258 ἐγκρατείας
547 1183 712 1244 ἐστὶν,
750 1178 825 1241 ὡς
855 1175 916 1240 ἐξ
967 1174 1081 1226 ἴσου
1131 1172 1226 1224 καὶ
1261 1170 1392 1241 δρᾷν
1451 1184 1504 1218 τι
1546 1159 1763 1216 ποιοῦν-

184 1254 445 1345 τας-(65),
495 1275 591 1329 κει)⁸
638 1270 849 1340 ἀνέχειν
910 1265 1113 1336 ἰσχύειν
1159 1261 1266 1316 ἀπὸ
1321 1259 1427 1312 τῶν
1482 1257 1678 1328 ἔργων,
1716 1254 1766 1305 εί

185 1371 324 1430 δέοις
348 1368 426 1423 Οὔ
447 1367 598 1438 δῆτα.
642 1362 801 1416 Ἀλλά
841 1358 936 1413 καὶ
962 1373 987 1396 α
1040 1356 1175 1426 πρὸς
1203 1353 1360 1422 ἔργου
1387 1347 1622 1421 μεγάλου
1674 1344 1768 1398 καὶ

189 1436 506 1531 θαυμαστού
534 1473 676 1518 τινος
705 1451 858 1524 ᾠήθη
883 1451 991 1503 δεῖν
1014 1450 1042 1501 ὁ
1075 1444 1390 1514 νομοθέτης.
1421 1436 1615 1501 αὐτοὺς
1645 1438 1767 1507 μήτ’

190 1529 326 1610 ἀλλά
354 1552 468 1624 (66)
508 1549 666 1620 μόνον
720 1543 936 1604 ἱκανοὺς
971 1537 1110 1594 εἶναι
1156 1538 1288 1608 δρᾷν
1329 1531 1609 1595 ὡσαύτως,
1655 1529 1769 1582 ἀλλ’

189 1647 271 1698 ἔτι
306 1621 400 1698 καὶ
422 1641 526 1696 τῶν
551 1639 795 1710 πατρίων
821 1635 1005 1704 νόμων
1030 1631 1124 1685 καὶ
1146 1627 1282 1682 ἐθῶν
1306 1625 1583 1696 ἐμπείρως
1609 1621 1768 1692 ἔχειν.

191 1738 257 1791 Τί
288 1733 382 1788 οὖν
416 1733 640 1801 ἐποίησε
695 1731 814 1790 ταῖς
845 1726 1100 1794 ἑϐδόμαις
1124 1721 1347 1782 ταύταις
1380 1716 1610 1788 ἡμέραις
1630 1731 1644 1771 ;
1667 1713 1772 1765 Αὐ-

189 1829 320 1891 τοὺς
349 1828 430 1889 εἰς
460 1824 658 1877 ταυτὸν
687 1821 836 1890 ἠξίου
873 1815 1218 1883 συνάγεσθαι,
1247 1811 1344 1864 καὶ
1381 1806 1776 1876 καθεζομένους

195 1921 313 1993 μετ’
369 1917 632 1988 ἀλλήλων,
696 1915 792 1966 σὺν
851 1911 990 1964 αίδοῖ
1041 1906 1132 1959 καὶ
1187 1904 1378 1973 κόσμῳ
1430 1899 1537 1956 τῶν
1599 1897 1777 1965 νόμων

194 1989 523 2082 ἀκροᾶσθαι,
557 2006 652 2060 τοῦ
708 2004 910 2076 μηδένα
963 2000 1223 2068 ἀγνοῆσαι
1277 1995 1453 2065 χάριν.
1503 1991 1611 2045 Καὶ
1643 1989 1778 2058 δῆτα

196 2103 550 2174 συνέρχονται
579 2099 675 2169 μὲν
698 2097 806 2159 ἀεὶ,
833 2094 928 2148 καὶ
954 2089 1331 2160 συνεδρεύουσι
1365 2086 1478 2157 μετ’
1511 2082 1776 2154 ἀλλήλων·
1827 2118 1835 2126 .

192 2197 245 2250 ot
414 2190 599 2244 πολλοὶ
628 2189 828 2257 σιωπῇ,
853 2182 992 2252 πλὴν
1023 2180 1077 2234 εἴ
1099 2197 1151 2232 τι
1180 2173 1651 2246 προσεπιφημεσαι
1670 2171 1781 2232 τοίς

194 2279 734 2354 ἀναγινωσκομένοις
757 2274 1056 2346 νομίζεται·
1090 2271 1199 2324 τῶν
1231 2267 1420 2338 ἱερέων
1443 2265 1500 2323 δέ
1527 2281 1609 2327 τις
1625 2265 1653 2316 ὁ
1678 2278 1783 2314 πα-

199 2376 336 2452 ρὼν,
365 2375 402 2446 ἢ
431 2373 539 2426 τῶν
563 2370 836 2442 γερόντων
853 2360 932 2428 εἷς
957 2361 1313 2431 ἀναγινώσκει
1332 2359 1456 2421 τοὺς
1491 2357 1667 2425 ἱεροὺς
1700 2351 1781 2405 v6.-
1808 2416 1826 2438 θ

203 2486 340 2540 μους
367 2467 573 2526 αὐτοῖς,
595 2464 689 2516 καὶ
718 2459 836 2514 καθ’
868 2459 1094 2511 ἕκαστον
1141 2453 1415 2525 ἐξηγεῖται
1449 2449 1611 2520 μέχρι
1662 2463 1785 2518 σχειν

195 2539 286 2613 δὺν
315 2556 497 2625 δείλης
523 2553 699 2622 ὀψίας·
726 2553 834 2605 κάκ
885 2543 1036 2602 τοῦδε
1069 2545 1414 2606 ἀπολύονται,
1462 2541 1570 2594 τῶν
1608 2556 1667 2592 τε
1701 2539 1784 2591 νό-

207 2668 324 2720 μων
349 2647 460 2701 τῶν
489 2644 647 2717 ίερῶν
670 2642 948 2714 ἐμπείρως
981 2640 1194 2709 ἔχοντες
1241 2636 1336 2690 καὶ
1365 2634 1498 2687 πολὺ
1533 2632 1598 2702 δὴ
1651 2630 1788 2702 πρὸς

209 2719 493 2792 εὐσέϐειαν
538 2733 940 2792 ἐπιδεδωκότες.
997 2724 1145 2798 *Αρά
1197 2743 1278 2779 σοι
1331 2725 1390 2777 οὺ
1435 2724 1582 2776 δοκεῖ
1615 2719 1787 2774 ταῦτα

207 2827 408 2890 παντὸς
471 2823 884 2892 σωυδάσματος
939 2818 1136 2889 μᾶλλον
1211 2815 1482 2884 ἀναγκαῖα
1561 2813 1785 2874 αὑτοῖς;

212 2916 517 2990 Τοιγαροῦν
564 2917 664 2969 οὐκ
718 2914 811 2967 ἐπὶ
868 2911 1179 2982 θεσμῳδοὺς
1232 2908 1478 2980 ἔρχονται
1513 2907 1641 2976 περὶ
1681 2903 1789 2960 τῶν

211 3009 526 3084 πρακτέων,
553 3008 648 3061 καὶ
679 3005 753 3076 μὴ
804 3003 1186 3074 διερωτῶντες,
1235 2999 1356 3053 ούδέ
1413 2997 1532 3052 καθ’
1561 2996 1785 3058 ἑαυτοὺς

213 3104 301 3156 ὑπ’
328 3101 552 3170 ἀγνοίας
603 3097 711 3152 τῶν
766 3097 944 3167 νόμων
1001 3091 1429 3166 ῥᾳδιουργοῦσιν
1470 3088 1583 3143 ἀλλ’
1611 3089 1790 3142 ὅντινα
1817 3118 1862 3179 C

217 3194 393 3248 αὐτῶν
419 3192 611 3250 κινεῖς.
672 3189 766 3242 καὶ
811 3187 940 3259 περὶ
991 3184 1098 3239 τῶν
1151 3182 1396 3254 πατρίων
1438 3178 1788 3248 διαπυνθάνῃ,

220 3285 524 3357 προχείρως
557 3281 668 3351 ἔχει
699 3279 790 3334 καὶ
823 3279 1020 3350 ῥαδίως
1050 3277 1245 3337 εἰπεῖν,
1274 3275 1367 3326 καὶ
1389 3271 1527 3344 ἀνὴρ
1553 3270 1795 3339 γυναικὶ,

221 3378 312 3430 καὶ
340 3374 500 3429 παισὶ
529 3372 734 3442 πατὴρ,
765 3371 860 3423 καὶ
884 3368 1088 3430 δούλοις
1133 3364 1399 3434 δεσπότης
1454 3361 1635 3425 ἱκανὸς
1661 3357 1797 3414 εἶναι

219 3467 364 3522 δοκεί
388 3466 518 3528 τοὺς
572 3464 768 3533 νόμους
807 3459 1174 3532 παραδιδόναι.
1225 3456 1335 3509 Καὶ
1388 3455 1494 3526 μὴν
1526 3455 1656 3524 περὶ
1703 3450 1798 3505 τοῦ

220 3576 283 3629 γε
317 3559 472 3623 ἔτους
490 3555 584 3611 τοῦ
607 3555 833 3625 ἑϐδόμου
869 3552 1048 3624 ῥᾴδιον
1081 3548 1342 3612 ὡσαύτως
1365 3547 1566 3617 λέγειν,
1597 3547 1658 3600 οὐ
1693 3545 1800 3616 μὴν

218 3652 416 3707 ταυτὸν
453 3650 601 3712 ἴσως.
635 3648 709 3700 Οὐ
763 3645 872 3717 γὰρ
909 3643 1063 3699 αὐτοὶ
1107 3640 1215 3694 τῶν
1273 3639 1450 3710 ἔργων
1481 3639 1799 3707 ἀφεστᾶσιν,

218 3745 410 3816 ῶσπερ
435 3744 556 3804 ταῖς
585 3738 838 3808 ἐὸδὸμαις
862 3734 1094 3796 ἐκείναις
1119 3732 1380 3803 ἡμέραιςσ
1403 3729 1538 3784 ἀλλά
1567 3729 1666 3800 τὴν
1695 3727 1802 3798 γῆν

218 3833 399 3906 ἀργὴν
428 3832 652 3900 ἀφιᾶσιν
681 3829 761 3891 είς
785 3827 852 3880 τά
877 3825 1133 3896 μέλλοντα
1154 3820 1309 3886 αὖθις
1335 3820 1586 3891 εὐθηνίας
1621 3819 1798 3891 χάριν.

221 3927 365 3981 Πολὺ
385 3924 494 3996 γάρ
517 3921 814 3992 διαφέρειν,
847 3918 1013 3990 αὐτὴν
1036 3913 1350 3972 ἀνάπαυλαν
1373 3912 1663 3976 λαϐοῦσαν,
1684 3906 1804 3965 εἶτα

222 4021 280 4076 δέ
314 4021 399 4082 είς
427 4019 602 4072 νέωτα
665 4013 1044 4086 γεωργεῖσθαι,
1081 4012 1175 4064 καὶ
1227 4008 1300 4080 μὴ
1328 4011 1394 4078 τῇ
1428 4005 1676 4076 συνεχείᾳ
1705 4004 1804 4074 τῆς

224 4110 489 4184 ἐργασίας
515 4105 859 4170 κατεξάνθαι.
891 4102 1096 4156 Ταυτὸν
1123 4100 1178 4153 δὲ
1214 4099 1305 4152 καὶ
1334 4098 1462 4168 περ)⁵
1484 4096 1552 4149 τὰ
1579 4094 1805 4164 σώματα

225 4183 290 4255 ἂν
320 4200 450 4261 ἴδοις
486 4197 779 4266 συμϐαῖνον
810 4195 888 4254 εἰς
919 4191 1127 4263 ῥώμην·
1149 4189 1207 4242 ού
1237 4188 1345 4258 γὰρ
1370 4187 1432 4256 δὴ
1463 4185 1598 4254 πρὸς
1619 4183 1805 4251 ὑγείαν

231 4294 391 4365 μόνον
424 4289 808 4359 διαλείμματα,
844 4285 935 4338 καί
992 4301 1143 4346 τινας
1199 4278 1513 4340 ἀναπαύλας
1543 4276 1652 4330 ἀπὸ
1699 4274 1805 4328 τῶν

226 4385 406 4461 ἔργων
443 4384 568 4445 τοὺς
603 4380 818 4449 ἰατροὺς
841 4375 1270 4448 προστάττοντας
1300 4371 1429 4442 (67)·
1463 4371 1522 4422 τὸ
1548 4368 1656 4440 γὰρ
1687 4385 1808 4421 συν-

1311 313 1634 371 ΡΒΕΡΛΒ.
1675 307 1928 366 EVANG.
1969 305 2096 360 LIB.
2139 297 2276 356 Vill.

1851 422 1937 478 liri
1976 418 2282 490 prohibeto,
2318 411 2412 469 sed
2435 410 2490 465 ei
2513 406 2719 480 potius,
2743 397 3026 470 religionis
3057 393 3248 451 saltem
3284 407 3420 447 cau-

3299 277 3408 335 609

1855 529 1935 576 sa,
1971 484 2134 582 359
2169 516 2365 561 terram
2397 501 2628 570 injicito.
2661 491 3052 549 Defunctorum
3081 484 3292 541 loculos
3323 488 3418 536 aut

1855 608 2124 676 sepulcra,
2188 617 2256 654 ne
2309 597 2498 652 leviter
2540 591 2757 662 quidem
2815 592 3173 641 commoveto.
3234 575 3428 644 Neque

1856 710 2078 757 nexum,
2127 704 2303 759 neque
2347 686 2475 741 mali
2543 682 2838 752 quidquam
2886 673 3032 729 aliud
3081 668 3317 724 hominis
3353 665 3425 720 ad

1857 793 2150 856 egestatem
2187 757 2251 833 ac
2277 775 2655 831 necessitatem
2689 766 2990 836 adjungito.
3027 758 3104 814 Ne
3133 757 3306 811 virilis
3336 769 3430 809 se-

1858 880 2024 935 minis
2054 877 2166 946 jam
2195 871 2364 926 decisi
2396 868 2528 932 vim,
2561 873 2653 920 aut
2691 861 2980 916 mulierum
3025 851 3428 910 abortionibus,

1863 983 1955 1028 aut
2010 945 2131 1026 aliis
2182 967 2391 1021 artibus
2435 959 2743 1015 obtundito.
2800 949 3185 1008 Animantibus
3231 945 3432 1006 aliter,

1863 1079 2024 1134 quam
2057 1069 2150 1115 aut
2189 1058 2362 1118 Deus,
2411 1061 2505 1108 aut
2550 1049 2823 1120 legislator
2863 1046 2977 1113 ipse
3002 1034 3434 1110 praescripserit,

1865 1172 1933 1212 ne
1969 1155 2154 1210 utitor.
2205 1149 2400 1204 Semen
2447 1159 2514 1198 ne
2547 1139 2870 1210 disperdito.
2916 1133 3136 1188 Partum
3183 1124 3434 1182 servituti

1867 1264 1935 1303 ne
1966 1244 2298 1312 mancipata.
2331 1236 2407 1292 Ne
2439 1237 2647 1290 lancem
2680 1231 2946 1298 iniquam.
2984 1240 3050 1279 ne
3077 1221 3316 1276 modium
3341 1215 3438 1286 juc

1869 1351 1954 1395 sto
1983 1339 2270 1394 minorem,
2301 1338 2396 1385 aut
2429 1338 2710 1381 nummum
2757 1319 3120 1374 adulterinum
3158 1307 3436 1378 subjicito.

1869 1429 1946 1483 Ne
1973 1428 2272 1482 amicorum
2319 1434 2517 1475 arcana
2553 1411 2781 1485 privatis
2821 1408 3088 1478 impulsus
3133 1398 3438 1458 inimicitiis

1871 1518 2103 1589 prodito.
2152 1512 2385 1583 Buzygia
2421 1516 2598 1562 autem
2644 1504 2757 1565 illa,
2791 1513 2901 1570 quo
2941 1511 3032 1566 per
3065 1493 3232 1546 Deum
3279 1486 3439 1543 nobis

1873 1582 2089 1668 tandem
2133 1582 2356 1661 abiere?
2406 1600 2510 1655 Sed
2557 1595 2774 1652 attende
2828 1604 3023 1662 porro,
3073 1601 3194 1656 quae
3241 1582 3442 1638 attexi-

1877 1718 2018 1756 mus.
2064 1697 2141 1752 Ne
2173 1703 2424 1766 parentes
2461 1706 2491 1744 a
2534 1688 2742 1751 liberis,
2781 1694 2837 1738 ut
2880 1679 3146 1748 mancipia
3190 1685 3280 1729 tua
3307 1673 3440 1735 sint,

1881 1807 2012 1847 neve
2043 1803 2266 1843 uxorem
2301 1801 2331 1838 a
2365 1781 2615 1851 conjuge,
2665 1785 2724 1832 ut
2760 1787 2949 1830 eorum
2986 1769 3228 1839 legitimo
3269 1762 3444 1834 pretio

1880 1881 2154 1953 persoluto
2181 1875 2436 1929 dominus
2496 1869 2594 1932 sis,
2624 1873 2766 1921 tecto
2801 1861 3088 1931 sejungito.
3119 1857 3293 1924 Atque
3331 1851 3447 1906 haec

1879 1944 2130 2043 graviora
2178 1968 2337 2035 plane
2377 1968 2506 2017 sunt
2555 1972 2619 2013 ac
2667 1954 2896 2022 majora.
2944 1949 3081 2003 Sunt
3133 1953 3187 2000 et
3232 1944 3450 1998 minora

1879 2033 2124 2133 quaedam
2154 2033 2318 2124 atque
2350 2050 2664 2106 humiliora.
2694 2039 3016 2113 Cuiusmodi
3047 2047 3214 2094 sunt:
3251 2033 3451 2089 Dome-

1880 2157 2077 2231 sticum
2116 2148 2304 2204 nidum
2336 2144 2502 2214 pullis
2541 2155 2608 2196 ne
2649 2138 2900 2206 spoliato.
2953 2131 3164 2186 Nullius
3198 2128 3450 2182 animan-

1883 2227 1974 2306 tis,
2024 2258 2144 2314 quae
2189 2239 2254 2294 ad
2286 2249 2338 2292 te
2389 2232 2717 2303 confugerit,
2750 2223 3181 2282 obsecrationem
3217 2216 3449 2287 rejicito.

1882 2341 1949 2396 Et
1999 2311 2057 2392 si
2095 2335 2224 2406 quid
2266 2334 2370 2387 hoc
2402 2330 2454 2383 in
2502 2339 2699 2397 genere
2749 2322 2920 2376 levius
2955 2328 3058 2374 est.
3091 2315 3295 2371 Minuta
3339 2311 3455 2366 haec

1885 2433 1979 2488 tibi
2027 2400 2165 2484 forie
2211 2440 2275 2480 ac
2317 2420 2472 2477 nihili
2520 2414 2766 2471 facienda
2805 2413 3116 2466 videantur.
3150 2405 3221 2459 At
3271 2405 3339 2458 de
3385 2400 3457 2456 iis

1886 2524 2093 2581 saucita
2133 2520 2217 2573 lex
2242 2525 2296 2570 et
2328 2526 2522 2583 magna
2551 2517 2656 2574 est,
2692 2514 2747 2560 et
2797 2503 2945 2558 omni
2993 2515 3123 2555 cura
3168 2495 3457 2563 studioque

1887 2623 2176 2671 servatur:
2213 2620 2424 2674 magnae
2465 2604 2591 2657 item
2625 2596 3084 2657 denuntiationes,
3117 2587 3458 2660 imprecatio-

1887 2723 1985 2763 nes
2018 2716 2250 2773 magnae,
2293 2712 2431 2767 quas
2465 2694 2634 2764 pestis
2678 2689 2870 2744 ultima
2904 2692 3307 2754 consequatur:
3339 2692 3460 2733 ma-

1885 2814 2026 2871 gnus
2079 2772 2314 2861 denique
2378 2801 2560 2842 rerum
2606 2785 2820 2838 illarum
2868 2781 3145 2848 inspector
3192 2772 3355 2836 Deus,
3401 2777 3461 2824 et

1889 2892 2180 2951 criminum
2226 2885 2426 2954 ubique
2488 2878 2704 2935 vindex.
2739 2894 2758 2928 ι
2818 2873 3073 2940 Idemque
3127 2865 3318 2936 paucis
3374 2861 3464 2917 in-

1889 2982 2172 3054 teriectis:
2226 2996 2245 3030 ι
2301 2973 2477 3042 Quid?
2527 2973 2629 3025 hoc
2673 2982 2780 3022 non
2834 2961 3195 3020 admiratione
3235 2955 3464 3026 dignum

1892 3076 2197 3137 existimas,
2227 3070 2440 3138 integro
2465 3077 2608 3133 saepe
2634 3059 2744 3126 die,
2779 3059 2888 3113 imo
2924 3069 3035 3109 non
3061 3065 3173 3106 uno
3199 3049 3468 3103 duntaxat

1897 3170 2104 3238 aliquo,
2166 3134 2260 3218 sed
2295 3134 2569 3230 pluribus,
2617 3152 2796 3220 iisque
2833 3163 2942 3204 non
2981 3147 3105 3201 aliis
3154 3143 3292 3198 alios
3333 3134 3468 3195 con;

1896 3236 2153 3323 tinenter,
2190 3253 2284 3310 sed
2310 3267 2373 3306 ex
2401 3247 2690 3304 intervallo
2711 3240 3202 3310 consequentibus;
3233 3243 3287 3290 et
3313 3236 3469 3302 ejus-

1896 3351 2045 3408 modi
2075 3347 2294 3416 quidem
2332 3340 2638 3404 intervallo,
2673 3339 2818 3407 quod
2854 3335 2908 3389 in
2949 3331 3244 3400 septimum
3277 3338 3472 3403 quem-7

1896 3459 2005 3516 que
2051 3440 2294 3503 desinat;
2349 3432 2699 3504 profanorum
2739 3429 2864 3481 licet
2897 3424 3106 3479 dierum
3175 3399 3474 3475 consuetu;

1897 3511 2044 3599 dine,
2066 3533 2201 3596 vim,
2219 3537 2280 3583 ut
2305 3525 2385 3591 ﬁt,
2406 3523 2700 3579 maximam
2727 3517 3027 3578 obtinente,
3054 3511 3262 3566 nullum
3287 3518 3473 3561 tamen

1899 3597 2125 3686 omnino
2157 3627 2486 3694 praceptum
2524 3611 2752 3668 violari?
2792 3609 2874 3663 An
2921 3607 2974 3662 id
3017 3604 3152 3659 forte
3179 3597 3478 3672 probanda

1899 3728 2111 3777 tantum
2139 3723 2195 3769 et
2221 3705 2540 3768 exercendae
2569 3700 2919 3759 continentiae
2959 3711 3127 3752 causa
3161 3692 3474 3749 institutum

1901 3812 2026 3878 fuit,
2059 3819 2119 3864 ut
2146 3821 2255 3861 non
2295 3802 2480 3857 minus
2514 3795 2823 3852 functiones
2852 3803 2984 3845 snas
3015 3785 3392 3848 intermittere,
3426 3782 3474 3838 si

1901 3875 2122 3975 quando
2149 3911 2287 3966 opus
2325 3899 2491 3954 esset,
2546 3901 2709 3958 quam
2759 3880 2963 3952 aliquid
3010 3891 3170 3943 agere
3215 3875 3476 3944 possent!

1901 3965 2047 4049 flave
2081 3965 2290 4045 credas.
2326 3981 2431 4036 Sed
2477 3981 2579 4034 hoc
2614 3976 2668 4030 in
2697 3973 2880 4043 magni
2929 3967 3216 4040 cujusdam
3263 3974 3316 4020 et
3359 3965 3477 4018 exi-

1907 4085 2003 4140 mii
2031 4081 2213 4152 operis
2236 4078 2358 4131 loco
2382 4068 2691 4144 ponendum
2722 4064 3002 4135 legislator
3029 4058 3256 4130 putavit.
3282 4064 3342 4112 ιιι
3367 4073 3476 4114 11οη

1905 4167 2114 4234 θαέιετίε
2148 4170 2309 4226 modo
2344 4165 2528 4224 rebus,
2559 4168 2670 4214 tam
2701 4152 3147 4214 intermittendis,
3185 4162 3348 4219 quam
3385 4159 3478 4216 ge-

1904 4268 2089 4324 rendis
2133 4259 2337 4325 idonei,
2389 4255 2483 4312 sed
2529 4253 2694 4306 etiam
2745 4255 2808 4302 ut
2856 4245 3156 4316 patriarum
3210 4241 3387 4309 legum
3423 4243 3480 4291 et

1906 4353 2360 4416 consuetudinum
2395 4344 2549 4417 gnari
2593 4340 2861 4412 peritique
2889 4337 3085 4390 forent.
3128 4331 3270 4400 Quid
3313 4329 3479 4400 igitur

402 4475 498 4528 καὶ
529 4427 818 4542 ἑμοιοέιδὲς
845 4427 952 4529 ἀεὶ,
1003 4465 1234 4536 μάλιστα
1251 4427 1317 4515 ’δέ
1346 4427 1429 4513 ἐπ’
1459 4427 1652 4532 ἔργων,
1687 4457 1788 4527 βλά

1918 4451 2163 4524 septimis
2201 4446 2307 4500 illis
2337 4440 2530 4496 diebus
2575 4431 2848 4488 instituit?
2881 4428 2990 4483 Eos
3021 4427 3279 4482 nimirum
3320 4437 3480 4477 eum-

2085 4545 2094 4546 ,
2192 4540 2204 4546 ’
2507 4544 2520 4546 -
2582 4525 2865 4546 η--ημε-ι
2913 4520 3078 4546 md":-
3148 4525 3204 4546 ..ο
3261 4512 3480 4546 ρςιοηρςη

231 4581 388 4620 πτειν
417 4563 581 4616 ἐοικε.
618 4561 846 4630 Σημεῖον
868 4556 952 4610 δέ’
1005 4556 1116 4626 Τὴν
1149 4554 1257 4624 γὰρ
1288 4552 1392 4622 γῆν
1421 4550 1590 4620 αὐτὴν
1634 4549 1687 4600 εἴ
1725 4565 1808 4611 τις

229 4655 618 4724 ἐπαγγέλλοιτο
691 4650 872 4713 αὐτοῖς
945 4644 1341 4718 ἐξεργάσασθαι
1408 4642 1542 4695 πολὺ
1611 4637 1808 4710 μᾶλλον

232 4747 470 4819 πρόσθεν
500 4744 608 4814 (68)
635 4741 694 4794 τὸ
718 4741 941 4810 ἕϐδομον
968 4739 1084 4801 ἔτος
1117 4736 1289 4798 τουτὶ,
1325 4734 1423 4788 καὶ
1442 4732 1549 4785 τῶν
1582 4728 1809 4801 καρπῶν

231 4839 452 4894 πάντων
500 4832 1029 4907 συμπαραχωρήσειν
1081 4829 1234 4894 ὅλων,
1287 4827 1386 4879 οὐκ
1436 4824 1501 4878 ἂν
1557 4822 1808 4894 οὐδαμῶς

230 4931 494 4997 δέξαιντοο
517 4928 577 4980 οὐ
608 4926 716 4998 γὰρ
740 4924 890 4978 αὐτοὶ
915 4920 1024 4974 τῶν
1044 4921 1218 4973 πόνων
1249 4918 1459 4988 ἀνέχειν
1481 4918 1678 4970 οἴονται
1703 4917 1811 4969 δεῖν

237 5021 388 5092 μόνοι
444 5017 657 5089 (καίτοι
696 5015 796 5069 κᾶν
845 5013 894 5066 εί
935 5012 1075 5065 τοῦτ’
1104 5009 1349 5073 ἐποίουν,
1392 5007 1542 5059 οὐδὲν
1581 5006 1648 5058 ἂν
1683 5005 1813 5058 θαυ-

237 5111 441 5181 μαστὸν
472 5104 587 5178 ἦν),
613 5105 744 5158 ἀλλὰ
769 5103 867 5173 τὴν
911 5100 1094 5172 χώραν
1139 5100 1317 5161 αὐτοῖς
1368 5095 1549 5151 ἄνεσίν
1571 5110 1692 5148 τινα
1721 5093 1814 5146 καὶ

239 5203 542 5274 ῥᾳστώνην,
579 5201 658 5262 εἰς
714 5197 888 5267 ἀρχὴν
945 5193 1137 5264 ἑτέραν
1171 5193 1272 5262 τῆς
1319 5186 1472 5252 αὖθις
1501 5185 1816 5258 ἐπιμελείας

306 5328 333 5356 ι
375 5313 542 5368 Forte
581 5311 684 5365 del.
726 5309 840 5364 καί.

307 5407 418 5477 (64)
453 5403 573 5472 Ἆρ’
607 5407 694 5477 οὐ.
730 5400 964 5477 Legend.
990 5396 1205 5477 videtur
1235 5387 1339 5470 32p:
1355 5386 1468 5443 οὖν.

471 5455 834 5537 ᾗῖηοῦίνταςῗ
875 5467 1132 5523 Rescribe
1180 5455 1474 5523 πονοῦντας
1527 5473 1650 5513 cum
1716 5455 1810 5509 alt.

242 5547 577 5611 manuscrip.

451 5596 607 5686 Μῆτῗ
637 5613 812 5667 ἄλλα.
851 5608 1082 5686 Rectius
1100 5602 1298 5686 legeris
1344 5598 1416 5671 μή
1461 5600 1508 5652 τ’
1541 5597 1696 5662 ἄλλα,
1730 5596 1816 5649 vel

247 5678 386 5757 μήτε
407 5678 504 5752 pro
541 5678 614 5754 μή
647 5683 968 5757 sumendum
1008 5678 1130 5757 erit.

321 5737 980 5827 (6737letot'r'tdtrortac.
1011 5742 1455 5811 Subintelligend.
1491 5739 1595 5795 ἀπὺ
1630 5737 1808 5791 κοινοῦ

1908 4551 2029 4604 dem
2083 4545 2140 4598 in
2192 4540 2373 4592 locum
2421 4544 2530 4585 una
2577 4525 2869 4580 convenire
2913 4520 3102 4584 voluit,
3148 4525 3208 4571 ut
3261 4512 3480 4570 silentio

1906 4648 2228 4703 summaque
2269 4643 2394 4685 cum
2451 4619 2717 4678 modestia
2761 4615 3128 4677 considentes,
3180 4609 3358 4677 legum
3399 4617 3482 4658 re-

1905 4695 2156 4786 citationi.
2196 4737 2356 4776 aures
2397 4712 2846 4772 accommodent,
2897 4706 3081 4773 itaque
3131 4698 3280 4754 nihil-
3332 4695 3484 4764 ipsos

1905 4822 2128 4877 omnino
2146 4815 2332 4885 fugiat.
2347 4813 2521 4880 Atque
2542 4807 2687 4860 hunc
2709 4803 2784 4857 illi
2806 4792 3158 4856 conveniendi
3177 4788 3339 4846 simul
3356 4799 3485 4841 con—

1918 4881 2235 4978 sidendique
2264 4918 2490 4966 morem,
2529 4898 2694 4969 360
2726 4894 2808 4949 sic
2832 4897 3093 4962 perpetuo
3131 4881 3381 4943 retinent,
3424 4882 3488 4930 ut

1919 4999 2212 5059 multitudo
2239 4995 2456 5066 quidem
2479 4991 2735 5044 universa
2761 4985 2936 5048 sileat,
2965 4979 3068 5034 nisi
3098 4991 3222 5031 cum
3253 4987 3336 5034 ea,
3362 4982 3488 5040 quae

1920 5096 2196 5165 leguntur,
2233 5086 2430 5142 faustis
2478 5097 2542 5138 ac
2582 5080 2720 5134 laetis
2761 5069 3246 5131 acclamationibus
3294 5075 3483 5132 prose-

1923 5185 2147 5254 quitur:
2203 5195 2234 5234 e
2270 5172 2644 5260 sacerdotibus
2687 5179 2865 5222 autem
2911 5163 2995 5218 vel
3034 5157 3340 5216 senioribus
3382 5152 3486 5207 ali-

1913 5384 2686 5525 a’(g88_o)‘g1ilduor__qrpdqﬂeif.
2718 5437 3084 5525 Leg.nu&1}‘ov
3117 5431 3347 5525 1:05,.vel
3380 5430 3490 5482 τῶν

1914 5507 2172 5605 πρό-σθεν,
2200 5524 2278 5605 vel
2308 5507 2570 5605 μᾶλλονῇ
2605 5515 2674 5568 τὰ
2706 5507 2958 5594 πρόσθεν.
2992 5507 3145 5588 Quod
3179 5511 3358 5605 auter:
3396 5516 3482 5553 se‘

1914 5571 2134 5717 qirtlitur,
2159 5571 2386 5646 ⁷αιτέιντῖυν
2420 5599 2538 5659 post
2559 5571 2836 5656 ’καρπῶν,
2887 5571 3110 5632 omnino
3155 5571 3490 5644 superﬂuum

1915 5683 1983 5718 vn
2008 5673 2145 5717 ctttr.
