3824 6226
340 236 478 326 eor

994 240 1085 300 El:
1095 242 1273 301 SEBII
1307 242 1417 300 ΟᾸΞ
1427 244 1791 305 SARIENSIS
1829 246 1916 305 ΟΡ

2021 250 2201 309 PARS
2232 251 2298 309 Il.
2337 240 2419 295 —'
2444 240 2959 315 APOLOGETICAa

3482 246 3607 308 οδε

350 359 501 430 quis,
529 371 718 415 sacras
746 358 895 431 leges
924 361 1105 431 palam
1135 362 1398 430 recitans,
1425 380 1617 423 omnes
1642 366 1916 440 sigillatim

2022 372 2117 426 καὶ
2135 338 2430 442 γεωρχίας,
2464 369 2665 423 λαϐεῖν.
2737 368 2910 433 Ἐπεὶ,
2947 366 3011 420 τί
3052 364 3261 420 ἐκώλυε
3305 365 3442 437 πρὸς
3499 366 3608 421 τοῦ

349 459 610 521 exponat,
639 451 815 507 donec
842 451 950 507 alta
984 450 1094 520 iam
1129 468 1356 525 vespera
1387 455 1674 514 discedant
1699 461 1919 516 univer-

350 540 437 611 si,
466 550 582 597 tum
613 543 925 599 divinorum
955 546 1338 603 mandatorum
1374 548 1626 606 instructi
1650 553 1920 623 cognitio-

347 647 442 698 ne,
494 642 609 688 tum
658 634 823 689 etiam
871 636 1165 693 admodum
1197 638 1399 709 pietate
1441 643 1611 699 aucti.
1659 642 1918 716 Nunquid

348 721 460 778 hoc
507 724 703 794 quovis
745 725 910 781 studii
941 741 1141 798 genere
1184 731 1363 801 magis
1402 733 1502 788 tibi
1547 736 1921 793 necessarium

343 816 604 873 videtur?
649 816 943 875 Enimvero
989 834 1168 877 causa:
1225 823 1363 878 nihil
1409 832 1515 894 est,
1562 826 1918 897 quamobrem

343 909 486 967 istos
517 911 696 983 legum
745 925 1092 974 enarratores
1136 918 1206 974 de
1250 917 1417 974 rebus
1465 919 1686 989 agendis
1720 933 1925 974 consu-L

347 999 483 1069 lant,
527 1017 765 1073 quorum
804 1014 866 1061 ut
898 1008 1176 1079 responsis
1223 1016 1468 1073 careant,
1523 1009 1660 1065 nihil
1703 1016 1923 1079 tamen,

345 1094 435 1149 vel
478 1096 623 1165 apud
659 1111 720 1152 se
751 1113 1017 1168 unquam,
1047 1115 1237 1156 earum
1270 1100 1610 1171 ignoratione
1633 1116 1921 1172 perperam

336 1184 659 1242 molientur.
693 1186 1085 1261 Quemcunque
1128 1192 1274 1247 enim
1318 1192 1564 1263 ipsorum
1616 1194 1919 1264 appellave-

340 1277 460 1346 ris,
496 1293 563 1334 ac
594 1279 663 1334 de
691 1281 886 1351 patriis
935 1282 1202 1339 institutis
1240 1294 1591 1356 percontatus
1617 1288 1748 1354 eris,
1791 1301 1921 1346 cum

340 1369 674 1440 respondere
716 1386 815 1442 per
876 1388 999 1430 sese
1041 1375 1330 1430 commode
1383 1390 1449 1431 ac
1492 1374 1653 1433 facile
1696 1377 1923 1447 poterit,

341 1468 460 1515 tum
493 1460 768 1531 ejusmodi
801 1478 936 1521 sane
966 1465 1264 1532 videbitur,
1302 1467 1396 1538 qui
1427 1483 1525 1523 seu
1553 1468 1639 1522 vir
1667 1483 1916 1535 uxorem,

336 1566 441 1607 seu
498 1553 703 1609 liberos
752 1564 923 1626 pater,
972 1571 1067 1612 seu
1131 1555 1367 1616 famulos
1412 1559 1690 1624 dominus,
1738 1559 1918 1629 legum

339 1644 566 1699 notione
637 1645 933 1703 informare
998 1659 1183 1720 queat.
1243 1648 1366 1705 Jam
1432 1651 1648 1725 septimi
1698 1665 1919 1722 quoque

343 1735 476 1791 anni
529 1735 709 1793 facilis
758 1747 814 1793 et
868 1741 1121 1811 expedita
1169 1743 1313 1798 ratio
1367 1750 1471 1809 est,
1514 1741 1732 1798 tametsi
1775 1740 1916 1797 forte

337 1826 648 1886 dissimilis.
693 1830 804 1887 Nec
839 1835 986 1888 enim
1025 1849 1114 1899 eo,
1166 1835 1629 1905 quemadmodum
1685 1835 1919 1905 septimo

337 1918 435 1975 illo
464 1922 573 1987 die,
606 1922 676 1977 ah
706 1924 855 1979 omni
883 1939 1046 1994 opere
1090 1936 1309 1993 vacant,
1347 1926 1440 1981 scd
1477 1936 1676 1982 terram
1702 1927 1758 1980 in
1784 1941 1921 1981 com

341 2022 659 2083 sequentem
686 2030 889 2070 annum
922 2017 1177 2083 otiosam,
1204 2017 1477 2073 uberioris
1506 2025 1800 2088 proventus
1820 2031 1915 2072 ex—

340 2105 701 2174 spectatione,
732 2108 914 2177 jacere
937 2111 1239 2179 patiuntur.
1276 2110 1505 2169 Multum
1533 2110 1678 2165 enim
1707 2111 1773 2165 ad
1809 2109 1912 2164 soli

2020 461 2154 517 Θεοῦ
2185 462 2277 515 ἐπὶ¹
2301 461 2395 515 τοῦ
2424 460 2760 533 παραθέντος
2788 472 2815 501 ι
2841 457 2993 523 ἔτους
3024 457 3191 529 αὐτὴν
3214 456 3604 529 προεκδοῦναι,

2019 554 2113 608 καὶ
2142 554 2293 626 παρὰ
2322 552 2429 607 τῶν
2457 552 2835 626 ἐργαζομένων
2871 551 2962 605 τὸν
2983 552 3204 606 ἐκείνων
3228 549 3256 591 δ
3292 551 3454 622 φόρον
3499 550 3604 605 τοῦ

2019 643 2173 708 ἔτους
2198 641 2459 712 ὲκλέγειν;
2490 642 2626 708 ἀλλ’,
2658 640 2846 713 ὥσπερ
2886 640 3042 712 ἔφην,
3096 641 3216 697 κατ’
3242 639 3431 693 οὐδένα
3466 638 3607 711 τρό-

2019 753 2139 798 πον,
2156 736 2275 790 οὐδὲ
2292 735 2403 808 (69)
2417 735 2527 790 τῶν
2540 734 2813 799 τοιούτων,
2832 734 3075 806 προνοίᾳ,
3083 733 3171 805 μοὶ
3184 733 3354 794 δοκεῖ,
3369 733 3467 803 τῆς
3486 731 3609 803 χώ-

2022 844 2141 900 ρας,
2172 827 2502 898 ἐκδέχονται.
2554 826 2666 897 Τῆς
2722 824 2786 886 δὲ,
2837 823 3242 897 φιλανθρωπίας
3286 822 3465 876 αὐτῶν
3498 821 3627 883 καὶ,

2017 920 2175 973 τοῦτο
2209 919 2371 990 μέγα,
2422 918 2499 983 ὠς
2543 916 2780 989 ἀληθῶς,
2816 919 3073 988 σημεῖον⁴
3104 916 3255 970 Ἐπεὶ
3299 914 3408 987 γὰρ
3439 912 3608 969 αὐτοὶ

2017 1008 2133 1068 τῶν
2152 1007 2327 1080 ἔργων
2371 1006 2578 1061 ἐκείνου
2619 1006 2712 1061 τοῦ
2746 1005 2900 1070 ετους
2928 1006 3196 1077 ἀνέχουσι,
3221 1005 3349 1068 τοὺς
3375 1003 3609 1074 γινομέ-

2019 1119 2141 1167 νους
2180 1100 2424 1173 καρποὺς
2450 1101 2550 1157 οὐκ
2580 1099 2781 1153 οἰονται.
2809 1098 2918 1152 δεὺν
2946 1097 3237 1167 συλλέγειν,
3263 1097 3373 1150 οὐδ’
3404 1095 3630 1150 ἅποτί-έ

2020 1192 2229 1257 θεσθαι,
2268 1191 2345 1265 μὴ
2391 1193 2456 1246 ὲκ
2479 1190 2588 1244 τῶν
2609 1189 2824 1244 οἰκείων
2858 1189 3036 1244 πόνων
3076 1189 3361 1261 περιόντας
3387 1188 3599 1252 αὐτοῖς·

2017 1282 2153 1348 ἀλλ’,
2204 1282 2301 1338 ἅτε
2350 1280 2445 1335 τοῦ
2476 1279 2612 1335 Θεοῦ
2667 1280 3076 1355 παρεσχηκότος
3121 1279 3321 1343 αὐτοῖς,
3352 1276 3607 1348 ἀνιείσης

2017 1376 2105 1427 ἐπ’
2135 1373 2441 1444 αὐτομάτου
2487 1372 2589 1443 τῆς
2636 1373 2760 1444 γῆς,
2793 1372 2918 1436 τοὺς
2956 1370 3313 1442 βουλομένους
3342 1368 3375 1440 ἥ
3401 1367 3604 1439 δεομέ-

2017 1481 2141 1530 νους
2167 1464 2277 1518 τῶν
2302 1481 2361 1517 τε
2393 1462 2691 1534 ὁδοιπόρων
2722 1462 2817 1515 καὶ
2867 1460 2975 1515 τῶν
3018 1459 3191 1516 ἄλλων
3218 1457 3428 1524 ἀξιοῦσι
3454 1457 3605 1529 μετὰ

2015 1555 2199 1620 ἀδείας
2235 1554 2486 1627 χρῆσθαι.
2543 1555 2655 1609 Καὶ
2688 1553 2816 1623 περὶ
2849 1553 2947 1625 μὲν
2999 1551 3203 1605 τούτων
3256 1549 3374 1613 ἃλις
3406 1566 3509 1603 σοι·
3536 1547 3626 1603 τὸ.

2016 1646 2125 1723 ¹τὰρ
2154 1649 2275 1712 ταῖς
2331 1645 2586 1718 ἑϐδόμαις
2637 1645 2738 1719 ήδη
2790 1644 2882 1700 τδν
2938 1643 3101 1715 νόμον
3154 1644 3339 1706 αὐτοῖς
3374 1641 3602 1712 στῆσαι,

1945 1725 1990 1785 Β
2017 1737 2188 1791 ταῦτα
2212 1734 2326 1809 (70)
2354 1737 2456 1791 οὐκ
2486 1735 2551 1792 ἂν
2572 1737 2672 1808 ἐμὲ
2692 1736 3043 1807 ἀπαιτήσαις,
3080 1732 3209 1796 ἴσως
3237 1730 3449 1785 πολλῶν
3474 1729 3608 1784 πολ-

2022 1830 2181 1895 λάκις
2240 1831 2335 1884 καὶ
2377 1829 2596 1902 ἰατρῶν,
2643 1830 2738 1884 καὶ
2766 1828 3118 1900 φυσιολόγων,
3166 1825 3261 1880 καὶ
3293 1824 3605 1896 φιλοσόφων

2019 1923 2277 1994 ἀκηκοότι
2307 1931 2330 1961 ο
2357 1923 2486 1995 περὶ
2509 1921 2602 1975 τοῦ
2628 1920 2853 1993 ἑϐδόμου
2883 1919 3164 1992 πρότερον,
3214 1917 3280 1990 ἢν
3304 1918 3411 1988 ἄρα
3431 1914 3603 1969 δύνα·

2023 2032 2115 2086 μιν
2146 2013 2261 2085 ἔχει
2289 2013 2423 2085 πρός
2449 2030 2510 2067 τε
2546 2012 2646 2085 τὴν
2693 2012 2802 2067 τῶν
2854 2012 3202 2085 συμπάντων,
3242 2011 3338 2066 ml.
3368 2010 3431 2082 δὴ
3459 2010 3615 2083 πρὸς

2019 2107 2120 2180 τὴν
2143 2107 2486 2179 ἀνθρωπείαν
2519 2105 2701 2176 φύσιν.
2751 2098 2920 2170 Οὗτος
2941 2106 2970 2158 ό
2994 2106 3093 2176 τῆς
3116 2104 3348 2175 ἑϐδόμης
3378 2102 3536 2173 λόγος
3573 2121 3595 2154 ι

340 2194 678 2253 feracitatem
724 2199 987 2256 interesse
1028 2202 1290 2267 sentiunt,
1340 2210 1400 2258 ut
1453 2200 1751 2256 secundum
1808 2200 1914 2253 hoc

2018 2198 2269 2253 Τοσαῦτα
2304 2198 2451 2271 μὲνό
2476 2198 2670 2253 Φίλωνο
2726 2199 2886 2269 ὅμοια
2931 2197 2978 2250 δ’
3007 2195 3155 2268 αὐτῷ
3196 2196 3292 2250 καὶ
3332 2193 3617 2265 Ἰώσηπος-

339 2287 542 2357 quietis
588 2289 954 2359 intervallum,
1006 2301 1267 2363 sequente
1323 2293 1584 2363 deinceps
1621 2306 1767 2347 anno
1805 2290 1912 2347 coli

2018 2291 2222 2361 ἱστορεῖ
2242 2291 2301 2343 ὲν
2331 2289 2566 2363 δευτέρῳ
2601 2290 3012 2362 συγγράμματι,
3034 2281 3411 2359 ὦνπεποίηται
3444 2286 3590 2354 Περί

340 2375 525 2434 denuo
555 2378 801 2449 incipiat,
831 2396 938 2436 non
967 2391 1147 2436 autem
1185 2391 1248 2436 ut
1278 2382 1496 2437 assidua
1523 2389 1578 2436 et
1611 2381 1909 2438 continenti

2014 2380 2129 2450 τῆς
2146 2398 2263 2436 των
2284 2382 2593 2437 Ἰουδαίων
2615 2383 3030 2452 ἀρχαιότητος,
3050 2381 3238 2436 τοῦτον
3258 2380 3484 2452 γράφων
3498 2378 3615 2440 καὶ,

345 2470 597 2528 aratione
620 2472 911 2529 laceretur.
939 2472 1097 2541 Quod
1121 2475 1299 2546 ipsum
1325 2475 1392 2530 ad
1425 2489 1714 2545 corporum
1745 2475 1907 2529 etiam

2014 2474 2173 2539 αὐτὸς
2196 2474 2289 2529 τὸν
2319 2475 2539 2548 τρόπον.

345 2564 659 2621 firmitatem
696 2577 749 2622 et
791 2568 960 2624 robur
1002 2568 1185 2623 valere
1251 2569 1657 2640 cognoscimus,
1700 2582 1825 2622 cum
1895 2580 1989 2621 eas
2027 2568 2483 2636 intermissiones,
2531 2577 2587 2625 et
2625 2584 2657 2625 a
2695 2566 3028 2640 quotidianis
3078 2565 3453 2624 functionihus
3493 2582 3595 2622 va.

341 2654 610 2722 cationes,
666 2672 774 2712 non
827 2666 1041 2713 tantum
1099 2658 1425 2714 valetudinis
1488 2674 1653 2714 causa
1716 2659 1911 2713 medici
1949 2658 2272 2731 praecipiant
2325 2677 2340 2715 :
2409 2660 2557 2731 quod
2593 2660 2887 2717 assiduitas
2915 2659 3097 2715 omnis
3130 2675 3194 2715 ac
3220 2668 3480 2731 perpetua
3510 2660 3595 2715 si-

336 2745 611 2814 militudo,
641 2762 707 2803 ac
731 2751 1032 2819 prasertim
1072 2765 1322 2821 operum,
1390 2750 1704 2807 detrimenti
1772 2749 1979 2820 aliquid
2018 2750 2213 2808 aﬂ'erre
2257 2752 2621 2808 consueverit.
2668 2752 2847 2823 Atque
2889 2762 2949 2808 ut
2991 2753 3232 2823 ipsorum
3267 2753 3371 2808 hoc
3404 2753 3458 2806 in
3497 2767 3603 2823 ge-_

334 2854 465 2895 nere
497 2841 789 2896 consilium
838 2852 1160 2913 argumento
1202 2843 1436 2899 certiore
1505 2848 1721 2897 constet
1746 2861 1769 2903 ς,
1795 2843 2026 2897 exsistat
2090 2843 2232 2898 forte
2265 2860 2379 2901 non
2444 2860 2628 2913 nemo,
2686 2845 2782 2917 qui
2829 2860 2978 2900 anno
3022 2846 3279 2916 septimo,
3331 2855 3389 2902 et
3431 2860 3605 2902 suam

335 2930 446 2986 illis
476 2931 610 3001 ipsis
640 2933 786 3003 agris
821 2934 997 2988 multo
1060 2949 1223 3003 quam
1260 2944 1386 2988 ante
1450 2933 1765 3004 diligentius
1833 2934 2075 2991 colendis
2140 2950 2389 3006 operam,
2422 2945 2478 2992 et
2504 2952 2685 2993 messe
2722 2922 2907 2994 tamen
2949 2938 3159 3009 integra
3198 2952 3319 2994 sese
3356 2937 3426 2993 iis
3466 2952 3595 2994 ces-

337 3038 526 3080 surum
560 3023 917 3092 polliceatur:
960 3024 1104 3078 hanc
1132 3023 1208 3077 illi
1237 3023 1605 3078 conditionem
1636 3038 1914 3100 nunquam
1956 3025 2283 3093 acceperint,
2315 3024 2516 3094 quippe
2578 3025 2672 3095 qui
2705 3041 2736 3081 a
2766 3028 3045 3083 laboribus
3111 3027 3214 3091 soli
3250 3041 3443 3082 vacare
3487 3040 3601 3081 no-

337 3116 438 3170 lint
477 3115 644 3188 (quod
693 3116 968 3183 tamenjsi
1013 3116 1274 3180 facerent,
1324 3114 1523 3168 mirum
1572 3112 1773 3167 nemini
1841 3112 1965 3181 jure
2034 3113 2352 3185 videretur),
2399 3115 2494 3170 sed
2540 3115 2718 3186 ipsum
2758 3132 2978 3188 quoque
3022 3117 3197 3174 solum
3246 3117 3301 3172 in
3349 3117 3596 3188 aliquam

337 3207 681 3263 induciarum
753 3208 1063 3278 quietisque
1116 3215 1325 3277 partem
1368 3205 1673 3261 vocandum
1727 3204 2061 3272 existiment,
2123 3216 2182 3260 ut
2251 3220 2451 3263 novum
2484 3206 2740 3279 deinceps
2772 3210 3005 3265 cultura:
3065 3209 3307 3265 laborem
3366 3211 3597 3266 suavius

337 3300 665 3370 faciliusque
708 3301 964 3372 patiatur.
1009 3299 1146 3356 Nam
1174 3301 1221 3358 si
1257 3317 1321 3356 ea
1347 3314 1512 3356 causa
1573 3315 1683 3357 non
1747 3300 1990 3363 suberat,
2031 3300 2259 3370 quidni,
2304 3315 2401 3371 per
2447 3300 2615 3357 Deum
2663 3302 3061 3368 immortalem,
3118 3303 3297 3359 solum
3339 3303 3445 3358 hoc
3471 3303 3605 3361 aliis

335 3397 617 3464 superiore
645 3411 789 3452 anno
819 3397 1081 3461 locarent,
1126 3405 1289 3468 atque
1322 3397 1392 3452 ab
1421 3397 1600 3468 operis
1658 3404 1835 3451 totum
1891 3394 2044 3449 illum
2104 3395 2493 3466 consequentis
2554 3395 2797 3452 fructum
2813 3411 2867 3452 et
2887 3407 3217 3469 proventum
3243 3398 3605 3470 acciperent?-

334 3488 494 3563 331
535 3488 827 3558 Nimirum,
859 3504 957 3560 pro
995 3505 1058 3545 ea
1105 3491 1303 3556 solum,
1344 3497 1405 3545 ut
1448 3497 1574 3545 ante
1602 3488 1749 3557 dixi,
1801 3503 1907 3559 qua
1946 3495 2149 3544 terram
2182 3488 2355 3557 ipsam
2388 3499 2830 3559 prosequuntur,
2897 3504 3030 3545 cura
3094 3505 3160 3545 ac
3189 3491 3368 3546 studio
3394 3531 3409 3557 ,
3457 3492 3596 3547 nihil

335 3584 556 3650 horum,
585 3590 647 3637 ut
672 3582 805 3637 mihi
836 3583 1057 3654 quidem
1110 3584 1347 3651 videtur,
1381 3584 1494 3639 ullo
1518 3583 1681 3639 modo
1744 3583 1975 3655 probare
2011 3590 2263 3651 possunt.
2315 3581 2395 3636 Ac
2423 3582 2756 3652 pracipuum
2806 3581 3081 3653 quoddam
3118 3581 3251 3636 illud
3280 3590 3364 3638 est
3388 3623 3412 3649 ,
3440 3584 3595 3654 quod

309 3677 631 3745 'sequitur,
683 3691 876 3732 eorum
937 3676 1294 3735 humanitatis
1338 3677 1750 3732 documentum.
1826 3676 2097 3745 Quoniam
2161 3674 2306 3729 enim
2344 3676 2575 3745 septimo
2638 3675 2731 3730 illo
2763 3689 2909 3729 anno
2941 3675 3276 3735 vacaverint,
3326 3690 3447 3744 quae
3494 3689 3593 3745 per

333 3783 456 3827 sese
479 3770 662 3841 fruges
689 3771 1015 3839 exstiterint,
1045 3786 1139 3828 eas
1180 3772 1318 3840 sibi,
1347 3771 1494 3844 quod
1524 3771 1674 3826 nullo
1734 3786 1836 3827 suo
1886 3770 2074 3825 labore
2140 3769 2508 3839 provenerint,
2538 3784 2638 3825 nec
2663 3769 2943 3823 metendas
2969 3766 3093 3838 ipsi,
3126 3782 3233 3823 nec
3288 3768 3594 3823 reconden-

332 3859 435 3918 das
459 3863 831 3921 arbitrantur:
857 3864 952 3919 sed
977 3865 1174 3920 divinre
1228 3865 1551 3936 benignitati
1613 3864 1981 3920 voluntarium
2020 3863 2166 3917 hunc
2202 3871 2359 3917 terrae
2385 3870 2602 3931 partum
2652 3860 2992 3931 assignantes
3016 3898 3032 3924 ,
3062 3858 3311 3929 quemvis
3354 3873 3422 3913 eo
3445 3898 3460 3922 ,
3497 3874 3597 3913 seu

333 3956 511 4012 viator
537 3956 644 4023 ille,
677 3972 771 4011 seu
803 3957 1028 4028 quilibet
1053 3958 1192 4013 alius
1228 3957 1409 4024 fuerit,
1440 3972 1538 4027 pro
1603 3957 1831 4012 arbitrio
1896 3955 1983 4010 vel
2020 3954 2202 4025 inopia
2231 3968 2424 4010 secure
2456 3954 2533 4008 uti
2578 3953 2809 4008 libenter
2835 3953 3062 4007 omnino
3092 3952 3392 4023 patiuntur.
3430 3952 3500 4006 At
3525 3953 3597 4008 de

333 4049 423 4106 his
493 4051 655 4105 modo
723 4053 878 4109 satis.
925 4051 1060 4107 Nam
1094 4052 1241 4122 quod
1293 4053 1394 4108 ista
1444 4054 1530 4108 lex
1574 4053 1628 4106 in
1683 4053 1974 4123 septimum
2012 4063 2284 4120 quemque
2330 4047 2472 4102 diem
2518 4046 2863 4117 potissimum
2910 4045 3238 4115 imperarit,
3286 4044 3450 4115 hujus
3508 4044 3591 4099 rei

331 4156 578 4208 causam,
606 4143 818 4212 opinor,
849 4160 915 4199 ex
946 4160 1032 4200 me
1061 4162 1167 4201 non
1198 4149 1467 4217 requiras,
1496 4148 1588 4217 qui
1622 4147 1759 4203 forte
1823 4146 1937 4217 jam
1977 4162 2009 4201 ιι
2036 4144 2281 4216 pluribus
2314 4142 2399 4198 vel
2428 4142 2678 4209 medicis,
2729 4142 2815 4197 vel
2864 4139 3216 4213 phy'siologis,
3267 4139 3351 4193 vel
3415 4138 3598 4209 philo-

335 4234 523 4303 sophis
553 4250 926 4305 saepenumero
950 4237 1211 4302 audieris,
1242 4250 1482 4309 quantus
1555 4256 1817 4295 numerus
1872 4241 1975 4295 iste
2012 4238 2353 4309 septenarius
2392 4253 2518 4293 cum
2566 4237 2621 4291 in
2666 4245 2988 4292 caeterorum
3037 4233 3313 4296 omnium,
3365 4239 3479 4285 tum
3536 4230 3597 4286 in

331 4322 576 4383 hominis
604 4343 821 4398 quoque
850 4338 1100 4384 naturam
1129 4329 1275 4387 vires
1337 4330 1598 4386 obtineat.
1632 4329 1758 4385 llaec
1784 4332 1949 4402 igitur
1989 4330 2212 4387 Sabbati
2235 4329 2376 4385 ratio
2405 4328 2531 4387 fuit.
2569 4348 2589 4382 ι
2619 4327 2799 4398 Atque
2861 4326 3127 4382 hactenus
3156 4322 3333 4379 Philo.
3364 4321 3598 4379 Gemina

332 4425 483 4485 sunt,
517 4433 639 4489 quae
665 4418 803 4474 libro
836 4419 916 4474 De
964 4419 1277 4477 Iudaeorum
1327 4424 1646 4494 antiquitate
1673 4426 1913 4481 secundo
1949 4423 2219 4496 Iosephus
2252 4425 2340 4480 his
2364 4423 2547 4480 verbis
2580 4427 2991 4477 commemorat.

923 4511 1156 4568 CAPUT
1192 4512 1328 4569 Vili.

2540 4511 2940 4573 ΚΕΦΑΛΑΙΟΝ
2978 4513 3061 4566 Η’.

490 4602 575 4658 Ex
597 4603 825 4675 Joseplw
855 4605 918 4661 de
946 4604 1196 4662 Mosaicae
1240 4607 1540 4677 reipublicw
1567 4608 1761 4678 forma.

2026 4608 2326 4677 Ἰωσήπου
2390 4607 2503 4680 (7i)
2543 4605 2677 4675 περί
2724 4606 2830 4660 τοῦ
2880 4603 3031 4660 κατὰ
3054 4602 3275 4660 Mutata
3312 4603 3592 4658 πολιτεύ-

2695 4692 2903 4747 ματος.

404 4763 558 4819 ιιίιιιη
587 4781 734 4831 vero,
774 4768 952 4838 inquit
989 4768 1097 4835 ille,
1130 4768 1223 4839 qui
1289 4768 1505 4824 tandem
1539 4782 1606 4823 ex
1649 4768 1905 4823 omnibus

2092 4792 2111 4824 ι
2134 4772 2230 4837 Τίς
2263 4771 2309 4824 δ’
2336 4766 2405 4843 ἦν
2445 4771 2473 4824 ό
2528 4770 2764 4842 μάλιστα
2813 4767 3164 4841 κατορθώσας
3196 4768 3323 4831 τοὺς
3371 4764 3593 4839 νόμους,

324 4865 384 4913 et
430 4858 881 4929 perfectissimam
915 4861 1093 4930 legum
1145 4863 1415 4915 rationem
1466 4861 1807 4927 instituerit,
1854 4872 1910 4916 et

2015 4863 2110 4917 καὶ
2139 4863 2239 4934 τῆς
2259 4862 2605 4934 δικαιοτάτης
2635 4859 2747 4932 (72)
2783 4861 2911 4933 περὶ
2942 4858 3033 4913 τοῦ
3055 4857 3191 4912 Θεοῦ
3222 4858 3459 4922 πίστεως
3481 4858 3604 4911 ἐπι-

366 4984 514 5047 ιποη
554 4975 936 5049 παρελθόντος.
1014 4976 1042 5017 δ
1082 4976 1168 5032 ῑσ.
1196 4976 1429 5031 ἐκείνου.
1514 4988 1535 5017 ο
1573 4995 1693 5047 γρ.,
1735 4977 2009 5049 ἀκηκοὼς.

301 5095 308 5106 ·
400 5090 513 5233 g9)
552 5091 724 5148 οὐδέ.
755 5090 885 5162 Leg.
919 5091 1070 5146 οὐδὲν
1094 5102 1218 5144 cum
1245 5089 1342 5149 alt.
1377 5106 1661 5149 manuscr.

334 5230 370 5233 _
458 5161 512 5233 0)
542 5160 789 5231 Στῆσαι,
823 5162 1027 5216 ταῦτα.
1055 5161 1341 5233 Conjungo
1369 5167 1470 5227 sic,
1497 5163 1691 5233 στῆσαι
1716 5162 1906 5219 ταῦτα.

2014 5091 2299 5162 τυγχάνειν
2342 5090 2505 5155 τινός,
2537 5089 2619 5144 vel
2650 5088 2777 5159 περί
2818 5105 2982 5154 τινος,
3011 5097 3096 5143 est
3124 5086 3424 5157 conjectura
3454 5106 3600 5146 asse-

2014 5164 2123 5233 qui,
2155 5179 2264 5216 rem
2297 5170 2531 5233 tangere,
2562 5160 2706 5229 quod
2738 5161 2902 5214 etiam
2932 5159 3314 5233 ὲπιτυγχᾴνειν
3345 5158 3597 5233 absolute

458 5158 512 5234 0)
542 5160 805 5234 Στῆσαι,
823 5158 1027 5216 ictum.
1052 5161 1341 5234 Conjungo
1369 5167 1470 5227 sic,
1497 5163 1691 5233 στῆσαι
1716 5162 1906 5219 ταῦτα.

2014 5158 2264 5234 ίίιιῖξτεηι
2297 5170 2531 5234 ιειηέῑβνε.
2562 5160 2706 5229 (ἰυοίί
2728 5158 2902 5214 ﬁliam
2932 5159 3314 5234 ἐπιτυγχᾴνειν
3345 5158 3597 5234 ερεοιιιξιθ

2048 5180 2123 5228 ιιι,
2155 5179 2264 5216 rem
2297 5179 2531 5230 tangere,
2562 5179 2706 5229 quon
2738 5179 2902 5214 ειιιιιιι
2932 5179 3314 5229 επιτυγχανειν
3345 5179 3591 5217 ιωεοιυιε

2011 5179 2214 5288 dicitur
2250 5247 2264 5285 :
2303 5230 2543 5295 Gallice,
2585 5240 2903 5284 rencontrer.
2952 5228 3235 5284 Plutarch.
3273 5230 3329 5283 in
3362 5228 3591 5298 Pericle,

2010 5304 2102 5357 ubi
2137 5303 2204 5357 de
2236 5311 2449 5357 ostento
2478 5302 2714 5368 quodam
2746 5301 3068 5368 explicando
3091 5300 3334 5368 loquitur
3363 5315 3377 5351 :
3420 5301 3592 5353 Ἐκώ-

2009 5373 2102 5427 λυε
2149 5373 2191 5425 δ’
2215 5372 2389 5437 οὐδὲν,
2425 5371 2620 5425 καὶτὸν
2644 5370 2868 5439 φυσικὸν
2889 5370 3299 5439 ἐπιτυγχάνειν,
3353 5370 3448 5424 καὶ
3505 5371 3594 5424 τὸν

2012 5444 2225 5513 μάντινέ
2273 5440 2367 5496 τοῦ
2414 5441 2647 5513 μὲᾉτὴν
2676 5441 2876 5505 αἰτίαν,
2910 5439 3005 5494 τοῦ
3046 5440 3104 5492 δὲ
3132 5439 3384 5513 τὸλτέλος
3412 5441 3619 5505 καλῶς-

2010 5510 2462 5583 ὲκλαμϐἀνοντος.
2495 5510 2635 5565 Fieri
2663 5518 3108 5583 autetngpoterat,
3143 5510 3221 5564 uti
3247 5521 3301 5565 et
3329 5512 3593 5583 physicus

2007 5596 2061 5637 et
2085 5581 2234 5638 vates
2265 5599 2375 5637 rem
2404 5584 2727 5651 attingerent
2748 5581 2973 5650 (Gallice
3001 5590 3429 5636 remontraaseut
3450 5581 3590 5651 bien)

2010 5655 2180 5710 altero
2235 5654 2312 5711 rei
2366 5650 2624 5718 causam,
2674 5653 2844 5708 altero
2893 5651 3054 5708 finem
3100 5651 3434 5722 assignante.
3491 5650 3590 5706 Hic

328 5230 425 5307 εἰει
449 5230 629 5307 autem
664 5233 843 5307 brevis
872 5242 927 5288 et
952 5233 1131 5307 Attica
1158 5230 1333 5307 oratio
1366 5251 1380 5288 :
1412 5249 1511 5307 p_ro
1546 5230 1631 5305 ὲῴ’
1660 5236 1769 5307 ὅτῳ
1799 5235 1908 5307 γὰρ

329 5299 474 5375 ἂνήτ.
670 5303 1106 5375 ὁ-νόμοςᾲαύτοῖς
1139 5304 1331 5375 στήσαι
1362 5299 1554 5357 ταῦτα.

402 5370 515 5442 (71)
558 5370 864 5438 Ἰωσήπου.
890 5372 1073 5428 Locus
1122 5370 1479 5443 hic'Josephi
1522 5384 1700 5431 exstat
1741 5374 1838 5430 lib.
1868 5389 1907 5428 ιι

332 5451 517 5513 contra
545 5442 819 5513 Apionem,
851 5458 976 5513 pag.
1010 5444 1141 5499 l07l
1176 5444 1307 5500 edit.
1342 5442 1684 5501 Graeco-Lat.

404 5510 515 5584 (72)
541 5513 653 5584 Kal
680 5512 791 5582 τῆς
838 5510 1238 5580 δικαιοτάτης,
1280 5524 1384 5569 etc.
1415 5513 1613 5572 Excus.
1659 5515 1906 5584 Joseph.,

334 5580 543 5655 ualui;
574 5583 612 5655 ό
626 5580 939 5655 δικαιότατα
964 5585 1092 5649 περί
1125 5585 1222 5655 τῆς
1255 5583 1348 5637 τοῦ
1377 5584 1441 5638 Θ.
1463 5584 1753 5655 lnterprcs,
1777 5580 1908 5639 obs-

335 5650 545 5719 curius,
573 5649 676 5717 Qui
699 5653 995 5721 justissima
1022 5656 1083 5708 de
1119 5649 1215 5708 Déi
1242 5655 1347 5724 [ide
1374 5649 1727 5725 cognoverint.
1766 5656 1912 5709 Ἐπι-
