3824 6226
411 323 515 378 619

1076 314 1341 372 EUSEBll
1379 310 1856 370 (LESARIENSIS
1893 318 2044 370 υιΨ.
2085 313 2269 371 PARS
2304 316 2368 371 ιι.
2408 346 2479 355 -
2516 314 3017 373 APOLOGETICA.

3554 316 3669 371 6'20

411 451 634 514 accepta
669 439 954 510 diligenter
981 453 1307 494 conservare
1351 438 1645 507 possimus.
1682 437 1762 493 Ad
1801 447 1966 493 extre-

2083 440 2397 511 προσελθεῖν
2428 441 2522 494 καὶ
2555 439 3020 511 συναποδύρεσθαι
3049 437 3184 509 (28).
3217 433 3519 505 Καθαίρειν
3546 434 3666 504 (29)

409 550 584 596 mum,
621 531 708 588 cui
743 529 1067 587 sacrilicium
1105 527 1410 583 faciendum
1443 528 1566 594 erit,
1608 528 1660 583 ei
1702 527 1789 583 lex
1833 538 1980 584 certa

411 626 661 696 qun-dam
709 621 1009 694 praescribit
1058 618 1445 674 lustrationum
1493 635 1732 690 genera,
1780 618 1981 690 quibus

411 726 676 785 susceptae
709 715 753 769 si
778 728 900 784 qua:
938 710 1046 766 sint
1074 727 1142 765 ex
1185 710 1396 778 funere,
1434 710 1593 777 lecto,
1629 710 1816 767 uxoris
1843 725 1979 766 con-

411 807 716 871 suetudine,
746 813 800 860 et
830 802 952 858 aliis
998 802 1271 873 plerisque
1299 801 1484 869 rebus,
1516 818 1653 873 quas
1678 818 1824 858 nunc
1857 818 1981 873 per-

410 913 632 955 censere
661 898 879 967 longum
902 903 1066 956 esset,
1095 893 1242 949 labes
1266 893 1566 964 expientur.
1596 894 1773 964 Atque
1795 893 1982 964 hujus-

407 990 554 1045 modi
606 988 765 1043 nobis
814 997 867 1042 et
913 985 980 1041 de
1018 983 1129 1040 Deo
1160 984 1448 1053 doctrina,
1482 991 1538 1040 et
1585 983 1754 1041 divini
1798 986 1979 1043 cultus

409 1084 605 1139 tradita
636 1081 775 1136 ratio
802 1087 904 1144 est,
935 1094 1058 1149 qua:
1083 1078 1217 1150 legis
1239 1077 1357 1148 ipsa
1378 1092 1596 1148 quoque
1617 1077 1726 1132 vim
1750 1077 1978 1133 obtinet.

404 1169 483 1227 De
512 1171 719 1241 nuptiis
752 1185 881 1225 vero
909 1168 1078 1240 quid?
1104 1167 1236 1222 Eam
1269 1176 1477 1222 tantum
1506 1169 1976 1238 consuetudinem,

405 1280 571 1335 quam
599 1278 721 1318 cum
746 1276 917 1317 uxore
938 1269 1134 1315 natura
1158 1259 1424 1326 concedit,
1448 1260 1534 1315 lex
1555 1269 1740 1315 nostra
1762 1262 1975 1331 probat,

406 1355 570 1410 modo
619 1363 800 1408 tamen
834 1367 895 1407 ea
928 1350 1095 1421 prolis
1142 1351 1503 1421 suscipiendae
1543 1366 1709 1407 causa
1744 1353 1973 1407 ineatur.

403 1446 474 1501 At
500 1447 734 1501 marium
766 1459 891 1500 cum
925 1443 1167 1498 maribus
1196 1442 1609 1515 congressiones
1639 1454 1975 1509 exsecratur,

404 1539 634 1609 ejusque
667 1534 856 1606 ﬂagitii
884 1550 1008 1591 reos
1037 1534 1256 1606 capitali
1296 1533 1561 1604 supplicio
1589 1534 1832 1591 damnat.
1859 1535 1977 1590 Cae-

396 1636 582 1682 terum
614 1627 666 1680 in
702 1624 1053 1680 matrimonio
1078 1624 1471 1688 contrahendo,
1502 1639 1679 1694 neque
1716 1623 1860 1680 datis
1890 1641 1977 1679 ra-

403 1719 605 1774 tionem
634 1716 844 1781 haberi,
870 1732 1046 1788 neque
1069 1731 1165 1786 per
1187 1718 1296 1770 vim
1326 1715 1443 1786 rapi
1466 1716 1774 1787 conjugem,
1798 1731 1975 1786 neque

403 1810 528 1865 dolo
556 1809 699 1863 malo
726 1808 905 1879 pellici
938 1807 1054 1864 vult
1083 1826 1097 1863 :
1130 1808 1223 1864 sed
1275 1807 1344 1861 ab
1377 1821 1442 1861 eo
1465 1846 1481 1873 ,
1513 1808 1606 1878 qui
1642 1808 1975 1863 collocandae
2004 1792 2046 1847 Β

399 1910 722 1973 potestatem
761 1901 979 1966 habeat,
1005 1898 1269 1971 postulari
1296 1916 1310 1965 ;
1342 1899 1423 1954 sic
1454 1908 1634 1955 tamen
1662 1908 1721 1955 ut
1746 1900 1973 1971 propin-

400 1993 627 2063 quitatis
663 1992 828 2046 etiam
860 1997 914 2046 et
952 1990 1236 2061 sanguinis
1278 1989 1420 2045 ratio
1467 1989 1752 2047 habeatur.
1820 2011 1838 2043 ι
1895 1993 1974 2047 Ac

398 2085 599 2138 mulier
628 2083 869 2153 quidem,
916 2081 1095 2153 inquit
1124 2078 1427 2152 Scriptura,
1470 2083 1591 2137 viro
1638 2100 1733 2153 per
1788 2084 1972 2139 omnia

399 2174 637 2230 deterior
667 2184 769 2229 est.
812 2192 831 2226 ι
885 2170 1016 2229 Viro
1060 2174 1226 2245 igitur
1260 2170 1615 2242 obtemperet,
1647 2189 1756 2227 non
1790 2183 1969 2228 tamen

398 2261 744 2318 contumelias
793 2276 998 2327 causa,
1046 2259 1141 2317 sed
1188 2268 1250 2315 ut
1298 2259 1523 2315 alterius
1572 2259 1863 2329 imperium
1908 2277 1973 2317 ac

396 2354 621 2409 ductum
655 2361 916 2423 sequatur
945 2372 958 2407 :
990 2354 1101 2407 vim
1132 2352 1277 2407 enim
1311 2359 1473 2421 atque
1505 2359 1827 2422 potestatem
1855 2352 1972 2406 viro

396 2445 544 2501 Deus
577 2445 868 2500 concessit.
906 2443 1081 2499 Unius
1106 2457 1271 2514 porro
1298 2450 1531 2509 tantum,
1558 2457 1659 2512 qua
1696 2457 1821 2497 cum
1855 2457 1974 2497 ma-

395 2538 653 2595 trimonio
679 2537 1006 2606 conjunctus
1050 2534 1252 2600 fueris,
1299 2532 1599 2605 expetenda
1630 2533 1972 2589 consuetudo

391 2637 516 2695 est;
554 2629 780 2684 alterius
814 2627 958 2682 enim
992 2640 1216 2681 uxorem
1247 2624 1489 2694 cogitare
1519 2622 1691 2678 nefas.
1727 2621 1884 2689 Quod
1914 2623 1970 2677 in

392 2724 572 2779 scelus
594 2721 844 2794 quisquis
869 2720 1136 2785 inciderit,
1162 2730 1370 2776 certum
1393 2717 1583 2788 capitis
1607 2719 1965 2789 supplicium:

391 2814 849 2885 quemadmodum
905 2812 949 2868 si
980 2812 1104 2882 quis
1145 2818 1242 2866 aut
1292 2809 1489 2880 virgini
1541 2810 1695 2864 alteri
1729 2810 1968 2881 cuipiam

390 2904 677 2974 desponsa:
725 2902 834 2957 vim
866 2901 1142 2966 intulerit,
1179 2907 1275 2955 aut
1321 2900 1412 2954 alii
1448 2909 1671 2969 nuptam
1712 2899 1965 2955 illexerit.

389 2993 715 3051 Liberorum
767 2992 1033 3064 quidquid
1082 3000 1389 3061 susceptum
1426 2991 1569 3057 erit,
1616 2990 1836 3045 educari
1881 2990 1969 3045 lex

2079 532 2137 586 δὲ
2168 532 2263 587 καὶ
2287 532 2379 585 τὸν
2421 527 2567 586 οἶκον
2615 532 2710 586 καὶ
2752 533 2879 595 τοὺς
2940 527 3281 591 ἐνοικοῦντας
3308 524 3417 580 ἀπὸ
3443 524 3667 595 κήδους,

2079 626 2166 680 ἵνα
2198 625 2447 680 πλεῖστον
2474 625 2585 695 (50)
2624 624 2804 694 ἀπέχῃ
2834 622 2928 676 τοῦ
2951 621 3125 675 δοκεῖν
3155 617 3391 690 καθαρὸς
3417 612 3556 670 εἷναί
3577 633 3672 681 τις

2079 719 2237 788 φόνον
2294 718 2687 791 ἐργασάμενος.
2747 715 2953 769 Γονέων
3002 714 3169 786 τιμὴν
3203 711 3339 783 μετά
3391 710 3488 783 τὴν
3523 707 3669 780 πρὸς

2077 810 2209 865 Θεὸν
2238 811 2495 884 δευτέραν
2525 809 2699 877 ἔταξε·
2734 808 2828 863 καὶ
2885 807 2975 861 τὸν
3031 807 3131 859 οὐκ
3177 803 3535 875 ἀμειϐόμενον
3562 800 3670 864 τὰς

2078 903 2209 974 παρ’
2241 901 2419 956 αὐτῶν
2471 902 2718 973 χάριτας,
2779 898 2893 953 ἀλλ’
2937 897 3018 961 είς
3086 894 3266 950 ὁτιοῦν
3327 892 3663 956 ἐλλείποντα,

2078 992 2507 1065 λευσθησόμενον
2560 989 2913 1064 παραδίδωσι.
2964 987 3076 1044 Καὶ
3128 984 3327 1049 παντὸς
3380 983 3476 1038 τοῦ
3530 999 3667 1056 πρε-

2080 1080 2339 1156 σϐυτέρου
2372 1083 2537 1155 τιμὴν
2588 1083 2733 1153 ἔχειν
2786 1081 2914 1144 τοὺς
2959 1079 3113 1142 νέους
3156 1078 3338 1148 φησὶν,
3376 1075 3494 1129 ἐπεὶ
3527 1092 3668 1147 πρε-

2080 1174 2341 1229 σϐύτατον
2368 1176 2397 1227 ὁ
2444 1173 2596 1239 Θεός.
2656 1173 2935 1245 Κρύπτειν
2980 1170 3131 1224 οὐδὲν
3188 1171 3253 1240 ἐᾷ
3285 1168 3419 1240 πρὸς
3451 1167 3660 1237 φίλους·

2076 1268 2137 1321 ού
2167 1268 2275 1340 γάρ
2309 1264 2445 1321 εἶναι
2475 1267 2678 1338 φιλίαν,
2709 1268 2809 1339 τὴν
2836 1265 2909 1337 μὴ
2934 1264 3111 1318 πάντα
3129 1261 3508 1315 πιστεύουσαν.
3540 1259 3666 1313 Κᾶν

2079 1360 2258 1430 συμϐῇ
2287 1376 2371 1421 τις
2404 1358 2590 1429 ἔχθρα,
2620 1356 2824 1409 τούτων
2851 1354 3137 1426 ἀπόρρητα
3159 1352 3336 1420 λέγειν
3364 1347 3667 1421 (δηκτικώ-

2076 1449 2228 1501 λυκε.
2264 1446 2510 1511 Δικάζων
2540 1450 2588 1500 εί
2623 1445 2773 1518 δῶρά
2794 1463 2879 1509 τις
2912 1444 3088 1507 λάϐοι,
3133 1442 3362 1505 θάνατος
3407 1443 3440 1512 ή
3467 1440 3662 1511 ζημία.

2076 1538 2568 1611 Περιορῶνίκέτην
2616 1537 2751 1608 (52),
2786 1535 2997 1607 βοηθεῖν
3047 1535 3187 1598 ἐνὸν,
3241 1532 3560 1595 ὑπεύθυνος.
3595 1532 3665 1586 Ὃ

2079 1630 2154 1703 μὴ
2183 1631 2452 1703 κατέθηκέ
2484 1648 2587 1697 τις,
2614 1631 2714 1683 οὐκ
2773 1629 3151 1700 ἀναιρήσεται·
3203 1626 3312 1681 τῶν
3366 1624 3664 1696 ἀλλοτρίων

2076 1724 2291 1789 οὐδενὸς
2321 1724 2537 1794 attem-
2565 1723 2833 1786 δανείσας,
2876 1722 3031 1776 τόκον
3061 1722 3121 1775 ού
3176 1719 3424 1791 λήψεται.
3475 1716 3665 1770 Ταῦτα

2074 1819 2169 1870 καὶ
2193 1815 2362 1870 πολλά
2384 1815 2594 1880 τούτοις
2623 1817 2783 1886 ὃμοια
2803 1815 2900 1885 τὴν
2919 1814 3053 1885 πρὸς
3082 1812 3344 1883 ἀλλήλους
3363 1810 3519 1882 ἡμῶν
3538 1826 3664 1862 συνι

2075 1910 2186 1981 έχει
2234 1908 2535 1962 κοινωνίαν.
2572 1907 2694 1970 Πῶς
2722 1906 2780 1959 δὲ
2811 1907 2904 1959 καὶ
2943 1905 3071 1976 περὶ
3120 1905 3220 1975 τῆς
3261 1903 3400 1972 πρὸς
3428 1901 3662 1970 ἀλλοφύο

2073 2002 2197 2064 λους
2222 2000 2519 2063 ἐπιεικείας
2571 1999 2868 2070 ἐφρόνησεν
2910 2000 2937 2051 ὁ
2964 1996 3280 2068 νομοθέτης,
3326 1994 3473 2059 ἀξιον
3506 1993 3658 2047 ἰδεῖν.

2071 2096 2322 2148 Φανεῖται
2358 2092 2467 2164 γάρ
2495 2091 2693 2164 ἄριστα
2733 2092 2948 2145 πάντων
3006 2089 3463 2161 προνοησάμενος,
3507 2088 3659 2151 ὅπως

2075 2188 2211 2260 μήτε
2241 2186 2309 2238 τὰ
2340 2187 2515 2238 οἰκεῖα
2549 2185 2970 2256 διαφθείρωμεν,
3002 2183 3139 2254 μήτε
3170 2181 3521 2251 φθονήσωμεν
3543 2182 3659 2243 τοῖς

2074 2278 2321 2349 μετέχειν
2338 2277 2447 2330 τῶν
2491 2277 2779 2348 ἡμετέρων
2835 2274 3306 2347 προαιρουμένοις.
3352 2274 3504 2325 Ὅσοι
3555 2272 3658 2341 μὲν

2069 2367 2178 2439 γὰρ
2214 2367 2309 2421 ἐὰν
2337 2365 2562 2419 θέλωσιν
2601 2366 2710 2437 (55)
2737 2365 2840 2417 ὑπὸ
2895 2366 3020 2427 τοὺς
3055 2364 3250 2425 αὐτοὺς
3295 2363 3426 2433 ἡμῖν
3458 2364 3659 2432 νόμους

2042 2461 2165 2533 ’ζῇν
2192 2457 2512 2521 ὑπελθόντες
2543 2457 2681 2530 (54),
2705 2457 2917 2527 δέχεται
2959 2454 3316 2525 φιλοφρόνως,
3350 2453 3410 2506 οὐ
3459 2453 3535 2523 τῷ
3563 2455 3661 2523 γέ*

2068 2564 2152 2606 νει
2186 2549 2364 2620 μόνον,
2393 2549 2528 2604 ἀλλά
2552 2549 2645 2602 καὶ
2679 2552 2743 2620 τῇ
2777 2548 3093 2619 προαιρέσει
3122 2545 3216 2599 τοῦ
3258 2546 3373 2617 βίου
3418 2546 3659 2617 νομίζων

2068 2657 2204 2693 ειναι
2230 2639 2327 2712 τὴν
2352 2640 2679 2710 οἰκειότηταο
2723 2640 2850 2703 τοὺς
2901 2639 2958 2692 δὲ
2998 2641 3061 2692 ἐκ
3092 2638 3370 2710 παρέργου
3400 2638 3661 2710 προσ-ιώ.⁶

2066 2747 2166 2795 τας
2192 2729 2591 2802 ἀναμίγνυσθαι
2623 2732 2689 2801 τῇ
2727 2729 2983 2800 συνηθείᾳ
3012 2728 3111 2781 οὐκ
3161 2728 3414 2800 ἠθέλησε.
3473 2728 3658 2782 Tino.

2067 2820 2123 2873 δὲ
2175 2821 2525 2893 προείρηκεν,
2554 2814 2681 2889 ὧνή
2716 2819 2999 2889 μετάδοσις
3029 2821 3177 2871 ἐστιν
3209 2818 3657 2887 ἀναγκαία-πᾶσι

2068 2912 2330 2983 παρέχειν
2378 2914 2491 2975 τοῖς
2538 2910 2816 2981 δεομένοις
2871 2908 3002 2980 πῦρ,
3050 2908 3216 2980 ὕδωρ,
3247 2907 3474 2977 τροφὴν,
3501 2906 3661 2968 ὀδοὺς

2069 3004 2316 3076 φράζειν,
2350 3003 2554 3073 ἄταφον
2582 3003 2656 3074 μὴ
2678 3004 2957 3073 περιορᾷν.
2996 3002 3291 3064 Ἑπιεικεῖς
3325 2998 3440 3070 (55)
3481 2998 3538 3051 δὲ
3561 2998 3657 3051 καὶ

384 3087 562 3159 jubet.
598 3085 756 3141 Vetat
786 3085 999 3149 eadem,
1030 3098 1098 3138 ne
1126 3098 1235 3153 qua
1276 3081 1472 3136 mulier
1517 3091 1829 3154 susceptum
1881 3096 1966 3137 se-

2081 3096 2140 3151 τά
2172 3096 2307 3169 πρὸς
2336 3095 2783 3165 τοὺςνπολεμίους
2822 3094 3109 3165 κριθέντας
3158 3089 3316 3146 εἶναι·
3355 3092 3415 3145 ού
3447 3090 3557 3162 γὰρ
3588 3091 3656 3162 ἑᾷ

388 3191 516 3232 men
564 3185 660 3229 aut
696 3174 912 3243 ejiciat,
957 3180 1053 3227 aut
1097 3171 1449 3239 exstinguat:
1493 3185 1614 3240 quae
1646 3186 1804 3227 secus
1838 3170 1966 3226 facit

2081 3187 2167 3259 τὴν
2192 3188 2296 3259 γῆν
2326 3186 2506 3240 αὐτῶν
2537 3185 2854 3257 πυρπολεῖν,
2881 3184 3002 3238 οὐδὲ
3056 3185 3273 3255 τέμνειν
3323 3184 3506 3255 ἥμερα
3534 3181 3656 3234 δέν-

387 3282 510 3322 eam
545 3281 646 3337 pro
674 3265 970 3320 liberorum
1016 3261 1380 3318 interfectrice
1414 3259 1605 3317 haberi
1635 3262 1793 3329 vult,
1840 3278 1968 3333 per-

387 3356 517 3413 inde
560 3371 625 3411 ac
670 3355 719 3411 si
779 3355 957 3424 reipsa
1003 3360 1059 3408 et
1098 3349 1240 3408 fetus
1289 3352 1456 3406 vitam
1490 3353 1861 3422 oppresserit,
1914 3361 1968 3410 et

387 3449 603 3519 generis
659 3446 744 3501 sui
805 3442 1252 3517 propagationem
1315 3441 1633 3498 inhibuerit.
1702 3442 1965 3515 Quisquis

386 3554 518 3611 ergo
547 3538 613 3593 ad
666 3537 903 3592 alienum
953 3543 1133 3589 torum
1185 3532 1497 3588 violandum
1542 3533 1867 3601 accesserit,
1917 3536 1966 3590 is

384 3645 557 3700 purus
603 3638 657 3684 et
690 3627 898 3699 integer
933 3640 1157 3681 manere
1204 3640 1315 3679 non
1352 3633 1549 3695 potest.
1598 3623 1788 3695 Itaque
1839 3633 1965 3696 post

385 3716 683 3797 legitimam
721 3734 941 3791 quoque
970 3717 1075 3773 viri
1106 3732 1230 3773 cum
1274 3732 1444 3771 uxore
1476 3716 1924 3773 consuetudinem
1944 3758 1961 3785 ,

385 3808 473 3869 lex
505 3808 706 3883 corpus
739 3812 886 3867 ablui
908 3812 1066 3881 jubet
1097 3829 1111 3865 :
1154 3809 1300 3880 quod
1332 3825 1397 3865 ex
1436 3825 1500 3865 ea
1529 3809 1707 3866 sordis
1755 3810 1962 3881 aliquid

383 3904 452 3961 ad
480 3900 677 3976 corpus
716 3906 956 3961 simulet
979 3904 1221 3959 animum
1247 3903 1501 3958 allinatur
1526 3921 1541 3970 ;
1570 3903 1723 3973 quasi
1745 3904 1963 3961 animus

384 3995 441 4049 in
473 3994 1038 4064 exteranmquamdam
1070 3993 1176 4048 hoc
1203 3992 1348 4047 facto
1382 3993 1657 4063 regionem
1685 4009 1960 4049 commea-

382 4096 485 4141 ret.
520 4085 731 4154 Quippe
759 4080 975 4138 animus
1004 4082 1173 4150 enim,
1215 4083 1309 4138 ubi
1349 4083 1674 4153 corporibus
1713 4083 1960 4155 implica-

384 4193 497 4248 tur,
524 4176 709 4233 dam‘ni
735 4175 939 4246 aliquid
965 4192 1030 4230 ac
1057 4176 1369 4231 detrimenti
1401 4176 1585 4232 subire
1612 4177 1750 4232 solet
1774 4196 1789 4245 ;
1820 4193 1958 4248 quo-

381 4286 506 4327 rum
559 4268 949 4332 concretione,
999 4267 1191 4321 mortis
1257 4266 1519 4322 beneﬁcio
1566 4282 1783 4323 rursum
1842 4270 1959 4338 ipse

2065 3277 2171 3350 δρα
2199 3277 2642 3349 συγκεχώρηκενο
2702 3276 2836 3330 ἀλλὰ
2892 3276 2987 3330 καὶ
3049 3275 3329 3329 σκυλεύειν
3380 3274 3655 3346 ἀπείρηκε

2066 3371 2192 3435 τοὺς
2226 3371 2282 3424 ἐν
2330 3374 2397 3442 τῇ
2446 3371 2597 3445 μάχῃ
2653 3370 2941 3434 πεσόντας,
2992 3369 3085 3422 καὶ
3132 3368 3240 3421 τῶν
3290 3365 3658 3437 αἰχμαλώτων

2068 3463 2424 3534 προύνόησεν,
2454 3463 2603 3526 ὅπως
2634 3461 2811 3514 αύτῶν
2835 3459 2989 3532 ὕϐρις
3022 3461 3157 3532 ἀπῇ,
3201 3458 3432 3531 μάλιστα
3473 3458 3531 3511 δὲ
3553 3476 3657 3527 γυ-

2066 3555 2286 3611 ναικῶν.
2318 3556 2503 3620 Οὕτως
2522 3556 2567 3609 δ’
2591 3556 2907 3628 ἡμερότητα
2942 3554 3051 3625 (56)
3085 3553 3180 3607 καὶ
3239 3553 3657 3625 φιλανθρωπίαν

2067 3648 2214 3720 ἡμᾶς
2247 3648 2591 3716 ἐπαίδευσεν,
2624 3649 2700 3711 ὡς
2733 3647 2865 3719 μηδὲ
2898 3646 3005 3700 τῶν
3036 3646 3245 3715 ἀλόγων
3273 3644 3426 3710 ζώων
3454 3645 3654 3712 ὀλιγω-

2069 3742 2202 3812 ρεῖν·
2233 3738 2370 3794 ἀλλά
2405 3740 2571 3810 μόνην
2607 3738 2705 3810 μὲν
2741 3738 2918 3809 ἀφῆκε
2969 3740 3175 3792 τούτων
3200 3740 3393 3810 χρῆσιν
3434 3737 3532 3809 τὴν
3565 3737 3656 3790 νόδ

2069 3845 2256 3900 μιμον,
2289 3830 2467 3883 πᾶσαν
2491 3830 2534 3883 δ’
2569 3829 2761 3900 ἑτέραν
2792 3828 3086 3884 ἐκώλυσεν.
3148 3832 3216 3882 Ἀ
3240 3829 3284 3882 δ’
3316 3827 3508 3900 ὥσπερ
3535 3830 3653 3881 ίκει-

2065 3919 2290 3973 τεύοντα
2322 3921 2658 3992 προσφεύγει
2690 3919 2801 3993 (57)
2848 3925 2967 3985 ταῖς
3002 3921 3219 3986 οἰκίαις,
3283 3923 3515 3975 ἀπεῖπεν
3557 3921 3625 3975 ἀν

2064 4008 2225 4062 ελεῖν·
2255 4009 2374 4063 οὐδὲ
2400 4013 2633 4073 νεοττοῖς
2663 4012 2788 4073 τοὺς
2816 4010 3008 4078 γονέας
3032 4010 3210 4063 αὐτῶν
3233 4009 3498 4081 ἐπέτρεψε
3524 4026 3656 4064 συν-⁵

2065 4100 2318 4173 εξαίρειν·
2357 4100 2631 4171 φείδεσθαι
2671 4101 2728 4154 δὲ
2769 4101 2875 4155 κᾶν
2914 4106 2981 4174 τῇ
3015 4101 3246 4173 πολεμίᾳ
3272 4101 3383 4173 (58)
3414 4102 3519 4155 τῶν
3552 4103 3653 4174 ἐρα

2063 4189 2381 4261 γαζομένων
2416 4191 2593 4256 ζώων,
2625 4193 2720 4246 καὶ
2774 4192 2850 4264 μὴ
2906 4192 3170 4262 φονεύειν.
3199 4191 3355 4245 υῦτω
3383 4193 3655 4263 πανταχό.

2064 4282 2153 4335 θεν
2179 4282 2248 4336 τὰ
2282 4283 2417 4355 πρὸς
2444 4284 2742 4337 ἐπιείκειαν
2775 4285 3190 4355 περιεσκέψατο,
3246 4285 3653 4352 διδασκαλικοῖς

453 4491 569 4577 (Ξβ)
591 4489 955 4577 ῌροσελθεῗν
978 4490 1090 4577 fatal.
1108 4488 1660 4577 ἀυιαιαποδιξρεσθαμ
1672 4561 1685 4577 ἱ
1701 4488 1925 4577 oseph.
1937 4530 1953 4555 ,

2135 4505 2435 4577 (55)7’_Edr
2489 4505 2767 4577 θέλωσιν.
2821 4505 3059 4577 Legend.
3108 4505 3176 4559 ἂν
3223 4504 3484 4567 θέλωσιν,
3535 4508 3651 4565 nisi

453 4493 571 4615 (28)
591 4493 955 4560 Προσελθεῒν
985 4493 1081 4542 καὶ
1115 4493 1660 4556 συναποδύρεσθαι.
1701 4493 1953 4560 .loseph.,

383 4562 540 4618 συνελ
577 4565 654 4614 εῖν
706 4562 800 4614 καὶ
857 4558 1339 4631 συναποδύρασθαιᾲ
1378 4560 1607 4631 νόμιμον
1669 4561 1957 4631 ἐποίησεν,

377 4650 500 4705 φης
520 4632 638 4705 duo
669 4644 940 4705 postrema
971 4629 1094 4700 νόμ.
1231 4629 1394 4705 verbo
1422 4629 1576 4705 ἔταξε
1591 4629 1957 4705 continentur.

450 4701 564 4771 (29)
594 4698 937 4769 Κιὶθαίρειν,
969 4698 1073 4754 etc.
1110 4698 1329 4771 .loseph:
1378 4708 1431 4753 et
1470 4700 1665 4771 Mont.,
1688 4698 1960 4771 (καθαιρεέ

381 4768 503 4827 σθαι
531 4768 587 4825 δὲ
617 4768 826 4825 κελεύει
853 4772 947 4842 κα).
971 4771 1097 4842 τοὺς
1122 4768 1464 4833 ἐνοικοῦντας
1493 4770 1601 4823 ἀπὸ
1633 4770 1849 4842 κήδους,
1868 4768 1961 4824 διά

376 4843 481 4913 τὸν
503 4842 825 4913 μετελθόντα
850 4841 945 4913 τοῦ
981 4841 1115 4910 βίου.

450 4908 561 4985 (50)
593 4913 717 4966 Ἵνα
749 4908 1055 4985 πλεῖστον,
1086 4918 1191 4985 etc.
1222 4908 1476 4985 Breviora
1504 4909 1629 4985 _ltzec
1657 4917 1712 4964 et
1739 4910 1960 4985 saniora

375 4977 718 5052 sunt,quam
756 4998 877 5052 quae
910 4982 1049 5052 apud
1079 4978 1385 5052 Joseplt._et
1417 4985 1469 5033 in
1500 4977 1760 5052 Montac.,
1802 4985 1845 5035 si
1874 4982 1961 5052 _le-

375 5047 597 5123 guntur,
635 5053 721 5105 ἵνα
750 5047 1000 5123 πλεῖστον
1029 5047 1225 5123 ἀπέχῃί
1240 5047 1335 5101 τοῦ
1360 5048 1536 5123 δοκεῖν
1568 5050 1767 5123 αὐτοὺς
1791 5050 1961 5123 καθατ

376 5119 503 5196 ρους
536 5122 693 5196 εἶναι.
746 5121 841 5196 Τίς
885 5121 942 5175 δὲ
964 5191 975 5196 _
1000 5119 1158 5196 φόνον
1186 5119 1611 5196 ἐργασάμενος,
1661 5120 1695 5192 ἢ
1722 5122 1901 5196 ἐκων,

373 5188 544 5258 ἄκων,
578 5193 700 5247 οὐδὲ
744 5193 841 5265 τὴν
883 5188 1022 5263 πρὸς
1050 5188 1266 5252 τούτοις
1290 5188 1694 5259 ἀπεσιώπησεν
1719 5189 1785 5244 ἂν
1814 5188 1960 5243 ἐκδίὲ

370 5280 551 5319 κησιν.

597 5334 930 5402 Ἀπόρῤητα
958 5332 1179 5401 λέγειν.
1208 5328 1347 5405 illnc
1380 5329 1635 5405 emendes
1662 5327 1958 5405 JAosepliutn

370 5400 515 5475 licet,
538 5400 690 5475 apud
717 5400 876 5475 quem
910 5400 1163 5475 pessime,
1194 5401 1256 5454 τὸ
1281 5401 1506 5475 ἀπορεῖν
1532 5400 1884 5475 παραλέγειν.

444 5468 877 5543 (32)Περιορῶν
912 5468 1141 5540 ίκέτην,
1184 5480 1290 5543 _etc.
1337 5468 1475 5525 llinc
1521 5468 1682 5543 etiam
1715 5468 1957 5543 JoSepho

371 5540 783 5614 medicinalint,
812 5544 954 5613 apud
985 5557 1147 5612 quem
1183 5541 1405 5614 legitur,
1438 5540 1709 5614 περιορῶν
1741 5540 1958 5614 βοηθεῖν

372 5612 564 5684 ἐνίοις,
614 5612 907 5677 ὑπεύθυνος
936 5627 1096 5684 ;qu:e
1130 5612 1335 5679 tamen,
1366 5626 1492 5667 cum
1539 5612 1796 5684 explicari
1845 5626 1955 5665 non

369 5682 714 5805 incommode
760 5682 1020 5754 possent,
1073 5685 1343 5754 interpres
1405 5682 1554 5738 omni
1601 5697 1765 5739 sensu
1795 5696 1952 5765 εερο-

392 5768 495 5805 ιοιί
525 5792 539 5805 .

392 5762 539 5808 tavit.

2064 4575 2222 4632 malis
2258 4575 2469 4629 θέλουσι
2500 4590 2622 4629 cum
2650 4575 2918 4646 Joseplto,
2943 4577 3064 4631 sine
3092 4577 3201 4630 ulla
3228 4577 3646 4645 conjunctione.

2134 4647 2244 4716 (54)
2291 4646 2693 4718 Ὺπελθόκτες.
2738 4647 2958 4718 ιοεθριι.
3001 4655 3120 4714 post
3173 4646 3275 4715 ζῇν
3317 4646 3646 4718 distinguit;

2062 4715 2177 4798 tum
2208 4715 2335 4788 legit
2380 4715 2708 4781 ὑπελθόντας
2730 4718 2845 4787 δέχ.
2868 4715 3081 4787 φιλοφη
3115 4718 3263 4787 quod
3294 4715 3650 4773 rectius‘exi;

2062 4797 2248 4958 sugg;
2288 4869 2624 4958 ξΕπιεεκεῖς,
2666 4879 2773 4958 εἰς.
2819 4868 3066 4958 Iosephi)!"
3095 4867 3313 4958 ἐπιεικῆ
3358 4867 3415 4922 δέ
3448 4869 3545 4922 καὶ
3570 4872 3645 4924 τὰ

2063 4936 2200 5012 πρὸς
2229 4936 2354 5004 τοὺς
2383 4940 2671 5011 πολεμίους
2704 4936 2842 4994 εἶναι
2874 4936 3149 5012 κριθέντα.
3190 4936 3492 5008 Utrumque
3517 4955 3651 5009 pro-

2062 5012 2201 5134 Eat;
2248 5020 2466 5081 potest;
2535 5012 2737 5066 rectius
2793 5021 2976 5065 tamen
3029 5010 3331 5070 videretur.
3383 5008 3648 5080 κριθέντα

2063 5098 2243 5235 aulai)
2278 5164 2476 5235 Οὕτως
2519 5164 2571 5217 δ’
2602 5166 2798 5234 ﬁmo,
2838 5173 2943 5219 etc.
2987 5162 3234 5235 Josepb.,
3280 5161 3479 5235 Regius
3522 5179 3646 5218 ma-

2064 5232 2255 5306 nuscr.
2284 5243 2342 5306 et
2369 5234 2604 5289 Montac.
2636 5232 2967 5306 ita'plenins,
3001 5232 3143 5286 οὕτω
3170 5232 3227 5285 δὲ
3264 5233 3548 5305 πόρρωθεν
3582 5238 3639 5306 ή.

2062 5322 2115 5358 κ.
2145 5321 2203 5373 φ.
2237 5303 2506 5359 διδάσκειν
2530 5305 2673 5375 ἡμᾶς
2707 5304 3057 5359 ἐσπούδασεν.

2133 5390 2243 5461 (37)
2286 5390 2675 5461 Προσφεύγει.
2720 5388 2812 5443 Sic
2853 5388 3090 5459 legend.,
3130 5403 3239 5444 non
3268 5396 3328 5444 ut
3372 5387 3519 5460 apud
3545 5386 3641 5443 Jo-

2062 5459 2212 5530 scph.
2225 5501 2240 5524 ,
2256 5459 2543 5529 προσφύει.

2131 5544 2241 5611 (38)
2264 5542 2392 5597 Κᾶν
2421 5540 2495 5611 τῇ
2540 5543 2815 5612 πολεμίᾳ.
2844 5539 3043 5609 Recte,
3084 5543 3129 5597 si
3167 5542 3357 5601 modo.
3385 5544 3491 5597 κάν
3519 5543 3641 5612 sine

2061 5608 2290 5688 accentu
2323 5608 2553 5688 legatur.
2584 5608 2740 5688 Apud
2766 5608 3067 5688 ’Josepbum
3108 5624 3289 5669 tamen
3330 5613 3437 5685 leg.
3470 5612 3575 5669 κᾶν
3600 5608 3639 5688 ᾗ

2010 5758 2015 5765 ε
2060 5683 2312 5757 πολέμια,
2341 5684 2488 5755 quod
2520 5683 2936 5754 improbaudum
2967 5698 3080 5739 non
3110 5693 3213 5740 est.
