3824 6226
370 304 516 383 '02:

1056 322 1332 381 EUSEBII
1378 320 1866 382 CESARIENSIS
1902 322 2052 380 OPP.
2091 321 2275 380 PARS
2311 322 2378 379 ll.
2417 340 2491 367 -'-
2520 320 3028 379 APOLOGETICA.

3567 328 3683 384 614

410 441 634 513 telliget,
666 438 913 496 omnium
936 436 1149 508 “Optime
1170 444 1520 507 prospectum
1556 439 1625 493 ab
1648 453 1715 493 eo
1749 452 1813 493 ac
1847 453 1967 508 pro-

2086 451 2182 488 τον
2206 436 2265 488 tv
2299 436 2414 499 τοῖς
2455 435 2886 507 συγγράμμασιν
2938 434 3487 508 ἐπραγματεύσαντο⁸
3520 439 3680 494 σΠλάκ

288 557 297 569 ·
407 535 588 589 visum
626 534 678 588 id
717 532 906 597 fuisse,
952 529 1030 585 uti
1062 542 1162 585 nec
1186 530 1489 600 patriorum
1522 530 1625 601 ipsi
1661 530 1865 585 rituum
1900 530 1985 584 in-

410 627 716 697 tegritatem
744 622 1172 687 1abefactemus,
1219 636 1319 677 nec
1361 637 1552 678 eorum
1597 633 1780 678 tamen
1814 620 1987 678 com-

407 718 725 772 munionem
761 730 942 770 rerum
990 727 1303 770 nostrarum
1357 714 1575 785 cupidis
1616 715 1982 771 invideamus.

408 809 685 880 Quotquot
716 810 861 863 enim
911 809 1124 880 legibus
1176 809 1385 865 nostris
1427 823 1612 863 vivere
1651 807 1983 879 optaverint,

405 917 600 958 omnes
630 910 975 972 peramanter
1004 902 1227 973 excipit,
1258 902 1445 972 utique
1474 916 1584 956 non
1622 901 1741 957 solo
1763 915 1981 972 genere,

403 995 499 1053 sed
529 996 694 1051 etiam
725 994 1035 1049 voiuntaria
1075 994 1313 1050 instituti
1336 994 1610 1050 societate
1644 993 1984 1048 communio-

400 1102 527 1144 nem
562 1088 723 1142 istam
756 1085 1026 1141 contineri
1055 1094 1230 1141 ratus.
1273 1084 1380 1151 Qui
1412 1096 1540 1139 vero
1574 1098 1683 1138 non
1722 1083 1827 1139 nisi
1862 1083 1981 1138 obi-

401 1188 486 1235 ter
518 1180 583 1234 ad
613 1194 737 1244 nos,
778 1186 942 1248 atque
972 1176 1122 1232 aliud
1164 1186 1388 1248 agentes
1418 1175 1763 1240 accederent,
1796 1190 1890 1231 eos
1920 1174 1978 1230 in

398 1271 853 1330 consuetudinem
876 1269 1094 1341 penitus
1110 1268 1330 1325 admitti
1358 1268 1554 1323 notuit.“
1577 1267 1846 1323 Caeterum
1870 1268 1977 1322 alia

396 1364 647 1435 quaedam
696 1363 887 1427 edixit,
916 1370 1153 1434 quorum
1189 1362 1417 1416 omnino
1461 1361 1680 1431 copiam
1724 1360 1842 1415 fieri
1881 1375 1977 1416 ne-

395 1471 551 1514 cesse
590 1464 717 1512 est:
755 1455 1068 1527 cujusmodi
1114 1455 1666 1524 sunt,‘indigentibus
1714 1455 1974 1513 omnibus

395 1548 602 1618 ignem,
633 1562 855 1618 aquam,
887 1548 1180 1618 cibumque
1223 1547 1588 1617 suppeditare,
1628 1545 1797 1617 368
1817 1561 1971 1602 com-

392 1650 706 1697 monstrare
750 1643 918 1707 viam,
964 1639 1299 1710 insepultum
1353 1639 1624 1694 neminem
1670 1639 1969 1709 praeterire.

391 1730 509 1788 Imo
537 1749 692 1789 suam
717 1747 938 1804 quoque
964 1731 1230 1787 adversus
1271 1731 1455 1787 hostes
1480 1713 1780 1802 appellatos
1795 1731 1973 1801 aequi-

2088 542 2197 581 των
2220 524 2277 578 δὲ
2306 524 2722 595 θαυμαζόμενος
2772 526 2925 597 παρὰ
2975 529 3089 591 τοῖς
3139 524 3417 599 Ἕλλησιν,
3462 529 3539 594 ῶς
3579 533 3678 587 καὶ

2090 618 2379 689 σεμνότητι
2406 617 2520 688 βίου
2546 616 2857 687 διενεγκὼν,
2885 619 2980 673 καὶ
2997 619 3220 691 δυνάμει
3244 620 3418 690 λόγων
3445 623 3540 675 καὶ
3563 640 3680 678 πειο

2089 707 2173 761 θοῖ
2197 708 2404 771 πάντας
2451 709 2732 780 ὑπεράρας
2757 709 2882 772 τοὺς
2926 708 2985 761 tv
3034 708 3321 781 φιλοσοφίᾳ
3357 712 3674 779 γεγονότας,

2088 796 2194 851 ὑπὸ
2216 797 2325 851 τῶν
2352 794 2666 866 φασκόντων
2690 796 2881 851 δεινῶν
2907 793 3047 851 εἶναι
3072 798 3141 852 τὰ
3169 799 3441 864 πολιτικὰ,
3472 802 3675 874 μικροῦ

2084 889 2194 944 δεῖν
2226 889 2619 960 χλευαζόμενος
2646 889 2741 942 καὶ
2786 889 3219 961 κωμῳδούμενος
3262 892 3514 948 διατελεῖ.
3544 895 3675 949 Kal»

2082 999 2166 1036 τοι
2197 981 2447 1035 τάκείνου
2475 979 2740 1034 σκώπτων
2768 981 2880 1053 (49)
2917 982 3127 1053 συχνῶς
3160 1000 3247 1047 τις
3275 983 3341 1037 ἂν
3368 985 3518 1057 εὖροι
3540 988 3675 1058 ῥᾷον

2081 1072 2292 1137 καὶτὰς
2318 1073 2425 1126 τῶν
2454 1072 2664 1126 πολλῶν
2683 1072 2866 1142 ἔγγιον
2909 1073 3218 1145 συνηθείας.
3247 1075 3417 1139 Αὐτὸς
3440 1076 3498 1130 δὲ
3525 1076 3672 1132 mea

2080 1184 2189 1222 των
2216 1166 2587 1239 ὡμολόγηκεν,
2614 1168 2697 1221 ὅτι
2736 1168 2835 1239 τὴν
2875 1166 3049 1239 άληθῆ
3109 1168 3241 1240 περὶ⁸
3279 1166 3375 1222 τοῦ
3418 1168 3553 1224 Θεοῦ
3581 1171 3673 1225 66-

2080 1258 2179 1326 ξαν
2209 1261 2288 1323 εἰς
2320 1258 2420 1331 τὴν
2472 1259 2581 1313 τῶν
2619 1259 2792 1331 δχλων
2824 1260 3008 1314 ἄνοιαν
3054 1259 3155 1314 οὐκ
3190 1255 3259 1331 ἦν
3307 1261 3548 1331 ἀσφαλὲς
3579 1262 3672 1329 ἐξ.

2078 1351 2342 1419 ενεγκεῖν.
2382 1349 2543 1403 Ἀλλὰ
2594 1350 2665 1403 τὰ
2696 1351 2792 1421 μὲν
2816 1349 3100 1414 Πλάτωνος
3135 1350 3327 1419 λόγους
3372 1353 3513 1418 τινὲς
3549 1355 3665 1427 (50)

2078 1438 2217 1496 εἶναι
2258 1444 2448 1506 κενοὺς
2491 1442 2794 1513 νομίζουσι,
2843 1443 2989 1497 κατὰ
3018 1443 3220 1517 πολλὴν
3249 1446 3500 1512 ἐξουσίαν
3547 1447 3665 1522 (51)

2076 1533 2489 1606 κεκαλλιγραφη
2500 1533 2716 1604 μένους.
2747 1534 2999 1587 Μάλιστα
3018 1534 3074 1588 δὲ
3094 1534 3203 1588 τῶν
3230 1536 3535 1607 νομοθετῶν
3563 1542 3667 1593 Au-

2077 1622 2307 1695 κοῦργον
2358 1623 2757 1695 τεθαυμάκασι,
2814 1625 2909 1679 καὶ
2962 1626 3060 1698 τὴν
3113 1628 3371 1700 Σπάρτην
3422 1628 3665 1695 ἅπαντες

2076 1714 2357 1784 ὑμνοῦσιν,
2386 1716 2468 1769 ὅτι
2492 1718 2605 1780 τοῖς
2660 1708 2869 1771 ἐκείνου
2934 1719 3119 1790 νόμοις
3161 1722 3253 1773 ἐπὶ
3302 1721 3550 1775 πλεῖστον
3576 1725 3665 1777 tv-

389 1826 557 1882 tatem
586 1835 839 1882 constare
873 1825 1066 1890 voluit,
1098 1825 1229 1880 dum
1258 1839 1360 1879 nec
1389 1824 1611 1879 illorum
1650 1839 1810 1895 agros
1846 1824 1967 1895 igne

2071 1808 2469 1880 εκαρτέρησαν.
2506 1809 2716 1864 Οὐκοῦν
2739 1809 2900 1865 τοῦτο
2941 1810 3040 1882 μὲν
3065 1812 3432 1883 όμολογείσθω
3456 1816 3665 1887 τεκμήο

389 1920 619 1984 v‘a'stari,
660 1933 761 1974 nec
793 1918 955 1973 mites
1001 1916 1227 1971 arbores
1271 1915 1478 1970 succidi
1522 1914 1792 1986 permisit.
1823 1913 1966 1980 Quin

389 2014 553 2067 etiam
583 2016 638 2065 et
665 2020 782 2075 eos,
813 2008 909 2078 qui
957 2007 1013 2061 in
1051 2006 1167 2061 acie
1196 2005 1549 2071 cecidissent,
1594 2020 1624 2060 a
1666 2006 1969 2062 victoribus

389 2102 614 2174 spoliari
643 2101 946 2172 prohibuit,
976 2109 1032 2158 et
1059 2102 1307 2170 captivos
1334 2099 1683 2170 maximeque
1710 2099 1969 2155 mulieres

390 2190 463 2250 ab
502 2193 759 2249 omnibus
802 2190 1023 2262 injuriis
1054 2190 1368 2246 vindicavit.
1400 2191 1479 2245 Ac
1508 2205 1611 2246 nos
1642 2190 1717 2245 ita
1746 2190 1967 2260 quidem

386 2283 458 2339 ad
507 2282 983 2339 mansuetudinem
1026 2290 1083 2338 et
1121 2281 1517 2336 humanitatem
1552 2282 1797 2352 repetitis
1848 2282 1969 2337 lon-

387 2374 510 2446 gius
544 2373 830 2444 praeceptis
871 2370 1263 2436 condocefecit,
1294 2383 1355 2427 ut
1402 2387 1472 2427 ne
1514 2372 1801 2428 brutarum
1844 2373 1967 2444 qui-

384 2465 511 2520 dem
536 2463 897 2519 animantium
928 2477 1119 2518 curam
1151 2461 1475 2532 neglexerit.
1505 2459 1645 2517 Nam
1677 2462 1771 2519 ubi
1812 2477 1842 2517 a
1888 2463 1967 2518 le-

385 2556 599 2628 gitimo,
634 2570 798 2625 quem
828 2570 1001 2609 unum
1036 2553 1308 2621 concedit,
1332 2568 1523 2609 earum
1559 2568 1665 2609 usu
1692 2552 1963 2611 discesse-

382 2646 486 2715 ris,
512 2647 661 2702 omni
714 2646 824 2702 alio
866 2657 1096 2717 prorsus
1142 2645 1445 2701 interdixit.
1494 2643 1553 2700 Si
1594 2661 1718 2717 qua:
1756 2648 1966 2719 suppli-

383 2753 509 2794 cum
568 2739 742 2793 instar
807 2744 1027 2793 nostras
1106 2736 1164 2791 in
1214 2736 1359 2793 aedes
1414 2734 1796 2807 confugerint,
1867 2754 1963 2796 eas

381 2830 618 2886 interfici
662 2829 835 2886 vetuit
871 2848 884 2887 :
925 2837 1021 2884 aut
1058 2838 1314 2899 parentes
1363 2843 1490 2884 cum
1538 2829 1705 2899 pullis
1752 2845 1784 2886 e
1831 2830 1963 2886 nido

378 2923 518 2987 tolli,
572 2931 668 2978 aut
708 2922 1017 2978 animantes
1046 2921 1188 2989 illas,
1236 2932 1469 2993 quarum
1499 2936 1667 2994 Opera
1712 2922 1963 2979 homines

379 3015 464 3071 uti
520 3014 717 3082 solent,
761 3014 927 3071 etiam
970 3015 1027 3069 in
1071 3013 1256 3069 hostili
1308 3014 1427 3071 solo
1483 3014 1713 3070 mactari
1760 3014 1957 3071 noluit.

378 3103 691 3176 't‘antopere
718 3105 1040 3178 benignitati
1065 3106 1376 3161 consultum
1404 3121 1527 3163 esse
1546 3107 1699 3162 omni
1719 3122 1787 3163 ex
1806 3116 1961 3178 parte
1988 3132 2032 3200 α

378 3199 672 3270 cupiebat:
702 3200 901 3271 partim
934 3197 1175 3255 ferendis
1213 3197 1302 3265 iis,
1339 3216 1463 3271 qua:
1503 3200 1682 3256 adhuc
1716 3216 1958 3257 comme-

378 3302 609 3349 morata:
653 3300 803 3359 sunt,
850 3307 1083 3364 quaeque
1133 3293 1203 3348 ad
1250 3307 1470 3349 morum
1512 3293 1958 3349 informationem

376 3386 677 3456 pertinent,
708 3385 956 3457 legibus;
981 3387 1179 3457 partim
1206 3386 1330 3443 aliis
1359 3386 1687 3457 quibusdam
1710 3387 1960 3442 sancien-

378 3477 488 3543 dis,
521 3478 725 3548 quibus
757 3479 811 3533 in
842 3478 1191 3550 superiorum
1218 3480 1531 3547 violatores,
1563 3479 1701 3534 citra
1728 3493 1959 3535 excusa-

375 3571 581 3627 tionem
617 3582 871 3641 ‘omncm,
925 3585 1103 3643 paena;
1148 3580 1483 3629 statuuntur.
1541 3570 1766 3627 Poenam
1810 3571 1956 3626 enim

375 3664 574 3735 capitis
614 3666 890 3736 plerisque
922 3665 1241 3737 proposuit;
1272 3664 1368 3736 qui
1412 3664 1741 3720 adulterium
1771 3670 1958 3734 patra-

374 3760 553 3815 verit:
576 3760 671 3831 qui
705 3759 904 3831 pueliae
929 3759 1038 3814 vim
1079 3758 1367 3815 attulerit:
1396 3757 1490 3828 qui
1522 3756 1605 3813 vel
1646 3771 1853 3812 marem
1892 3756 1958 3810 de

374 3857 568 3921 stupro
598 3851 873 3921 appellare
896 3861 1096 3916 ausus,
1130 3849 1217 3905 vel
1241 3847 1535 3919 appellanti
1571 3855 1766 3918 sponte
1792 3846 1955 3902 obse-

373 3954 538 4000 cutus
585 3942 709 3998 erit.
758 3938 1160 4013 Exstatletlam
1204 3940 1274 3997 de
1324 3940 1498 3996 servis
1539 3939 1627 3995 lex
1660 3938 1953 4009 ejusmodi,

375 4051 541 4106 quam
573 4035 856 4105 deprecari
884 4050 1045 4091 nemo
1070 4041 1258 4105 queat.
1285 4029 1364 4088 De
1403 4031 1677 4088 mensuris
1709 4029 1837 4086 item
1869 4039 1955 4087 at-

375 4144 483 4199 que
533 4128 887 4199 ponderibus,
934 4128 981 4184 si
1031 4129 1157 4199 quis
1188 4126 1470 4197 'ﬂagitium
1511 4126 1616 4180 hoc
1655 4124 1710 4179 in
1757 4139 1955 4195 genere

2076 1916 2187 1971 ριον
2210 1901 2412 1972 ἀρετῆς
2451 1896 2611 1968 εἶναι,
2656 1901 2716 1955 τὸ
2768 1902 3045 1958 πείθεσθαι
3089 1907 3204 1968 τοῖς
3256 1906 3460 1976 νόμοιςο
3507 1909 3555 1960 οἱ
3600 1907 3661 1961 δὲ

2071 1992 2530 2063 Λακεδαιμονίους
2559 1985 2958 2065 θαυμάζοντες,
2986 1998 3078 2050 τὸν
3104 1996 3328 2050 ἐκείνων
3355 1998 3545 2070 χρόνον
3564 1999 3663 2052 ἁν-

2069 2084 2625 2156 τιπαραὸαλλέτωσαν
2677 2089 2793 2151 τοῖς
2843 2086 3149 2160 πλείοσινῆ
3205 2089 3484 2160 δισχιλίοις
3509 2091 3660 2145 ἔτεσι

2068 2176 2171 2247 τῆς
2212 2177 2485 2249 ἡμετέρας
2517 2178 2812 2243 πολιτείας·
2851 2180 2945 2233 καὶ⁵
2977 2180 3199 2251 προσέτι
3229 2181 3656 2251 λογιζέσθωσαν,

2067 2268 2151 2322 ὅτι
2177 2269 2591 2339 Λακεδαιμόνιοι
2621 2266 2742 2340 μὲν,
2772 2271 2895 2324 ὅσον
2920 2272 3007 2341 ἐφ’
3036 2271 3246 2326 ἑαυτῶν
3275 2273 3466 2345 χρόνον
3506 2268 3658 2345 εἶχον

2067 2360 2166 2432 τὴν
2203 2360 2534 2431 ἐλευθερίαν,
2566 2361 2809 2432 ἀκριϐῶς
2837 2363 3021 2427 ἔδοξαν
3062 2365 3190 2428 τοὺς
3241 2365 3440 2435 νόμους
3464 2365 3659 2436 διαφυο

2067 2451 2301 2507 λάττειν·
2334 2454 2457 2507 ἐπεὶ
2482 2454 2665 2526 μέντοι
2693 2454 2822 2527 περὶ
2847 2457 3047 2520 αὐτοὺς
3082 2456 3332 2524 ἐγένοντο
3360 2458 3659 2528 μεταΰολαὶ

2065 2542 2166 2615 τῆς
2188 2541 2378 2613 τύχης,
2406 2543 2603 2616 μικροῦ
2632 2545 2743 2598 δεῖν
2790 2546 3047 2600 ἁπάντων
3088 2546 3403 2612 ἐξελάθοντο
3432 2548 3542 2602 τῶν
3565 2551 3657 2606 νό-

2069 2650 2209 2705 μων·
2234 2636 2395 2706 ἡμεῖς
2419 2635 2476 2689 δὲ
2500 2637 2559 2690 tv
2600 2636 2791 2708 τύχαις
2823 2638 3047 2710 μυρίαις
3095 2640 3383 2707 γεγονότες
3421 2640 3508 2695 διὰ
3550 2642 3656 2706 τὰς

2065 2722 2174 2777 τῶν
2203 2724 2636 2795 βασιλευσάντων
2664 2730 2766 2800 τῆς
2806 2729 2990 2794 Ἀσίας
3016 2730 3335 2801 μεταϐολὰς,
3359 2732 3510 2787 οὐδὲν
3537 2732 3655 2805 (59.)

2064 2818 2178 2880 τοῖς
2209 2817 2459 2888 ἐσχάτοις
2506 2819 2615 2874 τῶν
2669 2820 2858 2875 δεινῶν
2882 2822 3010 2886 τοὺς
3042 2816 3240 2895 νόμους
3268 2824 3596 2896 προῦδομεν.
3629 2845 3649 2877 ι

2065 2905 2252 2962 Ταῦτα
2279 2909 2377 2979 μὲν
2400 2909 2495 2963 καὶ
2519 2908 2781 2982 Ἰώσηπος
2806 2912 2936 2983 περὶ
2963 2914 3062 2984 τῆς
3088 2912 3230 2967 κατὰ
3280 2913 3481 2966 Νωσέα
3520 2914 3658 2968 ‘lou-

2062 2998 2229 3057 δαίων
2249 3002 2544 3068 πολιτείας.
2591 3006 2728 3077 Περὶ
2757 3005 2815 3058 δὲ
2860 3008 2961 3077 τῆς
2984 3007 3042 3059 tv
3087 3008 3200 3069 τοῖς
3250 3009 3341 3063 ὑπ’
3367 3007 3532 3061 αὑτοῦ
3565 3025 3657 3062 τεά

2066 3090 2207 3147 θεῖσι
2231 3094 2416 3166 νόμοις
2437 3095 2875 3167 ὲπεσκιασμένης
2900 3098 2995 3151 καὶ⁵
3020 3096 3388 3170 ἀλληγορικῆς
3417 3098 3656 3171 θεωρίας

2066 3184 2236 3240 πολλὰ
2268 3186 2406 3258 ἔχων
2434 3189 2630 3252 εἰπεῖν,
2676 3189 2949 3259 ἀπαρκεῖν
2984 3190 3223 3260 ἡγοῦμαι
3247 3189 3346 3253 τὰς
3394 3190 3655 3256 Ἐλεαζά-

2065 3295 2159 3352 ρου
2190 3281 2285 3333 καὶ
2322 3280 2731 3351 Ἀριστοϐούλου
2764 3281 3064 3353 διηγήσεις,
3114 3280 3320 3352 ἀνδρῶν
3348 3280 3411 3334 τὺ
3436 3281 3536 3352 μὲν
3566 3282 3656 3351 γέδ

2063 3386 2154 3433 νος
2190 3369 2458 3443 Ἑϐραίων
2518 3371 2802 3436 ἀνέκαθεν,
2844 3372 2934 3426 τὸν
2977 3373 3037 3426 δὲ
3092 3373 3284 3445 χρόνον
3334 3372 3476 3425 κατὰ
3524 3374 3654 3437 τοὺς

2061 3461 2400 3534 Πτολεμαῖου
2453 3466 2678 3536 χρόνους
2721 3465 3154 3537 διαπρεψάντων.
3183 3461 3282 3520 Ὧν
3312 3467 3340 3518 ό
3396 3464 3655 3530 Ἐλεάζα-

2064 3572 2178 3627 ρος,
2207 3555 2301 3609 καὶ
2326 3555 2405 3626 τῷ
2448 3557 2545 3626 τῆς
2579 3556 2991 3629 ἀρχιερωσύνης
3036 3555 3305 3627 ἀξιώματι
3353 3558 3653 3628 τετιμημέ-

2058 3662 2169 3709 νος,
2200 3646 2385 3717 μικρῷ
2405 3647 2667 3719 πρότερον
2694 3650 2826 3719 ἡμῖν
2851 3647 3121 3718 ὲδηλδῦτοο
3155 3647 3213 3711 ὃς
3244 3647 3307 3720 δὴ
3337 3651 3449 3712 τοῖς
3495 3648 3653 3719 παρὰ

2059 3730 2323 3803 βασιλέως
2346 3734 2422 3798 ὼς
2445 3736 2606 3790 αὐτὸν
2631 3736 2827 3807 ἥκουσι
2864 3735 3159 3809 πρεσϐείας
3180 3738 3362 3802 ἕνεκα,
3393 3740 3492 3808 τῆς
3535 3738 3649 3792 τῶν

2068 3824 2372 3897 Ἑϐραϊκῶν
2424 3826 2597 3897 λόγων
2638 3828 2731 3881 ἐπὶ
2774 3829 2873 3900 τὴν
2933 3828 3157 3882 Ἐλλάδα
3207 3821 3508 3901 μεταϐολῆς
3552 3830 3648 3882 τὸν

2055 3917 2257 3989 τρόπον
2286 3918 2749 3990 ύποτυπούμενος,
2776 3919 2877 3989 τῆς
2906 3921 2963 3974 tv
3008 3914 3122 3983 τοῖς
3150 3922 3314 3993 ἱεροῖς
3338 3921 3524 3990 νόμοις
3551 3920 3649 3974 ἀλ-

2060 4009 2467 4081 ληγορουμένης
2520 4012 2662 4076 ἰδέας
2695 4011 2951 4084 τοιαύτην
2999 4014 3293 4085 πεποίηται
3342 4012 3501 4080 λόγου
3543 4012 3646 4085 τὴν

2061 4101 2429 4158 διδασκαλίαν.

374 4220 732 4286 commiserit,
790 4229 887 4276 aut
934 4220 1137 4291 injuste
1182 4219 1462 4289 quidpiam
1518 4217 1755 4299 doloque
1805 4217 1953 4272 malo
1988 4219 2341 4274 vendiderit:
2390 4218 2485 4289 qui
2528 4218 2613 4273 vel
2658 4235 2727 4274 ex
2802 4220 2966 4276 rebus
3034 4219 3230 4275 alienis
3278 4219 3493 4277 furatus
3536 4212 3646 4277 al’r—

374 4314 504 4384 quid
543 4312 726 4379 fuerit,
757 4312 843 4368 vel
886 4312 1033 4382 quod
1061 4310 1159 4367 abs
1199 4326 1260 4367 se
1279 4310 1585 4380 depositum
1627 4321 1737 4362 non
1779 4315 1947 4373 esset,
1986 4309 2275 4365 abstulerit
2304 4327 2318 4364 :
2343 4324 2519 4380 paenae
2543 4311 2789 4365 omnium
2834 4312 2984 4374 sunt,
3018 4322 3128 4364 n‘on
3193 4313 3384 4381 quales
3449 4313 3648 4383 utique

375 4403 519 4476 apud
555 4415 783 4461 ca-t'eros
816 4404 1081 4469 obtinent,
1126 4402 1223 4459 sed
1284 4402 1474 4474 quales
1542 4414 1758 4459 summa
1823 4400 1938 4457 fere
2000 4403 2265 4458 severitas
2295 4404 2625 4474 postulabat,
2652 4405 2995 4462 constituta.
3038 4402 3172 4458 Nam
3207 4414 3302 4459 aut
3328 4406 3395 4460 de
3422 4414 3645 4475 paren-

373 4507 490 4551 tum
522 4496 743 4567 injuria,
781 4505 875 4551 aut
915 4496 969 4550 in
1011 4495 1183 4551 Deum
1231 4495 1533 4565 impietate,
1563 4494 1659 4564 qui
1725 4494 1811 4549 vel
1882 4495 2024 4565 apud
2060 4511 2124 4552 se
2158 4497 2433 4567 COgitarit,
2476 4497 2523 4552 is
2568 4496 2636 4551 ad
2673 4506 2902 4551 mortem
2943 4498 3205 4552 continuo
3246 4498 3477 4567 rapitur.
3514 4495 3643 4555 Jan

372 4589 467 4659 qui
514 4589 645 4660 legis
690 4588 759 4643 ad
799 4593 1065 4658 przecepta
1108 4586 1272 4641 rebus
1315 4586 1370 4640 in
1400 4586 1657 4642 omnibus
1700 4586 2099 4652 adhaerescunt,
2161 4588 2501 4658 propositum
2561 4588 2629 4643 iis
2688 4590 2976 4658 praemium
3044 4598 3151 4654 est,
3184 4602 3294 4643 non
3322 4597 3640 4659 argentum,

374 4682 456 4737 vel
480 4696 697 4744 aurum,
728 4695 837 4735 non
870 4694 1070 4735 corona
1110 4693 1179 4734 ex
1240 4679 1495 4747 oleastro,
1562 4680 1647 4735 vel
1695 4682 1877 4752 appio.
1914 4692 2011 4738 aut
2073 4681 2295 4752 aliquod
2359 4679 2628 4750 ejusmodi
2691 4683 3023 4750 praeconium
3075 4700 3090 4736 :
3141 4681 3236 4736 sed
3285 4681 3645 4736 conscientiae

373 4775 608 4843 quisque
650 4788 765 4828 sure
806 4770 1120 4826 testimonio
1168 4768 1320 4836 freti,
1381 4770 1529 4840 quod
1580 4780 1634 4827 et
1689 4770 2127 4842 Iegislator'ante
2153 4771 2421 4841 praedixit,
2451 4780 2506 4826 et
2526 4770 2670 4826 Deus
2691 4772 3011 4827 certissima:
3050 4772 3181 4825 ﬁdei
3221 4771 3448 4842 pignore
3504 4789 3644 4828 con-
3678 4754 3683 4759 λ

372 4867 631 4934 ﬁrmavit,
682 4866 925 4922 futurum
964 4866 1187 4921 omnino
1233 4865 1477 4932 credant,
1524 4879 1585 4922 ut
1632 4869 1726 4938 qui
1772 4869 1919 4939 leges
1956 4877 2271 4923 constanter
2288 4866 2648 4931 servaverint,
2702 4865 2770 4921 iis
2788 4880 2936 4931 vero,
2991 4873 3257 4921 utearum
3295 4880 3463 4921 causa
3506 4881 3650 4921 non-

373 4976 654 5031 nunquam
686 4968 952 5031 oporteat,
983 4968 1159 5014 morte
1187 4958 1441 5014 alacriter
1464 4967 1793 5031 strenueque
1816 4959 2146 5031 perfunctis,
2194 4968 2250 5014 et
2266 4974 2467 5013 novum
2485 4958 2741 5027 deinceps
2758 4970 2963 5021 ortum,
3006 4966 3062 5012 et
3113 4957 3238 5012 vitae
3285 4957 3534 5013 vicissim
3552 4958 3641 5013 al-

369 5054 547 5108 terius
570 5052 833 5123 longeque
850 5048 1344 5107 melioris‘fructum
1363 5049 1505 5107 Deus
1527 5051 1642 5122 ipse
1662 5052 1944 5124 largiatur.
1976 5050 2119 5118 Quae
2146 5050 2388 5122 profecto
2403 5051 2698 5106 scriberem
2737 5050 2854 5120 ipse
2892 5065 3199 5121 nunquam,
3223 5049 3330 5105 nisi
3352 5051 3641 5119 cognitum

442 5188 561 5260 2(49)
600 5182 895 5260 Σκώπτων
928 5183 1199 5254 ’σὐχνῶς,
1238 5194 1343 5260 etc.
1376 5186 1705 5260 Corruptus
1734 5185 1823 5242 hic
1864 5186 1939 5242 lo-

2099 5184 2239 5260 Δ(51)
2297 5183 2959 5260 Ἐξουσίαν.-Ἐξουσίαν
2995 5185 3086 5260 bie
3119 5185 3240 5260 avri.
3265 5185 3366 5260 τῆς
3408 5203 3637 5260 περιου-

372 5254 497 5339 cus,
528 5275 592 5339 ex
625 5257 863 5339 JoSt-pbo
899 5266 1103 5337 partem
1154 5257 1446 5339 maximam
1479 5256 1708 5339 _re5ti}ui
1745 5266 1943 5339 potest,
2057 5254 2178 5338 σίας
2220 5254 2520 5339 usurpasse
2576 5255 2792 5339 videtur
2841 5254 3132 5325 Jusephus,
3174 5255 3289 5339 nisi
3313 5254 3502 5339 tamen
3541 5260 3634 5313 ni-

372 5322 505 5387 dum
547 5330 620 5384 ita
664 5322 829 5397 legit,
854 5322 1125 5399 ‘o’xortt'iivj
1152 5326 1321 5399 συχνά
1348 5344 1433 5390 τις
1476 5322 1759 5399 meum;
1781 5322 1947 5399 ῥᾴονα

2071 5328 2220 5399 niam
2290 5322 2528 5399 hoininis
2593 5325 2698 5379 hoc
2740 5322 3036 5399 in__genere
3079 5326 3395 5398 παρρησίαν
3429 5342 3463 5383 a
3492 5344 3636 5384 non-

372 5402 525 5461 ιντα,
552 5401 645 5454 καὶ
666 5394 786 5462 ταῖς
810 5395 921 5450 τῶν
943 5394 1156 5468 πολλῶν
1174 5394 1324 5452 αἴτια
1354 5394 1680 5468 συνηθείαις.
1710 5394 1946 5468 Tantum

2074 5398 2220 5468 tullis
2248 5398 2557 5468 sugillatam
2587 5410 2712 5451 esse
2739 5395 2888 5468 velit,

374 5486 475 5539 pro
507 5469 654 5523 αἴτια
687 5469 1051 5524 Eusebianum
1080 5466 1293 5539 ἔγγιον,
1333 5468 1418 5523 vel
1456 5463 1762 5539 ἔγγύτερα,
1793 5467 1946 5525 sum-

2094 5538 2100 5539 ί
2123 5467 2239 5539 (52)
2283 5466 2493 5539 ρὺδέν.
2524 5464 2668 5539 Lege
2697 5463 3178 5539 cumulosepho‘et
3198 5466 3293 5522 alt.
3322 5481 3631 5539 manusua,

375 5535 626 5595 ciendum
654 5540 777 5593 erit.
1121 5535 1130 5539 ⁷
1158 5535 1167 5537 “
1214 5608 1225 5609 7
1500 5535 1508 5537 V
1537 5535 1543 5537 ⁷
1657 5535 1669 5539 ⁷

2071 5536 2161 5592 ὧδ’
2200 5539 2280 5592 tv.
2306 5536 2409 5609 Sed
2444 5536 2593 5609 quod
2631 5536 2935 5609 prox._lin.
2962 5535 3255 5609 sequitur,»
3280 5535 3628 5609 προύδομεν,

449 5609 560 5681 (:50)
599 5611 829 5681 ᾼόγνους
859 5609 1038 5678 τινὲς,
1062 5618 1178 5681 etc.
1209 5608 1403 5681 Longe
1423 5609 1619 5665 melius
1654 5623 1852 5681 quam_
1872 5618 1938 5664 ut

2071 5603 2492 5681 tnteponendutn
2513 5604 2605 5681 at?)
2621 5603 2647 5669 ζ
2667 5603 3050 5676 ειζροάγομιιιν,⁷
3068 5606 3216 5666 attod
3242 5603 3387 5664 idem
3402 5603 3627 5680 Ioseph.

375 5676 465 5734 est
612 5676 849 5751 Josepbo
921 5676 1289 5748 et'Montac”
1332 5676 1544 5751 ’νόμους
1599 5676 1750 5743 τινὰς
1802 5677 1940 5734 εἶναι

2071 5687 2103 5731 :t
2133 5677 2366 5733 Montae.
2402 5676 2681 5733 exhibent.
3022 5696 3027 5701 ·

371 5763 611 5813 καινούς.
