  <div class='ocr_page' id='page_1' title='image "/cluster/home/n/w/nwhite01/storage/ocr_20150623/21/nnc1.0046978437/458.png"; bbox 0 0 3824 6226; ppageno 0'>
   <div class='ocr_carea' id='block_1_1' title="bbox 219 258 1790 322">
    <p class='ocr_par' dir='ltr' id='par_1_1' title="bbox 219 263 1790 322">
     <span class='ocr_line' id='line_1_1' title="bbox 219 263 1790 322; baseline -0.001 -1"><span class='ocrx_word' id='word_1_1' title='bbox 219 266 329 322; x_wconf 70' lang='grc' dir='ltr'><strong>ωε</strong></span> <span class='ocrx_word' id='word_1_2' title='bbox 1372 264 1694 322; x_wconf 64' lang='grc' dir='ltr'><strong>ΡΩΔΡΑΒ.</strong></span> <span class='ocrx_word' id='word_1_3' title='bbox 1731 263 1790 319; x_wconf 81' lang='lat' dir='ltr'><strong>E‘</strong></span> 
     </span>
    </p>
   </div>
   <div class='ocr_carea' id='block_1_2' title="bbox 1901 258 3482 322">
    <p class='ocr_par' dir='ltr' id='par_1_2' title="bbox 1901 258 3482 318">
     <span class='ocr_line' id='line_1_2' title="bbox 1901 258 3482 318; baseline -0.002 -2"><span class='ocrx_word' id='word_1_4' title='bbox 1901 262 1984 318; x_wconf 72' lang='grc' dir='ltr'><strong>ιο.</strong></span> <span class='ocrx_word' id='word_1_5' title='bbox 2024 261 2153 318; x_wconf 82' lang='lat' dir='ltr'><strong>LIB.</strong></span> <span class='ocrx_word' id='word_1_6' title='bbox 2196 260 2332 316; x_wconf 73' lang='lat' dir='ltr'><strong>VHL</strong></span> <span class='ocrx_word' id='word_1_7' title='bbox 2736 260 2741 265; x_wconf 78' lang='grc'><strong>’</strong></span> <span class='ocrx_word' id='word_1_8' title='bbox 3377 258 3482 314; x_wconf 72' lang='lat'><strong>626</strong></span> 
     </span>
    </p>
   </div>
   <div class='ocr_carea' id='block_1_3' title="bbox 218 377 3479 455">
    <p class='ocr_par' dir='ltr' id='par_1_3' title="bbox 218 377 3479 455">
     <span class='ocr_line' id='line_1_3' title="bbox 218 377 3479 455; baseline -0.003 -12"><span class='ocrx_word' id='word_1_9' title='bbox 218 388 277 443; x_wconf 87' lang='lat' dir='ltr'><strong>id</strong></span> <span class='ocrx_word' id='word_1_10' title='bbox 313 384 596 440; x_wconf 77' lang='lat' dir='ltr'><strong>omnibus</strong></span> <span class='ocrx_word' id='word_1_11' title='bbox 626 397 691 437; x_wconf 94' lang='lat' dir='ltr'><strong>ac</strong></span> <span class='ocrx_word' id='word_1_12' title='bbox 734 382 1034 454; x_wconf 72' lang='lat' dir='ltr'><strong>perfectum</strong></span> <span class='ocrx_word' id='word_1_13' title='bbox 1086 396 1230 439; x_wconf 74' lang='lat' dir='ltr'><strong>esse</strong></span> <span class='ocrx_word' id='word_1_14' title='bbox 1264 383 1621 455; x_wconf 86' lang='lat' dir='ltr'><strong>intelligerem</strong></span> <span class='ocrx_word' id='word_1_15' title='bbox 1643 422 1660 446; x_wconf 92' lang='lat'><strong>,</strong></span> <span class='ocrx_word' id='word_1_16' title='bbox 1710 383 2005 437; x_wconf 75' lang='lat' dir='ltr'><strong>hominum</strong></span> <span class='ocrx_word' id='word_1_17' title='bbox 2043 381 2335 452; x_wconf 86' lang='lat' dir='ltr'><strong>plerosque</strong></span> <span class='ocrx_word' id='word_1_18' title='bbox 2378 387 2715 446; x_wconf 85' lang='lat' dir='ltr'><strong>nostrorum,</strong></span> <span class='ocrx_word' id='word_1_19' title='bbox 2781 392 2852 435; x_wconf 87' lang='lat' dir='ltr'><strong>ne</strong></span> <span class='ocrx_word' id='word_1_20' title='bbox 2886 378 2970 433; x_wconf 99' lang='lat' dir='ltr'><strong>vel</strong></span> <span class='ocrx_word' id='word_1_21' title='bbox 3027 392 3136 433; x_wconf 89' lang='lat' dir='ltr'><strong>una</strong></span> <span class='ocrx_word' id='word_1_22' title='bbox 3167 377 3271 433; x_wconf 90' lang='lat' dir='ltr'><strong>sibi</strong></span> <span class='ocrx_word' id='word_1_23' title='bbox 3290 382 3479 432; x_wconf 72' lang='lat' dir='ltr'><strong>“contra</strong></span> 
     </span>
    </p>
   </div>
   <div class='ocr_carea' id='block_1_4' title="bbox 216 473 3481 554">
    <p class='ocr_par' dir='ltr' id='par_1_4' title="bbox 216 473 3481 554">
     <span class='ocr_line' id='line_1_4' title="bbox 216 473 3481 554; baseline -0.003 -18"><span class='ocrx_word' id='word_1_24' title='bbox 216 482 391 554; x_wconf 74' lang='lat'><strong>369</strong></span> <span class='ocrx_word' id='word_1_25' title='bbox 418 481 590 553; x_wconf 86' lang='lat' dir='ltr'><strong>legem</strong></span> <span class='ocrx_word' id='word_1_26' title='bbox 626 482 822 537; x_wconf 78' lang='lat' dir='ltr'><strong>vocula</strong></span> <span class='ocrx_word' id='word_1_27' title='bbox 866 480 1163 549; x_wconf 74' lang='lat' dir='ltr'><strong>excideret,</strong></span> <span class='ocrx_word' id='word_1_28' title='bbox 1220 480 1409 535; x_wconf 86' lang='lat' dir='ltr'><strong>omnia</strong></span> <span class='ocrx_word' id='word_1_29' title='bbox 1474 479 1589 550; x_wconf 89' lang='lat' dir='ltr'><strong>jam</strong></span> <span class='ocrx_word' id='word_1_30' title='bbox 1640 479 1839 549; x_wconf 60' lang='lat' dir='ltr'><strong>saapius</strong></span> <span class='ocrx_word' id='word_1_31' title='bbox 1879 477 2091 533; x_wconf 73' lang='lat' dir='ltr'><strong>fortiter</strong></span> <span class='ocrx_word' id='word_1_32' title='bbox 2121 477 2431 548; x_wconf 79' lang='lat' dir='ltr'><strong>pertulisse.</strong></span> <span class='ocrx_word' id='word_1_33' title='bbox 2478 475 2637 553; x_wconf 83' lang='lat' dir='ltr'><strong>Quod</strong></span> <span class='ocrx_word' id='word_1_34' title='bbox 2681 475 2726 532; x_wconf 89' lang='lat' dir='ltr'><strong>si</strong></span> <span class='ocrx_word' id='word_1_35' title='bbox 2755 489 2867 529; x_wconf 93' lang='lat' dir='ltr'><strong>non</strong></span> <span class='ocrx_word' id='word_1_36' title='bbox 2927 489 3104 545; x_wconf 89' lang='lat' dir='ltr'><strong>usque</strong></span> <span class='ocrx_word' id='word_1_37' title='bbox 3134 473 3272 529; x_wconf 89' lang='lat' dir='ltr'><strong>adeo</strong></span> <span class='ocrx_word' id='word_1_38' title='bbox 3296 473 3350 527; x_wconf 93' lang='lat' dir='ltr'><strong>in</strong></span> <span class='ocrx_word' id='word_1_39' title='bbox 3377 473 3481 527; x_wconf 76' lang='lat' dir='ltr'><strong>lto-</strong></span> 
     </span>
    </p>
   </div>
   <div class='ocr_carea' id='block_1_5' title="bbox 217 566 3482 645">
    <p class='ocr_par' dir='ltr' id='par_1_5' title="bbox 217 566 3482 645">
     <span class='ocr_line' id='line_1_5' title="bbox 217 566 3482 645; baseline -0.003 -16"><span class='ocrx_word' id='word_1_40' title='bbox 217 577 441 629; x_wconf 76' lang='lat' dir='ltr'><strong>minum</strong></span> <span class='ocrx_word' id='word_1_41' title='bbox 500 573 748 632; x_wconf 87' lang='lat' dir='ltr'><strong>omnium</strong></span> <span class='ocrx_word' id='word_1_42' title='bbox 792 574 1158 645; x_wconf 73' lang='lat' dir='ltr'><strong>cognitionem</strong></span> <span class='ocrx_word' id='word_1_43' title='bbox 1198 586 1332 643; x_wconf 91' lang='lat' dir='ltr'><strong>gens</strong></span> <span class='ocrx_word' id='word_1_44' title='bbox 1365 582 1554 626; x_wconf 89' lang='lat' dir='ltr'><strong>nostra</strong></span> <span class='ocrx_word' id='word_1_45' title='bbox 1614 571 1873 636; x_wconf 80' lang='lat' dir='ltr'><strong>venisset,</strong></span> <span class='ocrx_word' id='word_1_46' title='bbox 1913 584 2091 640; x_wconf 84' lang='lat' dir='ltr'><strong>neque</strong></span> <span class='ocrx_word' id='word_1_47' title='bbox 2121 569 2398 639; x_wconf 79' lang='lat' dir='ltr'><strong>singulare</strong></span> <span class='ocrx_word' id='word_1_48' title='bbox 2423 568 2721 624; x_wconf 83' lang='lat' dir='ltr'><strong>voluntatis</strong></span> <span class='ocrx_word' id='word_1_49' title='bbox 2747 576 2949 623; x_wconf 74' lang='lat' dir='ltr'><strong>nostrae</strong></span> <span class='ocrx_word' id='word_1_50' title='bbox 2981 566 3242 632; x_wconf 89' lang='lat' dir='ltr'><strong>studium,</strong></span> <span class='ocrx_word' id='word_1_51' title='bbox 3270 580 3381 637; x_wconf 89' lang='lat' dir='ltr'><strong>quo</strong></span> <span class='ocrx_word' id='word_1_52' title='bbox 3405 566 3482 621; x_wconf 86' lang='lat' dir='ltr'><strong>le-</strong></span> 
     </span>
    </p>
   </div>
   <div class='ocr_carea' id='block_1_6' title="bbox 216 659 3479 737">
    <p class='ocr_par' dir='ltr' id='par_1_6' title="bbox 216 659 3479 737">
     <span class='ocr_line' id='line_1_6' title="bbox 216 659 3479 737; baseline -0.002 -19"><span class='ocrx_word' id='word_1_53' title='bbox 216 667 388 737; x_wconf 86' lang='lat' dir='ltr'><strong>gibus</strong></span> <span class='ocrx_word' id='word_1_54' title='bbox 443 666 821 736; x_wconf 86' lang='lat' dir='ltr'><strong>obsequimur,</strong></span> <span class='ocrx_word' id='word_1_55' title='bbox 882 665 945 719; x_wconf 90' lang='lat' dir='ltr'><strong>in</strong></span> <span class='ocrx_word' id='word_1_56' title='bbox 983 679 1176 719; x_wconf 90' lang='lat' dir='ltr'><strong>eorum</strong></span> <span class='ocrx_word' id='word_1_57' title='bbox 1239 663 1413 718; x_wconf 90' lang='lat' dir='ltr'><strong>oculis</strong></span> <span class='ocrx_word' id='word_1_58' title='bbox 1457 678 1522 718; x_wconf 88' lang='lat' dir='ltr'><strong>ac</strong></span> <span class='ocrx_word' id='word_1_59' title='bbox 1571 662 1691 716; x_wconf 91' lang='lat' dir='ltr'><strong>luce</strong></span> <span class='ocrx_word' id='word_1_60' title='bbox 1720 669 2033 716; x_wconf 84' lang='lat' dir='ltr'><strong>versaretur</strong></span> <span class='ocrx_word' id='word_1_61' title='bbox 2068 680 2083 716; x_wconf 94' lang='lat'><strong>:</strong></span> <span class='ocrx_word' id='word_1_62' title='bbox 2119 660 2167 716; x_wconf 91' lang='lat' dir='ltr'><strong>si</strong></span> <span class='ocrx_word' id='word_1_63' title='bbox 2198 662 2324 732; x_wconf 89' lang='lat' dir='ltr'><strong>quis</strong></span> <span class='ocrx_word' id='word_1_64' title='bbox 2388 661 2696 729; x_wconf 83' lang='lat' dir='ltr'><strong>exsisteret,</strong></span> <span class='ocrx_word' id='word_1_65' title='bbox 2722 661 2820 731; x_wconf 88' lang='lat' dir='ltr'><strong>qui</strong></span> <span class='ocrx_word' id='word_1_66' title='bbox 2845 660 2931 714; x_wconf 88' lang='lat' dir='ltr'><strong>vel</strong></span> <span class='ocrx_word' id='word_1_67' title='bbox 2969 659 3219 715; x_wconf 86' lang='lat' dir='ltr'><strong>instituta</strong></span> <span class='ocrx_word' id='word_1_68' title='bbox 3266 667 3479 727; x_wconf 81' lang='lat' dir='ltr'><strong>nostra,</strong></span> 
     </span>
    </p>
   </div>
   <div class='ocr_carea' id='block_1_7' title="bbox 214 749 3482 828">
    <p class='ocr_par' dir='ltr' id='par_1_7' title="bbox 214 749 3482 828">
     <span class='ocr_line' id='line_1_7' title="bbox 214 749 3482 828; baseline -0.002 -15"><span class='ocrx_word' id='word_1_69' title='bbox 214 774 346 827; x_wconf 72' lang='lat' dir='ltr'><strong>quae</strong></span> <span class='ocrx_word' id='word_1_70' title='bbox 373 759 649 828; x_wconf 66' lang='lat' dir='ltr'><strong>descripta</strong></span> <span class='ocrx_word' id='word_1_71' title='bbox 677 757 778 812; x_wconf 89' lang='lat' dir='ltr'><strong>abs</strong></span> <span class='ocrx_word' id='word_1_72' title='bbox 806 772 928 812; x_wconf 86' lang='lat' dir='ltr'><strong>sese</strong></span> <span class='ocrx_word' id='word_1_73' title='bbox 985 757 1211 815; x_wconf 87' lang='lat' dir='ltr'><strong>diceret.</strong></span> <span class='ocrx_word' id='word_1_74' title='bbox 1243 754 1450 810; x_wconf 82' lang='lat' dir='ltr'><strong>Graecis</strong></span> <span class='ocrx_word' id='word_1_75' title='bbox 1483 754 1832 809; x_wconf 86' lang='lat' dir='ltr'><strong>audientibus</strong></span> <span class='ocrx_word' id='word_1_76' title='bbox 1870 755 2148 821; x_wconf 87' lang='lat' dir='ltr'><strong>recitaret,</strong></span> <span class='ocrx_word' id='word_1_77' title='bbox 2196 762 2291 808; x_wconf 91' lang='lat' dir='ltr'><strong>aut</strong></span> <span class='ocrx_word' id='word_1_78' title='bbox 2315 760 2469 808; x_wconf 82' lang='lat' dir='ltr'><strong>extra</strong></span> <span class='ocrx_word' id='word_1_79' title='bbox 2514 753 2628 808; x_wconf 91' lang='lat' dir='ltr'><strong>noti</strong></span> <span class='ocrx_word' id='word_1_80' title='bbox 2665 752 2818 809; x_wconf 88' lang='lat' dir='ltr'><strong>orbis</strong></span> <span class='ocrx_word' id='word_1_81' title='bbox 2889 751 3174 818; x_wconf 90' lang='lat' dir='ltr'><strong>terminos,</strong></span> <span class='ocrx_word' id='word_1_82' title='bbox 3206 749 3263 805; x_wconf 92' lang='lat' dir='ltr'><strong>in</strong></span> <span class='ocrx_word' id='word_1_83' title='bbox 3293 765 3390 805; x_wconf 91' lang='lat' dir='ltr'><strong>eos</strong></span> <span class='ocrx_word' id='word_1_84' title='bbox 3420 764 3482 805; x_wconf 87' lang='lat' dir='ltr'><strong>se</strong></span> 
     </span>
    </p>
   </div>
   <div class='ocr_carea' id='block_1_8' title="bbox 215 831 3481 916">
    <p class='ocr_par' dir='ltr' id='par_1_8' title="bbox 215 831 3481 916">
     <span class='ocr_line' id='line_1_8' title="bbox 215 831 3481 916; baseline -0.002 -12"><span class='ocrx_word' id='word_1_85' title='bbox 215 849 433 904; x_wconf 51' lang='lat' dir='ltr'><strong>alicubi.</strong></span> <span class='ocrx_word' id='word_1_86' title='bbox 472 849 726 905; x_wconf 82' lang='lat' dir='ltr'><strong>homines</strong></span> <span class='ocrx_word' id='word_1_87' title='bbox 773 848 1035 904; x_wconf 86' lang='lat' dir='ltr'><strong>incidisse</strong></span> <span class='ocrx_word' id='word_1_88' title='bbox 1083 854 1354 912; x_wconf 80' lang='lat' dir='ltr'><strong>narraret,</strong></span> <span class='ocrx_word' id='word_1_89' title='bbox 1398 831 1494 916; x_wconf 83' lang='lat' dir='ltr'><strong>qui</strong></span> <span class='ocrx_word' id='word_1_90' title='bbox 1526 860 1653 900; x_wconf 90' lang='lat' dir='ltr'><strong>cum</strong></span> <span class='ocrx_word' id='word_1_91' title='bbox 1689 853 1798 899; x_wconf 91' lang='lat' dir='ltr'><strong>tam</strong></span> <span class='ocrx_word' id='word_1_92' title='bbox 1837 844 2075 915; x_wconf 89' lang='lat' dir='ltr'><strong>graviter</strong></span> <span class='ocrx_word' id='word_1_93' title='bbox 2110 858 2176 899; x_wconf 89' lang='lat' dir='ltr'><strong>ac</strong></span> <span class='ocrx_word' id='word_1_94' title='bbox 2204 845 2439 900; x_wconf 86' lang='lat' dir='ltr'><strong>sublime</strong></span> <span class='ocrx_word' id='word_1_95' title='bbox 2480 845 2550 901; x_wconf 90' lang='lat' dir='ltr'><strong>de</strong></span> <span class='ocrx_word' id='word_1_96' title='bbox 2574 842 2687 899; x_wconf 91' lang='lat' dir='ltr'><strong>Deo</strong></span> <span class='ocrx_word' id='word_1_97' title='bbox 2728 843 3013 910; x_wconf 86' lang='lat' dir='ltr'><strong>sentirent,</strong></span> <span class='ocrx_word' id='word_1_98' title='bbox 3073 852 3189 898; x_wconf 91' lang='lat' dir='ltr'><strong>tum</strong></span> <span class='ocrx_word' id='word_1_99' title='bbox 3218 842 3383 897; x_wconf 90' lang='lat' dir='ltr'><strong>etiam</strong></span> <span class='ocrx_word' id='word_1_100' title='bbox 3412 841 3481 898; x_wconf 87' lang='lat' dir='ltr'><strong>iis</strong></span> 
     </span>
    </p>
   </div>
   <div class='ocr_carea' id='block_1_9' title="bbox 214 931 3480 1016">
    <p class='ocr_par' dir='ltr' id='par_1_9' title="bbox 214 931 3480 1016">
     <span class='ocr_line' id='line_1_9' title="bbox 214 931 3480 1016; baseline -0.004 -16"><span class='ocrx_word' id='word_1_101' title='bbox 214 944 435 1016; x_wconf 75' lang='lat' dir='ltr'><strong>legibus</strong></span> <span class='ocrx_word' id='word_1_102' title='bbox 493 945 650 1014; x_wconf 83' lang='lat' dir='ltr'><strong>plura</strong></span> <span class='ocrx_word' id='word_1_103' title='bbox 712 944 826 1015; x_wconf 85' lang='lat' dir='ltr'><strong>jam</strong></span> <span class='ocrx_word' id='word_1_104' title='bbox 861 943 1061 1000; x_wconf 68' lang='lat' dir='ltr'><strong>saecula</strong></span> <span class='ocrx_word' id='word_1_105' title='bbox 1091 941 1536 998; x_wconf 88' lang='lat' dir='ltr'><strong>constantissime</strong></span> <span class='ocrx_word' id='word_1_106' title='bbox 1567 941 1856 994; x_wconf 80' lang='lat' dir='ltr'><strong>viverent:</strong></span> <span class='ocrx_word' id='word_1_107' title='bbox 1896 938 2148 1009; x_wconf 83' lang='lat' dir='ltr'><strong>equidem</strong></span> <span class='ocrx_word' id='word_1_108' title='bbox 2203 937 2259 991; x_wconf 93' lang='lat' dir='ltr'><strong>in</strong></span> <span class='ocrx_word' id='word_1_109' title='bbox 2302 951 2518 993; x_wconf 91' lang='lat' dir='ltr'><strong>summa</strong></span> <span class='ocrx_word' id='word_1_110' title='bbox 2551 950 2744 991; x_wconf 90' lang='lat' dir='ltr'><strong>omnes</strong></span> <span class='ocrx_word' id='word_1_111' title='bbox 2790 933 3149 990; x_wconf 85' lang='lat' dir='ltr'><strong>admiratione</strong></span> <span class='ocrx_word' id='word_1_112' title='bbox 3178 943 3292 988; x_wconf 92' lang='lat' dir='ltr'><strong>tum</strong></span> <span class='ocrx_word' id='word_1_113' title='bbox 3329 931 3480 988; x_wconf 94' lang='lat' dir='ltr'><strong>futu-</strong></span> 
     </span>
    </p>
   </div>
   <div class='ocr_carea' id='block_1_10' title="bbox 215 1027 3481 1103">
    <p class='ocr_par' dir='ltr' id='par_1_10' title="bbox 215 1027 3481 1103">
     <span class='ocr_line' id='line_1_10' title="bbox 215 1027 3481 1103; baseline -0.002 -11"><span class='ocrx_word' id='word_1_114' title='bbox 215 1051 315 1092; x_wconf 74' lang='lat' dir='ltr'><strong>ros</strong></span> <span class='ocrx_word' id='word_1_115' title='bbox 376 1036 652 1101; x_wconf 77' lang='lat' dir='ltr'><strong>existimo,</strong></span> <span class='ocrx_word' id='word_1_116' title='bbox 721 1050 846 1090; x_wconf 90' lang='lat' dir='ltr'><strong>cum</strong></span> <span class='ocrx_word' id='word_1_117' title='bbox 886 1035 954 1090; x_wconf 87' lang='lat' dir='ltr'><strong>iis</strong></span> <span class='ocrx_word' id='word_1_118' title='bbox 994 1034 1161 1089; x_wconf 85' lang='lat' dir='ltr'><strong>simul</strong></span> <span class='ocrx_word' id='word_1_119' title='bbox 1207 1040 1320 1088; x_wconf 86' lang='lat' dir='ltr'><strong>tam</strong></span> <span class='ocrx_word' id='word_1_120' title='bbox 1363 1032 1679 1088; x_wconf 90' lang='lat' dir='ltr'><strong>crebrarum</strong></span> <span class='ocrx_word' id='word_1_121' title='bbox 1719 1032 1865 1103; x_wconf 87' lang='lat' dir='ltr'><strong>apud</strong></span> <span class='ocrx_word' id='word_1_122' title='bbox 1904 1047 1964 1088; x_wconf 92' lang='lat' dir='ltr'><strong>se</strong></span> <span class='ocrx_word' id='word_1_123' title='bbox 1994 1030 2417 1088; x_wconf 88' lang='lat' dir='ltr'><strong>conversiouum</strong></span> <span class='ocrx_word' id='word_1_124' title='bbox 2450 1030 2504 1085; x_wconf 90' lang='lat' dir='ltr'><strong>in</strong></span> <span class='ocrx_word' id='word_1_125' title='bbox 2533 1039 2772 1085; x_wconf 90' lang='lat' dir='ltr'><strong>mentem</strong></span> <span class='ocrx_word' id='word_1_126' title='bbox 2799 1030 3028 1085; x_wconf 86' lang='lat' dir='ltr'><strong>veniret.</strong></span> <span class='ocrx_word' id='word_1_127' title='bbox 3059 1027 3352 1083; x_wconf 85' lang='lat' dir='ltr'><strong>Enimvero</strong></span> <span class='ocrx_word' id='word_1_128' title='bbox 3382 1029 3481 1099; x_wconf 83' lang='lat' dir='ltr'><strong>qui</strong></span> 
     </span>
    </p>
   </div>
   <div class='ocr_carea' id='block_1_11' title="bbox 212 1124 3482 1198">
    <p class='ocr_par' dir='ltr' id='par_1_11' title="bbox 212 1124 3482 1198">
     <span class='ocr_line' id='line_1_11' title="bbox 212 1124 3482 1198; baseline -0.001 -17"><span class='ocrx_word' id='word_1_129' title='bbox 212 1142 286 1181; x_wconf 72' lang='lat' dir='ltr'><strong>ex</strong></span> <span class='ocrx_word' id='word_1_130' title='bbox 348 1126 460 1181; x_wconf 91' lang='lat' dir='ltr'><strong>illis</strong></span> <span class='ocrx_word' id='word_1_131' title='bbox 522 1124 680 1180; x_wconf 81' lang='lat' dir='ltr'><strong>aliine</strong></span> <span class='ocrx_word' id='word_1_132' title='bbox 719 1127 979 1196; x_wconf 88' lang='lat' dir='ltr'><strong>quiddam</strong></span> <span class='ocrx_word' id='word_1_133' title='bbox 1012 1142 1077 1183; x_wconf 91' lang='lat' dir='ltr'><strong>ac</strong></span> <span class='ocrx_word' id='word_1_134' title='bbox 1116 1127 1294 1183; x_wconf 91' lang='lat' dir='ltr'><strong>simile</strong></span> <span class='ocrx_word' id='word_1_135' title='bbox 1321 1129 1390 1182; x_wconf 89' lang='lat' dir='ltr'><strong>de</strong></span> <span class='ocrx_word' id='word_1_136' title='bbox 1420 1127 1610 1198; x_wconf 77' lang='lat' dir='ltr'><strong>repub.</strong></span> <span class='ocrx_word' id='word_1_137' title='bbox 1656 1135 1710 1182; x_wconf 92' lang='lat' dir='ltr'><strong>et</strong></span> <span class='ocrx_word' id='word_1_138' title='bbox 1773 1127 1986 1198; x_wconf 86' lang='lat' dir='ltr'><strong>legibus</strong></span> <span class='ocrx_word' id='word_1_139' title='bbox 2013 1126 2253 1183; x_wconf 86' lang='lat' dir='ltr'><strong>scribere</strong></span> <span class='ocrx_word' id='word_1_140' title='bbox 2280 1125 2463 1182; x_wconf 88' lang='lat' dir='ltr'><strong>conati</strong></span> <span class='ocrx_word' id='word_1_141' title='bbox 2495 1133 2643 1191; x_wconf 89' lang='lat' dir='ltr'><strong>sunt,</strong></span> <span class='ocrx_word' id='word_1_142' title='bbox 2676 1140 2773 1182; x_wconf 91' lang='lat' dir='ltr'><strong>eos</strong></span> <span class='ocrx_word' id='word_1_143' title='bbox 2835 1124 2993 1196; x_wconf 91' lang='lat' dir='ltr'><strong>quasi</strong></span> <span class='ocrx_word' id='word_1_144' title='bbox 3036 1132 3283 1179; x_wconf 89' lang='lat' dir='ltr'><strong>monstra</strong></span> <span class='ocrx_word' id='word_1_145' title='bbox 3329 1138 3482 1193; x_wconf 73' lang='lat' dir='ltr'><strong>quae-</strong></span> 
     </span>
    </p>
   </div>
   <div class='ocr_carea' id='block_1_12' title="bbox 212 1205 3481 1292">
    <p class='ocr_par' dir='ltr' id='par_1_12' title="bbox 212 1205 3481 1292">
     <span class='ocr_line' id='line_1_12' title="bbox 212 1205 3481 1292; baseline 0.001 -21"><span class='ocrx_word' id='word_1_146' title='bbox 212 1216 346 1272; x_wconf 85' lang='lat' dir='ltr'><strong>dam</strong></span> <span class='ocrx_word' id='word_1_147' title='bbox 381 1232 450 1272; x_wconf 87' lang='lat' dir='ltr'><strong>ac</strong></span> <span class='ocrx_word' id='word_1_148' title='bbox 474 1216 719 1287; x_wconf 89' lang='lat' dir='ltr'><strong>prodigia</strong></span> <span class='ocrx_word' id='word_1_149' title='bbox 776 1218 1233 1288; x_wconf 87' lang='lat' dir='ltr'><strong>composuissent,</strong></span> <span class='ocrx_word' id='word_1_150' title='bbox 1280 1228 1338 1276; x_wconf 91' lang='lat' dir='ltr'><strong>et</strong></span> <span class='ocrx_word' id='word_1_151' title='bbox 1376 1205 1700 1292; x_wconf 84' lang='lat' dir='ltr'><strong>argumenta</strong></span> <span class='ocrx_word' id='word_1_152' title='bbox 1763 1221 2023 1276; x_wconf 83' lang='lat' dir='ltr'><strong>humanis</strong></span> <span class='ocrx_word' id='word_1_153' title='bbox 2052 1220 2262 1277; x_wconf 90' lang='lat' dir='ltr'><strong>viribus</strong></span> <span class='ocrx_word' id='word_1_154' title='bbox 2324 1219 2536 1291; x_wconf 85' lang='lat' dir='ltr'><strong>majora</strong></span> <span class='ocrx_word' id='word_1_155' title='bbox 2602 1218 2989 1290; x_wconf 88' lang='lat' dir='ltr'><strong>suscepissent,</strong></span> <span class='ocrx_word' id='word_1_156' title='bbox 3034 1217 3358 1287; x_wconf 83' lang='lat' dir='ltr'><strong>reprehendi</strong></span> <span class='ocrx_word' id='word_1_157' title='bbox 3410 1218 3481 1274; x_wconf 89' lang='lat' dir='ltr'><strong>ab</strong></span> 
     </span>
    </p>
   </div>
   <div class='ocr_carea' id='block_1_13' title="bbox 213 1294 3480 1383">
    <p class='ocr_par' dir='ltr' id='par_1_13' title="bbox 213 1294 3480 1383">
     <span class='ocr_line' id='line_1_13' title="bbox 213 1294 3480 1383; baseline -0 -19"><span class='ocrx_word' id='word_1_158' title='bbox 213 1311 479 1365; x_wconf 90' lang='lat' dir='ltr'><strong>omnibus</strong></span> <span class='ocrx_word' id='word_1_159' title='bbox 501 1319 555 1364; x_wconf 92' lang='lat' dir='ltr'><strong>et</strong></span> <span class='ocrx_word' id='word_1_160' title='bbox 577 1310 827 1364; x_wconf 86' lang='lat' dir='ltr'><strong>accusari</strong></span> <span class='ocrx_word' id='word_1_161' title='bbox 851 1309 1120 1366; x_wconf 83' lang='lat' dir='ltr'><strong>videmus.</strong></span> <span class='ocrx_word' id='word_1_162' title='bbox 1165 1311 1317 1367; x_wconf 86' lang='lat' dir='ltr'><strong>Alios</strong></span> <span class='ocrx_word' id='word_1_163' title='bbox 1339 1327 1440 1381; x_wconf 83' lang='lat' dir='ltr'><strong>ego</strong></span> <span class='ocrx_word' id='word_1_164' title='bbox 1479 1294 1839 1382; x_wconf 63' lang='lat' dir='ltr'><strong>philosotihos</strong></span> <span class='ocrx_word' id='word_1_165' title='bbox 1875 1321 2164 1383; x_wconf 63' lang='lat' dir='ltr'><strong>praetereo,</strong></span> <span class='ocrx_word' id='word_1_166' title='bbox 2197 1310 2292 1382; x_wconf 92' lang='lat' dir='ltr'><strong>qui</strong></span> <span class='ocrx_word' id='word_1_167' title='bbox 2353 1312 2409 1366; x_wconf 92' lang='lat' dir='ltr'><strong>in</strong></span> <span class='ocrx_word' id='word_1_168' title='bbox 2452 1309 2617 1366; x_wconf 88' lang='lat' dir='ltr'><strong>simili</strong></span> <span class='ocrx_word' id='word_1_169' title='bbox 2645 1309 3033 1381; x_wconf 87' lang='lat' dir='ltr'><strong>disputationis</strong></span> <span class='ocrx_word' id='word_1_170' title='bbox 3060 1322 3253 1379; x_wconf 83' lang='lat' dir='ltr'><strong>genere</strong></span> <span class='ocrx_word' id='word_1_171' title='bbox 3277 1307 3480 1363; x_wconf 87' lang='lat' dir='ltr'><strong>versati</strong></span> 
     </span>
    </p>
   </div>
   <div class='ocr_carea' id='block_1_14' title="bbox 213 1400 3480 1478">
    <p class='ocr_par' dir='ltr' id='par_1_14' title="bbox 213 1400 3480 1478">
     <span class='ocr_line' id='line_1_14' title="bbox 213 1400 3480 1478; baseline -0 -21"><span class='ocrx_word' id='word_1_172' title='bbox 213 1413 368 1457; x_wconf 81' lang='lat' dir='ltr'><strong>sunt.</strong></span> <span class='ocrx_word' id='word_1_173' title='bbox 394 1400 550 1456; x_wconf 86' lang='lat' dir='ltr'><strong>Plato</strong></span> <span class='ocrx_word' id='word_1_174' title='bbox 572 1414 718 1457; x_wconf 88' lang='lat' dir='ltr'><strong>certe</strong></span> <span class='ocrx_word' id='word_1_175' title='bbox 753 1401 996 1472; x_wconf 89' lang='lat' dir='ltr'><strong>quidem,</strong></span> <span class='ocrx_word' id='word_1_176' title='bbox 1053 1401 1102 1457; x_wconf 90' lang='lat' dir='ltr'><strong>is</strong></span> <span class='ocrx_word' id='word_1_177' title='bbox 1142 1402 1485 1478; x_wconf 88' lang='lat' dir='ltr'><strong>quipropter</strong></span> <span class='ocrx_word' id='word_1_178' title='bbox 1542 1403 1875 1473; x_wconf 86' lang='lat' dir='ltr'><strong>singularem</strong></span> <span class='ocrx_word' id='word_1_179' title='bbox 1914 1403 2038 1458; x_wconf 59' lang='lat' dir='ltr'><strong>vitae</strong></span> <span class='ocrx_word' id='word_1_180' title='bbox 2061 1417 2387 1474; x_wconf 90' lang='lat' dir='ltr'><strong>morumque</strong></span> <span class='ocrx_word' id='word_1_181' title='bbox 2408 1402 2751 1474; x_wconf 87' lang='lat' dir='ltr'><strong>gravitatem,</strong></span> <span class='ocrx_word' id='word_1_182' title='bbox 2778 1410 2836 1458; x_wconf 89' lang='lat' dir='ltr'><strong>et</strong></span> <span class='ocrx_word' id='word_1_183' title='bbox 2875 1402 3132 1458; x_wconf 65' lang='lat' dir='ltr'><strong>eximiam</strong></span> <span class='ocrx_word' id='word_1_184' title='bbox 3174 1400 3389 1456; x_wconf 89' lang='lat' dir='ltr'><strong>dicendi</strong></span> <span class='ocrx_word' id='word_1_185' title='bbox 3415 1415 3480 1456; x_wconf 89' lang='lat' dir='ltr'><strong>ac</strong></span> 
     </span>
    </p>
   </div>
   <div class='ocr_carea' id='block_1_15' title="bbox 211 1491 3479 1575">
    <p class='ocr_par' dir='ltr' id='par_1_15' title="bbox 211 1491 3479 1575">
     <span class='ocr_line' id='line_1_15' title="bbox 211 1491 3479 1575; baseline 0.001 -30"><span class='ocrx_word' id='word_1_186' title='bbox 211 1493 580 1564; x_wconf 82' lang='lat' dir='ltr'><strong>persuadendi</strong></span> <span class='ocrx_word' id='word_1_187' title='bbox 628 1494 737 1547; x_wconf 91' lang='lat' dir='ltr'><strong>vim</strong></span> <span class='ocrx_word' id='word_1_188' title='bbox 765 1534 782 1559; x_wconf 94' lang='lat'><strong>,</strong></span> <span class='ocrx_word' id='word_1_189' title='bbox 833 1508 942 1562; x_wconf 92' lang='lat' dir='ltr'><strong>qua</strong></span> <span class='ocrx_word' id='word_1_190' title='bbox 1000 1493 1452 1575; x_wconf 83' lang='lat' dir='ltr'><strong>philosophorum</strong></span> <span class='ocrx_word' id='word_1_191' title='bbox 1510 1496 1789 1549; x_wconf 89' lang='lat' dir='ltr'><strong>nationem</strong></span> <span class='ocrx_word' id='word_1_192' title='bbox 1830 1494 1991 1566; x_wconf 88' lang='lat' dir='ltr'><strong>longe</strong></span> <span class='ocrx_word' id='word_1_193' title='bbox 2054 1495 2355 1575; x_wconf 77' lang='lat' dir='ltr'><strong>superavit,</strong></span> <span class='ocrx_word' id='word_1_194' title='bbox 2419 1493 2735 1551; x_wconf 60' lang='lat' dir='ltr'><strong>Graecorum</strong></span> <span class='ocrx_word' id='word_1_195' title='bbox 2768 1496 3013 1550; x_wconf 90' lang='lat' dir='ltr'><strong>omnium</strong></span> <span class='ocrx_word' id='word_1_196' title='bbox 3047 1507 3143 1549; x_wconf 86' lang='lat' dir='ltr'><strong>ore</strong></span> <span class='ocrx_word' id='word_1_197' title='bbox 3188 1493 3258 1548; x_wconf 88' lang='lat' dir='ltr'><strong>ad</strong></span> <span class='ocrx_word' id='word_1_198' title='bbox 3311 1491 3479 1548; x_wconf 90' lang='lat' dir='ltr'><strong>mira-</strong></span> 
     </span>
    </p>
   </div>
   <div class='ocr_carea' id='block_1_16' title="bbox 211 1574 3478 1658">
    <p class='ocr_par' dir='ltr' id='par_1_16' title="bbox 211 1574 3478 1658">
     <span class='ocr_line' id='line_1_16' title="bbox 211 1574 3478 1658; baseline -0.001 -17"><span class='ocrx_word' id='word_1_199' title='bbox 211 1586 407 1641; x_wconf 80' lang='lat' dir='ltr'><strong>culum</strong></span> <span class='ocrx_word' id='word_1_200' title='bbox 476 1600 650 1654; x_wconf 87' lang='lat' dir='ltr'><strong>usque</strong></span> <span class='ocrx_word' id='word_1_201' title='bbox 716 1585 1026 1640; x_wconf 82' lang='lat' dir='ltr'><strong>celebratur</strong></span> <span class='ocrx_word' id='word_1_202' title='bbox 1059 1586 1220 1649; x_wconf 89' lang='lat' dir='ltr'><strong>:ille,</strong></span> <span class='ocrx_word' id='word_1_203' title='bbox 1254 1574 1501 1656; x_wconf 88' lang='lat' dir='ltr'><strong>inquam,</strong></span> <span class='ocrx_word' id='word_1_204' title='bbox 1544 1585 1721 1652; x_wconf 84' lang='lat' dir='ltr'><strong>Pluto,</strong></span> <span class='ocrx_word' id='word_1_205' title='bbox 1771 1602 1987 1654; x_wconf 91' lang='lat' dir='ltr'><strong>eorum,</strong></span> <span class='ocrx_word' id='word_1_206' title='bbox 2055 1587 2151 1657; x_wconf 83' lang='lat' dir='ltr'><strong>qui</strong></span> <span class='ocrx_word' id='word_1_207' title='bbox 2194 1586 2397 1657; x_wconf 92' lang='lat' dir='ltr'><strong>aliquid</strong></span> <span class='ocrx_word' id='word_1_208' title='bbox 2432 1602 2491 1643; x_wconf 91' lang='lat' dir='ltr'><strong>se</strong></span> <span class='ocrx_word' id='word_1_209' title='bbox 2536 1587 2594 1642; x_wconf 91' lang='lat' dir='ltr'><strong>in</strong></span> <span class='ocrx_word' id='word_1_210' title='bbox 2634 1590 2770 1658; x_wconf 88' lang='lat' dir='ltr'><strong>&#39;rep.</strong></span> <span class='ocrx_word' id='word_1_211' title='bbox 2820 1585 3056 1657; x_wconf 88' lang='lat' dir='ltr'><strong>gerenda</strong></span> <span class='ocrx_word' id='word_1_212' title='bbox 3104 1584 3289 1641; x_wconf 89' lang='lat' dir='ltr'><strong>videre</strong></span> <span class='ocrx_word' id='word_1_213' title='bbox 3332 1583 3478 1639; x_wconf 83' lang='lat' dir='ltr'><strong>arbi-</strong></span> 
     </span>
    </p>
   </div>
   <div class='ocr_carea' id='block_1_17' title="bbox 212 1675 3479 1759">
    <p class='ocr_par' dir='ltr' id='par_1_17' title="bbox 212 1675 3479 1759">
     <span class='ocr_line' id='line_1_17' title="bbox 212 1675 3479 1759; baseline 0 -28"><span class='ocrx_word' id='word_1_214' title='bbox 212 1684 455 1740; x_wconf 83' lang='lat' dir='ltr'><strong>trantur,</strong></span> <span class='ocrx_word' id='word_1_215' title='bbox 488 1676 603 1731; x_wconf 91' lang='lat' dir='ltr'><strong>risu</strong></span> <span class='ocrx_word' id='word_1_216' title='bbox 674 1691 844 1746; x_wconf 88' lang='lat' dir='ltr'><strong>prope</strong></span> <span class='ocrx_word' id='word_1_217' title='bbox 905 1692 971 1731; x_wconf 83' lang='lat' dir='ltr'><strong>ac</strong></span> <span class='ocrx_word' id='word_1_218' title='bbox 1020 1677 1198 1735; x_wconf 85' lang='lat' dir='ltr'><strong>sibilis</strong></span> <span class='ocrx_word' id='word_1_219' title='bbox 1243 1685 1502 1748; x_wconf 84' lang='lat' dir='ltr'><strong>tanquam</strong></span> <span class='ocrx_word' id='word_1_220' title='bbox 1550 1679 1604 1733; x_wconf 93' lang='lat' dir='ltr'><strong>in</strong></span> <span class='ocrx_word' id='word_1_221' title='bbox 1654 1679 1867 1759; x_wconf 76' lang='lat' dir='ltr'><strong>theatro</strong></span> <span class='ocrx_word' id='word_1_222' title='bbox 1905 1694 2183 1750; x_wconf 83' lang='lat' dir='ltr'><strong>scenaque</strong></span> <span class='ocrx_word' id='word_1_223' title='bbox 2212 1679 2520 1736; x_wconf 86' lang='lat' dir='ltr'><strong>traducitur</strong></span> <span class='ocrx_word' id='word_1_224' title='bbox 2553 1698 2568 1734; x_wconf 90' lang='lat'><strong>:</strong></span> <span class='ocrx_word' id='word_1_225' title='bbox 2607 1681 2768 1751; x_wconf 85' lang='lat' dir='ltr'><strong>cujus</strong></span> <span class='ocrx_word' id='word_1_226' title='bbox 2806 1688 2989 1737; x_wconf 85' lang='lat' dir='ltr'><strong>tamen</strong></span> <span class='ocrx_word' id='word_1_227' title='bbox 3032 1679 3089 1735; x_wconf 90' lang='lat' dir='ltr'><strong>si</strong></span> <span class='ocrx_word' id='word_1_228' title='bbox 3120 1678 3246 1750; x_wconf 85' lang='lat' dir='ltr'><strong>quis</strong></span> <span class='ocrx_word' id='word_1_229' title='bbox 3274 1678 3378 1733; x_wconf 88' lang='lat' dir='ltr'><strong>hac</strong></span> <span class='ocrx_word' id='word_1_230' title='bbox 3410 1675 3479 1732; x_wconf 91' lang='lat' dir='ltr'><strong>de</strong></span> 
     </span>
    </p>
   </div>
   <div class='ocr_carea' id='block_1_18' title="bbox 210 1767 3483 1843">
    <p class='ocr_par' dir='ltr' id='par_1_18' title="bbox 210 1767 3483 1843">
     <span class='ocr_line' id='line_1_18' title="bbox 210 1767 3483 1843; baseline -0.001 -19"><span class='ocrx_word' id='word_1_231' title='bbox 210 1782 275 1823; x_wconf 84' lang='lat' dir='ltr'><strong>re</strong></span> <span class='ocrx_word' id='word_1_232' title='bbox 318 1768 528 1837; x_wconf 86' lang='lat' dir='ltr'><strong>scripta</strong></span> <span class='ocrx_word' id='word_1_233' title='bbox 594 1767 882 1837; x_wconf 84' lang='lat' dir='ltr'><strong>diligenter</strong></span> <span class='ocrx_word' id='word_1_234' title='bbox 929 1769 1215 1836; x_wconf 82' lang='lat' dir='ltr'><strong>evolverit,</strong></span> <span class='ocrx_word' id='word_1_235' title='bbox 1266 1770 1314 1825; x_wconf 89' lang='lat' dir='ltr'><strong>is</strong></span> <span class='ocrx_word' id='word_1_236' title='bbox 1361 1770 1611 1824; x_wconf 83' lang='lat' dir='ltr'><strong>molliora</strong></span> <span class='ocrx_word' id='word_1_237' title='bbox 1678 1770 1960 1841; x_wconf 88' lang='lat' dir='ltr'><strong>pleraque,</strong></span> <span class='ocrx_word' id='word_1_238' title='bbox 1998 1770 2257 1841; x_wconf 84' lang='lat' dir='ltr'><strong>vulgique</strong></span> <span class='ocrx_word' id='word_1_239' title='bbox 2306 1772 2692 1839; x_wconf 87' lang='lat' dir='ltr'><strong>consuetudini</strong></span> <span class='ocrx_word' id='word_1_240' title='bbox 2756 1772 3051 1828; x_wconf 89' lang='lat' dir='ltr'><strong>admodum</strong></span> <span class='ocrx_word' id='word_1_241' title='bbox 3120 1770 3337 1843; x_wconf 87' lang='lat' dir='ltr'><strong>gemina</strong></span> <span class='ocrx_word' id='word_1_242' title='bbox 3389 1782 3483 1823; x_wconf 61' lang='grc' dir='ltr'>γει,</span> 
     </span>
    </p>
   </div>
   <div class='ocr_carea' id='block_1_19' title="bbox 208 1857 3477 1943">
    <p class='ocr_par' dir='ltr' id='par_1_19' title="bbox 208 1857 3477 1943">
     <span class='ocr_line' id='line_1_19' title="bbox 208 1857 3477 1943; baseline 0.003 -29"><span class='ocrx_word' id='word_1_243' title='bbox 208 1860 407 1931; x_wconf 82' lang='lat' dir='ltr'><strong>periet.</strong></span> <span class='ocrx_word' id='word_1_244' title='bbox 437 1857 574 1913; x_wconf 85' lang='lat' dir='ltr'><strong>Nam</strong></span> <span class='ocrx_word' id='word_1_245' title='bbox 606 1857 723 1927; x_wconf 87' lang='lat' dir='ltr'><strong>ipse</strong></span> <span class='ocrx_word' id='word_1_246' title='bbox 757 1859 981 1929; x_wconf 79' lang='lat' dir='ltr'><strong>quidem</strong></span> <span class='ocrx_word' id='word_1_247' title='bbox 1028 1860 1103 1915; x_wconf 91' lang='lat' dir='ltr'><strong>ita</strong></span> <span class='ocrx_word' id='word_1_248' title='bbox 1148 1861 1457 1931; x_wconf 78' lang='lat' dir='ltr'><strong>profitetur,</strong></span> <span class='ocrx_word' id='word_1_249' title='bbox 1505 1877 1690 1918; x_wconf 90' lang='lat' dir='ltr'><strong>veram</strong></span> <span class='ocrx_word' id='word_1_250' title='bbox 1754 1863 1822 1917; x_wconf 90' lang='lat' dir='ltr'><strong>de</strong></span> <span class='ocrx_word' id='word_1_251' title='bbox 1861 1862 1974 1918; x_wconf 77' lang='lat' dir='ltr'><strong>Deo</strong></span> <span class='ocrx_word' id='word_1_252' title='bbox 2004 1864 2339 1943; x_wconf 80' lang='lat' dir='ltr'><strong>sententiam</strong></span> <span class='ocrx_word' id='word_1_253' title='bbox 2406 1863 2777 1933; x_wconf 85' lang='lat' dir='ltr'><strong>multitudinis</strong></span> <span class='ocrx_word' id='word_1_254' title='bbox 2807 1865 3048 1920; x_wconf 72' lang='lat' dir='ltr'><strong>stultitiae</strong></span> <span class='ocrx_word' id='word_1_255' title='bbox 3091 1877 3283 1920; x_wconf 88' lang='lat' dir='ltr'><strong>secure</strong></span> <span class='ocrx_word' id='word_1_256' title='bbox 3327 1875 3477 1927; x_wconf 74' lang='lat' dir='ltr'><strong>com-</strong></span> 
     </span>
    </p>
   </div>
   <div class='ocr_carea' id='block_1_20' title="bbox 208 1951 3478 2030">
    <p class='ocr_par' dir='ltr' id='par_1_20' title="bbox 208 1951 3478 2030">
     <span class='ocr_line' id='line_1_20' title="bbox 208 1951 3478 2030; baseline 0.001 -23"><span class='ocrx_word' id='word_1_257' title='bbox 208 1952 359 2007; x_wconf 81' lang='lat' dir='ltr'><strong>mitti</strong></span> <span class='ocrx_word' id='word_1_258' title='bbox 395 1965 506 2005; x_wconf 92' lang='lat' dir='ltr'><strong>non</strong></span> <span class='ocrx_word' id='word_1_259' title='bbox 564 1964 748 2020; x_wconf 90' lang='lat' dir='ltr'><strong>posse.</strong></span> <span class='ocrx_word' id='word_1_260' title='bbox 799 1951 1069 2008; x_wconf 68' lang='lat' dir='ltr'><strong>Caeterum</strong></span> <span class='ocrx_word' id='word_1_261' title='bbox 1117 1956 1218 2009; x_wconf 91' lang='lat' dir='ltr'><strong>ista</strong></span> <span class='ocrx_word' id='word_1_262' title='bbox 1267 1952 1516 2012; x_wconf 89' lang='lat' dir='ltr'><strong>Platonis</strong></span> <span class='ocrx_word' id='word_1_263' title='bbox 1584 1956 1834 2012; x_wconf 89' lang='lat' dir='ltr'><strong>instituta</strong></span> <span class='ocrx_word' id='word_1_264' title='bbox 1872 1965 2021 2025; x_wconf 89' lang='lat' dir='ltr'><strong>sunt,</strong></span> <span class='ocrx_word' id='word_1_265' title='bbox 2051 1957 2253 2028; x_wconf 88' lang='lat' dir='ltr'><strong>quibus</strong></span> <span class='ocrx_word' id='word_1_266' title='bbox 2279 1958 2447 2013; x_wconf 88' lang='lat' dir='ltr'><strong>verba</strong></span> <span class='ocrx_word' id='word_1_267' title='bbox 2508 1967 2718 2015; x_wconf 91' lang='lat' dir='ltr'><strong>tantum</strong></span> <span class='ocrx_word' id='word_1_268' title='bbox 2754 1960 2961 2027; x_wconf 91' lang='lat' dir='ltr'><strong>inania,</strong></span> <span class='ocrx_word' id='word_1_269' title='bbox 2988 1958 3478 2030; x_wconf 81' lang='lat' dir='ltr'><strong>etexquisitoquo-</strong></span> 
     </span>
    </p>
   </div>
   <div class='ocr_carea' id='block_1_21' title="bbox 208 2041 3479 2124">
    <p class='ocr_par' dir='ltr' id='par_1_21' title="bbox 208 2041 3479 2124">
     <span class='ocr_line' id='line_1_21' title="bbox 208 2041 3479 2124; baseline 0.003 -27"><span class='ocrx_word' id='word_1_270' title='bbox 208 2042 341 2098; x_wconf 88' lang='lat' dir='ltr'><strong>dam</strong></span> <span class='ocrx_word' id='word_1_271' title='bbox 400 2041 634 2097; x_wconf 81' lang='lat' dir='ltr'><strong>artificio</strong></span> <span class='ocrx_word' id='word_1_272' title='bbox 687 2050 941 2098; x_wconf 77' lang='lat' dir='ltr'><strong>contexta</strong></span> <span class='ocrx_word' id='word_1_273' title='bbox 987 2044 1301 2103; x_wconf 87' lang='lat' dir='ltr'><strong>videantur.</strong></span> <span class='ocrx_word' id='word_1_274' title='bbox 1352 2049 1424 2103; x_wconf 80' lang='lat' dir='ltr'><strong>At</strong></span> <span class='ocrx_word' id='word_1_275' title='bbox 1480 2048 1792 2121; x_wconf 85' lang='lat' dir='ltr'><strong>Lycurgum</strong></span> <span class='ocrx_word' id='word_1_276' title='bbox 1830 2051 1975 2121; x_wconf 89' lang='lat' dir='ltr'><strong>quod</strong></span> <span class='ocrx_word' id='word_1_277' title='bbox 2043 2053 2261 2119; x_wconf 78' lang='lat' dir='ltr'><strong>attinet,</strong></span> <span class='ocrx_word' id='word_1_278' title='bbox 2322 2051 2476 2121; x_wconf 83' lang='lat' dir='ltr'><strong>illum</strong></span> <span class='ocrx_word' id='word_1_279' title='bbox 2516 2067 2708 2109; x_wconf 91' lang='lat' dir='ltr'><strong>omnes</strong></span> <span class='ocrx_word' id='word_1_280' title='bbox 2744 2054 2799 2109; x_wconf 91' lang='lat' dir='ltr'><strong>in</strong></span> <span class='ocrx_word' id='word_1_281' title='bbox 2844 2054 3205 2124; x_wconf 88' lang='lat' dir='ltr'><strong>admiratione</strong></span> <span class='ocrx_word' id='word_1_282' title='bbox 3250 2051 3479 2119; x_wconf 84' lang='lat' dir='ltr'><strong>habent,</strong></span> 
     </span>
    </p>
   </div>
   <div class='ocr_carea' id='block_1_22' title="bbox 209 2133 3477 2219">
    <p class='ocr_par' dir='ltr' id='par_1_22' title="bbox 209 2133 3477 2219">
     <span class='ocr_line' id='line_1_22' title="bbox 209 2133 3477 2219; baseline 0.003 -30"><span class='ocrx_word' id='word_1_283' title='bbox 209 2134 583 2205; x_wconf 86' lang='lat' dir='ltr'><strong>Spartamque</strong></span> <span class='ocrx_word' id='word_1_284' title='bbox 632 2133 740 2189; x_wconf 85' lang='lat' dir='ltr'><strong>hoc</strong></span> <span class='ocrx_word' id='word_1_285' title='bbox 788 2135 1134 2204; x_wconf 87' lang='lat' dir='ltr'><strong>potissimum</strong></span> <span class='ocrx_word' id='word_1_286' title='bbox 1187 2140 1412 2196; x_wconf 91' lang='lat' dir='ltr'><strong>nomine</strong></span> <span class='ocrx_word' id='word_1_287' title='bbox 1466 2142 1787 2212; x_wconf 65' lang='lat' dir='ltr'><strong>praedicant,</strong></span> <span class='ocrx_word' id='word_1_288' title='bbox 1827 2141 1973 2213; x_wconf 86' lang='lat' dir='ltr'><strong>quod</strong></span> <span class='ocrx_word' id='word_1_289' title='bbox 2019 2143 2194 2214; x_wconf 88' lang='lat' dir='ltr'><strong>ipsius</strong></span> <span class='ocrx_word' id='word_1_290' title='bbox 2218 2143 2272 2198; x_wconf 92' lang='lat' dir='ltr'><strong>in</strong></span> <span class='ocrx_word' id='word_1_291' title='bbox 2300 2143 2512 2215; x_wconf 86' lang='lat' dir='ltr'><strong>legibus</strong></span> <span class='ocrx_word' id='word_1_292' title='bbox 2568 2145 2878 2203; x_wconf 89' lang='lat' dir='ltr'><strong>diutissime</strong></span> <span class='ocrx_word' id='word_1_293' title='bbox 2935 2145 3295 2218; x_wconf 81' lang='lat' dir='ltr'><strong>acquieverit.</strong></span> <span class='ocrx_word' id='word_1_294' title='bbox 3332 2146 3477 2219; x_wconf 88' lang='lat' dir='ltr'><strong>Ergo</strong></span> 
     </span>
    </p>
   </div>
   <div class='ocr_carea' id='block_1_23' title="bbox 208 2224 3473 2312">
    <p class='ocr_par' dir='ltr' id='par_1_23' title="bbox 208 2224 3473 2312">
     <span class='ocr_line' id='line_1_23' title="bbox 208 2224 3473 2312; baseline 0.005 -32"><span class='ocrx_word' id='word_1_295' title='bbox 208 2229 456 2298; x_wconf 84' lang='lat' dir='ltr'><strong>primum</strong></span> <span class='ocrx_word' id='word_1_296' title='bbox 514 2228 622 2281; x_wconf 84' lang='lat' dir='ltr'><strong>hoc</strong></span> <span class='ocrx_word' id='word_1_297' title='bbox 671 2225 975 2295; x_wconf 85' lang='lat' dir='ltr'><strong>habemus,</strong></span> <span class='ocrx_word' id='word_1_298' title='bbox 1047 2230 1267 2288; x_wconf 88' lang='lat' dir='ltr'><strong>virtutis</strong></span> <span class='ocrx_word' id='word_1_299' title='bbox 1323 2245 1646 2305; x_wconf 88' lang='lat' dir='ltr'><strong>argumento</strong></span> <span class='ocrx_word' id='word_1_300' title='bbox 1696 2250 1839 2301; x_wconf 87' lang='lat' dir='ltr'><strong>esse,</strong></span> <span class='ocrx_word' id='word_1_301' title='bbox 1876 2224 2025 2307; x_wconf 82' lang='lat' dir='ltr'><strong>quod</strong></span> <span class='ocrx_word' id='word_1_302' title='bbox 2074 2236 2286 2308; x_wconf 84' lang='lat' dir='ltr'><strong>legibus</strong></span> <span class='ocrx_word' id='word_1_303' title='bbox 2337 2238 2734 2310; x_wconf 86' lang='lat' dir='ltr'><strong>obtemperent.</strong></span> <span class='ocrx_word' id='word_1_304' title='bbox 2785 2238 2991 2297; x_wconf 89' lang='lat' dir='ltr'><strong>Deinde</strong></span> <span class='ocrx_word' id='word_1_305' title='bbox 3052 2253 3329 2312; x_wconf 79' lang='lat' dir='ltr'><strong>praecones</strong></span> <span class='ocrx_word' id='word_1_306' title='bbox 3383 2238 3473 2295; x_wconf 88' lang='lat' dir='ltr'><strong>isti</strong></span> 
     </span>
    </p>
   </div>
   <div class='ocr_carea' id='block_1_24' title="bbox 207 2319 3475 2403">
    <p class='ocr_par' dir='ltr' id='par_1_24' title="bbox 207 2319 3475 2403">
     <span class='ocr_line' id='line_1_24' title="bbox 207 2319 3475 2403; baseline 0.003 -28"><span class='ocrx_word' id='word_1_307' title='bbox 207 2319 793 2384; x_wconf 76' lang='lat' dir='ltr'><strong>Lacedaunoniurum,</strong></span> <span class='ocrx_word' id='word_1_308' title='bbox 851 2322 1110 2393; x_wconf 76' lang='lat' dir='ltr'><strong>exiguum</strong></span> <span class='ocrx_word' id='word_1_309' title='bbox 1198 2324 1418 2383; x_wconf 90' lang='lat' dir='ltr'><strong>illorum</strong></span> <span class='ocrx_word' id='word_1_310' title='bbox 1479 2328 1803 2396; x_wconf 51' lang='lat' dir='ltr'><strong>constantia</strong></span> <span class='ocrx_word' id='word_1_311' title='bbox 1840 2337 2055 2400; x_wconf 88' lang='lat' dir='ltr'><strong>tempus</strong></span> <span class='ocrx_word' id='word_1_312' title='bbox 2123 2344 2249 2384; x_wconf 91' lang='lat' dir='ltr'><strong>cum</strong></span> <span class='ocrx_word' id='word_1_313' title='bbox 2309 2329 2527 2387; x_wconf 90' lang='lat' dir='ltr'><strong>duobus</strong></span> <span class='ocrx_word' id='word_1_314' title='bbox 2560 2340 2614 2387; x_wconf 92' lang='lat' dir='ltr'><strong>et</strong></span> <span class='ocrx_word' id='word_1_315' title='bbox 2636 2333 2871 2403; x_wconf 91' lang='lat' dir='ltr'><strong>amplius</strong></span> <span class='ocrx_word' id='word_1_316' title='bbox 2896 2333 3032 2403; x_wconf 89' lang='lat' dir='ltr'><strong>reip.</strong></span> <span class='ocrx_word' id='word_1_317' title='bbox 3067 2340 3270 2389; x_wconf 71' lang='lat' dir='ltr'><strong>nostrae</strong></span> <span class='ocrx_word' id='word_1_318' title='bbox 3297 2345 3475 2386; x_wconf 88' lang='lat' dir='ltr'><strong>anno-</strong></span> 
     </span>
    </p>
   </div>
   <div class='ocr_carea' id='block_1_25' title="bbox 205 2414 3474 2496">
    <p class='ocr_par' dir='ltr' id='par_1_25' title="bbox 205 2414 3474 2496">
     <span class='ocr_line' id='line_1_25' title="bbox 205 2414 3474 2496; baseline 0.002 -25"><span class='ocrx_word' id='word_1_319' title='bbox 205 2415 609 2471; x_wconf 80' lang='lat' dir='ltr'><strong>rummillibus</strong></span> <span class='ocrx_word' id='word_1_320' title='bbox 637 2414 926 2471; x_wconf 77' lang='lat' dir='ltr'><strong>conferant</strong></span> <span class='ocrx_word' id='word_1_321' title='bbox 962 2426 1126 2474; x_wconf 17' lang='lat' dir='ltr'><strong>:Atum</strong></span> <span class='ocrx_word' id='word_1_322' title='bbox 1161 2419 1236 2479; x_wconf 81' lang='lat' dir='ltr'><strong>ita</strong></span> <span class='ocrx_word' id='word_1_323' title='bbox 1277 2437 1464 2489; x_wconf 84' lang='lat' dir='ltr'><strong>secum</strong></span> <span class='ocrx_word' id='word_1_324' title='bbox 1531 2423 1637 2494; x_wconf 90' lang='lat' dir='ltr'><strong>ipsi</strong></span> <span class='ocrx_word' id='word_1_325' title='bbox 1698 2432 1956 2493; x_wconf 91' lang='lat' dir='ltr'><strong>reputent</strong></span> <span class='ocrx_word' id='word_1_326' title='bbox 2006 2423 2452 2481; x_wconf 83' lang='lat' dir='ltr'><strong>Lacedaemonios</strong></span> <span class='ocrx_word' id='word_1_327' title='bbox 2515 2425 2778 2496; x_wconf 88' lang='lat' dir='ltr'><strong>quamdiu</strong></span> <span class='ocrx_word' id='word_1_328' title='bbox 2842 2425 3020 2481; x_wconf 91' lang='lat' dir='ltr'><strong>solum</strong></span> <span class='ocrx_word' id='word_1_329' title='bbox 3074 2425 3355 2494; x_wconf 85' lang='lat' dir='ltr'><strong>antiquam</strong></span> <span class='ocrx_word' id='word_1_330' title='bbox 3403 2421 3474 2476; x_wconf 83' lang='lat' dir='ltr'><strong>li-</strong></span> 
     </span>
    </p>
   </div>
   <div class='ocr_carea' id='block_1_26' title="bbox 207 2509 3474 2592">
    <p class='ocr_par' dir='ltr' id='par_1_26' title="bbox 207 2509 3474 2592">
     <span class='ocr_line' id='line_1_26' title="bbox 207 2509 3474 2592; baseline 0.002 -28"><span class='ocrx_word' id='word_1_331' title='bbox 207 2509 750 2575; x_wconf 80' lang='lat' dir='ltr'><strong>bertatemretinere</strong></span> <span class='ocrx_word' id='word_1_332' title='bbox 784 2520 1119 2592; x_wconf 59' lang='lat' dir='ltr'><strong>potuerunt,</strong></span> <span class='ocrx_word' id='word_1_333' title='bbox 1162 2528 1386 2570; x_wconf 88' lang='lat' dir='ltr'><strong>suarum</strong></span> <span class='ocrx_word' id='word_1_334' title='bbox 1411 2530 1634 2587; x_wconf 85' lang='lat' dir='ltr'><strong>quoque</strong></span> <span class='ocrx_word' id='word_1_335' title='bbox 1655 2516 1835 2588; x_wconf 87' lang='lat' dir='ltr'><strong>legum</strong></span> <span class='ocrx_word' id='word_1_336' title='bbox 1876 2516 2175 2573; x_wconf 90' lang='lat' dir='ltr'><strong>retinentes</strong></span> <span class='ocrx_word' id='word_1_337' title='bbox 2238 2516 2412 2573; x_wconf 91' lang='lat' dir='ltr'><strong>fuisse</strong></span> <span class='ocrx_word' id='word_1_338' title='bbox 2445 2536 2460 2572; x_wconf 89' lang='lat'><strong>:</strong></span> <span class='ocrx_word' id='word_1_339' title='bbox 2498 2517 2590 2573; x_wconf 91' lang='lat' dir='ltr'><strong>ubi</strong></span> <span class='ocrx_word' id='word_1_340' title='bbox 2621 2519 2765 2573; x_wconf 89' lang='lat' dir='ltr'><strong>enim</strong></span> <span class='ocrx_word' id='word_1_341' title='bbox 2813 2515 3047 2573; x_wconf 85' lang='lat' dir='ltr'><strong>fortunae</strong></span> <span class='ocrx_word' id='word_1_342' title='bbox 3092 2516 3474 2573; x_wconf 90' lang='lat' dir='ltr'><strong>inclinationes</strong></span> 
     </span>
    </p>
   </div>
   <div class='ocr_carea' id='block_1_27' title="bbox 206 2599 3474 2687">
    <p class='ocr_par' dir='ltr' id='par_1_27' title="bbox 206 2599 3474 2687">
     <span class='ocr_line' id='line_1_27' title="bbox 206 2599 3474 2687; baseline 0.001 -29"><span class='ocrx_word' id='word_1_343' title='bbox 206 2599 368 2658; x_wconf 66' lang='lat' dir='ltr'><strong>facta:</strong></span> <span class='ocrx_word' id='word_1_344' title='bbox 388 2610 593 2668; x_wconf 86' lang='lat' dir='ltr'><strong>essent,</strong></span> <span class='ocrx_word' id='word_1_345' title='bbox 630 2613 743 2656; x_wconf 90' lang='lat' dir='ltr'><strong>tum</strong></span> <span class='ocrx_word' id='word_1_346' title='bbox 773 2618 962 2658; x_wconf 86' lang='lat' dir='ltr'><strong>earum</strong></span> <span class='ocrx_word' id='word_1_347' title='bbox 991 2604 1155 2660; x_wconf 88' lang='lat' dir='ltr'><strong>simul</strong></span> <span class='ocrx_word' id='word_1_348' title='bbox 1184 2621 1402 2669; x_wconf 87' lang='lat' dir='ltr'><strong>omnem</strong></span> <span class='ocrx_word' id='word_1_349' title='bbox 1449 2623 1617 2687; x_wconf 84' lang='lat' dir='ltr'><strong>prope</strong></span> <span class='ocrx_word' id='word_1_350' title='bbox 1667 2609 1996 2664; x_wconf 86' lang='lat' dir='ltr'><strong>memoriam</strong></span> <span class='ocrx_word' id='word_1_351' title='bbox 2063 2609 2312 2667; x_wconf 87' lang='lat' dir='ltr'><strong>funditus</strong></span> <span class='ocrx_word' id='word_1_352' title='bbox 2370 2610 2829 2681; x_wconf 87' lang='lat' dir='ltr'><strong>abjecisse:cum</strong></span> <span class='ocrx_word' id='word_1_353' title='bbox 2889 2611 3095 2665; x_wconf 88' lang='lat' dir='ltr'><strong>interea</strong></span> <span class='ocrx_word' id='word_1_354' title='bbox 3151 2626 3252 2666; x_wconf 92' lang='lat' dir='ltr'><strong>nos</strong></span> <span class='ocrx_word' id='word_1_355' title='bbox 3286 2607 3474 2662; x_wconf 81' lang='lat' dir='ltr'><strong>iuliui~</strong></span> 
     </span>
    </p>
   </div>
   <div class='ocr_carea' id='block_1_28' title="bbox 205 2691 3475 2774">
    <p class='ocr_par' dir='ltr' id='par_1_28' title="bbox 205 2691 3475 2774">
     <span class='ocr_line' id='line_1_28' title="bbox 205 2691 3475 2774; baseline 0.002 -25"><span class='ocrx_word' id='word_1_356' title='bbox 205 2696 281 2749; x_wconf 84' lang='lat' dir='ltr'><strong>tis</strong></span> <span class='ocrx_word' id='word_1_357' title='bbox 322 2694 548 2749; x_wconf 82' lang='lat' dir='ltr'><strong>casibus</strong></span> <span class='ocrx_word' id='word_1_358' title='bbox 589 2693 661 2747; x_wconf 88' lang='lat' dir='ltr'><strong>ob</strong></span> <span class='ocrx_word' id='word_1_359' title='bbox 692 2691 1010 2764; x_wconf 78' lang='lat' dir='ltr'><strong>frequentes</strong></span> <span class='ocrx_word' id='word_1_360' title='bbox 1061 2712 1250 2768; x_wconf 89' lang='lat' dir='ltr'><strong>regum</strong></span> <span class='ocrx_word' id='word_1_361' title='bbox 1283 2697 1430 2764; x_wconf 63' lang='lat' dir='ltr'><strong>Asia:</strong></span> <span class='ocrx_word' id='word_1_362' title='bbox 1495 2700 1828 2757; x_wconf 90' lang='lat' dir='ltr'><strong>mutationes</strong></span> <span class='ocrx_word' id='word_1_363' title='bbox 1861 2700 2076 2772; x_wconf 86' lang='lat' dir='ltr'><strong>jactati,</strong></span> <span class='ocrx_word' id='word_1_364' title='bbox 2115 2701 2281 2773; x_wconf 83' lang='lat' dir='ltr'><strong>37o</strong></span> <span class='ocrx_word' id='word_1_365' title='bbox 2307 2717 2376 2758; x_wconf 90' lang='lat' dir='ltr'><strong>ne</strong></span> <span class='ocrx_word' id='word_1_366' title='bbox 2436 2703 2490 2757; x_wconf 93' lang='lat' dir='ltr'><strong>in</strong></span> <span class='ocrx_word' id='word_1_367' title='bbox 2523 2703 2794 2774; x_wconf 83' lang='lat' dir='ltr'><strong>supremis</strong></span> <span class='ocrx_word' id='word_1_368' title='bbox 2818 2703 3036 2773; x_wconf 90' lang='lat' dir='ltr'><strong>quidem</strong></span> <span class='ocrx_word' id='word_1_369' title='bbox 3079 2701 3339 2772; x_wconf 90' lang='lat' dir='ltr'><strong>periculis</strong></span> <span class='ocrx_word' id='word_1_370' title='bbox 3371 2715 3475 2754; x_wconf 87' lang='lat' dir='ltr'><strong>no-</strong></span> 
     </span>
    </p>
   </div>
   <div class='ocr_carea' id='block_1_29' title="bbox 208 2787 3470 2872">
    <p class='ocr_par' dir='ltr' id='par_1_29' title="bbox 208 2787 3470 2872">
     <span class='ocr_line' id='line_1_29' title="bbox 208 2787 3470 2872; baseline 0.001 -29"><span class='ocrx_word' id='word_1_371' title='bbox 208 2795 354 2854; x_wconf 75' lang='lat' dir='ltr'><strong>stras</strong></span> <span class='ocrx_word' id='word_1_372' title='bbox 426 2802 669 2857; x_wconf 87' lang='lat' dir='ltr'><strong>unquam</strong></span> <span class='ocrx_word' id='word_1_373' title='bbox 734 2787 881 2858; x_wconf 82' lang='lat' dir='ltr'><strong>leges</strong></span> <span class='ocrx_word' id='word_1_374' title='bbox 940 2790 1304 2872; x_wconf 80' lang='lat' dir='ltr'><strong>prodidimus.</strong></span> <span class='ocrx_word' id='word_1_375' title='bbox 1351 2811 1372 2846; x_wconf 75' lang='grc' dir='ltr'><strong>ι</strong></span> <span class='ocrx_word' id='word_1_376' title='bbox 1417 2791 1696 2851; x_wconf 81' lang='lat' dir='ltr'><strong>Hactenus</strong></span> <span class='ocrx_word' id='word_1_377' title='bbox 1728 2794 1895 2850; x_wconf 86' lang='lat' dir='ltr'><strong>etiam</strong></span> <span class='ocrx_word' id='word_1_378' title='bbox 1933 2792 2203 2866; x_wconf 85' lang='lat' dir='ltr'><strong>Josepbus</strong></span> <span class='ocrx_word' id='word_1_379' title='bbox 2260 2795 2328 2851; x_wconf 90' lang='lat' dir='ltr'><strong>de</strong></span> <span class='ocrx_word' id='word_1_380' title='bbox 2386 2793 2702 2851; x_wconf 73' lang='lat' dir='ltr'><strong>Iudaeorum</strong></span> <span class='ocrx_word' id='word_1_381' title='bbox 2755 2809 2871 2865; x_wconf 90' lang='lat' dir='ltr'><strong>rep.</strong></span> <span class='ocrx_word' id='word_1_382' title='bbox 2929 2809 2959 2848; x_wconf 92' lang='lat' dir='ltr'><strong>a</strong></span> <span class='ocrx_word' id='word_1_383' title='bbox 3003 2792 3153 2848; x_wconf 86' lang='lat' dir='ltr'><strong>Mose</strong></span> <span class='ocrx_word' id='word_1_384' title='bbox 3201 2791 3470 2850; x_wconf 84' lang='lat' dir='ltr'><strong>instituta.</strong></span> 
     </span>
    </p>
   </div>
   <div class='ocr_carea' id='block_1_30' title="bbox 205 2876 3473 2958">
    <p class='ocr_par' dir='ltr' id='par_1_30' title="bbox 205 2876 3473 2958">
     <span class='ocr_line' id='line_1_30' title="bbox 205 2876 3473 2958; baseline 0.002 -27"><span class='ocrx_word' id='word_1_385' title='bbox 205 2876 329 2947; x_wconf 62' lang='lat' dir='ltr'><strong>tam</strong></span> <span class='ocrx_word' id='word_1_386' title='bbox 380 2893 533 2940; x_wconf 79' lang='lat' dir='ltr'><strong>vero,</strong></span> <span class='ocrx_word' id='word_1_387' title='bbox 558 2894 683 2933; x_wconf 91' lang='lat' dir='ltr'><strong>cum</strong></span> <span class='ocrx_word' id='word_1_388' title='bbox 711 2880 880 2933; x_wconf 88' lang='lat' dir='ltr'><strong>multa</strong></span> <span class='ocrx_word' id='word_1_389' title='bbox 912 2880 986 2943; x_wconf 28' lang='lat' dir='ltr'><strong>de,</strong></span> <span class='ocrx_word' id='word_1_390' title='bbox 1030 2884 1355 2946; x_wconf 81' lang='lat' dir='ltr'><strong>adumbrato</strong></span> <span class='ocrx_word' id='word_1_391' title='bbox 1390 2885 1629 2956; x_wconf 88' lang='lat' dir='ltr'><strong>quodam</strong></span> <span class='ocrx_word' id='word_1_392' title='bbox 1681 2894 1735 2942; x_wconf 89' lang='lat' dir='ltr'><strong>et</strong></span> <span class='ocrx_word' id='word_1_393' title='bbox 1766 2886 2061 2958; x_wconf 81' lang='lat' dir='ltr'><strong>allegorice</strong></span> <span class='ocrx_word' id='word_1_394' title='bbox 2094 2887 2430 2942; x_wconf 90' lang='lat' dir='ltr'><strong>sancitarum</strong></span> <span class='ocrx_word' id='word_1_395' title='bbox 2465 2887 2535 2942; x_wconf 93' lang='lat' dir='ltr'><strong>ab</strong></span> <span class='ocrx_word' id='word_1_396' title='bbox 2589 2900 2656 2942; x_wconf 91' lang='lat' dir='ltr'><strong>eo</strong></span> <span class='ocrx_word' id='word_1_397' title='bbox 2686 2886 2865 2956; x_wconf 89' lang='lat' dir='ltr'><strong>legum</strong></span> <span class='ocrx_word' id='word_1_398' title='bbox 2911 2899 3078 2940; x_wconf 88' lang='lat' dir='ltr'><strong>sensu</strong></span> <span class='ocrx_word' id='word_1_399' title='bbox 3139 2895 3473 2938; x_wconf 84' lang='lat' dir='ltr'><strong>commemo—</strong></span> 
     </span>
    </p>
   </div>
   <div class='ocr_carea' id='block_1_31' title="bbox 207 2972 3474 3052">
    <p class='ocr_par' dir='ltr' id='par_1_31' title="bbox 207 2972 3474 3052">
     <span class='ocr_line' id='line_1_31' title="bbox 207 2972 3474 3052; baseline 0.001 -26"><span class='ocrx_word' id='word_1_400' title='bbox 207 2986 333 3027; x_wconf 82' lang='lat' dir='ltr'><strong>rare</strong></span> <span class='ocrx_word' id='word_1_401' title='bbox 364 2972 595 3037; x_wconf 82' lang='lat' dir='ltr'><strong>possim,</strong></span> <span class='ocrx_word' id='word_1_402' title='bbox 646 2973 888 3043; x_wconf 76' lang='lat' dir='ltr'><strong>Eleazari</strong></span> <span class='ocrx_word' id='word_1_403' title='bbox 915 2983 1096 3031; x_wconf 88' lang='lat' dir='ltr'><strong>tamen</strong></span> <span class='ocrx_word' id='word_1_404' title='bbox 1161 2983 1217 3033; x_wconf 91' lang='lat' dir='ltr'><strong>et</strong></span> <span class='ocrx_word' id='word_1_405' title='bbox 1278 2977 1582 3035; x_wconf 87' lang='lat' dir='ltr'><strong>Aristobuli</strong></span> <span class='ocrx_word' id='word_1_406' title='bbox 1635 2980 2000 3051; x_wconf 74' lang='lat' dir='ltr'><strong>explicatione</strong></span> <span class='ocrx_word' id='word_1_407' title='bbox 2049 2988 2342 3038; x_wconf 85' lang='lat' dir='ltr'><strong>contentus</strong></span> <span class='ocrx_word' id='word_1_408' title='bbox 2369 2996 2491 3048; x_wconf 81' lang='lat' dir='ltr'><strong>ero,</strong></span> <span class='ocrx_word' id='word_1_409' title='bbox 2516 2980 2610 3052; x_wconf 91' lang='lat' dir='ltr'><strong>qui</strong></span> <span class='ocrx_word' id='word_1_410' title='bbox 2653 2980 2815 3048; x_wconf 82' lang='lat' dir='ltr'><strong>ambo</strong></span> <span class='ocrx_word' id='word_1_411' title='bbox 2838 2987 2892 3043; x_wconf 88' lang='lat' dir='ltr'><strong>et</strong></span> <span class='ocrx_word' id='word_1_412' title='bbox 2917 2993 3086 3052; x_wconf 81' lang='lat' dir='ltr'><strong>genus</strong></span> <span class='ocrx_word' id='word_1_413' title='bbox 3117 2978 3185 3045; x_wconf 86' lang='lat' dir='ltr'><strong>ab</strong></span> <span class='ocrx_word' id='word_1_414' title='bbox 3231 2975 3474 3032; x_wconf 67' lang='lat' dir='ltr'><strong>Hebraeis</strong></span> 
     </span>
    </p>
   </div>
   <div class='ocr_carea' id='block_1_32' title="bbox 208 3068 3473 3146">
    <p class='ocr_par' dir='ltr' id='par_1_32' title="bbox 208 3068 3473 3146">
     <span class='ocr_line' id='line_1_32' title="bbox 208 3068 3473 3146; baseline 0.002 -26"><span class='ocrx_word' id='word_1_415' title='bbox 208 3081 373 3131; x_wconf 67' lang='lat' dir='ltr'><strong>suum</strong></span> <span class='ocrx_word' id='word_1_416' title='bbox 416 3068 734 3137; x_wconf 85' lang='lat' dir='ltr'><strong>longissime</strong></span> <span class='ocrx_word' id='word_1_417' title='bbox 773 3079 1044 3138; x_wconf 82' lang='lat' dir='ltr'><strong>repetunt,</strong></span> <span class='ocrx_word' id='word_1_418' title='bbox 1075 3079 1131 3127; x_wconf 90' lang='lat' dir='ltr'><strong>et</strong></span> <span class='ocrx_word' id='word_1_419' title='bbox 1160 3071 1438 3129; x_wconf 67' lang='lat' dir='ltr'><strong>Ptolemzei</strong></span> <span class='ocrx_word' id='word_1_420' title='bbox 1469 3075 1615 3146; x_wconf 86' lang='lat' dir='ltr'><strong>regis</strong></span> <span class='ocrx_word' id='word_1_421' title='bbox 1645 3084 1912 3146; x_wconf 86' lang='lat' dir='ltr'><strong>.tempore</strong></span> <span class='ocrx_word' id='word_1_422' title='bbox 1962 3076 2286 3133; x_wconf 86' lang='lat' dir='ltr'><strong>ﬂoruerunt.</strong></span> <span class='ocrx_word' id='word_1_423' title='bbox 2342 3075 2637 3133; x_wconf 85' lang='lat' dir='ltr'><strong>Eleazarus</strong></span> <span class='ocrx_word' id='word_1_424' title='bbox 2689 3075 2876 3146; x_wconf 79' lang='lat' dir='ltr'><strong>igitur,</strong></span> <span class='ocrx_word' id='word_1_425' title='bbox 2906 3074 2955 3130; x_wconf 88' lang='lat' dir='ltr'><strong>is</strong></span> <span class='ocrx_word' id='word_1_426' title='bbox 3014 3087 3177 3143; x_wconf 73' lang='lat' dir='ltr'><strong>quem</strong></span> <span class='ocrx_word' id='word_1_427' title='bbox 3220 3071 3473 3137; x_wconf 65' lang='lat' dir='ltr'><strong>sacerdo-</strong></span> 
     </span>
    </p>
   </div>
   <div class='ocr_carea' id='block_1_33' title="bbox 207 3160 3472 3245">
    <p class='ocr_par' dir='ltr' id='par_1_33' title="bbox 207 3160 3472 3245">
     <span class='ocr_line' id='line_1_33' title="bbox 207 3160 3472 3245; baseline 0.002 -31"><span class='ocrx_word' id='word_1_428' title='bbox 207 3161 270 3215; x_wconf 88' lang='lat' dir='ltr'><strong>tii</strong></span> <span class='ocrx_word' id='word_1_429' title='bbox 303 3160 571 3232; x_wconf 83' lang='lat' dir='ltr'><strong>dignitate</strong></span> <span class='ocrx_word' id='word_1_430' title='bbox 602 3164 917 3233; x_wconf 69' lang='lat' dir='ltr'><strong>praestitisse</strong></span> <span class='ocrx_word' id='word_1_431' title='bbox 943 3166 1105 3236; x_wconf 89' lang='lat' dir='ltr'><strong>paulo</strong></span> <span class='ocrx_word' id='word_1_432' title='bbox 1133 3177 1260 3224; x_wconf 91' lang='lat' dir='ltr'><strong>ante</strong></span> <span class='ocrx_word' id='word_1_433' title='bbox 1294 3169 1605 3236; x_wconf 89' lang='lat' dir='ltr'><strong>docuimus,</strong></span> <span class='ocrx_word' id='word_1_434' title='bbox 1635 3170 1830 3241; x_wconf 87' lang='lat' dir='ltr'><strong>legatis</strong></span> <span class='ocrx_word' id='word_1_435' title='bbox 1885 3172 1953 3226; x_wconf 91' lang='lat' dir='ltr'><strong>ad</strong></span> <span class='ocrx_word' id='word_1_436' title='bbox 2000 3187 2121 3229; x_wconf 90' lang='lat' dir='ltr'><strong>sese</strong></span> <span class='ocrx_word' id='word_1_437' title='bbox 2148 3173 2226 3238; x_wconf 24' lang='lat' dir='ltr'><strong>ab,</strong></span> <span class='ocrx_word' id='word_1_438' title='bbox 2245 3188 2372 3245; x_wconf 78' lang='lat' dir='ltr'><strong>rege</strong></span> <span class='ocrx_word' id='word_1_439' title='bbox 2417 3172 2625 3238; x_wconf 90' lang='lat' dir='ltr'><strong>missis,</strong></span> <span class='ocrx_word' id='word_1_440' title='bbox 2676 3170 2974 3226; x_wconf 85' lang='lat' dir='ltr'><strong>Hebraieas</strong></span> <span class='ocrx_word' id='word_1_441' title='bbox 3023 3170 3234 3232; x_wconf 87' lang='lat' dir='ltr'><strong>litteras</strong></span> <span class='ocrx_word' id='word_1_442' title='bbox 3285 3168 3472 3225; x_wconf 70' lang='lat' dir='ltr'><strong>Graeca</strong></span> 
     </span>
    </p>
   </div>
   <div class='ocr_carea' id='block_1_34' title="bbox 206 3253 3472 3338">
    <p class='ocr_par' dir='ltr' id='par_1_34' title="bbox 206 3253 3472 3338">
     <span class='ocr_line' id='line_1_34' title="bbox 206 3253 3472 3338; baseline 0.003 -30"><span class='ocrx_word' id='word_1_443' title='bbox 206 3253 397 3326; x_wconf 78' lang='lat' dir='ltr'><strong>lingua</strong></span> <span class='ocrx_word' id='word_1_444' title='bbox 435 3255 677 3312; x_wconf 88' lang='lat' dir='ltr'><strong>donandi</strong></span> <span class='ocrx_word' id='word_1_445' title='bbox 719 3260 986 3315; x_wconf 86' lang='lat' dir='ltr'><strong>rationem</strong></span> <span class='ocrx_word' id='word_1_446' title='bbox 1042 3262 1370 3330; x_wconf 88' lang='lat' dir='ltr'><strong>informans,</strong></span> <span class='ocrx_word' id='word_1_447' title='bbox 1408 3266 1477 3323; x_wconf 89' lang='lat' dir='ltr'><strong>de</strong></span> <span class='ocrx_word' id='word_1_448' title='bbox 1516 3265 1805 3338; x_wconf 87' lang='lat' dir='ltr'><strong>allegorica</strong></span> <span class='ocrx_word' id='word_1_449' title='bbox 1852 3268 2478 3337; x_wconf 41' lang='lat' dir='ltr'><strong>sententia,divinarum</strong></span> <span class='ocrx_word' id='word_1_450' title='bbox 2528 3266 2711 3337; x_wconf 85' lang='lat' dir='ltr'><strong>legum</strong></span> <span class='ocrx_word' id='word_1_451' title='bbox 2736 3262 2919 3319; x_wconf 90' lang='lat' dir='ltr'><strong>verbis</strong></span> <span class='ocrx_word' id='word_1_452' title='bbox 2945 3262 3156 3318; x_wconf 88' lang='lat' dir='ltr'><strong>inclusa</strong></span> <span class='ocrx_word' id='word_1_453' title='bbox 3183 3275 3307 3319; x_wconf 87' lang='lat' dir='ltr'><strong>eam</strong></span> <span class='ocrx_word' id='word_1_454' title='bbox 3347 3274 3472 3331; x_wconf 72' lang='lat' dir='ltr'><strong>quae</strong></span> 
     </span>
    </p>
   </div>
   <div class='ocr_carea' id='block_1_35' title="bbox 206 3351 1206 3424">
    <p class='ocr_par' dir='ltr' id='par_1_35' title="bbox 206 3351 1206 3424">
     <span class='ocr_line' id='line_1_35' title="bbox 206 3351 1206 3424; baseline 0.009 -19"><span class='ocrx_word' id='word_1_455' title='bbox 206 3351 461 3423; x_wconf 79' lang='lat' dir='ltr'><strong>sequitur</strong></span> <span class='ocrx_word' id='word_1_456' title='bbox 491 3351 915 3424; x_wconf 84' lang='lat' dir='ltr'><strong>disputationem</strong></span> <span class='ocrx_word' id='word_1_457' title='bbox 950 3357 1206 3414; x_wconf 82' lang='lat' dir='ltr'><strong>instituit.</strong></span> 
     </span>
    </p>
   </div>
   <div class='ocr_carea' id='block_1_36' title="bbox 740 3468 1263 3532">
    <p class='ocr_par' dir='ltr' id='par_1_36' title="bbox 740 3468 1263 3532">
     <span class='ocr_line' id='line_1_36' title="bbox 740 3468 1263 3532; baseline 0.008 -11"><span class='ocrx_word' id='word_1_458' title='bbox 740 3468 1137 3532; x_wconf 80' lang='grc' dir='ltr'><strong>ΚΕΦΔΛΑῙΟΝ</strong></span> <span class='ocrx_word' id='word_1_459' title='bbox 1185 3471 1263 3525; x_wconf 85' lang='grc' dir='ltr'><strong>Θ’.</strong></span> 
     </span>
    </p>
   </div>
   <div class='ocr_carea' id='block_1_37' title="bbox 2500 3467 2870 3527">
    <p class='ocr_par' dir='ltr' id='par_1_37' title="bbox 2500 3467 2870 3527">
     <span class='ocr_line' id='line_1_37' title="bbox 2500 3467 2870 3527; baseline -0.003 0"><span class='ocrx_word' id='word_1_460' title='bbox 2500 3468 2731 3527; x_wconf 84' lang='lat' dir='ltr'><strong>CAPUT</strong></span> <span class='ocrx_word' id='word_1_461' title='bbox 2778 3467 2870 3526; x_wconf 83' lang='lat' dir='ltr'><strong>1X.</strong></span> 
     </span>
    </p>
   </div>
   <div class='ocr_carea' id='block_1_38' title="bbox 219 3575 1790 3656">
    <p class='ocr_par' dir='ltr' id='par_1_38' title="bbox 219 3575 1790 3656">
     <span class='ocr_line' id='line_1_38' title="bbox 219 3575 1790 3656; baseline 0.006 -25"><span class='ocrx_word' id='word_1_462' title='bbox 219 3575 577 3656; x_wconf 45' lang='grc' dir='ltr'><strong>ἐἶκεαζάροιζ</strong></span> <span class='ocrx_word' id='word_1_463' title='bbox 606 3579 922 3656; x_wconf 75' lang='grc' dir='ltr'><strong>ἀρχιερέως</strong></span> <span class='ocrx_word' id='word_1_464' title='bbox 970 3585 1358 3656; x_wconf 19' lang='grc' dir='ltr'>ὑποτύᾼπωσις</span> <span class='ocrx_word' id='word_1_465' title='bbox 1406 3586 1521 3656; x_wconf 78' lang='grc' dir='ltr'>τῆς</span> <span class='ocrx_word' id='word_1_466' title='bbox 1569 3588 1642 3643; x_wconf 78' lang='grc' dir='ltr'><strong>ἐν</strong></span> <span class='ocrx_word' id='word_1_467' title='bbox 1670 3588 1790 3656; x_wconf 82' lang='grc' dir='ltr'>τοῖς</span> 
     </span>
    </p>
   </div>
   <div class='ocr_carea' id='block_1_39' title="bbox 1901 3575 3470 3656">
    <p class='ocr_par' dir='ltr' id='par_1_39' title="bbox 1901 3578 3470 3656">
     <span class='ocr_line' id='line_1_39' title="bbox 1901 3578 3470 3656; baseline -0.005 -15"><span class='ocrx_word' id='word_1_468' title='bbox 1901 3584 2194 3641; x_wconf 70' lang='lat' dir='ltr'><strong>Eleazarus</strong></span> <span class='ocrx_word' id='word_1_469' title='bbox 2229 3584 2467 3655; x_wconf 64' lang='lat' dir='ltr'><strong>pontifex</strong></span> <span class='ocrx_word' id='word_1_470' title='bbox 2505 3583 2779 3656; x_wconf 74' lang='lat' dir='ltr'><strong>allegorici</strong></span> <span class='ocrx_word' id='word_1_471' title='bbox 2834 3597 3015 3656; x_wconf 76' lang='lat' dir='ltr'><strong>sensus</strong></span> <span class='ocrx_word' id='word_1_472' title='bbox 3056 3582 3227 3656; x_wconf 72' lang='lat' dir='ltr'><strong>sacris</strong></span> <span class='ocrx_word' id='word_1_473' title='bbox 3259 3578 3470 3656; x_wconf 10' lang='lat' dir='ltr'><strong>glegibus</strong></span> 
     </span>
    </p>
   </div>
   <div class='ocr_carea' id='block_1_40' title="bbox 277 3647 1794 3728">
    <p class='ocr_par' dir='ltr' id='par_1_40' title="bbox 277 3647 1794 3728">
     <span class='ocr_line' id='line_1_40' title="bbox 277 3647 1794 3728; baseline 0.013 -29"><span class='ocrx_word' id='word_1_474' title='bbox 277 3647 458 3728; x_wconf 70' lang='grc' dir='ltr'>ἱεροῖς</span> <span class='ocrx_word' id='word_1_475' title='bbox 501 3647 714 3728; x_wconf 23' lang='grc' dir='ltr'>νόμοιςί</span> <span class='ocrx_word' id='word_1_476' title='bbox 751 3647 1283 3724; x_wconf 72' lang='grc' dir='ltr'>ἀλλήτορουμένης</span> <span class='ocrx_word' id='word_1_477' title='bbox 1332 3647 1638 3728; x_wconf 43' lang='grc' dir='ltr'>διανοίας,</span> <span class='ocrx_word' id='word_1_478' title='bbox 1673 3647 1794 3717; x_wconf 60' lang='lat' dir='ltr'><strong>dmi</strong></span> 
     </span>
    </p>
   </div>
   <div class='ocr_carea' id='block_1_41' title="bbox 276 3721 1297 3789">
    <p class='ocr_par' dir='ltr' id='par_1_41' title="bbox 276 3721 1297 3789">
     <span class='ocr_line' id='line_1_41' title="bbox 276 3721 1297 3789; baseline 0.004 -19"><span class='ocrx_word' id='word_1_479' title='bbox 276 3721 402 3771; x_wconf 76' lang='grc' dir='ltr'><strong>τῶν</strong></span> <span class='ocrx_word' id='word_1_480' title='bbox 437 3721 785 3787; x_wconf 78' lang='grc' dir='ltr'>Ἀρισταίου.</span> <span class='ocrx_word' id='word_1_481' title='bbox 1093 3721 1106 3724; x_wconf 76' lang='grc'><em>’</em></span> 
     </span>
    </p>
   </div>
   <div class='ocr_carea' id='block_1_42' title="bbox 282 3827 1797 3911">
    <p class='ocr_par' dir='ltr' id='par_1_42' title="bbox 282 3827 1797 3911">
     <span class='ocr_line' id='line_1_42' title="bbox 282 3827 1797 3911; baseline 0.011 -32"><span class='ocrx_word' id='word_1_482' title='bbox 282 3846 304 3879; x_wconf 73' lang='grc' dir='ltr'><strong>ι</strong></span> <span class='ocrx_word' id='word_1_483' title='bbox 336 3827 520 3893; x_wconf 73' lang='grc' dir='ltr'>Ἄξιον</span> <span class='ocrx_word' id='word_1_484' title='bbox 572 3829 631 3883; x_wconf 80' lang='grc' dir='ltr'><strong>δὲ</strong></span> <span class='ocrx_word' id='word_1_485' title='bbox 658 3831 1056 3905; x_wconf 68' lang='grc' dir='ltr'>ἐπιμνησθῆναι</span> <span class='ocrx_word' id='word_1_486' title='bbox 1103 3834 1351 3908; x_wconf 79' lang='grc' dir='ltr'>βραχέων</span> <span class='ocrx_word' id='word_1_487' title='bbox 1396 3838 1507 3911; x_wconf 82' lang='grc'><strong>(55)</strong></span> <span class='ocrx_word' id='word_1_488' title='bbox 1535 3839 1645 3894; x_wconf 82' lang='grc' dir='ltr'><strong>τῶν</strong></span> <span class='ocrx_word' id='word_1_489' title='bbox 1672 3841 1797 3894; x_wconf 86' lang='grc' dir='ltr'>ὐπο-</span> 
     </span>
    </p>
   </div>
   <div class='ocr_carea' id='block_1_43' title="bbox 203 3911 1792 4003">
    <p class='ocr_par' dir='ltr' id='par_1_43' title="bbox 203 3911 1792 4003">
     <span class='ocr_line' id='line_1_43' title="bbox 203 3911 1792 4003; baseline 0.013 -38"><span class='ocrx_word' id='word_1_490' title='bbox 203 3911 529 4003; x_wconf 63' lang='grc' dir='ltr'>ξειχθέντων</span> <span class='ocrx_word' id='word_1_491' title='bbox 579 3919 669 3970; x_wconf 84' lang='grc' dir='ltr'><strong>ὑπ’</strong></span> <span class='ocrx_word' id='word_1_492' title='bbox 710 3920 874 3984; x_wconf 66' lang='grc' dir='ltr'>αὐτοῦ</span> <span class='ocrx_word' id='word_1_493' title='bbox 927 3924 1065 3997; x_wconf 76' lang='grc' dir='ltr'>πρὸς</span> <span class='ocrx_word' id='word_1_494' title='bbox 1103 3925 1174 3978; x_wconf 85' lang='grc' dir='ltr'>τὰ</span> <span class='ocrx_word' id='word_1_495' title='bbox 1208 3926 1276 3980; x_wconf 86' lang='grc' dir='ltr'><strong>δι’</strong></span> <span class='ocrx_word' id='word_1_496' title='bbox 1328 3928 1485 3998; x_wconf 79' lang='grc' dir='ltr'>ἡμῶν</span> <span class='ocrx_word' id='word_1_497' title='bbox 1526 3929 1792 4003; x_wconf 79' lang='grc' dir='ltr'><strong>ὲπιζητη-</strong></span> 
     </span>
    </p>
   </div>
   <div class='ocr_carea' id='block_1_44' title="bbox 208 4000 1794 4093">
    <p class='ocr_par' dir='ltr' id='par_1_44' title="bbox 208 4000 1794 4093">
     <span class='ocr_line' id='line_1_44' title="bbox 208 4000 1794 4093; baseline 0.015 -40"><span class='ocrx_word' id='word_1_498' title='bbox 208 4000 392 4055; x_wconf 80' lang='grc' dir='ltr'><strong>θέντα.</strong></span> <span class='ocrx_word' id='word_1_499' title='bbox 420 4004 680 4076; x_wconf 79' lang='grc' dir='ltr'>Νομίζειν</span> <span class='ocrx_word' id='word_1_500' title='bbox 733 4008 843 4081; x_wconf 84' lang='grc' dir='ltr'><strong>γὰρ</strong></span> <span class='ocrx_word' id='word_1_501' title='bbox 885 4015 999 4076; x_wconf 86' lang='grc' dir='ltr'>τοῖς</span> <span class='ocrx_word' id='word_1_502' title='bbox 1050 4014 1266 4080; x_wconf 79' lang='grc' dir='ltr'><strong>πολλοῖς</strong></span> <span class='ocrx_word' id='word_1_503' title='bbox 1312 4016 1425 4089; x_wconf 79' lang='grc'><strong>(54)</strong></span> <span class='ocrx_word' id='word_1_504' title='bbox 1472 4000 1794 4093; x_wconf 62' lang='grc' dir='ltr'>περιεργίαν</span> 
     </span>
    </p>
   </div>
   <div class='ocr_carea' id='block_1_45' title="bbox 207 4093 1796 4186">
    <p class='ocr_par' dir='ltr' id='par_1_45' title="bbox 207 4093 1796 4186">
     <span class='ocr_line' id='line_1_45' title="bbox 207 4093 1796 4186; baseline 0.014 -39"><span class='ocrx_word' id='word_1_505' title='bbox 207 4093 357 4165; x_wconf 67' lang='grc' dir='ltr'><strong>⁸ἔχειν</strong></span> <span class='ocrx_word' id='word_1_506' title='bbox 386 4098 509 4152; x_wconf 83' lang='grc' dir='ltr'>τινὰ</span> <span class='ocrx_word' id='word_1_507' title='bbox 525 4099 634 4154; x_wconf 84' lang='grc' dir='ltr'>τῶν</span> <span class='ocrx_word' id='word_1_508' title='bbox 657 4102 715 4154; x_wconf 84' lang='grc' dir='ltr'>ὲν</span> <span class='ocrx_word' id='word_1_509' title='bbox 744 4106 810 4174; x_wconf 77' lang='grc' dir='ltr'>τῇ</span> <span class='ocrx_word' id='word_1_510' title='bbox 838 4105 1143 4178; x_wconf 81' lang='grc' dir='ltr'>νομοθεσίᾳ·</span> <span class='ocrx_word' id='word_1_511' title='bbox 1173 4109 1315 4178; x_wconf 82' lang='grc' dir='ltr'><strong>λέγω</strong></span> <span class='ocrx_word' id='word_1_512' title='bbox 1339 4110 1397 4164; x_wconf 83' lang='grc' dir='ltr'><strong>δὲ</strong></span> <span class='ocrx_word' id='word_1_513' title='bbox 1427 4112 1554 4184; x_wconf 86' lang='grc' dir='ltr'>περί</span> <span class='ocrx_word' id='word_1_514' title='bbox 1573 4130 1633 4171; x_wconf 84' lang='grc' dir='ltr'><strong>τε</strong></span> <span class='ocrx_word' id='word_1_515' title='bbox 1660 4114 1796 4186; x_wconf 82' lang='grc' dir='ltr'><strong>βρω-</strong></span> 
     </span>
    </p>
   </div>
   <div class='ocr_carea' id='block_1_46' title="bbox 202 4188 1792 4277">
    <p class='ocr_par' dir='ltr' id='par_1_46' title="bbox 202 4188 1792 4277">
     <span class='ocr_line' id='line_1_46' title="bbox 202 4188 1792 4277; baseline 0.011 -36"><span class='ocrx_word' id='word_1_516' title='bbox 202 4188 318 4243; x_wconf 79' lang='grc' dir='ltr'>τῶν</span> <span class='ocrx_word' id='word_1_517' title='bbox 335 4190 432 4243; x_wconf 73' lang='grc' dir='ltr'><strong>καὶ</strong></span> <span class='ocrx_word' id='word_1_518' title='bbox 456 4191 657 4259; x_wconf 77' lang='grc' dir='ltr'>ποτῶν,</span> <span class='ocrx_word' id='word_1_519' title='bbox 686 4195 912 4251; x_wconf 77' lang='grc' dir='ltr'>καὶτῶν</span> <span class='ocrx_word' id='word_1_520' title='bbox 961 4198 1331 4272; x_wconf 75' lang='grc' dir='ltr'><strong>νομιζομένων</strong></span> <span class='ocrx_word' id='word_1_521' title='bbox 1355 4204 1680 4277; x_wconf 79' lang='grc' dir='ltr'>ἀκαθάρτων</span> <span class='ocrx_word' id='word_1_522' title='bbox 1712 4201 1792 4259; x_wconf 78' lang='grc' dir='ltr'><strong>εἷ-</strong></span> 
     </span>
    </p>
   </div>
   <div class='ocr_carea' id='block_1_47' title="bbox 204 4283 1791 4369">
    <p class='ocr_par' dir='ltr' id='par_1_47' title="bbox 204 4283 1791 4369">
     <span class='ocr_line' id='line_1_47' title="bbox 204 4283 1791 4369; baseline 0.014 -38"><span class='ocrx_word' id='word_1_523' title='bbox 204 4297 297 4344; x_wconf 73' lang='grc' dir='ltr'><strong>ναι</strong></span> <span class='ocrx_word' id='word_1_524' title='bbox 320 4283 626 4342; x_wconf 84' lang='grc' dir='ltr'>κνωδάλων.</span> <span class='ocrx_word' id='word_1_525' title='bbox 651 4285 1076 4359; x_wconf 81' lang='grc' dir='ltr'>Πυνθανομένων</span> <span class='ocrx_word' id='word_1_526' title='bbox 1104 4292 1214 4366; x_wconf 83' lang='grc' dir='ltr'><strong>γὰρ</strong></span> <span class='ocrx_word' id='word_1_527' title='bbox 1236 4296 1270 4365; x_wconf 81' lang='grc' dir='ltr'>ἡ</span> <span class='ocrx_word' id='word_1_528' title='bbox 1280 4294 1397 4365; x_wconf 87' lang='grc' dir='ltr'>μῶν</span> <span class='ocrx_word' id='word_1_529' title='bbox 1424 4295 1512 4355; x_wconf 80' lang='grc' dir='ltr'><strong>διὰ</strong></span> <span class='ocrx_word' id='word_1_530' title='bbox 1537 4297 1614 4362; x_wconf 85' lang='grc' dir='ltr'><strong>τί,</strong></span> <span class='ocrx_word' id='word_1_531' title='bbox 1660 4299 1791 4369; x_wconf 80' lang='grc' dir='ltr'>μιᾶς</span> 
     </span>
    </p>
   </div>
   <div class='ocr_carea' id='block_1_48' title="bbox 203 4373 1818 4462">
    <p class='ocr_par' dir='ltr' id='par_1_48' title="bbox 203 4373 1818 4462">
     <span class='ocr_line' id='line_1_48' title="bbox 203 4373 1818 4462; baseline 0.013 -37"><span class='ocrx_word' id='word_1_532' title='bbox 203 4373 518 4446; x_wconf 71' lang='grc' dir='ltr'>καταϐολῆς</span> <span class='ocrx_word' id='word_1_533' title='bbox 542 4375 729 4449; x_wconf 73' lang='grc' dir='ltr'>οὔσης,</span> <span class='ocrx_word' id='word_1_534' title='bbox 760 4378 827 4432; x_wconf 79' lang='grc' dir='ltr'>τὰ</span> <span class='ocrx_word' id='word_1_535' title='bbox 857 4380 955 4451; x_wconf 83' lang='grc' dir='ltr'>μὲν</span> <span class='ocrx_word' id='word_1_536' title='bbox 1000 4382 1286 4456; x_wconf 84' lang='grc' dir='ltr'>ἀκάθαρτα</span> <span class='ocrx_word' id='word_1_537' title='bbox 1333 4388 1618 4458; x_wconf 82' lang='grc' dir='ltr'>νομίζεται</span> <span class='ocrx_word' id='word_1_538' title='bbox 1652 4390 1818 4462; x_wconf 43' lang='grc' dir='ltr'>πρὸς,</span> 
     </span>
    </p>
   </div>
   <div class='ocr_carea' id='block_1_49' title="bbox 205 4463 1791 4555">
    <p class='ocr_par' dir='ltr' id='par_1_49' title="bbox 205 4463 1791 4555">
     <span class='ocr_line' id='line_1_49' title="bbox 205 4463 1791 4555; baseline 0.013 -38"><span class='ocrx_word' id='word_1_539' title='bbox 205 4463 434 4536; x_wconf 79' lang='grc' dir='ltr'>βρῶσιν,</span> <span class='ocrx_word' id='word_1_540' title='bbox 464 4467 534 4520; x_wconf 82' lang='grc' dir='ltr'>τὰ</span> <span class='ocrx_word' id='word_1_541' title='bbox 560 4467 615 4521; x_wconf 82' lang='grc' dir='ltr'><strong>δὲ</strong></span> <span class='ocrx_word' id='word_1_542' title='bbox 641 4470 737 4525; x_wconf 73' lang='grc' dir='ltr'>καὶ</span> <span class='ocrx_word' id='word_1_543' title='bbox 765 4471 902 4543; x_wconf 84' lang='grc' dir='ltr'>πρὸς</span> <span class='ocrx_word' id='word_1_544' title='bbox 925 4472 1024 4545; x_wconf 85' lang='grc' dir='ltr'>τὴν</span> <span class='ocrx_word' id='word_1_545' title='bbox 1065 4476 1227 4547; x_wconf 78' lang='grc' dir='ltr'>ἀφήνο</span> <span class='ocrx_word' id='word_1_546' title='bbox 1252 4478 1655 4552; x_wconf 80' lang='grc' dir='ltr'><strong>δεισιδαιμόνως</strong></span> <span class='ocrx_word' id='word_1_547' title='bbox 1681 4482 1791 4555; x_wconf 84' lang='grc' dir='ltr'><strong>γὰρ</strong></span> 
     </span>
    </p>
   </div>
   <div class='ocr_carea' id='block_1_50' title="bbox 201 4555 1792 4635">
    <p class='ocr_par' dir='ltr' id='par_1_50' title="bbox 201 4555 1792 4635">
     <span class='ocr_line' id='line_1_50' title="bbox 201 4555 1792 4635; baseline 0.012 -27"><span class='ocrx_word' id='word_1_548' title='bbox 201 4555 275 4609; x_wconf 84' lang='grc' dir='ltr'><strong>τά</strong></span> <span class='ocrx_word' id='word_1_549' title='bbox 307 4556 535 4611; x_wconf 81' lang='grc' dir='ltr'>πλεῖστα</span> <span class='ocrx_word' id='word_1_550' title='bbox 557 4558 655 4631; x_wconf 86' lang='grc' dir='ltr'>τὴν</span> <span class='ocrx_word' id='word_1_551' title='bbox 690 4562 1010 4631; x_wconf 81' lang='grc' dir='ltr'>νομοθεσίαν</span> <span class='ocrx_word' id='word_1_552' title='bbox 1033 4563 1195 4635; x_wconf 75' lang='grc' dir='ltr'>ἔχειν·</span> <span class='ocrx_word' id='word_1_553' title='bbox 1239 4568 1298 4623; x_wconf 82' lang='grc' dir='ltr'>ὲν</span> <span class='ocrx_word' id='word_1_554' title='bbox 1349 4570 1408 4623; x_wconf 86' lang='grc' dir='ltr'><strong>δὲ</strong></span> <span class='ocrx_word' id='word_1_555' title='bbox 1436 4571 1646 4635; x_wconf 84' lang='grc' dir='ltr'>τούτοις</span> <span class='ocrx_word' id='word_1_556' title='bbox 1689 4573 1792 4626; x_wconf 77' lang='grc' dir='ltr'><strong>πά-</strong></span> 
     </span>
    </p>
   </div>
   <div class='ocr_carea' id='block_1_51' title="bbox 201 4647 1785 4734">
    <p class='ocr_par' dir='ltr' id='par_1_51' title="bbox 201 4647 1785 4734">
     <span class='ocr_line' id='line_1_51' title="bbox 201 4647 1785 4734; baseline 0.008 -32"><span class='ocrx_word' id='word_1_557' title='bbox 201 4647 291 4709; x_wconf 75' lang='grc' dir='ltr'><strong>λιν</strong></span> <span class='ocrx_word' id='word_1_558' title='bbox 316 4648 730 4721; x_wconf 80' lang='grc' dir='ltr'><strong>δεισιδαιμόνως</strong></span> <span class='ocrx_word' id='word_1_559' title='bbox 756 4653 867 4725; x_wconf 88' lang='grc'><strong>(55)</strong></span> <span class='ocrx_word' id='word_1_560' title='bbox 890 4656 1028 4727; x_wconf 80' lang='grc' dir='ltr'>πρὸς</span> <span class='ocrx_word' id='word_1_561' title='bbox 1070 4656 1245 4713; x_wconf 81' lang='grc' dir='ltr'>ταῦτα</span> <span class='ocrx_word' id='word_1_562' title='bbox 1282 4660 1458 4725; x_wconf 76' lang='grc' dir='ltr'>οὕτως</span> <span class='ocrx_word' id='word_1_563' title='bbox 1503 4661 1785 4734; x_wconf 75' lang='grc' dir='ltr'>ἐνήρξατοο</span> 
     </span>
    </p>
   </div>
   <div class='ocr_carea' id='block_1_52' title="bbox 199 4740 1786 4824">
    <p class='ocr_par' dir='ltr' id='par_1_52' title="bbox 199 4740 1786 4824">
     <span class='ocr_line' id='line_1_52' title="bbox 199 4740 1786 4824; baseline 0.009 -31"><span class='ocrx_word' id='word_1_564' title='bbox 199 4740 446 4813; x_wconf 81' lang='grc' dir='ltr'>Θεωρεῖν</span> <span class='ocrx_word' id='word_1_565' title='bbox 466 4741 579 4813; x_wconf 87' lang='grc'><strong>(56)</strong></span> <span class='ocrx_word' id='word_1_566' title='bbox 612 4743 715 4816; x_wconf 79' lang='grc' dir='ltr'><strong>ἔφη</strong></span> <span class='ocrx_word' id='word_1_567' title='bbox 747 4746 847 4809; x_wconf 89' lang='grc' dir='ltr'><strong>τάς</strong></span> <span class='ocrx_word' id='word_1_568' title='bbox 904 4748 1252 4821; x_wconf 78' lang='grc' dir='ltr'>ἀναστροφὰς</span> <span class='ocrx_word' id='word_1_569' title='bbox 1284 4752 1394 4806; x_wconf 72' lang='grc' dir='ltr'>καὶ-</span> <span class='ocrx_word' id='word_1_570' title='bbox 1416 4753 1515 4818; x_wconf 83' lang='grc' dir='ltr'>τὰς</span> <span class='ocrx_word' id='word_1_571' title='bbox 1548 4754 1786 4824; x_wconf 81' lang='grc' dir='ltr'><strong>ὁμιλίας,</strong></span> 
     </span>
    </p>
   </div>
   <div class='ocr_carea' id='block_1_53' title="bbox 1967 3651 3398 3724">
    <p class='ocr_par' dir='ltr' id='par_1_53' title="bbox 1967 3651 3398 3724">
     <span class='ocr_line' id='line_1_53' title="bbox 1967 3651 3398 3724; baseline -0.006 -12"><span class='ocrx_word' id='word_1_572' title='bbox 1967 3658 2160 3713; x_wconf 75' lang='lat' dir='ltr'><strong>inclusi</strong></span> <span class='ocrx_word' id='word_1_573' title='bbox 2195 3651 2461 3711; x_wconf 74' lang='lat' dir='ltr'><strong>notionem</strong></span> <span class='ocrx_word' id='word_1_574' title='bbox 2497 3651 2779 3724; x_wconf 70' lang='lat' dir='ltr'><strong>informat,</strong></span> <span class='ocrx_word' id='word_1_575' title='bbox 2811 3666 2877 3708; x_wconf 78' lang='lat' dir='ltr'><strong>ea:</strong></span> <span class='ocrx_word' id='word_1_576' title='bbox 2914 3652 3135 3707; x_wconf 72' lang='lat' dir='ltr'><strong>Aristwi</strong></span> <span class='ocrx_word' id='word_1_577' title='bbox 3165 3651 3398 3705; x_wconf 58' lang='lat' dir='ltr'><strong>scribtis.</strong></span> 
     </span>
    </p>
   </div>
   <div class='ocr_carea' id='block_1_54' title="bbox 1975 3826 3473 3904">
    <p class='ocr_par' dir='ltr' id='par_1_54' title="bbox 1975 3826 3473 3904">
     <span class='ocr_line' id='line_1_54' title="bbox 1975 3826 3473 3904; baseline -0.005 -16"><span class='ocrx_word' id='word_1_578' title='bbox 1975 3853 1994 3888; x_wconf 78' lang='grc' dir='ltr'><strong>ι</strong></span> <span class='ocrx_word' id='word_1_579' title='bbox 2040 3834 2218 3904; x_wconf 83' lang='lat' dir='ltr'><strong>Atque</strong></span> <span class='ocrx_word' id='word_1_580' title='bbox 2238 3832 2351 3896; x_wconf 88' lang='lat' dir='ltr'><strong>hic,</strong></span> <span class='ocrx_word' id='word_1_581' title='bbox 2376 3829 2556 3900; x_wconf 91' lang='lat' dir='ltr'><strong>inquit</strong></span> <span class='ocrx_word' id='word_1_582' title='bbox 2581 3829 2865 3896; x_wconf 66' lang='lat' dir='ltr'><strong>Aristaeus,</strong></span> <span class='ocrx_word' id='word_1_583' title='bbox 2890 3842 3068 3900; x_wconf 71' lang='lat' dir='ltr'><strong>operm</strong></span> <span class='ocrx_word' id='word_1_584' title='bbox 3091 3827 3328 3899; x_wconf 90' lang='lat' dir='ltr'><strong>pretium</strong></span> <span class='ocrx_word' id='word_1_585' title='bbox 3352 3826 3473 3882; x_wconf 86' lang='lat' dir='ltr'><strong>fue-</strong></span> 
     </span>
    </p>
   </div>
   <div class='ocr_carea' id='block_1_55' title="bbox 1895 3920 3469 3994">
    <p class='ocr_par' dir='ltr' id='par_1_55' title="bbox 1895 3920 3469 3994">
     <span class='ocr_line' id='line_1_55' title="bbox 1895 3920 3469 3994; baseline -0.004 -12"><span class='ocrx_word' id='word_1_586' title='bbox 1895 3927 1989 3994; x_wconf 92' lang='lat' dir='ltr'><strong>rit,</strong></span> <span class='ocrx_word' id='word_1_587' title='bbox 2026 3940 2241 3989; x_wconf 91' lang='lat' dir='ltr'><strong>eorum,</strong></span> <span class='ocrx_word' id='word_1_588' title='bbox 2274 3939 2398 3994; x_wconf 68' lang='lat' dir='ltr'><strong>quae</strong></span> <span class='ocrx_word' id='word_1_589' title='bbox 2428 3923 2495 3981; x_wconf 89' lang='lat' dir='ltr'><strong>ad</strong></span> <span class='ocrx_word' id='word_1_590' title='bbox 2522 3922 2833 3994; x_wconf 88' lang='lat' dir='ltr'><strong>propositas</strong></span> <span class='ocrx_word' id='word_1_591' title='bbox 2878 3936 2910 3976; x_wconf 92' lang='lat' dir='ltr'><strong>a</strong></span> <span class='ocrx_word' id='word_1_592' title='bbox 2946 3920 3106 3976; x_wconf 90' lang='lat' dir='ltr'><strong>nobis</strong></span> <span class='ocrx_word' id='word_1_593' title='bbox 3134 3920 3469 3990; x_wconf 63' lang='lat' dir='ltr'><strong>quaestiones</strong></span> 
     </span>
    </p>
   </div>
   <div class='ocr_carea' id='block_1_56' title="bbox 1895 4012 3467 4089">
    <p class='ocr_par' dir='ltr' id='par_1_56' title="bbox 1895 4012 3467 4089">
     <span class='ocr_line' id='line_1_56' title="bbox 1895 4012 3467 4089; baseline -0.006 -14"><span class='ocrx_word' id='word_1_594' title='bbox 1895 4019 2014 4089; x_wconf 88' lang='lat' dir='ltr'><strong>ipse</strong></span> <span class='ocrx_word' id='word_1_595' title='bbox 2062 4017 2364 4087; x_wconf 88' lang='lat' dir='ltr'><strong>respondit,</strong></span> <span class='ocrx_word' id='word_1_596' title='bbox 2422 4013 2615 4086; x_wconf 84' lang='lat' dir='ltr'><strong>paucis</strong></span> <span class='ocrx_word' id='word_1_597' title='bbox 2669 4014 2988 4070; x_wconf 89' lang='lat' dir='ltr'><strong>meminisse</strong></span> <span class='ocrx_word' id='word_1_598' title='bbox 3035 4031 3049 4068; x_wconf 86' lang='lat'>:</span> <span class='ocrx_word' id='word_1_599' title='bbox 3099 4012 3301 4083; x_wconf 86' lang='lat' dir='ltr'><strong>quippe</strong></span> <span class='ocrx_word' id='word_1_600' title='bbox 3342 4026 3467 4067; x_wconf 92' lang='lat' dir='ltr'><strong>cum</strong></span> 
     </span>
    </p>
   </div>
   <div class='ocr_carea' id='block_1_57' title="bbox 1896 4103 3472 4177">
    <p class='ocr_par' dir='ltr' id='par_1_57' title="bbox 1896 4103 3472 4177">
     <span class='ocr_line' id='line_1_57' title="bbox 1896 4103 3472 4177; baseline -0.004 -12"><span class='ocrx_word' id='word_1_601' title='bbox 1896 4110 2166 4167; x_wconf 87' lang='lat' dir='ltr'><strong>minutam</strong></span> <span class='ocrx_word' id='word_1_602' title='bbox 2198 4109 2366 4163; x_wconf 82' lang='lat' dir='ltr'><strong>nimis</strong></span> <span class='ocrx_word' id='word_1_603' title='bbox 2393 4106 2721 4177; x_wconf 89' lang='lat' dir='ltr'><strong>quibusdam</strong></span> <span class='ocrx_word' id='word_1_604' title='bbox 2759 4106 2814 4161; x_wconf 93' lang='lat' dir='ltr'><strong>in</strong></span> <span class='ocrx_word' id='word_1_605' title='bbox 2845 4106 3010 4161; x_wconf 86' lang='lat' dir='ltr'><strong>rebus</strong></span> <span class='ocrx_word' id='word_1_606' title='bbox 3040 4103 3366 4176; x_wconf 86' lang='lat' dir='ltr'><strong>legislatoris</strong></span> <span class='ocrx_word' id='word_1_607' title='bbox 3388 4104 3472 4159; x_wconf 84' lang='lat' dir='ltr'><strong>di-</strong></span> 
     </span>
    </p>
   </div>
   <div class='ocr_carea' id='block_1_58' title="bbox 1894 4196 3469 4276">
    <p class='ocr_par' dir='ltr' id='par_1_58' title="bbox 1894 4196 3469 4276">
     <span class='ocr_line' id='line_1_58' title="bbox 1894 4196 3469 4276; baseline -0.006 -17"><span class='ocrx_word' id='word_1_608' title='bbox 1894 4204 2178 4276; x_wconf 89' lang='lat' dir='ltr'><strong>ligentiam</strong></span> <span class='ocrx_word' id='word_1_609' title='bbox 2210 4202 2384 4259; x_wconf 91' lang='lat' dir='ltr'><strong>fuisse</strong></span> <span class='ocrx_word' id='word_1_610' title='bbox 2410 4201 2660 4271; x_wconf 86' lang='lat' dir='ltr'><strong>plerique</strong></span> <span class='ocrx_word' id='word_1_611' title='bbox 2708 4200 3046 4255; x_wconf 86' lang='lat' dir='ltr'><strong>arbitrentur</strong></span> <span class='ocrx_word' id='word_1_612' title='bbox 3089 4217 3102 4254; x_wconf 93' lang='lat'>:</span> <span class='ocrx_word' id='word_1_613' title='bbox 3160 4196 3469 4268; x_wconf 71' lang='lat' dir='ltr'><strong>cuiusmodi</strong></span> 
     </span>
    </p>
   </div>
   <div class='ocr_carea' id='block_1_59' title="bbox 1894 4289 3472 4367">
    <p class='ocr_par' dir='ltr' id='par_1_59' title="bbox 1894 4289 3472 4367">
     <span class='ocr_line' id='line_1_59' title="bbox 1894 4289 3472 4367; baseline -0.006 -16"><span class='ocrx_word' id='word_1_614' title='bbox 1894 4305 2046 4363; x_wconf 89' lang='lat' dir='ltr'><strong>sunt,</strong></span> <span class='ocrx_word' id='word_1_615' title='bbox 2074 4308 2196 4367; x_wconf 74' lang='lat' dir='ltr'><strong>quae</strong></span> <span class='ocrx_word' id='word_1_616' title='bbox 2217 4296 2284 4351; x_wconf 90' lang='lat' dir='ltr'><strong>de</strong></span> <span class='ocrx_word' id='word_1_617' title='bbox 2303 4295 2706 4351; x_wconf 88' lang='lat' dir='ltr'><strong>esculentorum</strong></span> <span class='ocrx_word' id='word_1_618' title='bbox 2739 4308 2804 4348; x_wconf 91' lang='lat' dir='ltr'><strong>ac</strong></span> <span class='ocrx_word' id='word_1_619' title='bbox 2830 4293 3245 4363; x_wconf 87' lang='lat' dir='ltr'><strong>poculentorum</strong></span> <span class='ocrx_word' id='word_1_620' title='bbox 3275 4289 3472 4345; x_wconf 81' lang='lat' dir='ltr'><strong>discri-</strong></span> 
     </span>
    </p>
   </div>
   <div class='ocr_carea' id='block_1_60' title="bbox 1893 4381 3470 4458">
    <p class='ocr_par' dir='ltr' id='par_1_60' title="bbox 1893 4381 3470 4458">
     <span class='ocr_line' id='line_1_60' title="bbox 1893 4381 3470 4458; baseline -0.006 -14"><span class='ocrx_word' id='word_1_621' title='bbox 1893 4389 2062 4454; x_wconf 88' lang='lat' dir='ltr'><strong>mine,</strong></span> <span class='ocrx_word' id='word_1_622' title='bbox 2095 4388 2337 4458; x_wconf 86' lang='lat' dir='ltr'><strong>itemque</strong></span> <span class='ocrx_word' id='word_1_623' title='bbox 2383 4387 2451 4444; x_wconf 89' lang='lat' dir='ltr'><strong>de</strong></span> <span class='ocrx_word' id='word_1_624' title='bbox 2494 4387 2857 4457; x_wconf 85' lang='lat' dir='ltr'><strong>impurarum</strong></span> <span class='ocrx_word' id='word_1_625' title='bbox 2880 4384 3241 4441; x_wconf 89' lang='lat' dir='ltr'><strong>animantium</strong></span> <span class='ocrx_word' id='word_1_626' title='bbox 3275 4381 3470 4437; x_wconf 91' lang='lat' dir='ltr'><strong>condi-</strong></span> 
     </span>
    </p>
   </div>
   <div class='ocr_carea' id='block_1_61' title="bbox 1898 4476 3473 4549">
    <p class='ocr_par' dir='ltr' id='par_1_61' title="bbox 1898 4476 3473 4549">
     <span class='ocr_line' id='line_1_61' title="bbox 1898 4476 3473 4549; baseline -0.006 -14"><span class='ocrx_word' id='word_1_627' title='bbox 1898 4481 2047 4536; x_wconf 89' lang='lat' dir='ltr'><strong>tione</strong></span> <span class='ocrx_word' id='word_1_628' title='bbox 2077 4488 2414 4536; x_wconf 90' lang='lat' dir='ltr'><strong>statuuntur.</strong></span> <span class='ocrx_word' id='word_1_629' title='bbox 2433 4478 2599 4536; x_wconf 85' lang='lat' dir='ltr'><strong>Nobis</strong></span> <span class='ocrx_word' id='word_1_630' title='bbox 2616 4493 2747 4548; x_wconf 87' lang='lat' dir='ltr'><strong>ergo</strong></span> <span class='ocrx_word' id='word_1_631' title='bbox 2773 4476 3239 4549; x_wconf 87' lang='lat' dir='ltr'><strong>percontantibus,</strong></span> <span class='ocrx_word' id='word_1_632' title='bbox 3275 4487 3473 4544; x_wconf 83' lang='lat' dir='ltr'><strong>quam-</strong></span> 
     </span>
    </p>
   </div>
   <div class='ocr_carea' id='block_1_62' title="bbox 1892 4564 3472 4636">
    <p class='ocr_par' dir='ltr' id='par_1_62' title="bbox 1892 4564 3472 4636">
     <span class='ocr_line' id='line_1_62' title="bbox 1892 4564 3472 4636; baseline -0.006 -9"><span class='ocrx_word' id='word_1_633' title='bbox 1892 4572 2105 4634; x_wconf 89' lang='lat' dir='ltr'><strong>obrem,</strong></span> <span class='ocrx_word' id='word_1_634' title='bbox 2166 4586 2291 4626; x_wconf 90' lang='lat' dir='ltr'><strong>cum</strong></span> <span class='ocrx_word' id='word_1_635' title='bbox 2339 4586 2448 4626; x_wconf 92' lang='lat' dir='ltr'><strong>una</strong></span> <span class='ocrx_word' id='word_1_636' title='bbox 2493 4572 2928 4626; x_wconf 82' lang='lat' dir='ltr'><strong>nmniumesset</strong></span> <span class='ocrx_word' id='word_1_637' title='bbox 2962 4568 3264 4636; x_wconf 84' lang='lat' dir='ltr'><strong>eademque</strong></span> <span class='ocrx_word' id='word_1_638' title='bbox 3311 4564 3472 4620; x_wconf 87' lang='lat' dir='ltr'><strong>moli-</strong></span> 
     </span>
    </p>
   </div>
   <div class='ocr_carea' id='block_1_63' title="bbox 1893 4656 3467 4729">
    <p class='ocr_par' dir='ltr' id='par_1_63' title="bbox 1893 4656 3467 4729">
     <span class='ocr_line' id='line_1_63' title="bbox 1893 4656 3467 4729; baseline -0.003 -15"><span class='ocrx_word' id='word_1_639' title='bbox 1893 4661 1992 4724; x_wconf 89' lang='lat' dir='ltr'><strong>tio,</strong></span> <span class='ocrx_word' id='word_1_640' title='bbox 2029 4659 2153 4716; x_wconf 88' lang='lat' dir='ltr'><strong>aliis</strong></span> <span class='ocrx_word' id='word_1_641' title='bbox 2175 4668 2357 4715; x_wconf 90' lang='lat' dir='ltr'><strong>tamen</strong></span> <span class='ocrx_word' id='word_1_642' title='bbox 2387 4661 2555 4727; x_wconf 92' lang='lat' dir='ltr'><strong>vesci,</strong></span> <span class='ocrx_word' id='word_1_643' title='bbox 2593 4660 2698 4715; x_wconf 91' lang='lat' dir='ltr'><strong>alia</strong></span> <span class='ocrx_word' id='word_1_644' title='bbox 2734 4660 2818 4715; x_wconf 88' lang='lat' dir='ltr'><strong>vel</strong></span> <span class='ocrx_word' id='word_1_645' title='bbox 2852 4660 3142 4729; x_wconf 84' lang='lat' dir='ltr'><strong>attingere,</strong></span> <span class='ocrx_word' id='word_1_646' title='bbox 3192 4656 3467 4726; x_wconf 80' lang='lat' dir='ltr'><strong>piaculum</strong></span> 
     </span>
    </p>
   </div>
   <div class='ocr_carea' id='block_1_64' title="bbox 1892 4747 3470 4823">
    <p class='ocr_par' dir='ltr' id='par_1_64' title="bbox 1892 4747 3470 4823">
     <span class='ocr_line' id='line_1_64' title="bbox 1892 4747 3470 4823; baseline -0.003 -15"><span class='ocrx_word' id='word_1_647' title='bbox 1892 4752 2188 4809; x_wconf 85' lang='lat' dir='ltr'><strong>haberetur</strong></span> <span class='ocrx_word' id='word_1_648' title='bbox 2230 4770 2245 4808; x_wconf 90' lang='lat'><strong>:</strong></span> <span class='ocrx_word' id='word_1_649' title='bbox 2295 4752 2412 4808; x_wconf 59' lang='lat' dir='ltr'><strong>haec</strong></span> <span class='ocrx_word' id='word_1_650' title='bbox 2459 4752 2615 4811; x_wconf 85' lang='lat' dir='ltr'><strong>enim</strong></span> <span class='ocrx_word' id='word_1_651' title='bbox 2655 4752 3040 4823; x_wconf 89' lang='lat' dir='ltr'><strong>superstitiose</strong></span> <span class='ocrx_word' id='word_1_652' title='bbox 3082 4758 3142 4804; x_wconf 93' lang='lat' dir='ltr'><strong>ut</strong></span> <span class='ocrx_word' id='word_1_653' title='bbox 3170 4747 3470 4819; x_wconf 87' lang='lat' dir='ltr'><strong>plurimum</strong></span> 
     </span>
    </p>
   </div>
   <div class='ocr_carea' id='block_1_65' title="bbox 199 4829 1790 4926">
    <p class='ocr_par' dir='ltr' id='par_1_65' title="bbox 199 4829 1787 4926">
     <span class='ocr_line' id='line_1_65' title="bbox 199 4829 1787 4926; baseline 0.009 -40"><span class='ocrx_word' id='word_1_654' title='bbox 199 4829 316 4926; x_wconf 75' lang='grc' dir='ltr'>οἷον</span> <span class='ocrx_word' id='word_1_655' title='bbox 338 4835 723 4906; x_wconf 73' lang='grc' dir='ltr'>ἐνεργάζονται</span> <span class='ocrx_word' id='word_1_656' title='bbox 747 4840 997 4910; x_wconf 83' lang='grc' dir='ltr'>πρᾶγμα·</span> <span class='ocrx_word' id='word_1_657' title='bbox 1018 4841 1175 4905; x_wconf 85' lang='grc' dir='ltr'>διότι,</span> <span class='ocrx_word' id='word_1_658' title='bbox 1198 4847 1392 4908; x_wconf 83' lang='grc' dir='ltr'>κακοῖς</span> <span class='ocrx_word' id='word_1_659' title='bbox 1409 4845 1568 4917; x_wconf 81' lang='grc' dir='ltr'>ὀμιλή</span> <span class='ocrx_word' id='word_1_660' title='bbox 1577 4864 1787 4912; x_wconf 83' lang='grc' dir='ltr'>σαντες,</span> 
     </span>
    </p>
   </div>
   <div class='ocr_carea' id='block_1_66' title="bbox 1901 4829 3470 4926">
    <p class='ocr_par' dir='ltr' id='par_1_66' title="bbox 1901 4839 3470 4915">
     <span class='ocr_line' id='line_1_66' title="bbox 1901 4839 3470 4915; baseline -0.003 -18"><span class='ocrx_word' id='word_1_661' title='bbox 1901 4844 2012 4913; x_wconf 92' lang='lat' dir='ltr'><strong>lege</strong></span> <span class='ocrx_word' id='word_1_662' title='bbox 2066 4843 2274 4899; x_wconf 88' lang='lat' dir='ltr'><strong>sancita</strong></span> <span class='ocrx_word' id='word_1_663' title='bbox 2323 4858 2465 4908; x_wconf 86' lang='lat' dir='ltr'><strong>esse,</strong></span> <span class='ocrx_word' id='word_1_664' title='bbox 2505 4859 2629 4915; x_wconf 62' lang='lat' dir='ltr'><strong>quae</strong></span> <span class='ocrx_word' id='word_1_665' title='bbox 2674 4858 2782 4898; x_wconf 93' lang='lat' dir='ltr'><strong>non</strong></span> <span class='ocrx_word' id='word_1_666' title='bbox 2814 4842 3000 4897; x_wconf 87' lang='lat' dir='ltr'><strong>minus</strong></span> <span class='ocrx_word' id='word_1_667' title='bbox 3031 4839 3411 4910; x_wconf 85' lang='lat' dir='ltr'><strong>superstitiose</strong></span> <span class='ocrx_word' id='word_1_668' title='bbox 3437 4853 3470 4892; x_wconf 90' lang='lat' dir='ltr'><strong>a</strong></span> 
     </span>
    </p>
   </div>
   <div class='ocr_carea' id='block_1_67' title="bbox 196 4924 1790 5005">
    <p class='ocr_par' dir='ltr' id='par_1_67' title="bbox 196 4924 1788 5005">
     <span class='ocr_line' id='line_1_67' title="bbox 196 4924 1788 5005; baseline 0.01 -28"><span class='ocrx_word' id='word_1_669' title='bbox 196 4924 536 4998; x_wconf 74' lang='grc' dir='ltr'>διαπροφάς</span> <span class='ocrx_word' id='word_1_670' title='bbox 566 4927 1026 5000; x_wconf 76' lang='grc' dir='ltr'>ἐπιλαμϐάνουσιν</span> <span class='ocrx_word' id='word_1_671' title='bbox 1056 4933 1354 5005; x_wconf 79' lang='grc' dir='ltr'>ἄνθρωποι,</span> <span class='ocrx_word' id='word_1_672' title='bbox 1385 4938 1480 4992; x_wconf 78' lang='grc' dir='ltr'><strong>καὶ</strong></span> <span class='ocrx_word' id='word_1_673' title='bbox 1507 4938 1788 4993; x_wconf 85' lang='grc' dir='ltr'>ταλαίπω-</span> 
     </span>
    </p>
   </div>
   <div class='ocr_carea' id='block_1_68' title="bbox 1901 4924 3462 5005">
    <p class='ocr_par' dir='ltr' id='par_1_68' title="bbox 1901 4934 3462 5000">
     <span class='ocr_line' id='line_1_68' title="bbox 1901 4934 3462 5000; baseline -0.003 -10"><span class='ocrx_word' id='word_1_674' title='bbox 1901 4934 2096 4992; x_wconf 65' lang='lat' dir='ltr'><strong>Iudaeis</strong></span> <span class='ocrx_word' id='word_1_675' title='bbox 2127 4937 2489 4992; x_wconf 81' lang='lat' dir='ltr'><strong>observentur</strong></span> <span class='ocrx_word' id='word_1_676' title='bbox 2523 4960 2538 4992; x_wconf 88' lang='lat'><strong>:</strong></span> <span class='ocrx_word' id='word_1_677' title='bbox 2584 4936 2675 4991; x_wconf 89' lang='lat' dir='ltr'><strong>ille</strong></span> <span class='ocrx_word' id='word_1_678' title='bbox 2704 4936 2853 4991; x_wconf 88' lang='lat' dir='ltr'><strong>hunc</strong></span> <span class='ocrx_word' id='word_1_679' title='bbox 2893 4934 2948 4989; x_wconf 88' lang='lat' dir='ltr'><strong>in</strong></span> <span class='ocrx_word' id='word_1_680' title='bbox 2981 4934 3223 4988; x_wconf 80' lang='lat' dir='ltr'><strong>modum.</strong></span> <span class='ocrx_word' id='word_1_681' title='bbox 3246 4945 3462 5000; x_wconf 86' lang='lat' dir='ltr'><strong>respon-</strong></span> 
     </span>
    </p>
   </div>
   <div class='ocr_carea' id='block_1_69' title="bbox 201 5018 1790 5104">
    <p class='ocr_par' dir='ltr' id='par_1_69' title="bbox 201 5018 1786 5104">
     <span class='ocr_line' id='line_1_69' title="bbox 201 5018 1786 5104; baseline 0.009 -34"><span class='ocrx_word' id='word_1_682' title='bbox 201 5034 289 5087; x_wconf 87' lang='grc' dir='ltr'><strong>ροι</strong></span> <span class='ocrx_word' id='word_1_683' title='bbox 317 5018 408 5072; x_wconf 81' lang='grc' dir='ltr'><strong>διὰ</strong></span> <span class='ocrx_word' id='word_1_684' title='bbox 430 5018 527 5073; x_wconf 74' lang='grc' dir='ltr'>τοῦ</span> <span class='ocrx_word' id='word_1_685' title='bbox 553 5020 653 5093; x_wconf 79' lang='grc' dir='ltr'><strong>ζῇν</strong></span> <span class='ocrx_word' id='word_1_686' title='bbox 687 5023 846 5077; x_wconf 86' lang='grc' dir='ltr'>είσιν·</span> <span class='ocrx_word' id='word_1_687' title='bbox 878 5023 974 5080; x_wconf 80' lang='grc' dir='ltr'>ἐὰν</span> <span class='ocrx_word' id='word_1_688' title='bbox 1023 5026 1082 5080; x_wconf 84' lang='grc' dir='ltr'><strong>δὲ</strong></span> <span class='ocrx_word' id='word_1_689' title='bbox 1139 5031 1322 5096; x_wconf 75' lang='grc' dir='ltr'>σοφοῖς</span> <span class='ocrx_word' id='word_1_690' title='bbox 1368 5030 1464 5083; x_wconf 74' lang='grc' dir='ltr'>καὶ</span> <span class='ocrx_word' id='word_1_691' title='bbox 1500 5030 1786 5104; x_wconf 86' lang='grc' dir='ltr'>φρονίμοις</span> 
     </span>
    </p>
   </div>
   <div class='ocr_carea' id='block_1_70' title="bbox 1901 5018 3470 5104">
    <p class='ocr_par' dir='ltr' id='par_1_70' title="bbox 1901 5025 3470 5100">
     <span class='ocr_line' id='line_1_70' title="bbox 1901 5025 3470 5100; baseline -0.001 -16"><span class='ocrx_word' id='word_1_692' title='bbox 1901 5029 2031 5085; x_wconf 80' lang='lat' dir='ltr'><strong>dere.</strong></span> <span class='ocrx_word' id='word_1_693' title='bbox 2045 5028 2250 5098; x_wconf 76' lang='lat' dir='ltr'><strong>coepit:</strong></span> <span class='ocrx_word' id='word_1_694' title='bbox 2295 5027 2479 5097; x_wconf 84' lang='lat' dir='ltr'><strong>Vides,</strong></span> <span class='ocrx_word' id='word_1_695' title='bbox 2518 5028 2716 5100; x_wconf 91' lang='lat' dir='ltr'><strong>inquit,</strong></span> <span class='ocrx_word' id='word_1_696' title='bbox 2742 5028 2879 5098; x_wconf 90' lang='lat' dir='ltr'><strong>ipse,</strong></span> <span class='ocrx_word' id='word_1_697' title='bbox 2909 5035 3115 5097; x_wconf 88' lang='lat' dir='ltr'><strong>quanta</strong></span> <span class='ocrx_word' id='word_1_698' title='bbox 3130 5025 3225 5079; x_wconf 90' lang='lat' dir='ltr'><strong>.vis</strong></span> <span class='ocrx_word' id='word_1_699' title='bbox 3250 5025 3322 5078; x_wconf 89' lang='lat' dir='ltr'><strong>sit</strong></span> <span class='ocrx_word' id='word_1_700' title='bbox 3349 5039 3470 5082; x_wconf 92' lang='lat' dir='ltr'><strong>mu-</strong></span> 
     </span>
    </p>
   </div>
   <div class='ocr_carea' id='block_1_71' title="bbox 198 5108 1790 5192">
    <p class='ocr_par' dir='ltr' id='par_1_71' title="bbox 198 5108 1785 5192">
     <span class='ocr_line' id='line_1_71' title="bbox 198 5108 1785 5192; baseline 0.009 -31"><span class='ocrx_word' id='word_1_701' title='bbox 198 5108 460 5175; x_wconf 80' lang='grc' dir='ltr'>συζῶσιν,</span> <span class='ocrx_word' id='word_1_702' title='bbox 485 5110 545 5185; x_wconf 72' lang='grc' dir='ltr'><strong>ἐξ</strong></span> <span class='ocrx_word' id='word_1_703' title='bbox 570 5114 795 5181; x_wconf 62' lang='grc' dir='ltr'>ἀγνοίας</span> <span class='ocrx_word' id='word_1_704' title='bbox 826 5115 1250 5188; x_wconf 78' lang='grc' dir='ltr'>ἐπανορθώσεως</span> <span class='ocrx_word' id='word_1_705' title='bbox 1288 5121 1367 5183; x_wconf 88' lang='grc' dir='ltr'><strong>είς</strong></span> <span class='ocrx_word' id='word_1_706' title='bbox 1395 5119 1486 5174; x_wconf 82' lang='grc' dir='ltr'><strong>τὸν</strong></span> <span class='ocrx_word' id='word_1_707' title='bbox 1526 5120 1639 5192; x_wconf 87' lang='grc' dir='ltr'>βίον</span> <span class='ocrx_word' id='word_1_708' title='bbox 1666 5122 1785 5189; x_wconf 80' lang='grc' dir='ltr'><strong>ἔτυ-</strong></span> 
     </span>
    </p>
   </div>
   <div class='ocr_carea' id='block_1_72' title="bbox 1901 5108 3472 5192">
    <p class='ocr_par' dir='ltr' id='par_1_72' title="bbox 1901 5116 3472 5191">
     <span class='ocr_line' id='line_1_72' title="bbox 1901 5116 3472 5191; baseline -0.004 -14"><span class='ocrx_word' id='word_1_709' title='bbox 1901 5131 1998 5177; x_wconf 68' lang='lat' dir='ltr'><strong>lua:</strong></span> <span class='ocrx_word' id='word_1_710' title='bbox 2029 5120 2447 5177; x_wconf 86' lang='lat' dir='ltr'><strong>consuetudinis</strong></span> <span class='ocrx_word' id='word_1_711' title='bbox 2470 5130 2635 5191; x_wconf 87' lang='lat' dir='ltr'><strong>atque</strong></span> <span class='ocrx_word' id='word_1_712' title='bbox 2663 5119 2946 5183; x_wconf 85' lang='lat' dir='ltr'><strong>societatis</strong></span> <span class='ocrx_word' id='word_1_713' title='bbox 2975 5137 2989 5174; x_wconf 92' lang='lat'><strong>:</strong></span> <span class='ocrx_word' id='word_1_714' title='bbox 3017 5126 3231 5187; x_wconf 75' lang='lat' dir='ltr'><strong>cumet</strong></span> <span class='ocrx_word' id='word_1_715' title='bbox 3263 5116 3472 5186; x_wconf 82' lang='lat' dir='ltr'><strong>impro-</strong></span> 
     </span>
    </p>
   </div>
   <div class='ocr_carea' id='block_1_73' title="bbox 196 5201 1790 5281">
    <p class='ocr_par' dir='ltr' id='par_1_73' title="bbox 196 5201 1784 5281">
     <span class='ocr_line' id='line_1_73' title="bbox 196 5201 1784 5281; baseline 0.009 -30"><span class='ocrx_word' id='word_1_716' title='bbox 196 5216 314 5270; x_wconf 76' lang='grc' dir='ltr'>χον.</span> <span class='ocrx_word' id='word_1_717' title='bbox 358 5201 810 5276; x_wconf 75' lang='grc' dir='ltr'>Διαστειλάμενος</span> <span class='ocrx_word' id='word_1_718' title='bbox 852 5202 944 5261; x_wconf 82' lang='grc' dir='ltr'><strong>οὖν</strong></span> <span class='ocrx_word' id='word_1_719' title='bbox 988 5207 1058 5260; x_wconf 84' lang='grc' dir='ltr'>τὰ</span> <span class='ocrx_word' id='word_1_720' title='bbox 1100 5212 1198 5281; x_wconf 74' lang='grc' dir='ltr'>τῆς</span> <span class='ocrx_word' id='word_1_721' title='bbox 1246 5210 1521 5276; x_wconf 71' lang='grc' dir='ltr'>εὐσεϐείας</span> <span class='ocrx_word' id='word_1_722' title='bbox 1570 5213 1665 5267; x_wconf 80' lang='grc' dir='ltr'><strong>καὶ</strong></span> <span class='ocrx_word' id='word_1_723' title='bbox 1709 5213 1784 5266; x_wconf 86' lang='grc' dir='ltr'><strong>δι-</strong></span> 
     </span>
    </p>
   </div>
   <div class='ocr_carea' id='block_1_74' title="bbox 1901 5201 3470 5281">
    <p class='ocr_par' dir='ltr' id='par_1_74' title="bbox 1901 5208 3470 5280">
     <span class='ocr_line' id='line_1_74' title="bbox 1901 5208 3470 5280; baseline -0.003 -12"><span class='ocrx_word' id='word_1_724' title='bbox 1901 5217 2085 5269; x_wconf 77' lang='lat' dir='ltr'><strong>borum</strong></span> <span class='ocrx_word' id='word_1_725' title='bbox 2139 5228 2207 5269; x_wconf 82' lang='lat' dir='ltr'><strong>ex</strong></span> <span class='ocrx_word' id='word_1_726' title='bbox 2257 5213 2610 5279; x_wconf 89' lang='lat' dir='ltr'><strong>commercio,</strong></span> <span class='ocrx_word' id='word_1_727' title='bbox 2653 5226 2872 5268; x_wconf 90' lang='lat' dir='ltr'><strong>morum</strong></span> <span class='ocrx_word' id='word_1_728' title='bbox 2917 5210 3283 5280; x_wconf 82' lang='lat' dir='ltr'><strong>corruptelam</strong></span> <span class='ocrx_word' id='word_1_729' title='bbox 3320 5208 3470 5278; x_wconf 85' lang='lat' dir='ltr'><strong>ejus-</strong></span> 
     </span>
    </p>
   </div>
   <div class='ocr_carea' id='block_1_75' title="bbox 267 5379 1790 5463">
    <p class='ocr_par' dir='ltr' id='par_1_75' title="bbox 267 5379 1779 5463">
     <span class='ocr_line' id='line_1_75' title="bbox 267 5379 1779 5463; baseline 0.009 -30"><span class='ocrx_word' id='word_1_730' title='bbox 267 5379 387 5463; x_wconf 76' lang='grc'><strong>(55)</strong></span> <span class='ocrx_word' id='word_1_731' title='bbox 431 5380 914 5463; x_wconf 58' lang='grc' dir='ltr'>Ἐπιμτῃσθῆναι</span> <span class='ocrx_word' id='word_1_732' title='bbox 953 5386 1255 5457; x_wconf 77' lang='grc' dir='ltr'><strong>βραχέων.</strong></span> <span class='ocrx_word' id='word_1_733' title='bbox 1311 5388 1491 5444; x_wconf 83' lang='lat' dir='ltr'><strong>Malim</strong></span> <span class='ocrx_word' id='word_1_734' title='bbox 1527 5390 1614 5444; x_wconf 86' lang='grc' dir='ltr'>διὰ</span> <span class='ocrx_word' id='word_1_735' title='bbox 1647 5390 1779 5463; x_wconf 82' lang='grc' dir='ltr'>βρα-</span> 
     </span>
    </p>
   </div>
   <div class='ocr_carea' id='block_1_76' title="bbox 1901 5379 3469 5463">
    <p class='ocr_par' dir='ltr' id='par_1_76' title="bbox 1901 5383 3469 5463">
     <span class='ocr_line' id='line_1_76' title="bbox 1901 5383 3469 5463; baseline -0.003 -19"><span class='ocrx_word' id='word_1_736' title='bbox 1901 5391 2054 5445; x_wconf 83' lang='grc' dir='ltr'>πάλιν</span> <span class='ocrx_word' id='word_1_737' title='bbox 2096 5398 2158 5463; x_wconf 59' lang='lat' dir='ltr'><strong>et</strong></span> <span class='ocrx_word' id='word_1_738' title='bbox 2186 5390 2628 5463; x_wconf 76' lang='grc' dir='ltr'>δεισιδαιμόνως,</span> <span class='ocrx_word' id='word_1_739' title='bbox 2685 5383 3306 5463; x_wconf 74' lang='lat' dir='ltr'><strong>quod__lacunam_satis</strong></span> <span class='ocrx_word' id='word_1_740' title='bbox 3355 5397 3469 5463; x_wconf 71' lang='lat' dir='ltr'><strong>non</strong></span> 
     </span>
    </p>
   </div>
   <div class='ocr_carea' id='block_1_77' title="bbox 194 5448 1790 5536">
    <p class='ocr_par' dir='ltr' id='par_1_77' title="bbox 194 5448 1695 5536">
     <span class='ocr_line' id='line_1_77' title="bbox 194 5448 1695 5536; baseline 0.028 -17"><span class='ocrx_word' id='word_1_741' title='bbox 194 5448 844 5536; x_wconf 53' lang='grc' dir='ltr'><strong>κάξινὲπειιιήετθῆνςιεοζ</strong></span> <span class='ocrx_word' id='word_1_742' title='bbox 944 5448 1014 5536; x_wconf 56' lang='grc' dir='ltr'><strong>ς’</strong></span> <span class='ocrx_word' id='word_1_743' title='bbox 1080 5448 1117 5457; x_wconf 83' lang='grc'><em>”</em></span> <span class='ocrx_word' id='word_1_744' title='bbox 1225 5527 1240 5536; x_wconf 88' lang='grc'><strong>.</strong></span> <span class='ocrx_word' id='word_1_745' title='bbox 1430 5529 1480 5536; x_wconf 87' lang='grc'><strong><em>--</em></strong></span> <span class='ocrx_word' id='word_1_746' title='bbox 1647 5448 1695 5463; x_wconf 72' lang='grc'>”</span> 
     </span>
    </p>
   </div>
   <div class='ocr_carea' id='block_1_78' title="bbox 1901 5448 3464 5536">
    <p class='ocr_par' dir='ltr' id='par_1_78' title="bbox 1901 5448 3464 5536">
     <span class='ocr_line' id='line_1_78' title="bbox 1901 5448 3464 5536; baseline -0.007 -19"><span class='ocrx_word' id='word_1_747' title='bbox 1901 5463 2089 5536; x_wconf 71' lang='lat' dir='ltr'><strong>explet.</strong></span> <span class='ocrx_word' id='word_1_748' title='bbox 2118 5460 2282 5536; x_wconf 66' lang='lat' dir='ltr'><strong>Forte</strong></span> <span class='ocrx_word' id='word_1_749' title='bbox 2312 5448 2720 5536; x_wconf 64' lang='lat' dir='ltr'><strong>sicjegendum&#39;</strong></span> <span class='ocrx_word' id='word_1_750' title='bbox 2736 5448 2790 5536; x_wconf 84' lang='lat' dir='ltr'><strong>et</strong></span> <span class='ocrx_word' id='word_1_751' title='bbox 2813 5454 3464 5536; x_wconf 39' lang='lat' dir='ltr'><strong>distinguendum-fuerit,</strong></span> 
     </span>
    </p>
   </div>
   <div class='ocr_carea' id='block_1_79' title="bbox 268 5520 1790 5606">
    <p class='ocr_par' dir='ltr' id='par_1_79' title="bbox 268 5520 1780 5606">
     <span class='ocr_line' id='line_1_79' title="bbox 268 5520 1780 5606; baseline 0.009 -33"><span class='ocrx_word' id='word_1_752' title='bbox 268 5520 390 5606; x_wconf 60' lang='grc' dir='ltr'><strong>ςξᾶ)</strong></span> <span class='ocrx_word' id='word_1_753' title='bbox 450 5520 578 5595; x_wconf 68' lang='grc' dir='ltr'>Τοῒςξ</span> <span class='ocrx_word' id='word_1_754' title='bbox 620 5520 890 5592; x_wconf 76' lang='grc' dir='ltr'><strong>πολλοῖς.</strong></span> <span class='ocrx_word' id='word_1_755' title='bbox 944 5524 1339 5598; x_wconf 82' lang='lat' dir='ltr'><strong>Reponeudum</strong></span> <span class='ocrx_word' id='word_1_756' title='bbox 1393 5529 1609 5585; x_wconf 89' lang='lat' dir='ltr'><strong>videtur</strong></span> <span class='ocrx_word' id='word_1_757' title='bbox 1652 5534 1780 5596; x_wconf 74' lang='grc' dir='ltr'>τοὺς</span> 
     </span>
    </p>
   </div>
   <div class='ocr_carea' id='block_1_80' title="bbox 1901 5520 3471 5606">
    <p class='ocr_par' dir='ltr' id='par_1_80' title="bbox 1901 5520 3471 5606">
     <span class='ocr_line' id='line_1_80' title="bbox 1901 5520 3471 5606; baseline -0.004 -21"><span class='ocrx_word' id='word_1_758' title='bbox 1901 5520 2057 5606; x_wconf 74' lang='grc' dir='ltr'>πάλιν</span> <span class='ocrx_word' id='word_1_759' title='bbox 2086 5531 2225 5606; x_wconf 60' lang='grc' dir='ltr'>πάνυ</span> <span class='ocrx_word' id='word_1_760' title='bbox 2255 5520 2661 5606; x_wconf 64' lang='grc' dir='ltr'>ᾆεισιδαῖμονως</span> <span class='ocrx_word' id='word_1_761' title='bbox 2687 5532 2815 5606; x_wconf 68' lang='grc' dir='ltr'>τοὺς</span> <span class='ocrx_word' id='word_1_762' title='bbox 2847 5520 3132 5606; x_wconf 56' lang='grc' dir='ltr'>Ἰουδαίους</span> <span class='ocrx_word' id='word_1_763' title='bbox 3150 5527 3283 5606; x_wconf 77' lang='lat' dir='ltr'><strong>,_vel</strong></span> <span class='ocrx_word' id='word_1_764' title='bbox 3307 5526 3471 5597; x_wconf 74' lang='grc' dir='ltr'>ἀρχου-</span> 
     </span>
    </p>
   </div>
   <div class='ocr_carea' id='block_1_81' title="bbox 201 5591 3309 5673">
    <p class='ocr_par' dir='ltr' id='par_1_81' title="bbox 201 5591 3309 5673">
     <span class='ocr_line' id='line_1_81' title="bbox 201 5591 3309 5673; baseline -0.007 -3"><span class='ocrx_word' id='word_1_765' title='bbox 201 5591 571 5673; x_wconf 42' lang='grc' dir='ltr'><strong>εολέῗῷςλ,ξ</strong></span> <span class='ocrx_word' id='word_1_766' title='bbox 651 5662 676 5673; x_wconf 71' lang='grc'><em>,</em></span> <span class='ocrx_word' id='word_1_767' title='bbox 809 5591 851 5673; x_wconf 13' lang='grc' dir='ltr'>,ί</span> <span class='ocrx_word' id='word_1_768' title='bbox 965 5669 977 5673; x_wconf 91' lang='lat'>_</span> <span class='ocrx_word' id='word_1_769' title='bbox 1026 5591 1040 5598; x_wconf 57' lang='grc'><em>’</em></span> <span class='ocrx_word' id='word_1_770' title='bbox 1152 5670 1160 5673; x_wconf 94' lang='lat'>_</span> <span class='ocrx_word' id='word_1_771' title='bbox 1215 5671 1226 5673; x_wconf 77' lang='lat'><strong><em>_</em></strong></span> <span class='ocrx_word' id='word_1_772' title='bbox 1759 5591 1773 5596; x_wconf 58' lang='grc'><em>”</em></span> <span class='ocrx_word' id='word_1_773' title='bbox 1893 5591 2602 5673; x_wconf 61' lang='lat' dir='ltr'><strong>ttévougSLaxsiojOat,_1ipbg</strong></span> <span class='ocrx_word' id='word_1_774' title='bbox 2624 5591 2993 5673; x_wconf 15' lang='grc' dir='ltr'>ταῦταήοῦτως</span> <span class='ocrx_word' id='word_1_775' title='bbox 3022 5595 3309 5673; x_wconf 72' lang='grc' dir='ltr'>ἐνήρξατο.</span> 
     </span>
    </p>
   </div>
   <div class='ocr_carea' id='block_1_82' title="bbox 264 5660 1780 5736">
    <p class='ocr_par' dir='ltr' id='par_1_82' title="bbox 264 5660 1780 5736">
     <span class='ocr_line' id='line_1_82' title="bbox 264 5660 1780 5736; baseline 0.009 -23"><span class='ocrx_word' id='word_1_776' title='bbox 264 5661 384 5736; x_wconf 75' lang='grc'><strong>(55)</strong></span> <span class='ocrx_word' id='word_1_777' title='bbox 421 5660 619 5716; x_wconf 73' lang='grc' dir='ltr'><strong>Πάλιν</strong></span> <span class='ocrx_word' id='word_1_778' title='bbox 641 5662 1111 5736; x_wconf 74' lang='grc' dir='ltr'>δεισιδαιμόνως.</span> <span class='ocrx_word' id='word_1_779' title='bbox 1137 5670 1413 5734; x_wconf 73' lang='lat' dir='ltr'><strong>Aristaeas,</strong></span> <span class='ocrx_word' id='word_1_780' title='bbox 1450 5679 1558 5724; x_wconf 88' lang='lat' dir='ltr'><strong>tam</strong></span> <span class='ocrx_word' id='word_1_781' title='bbox 1588 5686 1780 5726; x_wconf 88' lang='lat' dir='ltr'><strong>manu-</strong></span> 
     </span>
    </p>
   </div>
   <div class='ocr_carea' id='block_1_83' title="bbox 292 5669 1790 5743">
    <p class='ocr_par' dir='ltr' id='par_1_83' title="bbox 292 5669 1780 5743">
     <span class='ocr_line' id='line_1_83' title="bbox 292 5669 1780 5743; baseline 0.009 -30"><span class='ocrx_word' id='word_1_782' title='bbox 292 5669 384 5743; x_wconf 66' lang='grc'><strong>55)</strong></span> <span class='ocrx_word' id='word_1_783' title='bbox 421 5669 619 5716; x_wconf 74' lang='grc' dir='ltr'><strong>Πάλιν</strong></span> <span class='ocrx_word' id='word_1_784' title='bbox 641 5669 1111 5743; x_wconf 73' lang='grc' dir='ltr'>δεισιδαιμόνως.</span> <span class='ocrx_word' id='word_1_785' title='bbox 1137 5670 1413 5734; x_wconf 73' lang='lat' dir='ltr'><strong>Aristaeas,</strong></span> <span class='ocrx_word' id='word_1_786' title='bbox 1450 5679 1558 5724; x_wconf 88' lang='lat' dir='ltr'><strong>tam</strong></span> <span class='ocrx_word' id='word_1_787' title='bbox 1588 5686 1780 5726; x_wconf 88' lang='lat' dir='ltr'><strong>manu-</strong></span> 
     </span>
    </p>
   </div>
   <div class='ocr_carea' id='block_1_84' title="bbox 1901 5669 3467 5743">
    <p class='ocr_par' dir='ltr' id='par_1_84' title="bbox 1901 5669 3467 5743">
     <span class='ocr_line' id='line_1_84' title="bbox 1901 5669 3467 5743; baseline -0.003 -18"><span class='ocrx_word' id='word_1_788' title='bbox 1901 5669 1906 5673; x_wconf 87' lang='grc'><em>’</em></span> <span class='ocrx_word' id='word_1_789' title='bbox 1962 5672 2074 5741; x_wconf 74' lang='grc'><strong>(56)</strong></span> <span class='ocrx_word' id='word_1_790' title='bbox 2116 5671 2393 5743; x_wconf 58' lang='grc' dir='ltr'>Θεωρεῖνέ</span> <span class='ocrx_word' id='word_1_791' title='bbox 2436 5669 2595 5743; x_wconf 14' lang='lat' dir='ltr'><strong>Lege,</strong></span> <span class='ocrx_word' id='word_1_792' title='bbox 2626 5670 2859 5743; x_wconf 62' lang='lat' dir='ltr'><strong>(iamper;</strong></span> <span class='ocrx_word' id='word_1_793' title='bbox 2894 5686 3018 5725; x_wconf 92' lang='lat' dir='ltr'><strong>cum</strong></span> <span class='ocrx_word' id='word_1_794' title='bbox 3064 5670 3332 5734; x_wconf 61' lang='lat' dir='ltr'><strong>Aristaa;</strong></span> <span class='ocrx_word' id='word_1_795' title='bbox 3383 5675 3467 5722; x_wconf 71' lang='lat' dir='ltr'><strong>est</strong></span> 
     </span>
    </p>
   </div>
   <div class='ocr_carea' id='block_1_85' title="bbox 195 5741 2803 5825">
    <p class='ocr_par' dir='ltr' id='par_1_85' title="bbox 195 5741 2803 5825">
     <span class='ocr_line' id='line_1_85' title="bbox 195 5741 2803 5825; baseline 0.003 -41"><span class='ocrx_word' id='word_1_796' title='bbox 195 5741 439 5802; x_wconf 78' lang='lat' dir='ltr'><strong>scriptus</strong></span> <span class='ocrx_word' id='word_1_797' title='bbox 473 5749 637 5802; x_wconf 81' lang='lat' dir='ltr'><strong>quam</strong></span> <span class='ocrx_word' id='word_1_798' title='bbox 686 5750 944 5806; x_wconf 81' lang='lat' dir='ltr'><strong>excusus,</strong></span> <span class='ocrx_word' id='word_1_799' title='bbox 989 5741 1130 5796; x_wconf 79' lang='grc' dir='ltr'>πάνυ</span> <span class='ocrx_word' id='word_1_800' title='bbox 1172 5751 1379 5797; x_wconf 86' lang='lat' dir='ltr'><strong>tantum</strong></span> <span class='ocrx_word' id='word_1_801' title='bbox 1416 5743 1603 5798; x_wconf 85' lang='lat' dir='ltr'><strong>inserit</strong></span> <span class='ocrx_word' id='word_1_802' title='bbox 1639 5755 1780 5800; x_wconf 85' lang='lat' dir='ltr'><strong>mter</strong></span> <span class='ocrx_word' id='word_1_803' title='bbox 1804 5809 1818 5825; x_wconf 36' lang='grc' dir='ltr'><strong>θ</strong></span> <span class='ocrx_word' id='word_1_804' title='bbox 1889 5743 2033 5798; x_wconf 91' lang='lat' dir='ltr'><strong>enim</strong></span> <span class='ocrx_word' id='word_1_805' title='bbox 2069 5742 2333 5800; x_wconf 75' lang='lat' dir='ltr'><strong>orationis</strong></span> <span class='ocrx_word' id='word_1_806' title='bbox 2356 5741 2597 5798; x_wconf 87' lang='lat' dir='ltr'><strong>Eleazari</strong></span> <span class='ocrx_word' id='word_1_807' title='bbox 2631 5741 2803 5809; x_wconf 79' lang='lat' dir='ltr'><strong>priuci</strong></span> 
     </span>
    </p>
   </div>
   <div class='ocr_carea' id='block_1_86' title="bbox 1889 5741 2982 5809">
    <p class='ocr_par' dir='ltr' id='par_1_86' title="bbox 1889 5741 2982 5809">
     <span class='ocr_line' id='line_1_86' title="bbox 1889 5741 2982 5809; baseline -0.001 -11"><span class='ocrx_word' id='word_1_808' title='bbox 1889 5743 2033 5798; x_wconf 91' lang='lat' dir='ltr'><strong>enim</strong></span> <span class='ocrx_word' id='word_1_809' title='bbox 2069 5742 2333 5800; x_wconf 75' lang='lat' dir='ltr'><strong>orationis</strong></span> <span class='ocrx_word' id='word_1_810' title='bbox 2356 5741 2597 5798; x_wconf 87' lang='lat' dir='ltr'><strong>Eleazari</strong></span> <span class='ocrx_word' id='word_1_811' title='bbox 2631 5741 2982 5809; x_wconf 79' lang='lat' dir='ltr'><strong>principium.</strong></span> 
     </span>
    </p>
   </div>
  </div>
