3824 6226
364 208 477 281 ‘m

1011 219 1282 277 EUSEBll
1318 217 1803 275 CAESARIENSIS
1840 217 1992 275 OPP.
2036 217 2220 277 PARS
2257 217 2321 276 11.
2361 232 2432 262 --‘-
2469 220 2978 280 APOLOGETICA.

3515 227 3622 284 628

370 346 543 409 modi,
570 357 694 415 qua
726 343 780 398 in
813 341 980 399 tutius
1000 342 1126 398 vitae
1151 350 1358 412 pestem
1388 340 1677 407 redundet,
1723 339 1942 396 auferre

2060 340 2340 411 ιαιοσύνης
2403 340 2620 413 πρῶτον
2691 345 2721 396 ὁ
2775 343 3072 415 νομοθέτης
3132 342 3323 415 ἡμῶν,
3397 345 3490 398 καὶ
3538 345 3623 399 δι-

370 422 534 506 vulgo
568 434 811 500 soleant';
851 441 905 488 et
932 433 1259 502 sapientium
1294 446 1360 487 ac
1380 432 1729 501 prudentium
1758 431 1940 485 homi-

372 544 505 585 num
536 525 900 590 familiaritas,
936 524 1111 595 pulsis
1146 523 1469 593 ignorantiae
1499 522 1760 588 tenebris,
1783 522 1943 593 longe

373 622 649 678 saniorem
680 616 1028 673 instituenda;
1047 616 1171 670 vita:
1187 616 1454 670 rationem
1485 616 1729 670 edoceat.
1762 613 1944 680 Quare

370 714 650 784 legislator
684 719 895 773 noster,
939 724 1062 774 quae
1106 709 1174 763 ad
1219 709 1536 778 religionem
1564 708 1944 778 iustitiamque

370 804 754 874 pertinebant,
821 809 947 856 ante
1000 800 1185 854 omnia
1240 800 1516 869 sigillatim
1575 808 1630 853 et
1665 799 1945 853 enucleate

370 894 707 959 constitutis,
742 900 908 962 atque
938 891 1034 955 ila,
1071 900 1130 944 ut
1159 906 1269 945 non
1310 891 1474 945 modo
1500 890 1747 946 criminis
1773 905 1945 959 genus

369 1001 536 1041 omne
569 984 847 1054 conceptis
880 983 1039 1053 371
1071 983 1251 1037 verbis
1280 983 1616 1052 prohiberet,
1656 983 1750 1038 sed
1778 982 1943 1036 etiam

370 1091 565 1145 pinnas
607 1074 870 1130 divinitus
915 1088 946 1127 a
993 1072 1260 1127 scelerum
1304 1072 1623 1126 auctoribus
1680 1070 1945 1140 expetitas

370 1166 535 1236 quasi
587 1166 758 1236 digito
785 1163 1053 1219 indicaret
1091 1162 1351 1234 (primum
1400 1162 1544 1215 enim
1585 1160 1688 1215 hoc
1741 1162 1943 1230 posuit,

374 1258 547 1314 Deum
577 1272 745 1312 unum
771 1270 915 1319 esse,
942 1255 1100 1325 cujus
1129 1268 1248 1309 sese
1275 1254 1440 1309 rebus
1471 1255 1525 1307 in
1560 1253 1815 1310 omnibus
1850 1271 1946 1325 po.

373 1360 547 1409 testas
584 1357 796 1417 exerat,
855 1364 980 1406 cum
1012 1351 1097 1406 vis
1130 1348 1305 1419 ipsius
1327 1348 1511 1403 omnia
1544 1357 1825 1417 permeet:
1859 1348 1945 1401 ni-

375 1439 452 1492 hil
485 1453 611 1491 eum
643 1452 874 1506 prorsus
902 1438 1091 1504 latere,
1129 1438 1277 1508 quod
1311 1437 1367 1491 in
1401 1437 1562 1491 terris
1607 1437 1677 1493 ab
1712 1437 1940 1492 homini-

373 1531 479 1586 bus
507 1530 745 1586 obscure
773 1529 901 1585 licet
930 1532 1251 1601 occulteque
1274 1529 1367 1584 fiat
1394 1547 1408 1583 :
1438 1529 1550 1585 imo
1584 1546 1693 1585 non
1726 1547 1790 1585 ea
1819 1539 1944 1585 tan-

374 1633 514 1687 tum,
546 1636 669 1692 quae
690 1622 873 1693 reipsa
920 1621 1075 1686 ﬁant,
1105 1623 1198 1676 sed
1221 1621 1384 1675 etiam
1442 1636 1563 1690 quae
1592 1621 1774 1676 futura
1815 1622 1942 1688 sint,

2040 432 2203 497 δάξας
2287 432 2494 486 ἕκαστα
2573 433 2704 504 περὶ
2780 433 2984 486 τούτων
3066 433 3168 488 οὐκ
3258 436 3626 507 ἀπαγορευτι-

2044 526 2156 588 κῶς
2236 525 2427 596 μόνον,
2524 525 2637 579 ἀλλ’
2708 525 3055 590 ὲνδεικτικῶς
3129 525 3278 597 (57),
3360 529 3453 582 καὶ
3520 530 3625 594 τὰς

2045 618 2248 689 βλάϐας
2301 619 2601 691 προδήλους
2657 619 2750 672 καὶ
2816 619 2916 683 τὰς
2984 619 3090 673 ὑπὸ
3134 620 3269 673 Θεοῦ
3321 621 3626 692 γενομένας

2043 708 2360 779 ὲπιπομπάς
2384 712 2495 772 τοῖς
2530 708 2722 773 αἰτίοις
2747 709 3121 780 (προῦπέδειξε
3148 709 3255 781 γὰρ
3275 710 3385 778 (58)
3406 711 3625 780 πρῶτον

2045 801 2280 864 πάντων,
2317 802 2398 853 ὅτι
2432 799 2589 870 μόνος
2617 803 2645 854 ὁ
2677 800 2808 864 Θεός
2837 803 2975 865 ἐστι,
3001 802 3098 855 καλ
3120 801 3208 854 διὰ
3233 802 3449 856 πάντων
3472 805 3504 873 ἡ
3531 804 3628 856 δύ-

2044 909 2206 962 ναμις
2237 890 2402 945 αὑτοῦ
2431 892 2641 962 φανερὰ
2670 891 2899 960 γίνεται,
2947 894 3375 965 πεπληρωμένοι)
3421 896 3629 959 παντὶς

2042 983 2209 1037 τόπου
2240 986 2337 1054 τῆς
2370 983 2708 1046 δυναστείας,
2743 985 2838 1037 καὶ
2869 984 3024 1038 οὐθὲν
3055 986 3215 1039 αὑτὸν
3243 986 3490 1041 λανθάνει
3512 987 3631 1040 τῶν

2045 1075 2138 1127 ἐπὶ
2199 1076 2303 1144 γῆς
2339 1074 2637 1144 γινομένων
2689 1075 2779 1128 ὑπ’
2830 1073 3131 1145 ἀνθρώπων
3179 1077 3454 1146 κρυφίως,
3506 1076 3631 1129 ἀλλ’

2044 1163 2144 1217 ὅσα
2168 1164 2311 1218 ποιεί
2337 1178 2441 1230 τις,
2464 1164 2611 1235 αὐτῷ
2638 1163 2843 1235 φανερά
2876 1164 3177 1235 καθέστηκε
3197 1206 3212 1229 ,
3249 1166 3341 1219 καὶ
3368 1168 3437 1220 τὰ
3493 1167 3631 1236 μέλ-

2044 1251 2204 1307 λοντα
2231 1253 2514 1323 γίνεσθαι’
2560 1253 2712 1307 ταῦτ’
2741 1251 2833 1308 οῦν
2881 1253 3308 1326 ἐξεργαζόμενος
3358 1255 3631 1324 ἀκριϐῶς,

2045 1341 2139 1394 καὶ
2170 1341 2412 1412 πρόδηλα
2442 1340 2574 1405 θεὶς,
2614 1341 2831 1406 ἔδειξεν,
2880 1343 2982 1406 ὃτι,
3011 1342 3106 1394 xal.
3144 1341 3237 1395 ἐὰν
3263 1342 3484 1413 ὲννοηθῇ
3543 1359 3634 1406 τις

2045 1432 2243 1487 κακίαν
2277 1432 2565 1498 ἐπιτελεῖν,
2595 1434 2695 1486 οὐκ
2724 1433 2791 1486 ἂν
2815 1432 2989 1496 λάθοι,
3027 1433 3100 1504 μὴ
3130 1434 3211 1486 ὅτι
3246 1434 3341 1487 καὶ
3388 1431 3631 1505 πράξας,

2044 1524 2111 1578 δι’
2149 1525 2276 1596 ὅλης
2289 1527 2389 1597 τῆς
2417 1523 2735 1595 νομοθεσίας
2754 1526 2816 1577 τὸ
2842 1523 2936 1577 τοῦ
2959 1523 3094 1577 Θεοῦ
3118 1523 3343 1578 δυνατὸν
3360 1524 3641 1578 ἐνδεικνύ-

2051 1615 2255 1687 μενος).
2276 1615 2649 1686 Ποιησάμενος
2689 1610 2781 1668 οὖν
2811 1615 2908 1686 τὴν
2939 1615 3220 1686 καταρχὴν
3245 1614 3479 1684 ταύτην,
3530 1616 3635 1669 καὶ

375 1713 427 1767 ei
455 1710 666 1779 cognita
696 1710 808 1781 jam
831 1726 951 1767 esse
974 1721 1137 1780 atque
1165 1709 1507 1780 perspecta):
1537 1725 1659 1779 quae
1692 1726 1815 1765 cum
1853 1712 1943 1766 ille

2060 1707 2242 1773 ἱείξας,
2272 1708 2356 1760 ὅτι
2411 1708 2610 1771 πάντες
2653 1708 2702 1759 οἱ
2754 1706 2931 1760 λοιποὶ
2979 1707 3105 1778 παρ’
3141 1708 3291 1777 ἡμᾶς
3347 1706 3636 1778 ἄνθρωποι

375 1808 491 1854 tam
527 1809 813 1854 accurrate
847 1805 1288 1868 persequeretur,
1321 1799 1455 1851 etin
1495 1799 1742 1853 omnium
1771 1799 1947 1856 oculis

377 1889 689 1952 collocaret,
735 1889 901 1944 simul
934 1889 1040 1942 hoc
1067 1886 1313 1957 profecto
1337 1888 1544 1954 docuit,
1575 1889 1785 1945 nullum
1824 1904 1946 1942 om-

377 1980 510 2035 nino
546 1979 747 2043 scelus,
786 1977 871 2032 vel
916 1978 1101 2032 animo
1126 1985 1335 2032 tantum
1368 1987 1421 2033 et
1452 1979 1780 2045 cogitatione
1817 1994 1949 2033 con-

378 2080 616 2141 ceptum,
655 2069 855 2124 nedum
902 2079 962 2123 ut
996 2071 1175 2140 reipsa
1222 2078 1521 2139 patratum,
1586 2070 1756 2125 divini
1805 2070 1949 2124 oculi
2000 2064 2006 2070 ’

380 2161 550 2215 aciem
582 2159 816 2231 efiugere
845 2173 1010 2229 posse
1041 2177 1054 2212 :
1091 2174 1253 2229 quem
1287 2160 1339 2214 in
1372 2159 1557 2226 finem,
1604 2158 1805 2213 summi
1840 2156 1951 2211 Nu-

379 2253 547 2306 minis
580 2233 906 2322 potestatem
953 2259 1068 2307 tota
1117 2252 1322 2321 passim
1368 2251 1486 2321 lege
1530 2259 1945 2329 commonstrat.

379 2345 514 2401 Inde
568 2345 733 2419 igitur
787 2347 1122 2417 auspicatus,
1155 2344 1397 2400 ostendit
1437 2346 1719 2410 continuo,
1767 2344 1812 2398 si
1852 2358 1951 2398 nos

381 2448 594 2494 tantum
654 2438 913 2508 excipias,
970 2439 1237 2492 invectam
1291 2438 1358 2492 ab
1403 2438 1630 2507 reliquis
1695 2436 1952 2490 omnibus

380 2533 607 2586 deorum
636 2546 759 2587 esse
791 2531 1212 2595 multitudinem,
1246 2545 1369 2583 cum
1424 2539 1606 2585 tamen
1644 2528 1745 2582 ista
1779 2527 1952 2581 collu-

380 2621 468 2676 vie
492 2622 651 2693 longe
703 2621 1038 2690 potentiores
1086 2621 1162 2674 illi
1206 2621 1309 2691 ipsi
1344 2620 1472 2683 sint,
1504 2619 1597 2689 qui
1626 2618 1844 2674 divinos
1873 2618 1953 2672 ei-

382 2713 505 2769 dem
533 2714 769 2769 honores
802 2712 1005 2768 frustra
1033 2713 1337 2783 stolideque
1371 2713 1632 2767 tribuant.
1657 2709 1793 2766 Nam
1830 2725 1952 2780 quae

379 2805 469 2859 vel
499 2821 565 2860 ex
593 2804 794 2874 lapide,
835 2804 921 2859 vel
966 2820 1034 2859 ex
1064 2804 1212 2873 ligno
1239 2804 1530 2859 simulacra
1572 2802 1948 2865 conliaverint,

381 2896 649 2965 imagines
686 2896 904 2950 illorum
932 2911 1054 2951 esse
1083 2895 1353 2957 dictitant,
1381 2894 1474 2963 qui
1509 2893 1711 2962 aliquid
1742 2892 1951 2947 ducen-

2049 1798 2276 1862 πολλοὺς
2303 1797 2461 1863 θεοὺς
2484 1795 2623 1853 εἶναι
2650 1800 2981 1870 νομίζουσιν,
3016 1799 3170 1852 αὐτοὶ
3198 1799 3635 1871 δυναμικώτεροι

2049 1889 2227 1960 πολλῷ
2247 1888 2587 1953 καθεστῶτες
2619 1883 2693 1945 ὧν
2725 1890 2969 1945 σέϐονται
2997 1889 3261 1962 ματαίως.
3316 1890 3635 1962 Ἀγάλματα

2048 1981 2156 2051 γὰρ
2189 1981 2511 2050 ποιήσαντες
2568 1981 2631 2033 ὲκ
2681 1979 2908 2051 λίθωνῆ
2959 1979 3160 2044 ξύλων,
3209 1980 3424 2045 εἰκόνας
3466 1979 3637 2049 φασιν

2050 2067 2187 2124 εἶναι
2237 2069 2346 2123 τῶν
2386 2069 2712 2141 ἐξευρόντων
2747 2071 2969 2143 τιπρὸς
3000 2070 3060 2124 τὸ
3105 2071 3203 2143 ζῇν
3230 2073 3413 2135 αὐτοῖς
3437 2074 3635 2144 χρήσι-

2055 2181 2173 2234 μον,
2205 2157 2284 2226 οἷς
2316 2162 2699 2234 προσκυνοῦσι,
2735 2163 2886 2234 παρὰ
2912 2163 3078 2227 πόδας
3102 2164 3314 2234 ἔχοντες
3343 2163 3441 2235 τὴν
3481 2165 3637 2218 ἀναι-

2052 2253 2299 2326 σθησίαν.
2350 2252 2475 2306 Εἴτε
2516 2253 2625 2326 γὰρ
2666 2254 2776 2325 (59)
2819 2241 2951 2308 κατί
2988 2257 3163 2309 ἐκεῖνό
3203 2274 3286 2319 τις
3321 2255 3460 2326 θείη,
3491 2255 3637 2309 κατὰ

2050 2348 2149 2419 τὴν
2205 2345 2501 2418 ἐξεύρεσιν,
2539 2346 2817 2411 παντελῶς
2864 2348 3118 2419 ἀνόητον·
3166 2347 3276 2401 τῶν
3322 2347 3431 2419 γὰρ
3478 2350 3535 2401 ὲν
3564 2351 3632 2420 τῇ

2053 2440 2231 2492 κτίσει
2270 2438 2524 2501 λαϐόντες
2567 2438 2723 2501 τινὰ,
2774 2439 3097 2509 συνέθηκαν,
3141 2439 3235 2492 καὶ
3271 2438 3634 2509 προσαπέδει-

2056 2530 2150 2594 ξαν
2189 2527 2299 2593 (60)
2328 2526 2765 2597 εὐχρηστοτάτην
2794 2525 2892 2597 τὴν
2928 2526 3270 2595 κατασκευὴν
3325 2524 3504 2577 αὐτῶν
3525 2564 3541 2589 ,
3572 2525 3634 2577 οὐ

2055 2624 2379 2693 ποιήσαντες
2407 2617 2561 2673 αὐτοί
2578 2638 2590 2649 ·
2618 2619 2698 2673 διὸ
2718 2620 2872 2673 κενὸν
2894 2621 2989 2673 καὶ
3020 2620 3245 2691 μάταιον
3270 2618 3397 2681 τοὺς
3414 2618 3638 2688 ὁμοίους

2054 2714 2338 2769 ἀποθεοῦν.
2386 2714 2496 2767 Kal.
2535 2711 2643 2784 γάρ
2699 2712 2779 2765 ἔτι
2822 2715 2916 2766 καὶ
2949 2712 3044 2767 νῦν
3079 2710 3488 2782 εὐρετικώτεροι
3539 2711 3638 2763 καὶ

2054 2804 2519 2878 πολυμαθέστεροι
2545 2803 2653 2856 τῶν
2686 2802 2987 2874 ἀνθρώπων
3006 2803 3112 2855 τῶν
3142 2802 3270 2873 πρίν
3298 2805 3403 2855 εἰσι
3427 2801 3636 2867 πολλοὶ,

2056 2899 2149 2953 καὶ
2181 2899 2282 2951 οὐκ
2315 2896 2380 2950 ἂν
2410 2896 2660 2965 φθάνοιεν
2691 2896 2888 2958 αὐτοὺς
2918 2894 3368 2965 προσκυνοῦντες.
3404 2895 3513 2948 Καὶ
3544 2911 3638 2949 νο⁴

383 2992 465 3043 die
490 2990 613 3043 vitae
646 2986 995 3042 commodum
1029 2986 1364 3049 invenerint,
1404 2999 1655 3054 quosque
1679 2984 1794 3039 suis
1820 2984 1950 3054 ipsi-

383 3082 492 3096 ---ιιι
530 3073 697 3096 --ηιξη
725 3072 867 3096 λινες-ξ
900 3088 1058 3096 ...ι-...η
1091 3088 1273 3096 ,ιιι-ιιι..-
1295 3072 1477 3096 "LI-..-
1534 3087 1620 3096 ΑΛ..
1654 3071 1792 3096 Ωιι-,Α
1820 3088 1921 3096 -..Α

2060 2991 2306 3064 μιζουσιν
2338 2991 2388 3043 οἱ
2418 2989 2589 3042 ταῦτα
2617 2988 3012 3051 διαπλάσαντες
3053 2988 3146 3042 καὶ
3176 2987 3642 3059 μυθοποιῆσαντες

2098 3082 2124 3095 ὀ
2206 3081 2315 3096 If!“
2342 3083 2355 3096 ι
2554 3083 2566 3096 ο
2725 3078 2738 3096 Ι
3031 3079 3057 3096 Δ
3174 3069 3200 3095 θ’
3367 3079 3449 3096 'I'I"
3583 3081 3596 3096 ι

382 3082 496 3127 met
525 3073 700 3128 oculis
722 3072 871 3126 omni
899 3088 1062 3133 sensu
1087 3088 1275 3128 carere
1295 3072 1502 3138 vident,
1531 3087 1623 3127 eos
1654 3071 1794 3126 flexo
1815 3088 1955 3141 quo—

384 3179 493 3235 que
529 3179 670 3232 genu
718 3171 1070 3217 venerantur.
1118 3161 1186 3216 Et
1235 3162 1452 3231 quidem
1483 3178 1549 3216 eo
1586 3164 1953 3232 potissimum,

386 3254 534 3324 quod
571 3253 803 3324 alicujus
828 3253 907 3308 rei
931 3262 1184 3308 auctores
1229 3251 1453 3320 fuerint,
1487 3254 1555 3308 ad
1591 3256 1731 3311 hanc
1758 3255 1958 3310 divini-

388 3346 520 3401 tatis
541 3345 854 3415 opinionem
890 3344 1108 3408 adduci,
1145 3359 1375 3415 prorsus
1405 3346 1584 3399 insani
1611 3347 1807 3414 capitis
1829 3356 1913 3400 est
1940 3364 1953 3400 :

389 3438 588 3508 quippe
627 3438 720 3507 qui
774 3452 842 3492 ex
900 3436 967 3492 iis
1024 3436 1312 3503 duntaxat,
1365 3454 1487 3508 qua;
1538 3447 1817 3507 procreata
1843 3438 1957 3507 jam

388 3539 566 3592 erant,
590 3530 728 3584 inter
758 3543 878 3584 sese
903 3529 1165 3585 nonnulla
1194 3528 1600 3598 conjunxerint,
1652 3538 1815 3598 atque
1846 3529 1955 3583 uti-

390 3623 561 3678 litatis
588 3620 795 3691 aliquid
818 3618 1012 3678 aﬂerre
1038 3635 1201 3689 posse
1238 3618 1601 3684 ostenderint,
1636 3626 1693 3673 at
1720 3619 1959 3672 molitio-

390 3730 515 3769 nem
546 3729 736 3787 eorum
762 3728 829 3767 ne
855 3713 1132 3783 attigerint
1157 3712 1400 3782 quidem.
1434 3710 1690 3765 Vecordis
1713 3712 1877 3780 igitur
1896 3726 1961 3766 ac

389 3806 659 3861 dementis
692 3805 876 3872 fuerit,
919 3806 1050 3860 huic
1095 3804 1379 3859 hominum
1408 3804 1593 3875 generi
1622 3804 1958 3858 divinitatem

390 3897 667 3968 aﬂingere.
700 3896 991 3952 Enimvero
1020 3897 1395 3965 superioribus
1449 3896 1557 3951 illis
1591 3896 1749 3966 longe
1785 3896 1960 3949 soler~

391 3990 562 4042 tiores
592 3986 753 4041 hodie
797 3986 1251 4055 quamplurimos,
1300 4000 1366 4041 ac
1412 4002 1595 4040 rerum
1652 3986 1962 4053 cognitione

393 4078 805 4150 praestantiorcs
830 4076 1099 4144 invenias,
1141 4091 1281 4146 quos
1330 4076 1399 4131 ab
1428 4078 1547 4132 istis
1580 4078 1807 4147 proinde
1837 4086 1961 4130 tan-

393 4185 559 4240 quam
593 4170 725 4224 deos
754 4168 858 4222 coli
885 4169 1174 4237 oportebit.
1214 4168 1390 4237 Atque
1415 4169 1469 4222 hi
1492 4170 1777 4223 numinum
1814 4167 1964 4222 ﬁcto-

392 4278 485 4318 res
502 4270 559 4317 et
580 4262 864 4316 architecti
888 4262 1199 4316 Graecorum
1231 4261 1620 4330 sapientissimi
1652 4262 1841 4316 audire
1864 4276 1961 4315 vo-

2054 3082 2163 3135 τῶν
2206 3081 2473 3152 Ἑλλήνων
2520 3083 2569 3133 οἱ
2605 3078 2904 3149 σοφώτατοι
2955 3069 3305 3135 καθεστάναι.
3367 3079 3491 3132 Τῶν
3540 3081 3642 3151 μὲν

2054 3173 2163 3242 γὰρ
2183 3171 2357 3227 ἄλλων
2385 3170 2769 3241 πολυματαίων
2800 3170 2854 3221 τί
2888 3168 2970 3221 δεῖ
3004 3168 3205 3242 λέγειν,
3245 3169 3554 3237 Αἰγυπτίων
3579 3184 3643 3222 τε

2055 3264 2152 3319 καὶ
2202 3264 2311 3318 τῶν
2364 3261 2782 3335 παραπλησίων,
2833 3261 3028 3324 οἵτινες
3065 3261 3157 3313 ἐπὶ
3189 3260 3353 3332 θηρία
3402 3259 3643 3315 καὶτῶν

2057 3357 2302 3432 ἑρπετῶν
2328 3356 2398 3410 τὰ
2426 3356 2674 3419 πλεῖστα,
2706 3355 2800 3408 καὶ
2834 3354 2925 3407 ἐπὶ
2957 3353 3245 3407 κνωδάλων
3275 3352 3374 3426 τὴν
3412 3353 3642 3423 ἀπέρει-

2060 3468 2143 3505 σιν
2169 3448 2515 3520 πεποίηνται,
2550 3448 2645 3501 καὶ
2673 3447 2847 3500 ταῦτα
2878 3443 3243 3515 προσκυνοῦσι
3265 3483 3282 3509 ,
3325 3445 3420 3499 καὶ
3452 3444 3643 3497 θύουσι

2057 3541 2265 3603 τούτοις
2286 3539 2380 3592 καλ⁹
2414 3538 2548 3603 ζῶσι
2573 3539 2668 3591 καὶ
2696 3537 3086 3607 τελευτήσασι;
3115 3535 3504 3609 Συνθεωρήσας
3531 3536 3645 3589 τοι·

2057 3629 2262 3701 γαροῦν
2295 3630 2406 3700 (61)
2436 3628 2645 3682 ἕκαστα
2673 3628 2838 3697 σοφὸς
2869 3625 2943 3680 ὢν
2968 3628 2996 3679 ὁ
3018 3625 3315 3697 νομοθέτης
3336 3664 3352 3690 ,
3400 3624 3494 3677 καὶ
3536 3624 3645 3676 ὑπὸ

2058 3723 2193 3776 Θεοῦ
2238 3721 2747 3791 κατεσκευασμένος
2781 3722 2860 3783 εἰς
2894 3718 3189 3786 ἐπίγνωσιν
3217 3717 3324 3770 τῶν
3360 3715 3642 3775 ἁπάντων,

2060 3812 2421 3885 περιέφραξεν
2465 3812 2613 3883 ἡμᾶς
2655 3810 2970 3873 ἁδιακόποις
3022 3808 3219 3881 χάραξι
3257 3808 3351 3861 καὶ
3404 3807 3648 3877 σιδηροῖς

2061 3906 2317 3975 τείχεσιν,
2351 3905 2499 3967 ὅπως
2532 3902 2719 3973 μηδενὶ
2757 3901 2866 3955 τῶν
2904 3900 3078 3954 ἄλλων
3112 3899 3281 3953 ἐθνῶν
3333 3897 3647 3969 ἐπιμισγὼ-

2066 3994 2203 4065 μεθα
2236 3992 2378 4047 κατὰ
2414 3991 2600 4062 μηδὲν,
2636 3991 2790 4059 ἁγνοὶ
2823 3989 3166 4053 καθεστῶτες
3198 3990 3338 4043 κατὰ
3370 3989 3526 4059 σῶμα
3549 3988 3646 4041 καὶ

2062 4083 2204 4139 κατὰ
2234 4084 2432 4155 ψυχὴν,
2464 4081 2856 4152 ἀπολελυμένοι
2889 4082 3129 4153 ματαίων
3154 4080 3341 4146 δοξῶν,
3364 4080 3457 4132 τὸν
3486 4079 3647 4151 μόνον

2062 4177 2195 4231 Θεὸν
2244 4176 2338 4230 καὶ
2392 4174 2614 4228 δυνατὸν
2664 4173 2945 4245 σεϐόμενοι
2989 4174 3118 4244 παρ’
3145 4172 3272 4243 ὃλην
3315 4171 3415 4243 τὴν
3463 4173 3648 4224 πᾶσαν

2065 4266 2261 4320 κτίσιν.
2300 4262 2462 4318 Ὅθεν
2490 4263 2803 4333 Αἰγυπτίων
2841 4264 2889 4316 οἱ
2924 4261 3301 4334 καθηγεμόνες
3340 4262 3506 4332 ἱερεῖς
3552 4263 3650 4330 ὲγ-

392 4354 533 4406 lunt.
564 4350 726 4423 (Quid
769 4354 917 4407 enim
962 4351 1340 4422 Egyptiorum
1383 4351 1586 4415 dicam,
1621 4353 1953 4422 aliorumque

2067 4357 2364 4426 κεκυφότες
2397 4357 2478 4418 εις
2509 4354 2698 4421 πολλὰ,
2731 4353 2826 4408 καὶ
2862 4352 3255 4424 μετεσχηκότες
3280 4350 3648 4422 πραγμάτων,

392 4443 680 4507 similium,
711 4444 806 4513 qui
840 4444 895 4498 in
921 4442 1074 4508 feris,
1109 4443 1457 4513 serpentibus
1499 4458 1563 4497 ac
1587 4444 1958 4512 spurcissimis

394 4535 768 4590 animantibus
801 4551 896 4606 spc
926 4535 1077 4590 omni
1108 4535 1393 4601 collocata,
1420 4550 1514 4590 eas
1545 4536 1747 4589 divinis
1780 4536 1960 4589 hono-
1998 4548 2014 4599 ιζ-

392 4627 547 4681 ribus
574 4635 739 4696 atque
763 4625 1050 4681 sacriﬁciis
1070 4641 1179 4679 non
1202 4625 1445 4680 viventes
1464 4626 1647 4690 modo,
1677 4625 1769 4680 sed
1796 4627 1959 4681 etiam

392 4728 640 4773 mortuas
667 4716 1143 4790 prosequuntur?)
1174 4715 1291 4784 His,
1321 4718 1567 4789 inquam,
1597 4719 1855 4773 omnibus
1884 4720 1964 4774 le-

393 4809 620 4880 gislator
650 4810 740 4875 ille
779 4817 990 4874 noster,
1035 4810 1579 4880 uti‘sapientissimus
1630 4820 1768 4876 erat,
1801 4820 1964 4881 atque

394 4914 426 4956 ι
455 4901 567 4956 Deo
593 4917 777 4957 rerum
822 4900 892 4957 ad
931 4902 1177 4957 omnium
1213 4902 1578 4973 cognitionem
1612 4903 1812 4971 factus,
1838 4904 1964 4959 dili-

395 5002 585 5062 genter
634 4993 913 5063 expensis,
970 4993 1378 5065 inexpugnabili
1423 4995 1663 5065 quodam
1716 4996 1860 5051 vallo
1909 5004 1964 5051 et

467 5102 1053 5177 (57)ῌἙξνδεικτικῶς.
1102 5104 1360 5161 Aristaeas
1407 5116 1667 5177 uterque,
1714 5108 1959 5173 ἐνδίκως.

394 5173 510 5242 Ego
555 5174 691 5230 nihil
730 5185 917 5239 muto,
965 5192 1066 5232 nec
1103 5178 1399 5246 quidquam
1443 5173 1630 5232 deesse
1678 5180 1960 5234 arbitror:

399 5255 687 5324 sequentes
710 5247 854 5300 enim
882 5249 1176 5304 accusativi
1200 5247 1266 5302 ad
1295 5248 1543 5317 particip.
1585 5248 1820 5313 διδάξας,
1858 5249 1965 5303 ἀπὸ

397 5315 577 5375 κοινοῦ
603 5315 929 5370 referuntur.

468 5382 580 5453 (58)
620 5384 1018 5452 Προῢπέδειξε
1044 5385 1175 5456 γάρ.
1210 5385 1384 5441 Totus
1414 5387 1503 5443 hic
1541 5387 1710 5451 locus,
1756 5389 1820 5442 ad
1875 5389 1964 5444 illa

397 5467 574 5529 neque
605 5458 786 5515 verba,
824 5457 1043 5529 δυνατὸν
1076 5457 1502 5529 ἐνδεικνύμενος,
1544 5474 1666 5528 quae
1701 5459 1968 5515 habentur

397 5528 461 5578 Α.
484 5527 608 5582 υιι..
638 5528 945 5591 parenthesi
981 5527 1334 5583 includeudus
1368 5539 1470 5582 est.

471 5591 580 5662 (59)
620 5593 898 5670 Εῖτεγάρ.
927 5598 1208 5670 _Arisu£as,
1244 5599 1297 5651 si’
1322 5616 1373 5650 τι
1402 5596 1532 5670 γάρ,
1556 5601 1718 5669 longe
1749 5601 1963 5655 melius.

400 5660 494 5718 Est
526 5660 704 5717 autem
733 5660 855 5718 εἴτι
880 5667 987 5738 γὰρ
1016 5670 1134 5722 κατ’
1171 5660 1345 5722 ἐκεῖνό
1379 5660 1460 5733 τις
1481 5660 1627 5741 θείη,
1652 5660 1797 5726 idem
1854 5672 1967 5727 fere

2071 4445 2390 4515 ἀνθρώπους
2417 4442 2553 4497 Θεοῦ
2592 4440 3089 4516 προσονομάζουσιν
3130 4443 3278 4515 ἡμᾶς
3297 4457 3313 4471 ο
3338 4441 3368 4492 ὃ
3397 4443 3510 4504 τοῖς
3536 4439 3650 4493 λοι-

2073 4542 2195 4601 mi;
2217 4538 2278 4591 οὐ
2308 4538 2619 4608 πρόσεστιν,
2651 4537 2699 4587 εί
2731 4535 2804 4605 μή
2856 4550 2940 4596 τις
2976 4531 3190 4585 σέϐεται
3235 4533 3324 4585 τὸν
3369 4532 3489 4585 κατ’
3516 4532 3651 4604 ἁλή-

2074 4631 2223 4685 θειαν
2248 4629 2398 4682 Θεόν.
2428 4629 2565 4682 Ἀλλ’
2590 4628 2727 4680 εἰσὶν
2756 4625 3032 4699 ἄνθρωποι
3064 4624 3305 4696 βρωτῶν,
3323 4625 3416 4677 καὶ
3445 4624 3647 4689 ποτῶν,

2073 4722 2169 4776 καὶ
2202 4721 2440 4790 σκέπης·
2478 4722 2512 4790 ἡ
2540 4719 2649 4791 γὰρ
2679 4720 2829 4772 πᾶσα
2858 4717 3094 4780 διάθεσις
3120 4717 3299 4771 αὐτῶν
3340 4719 3434 4771 ἐπὶ
3472 4718 3651 4773 ταῦτα

2072 4814 2426 4883 καταφεύγει.
2460 4814 2584 4876 Τοῖς
2608 4812 2664 4865 δὲ
2695 4812 2827 4882 παρ’
2852 4812 2984 4881 ἡμῖν
3017 4811 3076 4863 έν
3101 4810 3275 4863 οὐδενὶ
3298 4810 3475 4864 ταῦτα
3500 4810 3652 4865 λελό-

2073 4922 2277 4974 γισται,
2313 4905 2442 4976 περὶ
2464 4903 2522 4958 δὲ
2554 4903 2653 4973 τῆς
2689 4901 2783 4957 τοῦ
2808 4900 2945 4954 Θεοῦ
2975 4900 3290 4966 δυναστείας
3318 4902 3385 4955 δι’
3408 4900 3530 4956 ὅλου
3552 4900 3651 4956 τοῦ

2074 4998 2172 5071 ζῇν
2212 4999 2246 5069 ἡ
2292 4996 2482 5068 σκέψις
2522 4996 2708 5060 αὐτοῖς
2743 4997 2910 5087 ἐστιν.
2943 4993 3135 5057 Ὅπως
3168 4990 3262 5048 οὖν
3290 4995 3483 5065 μηδενὶ
3525 5012 3650 5049 συν.

2074 5110 2237 5180 quod.
2259 5109 2313 5163 εῐ
2335 5127 2387 5181 τι
2409 5109 2518 5181 γὰρ
2546 5110 2720 5181 έκεῖνό
2748 5127 2832 5181 τις
2853 5105 2990 5163 εἶναι
3020 5108 3221 5177 τίθησι,
3246 5109 3328 5163 vel
3346 5107 3410 5181 εί
3435 5125 3516 5180 τῳ
3539 5108 3614 5178 γὰ

2074 5174 2252 5234 έκεῖνο
2308 5174 2447 5234 εἷναί
2477 5174 2531 5234 τι
2551 5174 2772 5239 δόξειεν-
2800 5180 2954 5244 Quod
2990 5174 3170 5233 autem
3206 5174 3612 5247 sequiturfxa':

2204 5249 2503 5373 ἐξεύρεσιν,
2534 5265 2630 5320 per
2656 5250 2989 5321 ἐπεξήγησιν
3011 5249 3301 5320 quamdam
3330 5249 3646 5316 adjunctum

2076 5336 2129 5373 vi
2170 5337 2198 5373 ρ
2228 5337 2310 5373 ur.

2076 5322 2310 5375 videtur.

2148 5391 2257 5460 (60)
2299 5390 2407 5445 Καὶ
2439 5388 2939 5460 προσαπέδειξαν,
2971 5398 3073 5460 etc.
3102 5388 3362 5443 Aristaeas
3392 5397 3645 5460 uterque,

2077 5460 2172 5515 καὶ
2202 5457 2624 5532 προσυπέδειξαν
2654 5458 2945 5532 εῦχρηστα,
2972 5459 3068 5532 τὴν
3094 5460 3436 5532 κατασκευὴν
3466 5457 3649 5532 αὐτῶν

2076 5532 2136 5582 οὐ
2190 5528 2508 5600 ποιήσαντες
2557 5528 2729 5583 αὐτοί.
2755 5528 2979 5600 'Recte,
3014 5528 3118 5583 nisi
3153 5529 3299 5599 quod
3330 5528 3505 5583 ποιεῖν
3547 5528 3647 5599 τὴν

2079 5599 2441 5671 κατασκευήν,
2472 5600 2634 5671 paulo
2666 5600 2843 5671 rarius
2866 5599 3095 5671 videtur.

2151 5670 2261 5741 (6i)
2309 5667 2639 5740 Τοιγαροῦν.
2672 5669 2860 5739 Arist.,
2896 5667 3009 5738 οὖν,
3041 5668 3257 5723 melius.
