3824 6226
300 211 405 266 629

1437 213 1760 272 PREPAR.
1802 214 2056 271 EVANG.
2097 213 2226 268 LIB.
2267 211 2403 270 γιιιι.

3443 210 3546 265 6250

293 330 660 401 αλισγόμενοι,
678 331 816 403 ¹μηδὲ
834 332 1144 403 ὁμιλοῦντες
1177 333 1379 404 φαύλῳ,
1398 334 1722 407 διαστροφάς
1744 337 1858 408 λαμ·

1983 336 2177 391 ferreis
2204 335 2362 406 quasi
2396 332 2669 388 moenibus
2704 338 2886 408 septos
2912 344 3033 385 esse
3062 344 3161 383 nos
3196 329 3550 400 munitosque

295 422 578 493 ϐάνοιμεν,
607 423 873 478 πάντοθεν
894 426 1042 495 ἡμᾶς
1080 425 1444 497 περιέφραξεν
1484 427 1747 493 ἁγνείαις,
1782 431 1876 483 καὶ

293 514 385 568 διά
411 513 652 584 βρωτῶν,
696 515 789 567 καὶ
836 515 1035 579 ποτῶν,
1088 517 1184 569 καὶ
1228 517 1392 588 ἁφῆς,
1420 519 1514 571 καὶ
1546 519 1732 591 ἀκοῆς,
1781 522 1875 575 καὶ

291 605 539 675 ὁράσεως
565 607 814 676 νομικῆς.
845 606 917 658 Τὸ
941 605 1050 677 γὰρ
1075 606 1303 659 καθόλου
1324 645 1338 671 ,
1393 609 1571 662 πάντα
1619 611 1755 681 πρὸς
1790 611 1874 665 τὸν

291 696 523 767 φυσικὸν
549 695 706 764 λόγον
735 697 893 766 ὃμοια
919 696 1276 767 καθέστηκεν,
1308 698 1413 751 ὑπὸ
1444 701 1570 769 μιᾶς
1592 700 1875 771 δυνάμεως

290 788 751 858 οἰκονομούμενα,
796 788 890 839 καὶ
929 787 1049 840 καθ’
1084 787 1142 841 ὃν
1174 788 1382 842 ἕκαστα
1416 788 1525 860 (62)
1557 789 1668 861 ἔχει
1717 790 1871 860 λόγον

293 878 485 949 βαθὺν,
518 879 611 948 ἀφ’
638 872 713 932 ὧν
740 878 1057 950 ἀπεχόμεθα
1089 878 1231 932 κατὰ
1253 880 1351 952 τὴν
1381 883 1574 952 χρῆσιν
1593 923 1607 947 ,
1655 883 1748 937 καὶ
1791 878 1873 948 οἷς

292 969 679 1043 συγχρώμεθα.
708 971 882 1041 Χάριν
914 970 971 1025 δὲ
1005 972 1422 1042 ὑποδείγματος,
1447 972 1506 1027 ἓν
1549 973 1582 1045 ἢ
1622 974 1871 1048 δεύτερον

289 1062 607 1134 ἐπιδραμών
633 1079 716 1116 σοι
744 1063 991 1133 σημανῶ.
1013 1065 1105 1134 Μὴ
1136 1064 1245 1136 γὰρ
1275 1067 1355 1129 εἰς
1385 1065 1475 1120 τὸν
1507 1083 1871 1121 καταπεπτωο

290 1156 426 1210 κότα
480 1154 634 1223 λόγον
679 1154 947 1227 εἰσέλθῃς,
997 1157 1079 1210 ὅτι
1137 1157 1287 1227 μυῶν
1330 1158 1424 1211 καὶ
1484 1158 1673 1230 γαλῆς,
1703 1159 1736 1230 ἦ
1763 1160 1871 1214 τῶν

287 1244 547 1298 τοιούτων
591 1246 749 1316 χάριν
816 1244 1133 1320 περιεργίας
1188 1244 1506 1317 ποιούμενος
1561 1248 1869 1319 ἐνομοθέτει

285 1335 465 1390 ταῦτα
490 1337 719 1408 Μωσῆς,
749 1336 885 1391 ἀλλά
911 1338 1049 1409 πρὸς
1076 1337 1246 1409 ἁγνὴν
1266 1401 1277 1407 _
1297 1338 1605 1409 ἐπίσκεψιν,
1623 1342 1717 1394 καὶ¹
1746 1341 1870 1413 τρός

289 1446 409 1482 πων
454 1427 815 1500 ἐξαρτισμδνλ,
863 1428 1212 1499 δικαιοσύνης
1243 1430 1407 1487 ἕνεκα
1440 1432 1651 1503 σεμνῶς
1690 1433 1868 1486 πάντα

284 1519 670 1573 άνατέτακται.
699 1518 819 1572 Τῶν
845 1520 953 1592 γὰρ
969 1521 1251 1584 πετεινῶν,
1269 1517 1350 1584 οἷς
1380 1520 1661 1593 χρώμεθα,
1689 1525 1867 1579 πάντα

281 1613 471 1682 ἥμερα
494 1609 824 1682 καθέστηκε,
860 1611 955 1665 καὶ
981 1611 1227 1682 διαφέρει
1249 1612 1626 1684 καθαριότητι,
1673 1618 1865 1685 πυροῖς

1979 425 2172 492 voluit,
2199 440 2267 479 ne
2291 438 2417 478 cum
2447 422 2581 477 aliis.
2599 406 2849 495 gentibus
2874 421 2959 474 vel
2994 421 3220 475 minimo
3247 421 3323 476 rei
3358 423 3550 491 cujus—

1976 532 2083 588 que
2139 515 2472 571 commercio
2528 513 2908 583 iungeremur,
2957 512 3051 567 sed
3090 527 3321 582 corpore
3383 515 3550 570 simul

1976 609 2267 678 animoque
2309 607 2467 674 casti,
2499 605 2844 676 {utiliumque
2895 604 3211 674 opinionum
3266 606 3546 664 erroribus

1973 699 2228 768 expediti,
2249 715 2416 754 unum
2435 713 2597 768 supra
2614 707 2894 753 creaturas
2931 712 3122 754 omnes
3155 714 3218 754 ac
3240 711 3545 771 praepoten-

1974 800 2082 846 tem
2121 791 2288 845 Deum
2319 791 2642 846 coleremus.
2672 783 2857 862 Itaque
2884 804 2984 846 nos
3018 790 3120 860 ipsi
3141 807 3357 862 quoque
3381 793 3544 867 372

1973 883 2248 954 principes
2276 880 2656 954 Egyptiorum
2681 880 3013 948 sacerdotes,
3044 880 3139 951 qui
3173 883 3335 939 altius
3374 885 3429 937 in
3460 898 3547 938 re-

1972 990 2095 1029 rum
2124 985 2437 1030 nostrarum
2483 988 2684 1029 arcana
2715 982 3092 1043 penetrarunt,
3131 975 3353 1046 proprio
3386 978 3544 1047 quasi

1971 1066 2213 1143 nomine,
2242 1064 2337 1120 Dei
2367 1066 2616 1121 homines
2659 1064 3018 1137 appellarunt.
3048 1065 3106 1121 ld
3133 1068 3279 1137 quod
3303 1067 3356 1121 in
3384 1067 3541 1133 alios,

1973 1158 2067 1230 qui
2096 1174 2126 1212 a
2157 1157 2269 1211 veri
2301 1156 2552 1212 Numinis
2585 1156 2734 1212 cultu
2780 1157 2943 1211 alieni
2998 1164 3146 1224 sunt,
3186 1159 3339 1213 nullo
3379 1159 3544 1215 modo

1970 1249 2264 1304 convenire
2308 1257 2504 1321 potest.
2560 1248 2669 1305 Eos
2702 1249 2849 1303 enim
2890 1248 3073 1319 potius
3104 1248 3234 1312 cibi,
3265 1258 3449 1319 potus,
3479 1266 3545 1308 ac

1970 1338 2281 1411 Vestimenti
2342 1339 2594 1393 homines
2652 1337 2983 1411 appellaris,
3042 1340 3243 1409 quippe
3306 1355 3544 1411 quorum

1970 1429 2187 1484 animus
2212 1430 2265 1485 in
2300 1444 2483 1482 rerum
2514 1428 2747 1483 istarum
2789 1444 2923 1484 cura
2949 1437 3097 1485 totus
3126 1438 3178 1483 et
3211 1430 3542 1500 cogitatione

1968 1530 2235 1576 versetur.
2293 1520 2450 1593 Apud
2494 1528 2717 1575 nostros
2767 1530 2974 1588 autem,
3030 1521 3124 1591 qui
3158 1521 3284 1576 vita:
3329 1529 3542 1591 tempus

1969 1612 2284 1667 universum
2316 1611 2370 1665 in
2399 1626 2508 1665 una
2537 1610 2737 1665 divinm
2759 1611 3048 1682 potestatis
3080 1612 3542 1682 contemplatione

282 1704 382 1757 καὶ
409 1702 656 1773 ὀσπρίοις
680 1701 936 1774 χρώμενα
957 1703 1093 1775 πρὸς
1116 1704 1339 1776 τροφὴν,
1366 1682 1476 1759 οἷον
1523 1682 1858 1779 περιστεραὶ,

1965 1704 2226 1775 deﬁgunt,
2262 1711 2463 1757 cuncta
2490 1702 2593 1756 ista
2625 1701 2832 1773 jacent.
2868 1701 3013 1772 Ergo
3046 1718 3114 1758 ne
3151 1718 3215 1758 ex
3243 1704 3409 1758 ullius
3438 1703 3541 1757 im—

280 1794 578 1867 τρυγόνες,
627 1795 860 1863 ἀτταγαὶ
886 1836 901 1860 ,
939 1797 1215 1867 πέρδικες.
1252 1796 1412 1850 ἔτιδὲ
1455 1799 1634 1868 χῆνες,
1672 1801 1764 1853 καὶ
1798 1800 1866 1854 τὰ

279 1886 423 1943 ἄλλα
443 1888 544 1940 ὅσα
568 1886 814 1942 τοιαῦτα.
838 1887 974 1958 Περὶ
1006 1881 1081 1940 ὧν
1105 1888 1161 1941 δέ
1184 1888 1556 1960 ἀπηγόρευται
1585 1890 1865 1956 πετεινῶν,

278 1981 539 2050 εὑρήσεις
558 1979 728 2051 ἀγριά
747 1998 807 2033 τε
828 1980 921 2034 καὶ
948 1981 1289 2052 σαρκοφάγα,
1313 1982 1405 2034 καὶ
1434 1981 1866 2036 καταδυναστεύ-

278 2085 414 2122 οντα
437 2071 503 2139 τῇ
532 2068 660 2140 περὶ
694 2068 833 2122 αὐτὰ
855 2067 1079 2139 δυνάμει
1103 2068 1171 2122 τὰ
1195 2068 1375 2135 λοιπὰ,
1412 2071 1504 2123 καὶ
1533 2069 1631 2142 τὴν
1660 2072 1866 2143 τροφὴν

280 2159 480 2229 ἔχοντα
532 2161 632 2230 τὴν
677 2160 982 2231 δαπάνησιν
1029 2161 1136 2214 τῶν
1177 2163 1593 2233 προειρημένων
1646 2164 1865 2235 ἡμέρων

283 2251 428 2318 μετά
455 2250 687 2314 ἀδικίας.
723 2249 800 2305 Οὐ
829 2251 986 2321 μόνον
1006 2253 1062 2306 δὲ
1086 2252 1277 2317 ταῦτα,
1304 2253 1440 2307 ἀλλὰ
1469 2255 1564 2308 καί¹
1612 2256 1737 2320 τοὺς
1763 2257 1864 2327 ἄρ-

276 2357 379 2399 νας
406 2341 501 2393 καὶ
528 2340 751 2411 ἐρίφους
773 2340 1098 2412 ἁρπάζουσι,
1134 2345 1229 2397 καὶ
1266 2345 1392 2408 τοὺς
1433 2343 1755 2416 ἀνθρώπους
1807 2345 1865 2398 δὲ

277 2431 553 2495 ἀδικοῦσι,
596 2433 824 2509 νεκρούς
861 2451 920 2487 τε
947 2436 1041 2488 καὶ
1098 2434 1324 2502 ζῶντας.
1384 2438 1720 2509 Παράσημον
1770 2432 1863 2492 οὖν

274 2517 436 2570 ἔθετο
467 2518 555 2572 διά
610 2519 839 2585 τούτων,
890 2522 1177 2595 ἀκάθαρτα
1227 2526 1628 2598 προονομάσας,
1674 2529 1756 2582 ὅτι
1805 2528 1863 2582 δέ

274 2609 395 2663 ἐστι
414 2608 524 2679 (65)
567 2611 709 2664 κατὰ
738 2611 948 2682 ψυχὴν,
985 2608 1067 2678 οἷς
1093 2617 1127 2687 ή
1163 2616 1450 2688 νομοθεσία
1491 2617 1862 2685 διατέτακται,

272 2699 594 2774 δικαιοσύνῃ
620 2705 980 2775 συγχρῆσθαι,
1006 2708 1093 2760 καὶ
1126 2708 1329 2780 μηδένα
1372 2711 1865 2769 καταδυναστεύειν

274 2791 611 2857 πεποιθότας
646 2794 792 2865 ίσχύῖ
824 2799 888 2867 τῇ
916 2797 1144 2866 ἑαυτῶν,
1172 2801 1296 2872 μηδ’
1337 2801 1688 2874 ἀφαιρεῖσθαι
1731 2805 1862 2879 μήθ’

274 2882 355 2947 ἓν,
381 2882 499 2937 ἀλλ’
523 2886 587 2938 ἐκ
610 2884 945 2941 δικαιοτάτου
996 2888 1110 2960 βίου
1162 2890 1539 2965 διακυϐερνᾷψ
1561 2895 1637 2960 ὠς
1661 2895 1729 2951 τὰ
1750 2897 1861 2953 τῶν

276 2976 976 3080 προειρημένωνπετεινῶν
1000 2982 1184 3080 ἥμερα
1216 2985 1330 3080 ζῶα
1357 2986 1491 3080 (64),
1520 2988 1588 3043 τὰ
1615 2991 1858 3064 φυόμενα
1884 3022 1928 3080 c

273 3067 385 3125 τῶν
414 3068 657 3140 ὀσπρίων
685 3071 778 3124 ἐπὶ
804 3076 906 3144 γῆς
936 3073 1168 3146 δαπανᾷ,
1202 3077 1296 3130 καὶ
1316 3078 1377 3131 οὐ
1401 3082 1857 3138 καταδυναστεύει

275 3161 413 3229 «rgo;
444 3160 540 3232 τὴν
583 3164 930 3243 ἐπαναίρεσιν
969 3166 1093 3221 οὔτε
1136 3168 1244 3222 τῶν
1271 3170 1710 3245 ⁵ὑποϐεϐηκότων
1733 3174 1857 3230 οὔτε

272 3251 383 3306 τῶν
407 3254 765 3320 συγγενικῶν.
793 3256 893 3310 Διά
920 3258 1125 3313 τούτων
1157 3255 1250 3314 οὖν
1291 3263 1609 3334 παρέδωκεν
1650 3269 1679 3320 ὁ
1701 3283 1861 3339 νομο-

272 3342 438 3412 θέτης
462 3345 821 3414 σημειοῦσθαι
861 3352 972 3413 τοῖς
1005 3355 1283 3417 συνετοῖς,
1323 3350 1462 3408 εἶναι
1500 3355 1738 3423 δικαίους
1776 3377 1855 3424 τε,

274 3433 369 3487 καὶ
402 3433 566 3503 μηδὲν
599 3435 863 3490 ἐπιτελεῖν
890 3437 999 3509 βίᾳ,
1035 3440 1189 3511 μηδὲ,
1218 3444 1285 3512 τῇ
1326 3443 1455 3515 περὶ
1474 3445 1671 3510 αὐτοὺς
1713 3448 1858 3519 ἰσχύϊ

272 3520 625 3587 πεποιθότας,
683 3524 901 3596 ἐτέρους
955 3529 1465 3592 καταδυναστεύειν.
1525 3535 1698 3588 Ὅπου
1751 3537 1859 3608 γὰρ

269 3613 382 3667 οὐδ’
407 3613 648 3683 ἅψασθαι
679 3616 884 3689 καθῆκε
910 3618 1016 3673 τῶν
1043 3624 1455 3694 προειρημένων
1491 3624 1580 3680 διά
1605 3627 1703 3698 τὴν
1731 3630 1858 3699 περὶ

269 3705 481 3759 ἕκαστα
510 3706 769 3774 διάθεσιν,
799 3710 915 3775 πῶς
946 3713 1006 3766 οὐ
1030 3714 1328 3782 φυλακτέον
1382 3719 1700 3774 παντάπασι
1730 3722 1857 3785 τοὺς

268 3798 510 3870 τρόπους
535 3801 616 3863 εἰς
640 3800 799 3855 τοῦτο
831 3804 1287 3878 κατακλεισθῆναι
1344 3810 1488 3883 (65);
1533 3813 1719 3867 Πάντα
1763 3810 1855 3869 οὖν

267 3890 339 3943 τὰ
366 3891 791 3962 συγχωρηθέντα
814 3897 906 3950 ἐπὶ
932 3897 1136 3952 τούτων
1170 3900 1391 3954 καὶτῶν
1418 3903 1633 3973 κτηνῶν
1665 3921 1856 3976 τροπο-

269 3979 447 4049 λογῶν
490 3983 784 4040 ἐκτέθεικε.
819 3988 892 4041 Τὸ
921 3990 1027 4060 γὰρ
1059 3990 1360 4061 διχη).εύειν
1394 3994 1489 4049 καὶ
1528 3996 1854 4057 διαστέλλειν

267 4072 444 4143 ὁπλῆς
469 4073 667 4145 ὄνυχας
684 4080 908 4148 σημεῖόν
932 4081 1046 4134 ἐστι
1066 4083 1159 4135 τοῦ
1180 4083 1508 4139 διαστέλλειν
1525 4087 1728 4142 ἕκαστα
1747 4089 1852 4143 τῶν

268 4163 526 4235 πράξεων
549 4166 644 4219 ἐπὶ
670 4166 733 4220 τὸ
763 4167 944 4233 καλῶς
969 4169 1110 4240 ἔχον.
1152 4173 1217 4226 Ἡ
1238 4173 1348 4246 γὰρ
1383 4177 1535 4246 ἰσχὺς
1569 4176 1677 4230 τῶν
1717 4179 1851 4235 ὅλων

269 4255 544 4325 σωμάτων
588 4256 728 4326 μετά
776 4259 1055 4328 ἐνεργείας
1104 4263 1386 4335 ἀπέρεισιν
1435 4267 1543 4338 (66)
1587 4269 1680 4321 ἐπὶ
1723 4271 1850 4333 τοὺς

1968 1795 2125 1867 probi
2162 1811 2263 1851 usu
2290 1803 2344 1849 et
2376 1794 2746 1853 familiaritate
2772 1792 2891 1848 vitii
2919 1794 3217 1865 quidquam
3249 1803 3303 1849 et
3335 1806 3535 1850 conta.

1967 1888 2144 1957 giouis
2172 1887 2513 1948 llaUI‘IalllllS,
2550 1885 2710 1941 certis
2749 1900 2850 1940 nos
2880 1901 2944 1940 ac
2993 1885 3251 1957 legitimis
3284 1885 3536 1941 esculen-

1969 1989 2173 2047 torum,
2226 1978 2668 2047 poculentorum,
2719 1985 2918 2043 tactus,
2971 1977 3213 2043 auditus,
3259 1985 3536 2047 aspectus,

1965 2068 2174 2140 legibus
2204 2084 2267 2122 ac
2292 2068 2648 2140 religionibus
2679 2066 2907 2122 vallatos
2942 2068 3177 2138 undique
3205 2082 3269 2121 ac
3299 2066 3539 2121 munitos

1965 2178 2086 2218 esse
2109 2163 2298 2216 voluit.
2333 2161 2404 2215 Ut
2430 2161 2598 2227 enim,
2631 2161 2678 2217 si
2708 2148 2918 2218 natura:
2962 2161 3229 2215 duntaxat
3270 2159 3537 2214 rationem

1965 2254 2244 2316 habueris,
2294 2262 2348 2307 et
2397 2251 2594 2308 similis
2650 2253 2906 2308 universe
2964 2252 3303 2306 conditionis
3355 2249 3540 2304 omnia

1965 2349 2097 2413 sint,
2127 2357 2181 2403 et
2200 2363 2308 2401 una
2333 2347 2636 2417 eademque
2667 2352 2931 2416 potestate
2970 2346 3346 2416 gubernentur
3374 2362 3396 2402 ε,
3420 2344 3537 2399 sin-

1962 2441 2090 2513 gula
2140 2450 2345 2506 tamen,
2398 2439 2599 2509 quibus
2647 2447 2741 2493 aut
2789 2438 3144 2500 abstinemus,
3183 2445 3275 2490 aut
3309 2436 3533 2499 utimur,

1964 2532 2074 2587 alto
2104 2531 2337 2601 quodam
2366 2529 2597 2584 consilio
2625 2537 2679 2582 et
2709 2527 2920 2581 ratione
2946 2528 3214 2580 nituntur.
3248 2525 3445 2594 Atque,
3478 2534 3537 2580 ut

1964 2637 2032 2676 ex
2063 2620 2250 2691 paucis
2283 2620 2522 2675 mstimes
2548 2627 2764 2685 czetera,
2796 2633 2964 2672 unum
3001 2626 3096 2673 aut
3143 2618 3374 2670 alterum
3410 2633 3536 2671 cur-

1965 2710 2070 2787 sim
2102 2711 2388 2779 attingam.
2423 2707 2569 2761 Cave
2600 2708 2768 2773 enim,
2806 2717 2857 2761 te
2906 2705 3132 2759 humilis
3178 2706 3313 2759 adeo
3345 2706 3536 2760 subeat

1964 2800 2295 2871 indignaque
2326 2798 2604 2870 cogitatio,
2641 2797 2798 2869 quasi
2828 2797 3090 2860 murium,
3127 2805 3222 2851 aut
3267 2799 3533 2850 mustela-

1962 2908 2110 2955 rum,
2160 2900 2255 2945 aut
2282 2901 2601 2945 caeterarum
2648 2888 2917 2960 ejusmodi
2952 2904 3135 2942 rerum
3181 2903 3347 2941 causa
3379 2887 3534 2941 valde

1962 2982 2251 3049 sollicitus,
2291 2996 2353 3036 ea
2384 2980 2562 3036 Moses
2614 2979 2943 3046 instituerit;
3000 2988 3155 3043 caste
3188 2978 3369 3032 omnia
3407 2993 3534 3032 san-

1961 3083 2152 3145 cteque
2182 3074 2397 3145 provisa
2438 3081 2584 3140 sunt,
2616 3083 2779 3144 atque
2826 3080 2887 3126 ut
2934 3072 3000 3125 ad
3038 3086 3273 3124 morum-
3314 3068 3531 3123 confor-

1958 3167 2255 3222 mationem
2300 3165 2529 3235 integre,
2572 3164 2651 3219 sic
2677 3165 2743 3219 ad
2770 3162 3081 3233 aequitatem
3144 3160 3527 3216 stabiliendum

1959 3256 2193 3328 graviter
2219 3262 2539 3325 matureque
2574 3254 2802 3310 sancita.
2824 3251 2961 3309 Nam
2993 3268 3057 3307 ex
3084 3252 3276 3306 avibus
3310 3252 3530 3322 quidem

1958 3363 2151 3403 vescas
2205 3355 2418 3401 tantum
2467 3363 2561 3401 eas
2607 3362 2731 3402 esse
2763 3339 2953 3411 voluit,
2987 3361 3109 3416 quae
3141 3360 3264 3401 cum
3318 3345 3530 3399 cicures

1957 3449 2141 3496 essent
2185 3455 2250 3495 ac
2302 3453 2623 3505 mansuetae,
2676 3430 2797 3494 tum
2825 3428 3036 3495 caeteris
3067 3440 3229 3509 longe
3258 3438 3526 3509 purior-es.

1957 3547 2064 3587 non
2096 3531 2199 3586 nisi
2229 3533 2408 3586 tritico
2435 3540 2487 3586 et
2532 3533 2899 3603 leguminibus
2927 3540 3305 3597 vescerentur;
3339 3532 3527 3599 cujus-

1958 3620 2106 3676 modi
2137 3630 2267 3676 sunt
2296 3622 2583 3687 columbae,
2640 3606 2906 3685 turtures,
2932 3629 3219 3692 attagenze,
3255 3622 3525 3691 perdices,

1957 3728 2198 3780 anseres,
2223 3729 2286 3767 ac
2321 3714 2542 3783 reliqua:
2580 3712 2630 3767 id
2662 3729 2854 3784 genus.
2878 3698 3086 3767 'Contra
3118 3728 3267 3776 vero,
3292 3728 3523 3782 quarum

1956 3804 2117 3861 nobis
2147 3820 2242 3858 esu
2279 3805 2626 3873 interdictum
2660 3815 2761 3869 est,
2797 3820 2890 3859 eas
2924 3786 3192 3858 immanes
3229 3819 3371 3868 esse,
3405 3819 3524 3857 car-

1956 3893 2227 3964 nibusque
2258 3896 2407 3965 pasci
2447 3898 2707 3966 reperies,
2742 3911 2840 3951 nec
2868 3896 2922 3949 in
2955 3896 3091 3951 alias
3125 3895 3290 3949 modo
3321 3896 3427 3949 vim
3459 3911 3523 3950 ac

1942 3983 2294 4054 tyrannidem
2319 3999 2592 4049 exercere,
2623 3984 2715 4039 sed
2741 4000 2931 4038 earum
2967 3985 3154 4051 etiam,
3204 4000 3342 4054 quas
3376 3985 3522 4039 cicu-

1955 4089 2043 4127 res
2086 4073 2198 4143 jam
2245 4082 2369 4130 ante
2395 4075 2657 4143 diximus,
2695 4076 2910 4130 laniena
2947 4075 3214 4147 injurinse
3263 4077 3519 4146 saginari.

1954 4164 2279 4235 Quanquam
2310 4182 2415 4219 non
2452 4166 2573 4221 illas
2600 4175 2834 4234 tantum,
2870 4169 2965 4223 sed
2995 4185 3166 4239 agnos
3210 4169 3371 4224 etiam
3408 4169 3524 4224 lim-

1953 4257 2160 4326 dosque
2191 4257 2432 4327 rapiunt,
2461 4258 2821 4330 hominesque
2844 4270 3089 4317 mortuos
3114 4260 3316 4331 pariter
3346 4261 3524 4314 viven-

266 4344 453 4417 ὤμους
477 4349 590 4420 ἔχει
618 4352 713 4405 καὶ
734 4353 801 4406 τά
825 4354 1009 4425 σκέλη.
1037 4356 1190 4410 Μετά
1217 4357 1498 4430 διαστολῆς
1522 4356 1615 4413 οὖν
1637 4360 1849 4414 ἅπαντα

1965 4358 2142 4418 :esque
2173 4349 2396 4403 laedunt.
2459 4348 2645 4420 itaque
2694 4352 2822 4406 dum
2855 4351 3097 4422 impuras
3133 4353 3253 4407 illas
3283 4352 3523 4422 appella-

264 4439 539 4494 ἐπιτελεῖν
574 4443 712 4514 πρὸς
734 4444 1081 4518 δικαιοσύνην
1110 4448 1428 4516 ἀναγκάζει,
1470 4449 1549 4521 τῷ
1589 4452 1847 4521 σημειοῦ-

267 4528 395 4584 σθαι
430 4532 541 4604 (67)
571 4532 660 4586 διὰ
691 4536 915 4591 τούτων.
953 4538 1073 4591 Ἔτι
1101 4539 1158 4592 δέ
1181 4540 1275 4593 καὶ
1297 4541 1431 4595 διότι
1459 4543 1609 4613 παρὰ
1642 4544 1850 4607 πάντας

261 4621 588 4692 ἀνθρώπους
607 4625 983 4697 διεστάλμεθα.
1012 4631 1074 4682 Ui
1099 4628 1208 4701 γὰρ
1243 4630 1483 4696 πλείονες
1508 4632 1613 4685 τῶν
1646 4633 1848 4687 λοιπῶν

262 4711 497 4777 ἑαυτοὺς
525 4715 843 4784 μολύνουσιν
869 4718 1306 4790 ἐπιμισγόμενοι,
1345 4721 1723 4786 συντελοῦντες
1753 4741 1848 4794 με-

261 4802 438 4873 γάλην
472 4805 714 4859 ἀδικίαν·
742 4808 836 4861 καὶ
862 4808 1059 4879 χῶραι,
1088 4811 1182 4864 καὶ
1210 4811 1394 4876 πόλεις
1436 4812 1557 4866 ὅλαι
1592 4814 1684 4867 ἐπὶ
1724 4814 1847 4867 τού-

260 4910 379 4957 τοις
431 4896 802 4967 σεμνύνονται·
830 4900 891 4952 οὐ
943 4900 1103 4970 μόνον
1134 4900 1245 4974 γὰρ
1292 4902 1431 4974 πρὸς
1462 4904 1694 4975 ἄρρενας
1732 4905 1842 4976 (68)

333 5060 450 5127 (62)
490 5065 633 5144 Καθ’
659 5064 732 5118 ὃν
752 5066 1002 5144 ἔειΑαρντει.
1031 5070 1199 5127 Arist.
1227 5081 1476 5144 uterque.
1498 5090 1621 5130 cum
1654 5091 1845 5131 manu-

261 5146 371 5201 ξεν.
403 5134 680 5194 omnibus.
712 5136 833 5188 καθ’
857 5136 914 5189 ἒν
944 5138 1191 5196 ἕκαστον.
1221 5134 1611 5198 Οιιιιιῖηοίκαθ
1634 5146 1691 5198 ἐν
1715 5162 1841 5201 vera

262 5199 434 5281 lectio
479 5202 1101 5281 est:éxaota._rcti_neri
1147 5221 1343 5281 potest.
1403 5214 1612 5270 Mallem
1659 5199 1839 5271 tamen

261 5267 385 5323 καθ’
412 5271 471 5322 ἓν
502 5270 559 5323 δέ
581 5288 743 5340 quam
776 5277 868 5329 καὶ
892 5276 1011 5331 καθ’
1044 5280 1123 5335 ἓν.

334 5339 448 5410 (63)
481 5339 702 5424 "Ott
718 5343 868 5424 seu.
909 5349 1076 5424 Arist.
1112 5359 1373 5422 uterque,
1419 5353 1499 5407 ὅτι
1535 5354 1653 5408 δέον
1686 5355 1837 5420 ἐστι,

259 5424 388 5489 (ιυέ
404 5425 554 5489 _ver_a_
570 5414 703 5489 milii
738 5415 901 5489 lectio
933 5419 1047 5473 visa
1076 5430 1178 5477 est.

332 5478 447 5566 (βό)
649 5480 846 5566 Vocem
882 5488 1357 5566 hancirreptitiam
1374 5492 1645 5566 existimo,
1672 5512 1834 5566 quam

261 5555 448 5632 tamen
480 5564 784 5632 agnoscunt
835 5572 1046 5615 omnes.
1093 5555 1252 5618 certe
1294 5562 1360 5618 de
1398 5565 1588 5620 avibus
1625 5555 1835 5625 tantum

259 5619 536 5674 cicuribus
566 5622 760 5692 agitur.

1954 4446 2057 4503 ret,
2092 4454 2185 4494 eos
2216 4439 2399 4505 simul,
2433 4442 2635 4510 quibus
2686 4440 2832 4510 leges
2888 4440 3225 4507 ferebantur,
3277 4442 3518 4511 ipsarum

1950 4529 2096 4584 notis
2126 4545 2189 4583 ac
2213 4530 2475 4600 symbolis
2503 4530 2855 4597 admonebat,
2879 4531 3188 4600 aequitatem
3224 4531 3406 4586 animo
3434 4530 3520 4583 fo-

1949 4620 2178 4674 vendam
2227 4636 2293 4675 ac
2339 4621 2678 4676 retinendam
2731 4636 2873 4687 esse,
2920 4612 3159 4691 potentia
3202 4622 3521 4691 viribusque

1949 4712 2065 4767 suis
2093 4713 2160 4767 ad
2196 4713 2607 4783 opprimendam
2650 4714 2880 4768 aliorum
2930 4713 3260 4781 libertatem,
3288 4723 3383 4769 aut
3425 4729 3518 4770 eos

1949 4804 2058 4858 ullo
2091 4804 2168 4859 rei
2205 4820 2404 4876 genere
2446 4805 2761 4876 spoliandos
2816 4819 3096 4875 nunquam
3131 4804 3462 4860 abutendum
3501 4826 3514 4862 :

1944 4895 2039 4949 sed
2072 4897 2255 4966 potius
2296 4911 2509 4952 summa
2542 4912 2666 4951 cum
2705 4897 2960 4968 aequitate
3006 4896 3172 4951 vitam
3222 4896 3514 4952 instituen-

2014 5077 2124 5148 (65)
2163 5078 2706 5149 Κατακλεισθῆναι.
2753 5079 2998 5135 Aristeas
3041 5087 3291 5148 uterque,
3346 5096 3514 5133 κατα-

1942 5146 2256 5219 κλασθῆναι,
2285 5151 2499 5203 melius.

2014 5217 2143 5303 (66)
2164 5219 2518 5303 Ἀπέρεισιν.
2545 5218 2637 5302 Sic
2662 5219 2827 5303 Arist.
2854 5228 3102 5303 uterque,
3126 5218 3269 5303 quod
3305 5228 3514 5303 rectum

1940 5291 2490 5368 est;_quod_autem
2551 5292 2704 5360 prius
2768 5290 3074 5359 legebatur,
3132 5290 3275 5359 ειπερ
3332 5290 3513 5355 εἰσίν,

1939 5360 2164 5413 omnino
2205 5360 2481 5413 vitiosum.

1994 5426 2122 5508 .(67)
2164 5427 2246 5494 Τῷ
2279 5429 2579 5499 σημειοῦ.,
2603 5440 2707 5484 etc.
2738 5428 2900 5484 Iidem
2928 5430 3118 5496 Arist.,
3139 5429 3200 5482 τὸ
3230 5445 3387 5500 σημ.,
3425 5446 3514 5485 re-

1938 5507 2098 5552 ctius.

2010 5567 2120 5638 (68)
2143 5568 2314 5642 Πρὸς
2339 5570 2611 5638 appet-ac.
2635 5570 2829 5642 Arist“
2859 5572 2983 5633 τοὺς
3011 5570 3137 5642 ἄρῤ.
3166 5568 3329 5627 Forte
3358 5570 3494 5641 ἇῤῥε

1938 5656 2032 5702 νας
2064 5640 2195 5710 πρὸς
2220 5639 2469 5710 ἄρρενας,
2503 5643 2580 5696 vel
2615 5641 2837 5711 ἄρρεσιν
2866 5639 3120 5713 ἄρρενας.
