3824 6226
459 290 571 347 θίὅὸ

1093 286 1370 345 EUSEBH
1407 286 1893 346 CESARIENS‘IS
1929 289 2082 346 OPP.
2123 290 2305 346 PARS
2342 288 2408 346 ll.
2451 322 2521 330 —
2558 291 3062 349 APOLOGETICA.

3639 299 3739 355 656

460 412 694 466 aliorum
735 407 991 474 injuriam
1049 408 1199 464 abuti
1232 415 1397 463 vetat.
1432 406 1590 473 Quod
1624 406 1766 462 idem
1795 407 2019 463 similite

2157 407 2248 462 τοῦ
2278 409 2468 478 νόμου,
2500 408 2568 477 ἦν
2593 409 2873 480 προῆγμαι
2904 409 3235 480 διασαφῆσαί
3264 427 3367 475 σοι,
3388 412 3736 487 Φιλόκρατες,

460 501 518 557 in
573 501 979 572 prohibitarum
1011 499 1377 554 animantium
1418 505 1616 551 natura
1649 505 1705 551 et
1728 497 2044 553 conditione

459 594 725 665 reperias.
750 593 1110 648 Mustelarum
1144 592 1289 647 enim
1314 600 1371 646 et
1405 592 1671 655 murium,
1712 606 1778 646 ac
1819 600 2044 646 caetera-

456 700 581 739 rum
614 685 666 739 id
684 701 878 753 genus,
908 684 1111 751 quibus
1139 682 1285 737 haud
1309 683 1454 737 vesci
1481 680 1564 739 l‘as
1592 690 1695 745 est,
1734 681 2041 736 maleﬁcum

457 792 555 847 per
584 791 706 831 sese
759 775 1035 845 ingenium
1068 784 1173 830 est.
1205 773 1341 833 Nam
1381 789 1566 828 mures
1619 773 1864 842 quidem,
1915 788 2047 828 cum

454 867 547 921 nib
575 868 589 921 l
621 882 731 921 non
762 866 1010 921 alimenti
1061 867 1318 936 captandi
1365 882 1535 921 causa
1563 866 1810 920 inliciant
1839 880 1904 920 ac
1944 864 2041 920 de-

454 966 650 1023 terant,
686 970 800 1013 tum
826 960 991 1014 etiam
1028 958 1239 1013 homini
1273 959 1532 1027 deinceps
1554 958 1748 1012 inutile
1783 973 2037 1026 prorsus,

449 1048 720 1118 quidquid
750 1048 974 1103 demum
1020 1048 1345 1113 arroserint,
1371 1046 1631 1103 elliciunt.
1680 1045 2039 1105 Mustelarum

446 1155 579 1196 vero
625 1140 906 1212 singulare
948 1141 1228 1212 quoddam
1289 1155 1354 1195 ac
1405 1141 1688 1210 proprium
1725 1156 1900 1210 genus
1932 1148 2036 1195 est.

444 1228 583 1288 Nam
610 1244 808 1303 praeter
837 1235 914 1301 id,
945 1235 1091 1305 quod
1123 1233 1284 1304 paulo
1308 1242 1434 1288 ante
1455 1233 1718 1298 diximus,
1755 1228 2035 1289 exitialem

444 1325 649 1380 habent
701 1326 899 1381 nativae
925 1325 1340 1381 constitutionis
1384 1325 1681 1390 rationem,
1710 1340 1835 1379 eum
1874 1333 1929 1379 et
1952 1341 2040 1381 se-

442 1435 565 1473 men
610 1419 841 1475 auribus
897 1419 1233 1488 suscipiant,
1290 1427 1345 1472 et
1394 1432 1489 1471 ore
1527 1415 1739 1471 catulos
1790 1417 2028 1485 pariant.

440 1507 563 1575 Quo
602 1510 681 1575 (it,
743 1518 805 1565 ut
839 1510 1039 1565 similis
1075 1509 1360 1565 hominum
1396 1510 1547 1560 natio
1579 1507 1799 1575 impura
1835 1505 2032 1560 simili-

2150 496 2216 550 δι’
2242 497 2308 565 ἣν
2332 495 2475 568 ἔχεις
2491 497 2863 568 φιλομάθειαν.
2890 518 2909 551 ι
2940 498 3127 554 Ταῦτα
3144 500 3242 571 μὲν
3266 503 3295 554 ὁ
3315 502 3606 575 ἀρχιερεὺς
3628 509 3737 571 τοῖς

2149 586 2377 656 ἥκουσιν
2404 587 2480 651 ὡς
2508 587 2670 642 αὑτὸν
2684 588 2906 659 Ἕλλησι
2934 590 3061 661 περὶ
3076 591 3175 660 τῆς
3186 590 3485 663 ἀλληγορου
3493 595 3665 667 μένης
3683 598 3737 650 ἐν

2150 681 2263 742 τοῖς
2290 680 2456 750 ἱεροῖς
2485 679 2671 750 νόμοις
2701 679 2843 744 ἰδέας
2863 680 3210 747 διεστείλατο,
3230 683 3346 748 πῶς
3369 684 3436 738 ἂν
3482 687 3735 757 μέλλουσι

2149 772 2271 833 ταῖς
2332 769 2791 842 ἐκδοθησομὲναις
2868 771 3281 844 περιτεύξεσθαι
3344 774 3455 828 τῶν
3502 777 3734 848 Γραφῶν

2149 863 2499 934 ἑρμηνείαις·
2543 865 2572 917 ὁ
2608 863 2666 918 δὲ
2719 864 3146 936 Ἀριστόϐουλος,
3177 867 3273 920 καὶ
3311 867 3412 938 τῆς
3438 871 3560 924 κατ’
3597 870 3737 943 ’Δρί-

2148 955 2406 1028 στοτέλην
2453 956 2770 1027 φιλοσοφίας
2825 956 2960 1029 πρὸς
2990 960 3057 1029 τῇ
3110 958 3322 1030 πατρίῳ
3376 960 3733 1033 μετειληχὼς,

2142 1049 2304 1102 ὁποῖα
2332 1048 2460 1120 περὶ
2491 1049 2675 1104 τῶνὲν
2707 1052 2827 1115 ταῖς
2848 1050 3020 1122 ἱεραῖς
3040 1049 3239 1120 βίϐλοις
3268 1053 3585 1123 φερομένων
3604 1094 3621 1118 ,
3658 1055 3735 1119 ὡς

2142 1140 2273 1212 περὶ
2297 1139 2432 1194 Θεοῦ
2471 1140 2649 1213 μελῶν
2680 1142 2916 1214 διῆλθεν,
2951 1143 3252 1198 ἐπακοῦσαι
3298 1146 3507 1218 καιρός.
3563 1140 3733 1211 Οὗτος

2140 1230 2185 1284 δ’
2210 1232 2372 1297 αὐτὸς
2402 1234 2631 1298 ἐκεῖνος,
2661 1226 2722 1289 οὗ
2748 1235 2842 1291 καὶ
2874 1236 2907 1306 ἡ
2945 1234 3171 1307 δευτέρα
3208 1235 3318 1290 τῶν
3353 1237 3731 1293 Μακκαϐαίων

2142 1322 2201 1375 ἐν
2233 1322 2375 1393 ἀρχῇ
2402 1322 2505 1392 τῆς
2550 1321 2735 1392 βίϐλου
2791 1322 3147 1395 μνημονεύει,
3185 1325 3242 1379 ὲν
3262 1324 3341 1396 τῷ
3366 1328 3503 1397 πρὸς
3530 1329 3730 1384 Πτολε-

2144 1416 2301 1483 μαῖον
2325 1414 2416 1467 τὸν
2440 1413 2664 1484 βασιλέα
2692 1414 3297 1488 συγγράμματιτοῦτον.
3311 1419 3406 1472 καὶ
3430 1420 3595 1485 αὐτὸς
3613 1421 3747 1477 δια-.

2138 1508 2299 1575 σαφεῖ
2329 1505 2420 1559 τὸν
2445 1506 2667 1578 τρόπον.

438 1610 521 1658 ter
548 1612 602 1657 et
636 1604 894 1659 ohscmna
931 1603 1215 1658 habeatur.
1256 1599 1530 1670 Quidquid
1574 1599 1722 1654 enim
1756 1598 2038 1653 auditione
2075 1598 2404 1667 acceperint,
2422 1599 2617 1654 eidum
2633 1601 2882 1657 oratione
2912 1616 3117 1671 corpus
3142 1610 3198 1659 et
3238 1603 3409 1659 robur
3468 1604 3747 1673 induunt,,

436 1698 630 1751 eadem
662 1696 992 1768 contagione
1024 1704 1253 1750 caeteros
1284 1694 1585 1758 involvere,
1627 1692 1876 1759 adeoque
1935 1690 2196 1744 omnibus
2229 1690 2362 1760 ipsis
2411 1691 2642 1746 maculis
2707 1706 2774 1748 ac
2841 1694 3102 1750 sordibus
3142 1696 3441 1766 impietatis
3490 1698 3747 1754 notatis-7

436 1791 584 1856 simi,
613 1806 718 1845 non
748 1791 1025 1860 vulgarem
1083 1790 1269 1859 utique
1322 1786 1613 1842 colluviem
1645 1784 1856 1838 ellieere
1885 1791 2308 1838 consueverunt.
2372 1783 2536 1855 375
2598 1783 2775 1851 Quam
2813 1786 3098 1843 hominum
3168 1798 3375 1845 sectam
3442 1790 3570 1860 jure
3600 1807 3727 1862 pro-

435 1883 580 1939 fecto
626 1900 722 1938 rex
792 1885 907 1953 ipse
965 1893 1166 1951 vester,
1199 1897 1257 1938 ut
1286 1882 1433 1937 fama
1484 1890 1601 1948 est,
1640 1879 1887 1934 funditus
1952 1880 2318 1933 exterminare
2373 1888 2628 1934 conatur.
2669 1878 2770 1936 Hic
2812 1896 2936 1952 ego,
3001 1879 3296 1952 delatores,
3368 1888 3617 1956 inquam,
3668 1891 3725 1943 ni

434 1973 619 2037 fallor,
660 1975 943 2045 intelligis,
996 1991 1120 2030 cum
1147 1991 1244 2030 eos
1299 1982 1564 2045 perpetuo
1625 1988 1735 2027 non
1776 1980 1990 2027 tantum
2048 1973 2391 2039 verberibus,
2450 1975 2547 2030 sed
2592 1975 2757 2031 etiam
2821 1977 3149 2046 capitalibus
3192 1978 3371 2049 iisque
3424 1979 3733 2037 admodum.

433 2071 692 2141 gravibus
714 2072 1000 2141 suppliciis
1034 2072 1377 2142 insequatur.
1409 2069 1524 2141 Ego
1549 2084 1680 2124 vero
1700 2068 1824 2124 illos
1855 2068 2026 2139 ipsos,
2066 2069 2286 2139 inquit:
2338 2070 2603 2126 scelerate
2667 2071 2816 2126 enim
2859 2072 3148 2128 hominum
3206 2074 3261 2128 in
3293 2074 3596 2143 perniciem
3646 2076 3725 2129 in-

434 2164 675 2234 vigilant.
729 2166 890 2236 Atqui
942 2167 1028 2221 vei
1096 2169 1275 2235 reipsa
1308 2181 1669 2237 quemquam,
1723 2165 1809 2220 vel
1855 2167 2021 2220 etiam
2059 2166 2226 2221 verbo
2255 2166 2450 2221 violari
2479 2167 2564 2221 lex
2596 2176 2785 2223 nostra
2818 2176 2984 2224 vetat.
3023 2169 3091 2224 Et
3154 2170 3375 2241 quidem
3455 2170 3562 2224 hoc
3624 2170 3729 2230 tibi

432 2257 633 2323 adhuc,
667 2272 835 2327 quam
904 2258 1231 2313 brevissime
1299 2258 1415 2313 ﬁeri
1469 2259 1667 2328 potuit,
1725 2255 2092 2323 ostendimus,
2131 2258 2593 2325 quemadmodum
2621 2260 2789 2315 certis
2818 2259 2885 2314 ad
2912 2261 3228 2331 aequitatem
3252 2263 3458 2332 regulis
3498 2262 3745 2319 cantor...

431 2358 575 2403 mata
610 2350 722 2404 sint
760 2352 969 2416 omnia,
1008 2339 1253 2421 nihilque
1292 2351 1518 2407 omnino
1547 2351 1633 2405 vel
1663 2358 1885 2416 temere,
1932 2351 2014 2403 vel
2052 2349 2304 2405 fabulose
2373 2349 2657 2421 Scriptura
2723 2356 3019 2421 statuerit;
3068 2354 3163 2409 sed
3191 2369 3316 2409 eum
3340 2355 3612 2411 duntaxat
3663 2357 3727 2413 in

429 2438 614 2506 ﬁucln,
646 2452 725 2506 ut,
753 2441 1023 2513 quidquid
1074 2457 1325 2514 agamus,
1356 2441 1585 2512 justitia:
1615 2441 1810 2496 oliieiis
1839 2454 2005 2495 omne
2042 2454 2214 2510 genus
2248 2440 2531 2495 hominum
2560 2450 2672 2496 toto
2729 2443 2855 2498 vitm
2892 2453 3097 2499 nostrae
3119 2451 3364 2513 tempore
3416 2459 3721 2516 prosequa-

428 2553 574 2600 mur,
620 2539 806 2609 jugem
843 2555 909 2595 ac
937 2554 1235 2609 perennem
1286 2537 1381 2593 Dei
1450 2537 1805 2608 praepotentis
1853 2535 2181 2591 memoriam
2228 2536 2550 2592 retinentes.
2613 2536 2915 2593 Enimvero
2973 2538 3236 2609 quidquid
3283 2554 3379 2595 seu
3440 2542 3508 2595 de
3568 2541 3719 2597 cibo-

427 2644 545 2682 rum
597 2628 833 2693 delectu,
865 2644 961 2685 seu
992 2629 1059 2684 de
1085 2628 1255 2684 rebus
1289 2628 1611 2691 immundis,
1644 2642 1741 2682 seu
1818 2626 1891 2682 de
1935 2627 2281 2695 serpentibus
2340 2626 2533 2681 aliisve
2595 2628 2969 2684 animantibus
3031 2631 3366 2700 praecipitur,
3404 2646 3471 2686 eo
3500 2641 3716 2689 tantum

424 2732 649 2792 spectat,
688 2724 1871 2796 utantiquissimislegibushominuminter
1892 2739 2015 2779 sese
2053 2723 2286 2779 societas
2308 2724 2732 2793 eommunioque
2753 2734 3023 2780 teneatur.
3071 2723 3217 2781 Sane
3273 2726 3493 2796 quidem
3556 2727 3712 2784 Elea-

423 2833 584 2874 zarus
645 2820 926 2889 sapienter
977 2819 1208 2875 omnino
1235 2819 1507 2873 rationem
1547 2817 1614 2872 de
1646 2817 1882 2888 singulis
1920 2816 2149 2870 reddere
2217 2815 2524 2871 videbatur.
2573 2814 2712 2871 Nam
2777 2817 2846 2873 de
2911 2818 3121 2885 vitulis,
3183 2819 3471 2885 arietibus,
3520 2820 3709 2883 hircis,

422 2911 514 2978 qui
571 2909 836 2965 oll'erendi
895 2920 1102 2975 essent,
1134 2909 1280 2964 idem
1306 2910 1663 2982 adjungebat,
1683 2907 2081 2980 providendum
2121 2923 2244 2962 esse
2266 2908 2571 2977 diligenter,
2598 2917 2657 2971 ut
2680 2925 2744 2964 ex
2780 2910 3046 2964 armentis
3074 2919 3129 2965 et
3156 2912 3413 2982 gregibus
3461 2929 3712 2969 mansue-

421 3009 629 3063 tissima
664 3025 897 3079 quaeque
950 3010 1283 3080 legerentur,
1335 3007 1626 3078 ferumque
1659 3008 1793 3062 nihil
1843 3017 1899 3062 et
1936 3010 2177 3061 immane
2242 3006 2701 3062 sacriﬁcaretur:
2760 3022 2828 3062 eo
2869 3008 3157 3077 nimirum,
3194 3016 3276 3074 ut,
3331 3012 3426 3081 qui
3493 3012 3712 3065 sacriﬁ—

421 3102 564 3155 cium
609 3101 929 3166 oll‘erebaut,
958 3102 993 3156 ii
1037 3101 1105 3156 de
1136 3109 1408 3171 praecepto
1457 3100 1645 3155 divino
1676 3099 2000 3170 rogitantes,
2040 3097 2244 3152 nullius
2284 3098 2555 3166 superbiae
2622 3097 2954 3153 conscientia
3024 3109 3359 3154 tenerentur.
3428 3099 3534 3167 Qui
3565 3102 3711 3158 enim

421 3195 657 3250 hostiam
683 3197 1065 3251 immolaturus
1100 3204 1205 3264 est,
1239 3197 1285 3252 is
1318 3194 1543 3266 aliquod
1567 3195 1731 3251 simul
1757 3194 2095 3249 oll‘erendum
2136 3194 2384 3249 omnium
2440 3194 2611 3249 animi
2670 3210 2935 3250 sensuum
3000 3211 3203 3251 munus
3233 3197 3489 3253 instituit.
3532 3197 3711 3266 Quam

420 3288 586 3352 illius,
619 3288 675 3342 in
704 3298 894 3342 mutuo
942 3303 1243 3359 congressu
1300 3296 1528 3355 nostro,
1574 3300 1885 3356 susceptam
1932 3286 2019 3340 his
2058 3285 2125 3340 de
2189 3284 2356 3340 rebus
2424 3283 2855 3355 disputationem
2911 3289 3434 3343 commemoratione
3488 3288 3710 3360 dignam

420 3383 642 3450 putavi:
695 3397 759 3436 ac
811 3391 1125 3453 propterea,
1161 3390 1222 3437 ut
1288 3382 1476 3441 ardori
1543 3398 1765 3453 quoque
1821 3380 2069 3436 discendi
2133 3389 2247 3447 tuo,
2281 3381 2354 3434 mi
2400 3378 2764 3448 Philocrates,
2827 3381 3284 3451 obsecundarem,
3335 3387 3709 3455 augustiore'u

419 3476 566 3531 illam
589 3477 787 3534 divina:
814 3478 948 3549 legis
994 3479 1257 3550 speciem,
1302 3479 1719 3549 naturalemque
1765 3477 2092 3533 sententiam
2157 3477 2253 3532 tibi
2305 3477 2521 3546 aperire
2579 3476 2820 3533 decrevi.
2873 3497 2892 3531 ι
2923 3477 3049 3533 Ηαεο
3088 3489 3239 3547 ευηι,
3310 3497 3433 3551 qum
3498 3481 3708 3539 Graecis

417 3571 482 3625 ad
512 3587 572 3626 se
625 3573 810 3629 missis
839 3573 906 3629 de
933 3589 1097 3631 sensu
1141 3574 1321 3645 legum
1360 3590 1646 3631 sacrarum
1698 3574 1991 3649 allegorica
2053 3571 2299 3644 pontifex
2367 3573 2693 3642 enucleavit,
2741 3582 2823 3639 ut,
2873 3576 3335 3646 quemadmodum
3398 3588 3707 3649 susceptam

415 3680 602 3719 earum
652 3665 1158 3737 interpretationem
1189 3668 1259 3723 ab
1319 3682 1442 3723 sese
1474 3667 1701 3723 tractari
1759 3675 2057 3738 oporteret,
2098 3666 2482 3736 intelligerent.
2517 3664 2638 3721 Jam
2698 3682 2829 3723 vero
2883 3677 3100 3739 tempus
3163 3677 3277 3738 est,
3309 3671 3388 3725 uti
3425 3671 3717 3727 Aristobu-

415 3758 549 3825 lum,
581 3761 675 3830 qui
724 3760 793 3816 ad
849 3761 1208 3817 domesticam
1256 3762 1584 3832 sapientiam
1646 3761 2009 3818 Aristotelian
2046 3759 2407 3831 philosomiiaa
2472 3760 2717 3815 studium
2777 3761 3126 3832 adjunxerat,
3167 3762 3233 3817 de
3267 3764 3551 3829 membris,
3585 3782 3708 3835 qua:

414 3847 527 3906 Deo
581 3852 788 3921 passim
825 3852 880 3907 in
914 3852 1200 3924 Scriptura
1252 3853 1421 3908 tribui
1463 3854 1773 3921 videantur,
1824 3855 2192 3923 disputantem
2250 3850 2563 3906 audiamus.
2636 3852 2728 3907 Ille
2791 3864 2974 3919 autem
3031 3858 3144 3924 ipse
3188 3863 3297 3919 est,
3352 3856 3514 3925 cujus
3566 3859 3706 3914 liber

414 3940 855 3999 Machabreorum
923 3946 1201 4003 secundus
1259 3948 1362 4002 sub
1406 3947 1624 4001 initium
1667 3947 2001 4001 mentionem
2082 3942 2232 3997 facit.
2306 3939 2358 3997 Is
2410 3943 2578 4013 igitur
2613 3943 2669 3998 in
2712 3959 2813 4012 eo,
2867 3960 3032 4016 quem
3088 3945 3154 4000 ad
3206 3943 3564 4004 Ptolemaeum
3618 3966 3717 4009 re-

415 4052 534 4107 gem
568 4039 806 4109 scripsit,
828 4038 1030 4105 libello,
1061 4040 1210 4094 hunc
1253 4039 1308 4093 in
1334 4041 1558 4096 modum
1595 4055 1660 4095 ea
1697 4039 1767 4095 de
1809 4054 1869 4093 re
1897 4035 2138 4092 disserit.

954 4157 1120 4228 373
1157 4157 1387 4213 CAPUT
1425 4155 1494 4213 X.

2657 4153 3054 4211 ΚΕΦΑΛΑΙΟΝ
3085 4152 3142 4208 ι’.

413 4244 734 4313 Ανίιιοὺιιιί,
782 4246 849 4301 de
887 4249 1156 4311 membris,
1202 4264 1322 4319 quae
1368 4258 1643 4304 vocetenus
1664 4247 1785 4303 τι)εο
1836 4245 2006 4302 tribu—

1118 4329 1305 4374 untur.

492 4424 510 4457 ι
545 4403 652 4460 Sed
696 4406 980 4477 quoniam,
1010 4408 1191 4476 inquit
1215 4407 1326 4475 ille,
1358 4422 1485 4463 cum
1515 4406 1817 4477 propositis
1855 4421 2005 4477 quaa-

414 4497 686 4554 stionibus
716 4501 850 4554 satis
875 4514 905 4554 a
943 4499 1102 4554 nobis
1130 4498 1334 4555 factum
1364 4507 1532 4567 esset,
1570 4499 1946 4563 succlamasti,
1970 4513 2004 4554 o

413 4607 534 4657 rex,
588 4592 847 4662 deinceps
896 4593 1016 4663 ipse
1068 4608 1328 4663 quoque;
1364 4608 1632 4663 quorsum
1667 4592 1884 4649 tandem
1916 4591 2004 4648 lex

411 4681 530 4754 ipsa
552 4693 762 4750 nostra,
797 4699 1017 4749 manus,
1051 4685 1298 4753 brachia,
1331 4686 1776 4756 vultum,pedes,
1809 4685 2006 4741 ambu-

413 4775 679 4831 lationem
710 4774 1139 4832 divinoNumini
1188 4778 1502 4833 attribuat:
1542 4779 1685 4834 hanc
1740 4787 2003 4850 prmterea

407 4868 611 4943 juverit
641 4870 1020 4940 superioribus
1050 4871 1479 4942 disputationem
1516 4873 1838 4944 adiungere,
1879 4888 2004 4943 quae

410 4977 536 5016 cum
564 4962 633 5017 iis
652 4963 802 5019 nullo
830 4963 996 5019 modo
1027 4974 1249 5037 pugnet.
1292 4967 1414 5033 Quo
1439 4967 1661 5037 quidem
1687 4968 1741 5021 in
1778 4982 2000 5038 genere,

412 5055 516 5141 hoc
548 5063 601 5110 te
633 5056 689 5110 in
720 5056 915 5127 primis
944 5067 1231 5114 exoratum
1291 5058 1455 5115 velim
1486 5098 1501 5123 ,
1552 5060 1631 5115 uti
1678 5061 2003 5116 traditiones

411 5147 548 5204 istas
594 5150 817 5222 physice
863 5150 1105 5221 accipias
1136 5190 1152 5216 ,
1207 5151 1542 5222 dignamque
1586 5152 1682 5207 Dei
1716 5153 1998 5208 notionem

410 5247 729 5295 constanter
756 5241 1016 5308 retineas,
1050 5256 1116 5297 ne
1152 5241 1210 5296 in
1233 5241 1543 5300 fabulosam
1576 5228 1873 5314 quamdam
1901 5242 2002 5297 hu-

411 5386 603 5455 σεμίνί,
638 5381 782 5455 etc.,
824 5374 987 5455 ut_in
1015 5384 1274 5455 _nostro._
1299 5375 1433 5433 Mihi
1481 5379 1657 5455 solum
1711 5382 1852 5455 κατὰ
1897 5384 2001 5455 τῆς

409 5441 734 5519 tantum
783 5445 925 5519 κατὰ
976 5446 1076 5519 τὴν
1125 5448 1712 5519 ὁμιλίανμωυιειιόυω
1758 5441 1996 5519 videtur,

414 5512 744 5597 hoc‘rnodo.z
789 5517 887 5597 κιξι)ἰ
913 5512 1044 5589 περϊ
1067 5512 1294 5597 τούτων,
1325 5513 1690 5597 οὗν-νομίζω,
1723 5525 1867 5597 κατα
1895 5512 1994 5597 τὴν

413 5581 648 5650 ὁμιλίαν,
679 5585 806 5661 ἀξια
830 5581 998 5661 λόγου
1029 5581 1378 5645 καθεστάναι.
1424 5581 1719 5661 Sequentia
1770 5581 1991 5651 retinei'i

414 5663 647 5737 missth
675 5672 689 5708 :
722 5658 897 5737 in._i_is
930 5668 1116 5737 tamen
1159 5662 1292 5719 haesi
1324 5658 1783 5737 Arist:§ae,rapud
1829 5683 1990 5737 quem

416 5722 686 5779 illustrior
716 5726 851 5782 mihi
888 5743 952 5783 ac
976 5730 1188 5800 plenior
1218 5748 1414 5791 sensus
1445 5722 1796 5791 oﬂ‘ereba'tur.

2121 4238 2573 4315 Ἀριστοϐούλου
2615 4246 2750 4315 περὶ
2782 4227 3386 4371 τῶνλᾱῗνομαζομένων
3422 4251 3506 4317 ὡς
3552 4252 3705 4308 Θεοῦ

2802 4334 2872 4371 ιιε
2964 4335 3021 4371 ν.

2800 4334 3021 4387 μελων.

2184 4426 2203 4460 ι
2242 4408 2389 4484 Πλὴν
2432 4409 2631 4474 ἱκανῶς
2653 4410 2957 4481 εἰρημένων
2983 4410 3118 4482 πρὸς
3144 4411 3213 4466 τὰ
3239 4413 3577 4485 προκείμενα
3606 4415 3706 4489 ζη-

2105 4501 2169 4573 τῆ
2180 4519 2344 4573 ματα,
2380 4501 2739 4574 ὲπεφώνησας
2771 4503 2867 4555 καὶ
2893 4502 2978 4567 σὺ,
3004 4503 3227 4574 βασιλεῦ
3253 4544 3269 4569 ,
3315 4506 3450 4559 διότι
3498 4510 3706 4580 σημαί-

2106 4609 2256 4646 νεται
2282 4592 2371 4647 διὰ
2399 4593 2493 4648 τοῦ
2532 4593 2698 4665 νόμου
2737 4593 2833 4648 τοῦ
2866 4597 2998 4668 παρ’
3019 4597 3175 4668 ἡμῖν,
3204 4597 3300 4651 καὶ
3348 4600 3530 4671 χεῖρες
3560 4601 3701 4671 (86),

2104 4684 2196 4737 καὶ
2226 4683 2484 4756 βραχίων,
2504 4687 2597 4739 καὶ
2612 4687 2922 4759 πρόσωπον,
2941 4688 3037 4741 καὶ
3061 4688 3240 4754 πόδες,
3263 4690 3359 4744 καὶ
3393 4692 3705 4763 περίπατος

2103 4777 2197 4830 ἐπὶ
2225 4778 2325 4849 τῆς
2349 4777 2500 4843 θείας
2522 4779 2837 4852 δυνάμεωςο
2868 4780 2904 4836 ἃ
2938 4781 3186 4848 τεύξεται
3228 4782 3388 4853 λόγου
3425 4785 3703 4857 καθήκον-

2103 4883 2213 4930 τος,
2236 4868 2331 4921 καὶ
2347 4869 2447 4923 οὐκ
2475 4870 2810 4944 ἁντιδοξήσει
2836 4874 2948 4937 τοῖς
2966 4875 3388 4946 προειρημένοις
3411 4877 3502 4946 ὑφ’
3534 4879 3702 4950 ἡμῶν

2102 4957 2275 5012 οὐδέν.
2303 4958 2691 5031 Παρακαλέσαι
2714 4962 2771 5015 δέ
2799 4980 2859 5017 σε
2890 4961 3153 5034 βούλομαι
3182 4965 3321 5037 πρὸς
3360 4965 3422 5020 τὸ
3446 4970 3702 5038 φυσικῶς

2103 5046 2398 5119 λαμϐάνειν
2429 5050 2541 5122 (87)
2576 5051 2675 5115 τὰς
2697 5051 2946 5124 ὲκδοχὰς,
2984 5054 3079 5107 καὶ
3105 5054 3207 5128 τὴν
3237 5056 3586 5127 ἁρμόζουσαν
3612 5059 3701 5115 ἐν-

2102 5158 2251 5195 νοιαν
2294 5143 2423 5213 περὶ
2464 5143 2601 5197 Θεοῦ
2643 5148 2898 5218 κρατεῖν,
2930 5147 3023 5200 καὶ
3058 5147 3134 5219 μὴ
3183 5149 3477 5204 ἐκπίπτειν
3522 5153 3607 5215 είς
3636 5155 3699 5207 τὸ

2107 5233 2350 5305 μυθῶδες
2371 5237 2467 5290 καὶ
2490 5234 2830 5309 ἀνθρώπινον
2864 5241 3213 5312 κατάστημα.
3245 5241 3538 5315 Πολλαχῶς
3587 5246 3699 5319 γὰρ

2175 5386 2287 5457 (86)
2326 5387 2549 5464 Χεῖρες.
2585 5391 2721 5463 Χείρ
2751 5392 2947 5449 melius
2980 5393 3274 5464 legeretur,
3310 5394 3418 5450 nisi
3452 5405 3581 5452 ante
3605 5412 3695 5452 re-

2102 5469 2337 5530 ponatur
2362 5461 2742 5530 σημαίνονται.

2178 5528 2290 5600 (87)
2333 5528 2611 5605 devorata:
2640 5533 2985 5605 λαμϐάνειν.
3040 5533 3141 5605 Hic
3188 5535 3439 5605 φυσικῶς
3477 5537 3696 5592 videtur

2100 5601 2222 5651 esse
2257 5600 2672 5676 φυσιολογικῶς,
2704 5600 2789 5659 vel
2822 5603 2964 5658 κατὰ
3008 5604 3108 5676 τὴν
3157 5600 3541 5675 φυσιολογίαν,
3592 5609 3697 5663 hoc

2100 5678 2187 5747 est
2213 5670 2629 5793 etxplicationem
2665 5676 2958 5743 quamdam
3006 5670 3217 5733 natura:
3257 5670 3458 5734 divinae
3489 5694 3694 5735 conieo

2102 5754 2226 5793 men
2256 5754 2363 5793 em.

2102 5754 2363 5795 mentem.
