3824 6226
147 320 263 376 0'5?

1263 316 1591 372 PMPAR.
1628 315 1885 372 EV’ANG.
1927 313 2061 371 LIB.
2102 313 2237 370 VIII.

3315 318 3425 374 658

148 437 186 491 ὃ
218 435 467 509 βούλεται
508 437 686 508 λέγειν
740 438 772 492 6
813 437 1112 510 νομοθέτης
1164 436 1321 508 ἡμῶν
1372 439 1596 509 Μωσῆς,
1650 440 1731 507 ἐφ’

1843 451 2124 505 maiusque
2150 435 2386 492 similem
2411 435 2662 505 corporis
2684 434 2922 505 speciem
2947 434 3225 490 delabare.
3270 435 3423 493 Solet

147 530 361 602 ἑτέρων
385 533 724 603 πραγμάτων
750 531 941 602 λόγους
970 531 1289 601 ποιούμενος
1309 571 1323 594 ,
1367 530 1509 599 λέγω
1545 530 1602 584 δὲ
1630 530 1740 585 τῶν

149 623 304 678 κατὰ
328 624 430 693 τήν
458 624 803 693 ἐπιφάνειαν,
829 624 1066 693 φυσικὰς
1087 624 1353 688 διαθέσεις
1384 623 1737 692 ἀπαγγέλλει,

148 715 255 769 καὶ
303 715 554 786 μεγάλων
585 717 925 787 πραγμάτων
985 716 1345 778 κατασκευάς.
1378 710 1474 779 Οἷς
1510 716 1608 785 μὲν
1646 711 1740 769 οῦν

148 808 394 879 πάρεστι
430 809 491 861 τὸ
526 808 709 870 καλῶς
733 811 895 871 νοεῖν,
928 807 1267 879 θαυμάζουσι
1290 808 1387 879 τὴν
1425 809 1553 879 περὶ
1579 807 1741 861 αὑτὸν

149 901 384 969 σοφίαν,
433 901 527 956 καὶ
573 901 634 955 τὺ
661 901 804 955 θεῖον
832 901 1079 971 Πνεῦμα,
1124 901 1245 955 καθ’
1271 901 1300 954 6
1328 900 1424 953 καὶ
1457 901 1742 971 προφήτης

146 994 621 1064 ἀνακεκήρυκται.
643 988 744 1046 Ὧν
766 994 904 1046 εἰσιν
929 994 979 1047 oi
1015 992 1399 1066 προειρημένοι
1440 992 1740 1062 φιλόσοφοι,

148 1083 252 1134 καὶ
281 1080 524 1145 πλείονες
542 1082 721 1152 ἕτεροι
748 1083 842 1135 καὶ
866 1083 1088 1154 ποιηταὶ
1116 1085 1245 1155 παρ’
1288 1082 1453 1135 αὑτοῦ
1501 1081 1743 1153 μεγάλας

145 1171 415 1242 ἀφορμὰς
439 1171 741 1243 εἰληφότες,
774 1172 908 1226 καθὸ
953 1173 1050 1226 καὶ
1088 1171 1476 1244 θαυμάζονται.
1521 1172 1647 1235 Τοῖς
1684 1170 1741 1224 δὲ

149 1263 232 1333 μὴ
260 1262 547 1333 μετέχουσι
579 1263 860 1334 δυνάμεως
886 1264 980 1318 καὶ
1009 1264 1296 1329 συνέσεως,
1327 1264 1461 1318 ἀλλὰ
1497 1263 1575 1335 τῷ
1601 1280 1740 1335 γρα-

147 1354 275 1424 πτῷ
316 1354 478 1425 μόνον
509 1350 943 1429 προσκειμένοις,
973 1358 1033 1411 οὐ
1077 1358 1326 1428 φαίνεται
1379 1359 1663 1431 μεγαλεῖον
1688 1376 1742 1413 τι

143 1440 456 1512 διασαφῶν.
489 1444 759 1516 Ἀρξομαι
787 1447 845 1500 δὲ
873 1446 1174 1519 λαμϐάνειν
1214 1450 1337 1504 καθ’
1372 1451 1600 1504 ἕκαστον
1644 1466 1743 1522 cn—

147 1535 507 1605 μαινόμενον,
536 1536 765 1592 καθόσον
794 1539 861 1594 ἂν
888 1539 934 1593 ὧ
953 1540 1194 1606 δυνατός.
1239 1544 1301 1595 Et
1333 1543 1390 1595 δὲ
1432 1543 1505 1614 μή
1550 1541 1739 1609 τεύξοο

145 1643 253 1696 μαι
286 1626 578 1697 τάληθοῦς,
610 1630 744 1702 μηδὲ
769 1632 964 1694 πείσω,
1001 1633 1075 1706 μὴ
1129 1633 1207 1704 τῷ
1240 1633 1508 1707 νομοθέτῃ
1574 1649 1743 1705 προσ-

141 1716 299 1789 άψῃς
326 1718 425 1790 τὴν
448 1719 693 1789 ἀλογίαν,
720 1722 834 1776 ἀλλ’
857 1724 981 1794 ἐμοὶ
1005 1724 1083 1795 τῷ
1102 1725 1176 1797 μὴ
1200 1725 1482 1797 δυναμένῳ
1514 1725 1741 1797 διαιρεῖ-

146 1812 279 1866 σθαι
302 1813 373 1868 τά
394 1816 618 1870 ἐκείνων
633 1825 661 1855 ι
683 1834 836 1888 νενοη
847 1819 1005 1889 μένα.
1034 1821 1230 1891 Χείρες
1255 1821 1353 1891 μὲν
1382 1815 1474 1876 οῦν
1497 1820 1741 1875 νοοῦνται

142 1903 441 1976 προδήλως
461 1906 554 1959 καὶ¹
582 1906 668 1976 ἐφ’
699 1908 854 1978 ἡμῶν
883 1909 1211 1981 κοινότερον.
1251 1911 1417 1965 Ὅταν
1441 1912 1551 1983 γάρ
1579 1913 1742 1966 δυνά-

145 2008 280 2063 μεις
323 1991 722 2067 ἐξαποστέλλῃς
765 1997 830 2050 σὺ
856 2036 872 2061 ,
908 1997 1160 2067 βασιλεὺς
1188 1998 1284 2064 ὢν,
1336 2000 1660 2073 βουλόμενός
1689 2021 1742 2057 τι

142 2083 623 2154 κατεργάσασθαι,
650 2085 1174 2162 λέγομεν,Μεγάλην
1194 2095 1351 2164 χεῖρα
1381 2092 1495 2164 ἔχει
1526 2096 1555 2148 6
1589 2093 1743 2164 βασι-

141 2175 302 2241 λεὺς,
326 2179 645 2250 φερομένων
665 2179 772 2233 τῶν
804 2181 1109 2236 ἀκουόντων
1132 2184 1226 2238 ἐπὶ
1254 2184 1355 2255 τὴν
1396 2185 1627 2256 δύναμιν
1673 2188 1742 2258 ἢν

142 2270 321 2343 ἔχεις.
369 2273 820 2346 Ἐπισημαίνεται
852 2274 911 2328 δὲ
933 2275 1093 2333 τοῦτο
1120 2279 1216 2331 καὶ
1255 2278 1344 2332 διὰ
1376 2282 1476 2351 τῆς
1516 2280 1743 2351 νομοθε-

144 2365 279 2428 σίας
305 2367 466 2436 ήμῶν
497 2366 671 2436 λέγων
700 2370 728 2420 6
752 2370 957 2440 Μωσῆς
1016 2368 1222 2435 οὕτως·
1255 2388 1275 2420 ι
1318 2372 1407 2425 Ἐν
1436 2372 1581 2443 χειρὶ
1608 2390 1744 2443 κρα-

141 2458 282 2526 ταιᾷ
307 2458 578 2529 ἐξήγαγεν
609 2460 640 2512 6
660 2458 793 2523 Θεός
822 2458 977 2524 σειὲξ
1006 2460 1305 2530 Αἰγύπτου.
1341 2480 1361 2513 ι
1389 2463 1500 2515 Kal.
1554 2464 1737 2517 πάλινο

148 2566 169 2599 ς
220 2549 554 2611 Ἀποστελῶ,
605 2550 769 2621 φησὶν
837 2552 868 2604 6
922 2550 1075 2615 Θεὸς,
1133 2552 1234 2623 τήν
1269 2553 1430 2625 χεῖρά
1468 2571 1568 2624 μου
1591 2595 1608 2619 ,
1647 2556 1744 2609 καὶ

143 2638 385 2705 πατάξω
414 2641 540 2703 τοὺς
570 2639 920 2708 Αἰγυπτίους.
953 2659 972 2691 ι
1006 2642 1117 2695 Καὶ
1140 2642 1234 2696 ἐπὶ
1263 2643 1358 2696 τοῦ
1389 2644 1498 2697 τῶν
1526 2647 1739 2716 κτηνῶν

143 2729 391 2784 θανάτου
421 2732 555 2803 φησι
581 2731 660 2803 τῷ
680 2731 876 2803 Φαραῷ
895 2734 924 2785 6
947 2734 1179 2805 Μωσῆς⁶
1216 2753 1237 2786 ι
1290 2735 1420 2789 Ἰδοὺ
1454 2737 1576 2809 χεὶρ
1626 2739 1740 2791 Κυ-

146 2828 276 2898 ρίου
310 2822 466 2878 ἔσται
515 2824 574 2877 ὲν
602 2826 712 2887 τοῖς
751 2824 974 2895 κτήνεσί
1004 2842 1123 2891 σου,
1152 2827 1246 2880 καὶ
1272 2828 1330 2879 ὲν
1363 2829 1499 2881 πᾶσι
1545 2830 1657 2891 τοῖς
1683 2829 1741 2880 ὲν

144 2921 265 2982 τοῖς
316 2916 523 2980 πεδίοις
566 2915 792 2980 θάνατος
825 2917 1020 2987 μέγας.
1063 2936 1083 2969 ι
1120 2919 1282 2974 Ὥστε
1320 2922 1376 2975 αἱ
1417 2923 1598 2992 χεῖρες
1648 2919 1743 2973 ἐπὶ

144 3010 441 3080 δυνάμεως
470 3006 716 3062 νοοῦνται
736 3010 891 3064 Θεοῦ.
917 3013 1027 3066 Kal.
1054 3008 1163 3082 γὰρ
1211 3010 1325 3065 ἔστι
1375 3011 1612 3066 νοεῖσθαι
1642 3012 1742 3083 τήν

1842 528 1987 582 enim
2018 528 2236 600 Moyses
2267 528 2546 598 legislator
2593 535 2803 590 noster,
2845 526 3012 580 animi
3037 542 3196 582 sensa
3233 528 3423 582 multi-

1842 621 2023 675 modis
2050 620 2380 690 exprimere,
2403 616 2744 673 dum'rerum
2777 618 3032 675 aliarum.
3065 626 3340 686 quatenus
3363 627 3419 673 In

1842 727 2066 767 sensum
2095 712 2318 774 cadunt,
2371 725 2532 765 voces
2568 725 2631 765 ac
2661 710 2883 764 nomina
2920 718 3222 773 umtuatus,
3260 717 3425 764 natu-

1841 805 1986 859 rales
2036 804 2302 873 quasdam
2356 802 2705 862 aﬂ‘octiones.
2755 817 3183 870 magnarumque
3234 814 3421 856 rerum

1841 897 2155 952 molitiones
2175 903 2590 949 commemorat.
2613 894 2677 947 Et
2702 894 2944 963 quidem,
2972 909 3202 948 auorum
3243 894 3424 948 acrior

1842 989 2176 1059 intelligendi
2210 989 2296 1043 vis
2328 996 2431 1052 est,
2465 988 2501 1041 ii
2534 1002 2658 1041 cum
2691 988 3013 1056 sapientiam
3038 983 3280 1042 hominis
3306 988 3423 1041 sin-

1842 1080 2109 1151 gularem,
2144 1089 2257 1134 tum
2284 1079 2531 1133 divinum
2564 1078 2715 1131 illum
2745 1078 3032 1147 Spiritum,
3061 1079 3220 1146 cujus
3238 1077 3422 1133 aﬂlatu

1842 1174 2118 1244 prophetae
2170 1188 2371 1228 nomen
2429 1180 2481 1227 et
2538 1172 2742 1227 famam
2798 1182 3087 1226 assecutus
3123 1181 3228 1235 est,
3301 1184 3420 1224 ma-

1842 1281 2081 1337 gnopere
2112 1265 2482 1319 admirantur.
2531 1262 2776 1329 Quorum
2805 1262 2861 1317 in
2899 1278 3126 1318 numero
3169 1276 3293 1315 cum
3323 1260 3424 1316 abs

1842 1373 1932 1413 me
1959 1359 2075 1428 jam
2108 1356 2524 1411 commemorati
2552 1355 2885 1425 philosophi,
2916 1363 3030 1408 tum
3055 1353 3144 1407 alii
3178 1352 3424 1423 plerique

1842 1462 1992 1518 sunt,
2020 1466 2230 1506 necnon
2276 1458 2330 1505 et
2377 1459 2551 1520 poeta:
2570 1489 2586 1515 ,
2613 1450 2706 1519 qui
2742 1449 2953 1503 haustis
2981 1449 3050 1503 ab
3078 1462 3144 1503 eo
3169 1445 3424 1502 maximis

1843 1539 2123 1598 scribendi
2157 1539 2497 1608 argumentis
2530 1578 2545 1603 ,
2604 1541 2661 1593 in
2719 1539 3002 1593 hominum
3063 1536 3425 1592 admiratione

1841 1643 2156 1689 versantur.
2198 1633 2265 1687 At
2323 1632 2523 1701 quibus
2567 1630 2796 1684 facultas
2827 1642 2881 1684 et
2910 1630 3186 1700 ingenium
3250 1643 3425 1697 angu-

1844 1727 1983 1782 stius
2017 1735 2121 1785 est.
2151 1727 2188 1779 ii
2217 1726 2345 1779 dum
2379 1724 2444 1778 ad
2474 1739 2641 1778 unum
2675 1724 2972 1793 Seriptura:
3025 1721 3285 1776 corticem
3322 1720 3424 1775 ad-

1845 1818 2175 1881 haerescunt,
2201 1817 2335 1870 nihil
2364 1814 2584 1881 augusti
2611 1814 2906 1869 admodum
2936 1823 2991 1867 et
3011 1812 3325 1867 excellentis
3353 1810 3424 1867 al.

1844 1924 1911 1962 eo
1941 1909 2154 1962 narrari
2204 1908 2565 1961 arbitrantur.
2598 1905 2953 1976 Singulorum
2990 1921 3116 1975 ergo
3149 1902 3426 1973 signiﬁca-

1845 2002 2047 2056 tionem
2087 2000 2319 2070 aperire,
2357 2009 2623 2070 quantum
2657 2000 2710 2052 in
2739 2015 2825 2052 me
2872 1999 3038 2052 situm
3071 1996 3199 2060 erit,
3228 2010 3424 2066 aggre—

1844 2092 1985 2144 diar.
2023 2089 2126 2156 Qui
2162 2091 2206 2145 si
2242 2092 2425 2144 minus
2452 2099 2548 2144 aut
2569 2106 2680 2144 rem
2710 2090 2956 2159 tetigero,
2983 2099 3079 2143 aut
3117 2089 3236 2141 aliis
3265 2089 3425 2143 Iidem

1841 2182 2026 2239 fecero
2054 2201 2069 2249 ;
2097 2184 2337 2239 maxime
2360 2183 2545 2246 velim,
2577 2182 2657 2236 uti
2686 2199 2751 2235 ne
2776 2182 2916 2236 hanc
2953 2183 3008 2235 in
3033 2181 3423 2252 legislatorem,

1843 2278 1936 2333 sed
1969 2278 2023 2331 in
2060 2294 2148 2332 me
2170 2277 2438 2335 duntaxat
2496 2276 2784 2346 imperitia:
2809 2277 3023 2346 culpam
3059 2275 3297 2340 derives,
3328 2274 3424 2347 qui

1841 2386 1932 2425 res
1962 2370 2031 2424 ab
2072 2385 2137 2424 eo
2167 2371 2442 2439 sapienter
2479 2368 2816 2438 excogitatas
2867 2383 3213 2438 nequaquam
3248 2367 3424 2436 expli-

1842 2477 1968 2517 care
1989 2470 2235 2531 potuero.
2256 2462 2511 2516 Mannum
2544 2461 2706 2530 igitur
2746 2460 2907 2513 etiam
2935 2460 3075 2529 apud
3105 2474 3206 2514 nos
3237 2458 3424 2524 latius,

1843 2562 1903 2608 ut
1932 2562 2170 2619 constat,
2225 2553 2553 2624 signiﬁcatio
2589 2560 2753 2622 patet.
2794 2550 2928 2606 Nam
2963 2568 3087 2606 cum
3126 2560 3184 2607 tu
3220 2552 3363 2621 ipse,
3387 2565 3424 2607 0

1841 2664 1959 2713 rex,
1990 2646 2343 2702 conlecturus
2372 2645 2599 2714 aliquid,
2636 2644 2822 2713 copias
2853 2645 3021 2698 mittis
3042 2686 3056 2708 ,
3100 2660 3278 2715 regem
3306 2653 3420 2699 tum

1842 2740 2114 2809 ingentem
2148 2753 2369 2792 manum
2405 2738 2606 2792 habere
2627 2736 3070 2806 dicimus,quam
3100 2735 3423 2806 vocem,qui

1843 2831 2094 2896 audiunt,
2121 2831 2188 2885 de
2217 2840 2309 2884 tuo
2340 2830 2584 2883 exercitu
2619 2843 2813 2884 omnes
2838 2828 3132 2896 accipiunt.
3159 2826 3331 2893 Quem
3365 2827 3422 2883 in

1842 2938 2064 2978 sensum
2091 2924 2281 2993 utique
2309 2922 2522 2994 Moyses
2553 2922 2605 2976 in
2639 2924 2755 2995 lege
2787 2932 2972 2978 nostra
2988 2921 3215 2979 subinde
3244 2920 3424 2990 loqui-

1843 3022 1953 3079 tur,
1981 3024 2039 3069 ut
2073 3031 2195 3069 cum
2220 3016 2338 3081 ait,
2373 3034 2391 3064 ι
2425 3015 2484 3069 In
2513 3031 2678 3069 manu
2718 3015 2945 3071 robusta
2979 3014 3165 3069 eduxit
3191 3022 3242 3067 te
3278 3010 3425 3066 Deus

147 3104 339 3155 πᾶσαν
397 3100 553 3171 ἰσχὺν
592 3100 698 3156 τῶν
724 3102 1027 3173 ἀνθρώπων
1068 3104 1165 3157 καὶ
1197 3103 1297 3166 τὰς
1349 3103 1626 3176 ἐνεργείας
1679 3104 1731 3156 ὲν

1843 3123 1904 3159 ex
1931 3104 2197 3177 Egypto;
2239 3125 2258 3159 ι
2292 3107 2552 3176 itemque;
2584 3126 2602 3159 ι
2633 3106 2867 3171 Mittam,
2893 3106 3071 3175 inquit
3100 3104 3266 3166 Deus,
3306 3119 3424 3157 ma-

146 3196 276 3256 ταῖς
303 3193 494 3265 χερσὶν
528 3187 687 3248 εἶναι.
712 3195 912 3266 Διόπερ
939 3194 1119 3257 καλῶς
1148 3197 1177 3248 6
1211 3192 1508 3265 νομοθέτης
1550 3194 1643 3248 ἐπὶ
1674 3194 1731 3247 τὸ

1843 3210 1971 3247 num
2020 3209 2219 3260 meam,
2249 3204 2303 3250 et
2344 3195 2641 3265 percutiam
2670 3194 2977 3267 Egyptios.
3003 3194 3049 3227 ⁸³
3085 3213 3103 3245 ι
3151 3192 3216 3245 Et
3243 3192 3310 3246 de
3333 3192 3423 3260 ju-

151 3284 448 3355 μεγαλεῖον
475 3285 818 3357 μετενήνοχε,
866 3284 1039 3354 λέγων
1060 3285 1160 3350 τὰς
1203 3284 1508 3348 συντελείας
1547 3287 1731 3357 χεῖρας

1843 3295 2148 3340 mentorum
2181 3297 2357 3342 morte
2401 3288 2480 3342 sic
2515 3286 2695 3343 Moses
2721 3288 3009 3353 Pharaoni,
3034 3288 3196 3359 377
3225 3304 3243 3337 ι
3283 3285 3426 3342 Ecce

149 3374 295 3431 εἶναι
323 3375 481 3431 Θεοῦ.

1844 3392 2041 3432 manus
2090 3377 2306 3433 Domini
2360 3381 2465 3435 erit
2500 3398 2664 3453 super
2708 3381 2957 3450 iumenta
2990 3389 3103 3445 tua,
3158 3389 3212 3435 et
3258 3394 3424 3451 super

149 3476 368 3539 omnia,
406 3488 530 3542 quae
561 3482 688 3528 sunt
734 3473 789 3527 in
825 3472 995 3544 agris,
1042 3472 1298 3530 interitus
1340 3489 1595 3544 magnus.
1627 3463 1675 3499 "
1712 3491 1732 3525 ι
1774 3471 1963 3543 Itaque
2008 3490 2206 3531 manus
2269 3476 2339 3531 ad
2392 3478 2591 3534 divina:
2639 3479 2919 3549 potestatis
2973 3478 3079 3532 vim
3128 3478 3422 3547 pertinent,

149 3569 597 3641 quandoquidem
628 3570 943 3624 universum
982 3583 1202 3639 quoque
1238 3569 1409 3625 robur
1436 3568 1718 3625 hominum
1756 3583 1820 3621 ac
1876 3567 1960 3622 vis
1989 3570 2180 3639 agendi
2240 3580 2348 3625 tota
2380 3573 2634 3628 manibus
2676 3573 3006 3627 continetur.
3049 3570 3213 3625 Recte
3260 3570 3425 3641 igitur

152 3664 382 3719 omnino
410 3664 684 3732 legislator
708 3662 851 3719 hanc
876 3678 1065 3720 vocem
1097 3663 1167 3720 ad
1227 3664 1468 3735 aliquam
1497 3662 1798 3735 maiestatis
1865 3662 2322 3734 signiﬁcationem
2354 3668 2656 3734 transtulit,
2702 3682 2828 3722 cum
2883 3666 3083 3721 divina:
3136 3664 3422 3734 potestatis

151 3773 320 3827 opera
338 3773 536 3813 manus
549 3758 858 3827 appellavit.

229 3870 252 3902 ι
283 3851 481 3915 Στάσις
508 3851 565 3904 δὲ
593 3851 713 3906 θεία
749 3850 929 3916 καλῶς
945 3850 1013 3907 ἂν
1044 3852 1252 3924 λέγοιτο
1269 3895 1286 3920 ,
1303 3856 1445 3911 κατὰ
1463 3858 1525 3911 τὸ
1565 3877 1736 3931 μεγα-

152 3942 298 3998 λετον
317 3981 335 4005 ,
378 3944 412 4013 ή
454 3941 550 3996 τοῦ
580 3943 786 4015 κόσμου
829 3947 1164 4015 κατασκευή.
1198 3948 1309 4000 Καὶ
1339 3947 1449 4020 γάρ
1479 3951 1571 4003 ἐπὶ
1596 3952 1731 4005 πάν-

1843 3963 2080 4031 quodam
2112 3941 2276 4018 sensu
2299 4004 2315 4030 ,
2360 3965 2428 4019 de
2459 3964 2648 4019 mundi
2683 3964 2965 4021 molitione
3004 3941 3199 4034 accipi
3228 3973 3416 4035 queat.

152 4053 264 4089 των
288 4036 318 4088 6
348 4034 499 4099 Θεὸς,
539 4035 634 4088 καὶ
664 4034 822 4089 πάνθ’
853 4036 1234 4101 ὑποτέτακται,
1255 4039 1350 4092 καὶ
1380 4041 1566 4094 στάσιν
1596 4042 1731 4115 είλη-

1844 4051 1977 4106 Nam
2013 4063 2067 4107 et
2093 4055 2348 4109 omnibus
2404 4054 2546 4111 Deus
2591 4056 2706 4125 ipse
2730 4064 2945 4126 praeest,
2977 4064 3030 4110 et
3058 4034 3259 4109 omnia
3291 4070 3418 4110 cum

155 4143 291 4197 φεψ
326 4125 468 4180 ὥστε
496 4127 623 4190 τοὺς
654 4125 975 4199 ἀνθρώπους
1016 4128 1457 4200 καταλαμϐάνειν
1502 4132 1731 4205 ἀκίνητα

1844 4142 1955 4197 Deo
2004 4144 2258 4208 subsunt,
2318 4155 2429 4199 tum
2466 4146 2535 4200 ab
2599 4161 2666 4201 eo
2703 4125 2956 4216 gradum,
3030 4146 3084 4201 in
3123 4159 3234 4216 quo
3283 4160 3419 4201 con-

153 4216 298 4274 εἶναι
328 4218 523 4273 ταῦτα.
549 4218 707 4287 Λέγω
728 4220 784 4273 δὲ
810 4221 872 4275 τὸ
902 4219 1163 4287 τοιοῦτον,
1195 4221 1271 4284 ὡς
1293 4222 1548 4276 οὐδέποτε
1576 4226 1731 4295 γέγο-

1844 4235 2121 4300 sisterent,
2197 4245 2571 4305 acceperunt:
2612 4246 2674 4292 ut
2733 4239 2922 4293 eadem
2968 4238 3218 4293 homines
3290 4250 3419 4307 pro-

154 4328 247 4365 νεν
296 4310 526 4381 οὐρανὸς
572 4314 675 4383 γῆ,
721 4315 790 4384 γῆ
817 4313 862 4366 δ’
907 4312 1154 4385 οὐρανὸς,
1200 4313 1308 4367 οὐδ’
1353 4315 1503 4386 ἥλιος
1537 4317 1731 4392 σελήνη

1843 4335 2024 4396 pterea
2078 4327 2202 4382 loco
2262 4337 2515 4398 statuque
2554 4344 2655 4384 suo
2719 4330 2924 4385 moveri
2972 4345 3078 4383 non
3114 4324 3300 4398 posse"
3330 4327 3419 4381 in-

153 4403 466 4473 λάμπουσα,
513 4403 636 4456 οὐδὲ
670 4403 864 4476 σελήνη
923 4404 1084 4459 πάλιν
1111 4405 1280 4476 ἥλιος,
1336 4407 1458 4460 οὐδὲ
1502 4412 1731 4481 ποταμοὶ

1843 4418 2108 4489 telligant.
2142 4418 2434 4474 Enimvero
2463 4435 2639 4490 neque
2658 4420 2857 4475 coelum
2891 4420 2947 4474 in
2984 4429 3207 4484 terram,
3237 4433 3339 4474 nec
3359 4419 3415 4473 in

157 4493 444 4558 θάλασσαι,
468 4494 589 4547 οὐδὲ
616 4493 860 4550 θάλασσα
885 4496 1137 4567 ποταμοί.
1164 4498 1272 4551 Kal.
1314 4497 1475 4552 πάλιν
1506 4501 1598 4554 ἐπὶ
1628 4502 1731 4555 τῶν

1843 4509 2039 4563 caelum
2066 4525 2306 4578 unquam
2332 4518 2476 4564 terra
2507 4518 2713 4563 mutata
2744 4518 2827 4565 est
2856 4527 2870 4562 :
2896 4509 3141 4577 adeoque
3165 4522 3265 4562 nec
3283 4506 3419 4561 solis

1925 3891 1944 3923 σ
1987 3871 2106 3926 Jam
2157 3874 2304 3943 quod
2353 3880 2500 3929 stare
2553 3874 2767 3929 dicatur
2813 3875 2977 3939 Deus,
3018 3870 3071 3929 id
3105 3874 3421 3943 augustiore

156 4584 310 4649 ζώων
331 4586 361 4637 6
393 4586 553 4649 αὐτός
583 4587 697 4638 ἐστι
721 4586 895 4654 λόγος.
932 4588 1005 4641 Οὑ
1029 4588 1136 4660 γάρ
1161 4588 1441 4662 ἄνθρωπος
1463 4590 1614 4647 ἔσται
1639 4593 1735 4666 θη-

160 4679 293 4748 ρίον,
323 4677 445 4731 οὑδὲ
472 4676 659 4748 θηρίον
683 4677 989 4750 ἄνθρωπος.
1025 4681 1134 4733 Καὶ
1155 4681 1249 4734 ἐπὶ
1290 4681 1492 4738 λοιπῶν
1523 4684 1581 4739 δὲ
1611 4687 1737 4740 ταύ-

154 4771 246 4821 τὸν
273 4766 508 4837 ὑπάρχει
533 4806 549 4830 ,
595 4766 779 4836 φυτῶν
804 4783 863 4819 τε
911 4768 1007 4820 καὶ
1031 4769 1123 4821 ὲπὶ
1145 4769 1252 4822 τῶν
1275 4769 1450 4828 ἄλλων
1470 4790 1483 4802 ·
1524 4774 1733 4845 ἀμετά-

157 4856 327 4929 ϐλητα
363 4858 463 4926 μέν
491 4859 626 4921 ἐστι,
653 4856 752 4921 τὰς
778 4856 947 4920 αὑτάς
980 4857 1024 4910 δ’
1058 4860 1115 4910 ὲν
1144 4860 1326 4923 αὐτοῖς
1362 4862 1570 4933 τροπάς
1596 4862 1734 4936 λαμ-

155 4948 304 5003 ϐάνει
347 4949 441 5001 καὶ
483 4947 706 5020 φθοράς.
744 4948 808 5001 Ἦ
836 4949 1024 5013 στάσις
1054 4946 1147 5004 οῦν
1170 4951 1204 5022 ἡ
1227 4950 1346 5005 θεία
1384 4953 1525 5007 κατὰ
1557 4954 1732 5009 ταῦτα

155 5041 220 5095 ἂν
238 5040 471 5110 λέγοιτο,
503 5039 721 5093 πάντων
748 5041 1123 5111 ὑποκειμένων
1146 5040 1225 5112 τῷ
1252 5042 1391 5113 Θεῷ.
1425 5044 1655 5114 Λέγεται
1673 5046 1731 5100 δὲ

160 5131 457 5194 κατάὸασις
481 5131 573 5183 ὲπὶ
598 5131 659 5184 τὸ
680 5131 803 5202 ὅρος
821 5130 941 5185 θεία
965 5132 1244 5201 γεγονέναι
1266 5133 1354 5188 διὰ
1377 5138 1478 5208 τῆς
1508 5138 1731 5210 Γραφῆς

155 5223 245 5277 τοῦ
297 5225 490 5295 νόμου,
548 5223 670 5278 καθ’
703 5225 762 5279 ὃν
795 5224 1102 5295 ἐνομοθέτει
1150 5228 1361 5299 καιρὸν,
1396 5229 1483 5283 ἵνα
1530 5233 1730 5295 πάντες

157 5312 472 5386 θεωρήσωσι
516 5315 614 5386 τὴν
660 5316 942 5387 ἐνέργειαν
969 5316 1063 5369 τοῦ
1087 5317 1220 5372 Θεοῦ
1241 5336 1254 5349 ·
1293 5320 1593 5387 κατάϐασις
1619 5324 1729 5396 γὰρ

157 5405 286 5477 αὕτη
321 5408 502 5477 σαφής
534 5408 668 5461 ἐστι.
693 5409 803 5461 Kal.
824 5410 952 5481 περὶ
981 5409 1186 5464 τούτων
1221 5407 1313 5465 οῦν
1352 5412 1524 5478 οὕτως
1550 5414 1617 5469 ἄν
1642 5433 1728 5480 τις

158 5495 501 5567 ἐξηγήσαιτο,
531 5496 849 5569 βουλόμενος
878 5505 1159 5573 συντηρεῖν
1183 5503 1274 5557 τὸν
1307 5504 1436 5576 περὶ
1469 5505 1602 5561 Θεοῦ
1642 5506 1729 5562 λό-

154 5599 262 5669 γον.
290 5587 558 5669 Δηλοῦται
584 5589 712 5662 γὰρ,
735 5590 811 5656 ὡς
838 5591 900 5645 τὸ
931 5591 1056 5664 ὄρος
1082 5594 1297 5651 ἐκαίετο
1331 5595 1463 5650 πολὺ
1482 5636 1498 5663 ,
1546 5598 1726 5665 καθώς

222 5695 265 5727 ⁸⁸
306 5696 482 5752 Exod.
528 5714 604 5756 ιιι.
644 5698 730 5753 εο.
809 5700 852 5731 ⁸9
896 5698 1066 5754 Exod.
1112 5718 1186 5758 Ix.
1227 5702 1300 5756 Ἡ

224 5778 249 5807 ⁸
264 5766 382 5822 ἰ’σ.
425 5767 639 5836 ἐκείνῳ.

1842 4600 1898 4653 in
1945 4600 2130 4655 lunam
2163 4608 2270 4664 est,
2301 4615 2402 4655 nec
2428 4600 2572 4655 lunae
2593 4600 2647 4655 in
2674 4600 2867 4667 solem,
2903 4614 3005 4654 nec
3039 4598 3330 4653 ﬂuviorum
3357 4597 3415 4652 in

1841 4691 2035 4756 maria,
2067 4707 2170 4748 uec
2211 4693 2383 4748 maris
2432 4693 2487 4747 in
2528 4691 2727 4748 ﬂuvios
2750 4691 2892 4749 facta
2909 4691 3219 4746 conversio.
3256 4688 3415 4755 Quod

1839 4782 2018 4852 ipsum
2060 4783 2115 4837 in
2166 4785 2540 4841 animantibus
2589 4800 2812 4855 quoque
2854 4785 3038 4838 locum
3072 4783 3257 4837 habet.
3302 4778 3415 4836 Nec

1840 4874 1986 4927 enim
2037 4884 2135 4929 aut
2190 4876 2354 4931 homo
2400 4877 2606 4943 bellua,
2653 4887 2749 4932 aut
2810 4876 2995 4932 bellua
3031 4876 3197 4930 homo
3229 4871 3413 4927 futura

1840 4974 1942 5021 est.
1985 4965 2104 5032 Quo
2137 4968 2300 5022 etiam
2337 4969 2501 5024 modo
2526 4985 2651 5025 cum
2681 4969 2749 5025 de
2784 4968 2986 5039 plantis
3004 4976 3073 5023 -et
3100 4964 3411 5029 arboribus,

1838 5067 1953 5112 tum
1986 5059 2054 5113 de
2082 5060 2311 5131 reliquis
2343 5061 2599 5118 omnibus
2650 5059 3026 5132 philosophari
3060 5058 3259 5120 liceat,
3290 5069 3412 5125 qua:

1838 5163 1962 5203 cum
1994 5149 2048 5203 in
2085 5149 2191 5205 alia
2221 5152 2421 5205 mutari
2448 5167 2555 5206 non
2589 5151 2821 5222 possint,
2851 5159 2967 5205 tum
3016 5147 3234 5204 easdem
3267 5161 3413 5201 sem-

1838 5254 1934 5306 per
1954 5240 2007 5293 in
2039 5240 2237 5310 seipsis
2294 5242 2613 5297 mutationis
2640 5250 2694 5297 et
2731 5241 2984 5295 interitus
3006 5236 3412 5293 vicissitudines

1835 5331 2280 5386 constantissime
2310 5334 2613 5402 patiuntur.
2645 5331 2758 5387 liae
2786 5347 2918 5402 ergo
2941 5329 3233 5393 sententia,
3259 5326 3409 5397 quod

1834 5420 2019 5476 divino
2039 5420 2258 5477 Numini
2291 5434 2487 5480 cuncta
2519 5424 2911 5489 obsecundent,
2942 5432 3089 5478 stare
3131 5420 3270 5475 Deus
3296 5420 3410 5488 ipse

1832 5527 1940 5566 non
2004 5511 2280 5569 immerito
2317 5514 2425 5570 diei
2474 5516 2664 5586 possit.
2699 5512 2844 5571 Idem
2869 5555 2885 5578 ,
2920 5528 3030 5584 quo
3064 5522 3306 5579 tempore
3331 5508 3410 5563 le-

1834 5620 1954 5677 gem
1984 5604 2125 5662 hanc
2150 5607 2449 5673 sanciebat,
2469 5622 2535 5663 eo
2560 5615 2676 5664 tum
2705 5607 2761 5663 in
2793 5613 3036 5662 montem
3060 5603 3194 5675 legis
3232 5600 3408 5672 ipsius
