3824 6226
427 305 535 364 ess
1072 308 1347 371 EUSEBﬂ
1387 311 1880 369 cassammsrs
1913 307 2065 365 ore.
2109 308 2295 369 rans
2331 314 2399 372 ιι.
2441 349 2510 359 -
2546 318 3053 381 spumosum.
3600 332 3706 389 ato

427 429 610 485 Verbis
629 430 974 487 descendisse
1002 430 1196 499 fertur,
1233 443 1292 487 ut
1322 432 1581 488 omnibus
1608 432 1854 487 divinum
1870 447 1972 502 opu

2079 482 2084 492 _
2110 449 2274 503 φησιν
2299 439 2329 491 ό
2371 437 2666 511 νομοθέτης
2687 480 2702 504 ,
2745 441 2836 496 διὰ
2872 443 2940 497 τὸ⁸
2966 443 3058 499 τὸν
3086 445 3220 502 Θεὸν
3240 450 3699 526 καταϐεϐηκέναι,

430 520 736 577 illucescat.
771 520 906 576 Nam
960 523 1259 579 descensus
1289 524 1509 593 quidem
1560 523 1890 580 manifestus
1924 539 1972 593 pt

2123 527 2438 599 σαλπίγγων
2459 548 2519 585 τε
2553 534 2759 601 φωνὰς,
2788 537 2880 590 καὶ
2907 537 3100 611 τδπῦρ
3136 539 3463 614 φλεγόμενον
3494 520 3703 603 divum;

430 625 551 666 sese
581 627 644 667 ac
679 612 999 683 perspicuus
1028 621 1115 668 est
1150 632 1163 668 :
1195 630 1318 684 quae
1348 630 1479 668 vero
1506 630 1630 670 cum
1662 616 1852 669 eodem
1878 630 1972 670 con

2119 621 2330 686 στάτως
2356 620 2512 680 εἶναι.
2547 627 2654 680 Τοῦ
2686 628 2797 700 γὰρ
2820 630 3020 694 παντὸς
3044 632 3280 705 πλήθους
3299 612 3577 709 μυριάδων
3598 641 3699 697 οὐκ

423 702 618 772 juncta
649 714 796 771 sunt,
837 720 920 771 ea,
950 706 1044 776 qui
1091 707 1433 763 cohaerenter
1473 717 1526 763 et
1553 709 1972 764 eonsentaneed

2117 711 2336 767 ἔλαττον
2390 717 2583 772 ἑκατὸν
2619 719 2811 791 (χωρὶς
2844 721 2950 775 τῶν
2993 702 3310 793 ἀφηλίκων,
3342 702 3700 802 ἐκκλησιαζο-

430 794 542 851 Deo
571 796 718 866 loqui
752 799 1000 860 voluerit,
1039 799 1294 854 eumdem
1350 800 1406 854 in
1459 801 1683 855 modum
1740 801 1972 870 explicat

2119 802 2297 872 μένων
2344 806 2605 861 κυκλόθεν
2651 810 2746 863 τοῦ
2797 811 2999 882 ὅρους),
3062 815 3163 869 οὐκ
3207 814 3428 871 ἔλασσον
3467 794 3697 894 ήΙμερῶν

428 883 639 939 debeat.
671 884 911 941 Montem
936 888 1080 942 enim
1109 928 1124 952 ,
1156 891 1419 957 quoniam
1452 889 1594 944 Deus
1624 905 1690 945 eo
1712 890 2013 948 descende-

426 983 532 1037 rat,
551 976 755 1046 passim
789 980 1013 1043 arsisse,
1045 979 1302 1034 tubarum
1330 981 1643 1051 clangorem
1675 982 2009 1047 iusouuisse,

425 1079 492 1120 ac
543 1067 664 1122 sine
715 1070 932 1137 propria
976 1080 1188 1124 naturae
1218 1071 1456 1135 ratione,
1511 1080 1719 1125 tantum
1755 1073 1895 1142 ignis
1925 1074 2011 1127 in-

424 1157 676 1212 cendium
722 1161 1024 1228 perstitisse
1070 1161 1350 1231 legislator
1418 1162 1535 1230 ipse
1588 1173 2004 1218 commemorat.

422 1249 656 1320 Quippe,
688 1267 811 1306 cum
830 1255 975 1307 enim
1008 1254 1305 1309 multitudo
1335 1253 1545 1308 circum
1571 1256 1853 1314 universa,
1874 1270 1998 1324 qua:

424 1343 740 1411 (praeteritis
798 1345 926 1399 l'.cet
974 1346 1266 1407 omnibus,
1317 1345 1410 1413 qui
1463 1345 1673 1414 justam
1769 1346 2004 1401 necdum

420 1420 636 1490 natalem
659 1437 972 1508 attigerant)
990 1437 1173 1493 decies
1199 1439 1444 1493 centenis
1467 1438 1707 1492 millibus
1730 1437 1874 1493 haud
1908 1438 2006 1492 mi-

419 1541 525 1580 nor
544 1537 682 1595 erat,
707 1528 919 1583 dierum
973 1531 1217 1600 quinque
1244 1533 1422 1601 spatio
1452 1543 1693 1587 montem
1727 1534 2001 1604 undiqua-

419 1634 527 1689 que
560 1622 871 1689 cinxisset;
930 1638 1262 1693 quacunque
1316 1635 1636 1693 prospectus
1696 1643 1726 1681 e
1777 1629 1998 1692 castris,

418 1711 619 1782 quibus
656 1727 776 1767 sese
805 1714 1190 1778 continebant,
1218 1715 1270 1768 in
1305 1719 1490 1771 orbem
1532 1721 1771 1787 patebat,
1805 1722 1986 1790 ignem

2114 893 2275 947 πέντε
2305 896 2471 967 οὖα-ης
2515 900 2615 971 τῆς
2640 901 2892 973 περιόδου
2938 904 3074 976 περὶ·
3123 906 3273 972 αὐτὰ,
3336 910 3480 964 κατὰ
3513 893 3693 968 πάντα

2110 983 2274 1039 τόπον
2314 989 2413 1058 τῆς
2434 989 2676 1060 ὁράσεως
2707 994 2871 1045 πᾶσιν
2904 993 3087 1059 αὐτοῖς
3122 997 3415 1065 κυκλόθεν,
3451 1002 3528 1067 ὡς
3549 999 3695 1076 ἦσαν

2111 1077 2647 1167 παρεμϐεϐληκότες,
2703 1084 2769 1137 τὰ
2820 1084 2932 1156 πῦρ
2982 1087 3308 1159 φλεγόμενον
3362 1092 3687 1167 έθεωρείτο·

2107 1164 2250 1222 ὥστε
2275 1170 2375 1241 τὴν
2397 1173 2694 1227 κατάϐασιν
2725 1176 2799 1248 μὴ
2821 1179 3049 1250 τοπικὴν
3080 1176 3247 1235 εῖναι·
3282 1188 3555 1258 πανταχοῦ
3578 1190 3692 1263 γὰρ

2106 1256 2136 1310 ὁ
2169 1259 2300 1323 Θεός
2352 1264 2518 1318 ἐστιν.
2587 1266 2748 1320 Ἀλλὰ
2788 1268 2886 1340 τήν
2918 1270 3012 1323 τοῦ
3063 1273 3234 1345 πυρὸς
3265 1256 3493 1348 δύναμιν
3532 1256 3691 1353 πάρᾶ

2107 1351 2285 1407 πάντα
2326 1354 2627 1427 θαυμάσιον
2663 1360 3015 1432 ὑπάρχουσαν
3038 1405 3053 1429 ,
3084 1365 3174 1419 διὰ
3205 1366 3265 1421 τὺ
3288 1370 3464 1425 πάντα
3500 1351 3690 1427 ἀναλί-

2106 1459 2200 1497 σκε
2210 1463 2277 1512 ιν,
2303 1445 2469 1512 ἔδειξε
2495 1448 2830 1524 φλεγομένην
2859 1453 2968 1525 (88)
2994 1456 3397 1526 ἁνυποστάτως,
3435 1463 3601 1534 μηδὲν
3625 1465 3687 1519 δὲ

2102 1534 2591 1602 ἑξαναλίσκουσαν,
2628 1543 2677 1595 εί
2728 1541 2801 1614 μὴ
2834 1542 2896 1596 τὸ
2925 1546 3073 1616 παρὰ
3092 1546 3187 1600 τοῦ
3225 1548 3360 1603 Θεοῦ
3385 1550 3701 1623 δυναμικὺν,

2102 1627 2239 1700 αὐτῇ
2276 1630 2524 1702 προσείη.
2553 1631 2673 1685 Τῶν
2707 1634 2814 1707 γὰρ
2836 1636 3121 1706 φυομένων
3153 1641 3210 1693 ὲν
3243 1640 3318 1711 τῷ
3346 1641 3460 1713 ὄρει
3486 1645 3704 1717 ιῖὲκείνῳΔ

2103 1717 2605 1792 ἒξαναλισκομένων
2650 1724 2914 1796 σφοδρῶς,
2942 1727 3096 1782 οὐδὲν
3147 1729 3482 1796 ὲξανὰλωσεν
3505 1752 3517 1765 ·
3557 1736 3680 1790 ἀλλ’

417 1818 611 1859 omnes
655 1821 981 1861 succensum
1041 1807 1416 1862 intuebantur.
1467 1809 1650 1876 Quare
1696 1812 1972 1866 descensu:

2102 1808 2316 1879 ἔμεινεν
2372 1813 2482 1865 τῶν
2512 1792 2797 1870 ἁπάντων*
2826 1817 2859 1888 ή
2893 1817 3022 1890 χλόη
3051 1792 3221 1892 πυρὸς
3274 1823 3513 1891 ἄθικτος,
3551 1829 3683 1882 σαλ-

417 1893 509 1949 ille
537 1896 609 1950 ad
657 1899 929 1967 prOpriam
967 1914 1262 1969 veramque
1292 1901 1395 1956 loci
1426 1904 1692 1957 rationem
1726 1906 1972 1973 pertinen

2100 1903 2314 1972 πίγγων
2341 1918 2401 1958 τε
2442 1908 2614 1974 φωναὶ
2651 1909 3006 1981 σφοδρότερον
3059 1915 3415 1986 συνηκούοντο
3463 1921 3559 1974 σὺν
3606 1924 3674 1994 τῇ

414 2001 523 2041 non
547 1996 745 2057 potest,
776 2005 898 2044 cum
918 1990 1061 2046 Deus
1092 1990 1293 2062 ubique
1320 1993 1410 2049 sit.
1440 1995 1510 2049 At
1551 2011 1677 2050 vero
1711 1997 1819 2050 vim
1847 1998 1972 2051 illan

2096 1995 2191 2048 τοῦ
2246 1996 2415 2065 πυρὸς
2451 1998 2797 2072 ἀστραπηδὸν
2841 2002 3121 2070 ὲκφάνσει,
3180 2006 3253 2077 μὴ
3299 1990 3678 2081 προκειμένων

414 2082 559 2154 ignis
586 2123 601 2147 ,
641 2101 764 2153 qua:
800 2085 944 2155 quod
977 2088 1161 2142 omnia
1193 2089 1353 2144 conti.
1374 2090 1469 2156 iat,
1521 2100 1729 2145 tantum
1757 2107 1867 2162 prae
1889 2108 1967 2147 cae

2095 2087 2341 2157 ὀργάνων
2365 2089 2639 2154 τοιούτοιν,
2684 2092 2815 2165 μηδὲ
2841 2094 2934 2148 τοῦ
2964 2097 3311 2170 φωνήσαντος
3332 2140 3347 2163 ,
3386 2100 3522 2155 ἀλλὰ
3552 2101 3677 2177 θείᾳ

415 2178 549 2232 teris
579 2178 836 2233 omnibus
865 2180 1308 2236 almirabilitatis
1345 2184 1526 2249 habet,
1557 2200 1836 2253 nunquam
1867 2200 1964 2254 pro

2095 2184 2405 2252 κατασκευῇ
2438 2183 2736 2254 γινομένων
2765 2185 2983 2240 πάντων
3003 2204 3016 2217 ·
3051 2188 3190 2242 ὥστε
3223 2192 3390 2262 σαφὲς
3426 2188 3564 2246 εἶναι
3585 2193 3675 2248 διὰ

411 2269 531 2340 pri‘a
582 2281 775 2325 natura
816 2272 1136 2340 Spoliatam,
1188 2286 1239 2329 et
1272 2275 1533 2347 ﬂagrasse
1593 2277 1967 2332 vehementius

2091 2270 2267 2325 ταῦτα
2289 2273 2386 2342 τὴν
2405 2273 2707 2328 κατάϐασιν
2722 2277 2821 2348 τὴν
2845 2275 2994 2330 θείαν
3021 2279 3319 2347 γεγονέναι,
3347 2282 3435 2337 διὰ
3462 2285 3523 2338 τὸ
3537 2288 3675 2352 τοὺς

409 2377 512 2417 nec
540 2364 838 2433 quidquam
868 2378 1046 2420 tamen
1072 2368 1451 2440 absumpsisse
1495 2369 1701 2425 diceret
1728 2411 1742 2434 ,
1785 2370 1889 2425 nisi
1926 2386 1972 2425 et

2093 2364 2429 2435 συνορῶντας
2452 2366 2795 2436 ὲκφαντικῶς
2816 2369 3024 2425 ἕκαστα
3050 2372 3509 2444 καταλαμϐάνειν,
3531 2382 3671 2451 μήτε

408 2453 581 2507 divini
608 2452 863 2509 Numinis
888 2467 1153 2525 potestate
1184 2460 1439 2515 cieretur.
1470 2461 1638 2533 378
1668 2460 1799 2516 Nam
1826 2479 1892 2517 ex
1924 2464 1972 2519 iit

2087 2458 2150 2513 τὸ
2177 2459 2287 2530 πῦρ
2333 2460 2632 2525 κεκαυκδς,
2672 2461 2747 2525 ὡς
2786 2464 3129 2535 προείρηται,
3184 2467 3368 2539 μηδὲν,
3398 2472 3533 2542 μήτε
3566 2472 3697 2541 τὰς

406 2546 664 2602 omnibus
692 2558 942 2618 quartato
969 2553 1176 2620 passim
1200 2558 1383 2607 monte
1417 2555 1779 2623 pullulabant,
1811 2555 1972 2612 facile

2091 2548 2402 2620 σαλπίγγων
2427 2552 2609 2621 φωνὰς
2631 2553 2698 2606 δι’
2724 2554 3069 2626 ἀνθρωπίνης
3094 2560 3391 2631 ἐνεργείας,
3423 2561 3455 2635 ἢ
3492 2581 3668 2619 κατα-

405 2654 514 2709 que
539 2641 831 2696 admodum
890 2644 1138 2699 comburi
1195 2648 1537 2715 potuissent.
1575 2650 1710 2703 nihil
1757 2651 1972 2706 omninc

2090 2641 2293 2713 σκευῆς
2318 2643 2563 2714 ὀργάνων
2593 2644 2857 2714 γίνεσθαι,
2882 2647 2974 2701 τὸν
3002 2648 3061 2702 δὲ
3079 2648 3210 2704 Θεὸν
3239 2651 3365 2706 ἄνευ
3395 2653 3541 2719 τινὸς
3567 2657 3690 2712 δειο.

403 2740 764 2813 consumpsit,
811 2738 905 2793 sed
960 2741 1145 2794 nativa
1185 2751 1510 2797 cunctorum
1542 2744 1790 2799 viriditas
1829 2744 1972 2799 ﬂam-

2085 2734 2276 2789 κνύναι
2300 2734 2397 2807 τὴν
2429 2736 2621 2790 ἑαυτοῦ
2648 2736 2734 2791 διὰ
2758 2740 2958 2803 παντὸς
2984 2741 3399 2815 μεγαλειότητα.
3432 2767 3449 2799 ι
3478 2748 3668 2806 Ταῦτα

402 2826 510 2880 mis
553 2828 756 2883 intacta
785 2831 1100 2897 permansit.
1132 2830 1443 2896 Quinetiam
1507 2835 1857 2892 acutissimus
1892 2845 1972 2890 tu-

2082 2829 2112 2881 ό
2151 2827 2575 2898 Ἀριστόϐουλος.
2621 2829 2777 2883 Ἐπεὶ
2814 2829 2872 2884 δὲ
2913 2829 3303 2916 διεληλύθαμεν
3348 2838 3418 2891 τά
3440 2856 3500 2892 τε
3551 2842 3684 2896 τῶνι

401 2916 595 2972 barum
628 2920 851 2990 clangor
879 2921 1225 2989 audiebatur,
1277 2940 1401 2979 cum
1455 2925 1782 2997 fulgur-antis
1837 2929 1972 2991 ignis

2085 2917 2243 2988 ἰερῶν
2269 2918 2447 2989 νόμων
2479 2920 2911 2993 παραγγέλματα
2954 2924 3042 2977 τόν
3065 2942 3125 2977 τε
3151 2926 3351 2998 τρόπον
3376 2931 3475 3002 τῆς
3498 2930 3666 3007 ἀλλη-

401 3010 789 3066 coruscatioue
841 3011 1196 3080 conjunctus,
1245 3028 1370 3067 cum
1428 3025 1607 3070 tamen
1645 3033 1746 3072 nec
1774 3017 1972 3072 instru-

2080 3012 2417 3084 γορουμένης
2456 3014 2588 3085 παρ’
2630 3015 2814 3079 αὐτοῖς
2852 3015 3026 3082 ἰδέας,
3056 3017 3181 3090 ἑξῆς
3208 3020 3275 3075 ἂν
3305 3021 3391 3094 είη
3415 3024 3511 3078 καὶ
3540 3026 3663 3082 τόδε

399 3107 647 3153 mentum
685 3101 735 3154 id
763 3117 936 3170 genus
952 3103 1145 3169 ullum,
1199 3122 1301 3162 nec
1350 3107 1492 3163 illitis
1518 3108 1591 3162 ibi
1629 3110 1844 3165 tubicen
1877 3125 1972 3179 ap-

2080 3104 2541 3176 ὲπισημήνασθαι,
2590 3105 2666 3171 ὼς
2707 3106 2768 3161 τὺ
2816 3109 2922 3162 πᾶν
2966 3109 3232 3165 Ἰουδαίων
3258 3112 3409 3180 ἔθνος
3442 3117 3522 3181 είς
3567 3118 3683 3175 δύο.

399 3200 637 3255 pareret,
672 3192 766 3244 sed
791 3191 983 3247 divino
1012 3195 1248 3263 quodam
1278 3199 1511 3254 artiﬁcio
1534 3209 1731 3255 cuncta
1765 3200 1974 3257 tierent.

397 3277 476 3333 Ita
502 3280 585 3335 vel
620 3296 686 3336 eo
725 3284 1022 3351 praesertim
1079 3286 1408 3343 descensum
1446 3291 1597 3345 illum
1650 3293 1810 3362 plane
1838 3294 1976 3347 divi-

396 3382 528 3422 num
557 3386 678 3424 esse
699 3375 1003 3442 constabat,
1030 3375 1173 3444 quod
1191 3388 1483 3446 prmseutes
1514 3390 1781 3451 quotquot
1809 3382 1977 3437 inter-

402 3470 580 3523 erant,
635 3464 819 3533 specie
849 3474 1006 3522 tenus
1032 3468 1248 3540 singula
1293 3472 1655 3541 perciperent,
1691 3474 1972 3544 neciguis,

395 3550 583 3620 utjam
618 3554 824 3609 dictum
871 3566 974 3623 est,
1001 3560 1239 3614 reculam
1289 3562 1455 3615 ullam
1504 3564 1836 3629 absumeret,
1876 3580 1974 3620 nec

394 3644 650 3699 tubarum
682 3646 907 3719 clangor
933 3658 1028 3704 aut
1060 3650 1347 3708 hominum
1385 3664 1532 3721 arte,
1563 3665 1655 3710 aut
1709 3658 1971 3713 similium

391 3734 884 3794 instrumentorum
943 3756 1109 3812 opera
1161 3757 1502 3815 personaret,
1529 3748 1625 3801 sed
1657 3745 1800 3803 Deus
1831 3749 1968 3819 ipse,

391 3825 610 3894 rejectis
657 3830 935 3893 omnibus,
991 3848 1148 3889 suam
1176 3850 1274 3905 per
1305 3851 1425 3892 sese
1473 3853 1615 3892 unus
1644 3854 1708 3892 ac
1751 3841 1970 3909 proprie

389 3917 727 3984 majestatem
800 3926 1133 3983 ostenderet.
1185 3947 1205 3980 ι
1261 3928 1534 3986 Hactenus
1591 3933 1964 3990 Aristobulus.

387 4005 545 4064 Nunc
567 4025 713 4078 vero,
762 4017 1020 4083 quoniam
1059 4028 1112 4073 et
1147 4004 1429 4076 sacrarum
1466 4023 1644 4093 legum
1680 4026 1965 4093 mandata,

386 4108 441 4153 et
471 4101 710 4169 ipsorum
746 4108 1021 4179 allegoriis
1065 4110 1341 4167 inclusum
1393 4114 1697 4185 aliquando
1739 4132 1963 4172 sensum

385 4196 781 4263 expressimus,
838 4216 1019 4270 operte
1055 4205 1289 4273 pretium
1335 4206 1601 4276 deinceps.
1637 4208 1803 4263 fuerit
1831 4211 1963 4266 illud

384 4281 551 4336 etiam
578 4286 1009 4346 animadvertere
1031 4333 1046 4357 ,
1080 4304 1294 4362 gentem
1327 4295 1469 4350 hanc
1488 4295 1800 4353 Judteorum
1839 4302 1964 4356 uni-

384 4386 598 4429 versam
649 4379 787 4434 duas
829 4380 881 4434 in
921 4393 1103 4452 partes
1150 4397 1352 4441 sectam
1384 4404 1448 4444 ac
1489 4389 1719 4445 divisam
1765 4391 1958 4450 fuisse.

2079 3196 2343 3266 τμήματα
2367 3194 2636 3266 διῄρηται.
2669 3197 2781 3250 Καὶ
2811 3197 2908 3269 τὴν
2938 3198 3037 3269 μὲν
3062 3199 3270 3272 πληθὺν
3299 3206 3423 3267 ταῖς
3435 3204 3546 3258 τῶν
3573 3207 3664 3260 νό-

2082 3302 2197 3356 μων
2226 3285 2367 3340 κατὰ
2392 3287 2490 3357 τὴν
2522 3286 2689 3358 ῥητὴν
2718 3287 2955 3342 διάνοιαν
2992 3291 3473 3363 παρηγγελμέναις
3520 3296 3663 3351 om.

2078 3376 2272 3455 θήκαις
2298 3377 2476 3448 ὑπῆγε
2501 3394 2514 3408 ·
2537 3378 2598 3431 τὸ
2617 3379 2661 3432 δ’
2687 3378 2871 3451 ἕτερον
2887 3381 2994 3437 τῶν
3022 3384 3078 3436 ὲν
3101 3384 3208 3451 ἕξει
3232 3386 3436 3457 τάγμα,
3453 3388 3662 3462 ταύτης

2079 3450 2178 3541 μὲν
2205 3472 2385 3540 ἠφίει,
2432 3470 2679 3543 θειοτέρα
2706 3450 2895 3527 rem:
2929 3450 3172 3540 καὶτοὺς
3194 3450 3429 3543 πολλοὺς
3451 3450 3663 3534 suave;

2075 3561 2342 3636 ϐεϐηκυίᾳ
2368 3563 2653 3636 φιλοσοφίᾳ
2680 3566 2966 3638 προσέχειν
2991 3566 3142 3639 ἠξίου
3166 3608 3180 3632 ,
3214 3569 3417 3641 θεωρίᾳ
3457 3588 3517 3625 τε
3547 3573 3663 3626 τῶν

2074 3655 2132 3708 ὲν
2163 3658 2274 3719 τοῖς
2306 3656 2489 3727 νόμοις
2516 3656 2656 3711 κατὰ
2678 3656 2914 3711 διάνοιαν
2961 3661 3394 3731 σημαινομένων.
3440 3659 3551 3716 Ἦν
3597 3664 3663 3719 δὲ

2072 3744 2231 3798 τοῦτο
2271 3745 2573 3816 φιλοσόφων
2640 3748 2910 3802 Ἰουδαίων
2961 3750 3138 3817 γένος,
3168 3744 3243 3804 ὧν
3269 3752 3369 3824 τὴν
3407 3753 3504 3807 τοῦ
3536 3754 3663 3825 βίου

2072 3835 2306 3908 ἄσκησιν
2336 3838 2428 3891 καὶ
2452 3837 2562 3891 τῶν
2591 3838 2791 3905 ἔξωθεν
2821 3843 3245 3917 κατεπλάγησαν
3271 3847 3475 3919 μυρίοι.
3532 3847 3657 3902 Τῶν

2069 3927 2115 3981 δ’
2147 3929 2361 3984 οἰκείων
2412 3931 2469 3989 οἰ,
2492 3932 2967 4002 περιφανέστατοι,
2997 3936 3090 3990 καὶ
3143 3937 3368 4009 μνήμης
3414 3937 3656 4010 ἀλήστου

2068 4016 2291 4081 τούτους
2322 4017 2559 4089 ἠξίωσαν
2604 4020 2864 4093 Ἰώσηπός
2907 4041 2964 4078 τε
2997 4026 3092 4079 καὶ¹
3115 4026 3308 4093 Φίλων,
3340 4028 3434 4081 καὶ
3472 4029 3654 4101 ἕτεροι

2068 4107 2285 4174 πλείους
2300 4127 2314 4142 ο
2334 4104 2409 4165 ὧν
2432 4111 2501 4164 τὰ
2524 4112 2695 4167 πολλὰ
2722 4116 2936 4188 παρεὶς,
2957 4116 3247 4189 δείγματος
3268 4120 3401 4174 αὐτὸ
3429 4134 3457 4163 ι
3488 4123 3661 4194 μόνον

2066 4196 2227 4256 ἕνεκα
2250 4202 2317 4272 τῇ
2340 4200 2433 4254 τοῦ
2456 4201 2687 4267 Φίλωνος
2717 4204 2811 4257 ἐπὶ
2832 4205 2927 4259 τοῦ
2951 4209 3215 4280 παρόντος
3235 4211 3651 4285 ἀρκεσθήσομαι

2068 4292 2364 4363 μαρτυρίᾳ,
2399 4294 2465 4364 ἢν
2492 4295 2619 4365 περὶ
2649 4295 2767 4350 τῶν.
2783 4296 3125 4370 δηλουμένων
3141 4301 3283 4355 κατὰ
3314 4302 3488 4357 πολλὰ
3538 4305 3653 4359 τῶν

2064 4384 2280 4437 οἰκείων
2313 4385 2720 4457 ὑπομνημάτων
2764 4389 3018 4447 τέθειται.
3065 4393 3282 4448 Τούτων
3318 4395 3363 4449 δ’
3398 4397 3507 4451 ἀπὸ
3546 4402 3653 4471 τῆς

381 4459 519 4518 Nam
574 4469 975 4529 multitudinem
1032 4475 1254 4544 quidem
1287 4477 1484 4533 ritibus
1531 4480 1642 4535 illis
1672 4484 1949 4549 omnibus,

2079 4476 2195 4548 νπὲρ
2211 4477 2474 4533 Ἰουδαίων
2488 4479 2837 4551 Ἀπολογίας
2862 4481 2971 4555 (89)
2981 4484 3161 4539 λαϐὼν
3187 4486 3252 4540 σύ
3271 4504 3355 4557 γε,
3372 4459 3652 4559 ἀνάγνωθι

380 4558 658 4623 quomodo
676 4560 854 4630 legum
879 4563 1121 4633 ipsarum
1154 4568 1336 4623 verbis
1366 4571 1615 4639 concepti
1639 4581 1816 4638 erant,
1854 4575 1953 4629 ob-

2060 4569 2255 4631 ταῦτα.

380 4649 630 4707 strictam
661 4654 872 4727 Moyses
902 4660 1072 4715 teneri
1119 4661 1307 4730 jussit.
1332 4664 1669 4731 Atcmteros,
1721 4682 1954 4737 quorum
1993 4687 2153 4726 mens
2205 4675 2353 4724 esset
2383 4666 2669 4737 virtusque
2716 4671 3075 4734 constantior,
3113 4688 3240 4729 cum
3308 4690 3377 4731 eo
3438 4678 3650 4735 cortice

373 4747 633 4806 liberatos
660 4766 804 4813 esse.
865 4762 982 4808 tum
1022 4755 1090 4810 ad
1127 4756 1452 4814 diviniorem
1497 4761 1738 4831 aliquam
1796 4772 1852 4819 et
1906 4766 2191 4826 hominum
2243 4762 2409 4834 vulgo
2454 4762 2790 4832 superiorem
2836 4765 3242 4837 philosophiam
3300 4786 3645 4842 assuescere,

438 4907 465 4937 ι
484 4897 600 4953 Ἵσ.
641 4894 830 4952 αὐτοῦ.

597 5015 850 5102 ξξδξιξε,
884 5022 1134 5091 φλεγυμ.
1173 5023 1379 5082 Sensus
1400 5065 1416 5093 ,
1452 5028 1616 5084 credo
1636 5071 1653 5101 ,
1679 5032 1953 5102 postulat,

377 5081 569 5159 obito};
594 5084 761 5159 ξδειξε
784 5081 1023 5159 φλέγομξ

445 5152 558 5238 ςβ9)
608 5152 917 5238 ςζουδαξωνί
946 5152 1310 5238 Ἀπολογίας.
1357 5165 1608 5225 Nondum
1642 5171 1805 5238 hujus
1828 5172 1953 5228 libri

372 5220 516 5277 facta
540 5220 682 5315 mihi
710 5220 1549 5315 copia.estﬁEu-sélnus-noster:
1559 5220 1953 5315 ξζιίἷεῖὀὶίἆὶ

374 5306 520 5383 inus,
537 5304 609 5383 et
626 5295 844 5383 §uidas,
867 5299 969 5383 lib.
988 5303 1129 5370 Περὶ
1156 5295 1616 5383 τῷνλἸουὸαίων,
1643 5295 1703 5367 in
1718 5295 1952 5383 spei-hin

373 5363 780 5460 Aoata‘logo
807 5363 1172 5460 m‘entioluém“
1197 5376 1446 5460 faciunt,
1492 5374 1584 5460 qui
1604 5363 1947 5460 'nonvaliu—s:

374 5432 590 5500 opinor,
623 5432 801 5491 fuerit.
837 5436 1107 5508 Josephus
1136 5432 1947 5522 item,Aittiqttitot.“lib.“irin:

374 5514 426 5579 (δἶ
456 5500 869 5579 10,__P_hilonem
914 5512 1105 5567 scribit
1135 5530 1167 5568 e
1192 5517 1366 5573 tribus
1410 5535 1580 5574 unum
1626 5520 1813 5579 fuisse.
1850 5528 1945 5579 oui

413 5536 441 5588 ἱ
464 5536 525 5588 si
544 5536 886 5588 ,j‘u.IIIIUIICIl‘l-
914 5536 1111 5588 50”th
1135 5536 1167 5568 8
1192 5536 1366 5588 ιιΊυιξε
1410 5536 1580 5574 unum
1626 5536 1813 5588 "11588,

376 5542 426 5552 ν.
464 5542 520 5553 .ν
544 5542 559 5565 ,
590 5542 610 5557 ι
633 5542 869 5561 ιιιιυιιυιιι
914 5542 1105 5567 διιιυιι
1135 5542 1167 5568 υ
1192 5542 1366 5573 uiuus
1412 5542 1580 5574 unum
1626 5542 1813 5588 llllSSC,
1850 5542 1945 5595 QUI

374 5568 448 5623 ob
472 5571 795 5652 seditionem
825 5578 1244 5652 Alexandrinam
1265 5627 1281 5652 ,
1306 5586 1523 5645 Judaeos
1554 5591 1695 5647 inter
1718 5604 1773 5649 et
1797 5593 1946 5651 Grae-

374 5643 791 5732 Ic‘o'sﬂefeitatam
813 5688 852 5732 ,o
876 5666 972 5731 pro
997 5649 1200 5732 Judfeis
1234 5643 1301 5711 ad
1338 5643 1528 5732 Caium
1562 5643 1941 5732 imperatorem

376 5705 643 5777 legatione
682 5705 855 5773 functi
876 5705 1016 5777 'sint
1077 5705 1215 5781 ’ίίήό
1236 5705 1763 5800 Totidé't'égiiié'ﬁis"

2034 5031 2388 5101 —principatu.
2420 5027 2556 5101 Cum
2590 5036 2771 5101 autem
2834 5029 3008 5100 Apion
3039 5031 3277 5101 graviter
3324 5032 3380 5086 in
3422 5048 3518 5088 eos
3555 5035 3651 5092 in~

2055 5099 2245 5172 vectus
2278 5107 2457 5172 esset,
2487 5099 2659 5172 Φίλων
2682 5140 2697 5165 ,
2724 5099 2951 5172 inquit,
2985 5102 3014 5154 ό
3045 5100 3323 5172 προεστὼς
3350 5103 3481 5172 τῶν*
3502 5105 3641 5160 Ἰου-

2054 5171 2221 5241 δαίων
2247 5171 2346 5241 τῆς
2373 5169 2687 5241 πρεσϐείας,
2712 5169 2861 5241 ἀνὴρ
2878 5170 2946 5225 τὰ
2969 5169 3145 5225 πάντα
3171 5170 3400 5240 ἔνδοξος,
3434 5169 3547 5241 οἷός
3575 5194 3645 5237 τε

2052 5236 2123 5313 ᾖν
2161 5236 2542 5313 ἐπ’ᾼᾶπολογίᾳ
2571 5242 2769 5313 χωρεῖν
2796 5236 2902 5293 τῶν
2932 5236 3414 5313 κατηγορημένων.
3457 5236 3637 5312 Quam

2054 5308 2145 5365 ille
2177 5308 2581 5380 defensionem,
2596 5308 2750 5379 quod
2778 5325 2900 5363 eam
2933 5308 3101 5366 Caius
3131 5308 3320 5367 audire
3342 5308 3636 5380 noluisset,

2053 5381 2260 5454 scripto
2293 5378 2527 5434 fortasse
2557 5378 2927 5454 mandaverit,
2974 5380 3209 5454 indeque
3263 5378 3636 5454 fragtnentum

2055 5450 2162 5505 hoc
2198 5458 2385 5504 noster
2422 5450 2776 5517 excerpserit.
2809 5450 2946 5504 Cum
2971 5450 3486 5510 enim’accusaiioui
3518 5473 3639 5512 sua:

2053 5519 2228 5590 Apion
2260 5520 2365 5574 alia
2393 5520 2649 5597 pleraque
2682 5519 2933 5597 crimina,
2969 5518 3045 5582 ὡς
3078 5522 3245 5597 εἰκός,
3279 5524 3632 5597 intexuisset,

2053 5589 2116 5644 ea
2148 5604 2367 5659 quoque
2397 5589 2554 5644 Philo
2586 5589 2875 5647 contrariis
2913 5606 3142 5648 suorum
3184 5592 3439 5650 laudibus
3470 5589 3634 5652 τοιοιέ

2053 5660 2210 5716 lenda
2242 5660 2532 5732 putaverit.
