3824 6226
204 209 317 264 οιι
1353 218 1685 279 ΡΗΔΡΔΒᾹ
1723 224 1768 280 Ε

1879 225 1987 284 NG.
2026 229 2158 288 ΜΒ.
2198 225 2337 291 Vill
3375 254 3486 312 ΜΞ

197 336 383 444 atque
430 328 490 387 ln
518 330 768 440 altiorem
816 334 1356 407 legum-sententiam
1407 342 1610 400 mentis
1659 344 1820 401 ocqu
1858 357 2147 417 penetrare
2192 354 2382 409 voluit.
2431 356 2608 428 Atque
2635 359 2750 417 haec
2784 361 2890 419 fuit
2935 360 3248 425 Iudaeorum
3314 328 3519 444 philmi

200 422 523 535 sophorum
543 427 714 491 natio,
741 430 899 498 cujus
948 430 1080 486 vita:
1147 445 1474 504 morumque
1508 436 1752 495 rationes
1808 440 2053 499 inlinitos
2109 447 2272 501 etiam
2343 422 2674 522 alienigenas
2726 422 3510 535 admirationeiconipleriiiii:

200 516 602 620 At-gentilium
633 538 860 578 suorum
908 522 1200 579 clarissimi
1234 522 1507 596 Josephus
1526 539 1581 585 et
1613 529 1789 599 Philo,
1830 533 2034 605 aliique
2123 540 2472 611 complures,
2511 516 2742 600 eosdem
2808 553 3087 607 memoriae
3154 516 3513 624 posteritati;

202 609 570 678 sempiterna:
608 615 726 667 suis
759 614 925 669 etiam
966 615 1224 685 operibus
1305 622 1694 678 commendare
1756 638 1768 665 π

1879 637 2067 684 terunt.
2137 629 2252 702 Ego
2308 648 2459 701 vero,
2513 636 2788 708 plerisque
2838 644 3093 699 omnibus
3157 624 3514 716 pratermisa"

203 701 312 765 sis,
352 721 469 809 uno
499 707 766 809 duntaxat
817 710 1312 783 inpraesentiarum
1368 719 1614 775 Philonis
1679 722 2016 791 testimonio,
2082 701 2220 782 dicis
2287 742 2473 791 causa,
2513 701 2811 789 contentus
2870 750 2986 801 ero,
3038 701 3186 809 quod
3232 701 3488 801 suis—Villio

188 797 426 898 ’μεθείω
442 801 804 900 monimentis
837 805 1113 875 iuspersit.
1138 807 1393 865 Primum
1420 825 1552 883 ergo
1586 811 1704 883 lege
1727 822 1785 868 tu
1822 814 1981 883 mihi,
2004 832 2128 887 quae
2147 817 2214 873 de
2238 817 2349 875 illis
2373 820 2429 875 in
2453 836 2553 876 sua
2575 838 2675 892 pro
2695 822 2900 882 Iudaeis
2951 797 3280 900 bennam,

196 886 274 944 in
323 890 553 946 modum
578 892 696 964 ipse
733 907 1149 955 commemorat.

756 1015 1156 1073 ΚΕΦΆΛΔΙΟΝ
1176 1018 1291 1076 ΙΝ.
1827 1031 1878 1089 Α

200 1134 359 1213 Περὶ
389 1142 681 1225 try-md
706 1146 814 1225 τὸν
836 1149 984 1225 ,βίον
1026 1141 1244 1220 ἀρετῆς
1278 1153 1398 1225 τῶν
1437 1157 1598 1225 παρὰ
1652 1158 1793 1214 Ἰου-

429 1213 621 1283 δαίοις
660 1218 726 1271 τὸ
749 1220 1011 1275 παλαιὸν
1052 1213 1569 1295 ξοιλόὰοερούντωὲ.

2418 1021 2585 1093 379
2603 1021 2831 1080 CAPUT
2868 1023 2964 1081 Xl.

1895 1132 2224 1210 ὒίιῖἐιενιιηι
2252 1155 2394 1226 apud
2419 1154 2672 1241 Hebraea
2690 1158 3115 1241 philosophorum
3140 1162 3247 1219 vita
3272 1181 3481 1224 summa

2361 1242 2481 1280 cum
2513 1244 2560 1282 υτ
2569 1239 2703 1283 rtute
2727 1239 3029 1301 conjuncta.

289 1364 310 1398 ι
344 1348 591 1421 Μυρίους
616 1350 675 1404 δὲ
701 1350 812 1407 τῶν
833 1354 1127 1426 γνωρίμων
1153 1358 1181 1410 ὁ
1203 1358 1471 1431 ἡμέτερος
1499 1361 1794 1436 νομοθέτης

205 1437 437 1508 ῆλειψεν
480 1442 576 1495 ἐπὶ
621 1443 940 1508 κοινωνίαν,
963 1445 1013 1499 οῖ
1045 1447 1336 1503 καλοῦνται
1379 1451 1478 1521 μὲν
1528 1452 1789 1519 Ἐσσαῖοι,

204 1531 369 1602 παρά
415 1533 516 1604 τὴν
576 1536 848 1607 ὁσιότητα,
909 1538 1002 1608 μοὶ
1031 1539 1171 1593 δοκῶ
1196 1580 1211 1605 ,
1264 1543 1366 1612 τῆς
1423 1545 1793 1616 προσηγορίας

202 1622 555 1690 ἀξιωθέντες,
580 1625 786 1680 οἰκοῦσι
812 1626 1098 1694 senem;
1123 1630 1222 1702 μὲν
1272 1633 1455 1699 πόλεις
1502 1635 1604 1705 τῆς
1658 1637 1791 1690 ἰου-

196 1715 387 1779 δαίας,
432 1716 634 1782 πολλὰς
652 1717 708 1772 δὲ
741 1718 953 1789 κώμας,
993 1723 1088 1776 καὶ
1130 1725 1399 1794 μεγάλους
1424 1727 1520 1780 καὶ
1562 1728 1792 1784 πολυαν-

202 1805 464 1879 θρώπους
505 1807 745 1880 ὁμίλους.
775 1812 932 1865 Ἔστι
960 1813 1004 1866 δ⁴
1044 1815 1229 1880 αὐτοῖς
1272 1818 1304 1888 ἡ
1350 1819 1674 1892 προαίρεσις
1727 1822 1789 1875 οὑ

192 1896 355 1965 γένει
401 1898 579 1968 (γένος
621 1899 730 1971 γὰρ
777 1901 862 1971 ἐφ’
888 1903 1156 1969 ἑκουσίοις
1181 1906 1244 1959 οὐ
1277 1908 1594 1979 γράφεται),
1625 1910 1711 1963 διὰ
1732 1911 1789 1966 δὲ

192 1987 371 2058 ζῆλον
409 1990 614 2061 ἀρετῆς
659 1991 753 2044 καὶ
790 1991 1201 2065 φιλανθρωπίας
1246 1997 1457 2071 ἵμερον.
1527 2001 1790 2058 Ἐσσαίων

198 2079 339 2148 γοῦν
378 2081 573 2154 κομιδῆ
618 2082 811 2152 νήπιος
828 2084 1020 2151 οὐδεὶς,
1053 2086 1167 2141 ἀλλ’
1182 2089 1303 2143 οὐδὲ
1325 2092 1717 2163 πρωτογένειος
1754 2094 1787 2165 ἢ

202 2171 526 2243 μειράκιον·
566 2174 689 2228 ἐπεὶ
715 2176 781 2231 τά
809 2192 874 2245 γε
919 2177 1123 2232 τούτων
1162 2179 1395 2236 ἀὸέσαια
1442 2183 1546 2256 ἤθη
1576 2184 1656 2256 τῷ
1688 2186 1790 2256 τῆς

184 2262 419 2334 ἡλικίας
443 2264 626 2319 ἀτελεῖ
666 2269 1174 2340 συννεωτερίζονται
1193 2289 1206 2302 -
1241 2272 1434 2327 τέλειοι
1479 2274 1525 2328 δ’
1574 2276 1785 2350 ἄνδρες,

1972 1376 1991 1410 ι
2037 1356 2345 1422 Maximam,
2376 1356 2574 1429 inquit,
2600 1374 2790 1415 eorum
2840 1362 3267 1432 multitudinem,
3297 1367 3388 1438 qui
3422 1370 3478 1425 in

1894 1449 2014 1519 ejus
2037 1465 2158 1505 sese
2180 1450 2522 1519 disciplinam
2575 1452 2932 1521 tradiderunt,
2960 1455 3234 1523 legislator
3281 1468 3474 1513 noster

1895 1540 1960 1592 ad
1988 1548 2191 1593 mutuae
2222 1540 2505 1594 societatis
2535 1542 2974 1597 communionem
3018 1544 3352 1612 informavit,
3381 1548 3477 1618 qui

1892 1627 2202 1683 Essmorum
2260 1630 2500 1695 nomine,
2552 1631 2704 1703 παρὰ
2735 1630 2835 1704 τὴν
2893 1635 3167 1706 ὁσιότητα,
3228 1646 3283 1691 ut
3342 1640 3476 1695 mihi

1893 1721 2111 1790 quidem
2158 1721 2390 1785 videtur,
2426 1723 2527 1778 hoc
2573 1732 2658 1776 est
2691 1738 2720 1777 a
2762 1715 3083 1789 sanctitate,‘
3112 1729 3472 1797 appellantur.

1889 1811 2162 1869 Plurimas
2216 1816 2288 1868 illi
2315 1812 2513 1870 Judaaae
2559 1817 2827 1879 civitates,
2870 1834 3147 1889 pagosque
3176 1823 3475 1890 permultos

1890 1903 2155 1968 habitant,
2175 1906 2524 1976 ingentesque
2536 1908 2823 1962 admodum
2840 1918 2893 1963 rt
2917 1912 3166 1979 copiosas
3187 1913 3471 1968 hominum

1891 1993 2209 2048 sodalitates
2244 1994 2555 2049 instituunt.
2596 1996 2704 2050 Sua
2733 1997 2840 2052 illis
2872 2000 2994 2054 vitae
3024 2001 3184 2065 ratio,
3229 2019 3335 2057 non
3376 2021 3473 2071 ge-

1890 2098 2022 2139 nere
2054 2095 2268 2140 constat
2290 2087 2413 2154 (nec
2448 2087 2590 2140 enim
2622 2103 2836 2156 eorum,
2868 2091 2960 2160 qui
2992 2092 3298 2148 voluntarie
3338 2110 3475 2149 con-

1888 2178 2137 2244 veniunt,
2183 2193 2356 2248 genus
2395 2179 2612 2248 proprie
2661 2181 2846 2236 vocari
2877 2182 3058 2252 solet),
3106 2185 3198 2239 sed
3233 2188 3470 2256 quadam

1889 2268 2238 2323 aemulatione
2288 2268 2525 2331 virtutis,
2548 2277 2602 2324 et
2644 2269 3001 2327 humanitatis
3043 2275 3224 2328 studio
3252 2278 3464 2344 perlici.

198 2358 298 2411 καὶ
330 2359 470 2432 πρὸς
499 2361 677 2432 γῆρας
700 2362 1088 2429 ἀποκλίναντες
1121 2366 1225 2437 ἤδη
1245 2367 1492 2441 ,μηκέθ’
1543 2370 1650 2425 ὑπὸ
1683 2372 1768 2442 τῆς

1891 2365 1998 2412 tur.
2025 2354 2221 2415 Nullus
2255 2359 2396 2412 inter
2424 2375 2520 2415 eos
2564 2370 2657 2415 aut
2705 2375 2838 2430 puer
2878 2364 3171 2419 admodum
3206 2378 3313 2434 est,
3375 2376 3471 2424 aut

196 2450 295 2505 τοῦ
326 2450 579 2522 σώματος
606 2453 867 2527 ἐπιρροῆς
896 2458 1337 2529 ὲπικλυζόμενοι,
1375 2461 1505 2533 μήθ’
1541 2463 1648 2518 ὑπὸ
1667 2464 1768 2518 τῶν

1883 2451 1939 2505 in
2015 2452 2191 2521 prima
2240 2448 2420 2507 adhuc
2460 2450 2541 2505 rel
2589 2453 2892 2522 pubertate,
2929 2456 3012 2510 vel
3067 2457 3231 2511 etiam
3289 2459 3471 2515 adole-

186 2541 393 2596 ’παθῶν
439 2544 716 2615 ἀγόμενοι,
776 2546 877 2619 τὴν
924 2549 1130 2622 ἀψευδῆ
1167 2552 1224 2605 δὲ
1259 2553 1353 2605 καὶ
1384 2553 1558 2624 ,μόνην
1611 2554 1780 2621 ὅντως

196 2633 513 2705 ἐλευθερίαν
545 2636 935 2709 καρπούμενοι.
968 2641 1194 2713 Μάρτυς
1231 2642 1288 2696 δὲ
1326 2643 1426 2715 τῆς
1471 2644 1780 2717 ἐλευθερίας

196 2726 381 2781 αὐτῶν
413 2728 443 2780 ὁ
478 2728 610 2798 βίος.
646 2728 802 2784 Ἶδιον
829 2730 1009 2795 οὐδεὶς
1029 2732 1153 2785 οὐδὲ
1185 2733 1443 2804 ὑπομένει
1476 2732 1780 2807 κτήσασθαι

194 2816 260 2870 τὸ
290 2819 553 2889 παράπαν
584 2819 735 2873 οὐδὲν
755 2862 770 2885 ,
801 2822 901 2875 οὐκ
932 2822 1107 2876 οίκίαν
1130 2865 1144 2889 ,
1179 2825 1281 2878 οὐκ
1312 2824 1666 2897 ἀνδράποδον,
1716 2827 1778 2881 οὐ

178 2911 439 2982 χωρίον,
501 2913 562 2966 οὐ
599 2912 940 2985 βοσκήματα,
974 2916 1074 2987 οὐχ
1117 2918 1218 2970 ὅσα
1257 2917 1392 2972 ἄλλα
1438 2920 1781 2990 παρασκευαὶ

194 3005 294 3058 καὶ
325 3005 584 3076 χορηγίαι
617 3006 868 3061 πλούτου.
905 3008 1086 3061 Πάντα
1117 3009 1161 3062 δ’
1185 3010 1265 3073 είς
1291 3011 1452 3081 μέσον
1479 3010 1650 3082 ἀθρόα
1681 3028 1781 3065 κα-

192 3095 507 3161 τατιθέντες
528 3138 544 3163 ,
593 3098 776 3171 κοινὴν
809 3101 1145 3172 καρποῦνται
1201 3100 1298 3173 τὴν
1332 3103 1590 3156 ἁπάντων
1637 3101 1780 3171 ὠφέ-

180 3186 366 3243 σλειαν.
409 3190 633 3245 Οίκοῦσι
669 3191 713 3245 δ’
754 3193 813 3245 ὲν
856 3192 1039 3264 ταύτῷ
1062 3231 1078 3259 ,
1114 3194 1254 3247 κατά
1286 3193 1503 3258 θιάσους
1537 3194 1778 3265 ἑταιρίας

182 3278 294 3333 οιαὶ
320 3282 574 3334 συσσίτια
605 3281 951 3353 ποιούμενοι,
967 3284 1063 3337 καὶ
1088 3284 1248 3337 πάνθ’
1281 3284 1419 3355 ὑπὲρ
1447 3284 1540 3337 τοῦ
1583 3301 1773 3338 κοινω-

187 3368 393 3438 φελοῦς
437 3372 946 3443 πραγματευόμενοι
991 3372 1340 3426 διατελοῦσιν.
1398 3372 1537 3426 Ἀλλ’
1576 3373 1778 3445 ἑτέρων

191 3461 382 3532 ἱτεραι
413 3465 811 3533 πραγματεῖαι,
859 3457 1352 3527 αἷς’ὲπαποδύντες
1401 3463 1612 3526 ἀόκνως
1660 3464 1777 3517 δια-

194 3552 430 3618 θλοῦσιν,
461 3554 522 3606 ού
547 3554 779 3626 κρυμὸν,
810 3555 870 3610 οὐ
903 3554 1128 3621 θάλπος,
1157 3557 1255 3626 οὐχ
1278 3556 1378 3609 ὅσα
1397 3555 1558 3626 ἀέρος
1580 3572 1776 3609 νεωτε-

184 3645 436 3716 ,ρίσματα
487 3645 984 3717 προφασιζόμενον
1031 3647 1161 3717 πρὶν
1200 3647 1247 3700 δ’
1299 3647 1451 3718 ἥλιον
1499 3648 1774 3718 ἀνασχεῖν,

1883 2543 2096 2599 scentia
2126 2545 2457 2598 constitutus
2484 2558 2501 2597 :
2528 2544 2671 2609 quod
2723 2545 2983 2600 similium
3024 2546 3136 2603 fere
3187 2551 3469 2607 versatiles

1881 2635 2058 2688 adhuc
2111 2632 2486 2700 llexi‘bilesque
2515 2636 3033 2693 moresinlirntioris
3083 2641 3258 2695 artatis
3291 2652 3470 2696 muta-

1880 2723 2140 2780 bilitatem
2167 2726 2482 2779 imitentur:
2509 2734 2563 2779 at
2592 2726 2688 2780 viri
2712 2726 2824 2795 jam
2856 2727 3098 2798 perfecti,
3124 2731 3327 2800 quique
3354 2748 3463 2787 non

1881 2815 2017 2870 nihil
2050 2815 2103 2869 in
2157 2824 2431 2870 senectam
2476 2825 2778 2883 vergentes,
2813 2826 2870 2871 ut
2921 2835 3029 2874 non
3091 2822 3324 2890 amplius
3371 2831 3467 2878 aut

1881 2905 2127 2975 corporis
2154 2915 2288 2961 testu
2325 2920 2387 2959 ac
2412 2902 2666 2960 ﬂuctibus
2717 2908 3066 2969 hauriuntur,
3122 2922 3216 2966 aut
3252 2926 3465 2980 pertur-

1878 2997 2161 3053 bationum
2222 2999 2424 3064 impetu
2483 3000 2788 3068 rapiuntur,
2849 3002 2923 3056 ita
2979 3003 3141 3073 plane
3201 3021 3334 3059 vera
3373 3006 3461 3060 illa

1881 3077 2380 3161 solaque'liherlate
2415 3095 2714 3163 potiuntur.
2747 3094 2824 3148 Ac
2842 3098 2997 3151 testis
3040 3098 3256 3166 quidem
3301 3100 3462 3167 hujus

1878 3184 2142 3239 libertatis
2190 3186 2304 3253 ipsa
2341 3185 2462 3239 vitae
2508 3188 2646 3242 ratio
2693 3197 2793 3242 est.
2822 3186 3104 3242 Peculiare
3132 3190 3460 3260 cujusquam

1881 3292 1944 3331 ac
1974 3277 2253 3346 proprium
2289 3275 2421 3331 nihil
2453 3287 2559 3344 est,
2590 3295 2698 3333 non
2733 3280 2953 3346 domus,
2983 3298 3090 3334 non
3111 3298 3320 3345 servus,
3351 3300 3459 3338 non

1882 3369 2168 3437 praedium,
2198 3384 2307 3421 non
2366 3384 2554 3438 pecus,
2586 3386 2694 3423 non
2721 3371 2865 3425 aliud
2904 3374 3199 3443 quidquam
3244 3389 3458 3441 eorum,

1878 3460 2023 3515 unde
2040 3476 2170 3530 opes
2190 3475 2255 3515 ac
2278 3461 2479 3516 divitiae
2503 3472 2910 3532 comparantur.
2943 3463 3013 3517 At
3043 3480 3108 3519 ex
3145 3467 3459 3535 promiscua

1878 3565 2063 3605 rerum
2112 3552 2253 3606 inter
2296 3568 2415 3607 sese
2467 3557 2711 3607 omnium
2748 3556 3159 3619 communione,
3212 3559 3458 3611 omnium

1878 3642 2040 3697 etiam
2077 3643 2134 3696 in
2184 3643 2428 3713 singulos
2452 3644 2663 3700 fructus
2710 3653 2876 3714 atque
2921 3646 3127 3701 utilitas
3169 3648 3456 3703 redundat.

190 3738 293 3790 ἐπὶ
310 3737 382 3791 τά
420 3736 625 3809 συνήθη
663 3737 1009 3809 τρεπόμενοι,
1037 3737 1296 3808 δυομένου
1333 3737 1485 3810 μόλις
1518 3738 1768 3792 ἐπανίασι

1879 3732 2075 3789 Eodem
2106 3735 2158 3787 in
2190 3735 2309 3789 loco
2337 3735 2672 3789 domicilium
2699 3736 2901 3790 habent
2923 3752 3146 3790 suorum
3172 3735 3457 3793 hominum

190 3829 497 3900 χαίροντες,
531 3829 631 3900 οὐχ
661 3823 821 3901 ἦττον
848 3827 956 3883 τῶν
988 3830 1047 3882 ὲν
1076 3831 1188 3892 τοῖς
1220 3832 1505 3899 γυμνικοῖς
1527 3829 1772 3895 ἐξεταζο-

191 3919 374 3989 μένων
400 3918 627 3987 ἀγῶσιν.
671 3918 1139 3990 Ὑπολαμόάνουσι
1168 3918 1279 3991 γὰρ
1323 3919 1438 3973 ἃττ’
1481 3920 1546 3974 ἂν
1577 3921 1768 3991 ὲπιτη-

182 4008 475 4075 πδεύσωσιν,
505 4005 644 4063 εἶναι
668 4008 1067 4081 βιωφελέστερα
1095 4009 1191 4062 καὶ
1217 4008 1349 4080 ἡδίω
1365 4007 1512 4080 ψυχῇ
1537 4009 1631 4062 καὶ
1660 4002 1768 4063 σώ-

186 4118 327 4171 ματι
353 4100 427 4155 τά
479 4102 848 4172 γυμνάσματα
874 4141 890 4165 ,
931 4102 1026 4155 καὶ
1058 4098 1525 4173 πολυχρονιώτερα
1552 4095 1659 4153 τῶν
1710 4100 1770 4155 ὲν

191 4192 453 4265 ἀθλήσεσι
476 4233 492 4257 ,
530 4193 605 4264 μὴ
638 4193 1022 4266 συνεφηϐῶντα
1065 4195 1133 4264 τῇ
1174 4190 1267 4246 τοῦ
1309 4191 1558 4263 σώματος
1589 4193 1765 4263 ἀκμῇ.

191 4285 315 4338 Etet
364 4287 473 4358 γάρ
519 4285 697 4340 αὐτῶν
725 4288 773 4340 οἱ
803 4286 901 4357 μὲν
943 4284 1221 4356 γεηπόνοι,
1254 4283 1363 4337 τῶν
1394 4284 1524 4354 περὶ
1558 4282 1767 4356 σπορὰν

190 4377 287 4432 καὶ
316 4378 590 4450 γεωργίαν
613 4379 994 4449 ἐπιστήμονες,
1021 4378 1071 4431 οἱ
1094 4377 1139 4431 δ’
1181 4377 1479 4448 ἀγελάρχαι
1499 4415 1514 4440 ,
1567 4393 1766 4430 παντο-

178 4466 376 4523 σδαπῶν
407 4467 738 4538 θρεμμάτων
767 4467 1059 4538 ἡγεμόνες·
1091 4464 1222 4519 ἔνιοι
1262 4466 1320 4519 δὲ
1355 4466 1534 4537 σμήνη
1586 4464 1768 4536 μελιτ-

188 4559 299 4613 τῶν
344 4559 790 4631 ἐπιτροπεύουσιν
811 4575 825 4590 °
851 4558 1000 4613 ἄλλοι
1030 4558 1088 4612 δὲ
1115 4556 1435 4628 δημιουργοὶ
1472 4556 1582 4609 τῶν
1622 4554 1764 4609 κατά

187 4651 386 4721 τέχνας
446 4651 605 4714 εἰσὶν,
664 4650 804 4721 ὑπὲρ
833 4649 927 4703 τοῦ
965 4649 1154 4721 μηδὲν,
1213 4641 1290 4702 ὧν
1349 4648 1404 4701 αἱ
1465 4647 1764 4717 ἀναγκαῖαι

186 4741 369 4811 χρεῖαι
399 4737 695 4809 βιάζονται,
729 4737 921 4792 παθεῖν
939 4754 954 4769 ο
1006 4736 1157 4790 οὐδὲν
1190 4734 1610 4807 ἀναϐαλλόμενοι
1654 4733 1764 4788 τῶν

187 4833 268 4896 είς
316 4831 584 4903 πορισμὸν
624 4830 963 4885 ἀνυπαίτιον.
1008 4830 1104 4883 Ἕκ
1134 4828 1198 4900 δὴ
1230 4827 1337 4883 τῶν
1364 4826 1538 4890 οὕτως
1573 4827 1763 4896 διαιρε-

186 4924 391 4996 ρόντων
422 4923 643 4976 ἕκαστοι
673 4918 764 4976 τὸν
788 4918 976 4993 μισθὸν
1013 4918 1266 4984 λαϐόντες
1284 4960 1300 4985 ,
1335 4919 1416 4974 ἑνὶ
1451 4918 1652 4972 διδόασι
1682 4916 1763 4989 τῷ

186 5013 613 5087 χειροτονηθέντι
638 5013 811 5086 ταμίᾳ,
829 5031 843 5044 ·
876 5011 1059 5068 λαϐὼν
1086 5013 1130 5066 δ’
1148 5014 1353 5076 ἐκεῖνος
1377 5051 1392 5075 ,
1438 5010 1635 5064 αὐτίκα
1662 5010 1760 5063 τά-

185 5108 438 5180 πιτήδεια
458 5107 699 5171 ὠνεῖται,
721 5107 814 5160 καὶ
840 5105 1069 5178 παρέχει
1099 5105 1305 5177 τροφὰς
1346 5102 1631 5173 ἀφθόνους,
1666 5100 1762 5154 καὶ

156 5162 353 5269 ξτάᾗα
400 5191 478 5252 ὧν
521 5199 552 5251 ὁ
583 5162 934 5269 ἀνθρώπινος.
960 5162 1075 5268 βίος
1118 5162 1410 5267 χρειώδης..
1459 5195 1523 5247 0i
1552 5162 1766 5263 6’"pr-

184 5291 377 5344 δίαιτοι
411 5289 508 5343 καὶ
547 5288 914 5360 ὁμοτράπεζοι
950 5287 1073 5342 καθ’
1107 5287 1344 5358 ἑκάστην
1386 5286 1600 5359 ⁴ἡμέραν
1633 5284 1761 5347 είσὶ,

184 5383 294 5445 τοῖς
323 5380 509 5443 αὐτοῖς
552 5378 963 5449 ἀσμενίζοντες,
992 5377 1289 5447 ὁλιγοδείας
1315 5376 1561 5448 ἐρασταὶ,
1601 5373 1764 5428 πολυ-

187 5472 417 5534 τέλειαν,
442 5470 522 5533 ὡς
550 5468 728 5540 ψυχῆς
753 5469 848 5522 καὶ
868 5469 1119 5540 σώματος
1151 5467 1326 5532 νόσον,
1350 5467 1760 5537 ἐκτρεπόμενοι.

189 5561 353 5634 Κοινὴ
390 5561 438 5615 δ’
470 5561 534 5615 οὐ
584 5558 830 5630 τράπεζα
882 5560 1065 5631 μόνον,
1117 5559 1251 5613 ἀλλὰ
1276 5558 1371 5613 καὶ
1390 5557 1556 5630 ἐσθὴς
1576 5559 1757 5623 αὐτοῖς

191 5657 318 5713 tm.
350 5654 682 5727 Πρόκεινται
711 5653 821 5724 γὰρ
843 5652 1069 5724 χειμῶνι
1102 5652 1200 5724 μὲν
1223 5645 1489 5723 στρυφναὶ
1520 5649 1755 5720 χλαῖναι,

1871 3833 2014 3882 εωιυ
2036 3828 2086 3879 in
2112 3826 2331 3896 aliquot
2353 3827 2669 3881 sodalitates
2689 3836 2743 3881 et
2769 3827 3123 3882 contubernia
3142 3828 3456 3896 distributo,

1870 3916 2209 3987 consiliaque
2251 3932 2350 3971 sua
2377 3919 2564 3973 omnia
2597 3918 2652 3972 in
2686 3918 2962 3988 publicum
3005 3925 3061 3973 et
3110 3933 3455 3975 communem

1871 4022 2029 4063 usum
2065 4007 2285 4061 assidua
2333 4021 2500 4076 Opera
2530 4015 2585 4062 et
2630 4008 2814 4062 studio
2856 4007 3166 4064 conferunt.
3202 4010 3453 4065 Aliorum

1869 4105 2051 4152 tamen
2079 4097 2184 4151 alia
2211 4097 2499 4167 occupatio
2519 4107 2625 4159 est,
2658 4098 2710 4152 in
2742 4114 2905 4169 quam
2944 4099 3234 4171 diligenter
3266 4110 3322 4157 et
3348 4101 3452 4165 im-

1870 4192 2022 4263 pigre
2045 4205 2207 4245 nemo
2237 4205 2346 4244 non
2378 4190 2664 4256 incumbit,
2698 4197 2758 4245 ut
2806 4206 2913 4245 non
2950 4194 3113 4247 modo
3137 4208 3314 4262 neque
3340 4193 3453 4255 vim

1869 4284 2112 4355 frigoris,
2151 4299 2328 4353 neque
2359 4293 2574 4349 aestum,
2611 4298 2787 4353 neque
2811 4284 2946 4339 alias
2974 4285 3096 4341 coeli
3122 4285 3452 4342 mutationes

1870 4376 2210 4445 injuriasque
2243 4384 2558 4439 causentur,
2583 4374 2678 4429 sed
2715 4374 2892 4444 ipsum
2926 4390 3147 4445 quoque
3197 4378 3329 4433 solis
3360 4393 3448 4432 or-

1869 4475 1983 4520 tum
2051 4464 2232 4534 operis
2307 4464 2392 4520 sui
2444 4464 2767 4519 tractatione
2812 4473 3186 4534 autevertant,
3246 4468 3450 4537 vixque

1866 4563 1991 4626 post
2016 4570 2275 4610 occasum
2319 4570 2438 4610 sese
2464 4554 2680 4608 tandem
2710 4554 2996 4624 recipiant.
3038 4555 3160 4623 Quo
3206 4567 3451 4626 tempore

1868 4648 2066 4702 laetitia:
2090 4661 2308 4702 sensum
2326 4661 2435 4716 pra:
2457 4661 2516 4700 se
2550 4644 2755 4711 ferunt,
2782 4647 2955 4700 nihilo
2982 4650 3250 4702 minorem
3281 4665 3447 4718 quam

1867 4740 1960 4811 qui
1978 4739 2243 4811 gymnicis
2266 4738 2655 4795 certaminibus
2681 4739 2921 4794 exerceri
2948 4739 3144 4794 solent.
3176 4739 3269 4794 Sic
3301 4742 3448 4795 enim

1866 4829 2196 4900 intelligunt,
2225 4830 2386 4900 longe
2413 4843 2473 4884 se
2503 4844 2629 4884 cum
2659 4829 2913 4883 humanae
2940 4829 3066 4883 vitae
3111 4829 3447 4899 utilioribus,

1866 4929 1982 4977 tum
2009 4921 2193 4977 animo
2221 4921 2385 4977 simul
2420 4928 2476 4975 et
2498 4920 2713 4991 corpori
2746 4920 3165 4991 jucundiorihus
3187 4924 3451 4979 exercita-

1873 5012 2113 5068 tionibus
2133 5027 2356 5082 operam
2377 5012 2529 5075 dare,
2561 5012 2673 5067 imo
2722 5012 2908 5077 etiam,
2936 5012 3096 5083 longe
3134 5013 3443 5068 diuturnio-

1863 5101 2036 5167 ribus,
2062 5117 2228 5172 quam
2257 5117 2380 5173 qua:
2402 5102 2728 5157 athletarum
2752 5101 2986 5172 propriae
3013 5112 3161 5168 sunt,
3197 5118 3321 5156 cum
3343 5103 3450 5159 illa:

1866 5209 1976 5248 non
1999 5208 2107 5248 una
2128 5208 2253 5249 cum
2283 5193 2457 5264 ipsius
2481 5192 2730 5263 corporis
2750 5191 2885 5248 ﬂore
2916 5200 3276 5248 marcescant.
3309 5190 3445 5248 Nam

1866 5285 2032 5340 exiis
2057 5284 2149 5339 alii
2173 5281 2429 5355 agricolae
2466 5291 2616 5349 sunt,
2647 5299 2712 5339 ac
2748 5285 3010 5339 sementis
3054 5282 3339 5349 faciendae,
3391 5295 3447 5339 et

1866 5375 2181 5446 subigendae
2192 5356 2360 5430 terrae
2374 5376 2532 5445 periti
2549 5393 2564 5443 ;
2588 5375 2754 5446 380
2770 5375 2863 5428 alii
2879 5374 3166 5444 pascendis
3191 5374 3447 5445 gregibus

1869 5470 2050 5524 omnis
2079 5468 2297 5539 generis
2319 5482 2540 5537 operam
2567 5467 2889 5536 impendunt
2907 5482 3098 5533 suam;
3126 5466 3249 5522 aliis
3278 5482 3442 5537 apum

1865 5559 2118 5615 examina
2148 5566 2204 5614 et
2231 5558 2466 5613 alvearia
2493 5573 2639 5613 cura:
2663 5567 2825 5620 sunt;
2857 5557 2951 5612 alii
2980 5558 3326 5629 quotidianas
3355 5571 3443 5615 ar-

1867 5659 1949 5708 tes
1977 5648 2249 5716 factitant,
2288 5657 2349 5705 ut
2372 5647 2639 5705 molestiis
2673 5649 2951 5719 omnibus,
2975 5665 3114 5720 quas
3128 5648 3323 5706 all‘erre
3342 5664 3442 5706 nc-
