3824 6226
393 281 502 337 653

1037 276 1311 334 EUSEBll
1349 270 1835 335 CxESAliIENSlS
1873 279 2026 335 OPP.
2067 276 2253 338 PARS
2291 280 2357 339 Π.
2397 310 2466 323 ——
2501 281 3012 343 APOLOGETICA.

3569 290 3685 349 ειι

392 404 623 457 eessitas
648 409 702 456 et
724 400 906 470 inopia
934 399 1094 465 so'let,
1112 400 1351 469 expediti
1367 400 1572 466 vivant,
1600 401 1848 472 adeoque
1864 419 1930 457 nu

2093 403 2241 478 θέρει
2271 404 2317 458 δ’
2367 404 2633 476 ἐξωμίδες
2673 407 2940 474 εὐτελεῖς,
2987 409 3064 474 ὡς
3086 407 3344 483 εὐμαρῶς
3375 412 3579 478 ἐξεῖναι
3604 415 3688 487 τῷ

393 492 502 546 lam
534 494 759 547 omnino
786 491 1140 556 iunctionem,
1170 493 1217 547 si
1245 492 1408 546 modo
1451 493 1612 562 culpa
1665 503 1838 557 vacet,
1868 510 1930 564 qu

2095 496 2422 568 βουλομένῳ,
2482 497 2548 569 ἢν
2606 498 2673 551 ἂν
2707 499 2974 569 ὲθελήσοι,
3030 501 3237 565 λαϐεῖν,
3272 502 3461 574 ἐπειδὴ
3485 505 3583 557 καὶ
3612 506 3684 561 τὰ

392 584 461 637 ad
493 585 746 638 tuendam
800 584 968 637 vitam
1018 584 1308 639 commoda
1338 583 1429 649 sit,
1462 585 1619 640 obire
1659 584 1983 641 detrectant.

390 671 512 729 Jam
560 675 826 744 quidquid
860 675 1060 745 singuli
1116 690 1181 730 ex
1233 685 1385 730 tanta
1434 691 1663 746 operum
1726 679 1988 734 varietate

391 766 552 835 pretii
596 766 927 834 acceperint,
964 765 1013 818 id
1047 774 1220 819 totum
1270 767 1660 820 communibus
1711 766 1987 839 suffragiis

390 868 575 913 creato
608 861 864 928 quaestori
901 860 1124 914 tradunt
1159 861 1214 914 in
1246 876 1464 915 manus.
1500 860 1664 927 Quod
1714 863 1805 917 ille
1846 878 1985 918 con-

389 950 546 1004 tinuo
580 951 633 1004 in
661 955 987 1007 necessariis
1009 954 1325 1007 coemendis
1342 954 1620 1022 expendit,
1647 970 1879 1024 qumque
1900 954 1985 1009 vel

388 1045 455 1098 ad
487 1046 759 1114 reliquum
795 1047 1049 1100 humanae
1081 1047 1207 1100 vitae
1249 1057 1623 1101 commeatum
1668 1062 1809 1117 opus
1866 1047 1985 1103 fue-

386 1136 518 1200 rint,
570 1138 777 1207 prolixe
815 1140 1144 1208 suppeditat.
1196 1139 1689 1208 Atqueillicodem
1734 1141 1983 1211 quotidie

380 1229 510 1284 cibo
545 1230 934 1300 communique
953 1247 1137 1285 mensa
1161 1240 1408 1296 utuntur,
1441 1240 1495 1285 et
1515 1234 1693 1287 victus
1719 1233 1978 1288 similitu-

384 1323 512 1378 dine
536 1324 786 1378 delectati
832 1322 1197 1394 frugalitatem
1239 1333 1446 1387 amant,
1484 1325 1674 1378 luxum
1716 1335 1975 1396 tanquam

383 1415 551 1470 animi
569 1416 927 1485 corporisque
945 1425 1149 1485 pestem
1170 1416 1851 1487 aversantur.Quanquam
1870 1435 1975 1473 non

380 1508 570 1562 minus
601 1509 741 1577 apud
777 1523 873 1563 eos
903 1508 1134 1563 vestium
1167 1517 1269 1571 est,
1300 1524 1465 1577 quam
1500 1524 1703 1564 mensa;
1728 1525 1978 1564 commn-

379 1602 497 1656 nio.
523 1599 660 1656 Nam
703 1603 881 1656 hieme
903 1602 1130 1656 hirsutis
1156 1618 1219 1656 ac
1246 1602 1456 1657 villosis
1483 1618 1677 1657 omnes
1710 1604 1863 1658 lzenis
1893 1605 1977 1657 in-

374 1690 858 1757 dauntur,a3state
905 1708 1035 1748 vero
1077 1693 1505 1763 simplicioribus
1560 1708 1626 1748 ac
1672 1694 1973 1751 levioribus

376 1784 651 1855 palliolis;
686 1795 746 1839 ut
773 1785 930 1841 facile
958 1785 1135 1840 cuivis
1165 1788 1438 1855 integrum
1469 1787 1562 1849 sit,
1584 1802 1973 1858 quamcunque

377 1877 601 1933 libuerit
657 1879 926 1947 accipere,
956 1893 1081 1932 cum
1104 1885 1158 1931 et
1179 1892 1522 1947 quaecunque
1548 1880 1712 1934 unius
1738 1888 1883 1943 sunt,
1907 1879 1974 1933 ad

378 1985 570 2025 omnes
597 1984 751 2039 atque
770 1969 1101 2039 pertineant,
1154 1978 1207 2023 et
1249 1984 1372 2038 quae
1421 1970 1666 2025 vicissim
1699 1971 1971 2036 omnium,

378 2063 547 2119 unius
599 2077 721 2117 esse
770 2074 1121 2118 censeantur.
1152 2061 1312 2129 Quod
1341 2062 1384 2116 si
1415 2063 1688 2132 quispiam
1721 2063 1774 2116 in
1796 2079 1973 2116 'mor-

375 2156 508 2211 bum
543 2154 834 2220 inciderit,
876 2156 927 2210 is
976 2155 1365 2210 communibus
1416 2165 1643 2209 curatur
1682 2155 1969 2223 impensis,

372 2261 539 2317 atque
567 2247 812 2301 omnium
843 2247 1039 2302 studiis
1065 2246 1364 2317 oliiciisque
1387 2255 1683 2301 recreatur.
1715 2245 1972 2302 Seniores

377 2339 522 2409 quod
550 2340 763 2400 attinet,
787 2332 1064 2393 ut'liberis
1098 2338 1203 2408 ipsi
1228 2347 1474 2405 careant,
1507 2351 1618 2391 non
1659 2337 1843 2390 minus
1884 2345 1969 2391 ta-

373 2447 523 2494 men,
561 2449 724 2503 quam
767 2433 966 2503 quibus
1004 2441 1058 2488 et
1092 2432 1480 2489 fecundissima
1530 2431 1747 2485 soboles
1776 2442 1827 2484 et
1866 2446 1965 2499 op-

373 2525 509 2579 tima
541 2523 725 2589 fuerit,
757 2526 813 2579 in
839 2523 1164 2581 felicissima
1193 2540 1259 2581 ac
1303 2524 1634 2581 suavissima
1686 2528 1967 2577 senectute

372 2617 535 2670 linem
567 2616 784 2671 vivendi
817 2616 1063 2673 faciunt:
1096 2618 1226 2672 dum
1258 2635 1354 2672 eos
1384 2628 1495 2671 tam
1535 2614 1691 2679 multi
1729 2615 1967 2683 praemiis

372 2715 567 2761 auctos
599 2706 907 2777 potioribus
939 2708 1108 2775 omni,
1138 2708 1347 2762 honore
1378 2715 1810 2777 prosequuntur,
1871 2706 1966 2774 qui

373 2798 440 2853 ad
468 2798 573 2853 hoc
598 2797 761 2853 oliicii
791 2815 962 2869 genus
977 2799 1258 2855 voluntate
1279 2799 1466 2870 potius
1488 2807 1750 2868 certoque
1780 2798 1966 2853 cousi-

368 2890 467 2959 lio,
495 2906 660 2961 quam
689 2890 798 2945 ulla
829 2900 1039 2945 natura:
1058 2891 1690 2946 necessitateducantur.
1723 2889 1966 2945 Praeter-

366 2998 457 3051 ea,
509 2985 656 3054 quod
676 2998 809 3039 sane
834 2983 918 3035 vel
941 2997 1135 3047 unum,
1166 2982 1252 3035 vel
1282 2981 1527 3035 omnium
1546 2980 1782 3034 maxime
1810 2970 1964 3035 com-

2090 589 2208 653 ὲνὸς
2239 590 2512 654 ἁπάντων,
2543 590 2639 643 καὶ
2672 590 2739 644 τὰ
2761 593 3002 654 πάντων,
3036 593 3269 664 ἔμπαλιν
3297 594 3412 658 ἑνὸς
3450 596 3682 669 ὑπείλη-

2088 699 2241 736 πται.
2275 683 2386 738 Καὶ
2419 683 2525 755 μὴν
2552 683 2607 736 εἴ
2631 700 2717 747 τις
2736 684 2915 738 αὐτῶν
2940 685 3310 758 ἀσθενήσειεν,
3343 689 3406 742 ὲκ
3436 688 3548 743 τῶν
3573 707 3684 743 κοι-

2087 774 2194 827 νῶν
2217 775 2584 847 νοσηλεύεται,
2616 776 3050 847 θεραπευόμενος
3088 782 3207 843 ταῖς
3249 781 3503 834 ἁπάντων
3558 782 3699 835 ὲπι-’

2090 866 2331 937 μελείαις
2359 868 2452 920 καὶ
2487 867 2783 937 φροντίσιν.
2828 868 2888 919 Οί
2925 867 2983 921 δὲ
3022 868 3087 938 δὴ
3129 869 3450 940 πρεσϐύται,
3485 870 3593 924 κᾶν
3627 873 3677 925 εί

2085 958 2298 1028 τύχοιεν
2330 958 2566 1021 ἄτεκνοι,
2602 959 2852 1030 καθάπερ
2871 960 2932 1013 οὐ
2961 960 3286 1027 πολύπαιδες
3319 962 3501 1031 μόνον,
3537 963 3677 1017 ἀλλὰ

2082 1050 2181 1102 καὶ
2211 1050 2417 1120 σφόδρα
2439 1048 2712 1113 εὐπαιδες,
2736 1053 2793 1102 ὲν
2820 1051 3200 1122 εὐτυχεστάτῳ
3233 1054 3326 1105 καὶ
3360 1054 3677 1125 λιπαρωτά-

2082 1159 2161 1213 τῳ
2192 1143 2340 1213 γήρα
2369 1141 2461 1195 τὸν
2503 1141 2615 1212 βίον
2658 1141 2881 1195 εἰώθασι
2909 1142 3218 1207 καταλύειν,
3259 1144 3364 1198 ὑπὸ
3400 1146 3672 1199 τοσούτων

2083 1235 2388 1305 προνυμίας
2423 1246 2448 1274 ι
2481 1233 2789 1306 ἀξιούμενα
2826 1235 2919 1290 καὶ
2958 1236 3158 1306 τιμῆς,
3200 1237 3432 1307 ἑκουσίῳ
3475 1237 3668 1309 γνώμῃ

2084 1319 2285 1390 μᾶλλον
2316 1321 2348 1391 ἢ
2378 1320 2592 1390 φύσεως
2618 1323 2832 1394 ἀνάγκῃ
2855 1323 3179 1395 θεραπεύειν
3203 1324 3518 1389 ἀξιούντων.
3547 1328 3668 1380 Ἐτι

2078 1413 2277 1478 τοίνυν,
2300 1412 2494 1486 ὅπερῆ
2531 1416 2690 1485 μόνον
2718 1416 2751 1487 ἢ
2781 1416 3017 1487 μάλιστα
3036 1416 3134 1488 τὴν
3164 1418 3449 1472 κοινωνίαν
3474 1418 3667 1490 ἔμελλε

2075 1503 2330 1567 διαλύειν,
2342 1506 2793 1579 ὀξυδερκές-τερον
2821 1508 3039 1573 ἰδόντες,
3068 1508 3245 1578 γάμον
3276 1511 3669 1581 παρῃτήσαντο

2080 1597 2218 1667 μετά
2244 1597 2340 1652 τοῦ
2374 1598 2741 1670 διαφερόντως
2770 1601 2960 1653 ἀσκειν
2995 1600 3342 1672 ἐγκράτειαν.
3401 1602 3669 1658 Ἐσσαίων

2076 1691 2186 1762 γὰρ
2224 1692 2401 1754 οὐδεὶς
2443 1692 2631 1760 ἄγεται
2664 1695 2899 1760 γυναῖκα
2924 1731 2939 1756 ,
2968 1690 3101 1745 διότι
3134 1693 3391 1761 φίλαυτον
3435 1696 3471 1766 ὴ
3502 1697 3664 1769 γυνὴ»

2005 1754 2047 1809 Β
2076 1754 2171 1837 {cui
2202 1754 2501 1854 ζηλότυπον
2542 1784 2604 1836 οὐ
2669 1754 2933 1855 μετρίως.
2970 1784 3065 1839 καὶ
3112 1754 3285 1839 δὲινδν
3333 1754 3526 1861 ἀνδέδὲ

2077 1875 2509 1948 παρασαλεύσαι,
2562 1877 2655 1930 καὶ
2709 1876 2958 1946 συνεχέσι
3000 1877 3280 1947 γοητείαις
3333 1879 3659 1947 ὑπάγεσθαι.

2075 1966 2432 2035 Μελετήσασα
2464 1967 2573 2039 γὰρ
2602 1966 2792 2030 θῶπας
2820 1967 3032 2036 λόγους.
3064 1969 3158 2021 καὶ
3181 1969 3280 2041 τὴν
3324 1970 3492 2041 ἄλλην
3530 1972 3664 2026 ὑπό-

2075 2075 2280 2130 κρισιν,
2332 2058 2522 2131 ὥσπερ
2585 2060 2679 2112 ἐπὶ
2725 2059 2961 2130 σκηνῆς,
2994 2059 3146 2129 ὄψεις
3192 2062 3287 2115 καὶ
3326 2063 3501 2127 ἀκοὰς
3531 2065 3662 2118 ὅταν

2072 2152 2318 2227 δελεάσῃ,
2366 2153 2789 2224 διηπατημένων
2826 2147 2913 2206 οἷα
2967 2153 3244 2225 ὑπηκόων,
3282 2154 3372 2208 τὸν
3417 2156 3659 2226 ἡγεμόνα

2073 2243 2196 2297 νοῦν
2245 2244 2545 2312 φενακίζει.
2601 2244 2798 2307 Παῖδες
2822 2242 2867 2296 δ’
2895 2245 2943 2296 εἰ
2978 2242 3219 2312 γένοιντο
3246 2284 3261 2308 ,
3310 2247 3659 2316 φρονήματος

2073 2337 2482 2408 ὐποπλησθεῖσα
2530 2338 2625 2390 καὶ
2661 2336 2995 2409 παρρησίας,
3047 2339 3147 2403 ὅσα
3198 2339 3320 2391 κατ’
3373 2340 3658 2409 εἰρωνείαν

2072 2430 2336 2502 πρότερον
2364 2428 2613 2492 ὑπούλως
2642 2429 2984 2498 ὑπῃνίττετο,
3017 2427 3187 2480 ταῦτα
3213 2428 3307 2480 ἀπ’
3338 2428 3656 2499 εὐτολμοτέ-

2076 2539 2168 2595 ρου
2198 2522 2433 2594 θράσους
2459 2522 2683 2576 ἐκκαλεῖ
2709 2519 2843 2593 (90),
2876 2523 2972 2575 καὶ
3014 2523 3446 2592 ἀναισχυντοῦσα
3468 2563 3482 2588 ,
3533 2521 3653 2594 βιά-

2070 2615 2219 2681 ζεται
2270 2615 2566 2686 πράττειν’
2598 2608 2672 2668 ὧν
2716 2615 2947 2669 ἕκαστον
3008 2615 3289 2679 κοινωνίας
3322 2614 3535 2686 ἐχθρόν.
3596 2618 3654 2669 ’0

2068 2707 2178 2779 γὰρ
2204 2708 2237 2780 ἢ
2271 2707 2529 2775 γυναικὸς
2562 2708 2807 2781 φίλτροις
2833 2707 3089 2772 ὲνδεθεὶς,
3120 2708 3152 2779 ἢ
3178 2708 3403 2772 τέκνων,
3437 2709 3652 2781 ἀνάγκῃ

2068 2800 2302 2870 φύσεως,
2332 2801 2759 2873 προκηδόμενος,
2793 2801 2978 2854 οὐκέτι
3013 2801 3148 2872 πρὸς
3177 2801 3367 2865 ἄλλους
3416 2802 3446 2853 δ
3489 2803 3652 2865 αὐτός

2066 2893 2234 2955 ἐστιν,
2278 2890 2394 2946 ἀλλ’
2427 2891 2614 2962 ἕτερος
2657 2892 2850 2959 γέγονε
2901 2890 3140 2962 λεληθὼς
3197 2892 3310 2945 ἀντ’
3365 2891 3650 2963 ἐλευθέρου

2059 2980 2269 3047 δοῦλος.
2301 2974 2471 3046 Οὗτος
2501 2981 2632 3050 γοῦν
2662 2985 2690 3036 ὁ
2723 2982 2837 3053 βίος
2865 2982 3014 3035 ἐστὶν
3042 2982 3221 3035 αὐτῶν
3251 2982 3647 3053 περιμάχητος.

368 3077 691 3130 munionem
740 3075 889 3128 illam
935 3074 1205 3143 dissipare
1256 3075 1547 3143 potuisset,
1607 3074 1930 3129 solertissim

2072 3075 2219 3128 ἀπ’
2246 3075 2347 3128 οὐκ
2378 3074 2584 3128 ἰδιῶται
2619 3074 2797 3145 μόνον,
2824 3073 2960 3127 ἀλλά
3000 3075 3094 3127 καὶ
3117 3072 3342 3144 μεγάλοι
3387 3073 3647 3144 βασιλεῖς,

367 3166 740 3236 providentes,
773 3165 845 3219 ita
877 3165 1098 3234 nuptias
1153 3164 1444 3234 repudiare
1476 3165 1673 3228 solent,
1717 3174 1777 3218 ut
1823 3167 1965 3220 inte-

368 3260 621 3331 gerrima:
645 3259 994 3315 continentiae
1023 3259 1240 3314 laudem
1268 3258 1372 3313 sibi
1417 3257 1747 3327 praecipuam
1777 3259 1963 3315 defen-

368 3349 521 3404 dant.
554 3349 630 3404 lta
662 3348 970 3405 Esszeorum
997 3364 1159 3403 nemo
1188 3364 1412 3402 uxorem
1439 3350 1610 3416 ducit,
1650 3350 1798 3421 quod
1831 3368 1959 3406 mu-

366 3439 467 3494 lier
486 3440 755 3510 ejusmodi
792 3440 886 3503 sit,
946 3455 1070 3511 quae
1111 3454 1237 3494 cum
1286 3439 1523 3508 seipsam
1577 3441 1961 3498 vehementius

2067 3166 2335 3236 ἀγάμενοι
2368 3169 2496 3230 τοὺς
2520 3166 2719 3253 ἄνδρας
2738 3207 2753 3230 ,
2788 3166 3075 3237 τεθήπασι,
3105 3166 3201 3221 καὶ
3230 3166 3293 3219 τὸ
3328 3165 3524 3236 σεμνὸν
3553 3166 3651 3218 αὐ-

2066 3256 2172 3311 τῶν
2198 3258 2489 3329 ἀποδοχαϊς
2514 3262 2608 3310 καὶ
2631 3261 2819 3329 τιμαῖς
2842 3257 2921 3311 ἔτι
2960 3258 3160 3329 μᾶλλον
3191 3257 3572 3330 σεμνοποιοῦσι
3621 3277 3644 3309 ο

2060 3349 2248 3403 Ταῦτα
2279 3351 2375 3421 μὲν
2401 3350 2511 3403 ἀπὸ
2525 3348 2619 3402 τοῦ
2643 3349 2933 3420 εἰρημένου
2963 3350 3163 3404 κείσθω
3193 3351 3644 3421 συγγράμματος

2062 3441 2172 3494 ἀπὸ
2193 3441 2251 3494 δὲ
2280 3441 2375 3494 τοῦ
2396 3481 2411 3504 ,
2434 3442 2577 3510 Περὶ
2615 3441 2723 3495 τοῦ
2753 3440 2951 3495 πάντα
2972 3441 3311 3496 σπουδαῖον
3325 3441 3648 3509 ἐλεύθερον

366 3541 534 3595 amet,
592 3547 657 3586 ac
710 3531 975 3602 zelotypia
1031 3531 1244 3585 laboret
1303 3531 1642 3585 immodica:
1687 3541 1802 3586 tum
1853 3529 1930 3586 vit

2072 3524 2231 3597 εἷναὶ,
2266 3531 2337 3585 τὰ
2361 3530 2534 3595 οὕτως
2558 3531 2749 3602 ἔχοντα
2778 3533 3186 3604 παραθήσομαι.

366 3636 589 3692 quoque
615 3637 795 3675 mores
824 3630 879 3675 et
901 3620 1059 3676 facile
1096 3630 1441 3675 transversos
1485 3629 1612 3691 agat
1639 3629 1694 3675 et
1716 3621 2062 3680 assiduarum
2091 3622 2479 3676 blanditiarum
2511 3622 2783 3677 illecebris
2818 3638 2885 3677 ac
2913 3623 3201 3678 lenociniis
3221 3623 3486 3678 emolliat.
3506 3621 3644 3677 Nam

365 3715 458 3768 ubi
483 3713 664 3768 verbis
688 3713 755 3767 ad
779 3712 1204 3767 assentationem
1230 3712 1713 3781 adulationentque
1732 3712 2073 3782 compositis,
2091 3726 2156 3766 ac
2186 3711 2399 3780 reliquo
2429 3710 2799 3765 simulationis
2822 3712 3076 3775 artiﬁcio,
3094 3719 3353 3781 tanquam
3375 3711 3430 3765 in
3454 3727 3644 3783 scena,

363 3806 554 3862 oculos
579 3806 748 3862 semel
780 3819 1053 3875 auresque
1074 3803 1308 3868 deliniit,
1344 3813 1457 3857 tum
1492 3818 1623 3857 vero
1651 3804 1877 3874 perinde
1905 3818 1969 3858 ac
1990 3803 2380 3859 circumventis
2403 3804 2661 3868 subditis,
2682 3796 2874 3858 ducem
2902 3805 3083 3874 ipsum
3098 3821 3161 3859 ac
3186 3805 3486 3874 principem
3516 3806 3642 3858 aui—

364 3917 517 3958 mum
552 3903 805 3956 eumdem
840 3901 895 3955 in
924 3916 1169 3956 errorem
1194 3900 1422 3955 inducit.
1453 3899 1587 3966 Quae
1631 3900 1678 3955 si
1709 3900 1912 3956 liberos
1940 3915 2160 3970 quoque
2176 3900 2498 3969 susceperit,
2534 3915 2659 3954 mox
2687 3901 2957 3970 procaciae
2991 3900 3440 3970 contidentiaeque
3458 3903 3638 3970 plena,

364 3994 627 4065 quidquid
652 3993 907 4048 simulate
921 3994 1075 4063 prius
1097 4009 1162 4048 ac
1179 3993 1744 4047 subdole'insinuabat
1761 3993 1984 4063 381M
2006 3993 2184 4062 palam
2215 4003 2377 4062 atque
2394 3992 2658 4046 audacius
2676 3993 2939 4061 loquitur,
2958 4003 3232 4063 exutoque
3257 3994 3463 4061 pudore
3485 3990 3641 4045 omni

361 4100 461 4156 re?
487 4087 595 4139 vim
625 4095 948 4154 extorquere
976 4091 1228 4138 conatur.
1249 4081 1381 4149 Quae
1397 4082 1618 4152 quidem
1642 4098 1674 4137 a
1709 4085 1974 4137 societate
1995 4082 2172 4136 aliena
2204 4089 2335 4137 sunt
2360 4082 2570 4135 omnia.
2603 4080 2866 4150 Quisquis
2891 4083 3035 4137 enim
3061 4088 3154 4135 aut
3185 4081 3376 4135 uxm'is
3393 4081 3641 4134 irretitus

362 4179 655 4243 illecebris,
676 4187 771 4232 aut
795 4193 925 4232 cura
949 4178 1269 4241 liberorum,
1303 4178 1539 4245 quadam
1572 4185 1781 4229 naturae
1804 4177 2149 4239 necessitate,
2175 4175 2479 4244 implicatus
2506 4184 2609 4237 est,
2639 4175 2685 4228 is
2703 4177 2967 4230 adversus
2984 4176 3124 4231 alios
3146 4174 3289 4229 idem
3340 4174 3436 4244 qui
3478 4175 3636 4242 prius

359 4288 486 4329 esse
512 4287 622 4325 non
646 4279 845 4340 potest,
875 4270 968 4324 sed
1000 4269 1159 4338 plane
1188 4269 1357 4334 aliud,
1393 4270 1496 4322 hoc
1518 4277 1598 4323 cst
1621 4283 1687 4322 ex
1716 4268 1888 4322 libero
1924 4283 2137 4331 servus,
2182 4267 2384 4322 sensim
2411 4280 2475 4320 ac
2501 4267 2621 4321 sine
2659 4282 2825 4321 sensu
2872 4267 3137 4324 edicitur.
3162 4267 3341 4335 Atque
3359 4265 3636 4335 ejusmodi

357 4373 449 4419 est
508 4363 724 4416 illorum
765 4362 888 4414 vitae
916 4360 1074 4425 ratio,
1105 4360 1265 4424 digna
1308 4359 1574 4428 profecto,
1605 4375 1770 4429 quam
1802 4361 2054 4413 certatim
2122 4374 2312 4413 omnes
2363 4361 2665 4414 imitentur.
2712 4359 2892 4425 Quare
2927 4375 3038 4414 non
3078 4360 3277 4430 privati
3318 4360 3503 4424 modo,
3536 4362 3634 4416 sed

362 4455 589 4511 maximi
619 4469 836 4523 quoque
851 4468 1004 4522 reges
1033 4453 1083 4505 id
1118 4452 1400 4506 hominum
1436 4469 1608 4523 genus
1657 4453 2011 4507 vehementer
2033 4452 2308 4517 admirati,
2365 4453 2433 4508 ad
2462 4454 2741 4523 propriam
2775 4453 3009 4508 instituti
3043 4453 3364 4525 dignitatem
3386 4497 3401 4520 ,
3427 4471 3634 4509 novum

359 4549 665 4606 honoribus
688 4549 806 4601 suis
833 4557 887 4600 et
932 4546 1141 4615 prolixa
1190 4546 1664 4600 commendatione
1701 4547 1870 4602 decus
1931 4548 2276 4603 addiderunt.
2322 4566 2341 4599 ι
2378 4546 2505 4603 Haec
2535 4546 2693 4603 Philo
2723 4547 2778 4602 in
2798 4548 3076 4619 Apologia.
3095 4548 3269 4621 Cujus
3295 4550 3447 4617 item,
3474 4551 3529 4605 in
3565 4568 3637 4605 eo

359 4642 525 4707 libro,
548 4658 658 4712 quo
679 4641 881 4712 probos
913 4655 1105 4695 omnes
1132 4639 1334 4695 liberos
1369 4656 1491 4696 esse
1519 4641 1763 4696 defendit
1820 4644 1936 4698 haec
1964 4645 2124 4699 verba
2156 4652 2304 4698 sunt.

947 4735 1180 4792 CAPUT
1227 4735 1349 4791 Xll.

863 4824 894 4884 1
901 4840 1068 4885 terum
1096 4831 1160 4884 de
1200 4832 1409 4887 iisdem.

434 4939 456 4975 ι
491 4919 605 4977 Nec
631 4921 747 4991 ipsa
782 4935 1001 4991 quoque
1037 4919 1340 4976 Palaestina:
1384 4920 1540 4993 Syria
1582 4922 1685 4977 hoc
1722 4922 1947 4993 integri-

356 5014 487 5070 tatis
504 5029 570 5068 ac
593 5013 810 5068 virtutis
827 5021 1093 5082 proventu
1112 5024 1279 5079 caret,
1303 5029 1468 5082 quam
1491 5011 1803 5068 Judaeorum
1825 5030 1945 5068 am-

355 5107 617 5178 plissimae
645 5105 885 5161 nationis
922 5120 1051 5176 pars
1085 5105 1275 5159 incolit
1305 5115 1559 5175 tenetque
1589 5121 1697 5161 non
1718 5106 1935 5176 exigua.

412 5275 440 5303 ⁸
462 5262 575 5322 Ἴον.
617 5263 943 5338 προνομίας.

428 5422 536 5493 (90)
589 5419 873 5493 Ἐκκαλεῖ.
910 5418 1205 5493 Lege_cum
1237 5418 1332 5493 alt.
1373 5431 1652 5493 manuscr.
1682 5415 1921 5469 ἐκλαλεῖ.

2578 4740 2975 4794 ΚΕΦΑΛᾹΙΟΝ
3000 4738 3098 4794 ΙΒ’.

2550 4829 2673 4885 "Et:
2722 4833 2857 4900 περὶ
2912 4835 2989 4887 αὐ
2996 4832 3130 4886 τῶν.

2123 4944 2145 4977 ι
2188 4925 2344 4979 Ἔστι
2391 4925 2451 4979 δὲ
2493 4926 2588 4979 καὶ
2622 4924 2731 4998 (91)
2764 4925 2880 4997 ἡὲν
2914 4924 3247 4997 Παλαιστίνῃ
3293 4925 3465 4997 Συρία
3519 4928 3637 4999 (99.)

2047 5017 2449 5087 καλοκάγαθίας
2474 5018 2574 5071 οὐκ
2599 5018 2790 5085 ἄγονος
2812 5016 2944 5087 (95),
2975 5017 3041 5088 ἢν
3069 5017 3638 5089 πολυανθρωποτάτου

2044 5108 2230 5175 ἔθνους
2250 5110 2358 5164 τῶν
2394 5109 2662 5164 Ἰουδαίων
2693 5109 2794 5162 οὐκ
2830 5107 2985 5179 ὀλίγη
3021 5107 3186 5180 μοίρα
3231 5108 3475 5181 νέμεται.
3531 5114 3639 5165 Λε-

2046 5416 2198 5487 στίνῃ
2227 5416 2319 5471 καὶ
2349 5414 2538 5485 Συρία.
2567 5412 2674 5466 Alt.
2721 5427 2753 5467 e
2793 5425 3071 5465 manuscr.
3094 5451 3108 5473 ,
3141 5412 3174 5481 ὴ
3200 5412 3258 5463 ὲν
3288 5409 3587 5463 Παλαιστίν

2046 5488 2251 5552 Συρίας.
2283 5485 2444 5539 Forte
2479 5483 2714 5552 legend.,
2757 5484 2790 5552 ἡ
2833 5481 3170 5552 Παλαιστίνη
3208 5480 3409 5552 Συρίας
3433 5521 3449 5547 ,
3472 5478 3561 5535 vel
3591 5425 3629 5552 ἓ

427 5478 539 5561 ἰθύ
582 5494 756 5545 Ἐστι
786 5490 853 5561 δὲ
885 5478 1017 5542 xui:
1047 5488 1368 5561 EgestaLbic
1402 5489 1568 5561 locus
1621 5487 1922 5561 inuexcuso

2076 5478 2251 5561 υρίας.
2283 5478 2444 5561 Forte
2479 5483 2714 5561 legend.,
2757 5484 2790 5554 ἡ
2833 5478 3173 5552 Παλαιστίνη
3208 5480 3409 5552 Συρίας
3433 5521 3449 5547 ,
3472 5478 3561 5535 vel

353 5554 579 5617 Philone
603 5559 961 5630 Grmco-Lat.,
996 5576 1046 5629 p.
1077 5558 1201 5613 678.
1238 5555 1368 5612 Vide
1397 5557 1535 5630 infra
1563 5572 1619 5630 p.
1656 5556 1782 5619 404,
1802 5572 1924 5626 qua:

2072 5579 2086 5612 ν
2113 5554 2286 5630 Συρία
2317 5554 2674 5630 Παλαιστίνη.

353 5633 422 5685 de
455 5630 686 5685 Ess-«enis
710 5625 1044 5700 Porphyrius
1079 5631 1364 5700 habeatex
1393 5625 1649 5700 losepbo.

436 5699 536 5773 laxi)
581 5701 639 5757 Ἠ
664 5701 716 5755 ἐν
753 5695 1123 5770 Πάλὰιστίνῃ
1159 5699 1358 5767 Συρία.
1392 5697 1613 5765 Excus.,
1653 5698 1688 5769 ἡ
1720 5695 1920 5751 Παλαι-

2102 5615 2211 5700 (95ἶ
2250 5615 2512 5696 ’⁷Αγονος.
2543 5615 2772 5689 Ελὲυε.,
2806 5622 3056 5694 ἄμοιρος.
