3824 6226
461 283 573 336 σιτ

1103 279 1376 336 EUSEBll
1411 279 1892 350 CESARIENSls
1929 279 2082 339 OPP.
2121 281 2307 340 PARS
2336 282 2404 338 ll.
2445 299 2513 326 —'-
2552 275 3054 342 APOLOGETICA.

3621 289 3718 346 648

466 411 581 463 tur,
609 400 762 469 quasi
793 400 970 454 minus
999 401 1253 470 paranda:
1289 400 1475 455 virtuti
1507 404 1896 470 necessariam,
1926 420 2026 459 ver-

2147 403 2256 454 τῶν
2289 402 2462 456 ἄλλων
2490 403 2774 472 ἀνέχοντες
2799 403 2997 474 ἔργων,
3021 405 3101 467 είς
3135 403 3312 473 ίερούς
3337 405 3720 476 ἀφικνούμενοι

469 495 662 546 borum
721 495 1170 562 argutiarumque
1189 498 1593 565 captatoribus;
1649 514 1772 568 qua:
1819 515 1947 553 vero
1979 499 2046 554 de

469 594 663 640 natura
713 595 928 651 tractat,
978 588 1134 655 quasi
1174 589 1426 642 hutnanze
1454 600 1661 644 natura:
1691 592 1900 646 viribus
1947 608 2045 646 su-

465 678 766 748 perierem,
794 687 1078 731 ventorum
1113 681 1449 751 nubiumque
1467 685 1829 738 sectatoribus
1879 685 2044 739 relin-

465 777 662 835 quunt,
693 768 795 820 nisi
829 778 1100 836 quatenus
1124 772 1191 828 de
1217 773 1402 827 divina
1432 775 1690 838 essentia,
1717 784 1768 828 ct
1802 775 2042 830 universi

467 860 748 913 molitione
784 861 1203 930 philosophatur
1233 881 1246 916 :
1293 863 1347 917 in
1400 880 1544 930 eam,
1576 883 1697 936 qua:
1743 883 1921 923 mores
1953 868 2039 922 in-

461 951 686 1018 format,
720 969 886 1024 quam
942 954 1228 1024 diligenter
1257 957 1600 1023 incumbunt,
1635 961 1932 1028 patriarum
1961 961 2042 1016 le-

461 1061 589 1114 gum
607 1046 688 1100 usi
724 1048 1060 1117 magisterio,
1084 1066 1314 1119 quarum
1341 1053 1707 1121 intelligentia:
1741 1055 2038 1109 humanum

461 1137 765 1207 ingenium,
821 1141 924 1194 nisi
986 1141 1251 1197 divinitus
1299 1144 1562 1211 adlatum,
1621 1161 1719 1215 par
1763 1162 1885 1202 esse
1930 1164 2040 1203 non

457 1229 655 1298 possit.
693 1228 801 1285 Eas
847 1247 1030 1299 porro,
1081 1249 1205 1289 cum
1261 1236 1384 1290 aliis
1439 1254 1655 1308 quoque
1683 1241 2036 1310 temporibus,

461 1326 578 1372 tttm
609 1324 908 1388 praesertim
954 1324 1184 1393 septimo
1232 1343 1452 1398 quoque
1499 1331 1586 1384 die
1616 1331 1796 1384 doceri
1839 1333 2035 1388 solent.

457 1407 692 1465 Sacrum
741 1414 943 1482 quippe
1005 1417 1148 1470 diem
1202 1419 1352 1472 illum
1416 1421 1773 1492 habent,quo
1817 1425 1885 1478 ab
1930 1426 2038 1479 alio

458 1501 700 1570 quolibet
745 1519 905 1572 opere
937 1503 1136 1570 fet-iati,
1187 1510 1550 1565 sanctioribus
1597 1513 1648 1565 in
1689 1513 1851 1579 locis,
1901 1530 2038 1584 quas

459 1609 766 1665 synagogas
800 1597 900 1665 ipsi
924 1609 1142 1662 vocant,
1184 1601 1258 1655 ita
1292 1606 1646 1669 conveniunt,
1682 1619 1760 1672 ιιι,
1834 1609 2036 1662 deseri-

472 1686 582 1755 ptis
607 1698 871 1756 promtate
892 1691 1194 1754 ordinibus,
1215 1693 1460 1763 jnniores
1476 1698 1752 1753 seniorum
1781 1702 1846 1754 ad
1873 1705 2035 1771 pedes

453 1779 815 1845 consideant,
847 1797 1170 1852 summaque
1215 1801 1339 1840 cum
1403 1788 1686 1845 honestate
1734 1808 1799 1847 ac
1853 1796 2037 1850 mode-

454 1867 564 1922 stia
600 1871 859 1926 docentes
912 1875 1156 1929 audiant.
1184 1876 1318 1930 Nam
1355 1879 1482 1933 dum
1533 1898 1676 1938 unus
1705 1886 1973 1954 quispiam
2006 1903 2037 1942 e

456 1960 630 2014 sacris
657 1961 862 2031 aliquid
897 1965 1272 2022 voluminibus
1326 1971 1536 2034 recitat,
1579 1975 1719 2029 alius
1757 1978 1977 2044 quidam
2005 1995 2036 2033 e

452 2052 828 2120 peritissimis,
859 2057 1125 2126 quidquid
1165 2060 1458 2117 obscurius
1518 2066 1700 2132 t'uerit,
1745 2071 2030 2124 enucleat:

454 2142 716 2212 pleraque
735 2146 881 2199 enim
923 2147 1000 2200 illi
1036 2148 1228 2218 ﬁguris
1260 2161 1314 2205 et
1343 2155 1556 2210 umbris
1598 2157 1863 2223 involuta,
1893 2165 2036 2216 anti-

452 2232 682 2302 quitatis
715 2237 898 2291 studio
946 2242 1184 2308 quodam
1243 2253 1298 2298 et
1327 2245 1628 2304 imitatione
1673 2253 2029 2308 tradiderunt.

451 2323 723 2380 Caeterum
791 2330 1048 2397 pictatis,
1113 2337 1530 2406 sanctimoniae,
1604 2345 1903 2412 aequitatis,
1954 2347 2032 2401 rei

453 2425 570 2471 tum
633 2417 914 2476 familiaris
971 2432 1084 2478 tum
1135 2428 1364 2494 publica:
1410 2435 1692 2502 praeceptis
1733 2436 2033 2491 informana

451 2516 564 2574 tur,
619 2524 919 2582 eorumque
969 2515 1154 2582 simul,
1209 2534 1332 2587 qua:
1377 2537 1502 2577 vere
1571 2541 1667 2580 seu
1729 2527 1891 2594 bona,
1935 2545 2028 2584 seu

452 2601 637 2665 mala,
698 2616 793 2655 seu
847 2603 1081 2674 denique
1149 2608 1510 2666 indillerentia
1579 2624 1727 2676 sunt,
1761 2618 2031 2686 cognitio-

452 2703 576 2744 nent
609 2691 886 2758 hauriunt,
924 2708 982 2749 ut
1012 2703 1312 2766 expetenda
1350 2718 1771 2772 persequantur,
1795 2709 2032 2775 fugiant-

449 2796 558 2850 que
590 2788 884 2838 contraria.
926 2787 1138 2853 Quibus
1169 2791 1222 2843 itt
1255 2793 1414 2847 rebus
1444 2797 1615 2850 tribus
1641 2800 1796 2866 quasi
1830 2799 2029 2855 finibus

448 2888 517 2928 ac
543 2876 744 2945 regulis
775 2881 849 2932 uti
886 2881 1082 2945 solent,
1108 2899 1298 2938 amore
1327 2887 1533 2953 divino,
1574 2891 1756 2944 studio
1792 2891 2023 2958 virtutis,

449 2974 505 3019 et
537 2966 818 3023 hominum
843 2972 1127 3029 charitate.
1159 2976 1236 3030 Ac
1269 2978 1486 3033 ditinus
1518 2982 1734 3049 quidem
1767 2999 1920 3037 amor
1946 2985 2026 3037 in-

2146 493 2366 556 τόπους,
2389 494 2438 546 οἳ
2466 494 2756 547 καλοῦνται
2788 497 3122 564 συναγωγαὶ,
3148 495 3265 548 καθ’
3297 496 3514 565 ἡλικίας
3545 500 3603 549 ὲν
3631 498 3722 552 τά·

2147 582 2290 650 ξεσιν
2341 583 2445 636 ὐπὸ
2477 585 2864 655 πρεσϐυτέροις
2897 585 3004 637 νέοι
3053 585 3402 648 καθέζονται,
3451 585 3589 654 μετὰ
3635 587 3719 639 κό-

2147 691 2284 744 σμου
2317 673 2410 726 τοῦ
2436 675 2800 745 προσήκοντος
2828 676 3040 745 ἔχοντες
3069 676 3430 744 ἀκροατικῶς.
3475 673 3568 739 Εἷς
3626 678 3720 747 μέν

2143 783 2228 829 τις
2258 767 2364 830 τὰς
2401 765 2613 836 βίϐλους
2657 767 3018 836 ἀναγινώσκει
3056 766 3265 832 λαϐὼν,
3299 769 3485 838 ἕτερος
3528 769 3582 821 δὲ
3615 769 3721 822 τῶν

2143 858 2550 928 ὲμπειροτάτων
2566 859 2667 911 ὅσα
2697 858 2773 929 μὴ
2803 857 3051 929 γνώριμα
3066 858 3350 930 παρελθὼν
3375 861 3450 929 (3)
3470 860 3720 914 ἀναδιδά-

2144 968 2264 1004 σκει
2284 951 2359 1020 (4)
2382 968 2395 981 ·
2431 951 2500 1004 τά
2525 951 2633 1021 γὰρ
2665 951 2890 1002 πλεῖστα
2910 949 2998 1002 διά
3019 951 3300 1020 συμϐόλων
3334 951 3720 1022 ἀρχαιοτρόπῳ

2143 1041 2376 1113 ζηλώσει
2431 1047 2560 1115 παρ’
2597 1044 2779 1107 αὐτοῖς
2822 1044 3210 1113 φιλοσοφεῖταιι
3264 1043 3620 1098 Παιδεύονται
3669 1045 3723 1098 δὲ

2141 1133 2440 1198 εὐσέϐειαν,
2470 1136 2745 1205 ὁσιότητα,
2786 1134 3148 1205 δικαιοσύνην,
3183 1134 3525 1205 οἰκονομίαν,
3563 1134 3720 1188 ’πολιὁ

2139 1226 2311 1290 τείαν,
2358 1229 2452 1281 καλ⁹
2490 1228 2801 1298 ἐπιστήμην
2841 1227 2948 1280 τῶν
2999 1229 3134 1298 πρὸς
3167 1226 3422 1298 ἀλήθειαν
3472 1226 3719 1295 ἀγαθῶν,

2141 1318 2234 1371 καὶ
2283 1319 2486 1384 κακῶν,
2535 1318 2631 1371 καὶ
2690 1307 3025 1388 ἀδιαφόρων·
3081 1317 3320 1388 αἱρέσεις
3346 1311 3420 1370 ὧν
3460 1319 3587 1390 χρὴ,
3626 1324 3721 1372 καὶ

2139 1412 2316 1481 φυγὰς
2357 1411 2464 1465 τῶν
2509 1412 2763 1465 ἐναντίων
2783 1428 2796 1442 ⁸
2838 1411 3020 1482 νόμοις
3044 1413 3137 1464 καὶ
3161 1412 3345 1494 κανόσι
3372 1412 3446 1479 (5)
3479 1416 3721 1483 τριττοῖς

2138 1504 2428 1576 χρώμενοι,
2473 1503 2552 1573 τῷ
2581 1521 2639 1556 τε
2671 1503 2898 1573 φιλοθέῳ
2924 1504 3016 1556 καὶ
3044 1503 3344 1574 φιλαρέτῳ,
3381 1505 3475 1557 καὶ
3525 1504 3719 1571 φιλαν-

2139 1596 2359 1669 θρώπῳ.
2380 1595 2484 1649 Τοῦ
2509 1597 2606 1666 μὲν
2631 1593 2721 1649 οὖν
2749 1596 2993 1664 φιλοθέου
3015 1596 3276 1666 δείγματα
3293 1597 3460 1667 μυρία
3579 1614 3721 1666 παρ-

2138 1690 2312 1760 έχειή
2357 1693 2487 1760 παρ’
2534 1689 2656 1742 ὅλον
2707 1688 2799 1740 τὸν
2845 1688 2956 1758 βίον
2999 1688 3227 1758 συνεχὴς
3276 1689 3368 1740 καλε¹
3412 1687 3718 1757 ἐπάλληλος

2067 1760 2108 1816 Β
2139 1780 2351 1848 ἁγνεία,
2411 1780 2471 1833 τὸ
2518 1779 2814 1850 ἀνώμοτον,
2875 1778 2937 1832 τὸ
2992 1779 3240 1845 ἀψευδὲς,
3270 1779 3330 1830 τὸ
3357 1779 3571 1852 πάντων
3615 1779 3718 1848 μὲν

2137 1872 2355 1941 ἀγαθῶν
2388 1870 2561 1924 αἴτιον
2582 1915 2595 1936 ,
2641 1870 2812 1924 κακοῦ
2838 1869 2891 1922 δὲ
2930 1868 3154 1939 μηδενὸς
3186 1867 3424 1938 νομίζειν
3457 1863 3597 1920 εἶναι
3657 1868 3717 1920 τὸ

2135 1965 2288 2018 Θεῖον
2312 1981 2325 1994 °
2350 1964 2442 2017 τοῦ
2477 1963 2532 2016 δὲ
2556 1963 2842 2033 φιλαρέτου
2870 1961 2929 2014 τὸ
2958 1961 3416 2031 ἀφιλοχρηματον,
3447 1960 3511 2011 τὸ
3535 1960 3719 2028 ἀφιλό-

2134 2054 2304 2119 δοξον,
2351 2055 2412 2106 τὸ
2459 2052 2798 2122 ἀφιλήδυνον,
2822 2050 2880 2103 τὸ
2907 2051 3208 2122 ἐγκρατὲς,
3256 2049 3316 2102 τὸ
3361 2051 3713 2121 καρτερικὸν,

2134 2146 2214 2199 ἔτι
2247 2146 2304 2199 δὲ
2329 2145 2676 2213 ὁλιγοδέειαν,
2703 2142 2980 2212 ἀφέλειαν,
3011 2139 3280 2200 εὐκολίαν,
3309 2139 3368 2192 τὸ
3397 2139 3620 2208 ἄτυφον,
3655 2140 3718 2193 τὸ

2134 2237 2382 2306 νόμιμον,
2414 2235 2474 2288 τὸ
2499 2233 2776 2298 εὐσταθὲς,
2821 2234 2915 2286 καὶ
2949 2233 3047 2284 ὅσα
3085 2231 3294 2292 τούτοις
3335 2231 3674 2301 ὁμοιότροπα
3699 2247 3712 2260 °

2132 2329 2225 2382 τοῦ
2255 2328 2312 2380 δὲ
2343 2326 2722 2397 φιλανθρώπου
2746 2325 3032 2396 δείγματα,
3067 2322 3248 2376 εὐνοια
3275 2322 3385 2393 (7),
3431 2323 3637 2392 ἰσότης,
3681 2323 3714 2392 ή

2133 2420 2333 2482 παντὸς
2363 2419 2520 2487 λόγου
2552 2419 2814 2490 κρείττων
2843 2416 3093 2470 κοινωνία
3119 2456 3134 2480 ,
3170 2415 3296 2486 περὶ
3323 2409 3388 2486 ἧς
3416 2414 3516 2466 οὐκ
3549 2413 3716 2468 ἄκαι-

2133 2529 2226 2584 ρον
2261 2511 2466 2583 βραχέα
2495 2513 2688 2563 εἰπεῖν.
2719 2508 2940 2581 Πρῶτον
2969 2508 3146 2561 τοίνυν
3177 2507 3386 2568 οὐδενὸς
3409 2505 3529 2568 ἑνὸς
3561 2505 3713 2558 οἰκία

2129 2607 2213 2669 τίς
2247 2607 2394 2657 ἐστιν
2431 2604 2551 2663 ἰδία.
2584 2606 2648 2676 ἣν
2682 2604 2801 2672 οὐχὶ
2825 2602 3041 2655 πάντων
3066 2597 3200 2653 εἶναι
3236 2598 3410 2652 κοινὸν
3440 2610 3466 2639 ι
3501 2599 3714 2669 συμϐέ-

2132 2698 2284 2769 ϐηκε.
2320 2697 2462 2768 Πρὸς
2485 2696 2593 2768 γὰρ
2631 2696 2707 2766 τῷ
2735 2696 2875 2747 κατά
2911 2693 3128 2756 θιάσους
3174 2694 3473 2756 συνοικεῖν,
3505 2693 3714 2746 ἀναπέ-

2132 2807 2328 2845 πταται
2358 2790 2584 2850 καὶτοῖς
2616 2785 2878 2857 ἑτέρωθεν
2912 2786 3326 2856 ἀφικνουμένοις
3359 2783 3467 2836 τῶν
3505 2783 3714 2856 ὁμοζή-

2130 2883 2257 2936 λων.
2291 2877 2402 2935 Εἶτ’
2438 2881 2554 2932 ἐστὶ
2583 2881 2805 2949 ταμεῖον
2834 2877 2891 2930 ἓν
2925 2877 3141 2930 πάντων
3170 2878 3261 2930 καὶ
3294 2877 3561 2929 δαπάναι’
3617 2879 3713 2932 καὶ

2130 2977 2304 3030 κοιναὶ
2345 2974 2444 3045 μὲν
2493 2973 2738 3042 ἐσθῆτες,
2782 2973 2960 3025 κοιναὶ
2989 2971 3045 3023 δὲ
3071 2971 3286 3042 τροφαὶ,
3322 2971 3576 3024 συσσίτια
3611 2987 3711 3024 πεο

448 3055 618 3114 ﬁuitis
675 3065 1008 3131 argumentis
1062 3070 1469 3137 comprobatur,
1504 3088 1625 3140 quae
1653 3075 1846 3142 partim
1898 3091 2026 3130 con-

2133 3067 2459 3138 ποιημένων.
2495 3063 2567 3116 Τὸ
2601 3063 2707 3134 γὰρ
2734 3063 3059 3134 ὁμωρόφιον,
3097 3062 3128 3132 ἣ
3157 3062 3479 3132 ὁμοδίαιτον,
3513 3063 3550 3133 ἦ
3581 3065 3713 3132 ὁμο-ε

449 3161 603 3206 stans
629 3167 694 3207 ac
715 3166 972 3223 perpetua
1009 3160 1175 3214 totius
1197 3161 1319 3216 vita:
1344 3165 1688 3229 castimonia,
1722 3169 1917 3236 partim
1957 3170 2026 3225 ab

448 3243 1487 3320 omnijurejurando383abstitientia,
1513 3257 1704 3325 partim
1729 3257 1852 3328 fuga
1871 3275 2024 3314 tuend»

448 3333 615 3398 dacii,
646 3339 840 3404 partim
875 3341 1110 3411 denique
1143 3346 1400 3412 praeclara
1439 3348 1608 3402 illade
1635 3349 1743 3406 Deo
1767 3361 2022 3420 tanquam

447 3425 694 3480 omnium
731 3429 997 3486 bonorum
1055 3434 1203 3490 fonte
1261 3439 1499 3508 malique
1552 3441 1754 3497 nullius
1804 3453 2024 3498 auctore

448 3525 715 3576 sententia
738 3527 1065 3594 suppeditat.
1118 3528 1282 3583 lidem
1323 3532 1537 3586 virtutis
1585 3549 1748 3601 quam
1793 3535 2023 3589 studiosi

445 3611 579 3678 sint,
610 3628 672 3666 ex
698 3614 1032 3682 divitiarum,
1053 3619 1258 3688 gloriaa,
1280 3621 1684 3692 voluptatisque
1709 3636 2022 3696 contemptu

447 3720 659 3758 necnon
693 3723 760 3761 ex
789 3715 1164 3779 temperantia,
1211 3715 1518 3780 tolerantia,
1545 3715 1871 3786 frugalitate,
1892 3722 2024 3775 sim-

446 3794 704 3862 plicitate,
742 3798 1028 3865 modestia,
1055 3801 1404 3870 demissione,
1433 3805 1610 3874 legum
1651 3808 2018 3876 observantia,

446 3898 661 3938 morum
693 3887 928 3956 vitaeque
953 3894 1287 3957 constantia,
1323 3910 1386 3948 ac
1415 3894 1686 3951 similibus
1713 3900 1881 3952 animi
1929 3901 2022 3954 do-

445 3976 594 4033 tibus
618 3979 904 4051 intelltgas.
945 3981 1230 4040 Postremo
1251 4002 1405 4040 suam
1439 4005 1568 4060 erga
1604 3991 1857 4047 homines
1891 3993 2021 4047 cha-

447 4067 688 4132 ritatem,
722 4069 1118 4136 benevolentia,
1165 4076 1495 4142 aequalitate,
1554 4093 1782 4148 quaeque
1815 4081 2021 4134 oratio-

445 4171 569 4209 nem
599 4172 813 4212 omnem
847 4171 1084 4230 superat,
1107 4166 1349 4219 omnium
1383 4168 1522 4222 inter
1556 4184 1615 4223 se
1665 4185 1845 4224 rerum
1877 4187 2020 4226 com-

445 4247 706 4304 munione
735 4251 1029 4308 declarant.
1080 4255 1154 4309 De
1207 4273 1314 4326 qua
1362 4274 1494 4314 sane
1541 4275 1714 4328 pauca
1765 4261 1871 4316 hoc
1892 4263 2016 4317 loco

444 4339 797 4410 subjungere,
823 4359 928 4397 non
957 4347 1053 4400 abs
1077 4363 1133 4401 re
1157 4347 1340 4405 luerit.
1372 4349 1616 4406 Primum
1648 4368 1779 4422 ergo
1809 4354 2012 4408 nemini

2130 3158 2418 3234 τράπεζον,
2449 3157 2547 3211 οὐκ
2568 3156 2632 3209 ἄν
2661 3173 2742 3218 τις
2776 3155 2924 3227 εὖροι
2946 3157 3072 3227 παρ’
3100 3156 3306 3227 ἑτέροις
3331 3155 3530 3225 μᾶλλον
3562 3156 3713 3228 ἔργῳ

2128 3255 2530 3327 βεϐαιούμενον,
2566 3257 2659 3308 καὶ
2694 3255 2830 3326 μήτε
2863 3253 2890 3292 ι)
2918 3250 3162 3313 εἰκότως,
3196 3251 3334 3301 Ὅσα
3356 3249 3463 3322 γὰρ
3489 3251 3556 3303 ἂν
3585 3249 3710 3320 μεθ’

2126 3349 2340 3420 ἡμέραν
2369 3349 2740 3420 ἐργασάμενοι
2797 3344 3031 3398 λάϐωσιν
3064 3344 3156 3396 ἐπὶ
3192 3341 3401 3412 μισθῷ,
3448 3343 3603 3395 ταῦτ’
3643 3343 3709 3396 ού

2125 3439 2575 3507 διαφυλάττουσιν
2609 3478 2622 3501 ,
2654 3436 2770 3488 ἀλλ’
2792 3438 2871 3498 είς
2907 3435 3069 3505 μέσον
3101 3433 3449 3504 προτιθέντες
3475 3474 3488 3498 ,
3518 3434 3712 3505 κοινὴν

2124 3535 2233 3595 τοῖς
2265 3531 2503 3583 ἐθέλουσι
2526 3529 2757 3600 χρῆσθαι
2788 3530 2886 3598 τὴν
2924 3529 3018 3581 ἀπ’
3051 3527 3228 3580 αὐτῶν
3257 3526 3714 3597 παρασκευάζου-

2125 3640 2209 3675 σιν
2232 3621 2516 3691 ώφέλειαν.
2539 3619 2605 3671 Οἵ
2627 3637 2684 3671 τε
2707 3618 3006 3683 νοσοῦντες,
3037 3618 3157 3688 οὐχ,
3189 3618 3270 3670 ὅτι
3308 3614 3548 3687 πορίζειν
3580 3615 3713 3670 ἀδυ-

2123 3713 2395 3776 νατοῦσιν,
2455 3710 2800 3781 ἀμελοῦνται,
2869 3710 3006 3779 πρὸς
3034 3709 3132 3772 τὰς
3163 3709 3443 3780 νοσηλείας
3489 3709 3554 3760 ὲκ
3591 3707 3710 3760 τῶν

2123 3805 2315 3860 κοινῶν
2339 3804 2552 3874 ἔχοντες
2574 3805 2630 3855 ὲν
2665 3802 2888 3872 ἑτοίμῳ,
2920 3801 2994 3859 ώς
3027 3800 3165 3871 μετὰ
3205 3802 3382 3870 πάσης
3427 3800 3612 3864 ἁδείας
3647 3802 3708 3867 ἐξ

2122 3894 2509 3966 ἀφθονωτέρων
2537 3893 2868 3947 ἀναλίσκειν.
2895 3891 3137 3954 Αἰδὼςδ
3167 3894 3282 3945 ἐστὶ
3310 3891 3709 3964 πρεσϐυτέρων

2121 3985 2214 4036 καὶ
2248 3986 2486 4055 φροντὶς,
2517 3979 2603 4036 οἷα
2626 3983 2824 4050 γονέων
2847 3982 2951 4035 ὐπὸ
2978 3983 3212 4054 γνησίων
3257 3982 3461 4035 παίδων
3482 4024 3495 4044 ,
3541 3982 3708 4052 χερσὶ

2121 4076 2213 4129 καὶ
2238 4076 2492 4139 διανοίαις
2511 4077 2584 4145 (8)
2605 4078 2822 4148 μυρίαις
2859 4078 2917 4128 ὲν
2942 4075 3170 4146 ἀφθονίᾳ
3199 4075 3305 4128 τῶν
3325 4091 3706 4144 γηροτροφουσ

2124 4170 2320 4239 μένων.
2355 4169 2640 4232 Τοιούτους
2663 4173 2694 4242 ἡ
2719 4170 2842 4240 δίχα
2863 4169 3182 4241 περιεργίας
3225 4167 3552 4237 Ἑλληνικῶν
3582 4167 3707 4220 όνορ

2123 4261 2306 4332 μάτων
2332 4261 2570 4330 ἀθλητὰς
2594 4262 2795 4332 ἀρετῆς
2819 4260 3189 4332 ἀπεργάζεται
3232 4260 3520 4328 φιλοσοφία
3545 4301 3561 4324 ,
3597 4278 3704 4328 γυ·-

2123 4353 2416 4424 μνάσματα
2450 4353 2760 4425 προτιθεῐσα
2789 4353 2886 4416 τὰς
2913 4352 3198 4415 ὲπαινετάς
3228 4352 3455 4422 πράξεις
3475 4391 3490 4416 ,
3528 4352 3589 4416 ἐξ
3622 4347 3704 4406 ὧν

443 4433 662 4500 propria
679 4434 762 4487 vel
785 4451 890 4488 una
917 4437 1114 4492 domus
1139 4448 1244 4506 est,
1267 4456 1390 4510 quae
1413 4458 1519 4496 non
1555 4445 1799 4498 omnium
1829 4447 2018 4499 simili-

2131 4447 2149 4514 ἡ
2185 4445 2482 4508 ἀδούλωτος
2515 4445 2795 4515 ἐλευθερία
2831 4445 3161 4514 βεϐαιοῦται.
3191 4445 3420 4513 Σημείον
3457 4445 3538 4508 δὲ,
3567 4445 3704 4498 πολ-

443 4535 526 4578 ter
556 4541 621 4580 ac
666 4529 975 4596 promiscue
1027 4533 1116 4586 sit.
1168 4532 1302 4587 Nam
1343 4547 1701 4608 praeterquam
1763 4542 1907 4609 quod
1955 4542 2010 4596 in

443 4617 757 4674 sodalitates
786 4620 1082 4689 distributi,
1119 4625 1282 4678 simul
1312 4627 1577 4692 habitant,
1618 4631 1817 4698 eadem
1872 4649 2013 4702 pra:-

442 4718 590 4764 terea
616 4712 872 4767 omnibus
907 4715 1069 4768 etiam
1095 4717 1314 4772 aliunde
1363 4721 1804 4777 convenientibus
1866 4724 2012 4793 ejus-

441 4802 563 4856 dem
586 4804 799 4859 zemulis
825 4806 1060 4860 instituti
1092 4818 1256 4876 patet.
1297 4808 1500 4864 Deinde
1557 4829 1844 4868 commune
1888 4831 2010 4869 om-

441 4908 541 4949 nes
608 4896 886 4963 aararium,
940 4897 1325 4968 impensasque
1397 4916 1715 4958 communes
1783 4905 2005 4969 habent,

440 4994 645 5039 vestem
673 4987 877 5056 pariter
919 4989 1213 5058 cibumque
1261 5005 1629 5058 communem,
1684 4995 1814 5049 dum
1859 5010 2009 5050 com-

494 5103 522 5132 ⁸
547 5095 665 5155 Ἰσ.
700 5103 907 5174 κοινήν.
983 5101 1138 5159 εἰσ.
1177 5105 1342 5176 μάλα.

511 5210 588 5352 ςδέ
626 5215 963 5281 Παρελθὼν.
993 5215 1132 5284 Quid
1164 5219 1209 5274 si
1227 5219 1500 5301 ,διελθώνῖ

511 5281 563 5351 ,4
638 5283 1054 5341 Ἆναδιδάσκει.
1117 5288 1362 5352 Optime,
1402 5307 1500 5346 nan

510 5281 584 5352 (4)
628 5281 1054 5365 ᾍναδιδάσκεὶ.
1117 5288 1362 5360 Optime,
1402 5307 1529 5346 nam
1578 5307 1764 5347 excus.
1814 5310 2006 5365 perpe-

437 5365 578 5424 ram,
617 5354 1003 5424 ἀναγικώσκει.

509 5421 584 5491 (5)
624 5421 841 5496 Νόμοις
874 5429 972 5482 καὶ
1005 5447 1140 5484 καν.
1183 5429 1362 5486 Malim
1409 5433 1552 5501 ὅροις
1583 5434 1676 5485 καὶ
1701 5451 1846 5499 καν.,
1877 5443 2034 5490 cum'

435 5503 908 5639 ῗιῗξῖᾛείγματα
937 5571 1151 5639 μυρία,
1200 5581 1304 5628 etc.
1351 5571 1600 5626 Excusus
1632 5576 1809 5628 locum
1856 5575 2005 5630 hunc

436 5631 508 5716 ita
536 5633 683 5716 legit,
701 5631 796 5709 τῆν
822 5631 954 5716 πᾳ.ρῖ
977 5631 1095 5716 ὅλον
1120 5631 1212 5696 τὸν
1246 5643 1359 5714 βίον
1382 5644 1581 5716 συνεχῆ
1596 5646 2002 5716 καὶὲπάλληλον

431 5702 673 5774 ἁγνείαν,
703 5702 806 5764 etc.
843 5702 1016 5774 Quam
1056 5702 1345 5771 lectionem
1380 5702 1696 5771 Eusebianos
1738 5702 1994 5787 praetule-

2119 4535 2224 4586 λῶν
2254 4534 2393 4588 κατὰ
2423 4534 2646 4604 καιροὺς
2676 4535 3091 4588 ἐπαναστάντων
3112 4537 3176 4604 τῇ
3205 4533 3356 4604 χώρᾳ
3389 4533 3700 4598 δυναστῶν,

2117 4627 2211 4682 καὶ
2264 4627 2454 4695 φύσεσι
2487 4628 2578 4679 καὶ
2630 4627 2979 4698 προαιρέσεσι
3008 4625 3366 4697 χρησαμένων
3406 4625 3703 4697 διαφερού-

2115 4737 2254 4782 σαις.
2285 4721 2346 4770 Οἱ
2373 4719 2468 4788 μὲν
2503 4717 2631 4787 γὰρ,
2664 4720 2742 4781 εἰς
2769 4717 2830 4770 τὸ
2850 4718 3132 4770 ἀτίοασσον
3164 4717 3463 4787 ἀγριότητα
3485 4717 3700 4790 θηρίων

2113 4811 2396 4881 ἐκνικῆσαι
2435 4811 2849 4874 σπουδάσαντες,
2883 4809 3034 4862 οὐδὲν
3058 4809 3454 4880 παραλιπόντες
3475 4811 3585 4864 τῶν
3615 4817 3701 4877 είς

2112 4902 2387 4971 ὡμότητα,
2412 4903 2535 4964 τοὺς
2576 4902 2844 4971 ὑπηκόους
2875 4901 3136 4972 ἀγεληδὸν
3178 4901 3501 4972 ἱερεύοντες,
3536 4905 3569 4975 ἢ
3599 4908 3700 4959 καὶ

2112 4988 2320 5054 ζῶντας
2350 4989 2450 5052 ἔτι,
2485 4989 2760 5060 μαγείρων
2793 4991 2993 5061 τρόπον
3021 5031 3034 5056 ,
3081 4989 3222 5044 κατά
3252 4991 3391 5063 μέρη
3423 4995 3520 5047 καὶ
3551 4997 3696 5068 μέλη

2110 5234 2236 5292 rim.
2263 5235 2498 5287 maxime
2521 5247 2644 5303 cum
2689 5247 2804 5301 seq.
2840 5249 2894 5303 p.
2931 5234 3035 5288 383
3079 5234 3288 5303 legatur
3320 5235 3690 5303 όλιγοδέειαν,

2106 5304 2383 5373 ἀφέλειαν,
2433 5301 2703 5365 εὐκολίαν,
2741 5301 3176 5372 qui‘accusativi
3233 5321 3356 5359 cum
3406 5301 3687 5362 nominat,

2110 5374 2302 5444 ἁγνεία
2332 5375 2625 5428 convenire
2652 5388 2758 5427 non
2789 5383 3039 5442 possunt.

2178 5445 2254 5514 (7)
2295 5445 2604 5513 Δείγματα,
2630 5444 2863 5505 εὔνοια,
2891 5455 2996 5498 ctc.
3040 5443 3238 5499 Excus.
3264 5444 3406 5499 delet
3453 5446 3518 5498 τὸ
3572 5446 3691 5500 δεί-

2114 5533 2329 5582 γματα,
2355 5525 2468 5568 ttnn
2506 5515 2788 5584 sequentia
2821 5529 2916 5580 per
2955 5516 3245 5568 accusandi
3277 5532 3463 5569 casum
3492 5516 3686 5582 elTert,

2105 5585 2348 5646 εὐνοιαν,
2377 5586 2596 5656 ἰσότητα
2617 5626 2628 5648 ,
2649 5596 2781 5656 γεω.
2808 5584 2863 5637 ln
2880 5600 2998 5656 quo
3022 5585 3124 5656 sibi
3151 5588 3403 5656 praeclare
3435 5597 3686 5644 constat.

2178 5656 2253 5726 (8)
2292 5654 2606 5724 Διανοίαις.
2633 5655 2771 5725 Quid
2800 5657 2845 5711 si
2869 5654 3206 5722 διακονίαιςῗ
