3878 6220
200 293 301 351 649

1319 300 1641 357 ΡΒΑΞΡΑΒ.
1684 302 1936 363 EVANG.
1977 307 2104 364 LIB.
2149 311 2281 368 VIII.

3312 262 3339 291 ο

3353 328 3457 385 650

198 410 652 486 κρεουργοῦντες,
698 414 825 486 ἄχρι
853 414 950 468 τοῦ
974 416 1074 480 τὰς
1099 415 1270 481 αυτὰς
1308 419 1595 490 ὑπομεῖναι
1632 428 1766 492 συμέ

1879 428 2136 484 munibus
2169 439 2398 484 utuntur
2452 434 2846 494 contuberniis.
2889 437 3201 506 Enimvero,
3272 444 3464 501 lauda-

197 503 366 576 φορὰς
411 505 516 558 ὑπὸ
558 505 652 576 τῆς
696 506 763 558 τὶ
794 504 1109 578 ἀνθρώπεια
1135 508 1418 583 ὲφορώσης
1438 511 1596 583 δίκης
1618 552 1633 579 ,
1673 515 1775 569 οὐκ

194 598 530 653 ἐπαύσαντο·
564 601 614 652 οἱ
636 599 714 661 δὲ,
745 600 805 654 τὸ
839 602 1349 673 παρακεκινημένον
1387 604 1482 657 καὶ
1522 604 1778 679 λελυττη-

194 692 285 755 κὸς
316 693 397 756 είς
420 692 617 764 ἑτέρας
645 688 780 757 εἶδος
801 694 1002 758 κακίας
1023 694 1517 768 μεθαρμοσάμενοι,
1551 700 1776 771 πικρίαν

192 788 412 844 ἄλεκτον
450 788 932 861 ἐπιτηδεύσαντες,
991 789 1167 862 ἠσυχῆ
1197 791 1573 857 διαλαλοῦντες
1595 834 1610 858 ,
1645 796 1777 867 ⁴Ινιρε-

193 881 486 953 μαιοτέρας
519 882 703 952 φωνῆς
735 883 1024 955 ὑποκρίσει
1049 881 1361 954 βαρύμηνον
1386 879 1516 956 ἦθος
1542 887 1775 959 ὑποκρι-

188 973 422 1045 νόμενοι,
457 972 637 1027 κυνῶν
678 973 898 1027 ἰοϐόλων
944 975 1142 1045 τρόπον
1184 977 1589 1047 προσήναντες,
1623 978 1778 1032 ἀνιά-

184 1080 296 1117 των
347 1062 625 1133 γενόμενοι
656 1064 845 1116 κακῶν
900 1065 1084 1130 αἴτιοι,
1134 1065 1281 1120 κατὰ
1317 1066 1501 1130 πόλεις
1536 1070 1777 1140 μνημεῖα

182 1154 285 1226 τῆς
307 1153 515 1208 ἑαυτῶν
540 1154 794 1218 ἀσεϐείας
815 1156 909 1210 καὶ
927 1156 1340 1230 μισανθρωπίας
1366 1157 1649 1226 ἀπέλιπον,
1676 1159 1776 1225 τὰς

180 1244 294 1299 τῶν
327 1244 672 1300 πεπονθότων
696 1244 963 1317 ὰλὴστους
993 1248 1310 1320 συμφοράς·
1340 1248 1477 1303 ἀλλὰ
1531 1250 1642 1321 γὰρ
1680 1251 1775 1304 οὐ·

178 1337 295 1401 δεὶς
318 1336 441 1391 οὔτε
462 1337 571 1391 τῶν
595 1337 804 1408 σφόδρα
836 1337 1021 1409 ὡμοθὺ
1031 1358 1169 1411 μων,
1195 1338 1319 1394 οὗτε
1350 1341 1461 1395 τῶν
1489 1340 1658 1395 πάλαι
1688 1341 1776 1394 δο-

177 1429 358 1502 λερῶν
406 1430 503 1484 καὶ
545 1429 816 1495 ὑπούλων,
858 1429 1045 1502 ἴσχυσε
1085 1432 1177 1486 τὸν
1203 1431 1464 1503 λεχθέντα
1508 1432 1616 1486 τῶν
1650 1433 1774 1486 Ἐσ-

178 1522 404 1594 σαίωνῆ
441 1523 636 1576 Ὁσίων
658 1522 848 1593 ὅμιλον
874 1523 1248 1578 αἰτιάσασθαι.
1303 1523 1511 1588 Πάντες
1541 1524 1586 1578 δ’
1613 1524 1774 1578 ἀσθε-

174 1616 424 1688 νέστεροι
440 1614 538 1687 τῆς
549 1615 658 1669 τῶν
674 1615 882 1688 ἀνδρῶν
897 1615 1296 1686 καλοκάγαθίας
1315 1615 1617 1687 γενόμενοι,
1637 1615 1772 1669 καθ-

170 1708 321 1779 άπερ
360 1706 682 1778 αὐτονόμοις
729 1708 826 1761 καὶ
870 1707 1178 1780 ἐλευθέροις
1221 1702 1371 1761 οὖσιν
1415 1708 1481 1760 ἐκ
1526 1708 1764 1777 (ρύσεως,

168 1799 646 1872 προσηνέχθησαν,
673 1799 892 1872 ᾄδοντες
917 1800 1097 1854 αὐτῶν
1130 1800 1199 1854 τὰ
1229 1799 1481 1854 συσσίτια
1499 1840 1514 1863 ,
1545 1800 1640 1855 καὶ
1666 1802 1767 1873 τὴν

165 1891 378 1956 παντὸς
398 1891 558 1960 λόγου
587 1890 874 1963 κρείττονα
893 1892 1196 1956 κοινωνίαν,
1221 1891 1255 1963 ῆ
1282 1890 1398 1961 βίου
1435 1891 1642 1945 τελείου
1659 1893 1768 1945 ’καὶ

166 1974 381 2056 σφόδρα
409 1983 723 2055 εὐδαίμονός
755 1987 871 2038 ἐστι
899 1985 1233 2055 σαφέστατον
1256 1984 1471 2056 δεῖγμα.
1506 2004 1525 2037 ι
1554 1985 1636 2038 Τὰ
1668 1987 1767 2056 μὲν

159 2074 264 2135 οὖν
291 2078 395 2149 τῆς
428 2077 717 2149 φιλοσόφου
749 2077 902 2151 παρὰ
945 2077 1216 2141 Ἰουδαίοις
1249 2075 1537 2148 ἀσκήσεώς
1566 2094 1625 2130 τε
1672 2078 1767 2132 καὶ

160 2169 452 2233 πολιτείας
496 2169 585 2223 διὰ
620 2170 787 2223 τῶνδε
824 2168 1170 2241 προκείσθω*
1207 2169 1278 2223 τὰ
1321 2170 1379 2223 δὲ
1418 2169 1515 2223 τοῦ
1573 2170 1763 2225 λοιποῦ

159 2261 312 2336 βίον,
348 2261 408 2314 δν
451 2262 517 2333 δὴ
568 2261 648 2334 τῷ
681 2262 876 2333 πλήθει
909 2260 1003 2315 τοῦ
1040 2262 1244 2326 παντὸς
1299 2260 1487 2326 ἔθνους
1530 2265 1579 2315 οἱ
1632 2263 1764 2317 θεῖοι

154 2355 487 2427 διηγόρευον
515 2355 692 2427 νόμοι,
716 2354 954 2408 τέθειται
981 2352 1268 2424 προλαϐὼν
1286 2356 1314 2408 ό
1337 2353 1513 2422 λόγος.
1543 2355 1607 2407 Τί
1628 2355 1764 2425 δῆτα

154 2447 417 2501 λείπεται
442 2447 536 2500 ἐπὶ
567 2445 778 2510 τούτοις
806 2446 839 2518 ἢ
873 2446 967 2499 καὶ
1004 2445 1073 2498 τὰ
1113 2445 1214 2514 τῆς
1251 2444 1361 2499 τῶν
1410 2445 1546 2498 νέων
1581 2445 1762 2500 θεολο-

150 2540 294 2612 γίας
316 2541 585 2611 σύμφωνα
631 2541 748 2603 ταῖς
787 2537 896 2591 τῶν
924 2537 1289 2610 προπατόρων
1327 2536 1630 2601 εὐσεϐείαις
1658 2556 1762 2592 πα-

153 2634 566 2710 ραστήσασθαι,
598 2634 673 2696 ὡς
704 2631 770 2686 ἂν
796 2630 891 2684 καὶ
930 2629 1093 2700 τῆσδε
1135 2630 1236 2701 τῆς
1266 2629 1576 2693 ὑποθέσεως
1606 2631 1759 2684 ἐντε-

146 2727 262 2800 λὴς
289 2729 424 2799 ἡμῖν
453 2729 482 2780 ό
511 2726 670 2794 λόγος
702 2721 1094 2793 ἀποδεδομένος
1121 2720 1236 2791 εἴης
1287 2719 1441 2773 Ἐπεὶ
1486 2720 1663 2774 τοίνυν
1689 2719 1759 2776 τὰ

144 2821 262 2892 τῆς
284 2818 472 2873 ἐνθέου
500 2800 727 2889 Ῠραφῆς
757 2813 913 2882 λόγια
936 2813 1223 2885 πρόκειται
1246 2812 1335 2868 διὰ
1365 2813 1458 2867 τοῦ
1477 2813 1596 2886 ’πρὸ
1634 2809 1757 2866 τού-

142 2930 255 2967 του
278 2911 735 2982 συγγράμματος,
770 2905 892 2976 φέρ’
915 2901 1005 2959 οὖν
1031 2907 1123 2961 ἐπὶ
1145 2906 1238 2960 τοῦ
1271 2906 1538 2977 παρόντος
1566 2905 1634 2959 τὰ
1660 2906 1758 2976 τῆς

141 3003 405 3067 διανοίας
447 3002 557 3054 τῶν
588 2999 739 3072 παρὰ
792 2998 1067 3062 Ἰουδαίοις
1114 2997 1292 3067 σοφῶν
1326 2996 1753 3068 ὲπαθρήσωμεν,

1881 524 1992 571 tam
2029 518 2175 573 illam
2206 519 2451 590 ejusdem
2493 525 2620 579 tecti
2650 565 2667 587 ,
2716 526 2915 592 victus,
2971 546 3285 603 mensaeque
3306 549 3462 590 eom-

1878 610 2217 678 munionem,
2241 612 2369 667 alibi
2418 629 2692 686 nusquam
2723 634 2784 675 re
2820 619 2939 691 ipsa
2976 629 3089 677 tam
3144 633 3463 685 constanter

1878 713 2197 774 usurpatam
2231 706 2498 764 invenias.
2558 708 2668 766 Nec
2727 728 2861 770 sane
2911 716 3136 772 mirum.
3180 719 3459 794 Quidquid

1875 798 2020 853 enim
2058 798 2257 867 singuli
2280 799 2482 855 diurno
2505 817 2572 858 ex
2595 804 2940 863 laborelucri
2961 808 3208 878 fecerint,
3262 815 3317 870 id
3346 830 3462 872 non

1871 878 1985 951 jam
2013 887 2297 956 proprium
2323 905 2386 944 ac
2408 893 2710 963 sepositum
2745 895 2967 963 habent,
2998 900 3093 956 sed
3120 901 3177 957 in
3218 903 3461 961 medium

1876 975 2167 1032 conferunt
2198 979 2539 1052 universum,
2569 983 2701 1041 dum
2753 1002 2935 1058 operte
2965 1005 3083 1047 sua:
3128 991 3369 1051 fructum
3391 993 3465 1054 ad

1875 1076 2067 1123 omnes
2083 1072 2370 1137 pervenire
2398 1073 2609 1130 volunt.
2625 1073 2768 1149 Ergo
2785 1078 2878 1149 qui
2898 1083 3092 1139 morbo
3115 1083 3384 1153 laborant,
3398 1093 3463 1142 ut

1834 1230 1849 1248 ’
1875 1155 1995 1248 ejus
2030 1175 2128 1230 per
2154 1177 2215 1217 se
2251 1165 2564 1235 sumptibus
2585 1166 2825 1240 impares
2863 1172 2942 1228 illi
2973 1175 3105 1244 sint,
3137 1192 3248 1233 non
3272 1188 3455 1235 tamen

1871 1247 2217 1321 deseruntur,
2248 1270 2370 1309 cum
2390 1257 2445 1311 in
2476 1270 2733 1332 promptu
2762 1261 3001 1323 habeant
3028 1281 3059 1323 a
3086 1283 3146 1324 re
3175 1274 3458 1328 communi

1876 1341 2203 1409 subsidium,
2234 1344 2511 1418 libereque
2538 1352 2766 1410 omnino
2790 1368 2855 1410 ac
2870 1371 3065 1414 secure
3091 1373 3160 1416 ex
3194 1363 3461 1434 ampliore

1876 1427 1969 1483 illa
1996 1433 2153 1501 capia
2173 1449 2424 1503 promere
2448 1438 2779 1514 haurircque
2794 1446 3029 1517 possint.
3048 1427 3307 1509 Seniores
3326 1469 3356 1507 a
3372 1452 3456 1524 ju-

1875 1518 2147 1588 nioribus,
2174 1527 2402 1594 perinde
2430 1539 2491 1585 ut
2508 1542 2763 1602 parentes
2786 1550 2819 1592 a
2844 1536 3056 1607 liberis,
3079 1556 3298 1600 summa
3327 1518 3454 1600 cum

1875 1615 2175 1670 reverentia
2190 1625 2245 1672 et
2260 1619 2625 1679 sollicitudine
2645 1624 3028 1699 observantur,
3046 1631 3303 1705 milleque
3319 1635 3456 1691 adeo

1875 1714 2138 1760 manuum
2167 1708 2370 1777 pariter
2414 1727 2477 1769 ac
2514 1715 2779 1773 mentium
2810 1733 2997 1790 opera,
3028 1734 3365 1783 senectutem
3395 1726 3455 1783 in

1800 1784 1842 1840 Β
1871 1808 2053 1849 rerum
2071 1797 2314 1854 omnium
2333 1801 2666 1859 abundantia
2678 1784 3068 1876 degunt.'l‘ales
3084 1813 3227 1883 apud
3243 1829 3340 1871 eos
3353 1830 3454 1872 sua

1871 1884 1983 1947 illa,
2018 1884 2332 1944 Graecorum
2381 1892 2665 1949 nominum
2711 1910 2910 1969 pompa
2938 1908 2993 1956 et
3020 1900 3320 1959 ambitione
3358 1918 3454 1959 ca-

1869 1992 2015 2042 rens,
2032 1979 2373 2052 philosophia
2389 1983 2606 2041 virtutis
2623 1988 2853 2045 athletas
2870 1991 3051 2059 ellicit,
3071 2008 3194 2064 quae
3211 2008 3322 2050 non
3344 1997 3451 2053 alia

1867 2082 2031 2137 quam
2059 2084 2242 2125 rerum
2280 2072 2632 2130 laudabilium
2658 2080 2920 2136 exercitia
2946 2083 3220 2154 proponit,
3250 2086 3449 2156 quibus

1867 2159 2087 2216 libertas
2114 2162 2203 2216 illa
2235 2165 2516 2222 servitutis
2540 2168 2719 2225 omnis
2739 2171 3029 2241 impatiens
3054 2176 3293 2233 maxime
3318 2193 3452 2235 con-

1865 2251 2132 2307 ﬁrmatur.
2167 2254 2323 2321 Quod
2363 2257 2584 2327 quidem
2616 2260 2700 2314 vel
2744 2276 2812 2317 ex
2847 2277 2912 2318 eo
2941 2265 3121 2334 quivis
3161 2266 3446 2341 intelligat,

1864 2344 2008 2413 quod
2041 2346 2209 2400 variis
2228 2346 2359 2400 varii
2376 2349 2713 2417 temporibus
2729 2366 2848 2405 eam
2868 2353 2921 2407 in
2947 2355 3220 2424 regionem
3243 2358 3450 2427 princio

1863 2451 1959 2504 pes
1983 2436 2351 2501 incubuerint,
2372 2450 2482 2493 tam
2500 2441 2751 2497 instituto
2778 2458 2941 2515 quam
2962 2445 3180 2517 ingenio
3206 2448 3448 2505 dissimi-

1864 2527 1962 2582 les.
1994 2526 2131 2582 Cum
2158 2531 2303 2584 enim
2336 2532 2427 2585 alii
2461 2531 2763 2589 belluarum
2790 2550 3009 2607 quoque
3030 2537 3298 2595 feritatem
3340 2540 3447 2595 im-

1863 2620 2122 2675 manitate
2144 2636 2399 2691 superare
2411 2635 2765 2691 conarentur,
2787 2636 2949 2697 atque
2971 2638 3031 2684 ut
3058 2630 3194 2686 nihil
3222 2643 3445 2702 praeten-

1861 2711 2161 2777 mittercnt,
2182 2714 2327 2784 quod
2350 2731 2563 2771 summa
2577 2719 2874 2776 crudelitas
2895 2721 3158 2791 exigeret,
3188 2738 3297 2779 non
3318 2737 3444 2780 ante

1862 2804 2110 2860 subditos
2124 2805 2287 2861 modo
2301 2808 2562 2878 gregatim
2592 2810 2877 2866 immolare
2916 2811 3079 2868 modo
3094 2813 3249 2870 vivos
3263 2815 3444 2872 adhuc

1859 2903 1912 2950 et
1932 2896 2201 2965 spirantes
2224 2898 2568 2952 membratim
2598 2910 2764 2971 atque
2787 2900 3062 2957 frustatim
3083 2903 3357 2961 Ianiorum
3383 2906 3442 2962 in

1858 3002 2063 3042 morem
2081 2988 2370 3044 concidere
2390 2989 2721 3058 desinerent,
2743 3008 2905 3062 quam
2923 2995 2974 3048 in
2992 2996 3197 3052 similes
3212 2997 3313 3066 ipsi
3329 3014 3444 3067 [ιω-

142 3097 232 3159 ὠς
265 3094 336 3149 ἂν
395 3094 686 3166 μάθοιμεν,
746 3090 918 3146 ὁποῖοί
945 3107 1089 3154 τινες
1121 3089 1218 3143 καὶ
1246 3089 1307 3187 ἓν
1356 3091 1426 3187 τῇ
1479 3087 1751 3187 θεολογίᾳ,

1865 3090 1981 3140 nas,
2012 3085 2204 3145 agente
2234 3076 2325 3131 illa
2348 3093 2529 3133 rerum
2556 3081 2918 3138 humanarum
2961 3087 3324 3144 moderatrice
3349 3090 3441 3159 ju-

1865 3167 1997 3187 ,,,,,,
2061 3166 2376 3187 εμηεημη
2456 3169 2608 3187 -..η
3202 3178 3212 3187 .

140 3186 263 3238 κάν
276 3186 345 3255 τῇ
372 3182 503 3253 περὶ
529 3182 720 3250 λόγους
749 3181 939 3254 ἀρετῇ,
962 3180 1144 3243 παῖδες
1178 3176 1446 3250 Ἑϐραίων
1474 3177 1751 3246 γεγόνασι.

140 3276 328 3331 Πάλιν
354 3272 449 3330 οὖν
474 3277 567 3329 τὸν
589 3275 799 3329 Φίλωνα
830 3273 1089 3346 παριτέον
1119 3272 1228 3326 ἀπὸ
1256 3270 1350 3325 τοῦ
1390 3270 1607 3342 πρώτου
1646 3268 1756 3322 τῶν

137 3371 231 3435 εἰς
264 3371 359 3424 τὸν
385 3370 570 3442 νόμον.

1859 3167 2027 3229 stitia,
2061 3166 2416 3235 incidissent;
2453 3169 2621 3243 384
2647 3173 2738 3227 alii
2774 3189 2906 3231 vero
2929 3191 3093 3245 quam
3124 3178 3311 3234 animo
3351 3196 3441 3234 ra-

1853 3258 1997 3312 hiem
2027 3255 2380 3328 furoremque
2400 3273 2783 3332 conceperant,
2812 3265 2865 3320 in
2887 3268 3052 3322 alium
3073 3269 3440 3339 improbitatis

1855 3352 2060 3406 vultum
2112 3352 2463 3423 speciemque
2520 3364 2833 3433 vertentes,
2891 3361 3203 3431 excogitato
3284 3379 3438 3419 novae

135 3455 475 3510 acerbitatis
518 3468 736 3523 genere,
778 3452 1008 3508 comiter
1049 3464 1239 3506 omnes
1265 3464 1330 3505 ac
1385 3448 1628 3504 suaviter
1676 3443 2029 3517 appellarent,
2073 3444 2255 3513 itaque
2308 3444 2596 3500 barbaram
2633 3455 2981 3520 atrocemque
3011 3459 3263 3508 naturam
3303 3469 3441 3510 voco

134 3550 396 3607 molliori
425 3549 855 3614 dissrmulantes,
887 3550 1015 3602 dum
1064 3547 1241 3601 iuslar
1270 3560 1469 3600 canum
1517 3558 1706 3597 morsu
1762 3550 2028 3593 venenato
2094 3538 2433 3593 saevientium
2482 3540 2881 3607 blandirentur,
2913 3543 3187 3613 ejusmodi
3220 3555 3429 3610 tamen,

131 3641 554 3698 Insanabilibus
584 3642 768 3697 exitiis
790 3641 993 3711 passim
1017 3637 1343 3706 importatis,
1371 3637 1696 3691 miserorum
1719 3632 2077 3695 calamitates,
2113 3646 2236 3700 qua:
2279 3632 2429 3686 nulla
2477 3648 2721 3703 unquam
2775 3634 3052 3691 oblivione
3084 3637 3434 3706 delebuntur,

130 3738 415 3791 omnibus
441 3732 497 3790 in
524 3735 754 3790 urbibus
778 3746 1040 3804 tanquam
1069 3740 1326 3803 perpetua
1366 3746 1493 3785 cum
1531 3728 1822 3800 impietatis
1845 3742 1980 3789 sum,
2017 3733 2133 3779 tum
2164 3726 2444 3782 horribilis
2476 3728 2532 3782 in
2566 3729 2865 3783 humanum
2895 3745 3068 3801 genus
3118 3732 3228 3788 odii
3257 3735 3426 3789 meni-

127 3841 336 3886 menta
374 3831 727 3901 reliquissent
756 3849 769 3884 :
803 3845 967 3884 nemo
1001 3837 1181 3882 tamen
1206 3826 1287 3881 vel
1311 3825 1661 3883 efferatarum
1688 3823 1931 3890 illorum,
1962 3823 2047 3877 vel
2076 3820 2554 3878 fraudulentorum
2600 3833 2765 3894 atque
2812 3826 3124 3896 pellacium,
3156 3828 3284 3885 huic
3325 3828 3432 3885 Es-

127 3924 515 3987 s‘aeorumﬂel
541 3922 834 3977 Hosiorum
867 3921 995 3990 (hoc
1018 3929 1102 3973 est
1122 3917 1463 3988 sanctorum)
1482 3916 1762 3982 sodalitio,
1799 3916 2009 3971 crimen
2041 3913 2215 3967 ullum
2252 3916 2336 3969 vel
2362 3914 2620 3985 allingere
2657 3917 2835 3985 potuit
2869 3937 2882 3974 :
2932 3920 3027 3975 sed
3060 3936 3254 3980 omnes
3309 3938 3432 3981 om-

125 4016 284 4069 nino
306 4015 379 4068 ab
400 4014 618 4068 illorum
642 4012 915 4084 probitate
938 4010 1089 4074 victi,
1119 4009 1185 4064 iis
1220 4016 1482 4078 tanquam
1507 4023 1540 4062 a
1568 4014 1765 4061 natura
1800 4005 1986 4059 liberis
2011 4004 2266 4074 jurisque
2293 4007 2379 4061 sui
2409 4006 2568 4062 factis
2608 4008 2693 4063 usi
2721 4017 2873 4077 sunt,
2935 4024 3239 4083 eorumque
3292 4028 3432 4068 con-

120 4106 428 4172 tubernia,
461 4104 905 4176 singularemque
944 4114 1132 4155 rerum
1164 4096 1410 4152 omnium
1442 4094 1911 4160 communionem,
1943 4092 2091 4165 quod
2119 4101 2501 4163 argumentum
2552 4105 2638 4151 est
2671 4096 3037 4167 integerrima
3071 4113 3137 4154 ac
3176 4100 3431 4157 beatissi-

116 4214 248 4256 ma:
279 4197 815 4259 vitaecertissimum,
850 4209 952 4248 suo
983 4192 1147 4246 etiam
1181 4205 1279 4246 ore
1316 4190 1687 4245 celebrarunt.
1724 4206 1743 4239 ι

199 4292 298 4348 Ac
328 4291 401 4346 de
427 4291 770 4361 castigatiore
791 4299 956 4365 atque
972 4296 1249 4342 sanctiore
1272 4283 1587 4339 Judaeorum
1634 4281 1924 4351 disciplina
1977 4281 2265 4336 hactenus.
2318 4278 2455 4336 Nam
2518 4281 2588 4336 de
2622 4292 2820 4339 caetero
2874 4284 3002 4340 vitae.
3030 4298 3248 4355 genere,
3274 4287 3425 4357 quod

109 4388 327 4464 gentis
350 4386 625 4441 universae
651 4381 986 4438 multitudini
1014 4378 1439 4449 divinislegibus
1470 4377 1796 4447 imperatur,
1829 4373 1994 4445 paulo
2016 4384 2141 4429 ante
2168 4375 2596 4445 disputavimus.
2630 4374 2773 4442 Quid
2809 4392 2941 4448 ergo
3001 4387 3277 4448 superest,
3312 4381 3425 4436 nisi

109 4490 191 4538 ut
221 4488 583 4551 posterorum
611 4489 833 4546 quoque
860 4472 1191 4543 theologiam
1210 4486 1339 4526 cum
1374 4468 1649 4539 majorum
1676 4482 1904 4523 suorum
1932 4467 2287 4537 religionibus
2310 4468 2624 4523 consentire
2652 4469 2972 4533 doceamus,
3011 4481 3072 4525 ut
3118 4472 3223 4527 hac
3251 4472 3419 4527 etiam

106 4577 195 4632 de
229 4588 297 4628 re
325 4570 448 4629 suis
478 4569 726 4625 absoluta
750 4566 994 4623 numeris
1031 4564 1286 4620 tractatio
1312 4562 1577 4617 habeatur
1605 4561 1630 4615 ?
1677 4560 1744 4616 Et

1788 4560 2051 4630 quoniam
2084 4559 2367 4629 superiore
2398 4559 2540 4614 libro
2593 4561 2793 4615 divina:
2836 4559 3133 4631 Scriptura:
3191 4564 3419 4620 oracula

101 4662 536 4738 produximus,
565 4674 665 4729 age
692 4658 830 4728 jam,
852 4671 1044 4713 eorum
1070 4654 1350 4724 deinceps,
1385 4654 1479 4724 qui
1502 4653 1647 4724 apud
1684 4650 1905 4707 Iudaeos
1927 4652 2194 4721 sapientia
2220 4652 2544 4722 praestitere.
2593 4660 2830 4709 mentem
2863 4670 3200 4725 sensumque
3231 4658 3418 4715 videa-

100 4774 289 4821 mus,
317 4763 385 4812 ut
415 4768 578 4824 quam
610 4766 721 4806 non
751 4751 807 4805 in
836 4748 1110 4815 theologia
1142 4746 1326 4810 modo,
1349 4761 1540 4801 verum
1570 4746 1736 4801 etiam
1768 4745 1825 4799 iu
1850 4744 2065 4800 caeteris
2120 4744 2331 4799 artibus
2380 4752 2545 4815 atque
2586 4745 2857 4801 doctrinis
2892 4746 3272 4804 Hebraeorum
3327 4766 3418 4807 ne-

96 4861 297 4927 potes
324 4848 600 4905 rationem
631 4841 927 4904 tenuerint,
966 4855 1032 4895 ex
1056 4840 1277 4894 illorum
1303 4838 1463 4895 nobis
1490 4838 1822 4895 auctoritate
1861 4846 2095 4894 constet.
2134 4838 2311 4909 Atque
2337 4838 2393 4893 in
2421 4838 2615 4908 primis
2667 4840 2922 4896 eumdem
2980 4857 3176 4897 rursus
3231 4842 3419 4901 Philo-

90 4961 292 5008 nem,
320 4942 379 4997 in
409 4954 600 4996 eorum
626 4937 821 5008 primo,
849 4949 989 5005 quos
1010 4933 1078 4988 de
1108 4933 1226 5006 lege
1249 4933 1603 5005 conscripsit,
1629 4934 1735 4987 hac
1764 4931 1833 4989 de
1848 4946 1910 4990 re
1926 4932 2286 4989 disserentem
2323 4933 2651 4987 audiamus.-

655 5027 1053 5082 ΚΕΦΑΛΑῙΟΝ
1080 5026 1206 5078 KI".

87 5111 419 5169 Φίλωνος
445 5101 577 5170 περὶ
602 5095 1212 5237 Θεοῦὲὸθραξαξβέἰοῦ
1227 5092 1525 5165 γεννητὸν
1572 5088 1729 5148 εἶναι

182 5288 213 5323 ε
249 5264 424 5326 Τινὲς
471 5259 580 5332 γὰρ
623 5258 717 5312 τὸν
756 5255 962 5328 κόσμον
1013 5256 1091 5329 (9)
1142 5255 1342 5327 μᾶλλον
1402 5255 1437 5327 ἢ
1472 5269 1566 5309 τον
1626 5273 1718 5310 κο-

81 5355 405 5435 omth
480 5351 858 5422 θαυμάσαντες
878 5387 896 5413 ,
965 5347 1056 5402 τὸν
1137 5348 1235 5419 μὲν
1290 5347 1585 5417 ἀγέννητον
1662 5364 1722 5400 τε

74 5450 206 5505 καὶ
310 5443 489 5499 ἀΐδιον
556 5441 907 5511 ἀπεφήναντο
934 5477 951 5504 ,
1028 5437 1123 5493 τοῦ
1201 5437 1338 5493 Θεοῦ
1409 5436 1522 5509 (l0)
1589 5438 1721 5491 πολ..

168 5565 279 5651 (9)
305 5559 477 5625 Τινὲς
506 5555 666 5610 ..τὸν
683 5554 936 5651 κόσμος,
954 5559 1059 5651 ξιξ.
1078 5548 1273 5651 Εξιειῇι
1393 5547 1716 5651 locatis.

67 5617 424 5699 Philonem
452 5617 673 5704 imus...
713 5617 848 5704 pag.
879 5623 1083 5704 2_lib._
1114 5622 1255 5704 Περὶ
1306 5618 1416 5704 τῇς
1458 5617 1721 5699 Μωιζέως

64 5692 538 5778 ξιῇάμοποιίᾳς
559 5692 765 5778 ._q_uein
790 5692 888 5778 hic
923 5692 1122 5778 Euseb.
1169 5692 1420 5778 inscribit
1439 5692 1718 5778 ,πρῶτον

58 5765 249 5840 ait.
279 5775 381 5837 sic
417 5771 531 5823 τὸν
565 5770 790 5838 Νόμονε
826 5765 1147 5829 Secundus,
1195 5765 1411 5832 Opinor,
1431 5765 1716 5823 etltertius

461 5867 650 5926 Pan.
696 5864 815 5926 Ge.
878 5861 1052 5923 XXI.

1762 5028 1803 5081 Ι)

2421 5021 2653 5077 CAPUT
2683 5021 2828 5079 XIII.

1837 5097 1925 5150 Em
1964 5092 2185 5148 Philone
2234 5092 2300 5148 de
2351 5091 2482 5158 Deo,
2531 5094 2772 5220 «ligatore
2814 5094 3041 5149 mundus
3090 5106 3268 5155 ortum
3313 5102 3416 5157 Ita-

1911 5273 1931 5308 ι
1969 5254 2254 5317 Mundum,
2299 5254 2478 5326 inquit
2533 5254 2646 5322 ille,
2691 5255 2948 5324 permulti
3001 5258 3183 5326 potius
3243 5275 3411 5329 quam

1833 5348 2022 5403 mundi
2053 5348 2388 5402 conditorem
2442 5345 2719 5413 admirati,
2748 5362 2874 5403 eum
2918 5356 3044 5404 ortu
3094 5364 3282 5407 carere
3344 5366 3414 5407 ac

1829 5441 2220 5511 sempiternum
2239 5454 2362 5495 esse
2383 5440 2695 5497 voluerunt.
2753 5437 2814 5494 In
2846 5453 2959 5509 quo
3004 5454 3139 5496 sane
3191 5452 3408 5512 turpem

1820 5551 2042 5623 fuerint,
2077 5551 2170 5623 qui
2196 5558 2543 5623 seq_uuntur,_
2568 5550 2719 5623 Legi:
2759 5550 3139 5623 allegoriarttm
3167 5555 3296 5609 duo.

1893 5620 2006 5691 (10)
2036 5621 2145 5676 Τοῦ
2175 5621 2347 5691 Θεοῦ,
2377 5634 2483 5691 etc.
2514 5620 2693 5689 Philo,
2725 5620 2945 5691 melius,
2972 5622 3067 5677 τοῦ
3095 5624 3231 5681 Θεοῦ
3258 5626 3316 5682 es
3340 5643 3410 5686 π.

1818 5693 1876 5746 ὰ.
1906 5690 2122 5761 ἐναγῶς
2151 5690 2579 5760 κατεψεύσαντο.

2944 5852 3012 5913 21
