3824 6226
435 320 538 383 6.*ἶῖ

434 536 600 608 385
633 553 757 593 cum
804 538 961 608 longe
996 538 1179 595 verius
1207 538 1423 603 fuisset,
1455 541 1619 612 hujus
1646 544 1865 613 quidem
1899 553 2012 599 tau-

435 646 602 701 quam
667 630 905 685 auctoris
963 632 1316 701 parentisque
1369 633 1513 689 vires
1565 650 1628 689 ac
1689 644 2015 704 potestatem

436 723 821 789 obstupescere
852 761 867 785 ,
927 723 1077 777 illum
1111 739 1243 779 vero
1277 741 1619 795 nequaquam
1676 741 1841 796 supra
1898 727 2017 795 ejus

434 814 801 868 conditionem
827 814 1119 870 celebrare.
1146 819 1217 870 At
1255 816 1455 882 Moses,
1489 818 1582 887 qui
1636 826 1691 871 et
1740 834 2016 872 summum

433 904 789 976 philosophiae
830 906 1044 960 culmen
1102 909 1377 976 attigerat,
1413 917 1467 962 et
1501 909 1770 977 pra‘cipua
1808 919 2019 964 natura}

433 999 646 1054 occulta
676 1014 740 1054 ex
775 999 975 1054 divinis
1026 1001 1301 1069 reSponsis
1343 1012 1702 1072 cognoverat,
1755 1002 1805 1056 id
1853 1002 2015 1057 etiam

432 1093 670 1147 maxime
714 1093 1084 1148 necessarium
1137 1109 1261 1149 esse
1294 1095 1592 1161 intellexit,
1645 1097 1789 1150 utin
1833 1112 2016 1150 rerum

433 1197 627 1241 natura
664 1186 775 1240 duo
809 1185 1112 1256 praesertim
1157 1198 1379 1253 essent,
1437 1188 1674 1244 efficiens
1740 1189 1968 1243 alterum
2000 1230 2015 1255 ,

433 1293 555 1349 qua:
584 1292 738 1333 mens
768 1286 851 1333 est
883 1277 1122 1333 universi
1175 1279 1472 1348 purissima
1530 1289 1694 1349 atque
1755 1281 2018 1335 sinceris-

434 1371 615 1436 sima,
662 1369 964 1439 eademque
1020 1384 1144 1423 eum
1196 1371 1444 1436 scientia,
1479 1378 1591 1424 tum
1626 1371 1746 1439 ipso
1801 1386 2019 1441 quoque

432 1462 579 1517 bono
604 1471 766 1532 atque
801 1464 1030 1518 honesto
1062 1463 1297 1517 melior:
1337 1465 1566 1518 alterum
1598 1465 1831 1532 patiens,
1870 1464 2017 1534 quod

434 1556 614 1608 anima
642 1554 804 1609 simul
834 1566 997 1623 atque
1035 1565 1182 1611 motu
1218 1570 1341 1611 cum
1373 1570 1469 1624 per
1494 1570 1613 1610 sese
1644 1563 1854 1618 careat,
1900 1565 2015 1610 tum

434 1647 501 1701 ab
532 1647 646 1717 ipsa
671 1656 851 1701 mente
881 1647 1201 1717 impulsum,
1229 1656 1499 1702 mutatum
1524 1687 1538 1711 ,
1594 1655 1759 1718 atque
1806 1648 2018 1702 anima«

436 1752 572 1803 tum,
620 1741 883 1796 mundum
919 1742 1067 1797 hunc
1108 1742 1493 1812 aspectabilem
1548 1741 1602 1795 iu
1632 1740 2014 1811 perfectissimi

434 1835 615 1901 aperis
651 1832 882 1889 formam
924 1835 1300 1904 rationemque
1340 1833 1627 1889 convertit.
1680 1832 1850 1899 Quem
1883 1849 2015 1903 pro-

432 1923 576 1981 fecto
609 1927 701 1995 qui
732 1936 851 1981 ortu
882 1925 1128 1982 caruisse
1155 1925 1477 1989 defendunt,
1523 1925 1557 1978 ii
1589 1924 2013 1993 Providentiam,

431 2035 554 2086 qua:
586 2034 674 2073 res
706 2034 815 2075 una
847 2018 1091 2073 omnium
1139 2018 1205 2072 ad
1247 2019 1584 2073 retinendam
1620 2018 2016 2087 fovendamque

435 2111 747 2178 religionem
797 2110 1087 2165 uli!issima
1138 2117 1223 2164 est
1258 2110 1607 2177 maximeque
1662 2108 1968 2163 necessaria
1998 2147 2013 2167 ,

434 2201 666 2257 rescindi
701 2202 798 2257 abs
846 2217 965 2257 sese
997 2201 1221 2269 tollique
1252 2215 1361 2254 non
1402 2200 1667 2254 sentiunt.
1702 2197 1834 2252 Rem
1868 2200 2012 2252 enim

429 2295 641 2349 auctori
668 2308 947 2365 quamque
974 2292 1292 2362 parentique
1333 2307 1435 2347 suo
1474 2306 1619 2345 cura:
1668 2306 1790 2345 esse
1815 2332 1830 2353 ,
1887 2306 2013 2344 vera

429 2402 534 2442 nos
566 2385 700 2439 ratio
730 2385 887 2439 docet
917 2402 930 2438 :
962 2399 1084 2440 cum
1123 2391 1177 2437 ct
1202 2383 1501 2437 liberorum
1535 2393 1686 2451 pater
1716 2423 1731 2447 ,
1779 2390 1834 2436 et
1884 2396 2013 2449 Ope-

431 2492 553 2530 rum
583 2490 807 2529 suorum
841 2474 1240 2528 conservationi
1284 2472 1479 2527 artifex
1532 2473 1776 2527 studiose
1804 2473 2015 2541 prospi-

428 2568 558 2630 ciat,
579 2575 632 2621 et
659 2565 920 2636 quidquid
958 2565 1217 2618 infestum
1270 2563 1376 2618 illis
1432 2572 1595 2632 atque
1645 2563 2010 2632 perniciosum

427 2668 534 2721 est,
563 2658 711 2713 omni
738 2657 1086 2714 contentione
1121 2656 1414 2725 depellere,
1466 2655 1729 2724 quidquid
1769 2652 2015 2708 fructuo—

429 2766 551 2805 sum
592 2758 646 2805 et
673 2750 1021 2805 commodum
1068 2763 1190 2803 esse
1247 2756 1469 2818 potest,
1520 2748 1776 2801 omnibus
1820 2748 2015 2816 opibus

428 2857 749 2912 comparare
776 2856 842 2896 ac
874 2840 1222 2911 suppeditare
1270 2849 1517 2895 conetur.
1550 2839 1706 2906 Quod
1753 2854 1879 2892 vero
1913 2855 2015 2892 na-

430 2946 545 2990 tum
577 2936 872 3005 aliquando
907 2949 1015 2988 non
1047 2932 1236 2997 fuerit,
1258 2933 1377 2999 ejus
1405 2948 1538 2987 sane
1579 2948 1709 2987 cura
1763 2933 1828 2985 ad
1861 2932 2011 2984 illum

430 3042 460 3082 a
493 3043 598 3097 quo
629 3028 880 3082 effectum
916 3041 1023 3079 non
1060 3025 1150 3090 sit,
1187 3025 1419 3094 pertinet
1448 3023 1672 3077 omnino
1697 3022 1853 3076 nihil.
1878 3021 2009 3074 Tam

431 3134 562 3173 vero
587 3119 936 3174 contentione
961 3117 1178 3187 plenum
1198 3125 1300 3181 est,
1321 3131 1486 3185 quam
1513 3116 2009 3179 utilitatevacuum,
2040 3151 2081 3205 ς

427 3224 646 3263 omnem
677 3225 742 3263 ex
777 3209 883 3262 hoc
910 3207 1131 3271 mundo,
1163 3214 1424 3275 tanquam
1480 3222 1545 3261 ex
1576 3208 1755 3276 aliqua
1790 3208 2011 3261 civitate

428 3303 791 3372 principatum
819 3301 1026 3363 tollere,
1056 3300 1148 3354 ubi
1177 3299 1359 3354 nullus
1400 3310 1491 3354 aut
1532 3300 1735 3360 timori,
1773 3308 1866 3352 aut
1893 3315 2012 3352 mo-

428 3399 699 3461 deratori,
751 3406 847 3453 aut
883 3398 1092 3467 judici,
1147 3411 1177 3450 a
1217 3412 1326 3466 quo
1382 3396 1494 3465 regi
1529 3396 2012 3463 administrarique

427 3491 614 3545 omnia
670 3490 896 3553 deceat,
945 3490 1098 3545 locus
1130 3489 1489 3559 relinquatur.
1520 3489 1590 3541 At
1634 3503 1867 3557 magnus
1924 3488 2011 3541 ille

428 3582 627 3652 Moses,
662 3599 786 3640 cum
818 3584 1276 3640 absurdissimum
1306 3596 1430 3637 esse
1464 3590 1749 3645 statueret,
1778 3591 1835 3634 ut
1868 3580 2007 3634 idem

425 3691 480 3735 et
504 3680 606 3735 sub
636 3688 916 3749 aspectum
959 3679 1205 3743 caderet,
1259 3685 1315 3733 et
1369 3685 1491 3730 ortu
1534 3675 1683 3728 omni
1743 3673 2009 3727 caruisset

428 3772 714 3843 (quidquid
752 3771 897 3826 enim
943 3771 1197 3826 sensibus
1244 3776 1579 3836 usurpatur,
1609 3766 1660 3819 id
1714 3765 1828 3819 sive
1877 3764 2007 3817 dum

427 3861 643 3929 oritur,
680 3861 795 3914 sive
823 3860 952 3914 dum
986 3859 1218 3915 subinde
1265 3866 1509 3912 mutatur
1535 3900 1550 3923 ,
1596 3856 1681 3911 sui
1728 3870 2007 3924 nunquam

426 3952 604 4006 simile
634 3951 860 4024 manet),
895 3960 954 4006 ut
985 3953 1033 4006 ei
1073 3950 1170 4014 rei,
1206 3964 1329 4020 quae
1365 3964 1474 4003 non
1507 3948 1702 4011 oculis,
1725 3947 1817 4002 sed
1852 3946 2010 4000 intel-

424 4044 642 4114 ligentia
681 4046 796 4099 sola
826 4052 1141 4100 cerneretur
1168 4082 1186 4107 ,
1245 4041 1606 4096 aeternitatem
1651 4039 1810 4110 quasi
1844 4038 2011 4109 gemi-

425 4149 556 4191 num
578 4135 775 4204 aliquid
803 4143 856 4189 et
869 4142 1162 4206 cognatum
1186 4130 1461 4196 attribuit';
1484 4131 1564 4186 sic
1586 4131 1656 4192 ei,
1690 4145 1812 4200 quae
1840 4144 2004 4184 sensu

422 4229 812 4301 perciperetur,
833 4227 1112 4297 proprium
1147 4226 1426 4296 quoddam
1475 4232 1531 4278 et
1581 4222 1855 4293 singulare
1904 4236 2006 4274 no-

426 4337 550 4374 men
578 4320 853 4389 imposuit.
886 4318 1155 4385 Quoniam
1194 4317 1357 4388 igitur
1386 4316 1476 4369 hic
1494 4314 1753 4373 mundus,
1788 4320 1849 4367 ut
1874 4327 2002 4381 spe-

1076 330 1348 388 EUS‘EBll
1387 330 1876 389 CASSARIENSIS
1916 333 2066 389 OPP.
2110 333 2291 389 PARS
2329 334 2394 390 ll.
2437 365 2504 375 —
2543 334 3046 393 APOLOGETICA.

435 444 730 500 admodum
758 443 1147 518 indignumque
1168 446 1279 503 Deo
1306 456 1588 504 veternum
1648 448 1972 507 aliinxerunt
2001 470 2011 506 :

2130 452 2220 525 λὴν
2305 453 2579 525 ἀπραξίαν
2665 455 2915 524 ἀνάγνως
2998 456 3502 527 καταψευσάμενον

3599 342 3708 399 652

3588 458 3713 514 δέον

2120 543 2355 613 ἔμπαλιν
2385 586 2399 609 ,
2458 544 2647 600 τούτου
2715 547 2815 611 τὰς
2862 547 3120 618 δυνάμεις
3187 548 3263 612 ὡς
3326 551 3546 617 ποιητοῦ
3616 554 3716 605 καὶ

2121 636 2328 707 πατρὸς
2362 637 2802 708 καταπλαγῆναιδ
2837 639 2929 692 τὸν
2948 639 3005 692 δὲ
3035 639 3109 711 μὴ
3145 640 3305 693 πλέον
3338 642 3715 714 ἀποσεμνῦναι

2118 728 2210 782 τοῦ
2251 730 2495 801 μετρίου.
2530 731 2740 801 Μωσῆς
2787 731 2865 794 δὲ,
2920 732 3014 785 καὶ
3045 732 3363 801 φιλοσοφίας
3418 735 3505 787 ἐπ’
3535 734 3715 807 αὐτὴν

2121 821 2330 890 φθάσας
2359 822 2659 893 ἀκρότητα,
2694 823 2786 877 καὶ
2818 827 3087 894 χρησμοῖς
3120 823 3187 877 τά
3232 825 3401 879 πο).λά
3458 828 3553 881 καὶ
3587 845 3719 881 συν-

2121 917 2460 968 εκτικὼτατα
2524 915 2633 967 τῶν
2683 916 2782 985 τῆς
2828 915 3043 984 φύσεως
3098 917 3489 988 ἀναδιδαχθεὶς,
3546 920 3717 988 ἔγνω,

2119 1006 2254 1060 διότι
2294 1008 2720 1074 ἀναγκαιότατόν
2742 1010 2909 1071 ἐστιν,
2938 1013 2995 1062 ἐν
3029 1013 3143 1073 τοῖς
3165 1006 3303 1073 οὖσι,
3333 1010 3393 1063 τὸ
3425 1013 3523 1082 μὲν
3570 1010 3717 1067 εἶναι

2118 1097 2465 1170 δραστήριον.
2499 1098 2527 1151 ὂ
2555 1098 2661 1152 τῶν
2696 1099 2834 1153 ὅλων
2871 1099 2997 1164 νοῦς
3048 1102 3195 1154 ἐστιν
3252 1102 3720 1174 είλικρινέστατος

2121 1190 2214 1242 καὶ
2257 1190 2759 1261 ἀκραιφνέστατος,
2824 1192 3086 1261 κρείττων
3149 1191 3180 1263 ἢ
3248 1194 3549 1265 ἐπιστήμη,
3616 1196 3721 1247 καὶ

2122 1283 2383 1354 κρείττων
2414 1282 2447 1354 ἥ
2481 1284 2612 1336 αὐτὸ
2639 1283 2700 1336 τὸ
2729 1283 2931 1351 ἀγαθὸν
2962 1285 3057 1337 καὶ
3113 1285 3245 1338 αὐτὸ
3266 1285 3326 1338 τὸ
3348 1284 3533 1339 καλῶν
3566 1285 3631 1340 τὸ
3659 1288 3722 1341 δὲ

2120 1374 2440 1445 παθητικὸν,
2467 1375 2693 1445 ἄψυχον,
2727 1377 2820 1428 καὶ
2848 1376 3102 1447 ἀκίνητον
3161 1375 3219 1441 ἐξ
3267 1376 3457 1441 αὑτοῦ,
3486 1378 3720 1448 κινηθὲν

2119 1467 2195 1531 δὲ,
2226 1468 2319 1521 καὶ
2350 1468 2883 1539 μετασχηματισθὲν,
2915 1470 3010 1523 καὶ
3037 1468 3286 1539 ψυχωθὲν
3319 1470 3423 1523 ὑπὸ
3461 1471 3555 1524 τοῦ
3585 1471 3714 1536 νοῦ,

2123 1560 2418 1631 μετέϐαλεν
2452 1562 2531 1625 εἰς
2559 1560 2619 1613 τὸ
2650 1560 2984 1615 τελειότατον
3004 1561 3163 1633 ἔργον
3192 1563 3339 1616 τόνδε
3370 1563 3459 1618 τὸν
3481 1566 3715 1634 κόσμον·

2119 1652 2178 1704 ὃν
2216 1652 2265 1705 οἱ
2304 1652 2604 1721 φάσκοντες
2625 1651 2938 1723 ἀγέννητον,
2971 1651 3228 1723 λελήθασι
3260 1653 3320 1705 τὸ
3349 1652 3718 1725 ὠφελιμώτα-

2119 1761 2210 1797 τον
2242 1745 2334 1798 καὶ
2366 1744 2793 1812 ἀναγκαιότατον
2824 1744 2931 1796 τῶν
2963 1747 3043 1807 είς
3098 1746 3380 1799 εὐσέϐειαν
3404 1748 3717 1818 ὑποτεμνό-

2123 1853 2293 1907 μενοι,
2325 1837 2422 1906 τὴν
2455 1837 2737 1906 Πρόνοιαν.
2765 1836 2870 1889 Τοῦ
2923 1837 3020 1907 μὲν
3057 1836 3166 1909 γὰρ
3200 1839 3487 1905 γεγονότος
3514 1841 3717 1909 ἐπιμε-

2118 1927 2325 1981 λεῖσθαι
2346 1928 2438 1981 τὸν
2462 1927 2673 1997 πατέρα
2700 1930 2794 1982 καὶ
2822 1929 3070 2000 ποιητὴν,
3095 1932 3238 2001 αἱρεῖ
3256 1929 3434 1998 λόγος.
3460 1932 3572 1984 Καὶ
3597 1932 3716 2003 γὰρ

2118 2018 2300 2090 πατὴρ
2326 2020 2584 2087 ἐκγόνων,
2634 2020 2729 2073 καὶ
2761 2019 3089 2090 δημιουργὸς
3123 2021 3233 2072 τῶν
3275 2020 3719 2093 δημιουργηθέν-

2116 2128 2223 2163 των
2250 2111 2571 2180 στοχάζεται
2623 2111 2720 2179 τῆς
2763 2110 3049 2180 διαμονῆς,
3098 2113 3190 2164 καὶ
3223 2113 3323 2166 ὅσα
3357 2113 3455 2183 μὲν
3491 2116 3584 2167 ἐπὶ
3609 2115 3716 2185 ζη-

2120 2199 2239 2269 μίᾳ,
2276 2202 2488 2269 μηχανῇ
2526 2200 2676 2272 πάσῃ
2708 2199 3000 2261 διωθεῖται,
3051 2200 3151 2253 ὅσα
3208 2200 3265 2254 δὲ
3327 2201 3581 2273 ὠφέλιμα
3611 2206 3713 2257 καὶ

2115 2292 2391 2360 λυσιτελῆ,
2424 2293 2602 2345 πάντα
2647 2292 2849 2360 τρόπον
2911 2291 3223 2363 ἐκπορίζειν
3260 2294 3532 2347 ἐπιποθεῖ.
3565 2296 3716 2366 Πρὸς

2114 2384 2171 2437 δὲ
2202 2384 2262 2437 τὸ
2304 2385 2376 2456 μὴ
2412 2383 2632 2452 γεγονός
2670 2383 2942 2446 οἰκείωσις
2987 2384 3213 2454 οὐδεμία
3252 2384 3330 2455 τῷ
3364 2386 3438 2457 μὴ
3472 2404 3727 2460 πεποιηο

2115 2477 2253 2530 κότι.
2321 2477 2702 2547 Περιμάχητον
2746 2476 2801 2528 δὲ
2844 2477 3022 2547 δόγμα
3065 2478 3158 2530 καὶ
3214 2478 3505 2547 ἀνωφελὲς,
3543 2481 3717 2554 ἀναρ-

2114 2568 2234 2638 χίαν
2261 2566 2336 2630 ὡς
2398 2569 2454 2619 ἐν
2500 2566 2657 2619 πόλει
2718 2566 3171 2633 κατασκευάζειν,
3207 2568 3344 2638 τῷδε
3373 2568 3450 2639 τῷ
3493 2570 3716 2642 κόσμῳ,

2113 2660 2204 2711 τὸν
2238 2658 2401 2726 φόϐον
2433 2658 2621 2729 (Η),ἢ
2677 2657 2982 2730 βραϐευτὴν
3014 2659 3045 2729 ἢ
3083 2659 3341 2731 δικαστὴν
3378 2661 3479 2713 οὐκ
3508 2660 3714 2732 ἔχοντι,

2114 2750 2205 2818 ὑφ’
2238 2745 2296 2803 οὗ
2332 2749 2512 2802 πάντα
2539 2750 2935 2819 οἰκονομεῖσθαι
2996 2751 3089 2804 καὶ
3144 2752 3580 2822 πρυτανεύεσθαι
3621 2753 3716 2807 θέ-

2118 2857 2231 2910 μις.
2278 2840 2416 2892 Ἀλλ’
2471 2840 2499 2892 ὃ
2537 2856 2600 2907 γε
2649 2840 2822 2910 μέγας
2859 2841 3083 2911 Μωσῆς,
3142 2841 3575 2912 ἀλλοτριώτατόν
3617 2843 3714 2897 τοῦ

2112 2931 2307 3003 ὁρατοῦ
2342 2932 2571 3001 νομίσας
2601 2928 2740 2985 εἷναι
2769 2930 2829 2984 τὸ
2883 2932 3180 3003 ἀγέννητον
3205 2935 3348 3004 (πᾶν
3383 2934 3494 3006 γὰρ
3527 2934 3591 2987 τὸ
3629 2938 3715 2989 αἱ-

2118 3023 2331 3094 σθητὸν,
2361 3026 2417 3076 ἐν
2446 3023 2657 3092 γενέσει
2711 3025 2805 3076 καὶ
2864 3023 3206 3093 μεταϐολαῖς,
3249 3025 3509 3079 οὐδέποτε
3572 3027 3716 3080 κατά

2115 3116 2307 3169 ταυτὸν
2335 3116 2438 3183 ὃν),
2472 3114 2549 3185 τῷ
2603 3114 2703 3185 μὲν
2729 3117 2946 3188 ἀοράτῳ
2982 3118 3074 3169 καὶ
3104 3117 3279 3188 νοητῷ
3327 3119 3713 3191 προσένειμεν,

2118 3208 2193 3269 ὡς
2224 3206 2449 3275 ἀδελφὸν
2470 3209 2563 3261 καὶ
2582 3208 2839 3279 συγγενῆ,
2855 3210 3153 3277 ἀϊδιότητα,
3176 3210 3310 3281 τῷδ’
3332 3211 3578 3282 αἰσθητῷ
3596 3215 3713 3283 (12)

2116 3301 2313 3352 οἰκεῖον
2345 3299 2514 3370 ὄνομα
2542 3302 2903 3370 ἐπεφήμισεν.
2952 3302 3105 3354 Ἐπεὶ
3154 3299 3247 3356 οὖν
3280 3303 3478 3373 ὁρατός
3518 3324 3579 3358 τε
3613 3309 3716 3360 καὶ

2116 3390 2370 3461 αἰσθητὸς
2397 3392 2481 3443 ὅδε
2505 3393 2532 3443 ὁ
2560 3393 2783 3463 κόσμος,
2820 3394 3135 3462 ἀναγκαίως
3162 3394 3227 3447 ἂν
3257 3395 3341 3465 εἴη
3386 3397 3480 3449 καὶ
3514 3414 3717 3470 γεννη-

2116 3484 2223 3547 τός·
2259 3484 2380 3537 ὅθεν
2413 3486 2513 3537 οὐκ
2545 3485 2653 3538 ἀπὸ
2681 3484 2885 3539 σκοποῦ
2920 3487 3012 3538 καὶ
3066 3486 3161 3558 τὴν
3209 3488 3423 3556 γένεσιν
3472 3491 3718 3563 ἁνέγραυ

2116 3573 2215 3642 de»
2249 3572 2436 3636 αὐτοῦ,
2476 3573 2620 3644 μάλα
2656 3574 2869 3643 σεμνῶς
2925 3573 3306 3644 θεολογήσας.»
3372 3575 3562 3629 Ταῦτα
3608 3578 3718 3647 μὲν

2113 3659 2206 3716 οὖν
2236 3664 2480 3735 περὶτοῦ
2507 3665 2763 3736 γεννητὸν
2795 3663 2934 3718 εἶναι
2961 3666 3052 3719 τὸν
3086 3666 3309 3736 κόσμον.
3354 3666 3411 3717 '0
3447 3666 3503 3719 δὲ
3544 3668 3715 3731 αὐτὸς

2114 3756 2254 3827 ἀνὴρ
2272 3756 2509 3828 καὶπερὶ
2540 3756 2634 3809 τοῦ
2675 3758 2901 3829 προνοίᾳ
2924 3756 3240 3811 διοικεῖσθαι
3272 3758 3382 3829 (15)
3402 3760 3464 3812 τὸ
3493 3764 3626 3823 πᾶν,
3653 3764 3715 3815 ὲν

2114 3849 2190 3920 τῷ
2224 3848 2366 3916 Περὶ
2390 3851 2695 3917 προνοίας,
2741 3849 3113 3905 νεανικώτατα
3169 3850 3409 3915 διέξεισι,
3454 3851 3556 3916 τὰς
3597 3854 3716 3906 tth

2114 3942 2292 3996 ἀθέων
2321 3943 2622 4006 ἀντιθέσεις
2673 3944 2969 4015 προτάξας,
3013 3945 3108 3997 καὶ
3169 3945 3305 4016 πρὸς
3362 3946 3535 4008 αὐτας
3579 3946 3720 4018 ἑῆς

2115 4035 2570 4107 ἀποκρινάμενος.
2605 4036 2715 4090 Καὶ
2768 4035 2976 4090 τούτων
3034 4036 3111 4101 δὲ,
3169 4038 3219 4089 εἰ
3264 4037 3357 4090 καὶ
3386 4038 3711 4109 μακρότερα

2111 4127 2333 4195 δόξειεν,
2374 4129 2487 4183 ἀλλ’
2522 4129 2597 4192 ὡς
2638 4131 2925 4198 ἀναγκαῖα,
2983 4129 3054 4184 τὰ
3104 4129 3329 4184 πλεῖστα
3386 4130 3712 4201 συντεμὼν,

2112 4220 2437 4292 ἐκθήσομαι.
2465 4222 2885 4286 Κατασκευάζει
2944 4222 3001 4275 δὲ
3047 4221 3138 4276 τὸν
3185 4221 3340 4291 λόγον
3366 4221 3558 4276 τοῦτον
3614 4224 3715 4277 τὸν

2109 4310 2330 4381 τρόπον.

425 4415 561 4467 etaii
592 4413 889 4482 sentirique
915 4420 1123 4483 potest,
1171 4412 1244 4466 ita
1290 4409 1601 4465 necessario
1660 4408 1745 4462 sui
1789 4421 2007 4477 quoque
2043 4416 2199 4461 ortus
2229 4405 2557 4476 principium
2616 4406 2827 4472 habuit,
2858 4407 3031 4477 ipsius
3060 4406 3223 4460 etiam
3251 4412 3432 4459 ortum
3504 4423 3713 4475 magna

422 4519 548 4557 eum
581 4504 827 4568 ratione,
888 4502 1218 4571 sum‘moque
1246 4500 1413 4571 digna
1463 4498 1732 4569 theologia
1780 4497 2042 4566 gravitate
2078 4498 2425 4566 conscripsit.
2463 4517 2481 4549 ι
2536 4498 2615 4552 Ac
2682 4499 2749 4552 de
2786 4499 2974 4552 mundi
3030 4506 3152 4551 ortu
3205 4498 3470 4552 hactenus
3524 4496 3713 4555 Philo.

422 4598 528 4665 Qui
562 4614 756 4654 rursus
781 4599 834 4652 in
867 4612 956 4665 eo,
1015 4613 1179 4667 quem
1210 4594 1285 4649 De
1327 4591 1671 4648 Providentia
1735 4592 1925 4656 edidit,
1995 4591 2310 4646 universum
2357 4590 2701 4646 Providentia
2766 4593 2879 4663 regi
2907 4632 2920 4657 ,
2977 4592 3414 4647 luculentissima
3467 4603 3523 4646 et
3556 4608 3720 4649 acer-

422 4696 563 4753 rima
628 4693 995 4764 disputatione
1022 4690 1322 4753 contendit,
1350 4704 1582 4759 qumque
1629 4688 1698 4742 ab
1732 4687 1915 4758 impiis
1945 4687 2303 4757 objiciuntur,
2375 4689 2447 4742 ita
2487 4688 2759 4757 proponit,
2795 4696 2855 4741 ut
2894 4702 2958 4742 ea
3020 4685 3278 4757 deinceps
3318 4689 3509 4743 omnia
3572 4704 3717 4743 con-

422 4791 581 4848 futet.
629 4788 804 4856 Quam
844 4803 946 4857 ego
1009 4786 1455 4856 disputationem,
1484 4794 1546 4839 ut
1584 4784 1804 4854 longior
1830 4798 1894 4837 ea
1957 4783 2194 4853 cuipiam
2261 4784 2433 4838 videri
2500 4782 2733 4837 fortasse
2762 4783 2967 4852 possit,
3011 4784 3140 4851 quia
3192 4792 3375 4836 tamen
3432 4783 3541 4835 hoc
3582 4782 3713 4836 loco

422 4885 787 4942 necessariam
814 4884 1089 4944 existimo,
1120 4892 1326 4950 partem
1373 4878 1667 4933 maximam
1694 4877 2004 4933 describere
2041 4877 2229 4940 statui,
2289 4877 2641 4947 paucioribus
2700 4875 2892 4929 ’νει-ωε
2928 4875 3409 4944 comprehensam.
3469 4871 3564 4928 Sic
3612 4873 3714 4943 ig‘:

421 4985 511 5035 tur
539 4992 698 5031 suum
733 4988 1041 5032 sermonem
1079 4972 1228 5026 illum
1258 4972 1517 5026 instituit.

916 5065 1083 5137 333
1111 5060 1340 5118 CAPUT
1378 5060 1515 5115 xw.

2643 5052 3041 5139 ΚΕΦΑΛΑῙΟΝ
3062 5052 3157 5105 ῐΔ’.

562 5162 757 5220 Divina
790 5157 1137 5214 Providentia
1176 5152 1431 5207 mundum
1460 5152 1853 5207 administrari.

2130 5148 2222 5203 Γοῦ
2254 5148 2440 5202 αὑτοῦ
2471 5146 2605 5216 περὶ
2628 5146 2735 5200 τοῦ
2751 5146 3003 5231 aper-aia
3036 5145 3181 5199 Θεοῦ
3211 5140 3567 5198 διοικεῖσθαι
3590 5144 3711 5199 τὸν

2766 5234 3016 5287 κόσμον.

493 5338 516 5374 ς
553 5319 709 5375 Tune
733 5316 1136 5373 Providentiam
1156 5355 1173 5382 ,
1224 5312 1418 5384 inquit,
1448 5318 1597 5367 tanta
1628 5326 1753 5365 cum
1787 5318 2001 5379 pertur-

490 5496 603 5564 (Η)
640 5496 751 5551 Τόν
777 5498 984 5567 φόϐον.
1018 5493 1209 5567 Philop,
1242 5493 1334 5547 τδν
1384 5491 1612 5563 ἔφορον,
1654 5489 2000 5559 inspectore»:

419 5585 482 5623 ac
513 5565 853 5636 provisoretn.
880 5569 1038 5636 longe
1072 5565 1288 5636 melius.

491 5629 602 5709 (Η)
631 5638 924 5709 Αὶσθητῷ.
950 5629 1107 5709 P—hilo
1155 5635 1280 5688 add.
1305 5633 1541 5709 γένεσιν,
1564 5629 1785 5701 optimc,
1815 5643 2005 5699 quem-

419 5706 711 5762 admodum
745 5708 919 5777 νοητῷ
944 5706 1224 5777 ἀῖδιότητα
1259 5707 1543 5777 tribuerat.

491 5777 601 5848 (13)
636 5769 1285 5850 Πριονοῖᾀδιοικεῑσθαι.
1325 5773 1598 5838 Nondum,
1624 5769 1766 5839 quod
1798 5770 1993 5835 sciam,

2182 5329 2201 5361 ι
2232 5309 2491 5382 Πρόνοιαν
2523 5304 2660 5362 εἶναι
2692 5309 2870 5377 λέγεις
2923 5310 2980 5361 ἐν
3028 5306 3264 5377 τοσαύτῃ
3288 5304 3396 5359 τῶν
3429 5307 3704 5378 πραγμά-

2106 5490 2309 5560 prodiit
2335 5489 2389 5544 in
2425 5490 2599 5543 lucem
2628 5504 2766 5557 opus
2797 5488 2926 5542 illud
2958 5487 3204 5560 Philonis
3229 5485 3304 5540 De
3334 5485 3700 5560 prouidentia,

2114 5556 2272 5629 cujus
2306 5563 2394 5615 hic
2425 5556 2759 5614 luculentum
2796 5575 2926 5613 sane
2945 5557 3313 5622 ft'agitwntutn
3350 5556 3425 5609 ah
3449 5556 3700 5629 Eusebio

2113 5627 2436 5697 subjicitur,
2486 5642 2637 5684 tanto
2679 5630 2861 5683 eas-ius
2896 5630 3160 5690 futurum,
3190 5636 3402 5697 quanto
3449 5627 3697 5696 longius,

2114 5696 2223 5754 nisi
2259 5701 2552 5755 minutiora
2583 5701 2776 5756 divina:
2808 5701 2969 5770 hujus
3009 5696 3366 5753 Providentia:
3396 5712 3535 5751 cura
3567 5712 3692 5769 spo-

2102 5774 2282 5826 llaret.
