3824 6226
435 320 544 379 ϐδδ

1091 320 1361 378 EUSEBII
1404 318 1885 377 CIESARIENSIS
1926 320 2076 378 OPP.
2117 319 2297 376 PARS
2334 319 2401 377 11.
2443 349 2511 361 -—
2551 314 3060 374 APOLOGETICA.

3595 317 3700 370 διδ

432 437 757 505 exciderint,
788 438 954 494 rebus
980 438 1086 493 illis
1114 439 1370 495 omnibus
1399 441 1726 497 necessariis
1751 456 1873 497 esse
1926 456 1990 497 ca

2124 440 2266 495 θεῖον
2322 440 2631 513 περιπολεῖν
2685 439 2885 509 κόσμον
2917 436 3051 508 (16).
3112 435 3247 487 Ἕνα
3296 434 3394 505 μὲν
3449 432 3515 504 δὴ
3545 432 3703 501 λόγον

433 532 664 588 rendum
691 548 707 586 :
738 530 820 587 sic
846 530 1070 586 omnino
1114 528 1278 596 Deus,
1314 529 1457 601 ejus,
1488 547 1611 602 qua:
1637 549 1762 587 cum
1799 535 2011 589 ratione

433 624 726 694 conjuncta
757 631 861 688 est,
900 623 1270 694 intelligentiae
1298 639 1517 694 parens,
1548 640 1673 680 cum
1701 640 1797 681 eos
1819 641 2011 682 omnes

430 731 577 771 cura:
622 716 801 781 habet,
832 716 924 787 qui
959 717 1167 772 ratione
1209 717 1421 787 praediti
1449 716 1580 772 sunt
1602 757 1617 781 ,
1653 727 1766 772 tum
1802 720 2008 788 impro-

428 806 531 864 bos
583 810 745 863 etiam
801 824 1196 879 perversosque
1244 808 1443 864 fovet:
1506 808 1562 864 in
1626 826 1736 880 quo
1792 820 1846 866 et
1903 812 2012 868 illis

427 899 591 971 387
626 901 935 972 corrigendi
974 902 1060 957 sui
1092 910 1307 972 tempus
1351 900 1775 973 facultatemque
1817 919 2013 959 conce-

425 989 525 1056 dit,
558 998 611 1044 et
659 998 870 1045 natura:
899 990 1235 1045 obseeundat
1276 1005 1389 1046 suae
1413 1031 1428 1055 ,
1475 992 1562 1046 cui
1597 991 1663 1045 ad
1696 994 2008 1061 praeclaram

427 1077 594 1133 divini
630 1080 794 1148 hujus
830 1078 1019 1133 mundi
1050 1078 1579 1133 administrationem
1628 1079 1803 1133 virtus
1824 1119 1837 1141 ,
1870 1088 1925 1134 et
1956 1081 2011 1134 in

2117 536 2327 598 τοῦτον,
2359 530 2404 588 ὦ
2436 534 2602 605 ψυχὴ,
2628 533 2778 597 δέξαι
2829 533 2967 595 τέως
2993 529 3157 583 αὐτοῦ
3215 527 3701 599 παρακαταθήκην,

2117 625 2303 695 ἓτερον
2330 623 2387 676 δὲ
2416 624 2646 695 συνῳδὸν
2669 623 2760 676 καὶ
2792 622 3115 693 ἐναρμόνιον
3162 619 3310 690 αὐτῷ
3366 618 3581 672 τοιόνδε.
3613 618 3705 686 Μὴ

2117 700 2369 770 τοσοῦτόν
2399 734 2527 769 ποτε
2574 714 2870 787 ψευσθείσῃ
2898 728 2924 754 ι
2976 715 3076 785 τῆς
3127 712 3405 783 ἀληθείας,
3429 712 3505 775 ὡς
3530 709 3704 763 εὐδαί-

2122 810 2258 879 μονά
2280 828 2401 863 τινα
2427 809 2533 863 τῶν
2559 808 2777 879 φαύλων
2812 805 2952 861 εἶναι
3007 806 3250 876 νομίσαι,
3284 802 3385 857 κᾶν
3439 800 3705 856 πλουσιὼ-

2116 920 2273 973 τερος
2301 904 2400 973 μὲν
2502 903 2763 973 Κροίσου,
2794 900 3057 969 Λυγκέως
3083 899 3127 952 δ’
3154 897 3585 967 ὀξυωπέστερος,
3614 904 3698 949 ἀν-

2118 993 2424 1063 δρειότερος
2456 994 2510 1047 δὲ
2535 993 2628 1047 τοῦ
2655 993 3034 1067 Κροτωνιάτου
3065 989 3332 1053 Μίλωνος,
3387 988 3619 1041 καλλίων
3648 986 3706 1039 δέ

2119 1084 2490 1157 Γανυμήδους,

425 1171 676 1228 homines
709 1170 1079 1226 benevolentia
1109 1168 1423 1225 comitatur.
1470 1168 1623 1223 Hanc
1648 1177 1728 1235 tu,
1793 1170 2009 1225 interim
2039 1215 2056 1240 ,
2097 1190 2129 1229 ο
2167 1178 2349 1232 anime
2376 1218 2392 1243 ,
2458 1186 2721 1247 tanquam
2770 1176 2990 1246 aliquod
3021 1175 3194 1245 ipsius
3223 1173 3552 1244 depositum,
3615 1186 3703 1224 ra-

427 1263 631 1319 tionem
694 1264 899 1334 accipe,
934 1261 1004 1316 ad
1061 1277 1294 1331 eamque
1339 1263 1497 1321 simul
1572 1263 1830 1328 alteram,
1876 1280 1997 1333 qua:
2030 1268 2298 1337 sequitur,
2330 1287 2453 1325 cum
2503 1272 2590 1325 illa
2661 1279 3043 1337 congruentem
3097 1279 3152 1323 et
3198 1270 3560 1324 cohaerentem
3612 1267 3700 1324 ait,

421 1355 605 1427 iunge.
628 1355 786 1412 Absit
809 1357 1107 1421 enimvero,
1138 1363 1197 1408 ut
1238 1369 1269 1409 a
1319 1354 1568 1409 veritatis
1595 1369 1758 1409 sensu
1790 1362 2001 1410 tantum
2042 1359 2279 1425 aberres,
2314 1369 2372 1414 ut
2416 1362 2738 1415 sceleratum
2784 1359 3095 1429 quempiam
3151 1359 3370 1413 beatum
3421 1358 3702 1412 existimes

423 1447 552 1504 licet
606 1449 802 1519 opibus
864 1447 1137 1511 Crmsum,
1192 1446 1468 1519 Lynceum
1507 1446 1791 1503 oculorum
1855 1449 1995 1516 acie,
2057 1452 2255 1508 rubore
2296 1451 2556 1509 Milonem
2606 1452 2977 1508 Crotoniatem
3009 1492 3026 1519 ,
3091 1451 3271 1522 specie
3329 1449 3700 1523 Ganymedem

424 1548 643 1613 smeret
660 1583 676 1608 ,

425 1638 590 1709 Quem
619 1636 809 1708 Superi
834 1653 1053 1708 rapuere
1073 1678 1089 1702 ,
1131 1635 1252 1690 lori
1280 1634 1371 1704 qui
1394 1635 1517 1690 vina
1538 1645 1750 1689 coronet
1773 1674 1788 1699 ,

423 1731 705 1805 Egregiam
726 1743 936 1802 propter
963 1732 1208 1801 speciem.

422 1846 555 1904 Nam
588 1848 680 1920 qui
724 1862 883 1903 suum
936 1848 1051 1918 ipse
1080 1848 1419 1913 daemonem,
1479 1861 1582 1905 noc
1642 1857 1724 1903 est
1767 1855 2005 1902 mentem

420 1955 601 2004 suam,
631 1941 780 1995 mille
808 1940 1177 2005 dominorum,
1214 1940 1453 2006 amoris,
1501 1940 1760 2010 inquam,
1794 1938 2007 2010 cupidi-

421 2032 568 2096 tatis,
593 2032 904 2102 voluptatis,
933 2039 1134 2095 metus,
1168 2032 1423 2087 maeroris
1447 2073 1462 2099 ,
1525 2032 1771 2087 stultitiae
1791 2074 1804 2095 ,
1850 2040 2006 2101 petu-

418 2123 620 2189 lantiae,
670 2122 1015 2188 formidinis,
1058 2122 1337 2193 iniustitiae
1372 2123 1641 2194 tyrannidi
1678 2123 2001 2193 subjecerit,

421 2215 469 2272 is
497 2214 765 2286 εὐδαίμων
801 2215 927 2284 (Ιιοε
974 2224 1059 2271 est
1090 2214 1302 2287 beatus)
1337 2232 1618 2287 nunquam
1649 2232 1770 2272 esse
1797 2226 1997 2287 queat:

419 2308 633 2363 tametsi
665 2308 856 2376 vulgus
890 2307 1198 2370 hominum,
1230 2314 1287 2363 ut
1326 2306 1463 2363 falso
1490 2308 1556 2363 de
1589 2308 1752 2363 rebus
1780 2324 1842 2363 ac
1866 2325 2005 2379 prae-

417 2407 633 2467 postere
668 2398 897 2467 judicat,
933 2399 1260 2469 geminoque
1292 2398 1385 2454 illo
1418 2399 1611 2453 morbo
1637 2439 1653 2463 ,
1708 2398 1852 2454 fastu
1885 2440 1901 2464 ,
1950 2410 2003 2455 et

418 2491 569 2547 inani
603 2490 771 2561 gloria
803 2491 960 2546 facile
992 2491 1362 2561 corrumpitur
1387 2532 1402 2556 ,
1432 2491 1719 2565 .leviculos
1763 2493 2000 2556 animos,

417 2587 483 2642 ad
513 2601 575 2642 ea
598 2585 958 2643 deﬂectendos
982 2602 1102 2642 esse
1134 2601 1196 2641 ac
1241 2595 1585 2642 transversos
1618 2586 1853 2656 agendos
1882 2587 1999 2640 cxi-

415 2677 617 2742 stimet,
646 2691 881 2747 quarunt
914 2679 969 2731 in
1002 2676 1298 2745 cupiditate
1330 2691 1459 2745 pars
1498 2675 1783 2730 hominum
1823 2677 1999 2729 maxi-

415 2782 501 2821 ma
552 2766 661 2822 l'ato
688 2767 923 2837 quodam
975 2766 1273 2821 miserabili
1317 2765 1672 2820 contabescit.
1740 2763 1896 2830 Quod
1951 2766 1998 2819 si

413 2861 609 2917 erectis
657 2870 711 2915 et
749 2859 973 2916 intentis
1000 2858 1168 2914 animi
1199 2858 1395 2920 oculis,
1422 2858 1662 2912 divinam
1701 2857 1848 2911 illam
1879 2872 2001 2927 pro-

412 2951 725 3017 videntiam,
758 2960 1018 3021 quantam
1052 2950 1304 3004 humanm
1359 2950 1442 3003 fas
1472 2957 1556 3003 est
1589 2949 1958 3017 intelligentiae
1980 2990 1993 3011 ,

414 3044 832 3113 circumspicere
877 3043 1139 3108 volueris,
1166 3051 1282 3097 tum
1317 3043 1537 3112 quidem
1591 3041 1872 3095 illustriori
1932 3058 1995 3095 ac

413 3137 699 3193 sinceriori
743 3137 882 3208 ejus,
917 3136 1065 3207 quod
1106 3150 1233 3190 vere
1271 3135 1475 3190 bonum
1522 3144 1637 3197 est,
1701 3134 1988 3190 informata

412 3228 653 3295 rotione,
679 3243 817 3300 quas
853 3237 910 3283 tu
950 3243 1040 3283 res
1066 3236 1283 3283 nostras
1324 3236 1482 3281 antea
1514 3226 1801 3282 mirabaris
1822 3266 1837 3291 ,
1897 3243 1992 3282 eas

411 3319 673 3376 continuo
704 3318 905 3374 ridebis
932 3332 1143 3373 omnes.
1175 3315 1402 3388 Semper
1435 3318 1581 3371 enim
1606 3318 1832 3372 meliora
1860 3317 1988 3371 dum

413 3414 632 3476 absunt,
661 3426 783 3481 qua:
811 3411 864 3465 in
900 3423 1090 3464 eorum
1125 3409 1305 3464 locum
1347 3408 1620 3463 deteriora
1672 3408 1990 3474 succedunt,

411 3504 682 3558 habentur
709 3503 763 3557 in
793 3503 968 3572 pretio
998 3520 1013 3557 :
1053 3502 1241 3557 eadem
1271 3539 1286 3564 .
1309 3500 1402 3555 ubi
1456 3500 1719 3556 exsistere
1766 3500 1991 3555 meliora

410 3595 695 3666 coeperint,
728 3593 1062 3663 dejiciuntur
1111 3592 1286 3658 illico,
1321 3607 1426 3647 nec
1476 3590 1584 3645 nisi
1620 3593 1888 3647 secundas
1916 3601 1993 3646 te—

410 3699 542 3744 nere
568 3694 816 3756 possunt.
848 3686 1037 3754 Itaque
1070 3684 1310 3752 speciem
1361 3684 1508 3737 illam
1562 3683 1688 3738 boni
1747 3684 1992 3738 honesti—

408 3790 517 3849 que
566 3777 805 3832 divinam
847 3777 1261 3845 obstupescens,
1295 3789 1523 3845 prorsus
1552 3774 1855 3842 intelliges,
1895 3790 1991 3829 eo-

407 3884 528 3925 rum
553 3884 648 3940 per
665 3884 787 3925 sese
818 3869 977 3934 nihil,
1010 3883 1132 3939 qua:
1165 3867 1328 3938 paulo
1374 3875 1501 3922 ante
1538 3865 1991 3923 commemoravi-

408 3975 553 4023 mus,
582 3960 639 4016 in
666 3960 826 4016 bonis
850 3959 1036 4014 divino
1062 3958 1273 4029 judicio
1301 3958 1602 4012 numerari.
1649 3956 1861 4028 Quippe
1899 3957 1988 4010 illa

406 4053 555 4109 enim
582 4052 790 4122 argenti
825 4052 1053 4120 aurique
1100 4049 1320 4120 metalla
1379 4065 1445 4105 ex
1514 4058 1672 4105 terrae
1701 4059 1853 4119 parte
1895 4050 1989 4104 de-

403 4146 631 4204 terrima
661 4144 935 4210 oriuntur,
956 4158 1185 4214 quaeque
1215 4142 1284 4196 ab
1309 4156 1395 4206 ea,
1424 4158 1588 4212 quam
1622 4141 1987 4212 producendis

409 4236 657 4307 frugibus
687 4242 884 4291 natura
916 4234 1232 4298 destinavit,
1260 4233 1381 4289 sine
1408 4233 1517 4287 ulla
1549 4233 1866 4302 exceptione
1889 4248 1986 4287 su-

406 4337 645 4399 peratur.
674 4326 811 4382 Nam
834 4328 1130 4398 plurimum
1165 4341 1298 4382 sane
1322 4325 1465 4380 inter
1502 4325 1845 4389 alimentum,
1869 4325 1988 4380 sine

2117 1637 2226 1688 'Or
2256 1632 2355 1688 καὶ
2384 1632 2793 1703 ἀνηρείψαντο
2817 1631 2958 1694 θεοὶ,
2984 1629 3069 1685 Διὶ
3094 1630 3485 1700 οινοχοεύειν,

2040 1750 2086 1808 Β
2115 1727 2387 1791 Κάλλεος
2411 1727 2612 1779 εἵνεκα
2637 1720 2749 1780 οἷο.

2108 1842 2211 1895 Τὸν
2268 1840 2400 1909 γοῦν
2470 1839 2597 1894 ἴδιον
2629 1839 2879 1911 δαίμονα,
2921 1839 3064 1909 λέγω
3090 1838 3147 1892 δέ
3191 1837 3283 1891 τδν
3309 1836 3504 1892 ἐαυτοῦ
3550 1838 3698 1898 νοῦν.

2110 1933 2316 2005 μυρίων
2362 1933 2501 1986 ὅσων
2548 1932 2822 1987 δεσποτῶν
2850 1932 3034 1985 δοῦλον
3082 1932 3384 2002 ἀποφήνας,
3436 1931 3618 2004 ἔρωτα
3647 1935 3698 1997 b,

2105 2027 2421 2097 ἐπιθυμίας,
2452 2027 2667 2099 ήδονῆς,
2703 2026 2890 2095 φόϐου,
2930 2025 3126 2097 λύπης,
3175 2025 3511 2098 ἀφροσύνης,
3563 2029 3697 2082 ἀκοο

2105 2120 2324 2186 λασίας,
2360 2120 2584 2184 δειλίας,
2633 2120 2867 2185 ἀδικίας,
2903 2119 3002 2172 οὐκ
3037 2119 3102 2172 ἂν
3147 2114 3287 2172 εἷναί
3320 2136 3449 2173 ποτε
3478 2118 3699 2176 δύναιτο

2105 2214 2398 2283 εὐδαίμων,
2430 2212 2532 2267 κᾶν
2567 2214 2617 2265 οἱ
2649 2211 2854 2274 πολλοὶ,
2906 2211 3266 2283 σφαλλόμενοι
3297 2212 3530 2283 κρίσεως
3566 2213 3676 2286 ἀλη

2105 2304 2255 2370 θοῦς,
2291 2305 2576 2376 νομίζωσι,
2609 2303 2964 2366 δεκασθέντες
2993 2303 3100 2355 ὑπὸ
3126 2302 3298 2357 κακοῦ
3322 2304 3572 2374 διδύμου,
3602 2306 3678 2359 τύ

2106 2415 2208 2467 φου
2238 2397 2333 2450 καὶ
2369 2397 2531 2467 κενῆς
2569 2395 2747 2467 δόξης,
2795 2395 2903 2447 δεῖν
2934 2394 3344 2465 παρασαλεῦσαι
3400 2396 3494 2449 καὶ
3524 2414 3681 2469 παρα

2103 2493 2293 2559 ταγεῖν
2332 2489 2763 2561 ἀνερματίστους
2792 2488 2989 2559 ψυχὰς,
3016 2489 3144 2559 περὶ
3195 2488 3230 2542 ἃ
3261 2490 3513 2561 κηραίνει
3537 2490 3692 2558 γένος

2101 2582 2162 2634 τὸ
2206 2582 2455 2634 πλεῖστον
2510 2581 2835 2652 ἀνθρώπων.
2888 2584 2949 2634 Εἰ
2996 2581 3202 2651 μέντοι,
3257 2581 3319 2633 τὸ
3363 2582 3462 2653 τῆς
3512 2581 3692 2653 ψυχῆς

2100 2673 2256 2743 ὄμμα
2282 2674 2478 2736 τείνας,
2507 2672 2825 2743 βουληθείης
2854 2673 3218 2745 περιαθρῆσαι
3248 2672 3382 2726 Θεοῦ
3410 2674 3691 2744 πρόνοιαν,

2100 2769 2177 2832 ὡς
2198 2768 2400 2820 ἔνεστιν
2434 2768 2759 2840 ἀνθρωπίνῳ
2787 2767 3050 2837 λογισμῷ,
3102 2768 3447 2839 τρανωτὲραν
3467 2768 3568 2839 τὴν
3597 2770 3692 2821 τοῦ

2102 2859 2521 2937 πρὸςάλήθειαν
2550 2859 2757 2927 ἀγαθοῦ
2796 2859 2977 2912 λαϐὼν
3026 2858 3348 2929 φαντασίαν,
3386 2858 3597 2931 γελάσῃ
3623 2859 3692 2912 τὰ

2100 2952 2232 3021 παρ’
2261 2953 2412 3021 ἡμῖν,
2444 2950 2479 3005 ἃ.
2508 2951 2645 3015 τέως
2682 2950 3011 3022 ἐθαύμαζες.
3052 2951 3164 3003 Ἀεὶ
3197 2950 3305 3023 γὰρ
3328 2949 3692 3021 ἀπουσίᾳτῶν

2106 3044 2427 3113 κρειττόνων
2453 3046 2680 3114 τιμᾶται
2709 3043 2776 3096 τὰ
2806 3043 3042 3114 χείρονα,
3095 3043 3193 3114 τὴν
3226 3042 3449 3096 ἐκείνων
3497 3042 3690 3115 κλήρου

2096 3134 2362 3205 νομοῦντα
2396 3137 2567 3201 τάξιν·
2596 3137 2928 3205 ἐπιφανέντα
2953 3146 2974 3173 ο
3003 3135 3079 3200 δὲ,
3131 3135 3478 3201 ὑποστέλλει,
3512 3136 3673 3192 δευτι

2096 3229 2261 3301 ρείοις
2291 3228 2468 3282 ἄθλων
2494 3229 2826 3301 ἀρκούμενα.
2882 3230 3268 3298 Καταπλαγεὶς
3299 3226 3392 3283 οὖν
3421 3230 3484 3282 τὸ
3517 3229 3674 3284 θεοει-

2092 3322 2180 3385 δὲς
2208 3324 2383 3375 ἐκεῖνο
2406 3323 2608 3390 ἀγαθόν
2640 3341 2699 3376 τε
2732 3323 2824 3377 καὶ
2882 3323 3067 3389 καλὸν,
3113 3325 3339 3388 πάντως
3384 3326 3688 3396 ἐννοήσεις,

2093 3416 2173 3467 ὅτι
2204 3416 2354 3487 παρά
2382 3415 2502 3486 Θεῴ
2540 3416 2650 3468 τῶν
2703 3416 3010 3488 εἰρημένων
3071 3418 3333 3489 πρότερον
3376 3417 3529 3471 οὐδὲν
3560 3419 3687 3473 καθ’

2093 3508 2251 3559 ἑαυτὸ
2274 3508 2374 3578 τῆς
2403 3508 2613 3577 ἀγαθῆς
2646 3506 2756 3580 (Π)
2788 3509 2983 3580 μοίρας
3023 3507 3270 3579 ἠξίωται.
3308 3510 3452 3563 Διότι
3490 3510 3560 3563 τὰ
3586 3511 3687 3580 μὲν

2092 3600 2332 3672 ἀργύρου
2364 3600 2602 3671 μέταλλα
2623 3602 2716 3654 καὶ
2762 3601 2964 3673 χρυσοῦ
2996 3603 3096 3673 γῆς
3122 3604 3271 3657 ἐστιν
3306 3604 3340 3672 ή
3373 3602 3685 3674 φαυλοτάτη

2095 3696 2278 3763 μοῖρα,
2309 3693 2408 3763 τῆς
2432 3693 2568 3765 πρὸς
2595 3694 2824 3765 καρπῶν
2878 3693 3172 3765 ἀνειμένης
3213 3694 3427 3762 γένεσιν
3452 3694 3560 3764 ὅλῳ
3591 3697 3683 3747 val

2091 3784 2167 3854 τῷ
2197 3786 2358 3837 παντὶ
2386 3784 2703 3857 λειπομένη.
2737 3785 2812 3839 Οὐ
2844 3784 2954 3857 γὰρ
2992 3785 3102 3839 ἔσθ’
3132 3786 3316 3855 ὅμοιον
3341 3786 3569 3856 τροφῆςν
3614 3781 3685 3855 ἧς

2091 3878 2219 3931 ἄνευ
2260 3877 2359 3948 ζῇν
2398 3877 2680 3942 ἀδύνατον,
2712 3878 2941 3949 εὐπορία
2974 3876 3292 3949 χρημάτων.
3338 3876 3452 3929 Μία
3476 3876 3684 3929 τούτων

2091 3969 2206 4021 ἐστὶ
2239 3968 2469 4039 βάσανος
2492 3970 2881 4040 ἐναργεστάτη,
2903 3968 3080 4040 λιμὸς,
3104 3962 3147 4035 ᾧ
3172 3968 3233 4021 τὸ
3259 3967 3395 4040 πρὸς
3423 3966 3684 4039 ἀλήθειαν

2090 4064 2382 4131 ἀναγκαῖον
2411 4061 2504 4116 καὶ
2528 4063 2797 4133 χρήσιμον
2821 4060 3191 4132 δοκιμάζεται.
3226 4059 3542 4131 Θησαυροὺς
3572 4062 3685 4135 γὰρ

2088 4156 2213 4217 τοὺς
2235 4152 2510 4224 πανταχοῦ
2545 4153 2751 4217 πάντας
2780 4151 3282 4217 ἀντικαταλλάξαιτ’
3320 4150 3386 4204 ἄν
3419 4167 3504 4214 τις
3554 4151 3689 4223 βριι⁴

2090 4245 2240 4315 χείας
2275 4245 2407 4297 ποτὲ
2440 4246 2643 4316 τροφῆς
2676 4246 2930 4315 ἄσμενος.
2990 4245 3159 4297 Ὅταν
3208 4242 3265 4296 δὲ
3302 4244 3336 4314 ή
3370 4242 3476 4296 τῶν
3505 4244 3683 4313 ἀνατ-

2088 4335 2257 4387 καίων
2284 4333 2533 4402 ἀφθονία,
2565 4335 2744 4405 μυρίῳ
2772 4332 2976 4404 φθορᾶς
2997 4331 3108 4403 (IS)
3162 4333 3517 4403 ἀκατασχέτῳ
3546 4332 3684 4405 πλής

406 4435 517 4492 quo
549 4419 655 4489 vita
689 4420 989 4476 consistere
1021 4426 1291 4489 nequeat,
1331 4426 1386 4470 et
1412 4417 1724 4472 divitiarum
1771 4418 1983 4486 c0piam

2106 4425 2175 4478 ὶει
2210 4429 2420 4497 ῥυεῖσα,
2451 4426 2592 4480 κατὰ
2619 4426 2803 4488 πόλεις
2834 4424 3153 4495 ἀναχέηται,
3186 4426 3299 4489 τοῖς
3325 4425 3422 4494 τῆς
3459 4424 3682 4493 φύσεως

406 4513 651 4568 interest.
686 4511 859 4583 Cujus
885 4512 1173 4582 utriusque
1198 4525 1305 4564 una
1331 4509 1487 4578 quasi
1533 4507 1787 4571 obrussa,
1814 4522 1984 4576 eaque

405 4604 735 4665 certissima,
765 4604 937 4659 fames
971 4614 1076 4666 est,
1108 4620 1217 4673 qua
1269 4605 1398 4674 quid
1432 4616 1559 4657 vere
1614 4600 1982 4656 necessarium

403 4703 570 4765 atque
593 4695 724 4749 utile
764 4693 873 4760 sit,
923 4694 1256 4764 exploratur.
1312 4692 1451 4747 Tum
1508 4692 1651 4746 enim
1704 4688 1980 4760 profecto,

402 4787 666 4860 quidquid
693 4788 896 4855 ubique
933 4787 1315 4842 thesaurorum
1341 4794 1445 4852 est,
1478 4800 1638 4839 nemo
1664 4799 1772 4837 non
1804 4782 1978 4836 liben-

404 4891 487 4936 ter
516 4897 639 4937 cum
691 4881 889 4949 exiguo
940 4879 1063 4934 cibo
1111 4886 1492 4933 commutaret.
1532 4877 1603 4930 At
1648 4876 1740 4930 ubi
1794 4888 1977 4929 rerum

400 4973 838 5031 necessariarum
869 4971 1226 5034 abundantia,
1258 4970 1526 5027 immenso
1549 4968 1783 5039 quodam
1812 4974 1868 5020 et
1894 4965 1979 5018 in-

470 5140 497 5170 ι
532 5128 617 5182 ῖσ.
648 5122 941 5196 ψευσθείης
1013 5118 1146 5174 δτσ.
1176 5117 1395 5191 ἔρωτος.
1474 5128 1497 5155 ε
1532 5136 1646 5188 παρη
1679 5113 2075 5184 ἐπιφανέντων.

470 5267 582 5395 (163
615 5266 876 5336 Κόσμον.
903 5262 1010 5316 Alt.
1038 5275 1104 5315 ex
1140 5255 1519 5339 manuscript.,
1540 5250 1720 5335 οἷκον,
1745 5254 1970 5335 rectius,

491 5356 543 5394 vr
583 5347 724 5395 etur.
757 5351 883 5391 cum
908 5335 977 5390 de
1012 5332 1215 5386 mundo
1254 5344 1413 5395 quasr
1458 5328 1526 5382 de
1560 5340 1733 5395 ipsms
1764 5324 1858 5380 Det
1892 5324 1970 5378 l'a-

397 5324 883 5401 ut‘vrdetur,'cum
908 5335 977 5390 de
1012 5332 1215 5386 mundo
1254 5324 1526 5400 quasi—de
1560 5324 1733 5395 ipsius
1764 5324 1858 5380 Dei
1892 5324 1971 5378 l'a-

398 5410 549 5465 milia
575 5410 834 5477 disputet.

495 5479 580 5547 t7)
625 5466 898 5547 ’Ᾰγαθῆς.
927 5470 1111 5529 Malim
1146 5468 1375 5539 ἀγαθοῦ,
1401 5483 1523 5547 cum
1561 5466 1655 5547 al_t.
1688 5480 1967 5547 manuscr.

495 5481 555 5533 t7
625 5479 898 5547 Ἀγαθῆς.
928 5479 1111 5529 Malim
1146 5479 1375 5539 ἀγαθον,
1401 5483 1523 5522 cum
1561 5479 1655 5521 att.
1688 5480 1967 5523 manuscr.

463 5479 581 5621 ’ίιεῖ
608 5547 854 5621 Φθορᾶςᾲ.
887 5546 995 5600 Alt.
1020 5560 1051 5621 ε
1070 5556 1390 5621 _manuscr.,
1428 5536 1855 5621 cpﬂopaig,_quod
1884 5536 1971 5621 nif-

395 5607 511 5677 sub
541 5607 737 5673 melius
762 5607 991 5690 videtur.
1024 5614 1173 5668 Alter
1201 5625 1407 5690 veram,
1437 5607 1654 5678 opinor,
1682 5607 1970 5690 lectionem

397 5697 770 5763 repraesentat,
792 5688 963 5763 φορᾷς
984 5726 998 5750 ,
1029 5699 1191 5763 quam
1223 5687 1503 5763 ante'ljant
1545 5687 1769 5763 secutus
1797 5692 1968 5730 eram.

468 5749 579 5830 μθ)
618 5749 1084 5830 Extat-addicet},
1113 5754 1321 5830 ἄρξασι.
1352 5749 1426 5803 Ita
1453 5749 1824 5807 distinximus,
1853 5761 1976 5830 qua

395 5826 789 5903 prms'aboque
813 5828 922 5882 ulla
953 5826 1322 5888 distinctione,
1354 5835 1570 5875 summa
1608 5833 1730 5875 cum
1759 5827 1974 5887 pertur-

2091 4518 2314 4586 ἀγαθοῖς
2338 4517 2730 4589 ἐντρυφῶντες,
2768 4517 2856 4570 ἐπ’
2882 4514 3060 4569 αὐτῶν
3091 4514 3265 4586 μόνων
3293 4514 3393 4569 οὐκ
3415 4514 3683 4586 ἀξιοῦμεν

2090 4609 2361 4673 ἵστασθαι,
2399 4609 2560 4679 κόρον
2586 4607 2844 4681 ὑϐριστὴν
2871 4607 3116 4678 ἡγεμόνα
3159 4605 3251 4659 τοῦ
3290 4606 3403 4676 βίου
3443 4607 3684 4677 tetraci-

2092 4717 2264 4770 μενοι,
2290 4700 2530 4774 ἀργύρου
2560 4718 2620 4754 τε
2648 4701 2742 4754 καὶ
2766 4699 2967 4771 χρυσοῦ
2997 4699 3253 4769 κτήσεσιν
3281 4697 3678 4765 ἐπαποδύντες,

2060 4792 2259 4847 νᾶπασι
2293 4791 2425 4865 (19),
2457 4795 2586 4863 παρ’
2616 4787 2689 4845 ὧν
2743 4792 2808 4846 ἄν
2854 4809 2908 4845 τι
2941 4790 3217 4862 κερδανεῖν
3265 4788 3679 4860 ὲπελπίσωμεν,

2084 4881 2393 4953 κοινώμεθα
2426 4883 2563 4954 ('20),
2598 4882 2849 4954 καθάπερ
2872 4882 3083 4953 τυφλοὶ,
3116 4882 3315 4953 μηκέτι
3348 4884 3415 4951 τῇ
3463 4879 3678 4952 διανοίᾳ

2084 4974 2371 5045 βλέποντες
2397 4976 2502 5030 ὑπὸ
2528 4975 2908 5048 φιλαργυρίας,
2940 4977 3021 5031 ὃτι
3053 4975 3159 5046 γῆς
3181 4977 3318 5028 εἰσιν
3349 4974 3502 5043 ὄγκοι
3539 4976 3670 5044 περὶ

2078 5250 2298 5307 batinne
2335 5247 2661 5317 legebantur.

2155 5320 2267 5392 (20)
2296 5309 2654 5392 Κοῖνώμεθα.
2684 5314 2972 5392 Humilins
3005 5310 3234 5392 verbum
3286 5309 3396 5366 hoc
3421 5309 3669 5392 videtur,

2084 5381 2260 5462 quam'
2284 5390 2423 5462 ιιιίεὶ
2465 5381 2588 5443 cum
2625 5387 2916 5462 participio
2955 5382 3321 5462 ἐπαποδύντες
3361 5381 3499 5462 satis
3527 5394 3673 5462 con-

2076 5451 2279 5517 v'eniat.
2310 5461 2419 5514 Alt.
2450 5474 2481 5513 e
2506 5451 2783 5513 man-uscr.
2826 5451 2933 5526 leg.
2968 5452 3260 5526 κονιόμεθα
3281 5495 3294 5517 ,
3320 5453 3466 5520 quod
3509 5451 3670 5526 ejus:

2076 5533 2198 5588 dem
2228 5529 2558 5599 metaphora:
2588 5528 2815 5599 verbum
2836 5523 2975 5599 gest,
3010 5523 3284 5599 simulque
3318 5523 3664 5599 properandi

2075 5592 2531 5670 signiﬁcationem
2556 5598 2804 5654 includit.
2828 5598 2987 5670 Esset
3010 5592 3512 5670 ἆπασικονίεσθαι,
3529 5601 3669 5670 ειε.,

2078 5663 2230 5726 rebus
2269 5672 2336 5725 iis
2374 5670 2639 5734 omnibus,
2683 5668 2837 5738 quasi
2877 5669 2945 5720 ad
2984 5665 3343 5738 pugnandttm
3381 5663 3584 5738 instrui
3612 5674 3667 5738 et

2077 5743 2305 5811 accingi,
2334 5757 2399 5794 ea:
2435 5732 2632 5810 quibus
2658 5732 2795 5793 lucri
2819 5736 3030 5811 aliquid
3057 5732 3391 5811 Δ,ἱρεῖαίνίιαικ
3430 5732 3577 5811 Quid
3615 5735 3666 5788 si

2078 5803 2395 5886 κινούμεθα,
2428 5803 2770 5881 impellimur,
2808 5809 2889 5864 vel
2915 5803 3238 5876 κενούμεθα,
3264 5803 3560 5874 urgemur?
