3824 6226
1040 372 1308 431 EUSEBU
1349 363 1834 426 CESARIENSIS
1871 361 1957 418 οι)

2062 353 2240 412 PARS
2277 350 2342 407 ll.
2383 381 2450 396 —-
2486 337 2980 402 APOLOGETlCA.

3509 327 3617 381 660

375 496 732 556 excoluerint,
758 493 914 560 cujus
944 490 1226 556 utriusque
1253 498 1450 555 parens
1476 490 1530 536 et
1567 477 1763 534 artifex
1805 474 1935 544 legi-

2062 487 2131 524 ται
2163 465 2380 540 χειρῶν,
2403 465 2498 516 καὶ
2538 459 2638 523 τὰς
2683 456 2886 527 φλέϐας
2937 445 3408 524 προσπιεζοῦντες,
3462 447 3620 516 ἀκρι-

2493 557 2505 560 -
2601 556 2610 560 -
2767 553 2780 560 ι
2967 549 2978 560 .
3215 541 3400 560 μμ,
3431 541 3481 560 ,ε
3527 541 3613 560 η,

377 591 508 646 tima
539 583 879 660 philosophia
925 589 1027 635 est.
1075 578 1144 632 At
1191 577 1283 647 qui
1321 573 1582 632 doctrina:
1615 583 1784 642 genus
1816 582 1945 638 spu-

376 685 518 740 rium
578 677 1050 743 adulterinumque
1081 679 1376 732 sectantur,
1410 683 1480 722 ne
1525 666 1674 739 ipsos
1731 660 1946 735 quidem

377 775 621 831 medicos
645 771 839 826 animze
878 763 1114 821 lamulos
1147 760 1363 832 corpori
1413 757 1750 816 curationem
1791 751 1948 809 adbi-

377 869 566 922 bentes
589 865 889 922 imitentur,
917 871 1042 912 cum
1093 863 1275 908 tamen
1313 849 1586 906 sanandos
1648 846 1819 916 ipsius
1849 845 1948 897 do-

377 959 538 1016 minae
566 956 786 1010 morbos
815 949 1172 1018 susceperint.
1219 944 1302 998 llli
1345 942 1518 1006 enim,
1554 939 1597 996 si
1630 955 1696 993 ex
1721 937 1954 993 beatulis

375 1049 646 1122 quispiam
671 1047 896 1100 adversa
929 1037 1234 1096 valetudine
1255 1032 1603 1094 laboraverit,
1629 1039 1690 1087 ut
1724 1045 1816 1084 rex
1837 1031 1950 1098 ipse

376 1143 649 1196 iunximus
704 1137 898 1197 fuerit,
934 1132 1174 1206 porticus
1231 1137 1408 1182 tamen
1455 1133 1510 1180 et
1557 1121 1952 1178 ambulationes

376 1246 588 1294 omnes,
625 1227 805 1283 omnia
841 1228 1079 1278 virorum
1118 1219 1517 1286 mulierumque
1558 1223 1706 1282 septa
1731 1220 1952 1282 praeter-

376 1322 586 1394 gressi;
633 1319 888 1390 picturis,
921 1323 1172 1386 argento,
1207 1325 1450 1379 auroque
1479 1306 1646 1378 389
1672 1317 1779 1360 tam
1812 1303 1954 1357 facto

375 1391 540 1484 quam
601 1410 823 1470 infecto,
882 1405 1204 1478 poculorum
1243 1401 1482 1470 textique
1535 1396 1718 1466 operis
1762 1391 1970 1460 copia,

375 1513 678 1574 ceteroque
730 1499 1028 1574 perinsigui
1081 1509 1270 1566 regum
1340 1499 1600 1562 apparatu
1669 1486 1952 1555 neglecto;

376 1597 506 1668 quin
538 1596 700 1651 etiam
749 1600 946 1686 cuncto
999 1588 1278 1652 satellitio,
1307 1595 1360 1640 et
1390 1583 1690 1640 amicorum
1719 1579 1952 1652 pariter,

377 1697 474 1743 aut
493 1686 758 1758 sanguine
782 1669 1223 1752 conjt'tnmorum,
1241 1687 1334 1737 aut
1349 1676 1591 1730 virorum
1619 1671 1783 1726 etiam
1802 1669 1921 1739 prin
1935 1696 1956 1709 ο

375 1784 585 1852 cipum,
611 1796 675 1836 ac
702 1776 1164 1850 prmsidiariorum
1193 1784 1412 1843 quoque
1438 1767 1670 1822 militum
1691 1763 1948 1819 comitatu

375 1883 655 1948 perrupto,
675 1873 742 1927 ad
769 1873 946 1942 ipsum
972 1882 1146 1937 usque
1173 1865 1375 1919 lectum
1403 1859 1679 1929 aspirant;
1711 1853 1955 1922 adeoque

377 1968 526 2025 nulla
556 1982 736 2022 rerum
769 1966 1006 2030 illarum,
1039 1975 1162 2032 qua:
1205 1957 1478 2026 adjuncta;
1534 1950 1750 2020 corpori
1787 1955 1954 2014 sunt,

376 2061 589 2116 ratione
615 2059 819 2124 habita,
841 2057 1094 2131 nihilque.
1115 2052 1201 2108 vel
1230 2049 1428 2108 cubilis
1453 2045 1604 2112 aurei
1635 2059 1700 2102 ac
1725 2041 1956 2114 gemmis

377 2151 783 2221 unionibusque
819 2149 1082 2212 distincti,
1115 2144 1198 2199 vel
1233 2140 1606 2211 stragulorum
1637 2145 1728 2189 aut
1757 2133 1955 2206 partim

376 2241 734 2300 subtilissime
791 2253 1114 2298 aranearum
1171 2247 1326 2290 more
1389 2239 1702 2290 textorum,
1759 2223 1954 2297 partim

377 2335 522 2390 lineo
551 2333 892 2404 subtegmine
943 2331 1208 2401 pictorum
1235 2369 1250 2393 ,
1303 2323 1389 2380 vel
1443 2321 1677 2390 denique
1725 2318 1955 2372 vestium

378 2443 578 2484 ςιιιονιε
631 2427 922 2496 ﬁguraeque
978 2422 1292 2492 multiplicis
1364 2424 1585 2485 aspectu
1661 2409 1955 2474 commoti,

379 2520 636 2577 detractis
661 2520 824 2576 etiam
858 2517 1152 2588 aliquando
1201 2513 1371 2578 laenis,
1404 2521 1605 2564 manus
1655 2504 1803 2576 ipsas
1845 2511 1958 2560 tra-

379 2620 553 2678 ctant,
579 2610 894 2681 pressisque
915 2607 1088 2672 venis,
1112 2603 1371 2679 pulsusne
1409 2602 1553 2659 ratio
1575 2596 1828 2656 salutaris
1855 2593 1955 2660 sit,

375 2702 662 2774 diligenter
688 2701 992 2770 explorant.
1031 2698 1142 2755 lino
1173 2697 1415 2752 reductis
1437 2700 1831 2758 nonnunquam
1869 2685 1957 2740 in-

377 2794 590 2858 terulis,
625 2793 854 2848 alvusne
897 2788 1114 2861 gravior
1148 2787 1256 2854 sit,
1306 2802 1377 2840 an
1426 2782 1822 2840 inﬂammatum
1867 2791 1960 2846 pc-

375 2894 522 2952 ctus,
557 2899 626 2940 an
675 2898 769 2939 cor
801 2890 1132 2954 praepostero
1160 2896 1226 2938 ac
1250 2877 1564 2950 perturbato
1595 2879 1745 2928 motu
1777 2867 1958 2924 subsi-

378 2976 515 3034 liat:
558 2984 672 3030 tum
709 2989 863 3029 suam
897 2971 1160 3026 adhibent
1190 2969 1576 3042 propriamque
1616 2962 1811 3018 morbo
1858 2973 1958 3014 cu-

378 3068 672 3129 rationem.
697 3065 790 3122 Sic
819 3065 976 3136 plane
1001 3063 1357 3134 philosopltos
1386 3067 1686 3128 oporteret,
1709 3054 1805 3126 qui
1839 3066 1960 3108 sese

377 3157 578 3213 animae
604 3164 796 3225 suapte
837 3161 1033 3207 natura
1087 3150 1289 3220 reginae
1321 3147 1562 3204 medicos
1598 3145 1956 3215 proﬁtentur,
1986 3179 2029 3235 α

378 3247 705 3319 contemptis
738 3261 802 3303 ac
832 3243 1100 3315 despectis
1124 3242 1402 3304 omnibus,
1431 3255 1552 3310 qua:
1596 3239 1804 3294 stolida:
1855 3239 1957 3292 bo-

380 3340 592 3396 minum
619 3339 1213 3408 opiniones,caecnrum
1248 3348 1400 3388 more
1422 3333 1776 3403 conﬁngunt,
1821 3331 1960 3384 inte-

380 3433 500 3488 rius
547 3428 832 3487 subeundo
861 3438 1095 3484 mentem
1145 3425 1317 3496 ipsam
1360 3432 1672 3487 attentare,
1709 3437 1840 3486 num
1893 3435 1958 3476 ea

380 3521 523 3579 forte
550 3523 791 3578 motibus
819 3519 1116 3576 iracundize
1148 3517 1398 3587 inaequali
1431 3515 1707 3573 celeritate
1735 3514 1956 3570 vibran-

383 3616 550 3679 tibus,
575 3629 640 3670 ac
665 3621 857 3684 praeter
883 3619 1133 3667 naturam
1175 3609 1415 3664 incitatis
1455 3616 1748 3679 ageretur:
1783 3613 1958 3668 atten-

381 3719 499 3774 tttre
527 3708 792 3778 linguam,
825 3720 954 3760 num
985 3703 1252 3774 asperior,
1279 3711 1334 3758 et
1360 3703 1412 3755 in
1440 3700 1732 3762 maledicta
1759 3699 1960 3772 procli-

381 3803 520 3862 vior.
555 3817 684 3856 num
709 3815 831 3856 sese
861 3798 1156 3870 profundat.
1199 3793 1962 3865 intemperantius,custodia:

382 3893 696 3964 silentiique
725 3908 954 3962 prorsus
1001 3890 1332 3960 impatiens:
1367 3896 1634 3942 attentare
1675 3896 1958 3951 ventrem,

383 4000 514 4043 num
548 3983 889 4042 insaturabili
921 3982 1216 4050 cupiditate
1240 3977 1448 4036 foedum
1483 3979 1536 4032 in
1573 3976 1963 4038 modumintu-

383 4076 584 4134 mucrit
612 4093 626 4133 ;
673 4075 918 4142 singulas
945 4074 1180 4142 denique
1210 4069 1671 4141 perturbationes,
1702 4067 1924 4128 morbos
1943 4107 1979 4135 ,g

385 4166 844 4239 aegritudinesque
893 4164 1172 4233 singulas,
1225 4162 1273 4218 si
1325 4161 1526 4232 quibus
1557 4159 1746 4213 aﬁ‘ecta
1781 4159 1980 4222 videas,

387 4269 498 4324 tur,
529 4257 780 4312 solertius
815 4256 1182 4327 attentiusque
1227 4253 1482 4316 scrutari,
1513 4267 1582 4305 ne
1635 4249 1837 4320 quibus
1877 4264 1963 4307 re-

388 4349 540 4406 stitui
571 4341 718 4403 salus
757 4341 948 4416 possit,
977 4345 1216 4400 remedia
1247 4343 1592 4414 ignoratione
1619 4350 1980 4411 prtetereanta

387 4441 546 4499 Nunc
569 4449 706 4495 vero
722 4449 902 4494 rerum
929 4437 1262 4492 exteriorum
1302 4436 1424 4489 luce
1449 4433 1719 4505 perstricti
1745 4476 1759 4496 .
1814 4432 1978 4503 quod

386 4533 634 4606 spiritale
663 4533 844 4590 lumen
873 4531 1012 4586 ferre
1042 4545 1149 4588 non
1178 4537 1422 4598 possent,
1445 4535 1704 4598 perpetuo
1727 4526 1962 4595 quodam

307 4663 318 4668 υ
387 4641 572 4680 errore
605 4623 818 4694 jactati,
846 4635 1125 4691 nunquam
1168 4619 1237 4674 ad
1279 4620 1520 4688 reginam
1570 4633 1744 4687 usque
1791 4619 1964 4672 ratio-

389 4731 513 4771 nem
537 4716 870 4786 aspirarunt,
910 4713 1006 4769 sed
1029 4713 1120 4767 ubi
1141 4728 1283 4782 aegre
1314 4713 1606 4766 admodum
1635 4711 1963 4766 vestibulum

389 4809 714 4879 attigissent,
739 4821 862 4878 quae
901 4821 1000 4877 pro
1041 4805 1258 4860 virtutis
1316 4803 1527 4863 foribus
1562 4811 1964 4867 occurrerunt,

389 4916 541 4972 opes,
569 4900 818 4971 gloriam,
842 4898 1153 4960 sanitatem,
1178 4910 1242 4952 ac
1270 4903 1464 4952 caetera
1507 4895 1558 4948 id
1585 4909 1756 4966 genus
1785 4893 1968 4946 mirati

389 4995 706 5048 adorarunt.
764 4992 834 5045 At
880 4990 1160 5045 enimvero
1217 5002 1445 5041 summae
1474 4995 1557 5042 est
1605 4995 1971 5054 extremaeque

391 5082 698 5146 dementim,
723 5082 798 5136 uti
822 5080 906 5135 vel
937 5079 1180 5134 colorum
1211 5093 1410 5143 caecos,
1447 5077 1529 5134 vel
1561 5091 1823 5131 sonorum
1852 5089 1973 5128 mo-

391 5174 700 5233 dulatorum
751 5172 966 5235 surdos,
1001 5171 1082 5226 sic
1103 5173 1266 5226 etiam
1297 5170 1572 5238 improbos
1603 5167 1854 5223 homines
1879 5180 1972 5220 ve-

392 5279 576 5320 rorum
637 5264 904 5318 bonorum
954 5263 1170 5331 judices
1217 5261 1512 5326 adbibere;
1562 5273 1686 5313 cum
1729 5255 1973 5326 principe

392 5355 478 5412 sui
508 5365 680 5426 parte,
714 5355 818 5410 hoc
848 5361 934 5410 est
973 5363 1176 5420 mente,
1210 5351 1354 5422 capti
1411 5350 1522 5407 sint
1545 5387 1560 5412 ,
1609 5347 1697 5402 cui
1741 5347 1973 5402 stultitia

468 5510 580 5591 (26)
645 5508 1228 5591 Tvssoalaotoiio'wL
1271 5503 1640 5576 Conjicicbam
1664 5501 1974 5591 ⁸τυφοττλα-

398 5575 636 5642 στοῦσίν,
664 5575 826 5650 (ιιῖιιιυ
854 5597 1040 5634 vocem
1072 5581 1124 5632 in
1159 5580 1254 5632 alt.
1283 5591 1528 5650 Inanusc.
1562 5581 1748 5643 postea
1778 5575 1971 5641 reperi.

395 5653 556 5730 Certe.
597 5646 1028 5730 ’τΙυξροπλαστεῖν
1067 5646 1433 5730 lcxicograpbi
1493 5661 1600 5730 non
1651 5652 1975 5714 agnoscunt,

394 5721 610 5779 tanmtsi
643 5715 888 5774 Philonis
909 5721 1126 5790 genium
1146 5715 1278 5773 satis
1303 5715 1406 5772 hoc
1430 5715 1656 5790 verbum
1691 5715 1927 5776 redoleat
1958 5730 1973 5768 :

397 5791 506 5852 erit
535 5801 740 5855 autem,
765 5786 956 5844 stolide
985 5788 1364 5868 arnbitjoseoue
1396 5786 1709 5848 conﬁngere.

2046 563 2200 616 6οῦσι
2245 562 2370 624 τοὺς
2415 556 2681 628 παλμοὺς,
2736 553 2782 604 εί
2843 549 3117 620 σωτήριοι·
3145 541 3402 604 πολλάκις
3428 541 3486 594 δὲ
3527 541 3622 591 καὶ

2045 658 2172 720 τοὺς
2196 651 2434 726 χιτῶνας
2473 645 2904 706 ἀναστείλαντες,
2957 643 3006 694 εί
3054 634 3398 708 περιπληθής
3454 630 3618 701 ἐσθή

2046 743 2256 819 γαστὴρ
2309 739 2670 806 ἐξετάζουσιν,
2724 735 2773 787 εί
2832 729 3221 803 πεπυρωμένος
3268 727 3296 778 ὁ
3341 717 3621 792 θώραξνει

2046 839 2258 892 ἄτακτα
2283 834 2316 904 ἡ
2339 829 2535 902 καρδία
2565 827 2726 897 πηδᾷ·
2759 826 2993 878 κᾶπειτα
3017 819 3112 890 τὴν
3139 816 3345 869 οἰκείαν
3382 809 3626 884 προσφέ-

2051 945 2200 1000 ρουσι
2233 923 2546 996 θεραπείαν.
2588 920 2732 974 Ἔδει
2761 918 2816 972 δὲ
2873 917 2966 970 καὶ
3011 915 3135 974 τοὺς
3164 908 3503 979 φιλοσόφους,
3543 905 3627 956 ia-

2047 1020 2240 1094 τρικὴν
2267 1014 2658 1089 ὁμολογοῦντας
2683 1009 3016 1080 ἐπιτηδεύειν
3043 1008 3142 1068 τῆς
3171 1002 3330 1072 φύσει
3357 997 3627 1069 βασιλίδος

2049 1112 2246 1188 ψυχῆς,
2273 1109 2629 1184 καταφρονεῖν
2676 1105 2773 1174 μὲν
2795 1102 3066 1161 ἁπάντων,
3094 1099 3192 1149 ὅσα
3230 1097 3284 1148 αἱ
3307 1093 3460 1145 κεναὶ
3478 1090 3629 1156 δόξαι

2051 1198 2514 1271 τυφοπλαστοῦσιν
2549 1195 2679 1264 (2b)°
2719 1191 2848 1246 εἴσω
2893 1189 2950 1242 δὲ
2999 1185 3320 1255 προσιόντας
3362 1177 3629 1235 ἅπτεσθαι

2051 1292 2291 1354 διανοίας
2309 1289 2497 1358 αὐτῆς,
2527 1286 2575 1338 εἰ
2609 1283 2700 1338 ὑπ’
2756 1280 2924 1352 ὀργῆς
2971 1276 3306 1344 άνισοταχεῖς
3349 1271 3444 1324 καὶ
3478 1268 3634 1341 παρὰ

2054 1384 2215 1455 φύσιν
2235 1379 2581 1450 κεκινημένοι
2635 1371 2859 1446 παλμοί’
2899 1367 3165 1424 ἅπτεσθαι
3222 1364 3316 1418 καὶ
3359 1360 3628 1431 γλώττης,

2055 1477 2102 1535 εἰ
2122 1473 2350 1544 τραχεῖα
2374 1469 2466 1524 καὶ
2499 1465 2828 1536 κακήγορος,
2865 1461 2914 1512 εἱ
2946 1457 3347 1530 πεπορειευκυία
3375 1452 3468 1506 καὶ
3496 1451 3636 1504 ἀτα-

2059 1565 2292 1636 μίευτος·
2319 1558 2583 1615 ἅπτεσθαι
2614 1557 2707 1610 καὶ
2735 1551 2991 1622 γαστρὸς,
3015 1549 3061 1602 εἰ
3093 1546 3352 1618 ἀπλήστῳ
3387 1543 3630 1614 σχήματι

2055 1634 2350 1725 ἐπιθυμίας
2375 1651 2622 1722 διῴδηκε·
2661 1646 2754 1701 καὶ
2789 1643 3018 1704 συνόλως
3043 1639 3228 1694 παθῶν
3259 1637 3354 1693 καὶ
3384 1634 3630 1706 νοσημά-

2055 1768 2163 1804 των
2195 1748 2287 1802 καὶ
2341 1741 2812 1817 ἀρρωστημάτων,
2875 1737 2924 1790 εί
2977 1731 3277 1804 κεκρᾷσθαι
3331 1729 3497 1792 δοκεῖ,
3548 1727 3633 1780 δι-

1987 1830 2029 1885 Β
2058 1842 2282 1914 ερευνᾷν
2318 1838 2568 1899 ἕκαστον,
2595 1835 2682 1887 ἵνα
2715 1831 2788 1903 μὴ
2817 1828 3230 1900 διαμαρτάνωσι
3255 1823 3365 1876 τῶν
3393 1819 3638 1892 προσφό-

2058 1955 2167 2010 ρων
2197 1937 2278 1998 εις
2305 1933 2366 1986 τὸ
2422 1929 2633 1994 σώζειν.
2687 1925 2824 1978 Νυνὶ¹
2865 1922 2922 1976 δὲ
2970 1919 3074 1973 ὑπὸ
3103 1918 3201 1989 τῆς
3243 1915 3351 1968 τῶν
3385 1913 3489 1980 ἔξω
3538 1930 3640 1966 πε-

2057 2005 2476 2102 ριαυγασθέντες
2526 2018 2932 2090 λαμπρότητος,
2977 2013 3072 2066 ἅτε
3125 2007 3316 2080 νοητὸν
3357 2005 3472 2075 φῶς
3507 2005 3636 2058 ἰδεῖν

2055 2113 2459 2175 ἀδυνατοῦντες,
2484 2107 2808 2178 πλαζόμενοι
2830 2100 3128 2156 διετέλεσαν
3152 2097 3242 2150 τὸν
3279 2093 3472 2154 αἰῶνα,
3496 2088 3640 2161 πρὸς

2061 2212 2156 2284 μὲν
2184 2209 2274 2270 τὸν
2331 2203 2552 2276 βασιλέα
2611 2195 2868 2268 λογισμὸν
2917 2192 3118 2263 φθάσαι
3175 2186 3250 2259 μὴ
3295 2183 3638 2254 δυνηθέντες,

2057 2306 2183 2374 ἄχρι
2212 2301 2268 2353 δὲ
2287 2296 2392 2352 τῶν
2414 2291 2766 2367 προπυλαίων
2790 2286 2940 2360 μόλις
2968 2283 3373 2354 ἀφικνούμενοι,
3391 2277 3484 2330 καὶ
3508 2274 3640 2337 τοὺς

2183 2391 2372 2462 θύραις
2399 2365 2598 2459 ἀρετῆς
2631 2380 2862 2434 πλοῦτόν
2888 2394 2947 2430 τε
2975 2376 3069 2429 καὶ
3123 2371 3279 2436 δόξαν
3305 2368 3399 2424 καὶ
3423 2365 3639 2434 ὑγείαν,

2057 2481 2248 2540 καὶτὰ
2283 2478 2516 2548 συγγενῆ
2573 2470 3002 2543 τεθαυμακότες,
3043 2462 3429 2535 προσεκύνουν.
3477 2453 3644 2508 Ἀλλὰ

2057 2576 2190 2649 γὰρ,
2219 2574 2293 2637 ὡς
2325 2567 2596 2644 ὑπερϐολὴ
2654 2565 2848 2638 μανίας
2909 2558 3212 2632 χρωμάτων
3258 2553 3472 2624 κριταῖς
3498 2547 3642 2621 χρῆ-

2061 2668 2183 2722 σθαι
2211 2661 2500 2733 τυφλοῖς,ἢ
2533 2661 2736 2727 κωφοῖς
2763 2654 2868 2708 τῶν
2897 2651 3040 2706 κατὰ
3063 2647 3326 2721 μουσικὴν
3361 2642 3617 2713 φθόγγων

2059 2759 2200 2814 οὕτω
2222 2759 2317 2812 καὶ
2346 2754 2569 2825 φαύλοις
2602 2750 2826 2824 ἀνδράσι
2860 2745 2970 2800 τῶν
3018 2743 3152 2815 πρὸς
3202 2737 3458 2810 ἀληθειαν
3502 2735 3644 2802 ἀγα-

2061 2851 2190 2906 θῶν·
2217 2847 2442 2920 καὶγὰρ
2475 2840 2619 2900 οῦτοι
2665 2843 2726 2896 τὸ
2782 2837 3113 2910 κυριώτατον
3167 2831 3274 2886 τῶν
3322 2832 3379 2882 ὲν
3433 2827 3646 2890 αὑτοῖς,

2059 2945 2295 2999 διάνοιαν
2318 2941 2692 3012 πεπήρωνται,
2725 2929 2792 3006 ἦς
2820 2931 2954 3003 βαθὺ
2983 2928 3170 2990 σκότος
3201 2921 3480 2995 ἀφροσύνη
3509 2936 3648 2973 κατ-

2062 3037 2234 3107 έχεεν.
2269 3029 2402 3086 Εἶτα
2445 3029 2538 3082 νῦν
2581 3024 2955 3098 θαυμάζομεν,
2993 3023 3043 3074 εἰ
3096 3017 3413 3088 Σωκράτης,
3463 3011 3560 3066 καλ⁴
3615 3012 3652 3064 δ

2062 3128 2231 3189 δεῖνα,
2263 3124 2297 3196 ἦ
2334 3125 2363 3178 ὁ
2415 3122 2562 3175 δεῖνα
2613 3119 2720 3172 τῶν
2760 3112 3060 3168 σπουδαίων
3094 3113 3150 3163 ὲν
3202 3106 3360 3178 πενίᾳ
3413 3101 3650 3156 διετέλε-

2066 3238 2162 3274 σαν
2199 3219 2329 3291 (27),
2371 3215 2646 3287 ἄνθρωποι
2696 3211 2859 3282 μηδὲν
2891 3206 3112 3260 πώποτε
3138 3201 3246 3255 τῶν
3271 3202 3350 3263 εἰς
3377 3195 3652 3268 πορισμὸν

2062 3287 2532 3383 ἐπιτηδεύσαντες,
2569 3303 2704 3358 ἀλλὰ
2730 3301 2850 3374 μηδ’
2895 3297 3055 3368 δεῖαῆ
3099 3295 3250 3367 παρὰ
3283 3291 3452 3362 φίλων
3485 3287 3654 3342 πολυ-

2061 3404 2378 3481 χρημάτων,
2412 3399 2446 3472 ἢ
2477 3397 2626 3469 παρὰ
2675 3393 2936 3466 βασιλέων
2987 3389 3194 3460 δωρεάς
3236 3383 3478 3457 μεγάλας
3510 3396 3656 3450 προ.

2059 3499 2362 3560 τεινόντων,
2399 3490 2604 3564 παρῆν,
2643 3487 2830 3540 λαϐεῖν
2857 3483 3207 3550 ἀξιώσαντες,
3247 3479 3410 3530 ἓνεκα
3439 3474 3533 3528 τοῦ
3561 3472 3652 3544 μό-

2060 3609 2149 3647 νον
2178 3589 2379 3660 ἀγαθὸν
2406 3588 2500 3640 καὶ
2551 3583 2714 3640 καλὸν
2762 3579 2859 3651 τὴν
2905 3579 3005 3648 τῆς
3035 3573 3235 3645 ἀρετῆς
3270 3569 3464 3639 κτῆσιν
3497 3564 3656 3637 ἡγεῖ-

2063 3681 2208 3744 σθαι,
2230 3680 2358 3750 περὶ
2382 3678 2448 3750 ἣν
2482 3673 2824 3744 πονούμενοι,
2877 3667 2987 3722 τῶν
3037 3664 3211 3720 ἄλλων
3258 3658 3478 3730 ἀγαθῶν
3513 3656 3656 3710 πάν-

2059 3791 2168 3827 των
2189 3749 2440 3842 ηλόγουν.
2494 3767 2591 3831 Τίς
2639 3765 2684 3818 δ’
2719 3764 2818 3816 οὑκ
2847 3761 2913 3815 ἂν
2946 3758 3211 3828 άλογήσαι
3269 3751 3440 3807 νόθων
3485 3749 3657 3803 ἕνεκα.

2061 3865 2317 3938 προνοίας
2347 3861 2456 3916 τῶν
2487 3857 2760 3931 γνησίωνς
2787 3855 2849 3908 Εἰ
2873 3853 2928 3906 δὲ
2961 3849 3208 3920 σώματος
3254 3843 3450 3917 θνητοῦ
3485 3857 3658 3914 μετα-

2061 3933 2336 4030 λαχόντες,
2365 3955 2457 4007 καὶ
2484 3952 2669 4025 κηρῶν
2701 3948 2962 4019 γέμοντες
2984 3940 3358 4030 ἀνθρωπίνων,
3395 3936 3492 3990 καὶ
3513 3933 3660 4005 μετὰ

2061 4047 2320 4113 τοσούτου
2365 4024 2603 4116 πλήθους
2651 4040 2852 4095 ἀδίκων
2887 4035 3110 4100 ζῶντες,
3146 4024 3220 4083 ὧν
3275 4027 3383 4082 οὐδ’
3414 4025 3656 4099 ἀριθμὸν

2063 4143 2242 4214 εὑρεῖν
2271 4137 2522 4208 εὔπορον,
2551 4127 3040 4198 ἐπεϐουλεύθησαν,
3069 4123 3122 4177 τί
3141 4123 3239 4192 τὴν
3270 4119 3431 4190 φύσιν
3466 4114 3660 4172 αἰτιῶ-

2069 4233 2230 4306 μεθα,
2265 4233 2382 4292 δέον
2409 4231 2508 4302 τὴν
2538 4227 2646 4282 τῶν
2692 4220 3031 4294 ἐπιθεμένων
3082 4213 3330 4278 κακίζειν
3361 4211 3656 4283 ὠμότητας

2067 4327 2177 4380 Καὶ
2197 4325 2306 4398 γὰρ
2339 4327 2386 4376 εἰ
2419 4323 2477 4374 ἐν
2509 4320 2630 4392 ἀέρι
2663 4315 2958 4387 γεγένηντο
2979 4307 3234 4380 λοιμικῷ,
3253 4305 3471 4367 πάντως
3497 4302 3665 4372 fugast-

2067 4419 2169 4471 λον-λ
2212 4419 2460 4487 νοσῆσαι·
2519 4409 2904 4470 καταστάσεως
2960 4405 3017 4458 δὲ
3070 4399 3324 4471 λοιμικῆς
3356 4395 3582 4468 μᾶλλον,
3621 4392 3662 4466 ἢ

1997 4530 2040 4584 ι)
2071 4511 2185 4582 οὐχ’
2219 4485 2401 4583 ἧττον,
2437 4502 2761 4586 φθοροποιός
2816 4502 2966 4555 ἐστιν
3019 4497 3053 4567 ἡ
3101 4485 3290 4550 κακία.
3350 4489 3440 4552 Ὠς
3458 4485 3664 4541 δ’όπό-

2069 4618 2190 4663 ταν,
2232 4596 2389 4652 ὑετοῦ
2418 4597 2514 4668 μὲν
2541 4582 2710 4656 δντος,
2737 4589 2952 4658 ἀνάγκη
2985 4586 3076 4639 τὸν
3116 4582 3298 4652 σοφὸν,
3328 4581 3378 4633 εἰ
3410 4579 3469 4630 ὲν
3497 4574 3666 4630 ὑπαί-

2071 4691 2185 4764 θρῳ
2217 4691 2412 4758 διάγοι,
2457 4681 2916 4756 καταβρέχεσθαιδ
2955 4677 3144 4750 βορέου
3201 4673 3258 4728 δὲ
3305 4669 3523 4743 ψυχροῦ
3565 4686 3665 4722 κα·-

2069 4761 2426 4848 ταπνέοντος,
2488 4778 2630 4848 ῥίγει
2673 4772 2962 4843 πιεσθῆναι
3015 4769 3110 4822 καὶ
3160 4765 3344 4837 ψύχει*
3403 4761 3661 4834 θέρουςδ⁹

2072 4874 2415 4951 ἀκμάζοντος
2465 4869 2828 4924 ἀλεαίνεσθαιο
2863 4867 2983 4928 ταῖς
3037 4861 3147 4932 γὰρ
3173 4858 3408 4928 ἐτησίοις
3431 4858 3666 4928 τροπαῖς

2071 4945 2405 5038 τὰσώματα
2453 4963 2796 5033 συμπάσχειν
2852 4957 3016 5028 νόμος
3073 4957 3308 5023 φύσεωςο
3371 4948 3464 5003 τὸν
3499 4945 3668 5000 αὐτὸν

2072 5059 2292 5132 τρόπον,
2319 5058 2407 5111 τὸν
2442 5058 2500 5109 ἐν
2524 5058 2635 5117 τοῖς
2656 5052 2913 5114 τοιούτοις
2933 5046 3153 5123 χωρίοις
3185 5039 3520 5102 ἐνοικοῦντα,
3539 5037 3670 5092 ἔνθα

2077 5129 2226 5222 φόνοι
2247 5167 2308 5212 τε
2329 5148 2478 5220 λιμοί
2519 5163 2604 5212 τε,
2645 5145 2740 5199 καὶ
2772 5141 2945 5199 ἄλλων
2988 5138 3146 5192 ἔθνεα
3180 5132 3387 5205 κηρῶν,
3411 5129 3670 5185 ἐναλλάτ-

2075 5245 2260 5300 τεσθαι
2313 5243 2413 5306 τὰς
2467 5240 2576 5298 ἀπὸ
2626 5237 2734 5293 τῶν
2788 5232 3051 5289 τοιούτων
3115 5226 3282 5299 τιμάς
3341 5225 3668 5290 ἀναγκαῖον.

2088 5336 2242 5390 Ἐπεὶ
2261 5333 2601 5408 Πολυκράτει
2623 5346 2689 5399 γε
2715 5326 2850 5400 (28),
2881 5325 2965 5393 ἐφ’
2994 5315 3078 5384 οἷς
3094 5319 3287 5380 δεινοῖς
3315 5313 3550 5386 ἠδίκησε
3579 5309 3670 5366 καὶ

2151 5499 2262 5568 (9-7)
2291 5495 2670 5568 Διετέλεσακ.
2701 5489 2810 5543 Alt.
2841 5503 2871 5568 ς
2900 5497 3183 5568 nta‘nuscr.
3209 5478 3395 5568 διῆγον
3428 5475 3670 5568 in

2079 5545 2796 5639 gitie,numini-alim,nam
2839 5555 3148 5611 διετέλεσαν
3188 5545 3545 5620 participium
3577 5547 3672 5596 aut

2082 5631 2283 5695 nonnon
2316 5637 2532 5706 aliquod
2567 5631 2888 5706 postularet.

2150 5689 2275 5781 (ξε)
2503 5689 2872 5772 Πὸλυκράτει
2904 5713 2991 5769 τε.
3037 5689 3278 5750 Historia
3309 5695 3444 5742 nota
3485 5689 3574 5739 est
3602 5689 3670 5734 ex

2080 5777 2374 5836 Herodoto.
2413 5777 2502 5832 lib.
2529 5790 2612 5830 ut.
