3824 6226
155 295 255 351 661

1276 292 1620 349 εΡΒι-ΕΡΔΚ.
1662 292 1913 350 EVANG.
1953 293 2081 349 LIB.
2118 293 2252 349 Vl".-

3313 293 3419 349 66!

150 416 414 488 ἠσέϐησε,
444 415 678 489 χορηγὸς
719 416 1001 487 ἀπήντησε
1061 416 1260 487 χείρων
1310 417 1409 485 μὲν
1433 418 1466 487 ἡ
1489 415 1584 469 τοῦ
1621 414 1727 485 βίου

1840 416 2197 473 densissimas
2232 415 2483 471 tenebras
2517 414 2789 471 oﬂ‘uderit.
2842 411 2906 470 Et
2955 412 3219 469 miramur
3268 413 3425 469 dein-

150 509 571 582 βαρυδαιμονία*
623 508 859 580 πρόσθες
924 508 972 562 δ’
1019 508 1096 572 ὡς
1145 509 1251 563 ὑπὸ
1294 508 1529 581 μεγάλου
1588 509 1739 577 βασι-

147 601 286 665 λέως
317 601 430 671 (29)
453 598 762 665 ἐκολάζετο,
791 599 886 654 καὶ
940 601 1297 673 προσηλοῦτο,
1364 598 1613 671 χρησμὸν
1654 600 1738 652 ἐκ·

147 694 424 767 πιμπλὰς·
452 690 584 747 Οἶδα
615 692 946 763 (50),ὲφῆκα
968 694 1204 763 ἐμαυτόν
1240 703 1298 755 ι,
1331 693 1394 745 ού
1414 692 1519 763 πρὸ
1540 690 1735 745 πολλοῦ

146 782 427 853 θεωρῆσαι
453 780 701 847 δόξαντα,
726 782 831 835 ὑπὸ
860 781 959 852 μέν
1005 782 1157 852 ἡλίου
1223 781 1559 851 ἀλείφεσθαι,
1625 781 1739 834 λού-

146 873 301 926 εσθαι
332 872 378 924 δ’
398 871 505 925 ὑπὸ
531 872 674 935 Διός.
721 874 786 926 Δί
838 873 948 945 γάρ
974 873 1062 927 διὰ
1093 873 1374 943 συμϐόλων
1406 873 1738 943 αἰνιγματώ-

143 965 257 1028 ᾱις
284 955 447 1018 αὗται
505 966 718 1034 φάσεις,
766 965 1132 1037 ἀδηλούμεναι
1165 966 1226 1018 τὸ
1276 965 1464 1027 πάλαι,
1526 964 1737 1034 τὴνδιὰ

145 1056 255 1109 τῶν
290 1056 469 1128 ἔργων
504 1058 895 1131 ἀριδηλοτάτην
943 1058 1245 1130 ἐλάμϐανον
1274 1059 1475 1111 πίστιν.
1502 1058 1614 1110 Οὐκ
1643 1057 1737 1110 ἐπὶ

143 1148 293 1200 τέλει
326 1148 387 1201 δὲ
422 1149 602 1219 μόνον,
631 1150 767 1203 ἀλλά
797 1150 948 1223 παρά
988 1149 1165 1203 πάντα
1202 1150 1291 1203 τὸν
1317 1150 1377 1214 ἐξ
1419 1151 1593 1220 ἀρχῆς
1624 1148 1736 1218 βίον

146 1240 395 1313 ἐλελήθει
425 1242 532 1313 πρὸ
559 1242 653 1296 τοῦ
682 1241 934 1314 σώματος
984 1243 1086 1314 τὴν
1130 1242 1309 1315 ψυχὴν
1364 1241 1734 1313 κρεμάμενος.

145 1334 269 1386 Δίεὶ
297 1334 410 1405 γὰρ
453 1335 787 1406 φοϐούμενος
847 1338 942 1390 καὶ
996 1336 1212 1407 τρέμων
1263 1336 1324 1389 τὸ
1372 1333 1575 1405 πλῆθος
1628 1333 1736 1386 τῶν

145 1425 543 1497 ἐπ.τιθεμένων
574 1429 828 1498 ἐπτόητο,
872 1427 1061 1499 σαφῶς
1082 1426 1526 1499 ἐξεπιστάμενος,
1544 1428 1624 1480 ὅτι
1648 1425 1737 1480 εύ-

145 1537 273 1582 νους
304 1519 407 1589 μὲν
439 1515 507 1590 ἦν
527 1520 721 1583 οὐδεὶς,
744 1521 929 1592 ἐχθροὶ
957 1521 1014 1575 δέ
1033 1522 1234 1584 πάντες
1251 1520 1559 1592 δυσπραξίᾳ
1586 1520 1738 1576 ἀμεί-

144 1609 341 1664 λικτοι.
360 1611 472 1681 Τῆς
487 1610 542 1662 δὲ
559 1610 823 1682 ἀνηνύτου
846 1610 941 1663 καὶ
960 1611 1218 1681 συνεχοῦς
1233 1612 1516 1676 εὐλαϐείας
1537 1611 1738 1682 μάρτυ-

149 1721 242 1773 ρες
282 1705 330 1756 οἱ
355 1702 424 1756 τὰ
456 1702 715 1756 Σικελικά
755 1705 1189 1776 συγγράψαντες,
1227 1706 1280 1759 οἶ
1301 1723 1485 1775 φασιν,
1532 1706 1612 1758 ὃτι
1640 1703 1734 1757 καὶ

1839 525 1989 579 ceps,
2020 519 2115 564 aut
2146 508 2463 574 Socratem,
2498 518 2592 563 aut
2643 508 2811 563 alium
2862 507 3159 578 quemlibet
3205 521 3422 563 morum

1838 601 2167 672 integritatis
2192 602 2495 656 studiosum
2533 599 2696 670 390
2740 598 3044 655 continenti
3082 598 3308 669 penuria
3341 597 3425 652 la-

1838 695 2104 751 borasse:
2142 694 2413 757 homines,
2448 692 2538 762 qui
2575 691 2711 746 nihil
2743 706 2985 761 unquam
3035 692 3101 745 ad
3152 690 3272 744 vitae
3303 689 3428 744 lau-

1838 788 1985 843 titias
2009 801 2253 857 quaerere
2282 786 2592 848 voluerunt,
2623 799 2686 839 ac
2713 800 2780 839 ne
2800 784 2890 839 illa
2921 783 3163 854 quidem,
3184 796 3421 852 quorum

1839 880 1942 936 sibi
1976 879 2061 934 vel
2094 879 2164 933 ab
2194 878 2386 933 amicis
2415 876 2866 947 locupletioribus
2889 917 2904 941 ,
2942 876 3027 930 vel
3066 875 3134 930 ab
3160 875 3293 946 ipsis
3322 872 3426 930 ali-

1838 971 2056 1041 quando
2103 970 2356 1040 regibus,
2390 984 2640 1039 magnam
2677 968 2819 1023 ultro
2849 968 2954 1021 vim
3011 982 3299 1021 munerum
3335 966 3424 1021 in-

1838 1062 2171 1134 gerentibus,
2197 1064 2353 1130 copia
2383 1062 2564 1125 fieret,
2617 1059 2863 1129 accipere
2913 1057 3206 1127 voluerunt
3245 1073 3256 1106 :
3291 1072 3423 1113 cum

1836 1155 1981 1209 enim
2020 1171 2183 1210 unam
2214 1156 2360 1210 illam
2395 1155 2615 1209 virtutis
2651 1153 3053 1223 possessionem
3091 1151 3218 1207 boni
3249 1152 3423 1208 hone-

1837 1250 2014 1318 stique
2057 1247 2277 1302 nomine
2304 1247 2522 1316 dignam
2549 1260 2673 1301 esse
2717 1251 3049 1309 statuerent,
3103 1243 3279 1313 deque
3308 1258 3419 1299 una

1837 1338 2202 1410 comparanda
2230 1339 2560 1405 laborarent,
2602 1337 2865 1407 reliquam
2904 1336 3177 1391 bonorum
3198 1336 3418 1392 turbam

1835 1433 2018 1487 valere
2035 1432 2338 1502 jusserunt.
2394 1431 2470 1486 Et
2491 1446 2645 1496 sane,
2678 1431 2803 1500 quis
2835 1444 2944 1483 non
2968 1470 2983 1496 ,
3028 1438 3090 1483 ut
3133 1444 3259 1484 vera
3290 1443 3418 1499 ger-

1836 1541 2110 1596 mauaque
2140 1532 2547 1594 consequatur,
2594 1525 2782 1593 spuria
2815 1521 2973 1577 facile
3003 1521 3419 1592 adulterinaquo

1835 1617 2262 1689 contempserit?
2291 1614 2410 1670 1am
2442 1631 2572 1671 vero
2595 1657 2610 1681 ,
2643 1615 2689 1670 si
2722 1624 2777 1669 et
2800 1615 3029 1669 mortale
3057 1627 3256 1682 corpus
3292 1627 3415 1668 sor-

1837 1712 1942 1778 titi,
1967 1718 2021 1765 et
2047 1708 2303 1764 humanis
2341 1708 2560 1764 casibus
2597 1706 2827 1761 involuti
2856 1721 2982 1761 cum
3022 1702 3237 1772 essent,
3268 1706 3414 1760 et.in

140 1793 242 1862 τὴν
286 1796 708 1867 θυμηρεστάτην
736 1796 975 1851 ὕποπτον
999 1794 1111 1869 εἶχε
1124 1801 1379 1867 γυναῖκα.
1403 1800 1633 1869 Σημεῖον
1651 1796 1727 1849 δέ·

1837 1813 1985 1858 tanta
2009 1801 2397 1857 sceleratorum
2441 1798 2788 1854 multitudine
2812 1797 3093 1861 viverent,
3145 1806 3204 1851 ut
3256 1795 3423 1851 facile

144 1887 259 1957 Τὴν
286 1889 368 1950 εἰς
391 1875 450 1941 τὸ
489 1888 758 1958 δωμάτιον
784 1889 1009 1953 εἴσοδον,
1034 1889 1099 1942 δι’
1118 1885 1186 1961 ἦς
1214 1891 1489 1961 φοιτήσειν
1509 1888 1735 1959 ἔμελλεν

140 1979 221 2043 ὠς
244 1980 433 2042 αὐτὸν,
460 1980 713 2034 ἐκέλευσε
740 1982 1095 2054 στορεσθῆναι
1124 1982 1354 2046 σανίσιν,
1384 1982 1470 2035 ἵνα
1497 1982 1572 2052 μὴ
1592 1981 1731 2054 λάθῃ

140 2072 281 2126 ποεέ
313 2078 828 2145 παρεισερπύσασα·
864 2072 1022 2145 ψόφῳ
1053 2074 1111 2127 δέ
1138 2076 1232 2128 καί
1263 2074 1455 2145 κτύπῳ
1478 2075 1580 2145 τῆς
1607 2076 1728 2126 ἐπι-

139 2164 361 2231 ϐάσεως
390 2167 680 2238 προμηνύῃ
698 2168 796 2239 τὴν
830 2168 1031 2238 ἄφιξιν.
1063 2163 1175 2221 Εἶτ’
1206 2169 1304 2222 οὐκ
1333 2168 1590 2239 ἀνείμονα
1632 2167 1730 2237 μό-

136 2278 255 2323 νον,
302 2260 441 2315 ἀλλὰ
480 2264 573 2316 καὶ
600 2264 733 2316 πᾶσι
770 2265 885 2326 τοῖς
915 2263 1105 2335 μέρεσι
1133 2261 1371 2333 γυμνὴν,
1402 2260 1438 2314 ἃ
1469 2262 1542 2331 μὴ
1574 2260 1732 2333 θέμις

139 2356 235 2409 ὑπ’
261 2356 477 2427 ἀνδρῶν
503 2357 754 2428 ὁρᾶσθαι,
775 2357 1170 2429 παρέρχεσθαι.
1198 2357 1342 2428 Πρὸς
1365 2357 1421 2409 δὲ
1440 2356 1651 2420 τούτοις
1670 2357 1730 2410 τὸ

141 2447 372 2517 συνεχὲς
395 2446 492 2500 τοῦ
517 2447 661 2500 κατά
682 2449 779 2519 τὴν
803 2448 920 2501 ὁδὸν
952 2448 1184 2517 ἐδάφους
1210 2449 1290 2511 είς
1315 2447 1523 2518 τάφρου
1554 2465 1732 2519 γεωρ-

137 2540 309 2609 γιλῆς
347 2535 508 2611 εὖρος
535 2540 631 2593 καὶ
660 2540 821 2610 βάθος
847 2541 1190 2611 διακοπῆναι,
1228 2540 1366 2594 κατὰ
1409 2540 1528 2604 δέος
1575 2541 1646 2611 μή
1677 2558 1731 2593 τι

138 2634 279 2702 πρὸς
304 2630 601 2704 ἐπιϐουλὴν
629 2631 849 2700 ἀφανῶς
875 2632 1309 2703 ἐπικρύπτηται,
1330 2635 1466 2701 ὅπερ
1492 2634 1524 2704 ἢ
1557 2633 1733 2703 ἅλμα-

140 2741 221 2776 σιν
247 2722 283 2794 ἦ
315 2726 552 2793 μακραῖς
574 2722 889 2777 διαϐάσεσιν
911 2722 1102 2794 ἔμελλε
1125 2724 1515 2794 διελέγχεσθαι.
1541 2725 1731 2779 Πόσων

136 2810 247 2885 ἄρα
278 2814 468 2868 κακῶν
495 2817 523 2868 ὁ
544 2813 721 2868 ταῦτα
745 2815 1083 2886 παρατηρῶν
1102 2816 1200 2868 καὶ
1218 2815 1490 2886 τεχνάζων
1524 2819 1615 2870 ἐπὶ
1641 2834 1734 2883 γυ-

138 2904 351 2968 ναικὸς,
453 2906 560 2977 πρὸ
599 2905 707 2958 τῶν
748 2905 923 2959 ἄλλων
964 2905 1161 2974 ὤφειλε
1203 2908 1497 2972 πιστεύειν,
1536 2910 1732 2979 μεστὸς

136 2993 239 3067 ἦνς
283 2996 449 3051 Ἀλλὰ
471 2998 593 3069 γάρ’
618 2996 776 3068 ἐῴκει
814 3000 926 3061 τοῖς
964 2997 1030 3050 δι’
1067 2999 1391 3070 ἀπορῤὦγος
1416 3000 1597 3072 ὅρους,
1628 3002 1722 3054 ἐπὶ

1836 1911 2099 1952 numerus
2147 1892 2274 1947 iniri
2330 1908 2437 1948 non
2491 1903 2715 1961 posset,
2772 1889 3161 1945 nonnullorum
3196 1888 3417 1945 insidiis

1834 1988 2085 2056 odiisque
2106 1994 2330 2055 patuere
2355 2001 2370 2050 ;
2403 1983 2532 2052 quid
2566 1996 2746 2037 causa:
2769 1989 2873 2046 est,
2895 1979 3253 2050 quamobrem
3281 1994 3432 2034 eumn

1832 2092 2045 2140 eorum,
2079 2091 2111 2129 a
2144 2074 2347 2144 quibus
2373 2071 2619 2142 oppressi
2665 2079 2815 2136 sunt,
2842 2069 3215 2126 crudelitatem
3245 2083 3411 2125 aecu-

1834 2184 1956 2223 sare
2008 2174 2273 2236 oporteat,
2305 2174 2555 2219 naturam
2615 2162 3100 2233 ipsaminjuriose
3153 2162 3438 2217 crimine»

1834 2260 1999 2315 mur?
2025 2258 2234 2328 Quippe
2265 2258 2310 2313 si
2343 2256 2619 2327 pestilenti
2646 2256 2787 2310 cmlo
2816 2263 3118 2319 uterentur,
3148 2253 3313 2323 hujus
3346 2251 3438 2307 ilo-

1835 2354 1899 2408 lis
1936 2354 2092 2422 plane
2120 2352 2250 2406 foret
2285 2348 2567 2405 subeunda
2599 2347 2873 2418 contagio.
2898 2346 3064 2416 Atqui
3092 2346 3175 2400 vel
3205 2346 3410 2415 magis,

1832 2446 1916 2500 vel
1970 2445 2140 2499 nihilo
2162 2452 2337 2498 .certe
2371 2442 2555 2496 minus
2578 2484 2593 2505 ,
2649 2455 2814 2510 quam
2852 2438 3107 2509 pestifera
3138 2440 3415 2509 quaedam

1833 2540 1971 2602 lues,
2004 2536 2240 2592 exitialis
2290 2534 2609 2604 improbitas
2641 2541 2744 2587 est.
2790 2531 2855 2586 Et
2906 2531 3367 2602 quemadmodum
3392 2569 3423 2595 ,,

1834 2630 2009 2684 imbre
2037 2626 2319 2683 decidente
2350 2626 2596 2696 perplui,
2635 2624 2680 2680 si
2709 2624 2814 2679 sub
2841 2624 2934 2679 dio
2964 2624 3266 2678 versabitur
3286 2662 3302 2687 ,
3334 2625 3433 2675 vi».

1832 2736 1957 2775 rum
1978 2718 2275 2788 sapientem
2300 2716 2587 2785 oportebit,
2620 2715 2981 2783 eumdemque
3009 2715 3088 2769 vel
3134 2713 3414 2786 frigidiora

1832 2810 2002 2865 Borea
2032 2810 2294 2879 spirante,
2327 2807 2544 2877 frigoris
2577 2807 2684 2861 vim
2718 2807 2903 2862 subire
2928 2849 2943 2873 ,
2986 2808 3066 2862 vel
3101 2815 3288 2863 aestate
3322 2822 3441 2860 ara.

1833 2901 2065 2958 dentiori
2109 2910 2342 2955 aestuare
2388 2900 2471 2966 (ut
2497 2898 2644 2952 enim
2676 2912 2901 2952 annuas
2920 2896 3248 2952 mutationes
3285 2911 3415 2950 cor-

1834 3010 1970 3066 pora
2014 2993 2269 3053 sentiant,
2298 2990 2385 3045 lex.
2434 2998 2641 3043 naturae
2679 2988 2926 3057 quaadam
2957 2990 3092 3055 est);
3141 2989 3215 3042 ita
3249 2987 3439 3057 quis--

137 3092 213 3163 τῷ
238 3091 342 3155 τὰς
372 3093 429 3144 ἐν
469 3090 684 3162 οὐρανῷ
725 3091 916 3161 φύσεις
955 3092 1342 3164 ἀριδηλοτέρας
1374 3094 1727 3163 κατανοῆσαι,

1835 3087 1960 3158 quis
1994 3087 2046 3141 iu
2080 3084 2350 3155 ejusmodi
2380 3084 2514 3138 locis
2547 3083 2777 3146 habitat,
2817 3083 2908 3136 ubi
2959 3083 3156 3148 caedes,
3187 3082 3279 3136 ubi
3331 3082 3419 3136 fa-

136 3181 641 3254 κρημνοόατούσιν,
672 3181 720 3234 οἳ
762 3181 915 3253 μόλις
947 3183 1240 3252 φθάνοντες
1280 3184 1408 3255 ἄχρι
1438 3201 1727 3257 προνενευ-

137 3275 299 3339 κύτος
324 3275 575 3345 αὐχένος,
604 3274 714 3327 οὔτ’
735 3276 1039 3347 ἀναχωρεῖν
1060 3277 1087 3315 δ
1113 3276 1485 3339 ἔτι-δύνανται,
1515 3277 1651 3349 πρὸς
1669 3277 1729 3330 τὸ

136 3366 465 3436 λειπόμενον
493 3363 627 3434 ὕψος
655 3365 1038 3437 ἀπειρηκότες,
1064 3364 1185 3418 οὕτε
1222 3365 1569 3419 καταϐαίνειν
1600 3365 1729 3438 θαρ-

138 3459 318 3531 ῥοῦσι,
369 3459 505 3529 πρὸς
552 3459 654 3530 τὴν
703 3458 824 3523 ὄψιν
866 3458 974 3512 τῶν
1023 3460 1320 3529 χασμάτων
1370 3459 1726 3528 ἰλιγγιῶντες.

150 3546 440 3620 Ἐρασθεὶς
471 3547 601 3620 γὰρ,
631 3547 706 3612 ὡς
752 3549 903 3602 θείου
935 3551 1259 3620 πράγματος
1300 3549 1395 3601 καὶ
1420 3551 1730 3621 περιμαχή-

137 3656 255 3703 του,
312 3638 653 3710 τυραννίδος,
706 3638 830 3692 οὔτε
888 3640 1088 3711 μένειν,
1136 3640 1259 3695 οὗτε
1312 3639 1763 3710 ἀποδιδράσκειν

137 3728 385 3798 ἀσφαλὲς
407 3724 546 3782 εἶναι
571 3729 939 3799 ὑπελάμϐανεο
973 3731 1187 3801 μένοντι
1209 3730 1307 3801 μὲν
1333 3730 1441 3802 γάρ
1464 3731 1730 3784 ἀλλεπάλ-

138 3819 277 3888 ληλα
301 3820 529 3892 ἐπέρρει
559 3820 706 3873 κακὰ
734 3819 1007 3892 ἀμύθητα·
1035 3821 1342 3893 βουλομένῳ
1366 3824 1409 3875 δ’
1436 3822 1728 3894 ἀποδιδρά-

142 3929 316 3975 σκειν,
342 3914 370 3964 ὁ
396 3914 525 3983 περί¹
551 3913 646 3965 τοῦ
676 3911 781 3984 ζῇν
797 3913 998 3985 ἐπεκρέ
1009 3931 1143 3985 ματο
1169 3914 1431 3978 κίνδυνος,
1460 3910 1731 3987 ὡπλισμέ-

140 4022 268 4067 νων,
303 4006 355 4057 εξ
395 4005 490 4057 καὶ
523 4004 601 4076 μὴ
629 4008 739 4067 τοῖς
763 4004 1029 4075 σώμασιν,
1060 4006 1196 4061 ἀλλά
1222 4024 1304 4060 τοι
1332 4012 1450 4071 ταῖς
1471 4008 1730 4073 διανοίαις

142 4099 264 4149 κατ’
289 4095 479 4149 αὐτοῦ.
519 4096 685 4167 Δηλοῖ
703 4095 761 4149 δέ
789 4098 882 4150 καὶ
909 4097 970 4150 τὸ
998 4097 1178 4168 ἔργον,
1275 4099 1410 4169 πρὸς
1433 4099 1523 4152 τὸν
1547 4117 1725 4169 μακα-

141 4192 368 4262 ρίζοντα
397 4190 490 4243 τὸν
518 4190 626 4245 τῶν
654 4193 931 4262 τυράννων
959 4191 1072 4261 βίον
1103 4192 1234 4260 φασὶ
1270 4191 1578 4264 χρήσασθαι
1611 4195 1729 4246 Διο-

137 4284 346 4336 νύσιον.
382 4282 637 4345 Καλέσας
663 4282 769 4355 γάρ
799 4284 962 4337 αὐτὸν
987 4284 1083 4337 ἐπὶ
1111 4284 1492 4356 λαμπροτάτου
1520 4287 1614 4338 καὶ
1634 4302 1730 4337 πο-

136 4376 534 4429 λυτελεστάτου
557 4375 776 4428 δείπνου
800 4375 1176 4447 παρασκευὴν,
1207 4378 1268 4429 ἐκ
1293 4376 1557 4449 μηρίνθου
1584 4377 1726 4430 πάνυ

137 4469 349 4540 λεπτῆς
375 4468 717 4539 προσέταξεν.
743 4470 912 4539 ⁴ὴκονη
923 4468 1081 4538 μένον
1119 4470 1602 4542 ύπεραιωρηθῆναι
1631 4471 1728 4523 πέ-

138 4560 327 4613 λεκυν.
366 4559 521 4611 Ἐπεὶ
534 4559 596 4627 νδέ
622 4558 969 4622 κατακλιθεὶς
1006 4554 1151 4613 εἶδεν
1175 4561 1457 4630 αἰφνίδιον,
1489 4561 1600 4615 οὔτ’
1640 4563 1726 4629 ἐξ·

140 4653 451 4722 αναστῆναι
483 4649 703 4720 θαρρῶν.
731 4649 817 4703 διά
846 4650 936 4703 τὸν
963 4649 1246 4723 τύραννον,
1290 4651 1400 4704 οὔτ’
1425 4650 1727 4705 ἀπολαῦσαί

140 4760 284 4805 ἰνος
328 4741 441 4793 τῶν
492 4741 1027 4812 παρεσκευασμένων
1074 4741 1162 4795 διά
1208 4742 1326 4806 δέος
1372 4738 1483 4806 οἷός
1530 4761 1588 4797 τε
1627 4743 1724 4807 ὢν,

141 4832 396 4902 ἀφθόνων
429 4832 524 4883 καὶ
554 4831 823 4883 πλουσίων
864 4830 1135 4901 ἀλογήσας
1180 4831 1403 4900 ἡδονῶν,
1444 4832 1728 4894 ἀνατείνας

139 4925 234 4977 1b.-
268 4924 476 4994 αὐχένα
509 4924 603 4977 καὶ
651 4923 752 4986 τὰς
799 4922 969 4991 ὄψεις,
1021 4923 1343 4992 ἐκαραδόκει
1392 4924 1483 4975 τὸν
1528 4926 1728 4977 οἰκεῖον

140 5013 390 5085 ὄλεθρον.
428 5013 615 5076 Συνεὶς
648 5013 694 5067 δ’
732 5015 760 5066 ὁ
798 5013 1090 5077 Διονύσιος,
1126 5010 1381 5085 ⁷Αρ’”ἣδη
1423 5019 1726 5079 κατανοεῖς,

139 5104 272 5176 ἔφη,
299 5105 394 5157 τὸν
418 5105 673 5175 ἀοίδιμον.
694 5105 788 5158 καί
818 5106 1189 5175 περιμάχητον
1211 5105 1366 5175 ἡμῶν
1390 5104 1535 5174 βίον;
1570 5106 1727 5159 Ἔστι

140 5199 253 5269 γάρ
294 5198 561 5262 τοιοῦτος,
604 5201 653 5251 εἰ
695 5199 769 5270 μὴ
800 5198 1038 5269 βούλοιτό
1065 5215 1148 5261 τις
1177 5198 1368 5251 ἑαυτὸν
1397 5197 1723 5269 φενακίζειν·

213 5322 242 5351 ι
278 5310 373 5365 Ia.
405 5309 849 5382 ἐφη,κάμαυτόν.
925 5311 1069 5365 Ικτον.
1099 5311 1463 5383 ἄνωχωρεῖν.

215 5425 330 5497 (29)
369 5424 648 5497 Marciam)
667 5424 994 5494 βασιλέως.
1021 5426 1344 5497 Cambysem
1373 5426 1496 5497 Cyri
1539 5426 1728 5490 filium,

144 5495 449 5551 secundum
504 5495 793 5568 Persarum
848 5512 1064 5568 regem,
1117 5495 1383 5568 intelligit.
1422 5495 1540 5550 Sed
1587 5498 1730 5551 haud

144 5567 306 5621 dubie
349 5566 702 5638 μνημονικδνγ
740 5567 968 5636 σφάλμα
1017 5566 1413 5638 Ρίιὶιοοίδξῇοο
1456 5573 1539 5621 est
1580 5584 1594 5638 ς
1634 5583 1732 5621 nec

143 5638 287 5690 enim
337 5654 368 5690 a
424 5636 583 5704 rege,
616 5637 709 5690 sed
761 5641 829 5691 ab
878 5640 1094 5699 Ormte,
1143 5636 1408 5694 Sardibus
1456 5637 1728 5705 praefecto,

146 5706 462 5780 Polycrates
493 5708 547 5780 in
582 5720 797 5780 crucem
834 5721 997 5780 actus
1022 5718 1126 5780 est.
1155 5706 1325 5780 Quiem
1358 5704 1733 5780 ormtem_lta-

144 5776 259 5833 riui
286 5779 577 5848 Hystaspis
609 5779 770 5843 illius,
804 5781 897 5849 qui
932 5778 1186 5848 Cambysi
1225 5776 1545 5847 Smerdique
1576 5776 1731 5845 Mago

1835 3195 1971 3244 nes,
2006 3179 2097 3231 ubi
2138 3185 2218 3231 tot
2243 3191 2469 3230 casuum
2493 3189 2558 3228 ac
2583 3174 2930 3229 miseriarum
2986 3175 3237 3229 examina
3262 3214 3277 3238 ,
3319 3188 3415 3226 va-

1838 3272 1948 3325 rias
1992 3270 2139 3323 illum
2189 3284 2254 3322 ac
2287 3268 2614 3336 multiplices
2660 3282 2863 3321 earum.
2898 3267 3130 3322 subinde
3179 3265 3447 3320 mulctas~

1836 3363 2021 3418 subire
2056 3376 2279 3416 necesse
2302 3370 2403 3415 est.
2436 3359 2667 3429 Quippe,
2698 3357 3010 3430 Polycrates
3038 3359 3182 3413 enim
3214 3359 3321 3423 ille,
3342 3357 3449 3412 adv

1835 3470 1897 3509 ea
1926 3455 2153 3519 scelera,
2185 3468 2308 3523 quae
2361 3467 2485 3507 cum
2535 3452 2834 3519 iujuriose,
2872 3459 2982 3505 tum
3021 3450 3185 3520 impie
3219 3466 3447 3520 perpes-

1836 3545 2017 3608 travit,
2048 3544 2369 3598 deteriorem
2402 3541 2603 3611 iniquae
2643 3540 2875 3597 fortuna:
2909 3556 3129 3596 manum
3162 3557 3433 3610 operam--

1834 3650 1940 3705 que
1972 3635 2199 3690 sortitus
2234 3643 2317 3688 est
2349 3652 2361 3688 :
2399 3634 2492 3689 sed
2530 3634 2668 3687 adde
2712 3641 2769 3687 tu
2816 3648 3000 3701 porro,
3031 3631 3245 3701 qualem
3296 3632 3434 3700 ipse

1836 3727 1977 3796 regis
2010 3727 2233 3785 maximi
2276 3726 2436 3796 jussu
2480 3739 2695 3791 paenam
2749 3723 3104 3786 sustinuerit,
3156 3738 3279 3776 cum
3342 3722 3438 3777 σάν·

1835 3820 2072 3887 stipitem
2104 3819 2273 3873 clavis
2299 3818 2644 3889 alIigebatur,
2671 3817 2995 3885 expletoque
3020 3815 3242 3869 oraculo
3262 3855 3276 3879 ,
3306 3812 3414 3867 Me

1834 3910 1989 3973 mini,
2019 3909 2317 3978 inquiebat,
2348 3908 2479 3961 mihi
2528 3907 2692 3961 etiam
2722 3921 2812 3959 me
2846 3905 3008 3975 paulo
3054 3914 3178 3958 aute
3209 3904 3414 3968 visum,-

1834 3998 2021 4067 iuuugi
2064 4012 2095 4051 a
2138 3998 2326 4063 sole,a
2356 3994 2491 4050 Jove
2510 3995 2712 4049 lavari.
2768 3993 3212 4049 Denuutiationes
3265 3993 3421 4047 enim

1836 4091 1952 4145 istae
1981 4089 2261 4160 symbolis,
2291 4088 2651 4157 aenigmatum-
2695 4087 2750 4140 in
2803 4102 3008 4140 morem
3040 4085 3409 4145 adumbrata».

1836 4192 1895 4237 ut
1921 4191 2045 4237 ante
2075 4181 2356 4235 hominum
2397 4179 2807 4248 intelligentiam
2855 4178 3144 4246 fugerant,
3191 4193 3252 4232 re
3296 4177 3434 4246 ipsav

1837 4283 2016 4330 tamen
2044 4274 2301 4342 exituque
2333 4272 2491 4327 ﬁdem
2542 4272 2627 4327 sui
2675 4271 2927 4326 fecerunt
2954 4271 3115 4341 longe
3165 4269 3419 4325 certissi~

1836 4382 2004 4422 niam.
2048 4365 2372 4435 Quanquam
2403 4379 2511 4418 non
2544 4363 2881 4419 subcxitum
2913 4363 3224 4429 modo,‘sed
3248 4363 3417 4417 etiam

1836 4469 1948 4513 toto
1973 4458 2088 4524 illo,
2115 4473 2225 4526 quo
2247 4455 2554 4526 imperavit,
2573 4463 2836 4523 tempore,
2863 4454 3001 4509 clam
3024 4454 3141 4523 ipse
3165 4453 3410 4523 quidem,

1831 4567 1955 4605 vere
1986 4559 2160 4604 tamen
2189 4549 2372 4603 animo
2403 4549 2554 4616 prius
2575 4588 2591 4612 ,
2639 4561 2802 4615 quam
2832 4559 3080 4613 corpore,
3111 4560 3412 4614 suspensus
3433 4600 3443 4613 ς,

1829 4643 2003 4697 ὴεεείι.
2055 4640 2294 4695 Assiduo
2341 4640 2489 4694 enim
2548 4641 2982 4709 coniuratorum.
3019 4637 3185 4691 densa
3245 4650 3439 4689 manu.
3514 4682 3522 4689 .

1832 4731 2154 4785 irruentium
2191 4741 2395 4784 terrore
2428 4729 2842 4798 percellebatur,
2895 4743 3019 4782 cum
3053 4727 3223 4795 probe
3252 4727 3445 4784 iutel—.

1830 4823 2038 4892 ligeret,
2069 4821 2161 4891 qui
2188 4820 2340 4874 bene.
2372 4821 2474 4875 sibi
2529 4821 2688 4875 vellet
2719 4818 3014 4882 neminem,
3044 4814 3273 4871 infestos
3305 4814 3444 4869 siblt

1829 4930 2019 4969 omnes
2078 4931 2237 4978 esse,
2309 4926 2374 4967 ac
2438 4912 2586 4967 nulla
2650 4925 2889 4981 unquam
2950 4923 3050 4962 sua
3102 4906 3411 4962 calamitate

1832 5005 2147 5074 placandos.
2209 5004 2274 5060 Et
2330 5020 2457 5058 vero
2486 5045 2501 5069 ,
2549 5018 2715 5072 quam
2760 5002 2863 5058 sibi
2919 5001 3079 5054 anxie
3119 5004 3411 5067 perpetuo-

1831 5114 1939 5167 que
1994 5108 2303 5162 metueret,
2330 5114 2414 5152 ex
2452 5112 2645 5151 rerum
2686 5094 2993 5150 Sicularum
3048 5090 3411 5161 scriptoribus

1833 5195 2013 5267 quivis
2071 5195 2287 5248 auferre
2337 5194 2535 5262 possit,
2579 5195 2672 5262 qui
2741 5190 2826 5245 vel
2882 5191 3054 5260 ipsam
3095 5188 3146 5243 ei
3193 5203 3412 5257 quoque

1836 5426 2204 5477 successerat,
2252 5414 2321 5467 ob
2360 5414 2505 5468 alias
2530 5412 2820 5466 Persarum
2858 5410 3066 5472 caedes,
3095 5408 3197 5462 sub
3227 5408 3411 5477 ipsum

1833 5488 1985 5557 regni
2038 5486 2393 5554 primordium
2444 5483 2670 5538 interfici
2701 5484 2886 5552 jussu,
2926 5490 2983 5534 ut
3030 5480 3223 5534 scribit
3262 5480 3405 5533 idem

1836 5557 2233 5698 ῃρὲὶῶοδῖδαη
2291 5633 2392 5679 etc.
2438 5620 2626 5698 Neque
2671 5621 2726 5677 id
2770 5619 3070 5698 Polycratis
3106 5622 3285 5698 ipsum
3316 5625 3412 5674 aut

1832 5687 2010 5753 visum
2053 5695 2173 5759 fuit,
2221 5687 2315 5750 aut
2358 5687 2657 5762 somnium;
2692 5694 2785 5750 sed
2826 5687 3199 5764 ejus.tilize,’si
3244 5687 3416 5745 Heru-

1835 5767 2126 5845 dotolides
2162 5776 2264 5822 est.
