3824 6226
369 232 476 289 663

1010 231 1284 288 EUSEBH
1320 232 1803 290 CESARIENSIS
1839 233 1989 289 OPP.
2031 232 2214 290 PARS
2247 232 2312 290 ll.
2349 264 2421 276 —
2454 227 2955 289 APOLOGETICA.

3527 231 3639 287 664

366 346 529 422 391
562 349 1103 406 observantissimam
1149 360 1278 406 licet
1305 365 1370 407 ac
1396 351 1780 407 suavissimam
1821 366 1945 407 con-

2057 352 2239 424 ἐπειδὴ
2276 351 2517 424 περιέχει
2556 349 2904 421 παμπληθεῖς
2945 348 3044 420 μὲν
3078 348 3361 421 χορηγίας,
3392 350 3639 408 ἀπόλαυ-

364 443 551 516 jugem
573 452 882 514 suspectam
908 440 1077 498 fuisse
1106 442 1351 498 tradunt.
1386 440 1523 498 Nam
1553 445 1827 502 interioris
1855 460 1951 501 cu-

366 534 539 593 biculi
598 535 965 600 vestibulum,
1014 549 1126 605 quo
1168 535 1273 606 ipsi
1318 536 1499 593 aditus
1526 538 1594 592 ad
1634 555 1754 594 sese
1786 539 1947 606 foret,

366 630 614 686 tabulato
646 629 817 684 sterni
860 629 1048 698 jussit,
1093 643 1163 684 ne
1194 630 1413 698 quando
1443 629 1633 687 furtim
1663 633 1948 702 irreperet,

366 722 465 780 88d
491 722 638 776 illius
670 721 934 775 adventus
956 720 1075 792 ipso
1102 720 1387 777 subeuntis
1406 723 1589 779 sonitu
1614 726 1953 798 strepituque

310 799 319 808 ’
370 816 721 889 proderetur.
784 813 918 869 Eam
945 815 1163 881 deinde,
1193 832 1305 873 non
1334 817 1498 874 modo
1526 818 1646 873 sine
1673 819 1947 887 vestibus,

365 910 467 965 sed
510 910 769 966 omnibus
798 910 965 966 etiam
989 952 1004 976 ,
1038 926 1176 980 quas
1206 927 1238 966 a
1270 912 1407 967 viris
1439 912 1613 969 videri
1661 914 1817 972 nefas
1867 926 1951 973 est

364 1001 618 1072 partibus
648 1002 852 1058 nudam
879 1003 1084 1059 intrare
1124 1004 1316 1059 voluit.
1373 1004 1639 1062 Prazterea
1666 1009 1954 1066 continens

367 1093 525 1160 illud,
552 1094 700 1164 quod
727 1095 828 1149 vite
857 1094 1162 1164 objaeebat,
1187 1097 1318 1167 regii
1341 1097 1543 1153 liminis
1570 1100 1745 1154 solum
1774 1101 1829 1154 in
1860 1117 1954 1156 ru.

368 1186 521 1243 sticae
548 1184 710 1242 fossae
739 1187 1080 1243 latitudinem
1110 1189 1565 1259 altitudinemque
1588 1190 1840 1260 deprimi,
1883 1207 1957 1248 ne

368 1278 501 1349 quid
521 1277 811 1336 moliendis
831 1280 969 1334 clam
999 1280 1213 1338 insidiis
1239 1290 1612 1350 comparatum
1635 1282 1803 1338 latere
1829 1298 1955 1353 pos-

370 1381 475 1439 set,
525 1387 652 1430 cum
685 1381 781 1429 aut
823 1374 1080 1442 saltibus,
1128 1384 1223 1429 aut
1266 1375 1603 1447 longioribus
1647 1376 1952 1445 trajiciendi

368 1464 543 1519 moris
591 1463 751 1520 facile
802 1464 1164 1536 detegeretur.
1202 1464 1370 1534 Quot,
1422 1467 1671 1534 obsecro,
1710 1469 1956 1524 scatebat

368 1553 461 1610 ille
491 1555 751 1621 miseriis,
789 1557 882 1628 qui
905 1558 1169 1614 adversus
1193 1574 1419 1613 uxorem
1438 1602 1453 1626 ,
1485 1562 1570 1615 cui
1600 1576 1713 1629 prae
1743 1561 1954 1617 caeteris

369 1645 631 1703 omnibus
658 1645 818 1701 ﬁdem
864 1646 1066 1703 habere
1104 1646 1414 1713 debuisset,
1445 1658 1555 1705 tam
1594 1651 1762 1705 multa
1794 1666 1943 1706 com-

370 1746 589 1806 pararet
621 1746 785 1807 atque
810 1737 1135 1793 moliretur?
1159 1736 1231 1795 lis
1267 1741 1454 1810 utique
1486 1741 1780 1810 persimilis
1814 1751 1952 1809 erat,

370 1831 466 1899 qui
494 1839 720 1886 naturas
764 1831 884 1888 illas
905 1872 920 1896 ,
950 1845 1075 1901 quae
1116 1830 1172 1887 in
1222 1831 1381 1908 caelo
1406 1844 1726 1899 versantur,
1755 1834 1957 1890 clarius

369 1938 534 1980 nosse
556 1924 860 1995 cupientes,
888 1942 985 1995 per
1006 1926 1296 1995 abruptum
1330 1927 1770 1998 praecipitemque
1797 1945 1956 1983 mon-

370 2028 478 2072 tem
504 2018 760 2087 ingressi,
786 2019 875 2073 ubi
902 2019 988 2073 vix
1014 2022 1233 2075 demum
1263 2020 1331 2075 ad
1353 2022 1751 2091 prominentem
1782 2039 1958 2093 usque

369 2111 637 2166 cervicem
687 2121 1011 2177 evaserunt,
1048 2128 1150 2168 nec
1192 2114 1334 2169 ultra
1384 2116 1667 2185 progredi,
1700 2133 1800 2183 ea,
1834 2134 1957 2187 qua:

369 2209 654 2269 superest,
698 2201 817 2272 jugi
848 2202 1133 2258 altitudine
1166 2201 1329 2259 fracti
1363 2204 1770 2275 debilitatique,
1821 2222 1955 2275 pos-

369 2299 521 2358 sunt,
552 2306 653 2346 nec
680 2292 1011 2348 descendere
1035 2294 1237 2349 audent
1257 2335 1273 2361 ,
1303 2295 1432 2349 dum
1477 2297 1543 2351 ad
1573 2306 1735 2352 tantae
1768 2299 1954 2369 subje-

367 2396 580 2438 ctarum
613 2385 819 2441 labium
853 2386 1215 2457 ltiatuumque
1260 2389 1531 2444 vastitatis
1560 2400 1840 2460 aspectum
1871 2401 1956 2447 at-

282 2514 291 2523 ς
367 2476 530 2531 toniti
575 2477 991 2547 obstupescunt.
1047 2477 1183 2533 Nam
1228 2480 1321 2549 qui
1370 2481 1536 2535 semel
1588 2484 1950 2553 tyrannidem,

366 2569 593 2637 perinde
622 2584 688 2625 ac
706 2570 951 2626 divinum
988 2570 1215 2639 aliquid,
1243 2581 1405 2642 atque
1436 2571 1584 2627 omni
1606 2573 1953 2628 contentione

365 2661 591 2733 dignum
622 2660 934 2718 all'ectasset
955 2702 971 2727 ,
1005 2677 1103 2718 nec
1130 2662 1186 2716 in
1215 2678 1278 2716 ea
1309 2677 1369 2717 se
1396 2670 1518 2717 tuto
1560 2663 1766 2718 haerere
1790 2704 1803 2724 ,
1852 2679 1952 2720 nec

366 2768 428 2807 se
454 2752 529 2806 illi
556 2750 864 2807 subducere
894 2766 1088 2807 secure
1112 2766 1274 2822 posse
1296 2752 1572 2807 statuebat
1618 2771 1632 2807 :
1674 2753 1875 2823 quippe
1904 2754 1951 2808 si

366 2844 618 2906 haereret,
654 2842 931 2899 confertas
957 2853 1012 2898 et
1034 2844 1446 2914 inexplicabiles
1473 2845 1527 2899 in
1561 2860 1681 2900 sese
1707 2846 1955 2916 quotidie

365 2936 705 2991 calamitates
727 2934 1036 3002 conﬂuere;
1067 2936 1152 2991 sin
1181 2935 1443 3008 aufugere
1472 2947 1789 3002 conaretur,
1828 2954 1949 2993 cer-

1988 1696 2028 1754 Β

2055 461 2139 497 σιν
2186 443 2232 496 δ’
2258 443 2471 506 οὐδενὸς
2513 443 2773 515 χρηστοῦο
2812 441 3010 512 φόϐους
3056 441 3102 495 δ’
3135 442 3491 515 ἐπαλλήλους,
3536 448 3639 499 καὶ

2054 535 2330 597 κινδύνους
2350 535 2702 604 ἀνηκέστους,
2730 536 2823 588 καὶ
2854 535 3008 589 νόσον
3034 534 3383 607 ἐρπηνώδους
3406 536 3514 608 (Si)
3537 540 3638 593 καὶ

2054 625 2350 694 φθινὼδους
2379 627 2785 696 χαλεπωτέραν,
2830 627 3203 699 ἀθεράπευτον
3238 629 3323 682 ἀεὶ
3360 629 3636 702 φέρουσαν

2053 716 2293 788 ὄλεθρον.
2342 720 2405 771 Οί
2447 718 2505 771 δὲ
2548 719 2733 773 πολλοὶ
2780 720 2889 772 τῶν
2928 719 3318 785 ἀνεξετάστων,
3373 722 3479 775 ὑπὸ
3529 723 3637 795 τῆς

2053 806 2309 880 λαμπρᾶς
2339 826 2469 878 φανε
2480 810 2699 880 ρότητος
2722 796 3091 881 άπατίὒμενοι,
3116 812 3309 865 ταύτὸν
3331 813 3634 869 πεπόνθασι

2053 904 2167 965 τοῖς
2198 901 2713 973 ἀγκιστρευομένοις
2746 902 2852 956 ὑπὸ
2878 902 2989 956 τῶν
3015 904 3273 974 εἰδεχθῶν
3304 906 3632 976 ἐταιριδίων,

2053 991 2091 1045 ἃ
2115 993 2214 1064 τὴν
2244 994 2584 1065 δυσμορφίαν
2630 994 2819 1066 ἐσθῆτι
2864 995 2960 1049 καὶ
2992 995 3200 1068 χρυσῷ,
3242 997 3336 1050 καὶ
3370 1001 3493 1061 ταῖς
3531 998 3637 1067 τῆς

2052 1084 2231 1154 ὅψεως
2283 1087 2627 1157 ύπογραφαίς
2681 1086 3087 1152 ἐπισκιάζοντα,
3137 1089 3361 1159 γνησίου
3402 1088 3637 1153 κάλλους

2055 1174 2281 1246 ἀπορίᾳ,
2317 1175 2469 1228 νόθον
2498 1177 2584 1230 ἐπ’
2615 1176 2808 1248 ἐνέδρᾳ
2836 1176 2946 1230 τῶν
2976 1176 3262 1247 θεωμένων
3290 1173 3633 1250 δημιουργεῖ.

2054 1265 2321 1336 Τοιαύτης
2343 1266 2574 1337 γέμουσι
2601 1266 3020 1339 βαρυδαιμονίας
3050 1269 3101 1319 oi
3122 1267 3242 1321 λίαν
3273 1269 3537 1339 εὐτυχεῖς,
3564 1265 3641 1340 ἧς

2053 1355 2154 1419 τὰς
2187 1357 2289 1410 ύπε
2300 1357 2495 1428 ρὸολάς
2521 1358 2673 1411 αὐτοὶ
2698 1358 3022 1422 δικάσαντες
3043 1358 3153 1429 (52)
3179 1360 3310 1432 παρ’
3333 1363 3549 1424 ἑαυτοῖς
3570 1362 3636 1414 οὗ

2058 1446 2358 1515 στέγουσιν.
2420 1449 2558 1502 Ἀλλ’
2590 1448 2779 1521 ὥσπερ
2819 1452 2867 1504 οἱ
2909 1449 2977 1503 τὰ
3014 1450 3228 1523 ἄρρητα
3270 1454 3363 1506 ὑπ’
3389 1452 3640 1524 ἀνάγκης

2056 1541 2429 1607 ἐκλαλοῦντες,
2478 1543 2671 1611 ἀφιᾶσι
2718 1541 2818 1607 τὰς
2863 1546 2929 1597 ἐκ
2977 1544 3183 1610 πάθους
3234 1544 3640 1616 ἀιῖιευδεστάτας

2056 1638 2260 1707 φωνὰς,
2307 1640 2401 1693 ἐπὶ
2448 1640 2705 1712 συνουσίᾳ
2754 1643 3035 1714 τιμωριῶν
3074 1644 3169 1698 καὶ
3210 1646 3498 1716 παρουσῶν
3542 1647 3639 1700 κα)⁵

2058 1732 2526 1805 προσδοκωμένων
2546 1732 2766 1799 ζῶντες,
2797 1734 3049 1807 καθάπερ
3076 1736 3185 1790 τῶν
3218 1737 3551 1810 θρεμμάτων
3568 1740 3638 1793 τὰ

2058 1824 2196 1895 πρὸς
2247 1825 2555 1896 ἱερουργίαν
2608 1826 2951 1898 πιαινόμενα.
3005 1830 3115 1886 Καὶ
3164 1831 3271 1903 γάρ
3315 1831 3487 1885 ταῦτα
3535 1832 3639 1902 τῆς

2058 1917 2318 1987 πλείστης
2347 1917 2662 1988 ἐπιμελείας
2690 1920 2782 1972 ἐπὶ
2810 1919 2888 1990 τῷ
2934 1921 3209 1992 σφαγῆναι
3247 1923 3503 1993 τυγχάνει
3547 1924 3638 1978 διὰ

2057 2010 2373 2080 πολύκρεων
2405 2010 2658 2080 εὐωχίαν.
2713 2013 2834 2066 Εἰσὶ
2876 2012 2921 2065 δ’
2958 2013 3008 2067 οἳ
3042 2016 3135 2068 καὶ
3169 2016 3296 2086 περὶ
3338 2018 3640 2088 χρημάτων

2057 2099 2268 2152 ἀσεϐῶν
2292 2101 2392 2153 ούκ
2419 2100 2667 2171 ἀδήλους,
2698 2103 2833 2155 ἀλλά
2864 2104 3105 2175 φανερὰς
3138 2105 3324 2159 ἔδοσαν
3355 2106 3532 2171 δίκας,
3563 2100 3638 2161 ὧν

2056 2193 2123 2246 τὰ
2150 2193 2326 2265 πλήθη
2358 2193 2751 2263 καταλέγεσθαι
2786 2198 3036 2268 περιττὸς
3064 2199 3245 2263 πόνος*
3267 2200 3479 2271 ἀπόχρη
3506 2200 3553 2253 δ’
3580 2200 3639 2254 ἐν

2057 2284 2216 2356 ἔργον
2262 2286 2611 2359 παράδειγμα
2647 2288 2864 2342 πάντων
2907 2289 3147 2345 ἑστάναι.
3180 2291 3410 2359 Λέγεται
3456 2292 3639 2348 τοίνυν

2056 2378 2160 2429 ὑπὸ
2218 2377 2326 2430 τῶν
2377 2379 2834 2448 ἀναγεγραφότων
2895 2381 2989 2434 τὸν
3055 2382 3197 2453 ἱερὸν
3255 2382 3489 2454 πόλεμον
3546 2383 3639 2437 τὸν

2054 2472 2113 2522 ἐν
2148 2470 2368 2535 Φωκίδι,
2413 2471 2576 2542 νόμου
2605 2472 2880 2543 κειμένου,
2921 2473 3013 2526 τὸν
3048 2473 3322 2546 ἱερόσυλον
3348 2493 3636 2546 κατακρη-

2058 2560 2359 2630 μνίζεσθαι,
2416 2562 2448 2632 ἢ
2499 2563 2991 2629 καταποντοῦσθαι,
3040 2565 3073 2637 ἢ
3117 2568 3636 2638 καταπίμπρασθαι*

2052 2657 2199 2723 τρεῖς
2233 2654 2567 2726 συλήσαντας
2588 2654 2650 2708 τὸ
2677 2656 2974 2726 ἐνῗΔελφοῖς
3003 2657 3168 2728 ἱερὸν,
3193 2658 3514 2730 Φιλόμηλον,
3543 2660 3640 2714 καὶ

2066 2746 2415 2818 Ὀνόμαρχον,
2439 2749 2532 2802 καὶ
2550 2748 2808 2815 Φάῦλλον,
2830 2749 3207 2820 διανείμασθαι
3226 2750 3323 2814 τὰς
3343 2752 3641 2822 τιμωρίας-⁸

2052 2838 2144 2891 τὸν
2188 2840 2286 2911 μὲν
2312 2838 2431 2912 γὰρ
2474 2838 2562 2893 διὰ
2596 2840 2761 2908 λόφου
2817 2842 3062 2913 τραχέως
3107 2841 3200 2895 καὶ
3246 2841 3504 2907 λιθὼδους
3538 2846 3642 2914 ῥα-

2052 2932 2247 3002 γείσης
2286 2931 2493 3003 πέτρας
2534 2933 3105 3003 κατακρημνησθῆναί
3139 2950 3199 2986 τε
3236 2935 3331 2988 καὶ
3376 2935 3629 2989 καταλευ-

364 3025 638 3080 tissimutn
688 3025 812 3080 vitae
862 3025 965 3079 sibi
1014 3026 1318 3095 perieulum
1366 3026 1669 3087 imminere.
1706 3044 1829 3083 cum
1872 3037 1945 3082 tot

2057 3023 2276 3092 σθῆναιυ
2303 3024 2394 3076 τὸν
2423 3024 2499 3087 δὲ,
2531 3025 2930 3095 ἀφηνιάσαντος
2964 3024 3060 3077 τοῦ
3096 3025 3412 3095 κομίζοντος
3446 3027 3645 3090 ἵππου,

364 3134 527 3175 suum
555 3119 609 3173 in
635 3126 820 3189 caput,
853 3116 899 3171 si
924 3117 1110 3171 minus
1132 3117 1477 3187 corporibus,
1497 3126 1552 3172 at
1572 3119 1771 3174 animis
1799 3127 1947 3176 certe

363 3209 581 3279 quidem
615 3218 861 3264 armatos
882 3223 1003 3264 esse
1029 3208 1368 3278 intelligeret.
1408 3209 1587 3280 Atque
1614 3209 1668 3264 id
1700 3225 1769 3264 ex
1797 3211 1945 3280 ipso-

365 3310 478 3357 net
498 3300 740 3372 Dionysii
760 3301 903 3356 facto
925 3302 1065 3357 satis
1080 3316 1354 3371 superque
1380 3310 1615 3369 constat,
1628 3318 1737 3371 quo
1767 3303 1946 3372 ipsum

363 3394 431 3450 ad
460 3409 586 3450 eum
610 3392 994 3458 refellendum,
1038 3393 1132 3464 qui
1162 3393 1373 3449 felicem
1402 3402 1754 3465 tyrannorum
1778 3395 1944 3450 vitam

361 3500 487 3541 esse
513 3484 818 3554 dictitabat,
848 3501 1007 3540 usum
1031 3500 1155 3540 esse
1182 3484 1391 3540 ferunt.
1408 3484 1695 3542 Hominem
1726 3502 1849 3542 cum
1879 3488 1947 3544 ad

364 3577 574 3632 lautum
622 3576 779 3632 valde
821 3576 1218 3647 opiparumque
1272 3577 1586 3632 convivium
1638 3578 1944 3646 invitasset,

364 3673 680 3735 peracutam
720 3666 981 3733 securim,
1035 3683 1158 3738 qum
1203 3668 1434 3723 summis
1482 3668 1602 3739 ejus
1643 3671 1947 3727 eet-vicibus

364 3755 707 3824 immineret,
757 3757 1091 3813 tenuissimo
1140 3757 1388 3813 funiculo
1448 3761 1708 3830 suspendi
1759 3761 1942 3831 jussit.

363 3848 540 3914 Quam
566 3848 679 3916 ille,
709 3847 801 3902 ubi
831 3849 1205 3917 accubuisset,
1219 3857 1440 3920 repente
1469 3850 1792 3919 suspiciens,
1819 3867 1944 3907 cum

363 3953 467 3993 nec
486 3953 717 4022 surgere
740 3952 1009 4009 praesente
1037 3950 1275 4012 tyranno
1311 3944 1555 4007 auderet,
1588 3956 1691 3997 nec
1722 3942 1829 3997 cibi
1865 3943 1947 3997 ui-

362 4028 473 4086 lius
498 4030 821 4087 suavitatem
847 4031 1139 4103 degustare
1178 4047 1291 4102 pra:
1318 4033 1491 4088 nimio
1517 4034 1716 4089 timore
1740 4044 1945 4104 posset,

359 4119 474 4176 vim
507 4128 719 4180 tantam
745 4125 1304 4195 exquisitissimarum
1337 4126 1657 4181 deliciarum
1685 4142 1946 4197 asperna-

362 4219 476 4280 tus,
502 4213 699 4285 supina
726 4214 941 4271 cervice
972 4214 1292 4286 intentoque
1314 4217 1491 4282 vultu,
1520 4219 1815 4274 momentis
1832 4217 1948 4274 sin-

362 4303 510 4376 gulis
549 4305 832 4362 interitum
875 4307 1228 4377 exspectabat
1270 4324 1455 4364 suum.
1523 4308 1624 4365 Hic
1655 4308 1987 4389 Dionysius.

2054 3118 2147 3169 καὶ
2166 3117 2325 3187 μέχρι
2342 3115 2620 3188 θαλάσσης
2638 3118 2996 3182 καταϐάντος,
3024 3118 3415 3190 ἐπιδραμόντος
3434 3121 3530 3175 τοῦ
3553 3140 3629 3175 πει

2052 3210 2268 3278 λάγους,
2291 3212 2371 3272 είς
2388 3211 2559 3281 ἀχανῆ
2585 3210 2740 3279 βυθὸν
2756 3211 2903 3281 αὐτῷ
2925 3211 3047 3283 ζὼῳ
3070 3213 3382 3267 καταδῦναι·
3401 3216 3649 3271 Φάῢλλον

2053 3301 2110 3353 δὲ
2136 3300 2386 3367 φθινώδει
2407 3302 2546 3372 νόσῳ
2574 3302 2767 3371 (διττὸς
2783 3302 2895 3373 γὰρ
2921 3304 2949 3354 ὁ
2980 3305 3110 3374 περὶ
3127 3304 3290 3358 αὐτοῦ
3321 3305 3498 3377 λόγος)
3519 3325 3648 3361 συν-

2052 3394 2302 3464 τακῆναι,
2325 3394 2358 3463 ἢ
2384 3395 2440 3447 ἐν
2456 3393 2532 3465 τῷ
2552 3395 2609 3447 ἐν
2635 3393 2828 3457 ’Ἄϐαις
2855 3393 2985 3466 ἱερῷ
3009 3396 3493 3467 συνεμπρησθέντα
3513 3400 3646 3454 ἀπο-

2054 3484 2257 3538 λέσθαι.
2315 3484 2502 3539 Ταῦτα
2545 3484 2653 3558 γάρ
2700 3486 3128 3555 φιλονεικότατον
3159 3487 3337 3557 λέγειν
3368 3491 3643 3562 ἀποϐῆναι

2056 3576 2197 3629 κατά
2209 3576 2399 3646 τύχην.
2419 3577 2483 3629 Εἰ
2503 3576 2600 3646 μὲν
2617 3576 2725 3646 γάρ
2746 3593 2909 3639 τινες,
2928 3576 2960 3648 ἢ
2986 3580 3043 3630 ἐν
3064 3577 3378 3649 διαφέρουσι
3403 3584 3641 3653 καιροῖς,

2054 3670 2088 3740 ἦ
2108 3668 2323 3740 ἑτέραις
2337 3667 2704 3737 ἐκολάσθησαν
2720 3670 3027 3739 τιμωρίαις,
3052 3670 3199 3736 εἰκὸς
3224 3668 3291 3744 ἧν
3318 3673 3380 3725 τὸ
3407 3674 3645 3729 ἄστατον

2052 3761 2154 3830 τῆς
2167 3760 2337 3831 τύχης
2352 3759 2806 3831 προφασίζεσθαιο
2825 3761 3043 3817 πάντων
3058 3762 3102 3816 δ’
3114 3764 3179 3817 ἀθ
3188 3765 3446 3834 ρόως,καὶ
3460 3766 3531 3835 ὑφ
3544 3767 3642 3821 ἕνα

2054 3854 2363 3925 καιρὸν,κα“ι
2381 3854 2453 3926 μὴ
2472 3855 2684 3925 ἑτέραις
2700 3855 3015 3927 τιμωρίαις,
3035 3855 3172 3909 ἀλλὰ
3184 3858 3303 3920 ταῖς
3317 3874 3384 3910 πε
3393 3858 3642 3929 ριεχομέ-

2053 3964 2171 4007 ναις
2191 3948 2249 3999 ἐν
2273 3948 2384 4009 τοῖς
2395 3947 2581 4017 νόμοις
2600 3946 2992 4011 κολασθέντων,
3025 3947 3243 4017 εΰλογον
3272 3949 3526 4018 φάσκειν,
3555 3949 3641 4003 ὅτι

2054 4036 2189 4091 Θεοῦ
2200 4038 2517 4102 δικάσαντος
2529 4037 2845 4111 ἐλάσαν(55)
2855 4041 2914 4093 .Ε
2923 4042 2937 4092 ί
2951 4039 3008 4093 δέ
3024 4040 3280 4105 τινεςτῶν
3298 4041 3642 4110 ὑπολειφθέν-

2052 4147 2165 4184 των
2182 4129 2390 4200 βιαίων,
2412 4130 2633 4194 καὶτοῖς
2661 4130 2921 4203 πλήθεσιν
2947 4133 3387 4198 ἐπαναστάντων,
3411 4133 3507 4186 καὶ
3528 4133 3643 4187 δου-

2052 4222 2201 4276 λωσα
2207 4221 2382 4292 μένων
2392 4223 2455 4275 οὐ
2476 4223 2634 4293 μόνον
2647 4222 2710 4294 δή
2721 4239 2854 4293 μους
2865 4223 2950 4276 ἑτέ
2961 4240 3103 4295 ρους,
3117 4222 3251 4277 ἀλλά
3266 4222 3359 4277 καὶ
3371 4224 3642 4296 πατρίδας

2054 4313 2152 4378 τὰς
2174 4313 2403 4380 ἑαυτῶν,
2431 4314 2767 4388 ἀτιμώρητοι
2783 4315 3111 4382 διετέλεσαν,
3128 4316 3443 4388 θαυμαστὸν
3463 4317 3637 4372 οὐδέν.

363 4412 591 4455 εειιειιη
620 4398 1240 4472 hominisanimumque
1263 4403 1571 4471 pervidens,
1620 4401 1813 4459 Jamne
1844 4420 1944 4460 no-

2057 4405 2279 4475 Πρῶτον
2290 4406 2387 4477 μὲν
2400 4405 2473 4474 γά
2479 4424 2511 4478 ρ
2524 4407 2622 4477 οὐχ
2640 4406 2842 4477 ὁμοίως
2858 4405 2952 4461 ἄνθ
2960 4424 3141 4479 ρωπος
3153 4406 3336 4472 δικάζε
3345 4427 3361 4460 ι
3377 4409 3472 4461 καὶ
3482 4406 3637 4473 Θεός’

364 4488 460 4555 sti,
495 4488 711 4561 inquit,
756 4492 1071 4564 vitae'ltujus
1100 4504 1304 4551 nostrae
1345 4504 1455 4551 tam
1486 4497 1780 4567 splendidae
1804 4507 1946 4553 tam-

363 4599 475 4656 que
505 4586 757 4657 expetita:
783 4588 1192 4644 conditionem?
1224 4588 1372 4648 Talis
1407 4592 1553 4648 enim
1585 4592 1830 4663 profecto
1855 4593 1948 4649 illa

361 4687 484 4745 est,
531 4678 641 4734 nisi
686 4678 733 4734 si
777 4678 904 4750 quis
951 4678 1139 4736 fucum
1173 4682 1291 4752 ipse
1334 4682 1440 4739 sibi
1469 4682 1646 4740 facere
1690 4685 1943 4741 voluerit.

362 4770 624 4826 Abundat
669 4770 869 4841 opibus
900 4771 990 4827 illa
1024 4772 1265 4843 quidem,
1314 4774 1461 4830 bono
1506 4786 1687 4832 tamen
1732 4777 1950 4848 penitus

414 4883 550 4971 ,(51)
596 4884 1037 4955 Ἐρετηνώδους.
1077 4885 1475 4958 Corrigendum
1529 4888 1745 4945 videtur
1787 4890 1945 4962 ἓρπι-

602 5025 992 5100 Δικάσίαντες.
1023 5026 1167 5100 idem
1201 5027 1415 5083 videtur
1445 5043 1603 5093 esse,
1630 5029 1776 5100 quod
1803 5032 1950 5085 οίκο-

362 5097 724 5166 νομήσαντες.
772 5097 899 5153 Suae
948 5100 1093 5155 enim
1143 5098 1380 5154 fortunae
1431 5097 1671 5156 artiﬁces
1721 5108 1771 5155 et
1805 5100 1944 5155 fabri

363 5168 585 5262 quidam
618 5166 938 5262 fuerin-ulc
966 5169 1199 5262 peLt'tin'et
1228 5168 1510 5262 Eustatbii.
1538 5180 1695 5262 nota,
1733 5171 1787 5225 in
1817 5172 1946 5262 illud

365 5236 595 5296 Homer.
632 5238 829 5294 Ἰλιάδ.
860 5240 939 5305 Μ,
966 5236 1074 5294 ἰιδὶ
1124 5237 1269 5294 Juno
1303 5254 1474 5295 suum.
1496 5241 1550 5294 in
1573 5240 1758 5295 Iovem
1782 5244 1948 5311 paulo

362 5310 717 5374 commotior,
744 5312 890 5380 quod
930 5310 1089 5393 sein
1119 5326 1303 5366 rerum
1335 5319 1390 5365 et
1413 5311 1768 5393 consiliorum
1817 5328 1949 5368 suo-

363 5392 484 5432 rum
510 5390 718 5448 partem
754 5397 820 5436 ac
851 5390 1167 5437 societatem
1197 5397 1305 5435 non
1340 5391 1585 5436 vocaret:

448 5448 567 5505 Ἄιδι
604 5467 662 5507 τι
700 5451 887 5520 φίλον
923 5452 1097 5506 ἐστίν
1114 5490 1139 5516 ,.
1167 5452 1346 5522 inquit
1363 5452 1549 5523 ,ἐμεῦ
1577 5452 1698 5537 (me
1724 5453 1949 5537 γόσφιν

436 5588 785 5657 Κμθπτάῢια
808 5592 1139 5661 φρονέοντα
1161 5589 1489 5655 δικαζέμεν.
1651 5522 1873 5595 μόνω,

367 5660 620 5740 Δεκάςειν
651 5661 817 5740 λέγει,
854 5661 1247 5740 ait_E_ustatl_t.,
1267 5662 1705 5740 rogaui/digni
1744 5662 1948 5740 βασιλι-
1988 5726 1995 5735 θ

370 5732 477 5796 κῶς
513 5732 836 5800 οἰκονομεῖν,
866 5732 961 5787 καὶ
995 5733 1315 5790 ἐπικρίνειν.
1340 5732 1494 5790 Vetti
1533 5736 1694 5791 etiam
1725 5732 1835 5790 non
1867 5735 1946 5791 itt-

2048 4494 2185 4548 διότι
2212 4494 2281 4548 τὰ
2317 4494 2414 4565 μὲν
2442 4495 2653 4567 φανερά
2680 4496 2842 4567 ἡμεῖς
2870 4496 3201 4568 ἐρευνῶμεν.
3231 4499 3259 4550 ὁ
3280 4495 3358 4562 δέ,
3383 4497 3511 4569 ἄχρι
3540 4514 3643 4570 μυ-

2048 4584 2160 4656 χῶν
2204 4586 2384 4657 ψυχῆς
2426 4586 2771 4659 είσδυόμενος
2799 4588 3064 4660 ἀψοφητὶ,
3096 4587 3349 4661 καθάπερ
3388 4590 3446 4642 ἐν
3477 4588 3639 4661 ἡλίῳ,

2047 4678 2310 4753 λαμπρὰν
2346 4680 2589 4736 διάνοιαν
2610 4679 2860 4750 αὐγάζει,
2901 4679 3271 4750 ἀπαμπίσχων
3312 4680 3412 4751 μὲν
3439 4680 3511 4735 τὰ
3540 4698 3641 4737 πεο

2050 4772 2258 4845 ρίαπτα
2290 4772 2423 4845 (54),
2449 4768 2531 4839 οἷς
2559 4773 2982 4843 ἐγκεκάλυπται,
3015 4772 3199 4844 γυμνά
3229 4773 3287 4828 δέ
3323 4773 3643 4847 περιαθρῶν

2048 4886 2339 4941 commode
2376 4887 2588 4957 possit,
2622 4904 2777 4941 sensu
2811 4886 3124 4957 judicioque
3148 4902 3244 4942 suo
3274 4889 3640 4955 wstimaruut,

2049 4958 2156 5020 vel,
2187 4972 2282 5010 suo
2315 4956 2419 5027 ipsi
2448 4975 2604 5013 sensu
2630 4974 2692 5011 ac
2715 4958 2925 5027 judicio
2955 4956 3386 5026 comprobarunt.

2121 5027 2236 5097 (55)
2271 5025 2560 5084 Ἑλάσαν.
2599 5025 2753 5084 [laud
2784 5029 3014 5084 dubium
3055 5025 3187 5098 quin
3238 5029 3531 5099 legendum
3568 5028 3642 5084 sit

2049 5097 2313 5152 ἑάλωσαν.
2348 5100 2505 5153 Εοιτ.

2121 5168 2239 5241 (54)
2278 5170 2713 5241 Ἀπαμπίο-χων
2737 5169 2856 5239 μὲν

2049 5240 2232 5310 ipsum
2283 5248 2370 5294 est
2414 5242 2562 5310 quod
2614 5240 2818 5295 Paulus
2863 5242 2932 5297 ad
2975 5240 3139 5295 Hebr.
3165 5255 3316 5310 “cap.
3375 5255 3427 5293 tv
3478 5241 3640 5309 longe

2049 5308 2290 5365 divinius
2311 5328 2341 5382 _:
2373 5309 2491 5364 Ζῶν
2521 5311 2631 5382 γὰρ
2658 5313 2686 5365 ὁ
2732 5311 2893 5380 λόγος
2924 5311 3020 5365 τοῦ
3053 5308 3348 5382 Θεοῢηκαὶ
3381 5308 3634 5382 ἐνεργὴς.

2048 5382 2143 5454 καὶ
2183 5378 2491 5454 τομώτερος
2536 5378 2676 5453 ὑπὲρ
2695 5378 2876 5454 πᾶσαν
2909 5383 3193 5454 μάχαιραν
3221 5378 3496 5454 δίστομον,
3543 5378 3637 5433 καὶ

2047 5449 2419 5525 διικνούμενος
2444 5450 2573 5525 ἄχρι
2591 5449 2861 5525 μερισμοῦ
2891 5449 3069 5525 ψυχῆς
3090 5449 3273 5525 τεκαὶ
3301 5449 3634 5525 πνεύματος,

2048 5520 2367 5594 ἁρμῶντε
2394 5520 2774 5594 καῖ’μυελῶνζ
2824 5520 2919 5576 καῖ
2968 5520 3215 5594 κριτικὸς
3259 5520 3633 5594 ἐνθυμὴσεων,

2050 5589 2143 5665 κάξ
2192 5593 2410 5665 ἐννοιῶν
2437 5589 2709 5665 ῌκαρδίας.
2734 5594 2857 5665 ,Καὶ
2911 5589 3021 5665 οὐκ
3053 5592 3168 5665 ἐστι
3201 5592 3378 5654 κτίσις
3395 5589 3635 5665 ζὰφανὴς

2048 5663 2277 5719 ἐνώπιον
2299 5662 2485 5735 αὐτοῦ’
2524 5660 2703 5720 πάντα
2724 5664 2781 5718 δὲ
2812 5663 3014 5735 γυμνὰ,
3044 5664 3136 5718 καὶ
3163 5660 3635 5734 τετραχηλισμένα

2050 5737 2159 5798 τοϊς
2186 5733 2481 5797 ὀφθαλμοῖς
2512 5735 2696 5792 αὐτοῦ.

2893 5170 2967 5225 τὰ
3002 5170 3299 5238 περίαπτα
3322 5208 3337 5233 ,
3380 5178 3489 5223 etc.
3524 5168 3642 5224 Hoc
