3824 6226
113 302 214 359 865

1294 298 1617 355 ΡιιΑῑΡΜι.
1658 301 1915 359 EVANG.
1954 301 2088 360 LIB.
2125 303 2262 359 VIII.

3257 309 3361 366 666

112 419 179 475 τά
210 417 549 491 βουλήματα,
593 421 689 474 καὶ
716 420 1089 489 διαγινώσκων
1129 417 1291 483 εὐθὺς
1317 419 1389 472 τά
1413 434 1475 472 τε
1508 419 1689 490 παρά-

1795 418 1896 474 frui
1941 420 2091 476 nullo
2118 431 2298 493 potest
2329 442 2342 477 :
2374 422 2537 495 392
2571 425 2665 480 sed
2707 425 2945 483 assiduis
2966 427 3366 500 .contiuuisque

115 529 260 584 σημα
288 511 384 565 καὶ
412 510 631 582 δόκιμα.
677 513 952 584 Μηδέποτ’
976 508 1091 577 οὖν,
1124 510 1186 564 τὸ
1209 510 1407 564 οἰκεῖον
1433 509 1689 581 δικαστή-

115 622 226 679 ριον
262 603 357 657 τοῦ
382 604 538 659 Θείου
571 606 985 677 προκρίναντες,
1018 603 1414 675 ἀψευδέστερον
1441 603 1574 657 αὑτὸ
1597 604 1691 657 καὶ

114 696 490 767 εὐϐουλότερον
515 692 654 750 εἶναι
680 696 892 768 φῶμεν·
937 698 998 750 οὑ
1032 698 1142 767 γάρ
1188 697 1357 750 ὅσιον.
1401 696 1489 749 Ἐν
1516 688 1562 763 ᾧ
1593 696 1691 766 μὲν

113 788 220 861 γὰρ
247 788 419 842 πολλά
453 787 524 841 τά
551 788 871 859 σφάλλοντα,
901 789 1179 860 ἀπατηλαί
1214 787 1514 859 αἰσθήσεις,
1542 787 1688 859 πάθη

115 879 393 945 ἐπίϐουλα,
439 880 647 935 κακιῶν
679 882 706 933 ὁ
737 880 1037 952 βαρύτατος
1070 880 1461 950 ὲπιτειχισμός·
1494 881 1551 933 ἐν
1572 871 1695 947 ᾧδὲ

113 972 263 1025 οὐδὲν
289 972 390 1044 μὲν
411 971 520 1025 τῶν
545 974 634 1025 ἐπ’
658 972 923 1046 ἐξαπάτῃ,
949 973 1227 1041 δικαιότης
1247 973 1303 1026 δὲ
1325 972 1418 1026 καὶ
1444 971 1692 1043 ἀλήθεια,

114 1061 199 1130 αἷς
225 1066 452 1121 ἕκαστον
479 1064 877 1136 βραϐευόμενον
901 1065 1199 1129 ἐπαινετῶς
1224 1063 1573 1137 ὲξορθοῦσθαι
1606 1065 1695 1119 πέ-

115 1175 299 1226 φυκεν.
339 1159 578 1222 Ἐπειτ’,
616 1152 661 1212 ὧ
704 1161 943 1226 γενναῖε,
992 1159 1066 1230 μὴ
1115 1159 1344 1229 νομίσῃς
1383 1158 1693 1221 ἀλυσιτελὲς

114 1251 397 1321 ἐπίκαιρον
422 1249 533 1320 (55)
561 1246 699 1303 εἶναι
745 1250 1069 1323 τυραννίδα.
1109 1250 1244 1319 οὑδὲ
1267 1250 1373 1322 γάρ
1402 1251 1435 1320 ὴ
1474 1249 1696 1313 κόλασις

114 1342 425 1407 ἀλυσιτελές
449 1359 463 1372 ⁸
517 1342 654 1396 ἀλλά
697 1342 971 1413 τιμωρίας
1001 1342 1200 1397 διδόναι
1245 1343 1359 1405 τοῖς
1397 1342 1622 1411 ἀγαθοῖς
1657 1342 1691 1413 ἢ

114 1433 549 1506 ὡφελιμώτερον,
577 1434 611 1505 ἢ
642 1433 743 1487 οὑκ
771 1434 1018 1487 ἀποδέονο
1049 1429 1109 1488 οὗ
1137 1434 1296 1506 χάριν
1321 1437 1378 1488 ἐν
1402 1435 1571 1489 ἆπασι
1597 1434 1694 1506 μὲν

113 1529 222 1590 τοῖς
255 1525 433 1598 ὀρθῶς
460 1528 718 1597 γραφεῖσι
747 1524 1116 1596 παρείληπται
1149 1525 1363 1595 νόμοις·
1400 1527 1450 1578 οἱ
1480 1525 1536 1577 δὲ
1568 1525 1697 1597 γρά-

112 1616 307 1685 ψαντες
336 1616 444 1671 ὑπὸ
473 1617 692 1670 πάντων
721 1616 1091 1671 ἐπαινοῦνται.
1122 1617 1300 1688 Ὅπερ
1324 1615 1433 1689 γὰρ
1462 1618 1520 1670 ἐν
1540 1617 1696 1688 δήμῳ

1791 512 2126 578 terroribus,
2160 514 2630 571 inextricabilibus
2662 516 2917 586 periculis
2937 557 2952 581 ,
2977 518 3171 573 morbo
3205 519 3363 575 deui-

1792 619 1899 673 que
1925 604 2179 675 agitatur,
2213 606 2305 675 qui
2334 621 2537 661 cancro
2567 607 2799 675 tabeque
2825 607 2977 661 omni
3007 607 3199 676 dirior,
3234 625 3365 679 per-

1791 704 2011 765 petuum
2042 705 2096 752 et
2122 697 2425 753 insanabile
2455 699 2709 768 importat
2735 698 2982 753 exitium.
3027 699 3097 753 At
3127 700 3365 770 imperiti

1791 784 2034 854 plerique
2062 800 2129 841 ac
2153 786 2361 850 stolidi,
2422 785 2616 841 illustri
2645 787 2828 841 nescio
2854 801 2960 856 qua
2995 786 3176 855 specie
3209 800 3367 855 pom-

1792 890 1970 946 paque
1997 876 2238 947 decepti,
2268 878 2575 947 persimiles
2601 877 2669 932 iis
2702 886 2863 941 sunt,
2894 878 2987 947 qui
3020 893 3080 933 se
3108 894 3138 932 a
3162 876 3365 947 putidis

1792 970 2152 1026 meretriculis
2180 970 2413 1027 inescari
2438 971 2753 1041 patiuntur,
2800 986 2922 1041 quae
2963 970 3364 1026 deformitatem

1791 1064 2037 1133 corporis
2067 1064 2240 1130 cultu,
2269 1079 2427 1130 auro,
2459 1065 2755 1135 multisque
2773 1063 3183 1120 medicamentis
3208 1062 3365 1121 obte-

1795 1166 2001 1226 gentes,
2027 1158 2154 1211 dum
2190 1158 2323 1212 nihil
2353 1157 2552 1212 habent
2576 1172 2718 1212 vera:
2743 1157 3184 1226 pulchritudinis,
3210 1154 3366 1210 adul-

1796 1249 2027 1304 terinum
2077 1264 2143 1304 ac
2181 1250 2420 1319 spuriam
2468 1248 2778 1304 irretiendis
2823 1247 3216 1318 spectatoribus
3241 1262 3364 1302 mo—

1795 1341 2021 1397 liuntur.
2076 1340 2277 1396 Eadem
2310 1342 2561 1397 homines
2588 1340 2821 1396 nimium
2846 1341 2989 1395 beati
3021 1340 3254 1395 fortuna:
3280 1325 3371 1413 la-j

1794 1433 1991 1488 borant
2012 1432 2316 1502 iniquitate,
2360 1433 2519 1502 cujus
2557 1432 2661 1503 ipsi
2688 1432 2800 1488 vim
2828 1440 2883 1488 et
2910 1424 3369 1503 magnitudinem,

1795 1538 1960 1592 quam
1990 1532 2182 1592 suopte
2210 1524 2313 1578 sibi
2342 1523 2571 1578 arbitrio
2603 1538 2879 1594 sensuque
2911 1525 3204 1588 finxerunt,
3241 1537 3366 1592 pre-

1796 1630 1943 1669 mere
1967 1615 2116 1670 taciti
2146 1630 2209 1670 ac
2234 1614 2581 1670 dissimulare
2608 1628 2717 1670 non
2746 1624 3002 1685 possunt;
3031 1614 3146 1677 sed,
3177 1628 3367 1684 quent-

111 1708 391 1780 τύραννος,
431 1706 578 1761 τοῦτ’
602 1710 659 1760 ἐν
678 1707 827 1779 νόμῳ
849 1708 1092 1771 κόλασις.
1125 1707 1375 1761 Ἐπειδὰν
1402 1704 1495 1762 οὖν
1518 1707 1691 1762 ἔνδεια

1798 1705 2088 1760 admodum
2119 1721 2318 1762 arcana
2346 1707 2583 1776 pandere
2609 1706 2856 1761 nonnulli
2881 1706 3076 1771 solent,
3128 1704 3370 1759 necessi-

114 1772 208 1868 μέν
237 1800 334 1853 καὶ
365 1799 562 1863 σπάνις
590 1772 754 1872 δεινὴ-
781 1772 1063 1873 καταλάϐῃ
1107 1799 1207 1863 τὰς
1250 1800 1431 1865 πόλεις
1472 1801 1691 1873 ἀρετῆς,

1800 1804 1905 1851 tate
1947 1797 2249 1866 compulsi,
2301 1772 2466 1852 voces
2514 1797 2589 1851 illi
2639 1797 2902 1867 quasdam
2930 1797 3187 1853 emittunt
3211 1796 3368 1867 longe

110 1890 339 1959 ἀφθονία
369 1893 415 1945 δ’
445 1892 762 1963 ἀφροσύνης
792 1891 1117 1963 ἐπιπολάσῃ,
1155 1892 1456 1964 τηνικαῦτα
1484 1895 1512 1945 ὁ
1537 1892 1692 1975 θεὸς,

109 1981 296 2055 ὥσπερ
327 1983 505 2056 ῥεῦμα
542 1985 865 2058 χειμάρρου,
890 1984 988 2055 τὴν
1018 1983 1189 2054 φορὰν
1228 1985 1327 2054 τῆς
1361 1985 1556 2048 κακίας
1589 1985 1696 2037 ἀπ·-

108 2072 392 2141 οχετεῢσαι
420 2074 759 2145 γλιχόμενος,
818 2075 905 2128 ἵνα
947 2074 1162 2147 καθάρῃ
1212 2073 1271 2126 τὸ
1314 2074 1468 2142 γένος
1512 2072 1692 2146 ήμῶν,

111 2165 261 2236 ίσχὺν
302 2167 398 2220 καὶ
435 2167 636 2237 κράτος
674 2167 859 2220 δίδωσι
902 2168 1016 2230 τοῖς
1054 2166 1155 2229 τὰς
1197 2166 1387 2235 φύσεις
1425 2168 1691 2238 ἀρχικοῖς.

119 2255 288 2328 Ὢμῆς
316 2256 426 2330 γάρ
456 2258 582 2328 δίχα
603 2257 783 2328 ψυχῆς
805 2257 866 2310 οὐ
897 2256 1215 2329 καθαίρεται
1247 2256 1435 2311 κακία.
1470 2258 1578 2311 Καὶ
1605 2257 1693 2310 ὅν-

108 2364 207 2420 περ
237 2348 445 2419 τρόπον
474 2351 530 2402 αἰ
553 2348 735 2412 πόλεις
760 2351 850 2401 ἐπ’
869 2348 1237 2420 ἀνδροφόνοις,
1264 2349 1359 2403 καὶ
1383 2348 1691 2419 προδόταις,

108 2439 194 2491 καὶ
226 2437 510 2502 θεοσὺλοις
537 2438 766 2509 δημίους
795 2437 1212 2509 ἀνατρέφουσιν,
1243 2438 1306 2491 οὑ
1338 2437 1437 2509 τὴν
1470 2436 1695 2508 γνώμην

106 2531 503 2601 ἀποδεχόμεναι
545 2530 656 2584 τῶν
702 2530 935 2602 ἀνδρῶν,
978 2531 1114 2585 ἀλλά
1154 2531 1214 2584 τὸ
1253 2532 1353 2602 τῆς
1391 2532 1694 2601 ὑπηρεσίας

106 2621 386 2693 χρήσιμον
424 2619 806 2685 ἐξετάζουσαν
851 2620 945 2674 τὸν
978 2621 1139 2676 αὑτὸν
1170 2621 1368 2693 τρόπον
1404 2621 1514 2693 (56)
1546 2622 1639 2674 καὶ
1666 2624 1694 2676 ὁ

105 2712 195 2782 τῆς
230 2712 656 2784 μεγαλοπόλεως
682 2712 837 2766 τοῦδε
864 2712 959 2767 τοῦ
985 2714 1190 2785 κόσμου
1219 2713 1470 2785 κηδεμὼν
1495 2711 1585 2769 οἶα
1610 2714 1696 2786 δη-

108 2802 261 2870 μίους
291 2803 511 2865 κοινοὺς
532 2802 793 2873 ἐφίστησι
817 2803 946 2867 τοὺς
972 2803 1268 2875 τυράννους
1299 2806 1421 2868 ταῖς
1452 2803 1691 2869 πόλεσιν,

106 2896 157 2947 ἐν
185 2889 282 2957 αἷς
314 2894 383 2948 ἂν
416 2893 672 2965 αἴσθηται
713 2894 853 2964 βίαν,
887 2895 1121 2960 ἀδικίαν,
1153 2895 1428 2961 ἀσέϐειαν,
1456 2896 1523 2949 τὰ
1559 2896 1694 2950 ἄλλα

105 2986 247 3040 κακά
282 2983 710 3056 πλημμύροντα,
741 2986 889 3049 ὅπως
917 2986 1016 3056 ἤδη
1046 2987 1175 3040 ποτε
1212 2987 1411 3041 στάντα
1439 2987 1686 3063 λωφήσῃ.

105 3076 421 3151 Τηνικαῦτα
452 3076 546 3129 καί⁵
578 3076 713 3140 τοὺς
740 3076 968 3141 αἰτίους,
995 3078 1073 3140 ὠς
1107 3078 1171 3131 ἐκ
1200 3076 1573 3151 δυσκαθάρτου
1596 3080 1690 3134 καὶ
1718 3108 1760 3165 c

101 3168 369 3242 ἀνδηλεοῦς
395 3167 575 3239 ψυχῆς
599 3169 1072 3240 ὑπηρετήσαντας,
1114 3172 1199 3239 ἐφ’
1236 3170 1459 3237 ἆπασιν,
1504 3171 1693 3244 ὥσπερ

102 3260 252 3324 τινάς
283 3259 636 3330 κορυφαίους.
654 3259 797 3324 ἀξιοῖ
822 3261 1197 3331 μετέρχεσθαι.
1227 3263 1493 3334 Καθάπερ
1521 3265 1628 3336 γὰρ
1656 3269 1689 3337 ἡ

104 3352 190 3406 τοῦ
217 3352 401 3421 πυρὸς
431 3350 680 3421 δύναμις,
703 3352 832 3405 ὅταν
858 3352 1303 3425 παραδληθεῖσαν
1326 3354 1457 3426 ὕλην
1483 3355 1697 3408 ἀναλώ-

106 3460 189 3517 σῃ,
218 3444 539 3498 τελευταῖον
573 3442 743 3515 αὑτὴν
777 3444 1120 3515 ἐπινέμεταιι
1153 3444 1343 3499 τοῦτον
1371 3446 1463 3500 τὸν
1494 3448 1692 3518 τρόπον

105 3536 192 3589 καὶ
223 3537 279 3589 οἰ
312 3535 409 3589 ἐπὶ
437 3537 553 3598 τοῖς
586 3535 819 3606 πλήθεσι
851 3535 1170 3600 δυναστείας
1204 3537 1507 3608 εἰληφότες,
1542 3540 1693 3604 ὅταν,

104 3625 518 3697 δαπανήσαντες
547 3625 647 3691 τὰς
674 3625 877 3689 πόλεις,
902 3628 1064 3690 κενὰς
1092 3628 1300 3699 ἀνδρῶν
1330 3629 1691 3700 ἐργάσωνται,

106 3716 196 3783 τὰς
221 3718 372 3789 ὑπὲρ
405 3718 664 3772 ἁπάντων
692 3718 937 3783 τίνοντες
975 3719 1131 3784 δίκας
1173 3721 1690 3795 ἐπιδιαφθείρονται.

105 3808 210 3863 Καὶ
250 3809 309 3863 τί
351 3806 711 3879 θαυμάζομεν
747 3810 796 3861 εί
827 3808 916 3862 διὰ
952 3811 1231 3881 τυράννων
1268 3813 1296 3865 ὁ
1329 3811 1461 3876 Θεὸς
1498 3815 1693 3868 κακίαν

107 3900 467 3972 ἀναχυθεῖσαν
501 3900 558 3952 ἐν
584 3899 792 3963 πόλεσι,
821 3901 915 3953 καὶ
940 3900 1178 3971 χώραις,
1200 3902 1294 3956 καὶ
1318 3902 1524 3956 ἔθνεσιν
1555 3907 1693 3960 ἀπο-

106 3991 524 4063 διοπομπεῖται;
554 3990 816 4055 πολλάκις
846 3992 953 4063 γάρ
990 3992 1064 4064 μὴ
1092 3994 1369 4065 χρώμενος
1391 3996 1699 4067 ὑπηρέταις

106 4085 304 4150 ἄλλοις,
342 4085 509 4149 αὑτὸς
539 4084 607 4137 δι’
640 4084 832 4138 ἑαυτοῦ
879 4084 1019 4138 τοῦτ’
1064 4085 1374 4157 ἐργάζεται,
1407 4087 1567 4159 λιμὸν
1599 4091 1696 4143 ἐπ-

112 4182 273 4249 άγων,
305 4181 342 4252 ἢ
371 4180 583 4251 λοιμὸν,
611 4181 643 4251 ἢ
671 4179 914 4250 σεισμὸν,
946 4180 1159 4235 καὶόσα
1175 4181 1309 4237 ἄλλα
1333 4181 1588 4255 θεήλατα,
1611 4178 1697 4249 οἷς

104 4270 278 4341 δμιλοι
310 4270 539 4343 μεγάλοι
570 4272 663 4324 καὶ
693 4270 1038 4343 πο).υάνθρω·ι
1058 4288 1109 4325 οι
1148 4272 1269 4325 καθ’
1299 4274 1535 4344 ἑκάστην
1559 4275 1694 4345 ἡμέ-

108 4381 203 4435 ραν
245 4364 605 4428 ἀπόλλυνται,
654 4366 748 4419 καὶ
800 4364 970 4436 πολλὴ
1023 4367 1187 4436 μοῖρα
1226 4366 1327 4436 τῆς
1370 4366 1694 4437 οἰκουμένης

1795 1885 2139 1951 verissimas,
2196 1894 2360 1955 atque
2401 1886 2694 1941 acerbitate
2722 1887 3048 1942 calamitatis
3073 1895 3314 1942 extortas
3349 1904 3365 1942 :

1796 1976 1924 2031 dum
1975 1977 2033 2031 in
2081 1978 2469 2048 suppliciorum
2501 1979 2696 2047 partim
2733 1979 3114 2047 praesentium,
3168 1978 3366 2049 partim

1797 2070 2225 2140 impendentium
2266 2071 2543 2126 consortio
2584 2070 2792 2135 vivunt,
2828 2072 3059 2125 altilium
3099 2072 3365 2140 pecudum

1795 2161 2079 2225 simillimi,
2116 2178 2238 2232 qua:
2263 2162 2328 2217 ad
2355 2163 2680 2217 sacriﬁcium
2709 2165 3047 2232 saginantur.
3078 2162 3188 2218 Illis
3222 2165 3368 2218 enim

1795 2254 1864 2306 ad
1918 2254 2184 2308 lanienam
2236 2269 2381 2309 cura:
2408 2254 2703 2323 plurimum
2753 2270 2818 2311 ac
2857 2255 3240 2311 sollicitudinis
3268 2256 3372 2310 im-

1795 2339 2073 2407 penditur,
2103 2357 2213 2411 quo
2237 2343 2457 2411 epulum
2488 2359 2551 2397 ex
2586 2360 2707 2398 sese
2739 2344 2942 2399 lautius
2973 2346 3213 2413 praebere
3239 2361 3369 2416 pos-

1795 2433 1925 2485 sint.
1954 2430 2097 2499 Quin
2127 2432 2289 2487 etiam
2317 2448 2507 2502 pmnas
2537 2451 2566 2489 a
2603 2436 2929 2504 quibusdam
2961 2438 3370 2507 sacrilegiorum

1796 2537 2021 2576 suorum
2067 2523 2242 2593 palam
2280 2539 2345 2579 ac
2371 2522 2657 2579 manifeste
2701 2526 3005 2595 persolutas
3040 2528 3209 2583 fuisse
3239 2545 3372 2586 con-

1795 2621 1923 2667 stat.
1987 2612 2231 2679 Quorum
2258 2622 2312 2668 et
2338 2613 2442 2668 hoc
2477 2614 2597 2670 loco
2628 2617 2825 2672 seriem
2858 2625 3060 2684 texere,
3092 2619 3219 2689 quia
3248 2621 3373 2675 inu-

1797 2704 1905 2757 tilis
1929 2719 2105 2773 opera:
2128 2703 2310 2768 fuerit,
2327 2705 2633 2774 exemplum
2655 2721 2824 2760 unum
2840 2707 3105 2763 duntaxat
3125 2711 3370 2765 omnium

1794 2793 1966 2847 instar
1993 2792 2238 2863 proferre
2285 2805 2575 2851 contentus
2605 2811 2719 2851 ero.
2749 2796 2918 2866 Igitur
2947 2799 3089 2853 sacri
3120 2798 3369 2854 Phocen-

1794 2887 1872 2941 sis
1899 2885 2023 2941 belli
2051 2887 2347 2957 scriptores
2377 2891 2655 2944 memoriae
2687 2890 3078 2960 prodiderunt,
3127 2908 3252 2947 cum
3284 2892 3373 2948 lex

1794 2978 2119 3049 sacrilegum
2166 2989 2261 3033 aut
2308 2980 2427 3034 dari
2474 2982 2839 3051 prmcipitem,
2885 2984 3065 3038 autin
3096 3000 3246 3040 mare
3273 2988 3372 3039 de-

1796 3072 1987 3142 mergi,
2018 3078 2111 3126 aut
2141 3071 2266 3142 igne
2291 3074 2522 3128 cremari
2553 3073 2788 3143 juberet,
2827 3084 2934 3131 tres
2963 3076 3104 3143 illos,
3130 3077 3222 3147 qui
3250 3076 3374 3133 Dci-

1798 3163 2016 3232 phicum
2049 3164 2308 3233 templum
2345 3167 2748 3235 spoliaverunt,
2790 3168 3184 3232 Philomelam,
3220 3170 3372 3226 Uno-

1800 3255 2103 3321 marchum,
2152 3265 2207 3311 ct
2234 3254 2518 3329 Pbayllum
2540 3300 2555 3324 ,
2581 3259 2721 3313 inter
2747 3276 2805 3315 se
2832 3260 2932 3314 tria
2967 3261 3056 3315 illa
3082 3262 3375 3331 supplicio-

1799 3362 1920 3401 rum
1956 3362 2153 3418 genera
2183 3349 2459 3405 divisisse.
2516 3349 2725 3421 Quippe
2755 3368 2921 3406 unum
2954 3354 3097 3407 enim
3131 3354 3372 3419 illorum,

1799 3452 1927 3492 cum
1972 3454 2069 3508 per
2118 3439 2388 3495 ditlicilem
2419 3458 2482 3497 ac
2514 3444 2849 3499 salebrosum
2886 3454 3124 3501 montem
3154 3446 3373 3503 incede-

1800 3540 1901 3598 ret,
1930 3533 2180 3604 disrupto
2212 3549 2345 3590 saxo
2376 3536 2706 3606 praecipitem
2738 3545 2943 3603 actum,
2975 3537 3204 3606 ejusque
3232 3538 3376 3593 mole

1799 3624 2056 3679 obrutum
2104 3627 2366 3696 periisse;
2426 3629 2685 3692 alterum,
2722 3645 2884 3699 equo,
2914 3630 2999 3684 cui
3025 3638 3138 3683 tum
3167 3630 3375 3684 inside-

1800 3717 1923 3783 bat,
1970 3719 2198 3773 habenis
2245 3720 2524 3783 excussis,
2573 3720 2628 3774 in
2675 3735 2824 3774 mare
2854 3720 3031 3790 ipsum
3065 3720 3373 3786 dcsiliente,

1801 3810 2116 3865 inundantis
2165 3822 2332 3865 aestus
2384 3811 2585 3880 impetu
2634 3811 2949 3879 abreptum,
2996 3821 3052 3864 et
3106 3810 3376 3867 immenso

1800 3901 2009 3971 gurgite
2044 3917 2153 3956 una
2174 3918 2299 3956 cum
2336 3903 2454 3972 ipso
2484 3902 2833 3974 quadrupede
2868 3902 3122 3955 haustum
3161 3900 3369 3962 fuisse:

1799 3992 2079 4064 Phayllum
2111 3993 2343 4063 denique
2365 4002 2459 4047 aut
2492 3993 2633 4048 fmda
2662 3994 2786 4047 tabe
2809 4003 3193 4064 consumptum
3230 4009 3372 4058 esse,

1800 4095 1893 4141 aut
1921 4084 2084 4140 simul
2111 4102 2235 4140 cum
2269 4086 2473 4141 Abensi
2506 4086 2707 4154 templo
2738 4086 3106 4154 conﬂagrasse
3133 4104 3145 4140 :
3175 4087 3377 4157 duplex

1799 4179 1943 4234 cnim
1974 4178 2092 4248 ejus
2119 4179 2185 4233 dc
2223 4186 2398 4233 morte
2424 4176 2567 4231 fama
2591 4177 2992 4233 circumfertur.
3038 4179 3194 4233 Enim
3219 4194 3373 4241 vero.

1799 4286 1928 4325 casu
1968 4271 2070 4324 ista
2102 4270 2427 4341 contigisse,
2473 4285 2636 4326 nemo
2667 4286 2906 4340 unquam
2936 4271 3042 4326 nisi
3074 4271 3376 4327 contentio-

1800 4362 2053 4431 sissimus
2076 4362 2294 4417 dixerit.
2358 4363 2491 4416 Nam
2520 4362 2565 4417 si
2592 4378 2735 4418 unus
2759 4372 2856 4417 aut
2881 4364 3038 4429 alter,
3071 4366 3116 4420 si
3144 4354 3375 4422 diversis

105 4456 432 4528 ἐρημοῦται,
465 4455 555 4509 διὰ
588 4456 926 4528 προμήθειαν
956 4457 1179 4529 ἀρετῆς.
1225 4457 1446 4521 Ἰκανώς
1482 4458 1577 4528 μὲν
1601 4454 1691 4511 οὖν

1802 4454 2158 4523 temporibus,
2207 4454 2250 4510 si
2308 4456 2414 4509 alia
2467 4470 2754 4525 poenarum
2805 4471 3004 4524 genera
3055 4458 3382 4523 subiissent,

105 4548 182 4613 εῐς
208 4567 274 4618 γε
304 4548 377 4603 τά
410 4549 657 4621 παρόντα
684 4551 814 4621 περὶ
840 4550 934 4602 τοῦ
968 4551 1042 4622 μή
1076 4565 1196 4603 τινα
1221 4551 1330 4604 τῶν
1360 4550 1577 4621 φαύλων
1607 4552 1697 4604 εὑ-

103 4639 406 4712 δαιμονεῖν,
440 4641 517 4705 ὼς
542 4637 717 4713 οἶμαι,
747 4642 1029 4697 λέλεκταιι
1062 4642 1130 4695 δι’
1164 4636 1239 4697 ὧν
1293 4644 1526 4714 μάλιστα
1557 4660 1697 4715 παρ-

108 4731 320 4787 ῑσταται
342 4734 408 4786 τὸ
447 4729 585 4786 εῖναι
624 4734 908 4805 Πρόνοιαν.
950 4736 1014 4789 Εἰ
1051 4735 1108 4789 δὲ
1153 4735 1376 4807 μηδέπω
1413 4736 1693 4799 πέπεισαι,

103 4821 192 4875 τὸν
222 4823 300 4877 ἔθ’
325 4821 763 4895 ὑποικουροῦντα
800 4822 1122 4895 ἐνδοιασμδν
1158 4825 1279 4877 εἰπέ
1315 4824 1551 4898 θαρρῶν·
1584 4825 1693 4896 ἀμ-

104 4914 323 4988 φότεροι
354 4915 470 4985 γὰρ
566 4914 800 4985 τάληθὲς
839 4914 952 4986 ἔχει
994 4916 1517 4988 συνδιαπονήσαντες
1550 4918 1695 4971 εἰσό-

109 5003 267 5071 μεθα.
300 5025 320 5057 ι
353 5006 466 5059 Καὶ
499 5006 616 5076 μεθ’
642 5007 806 5077 ἕτερα
835 5007 999 5062 πάλιν
1031 5009 1217 5079 φησίν·
1258 5028 1276 5061 t
1330 5009 1572 5080 Ἀνέμων
1600 5011 1694 5064 καὶ

106 5092 281 5148 ὑετῶν
299 5094 476 5167 φορὰς
494 5097 594 5148 οὑκ
612 5096 705 5150 ἐπὶ
722 5096 785 5149 λύ
794 5112 873 5171 μῃ
886 5096 994 5151 τῶν
1012 5098 1302 5163 πλεόντων,
1324 5099 1400 5163 ὡς
1421 5099 1694 5171 ἐνόμιζες,

176 5312 293 5389 (35)
337 5315 702 5384 ’Ezlxatpor.
747 5317 857 5372 Alt.
900 5332 932 5373 e
962 5333 1243 5374 manuscr.
1278 5318 1562 5389 distinguit
1599 5318 1692 5371 ἐπὶ

108 5400 316 5439 καιοον.

178 5453 296 5521 (36)
328 5453 445 5509 Τὸν
472 5455 659 5509 αὑτὸν
685 5458 927 5524 τρόπον.
963 5456 1162 5511 Eadem
1201 5475 1230 5511 e
1258 5457 1471 5511 caeteris
1497 5457 1691 5512 divinze

110 5524 905 5597 Providetrtieerdefensoribus
936 5530 1172 5597 graviter
1214 5544 1278 5582 ac
1325 5544 1449 5581 vere
1498 5528 1689 5596 dispu-

110 5602 317 5649 tantur.
351 5594 587 5668 Gemina
618 5596 768 5668 dabit
809 5597 863 5650 in
895 5594 1088 5667 primis
1119 5599 1380 5668 Syrtcsius
1410 5594 1687 5667 epis-{57,

111 5678 277 5736 quam
305 5665 492 5719 verius
515 5667 829 5736 concionem
863 5665 1085 5723 dixeris.
1117 5665 1293 5723 Pauci
1321 5670 1433 5722 haec
1446 5665 1642 5736 accipe
1670 5687 1682 5721 :

118 5730 267 5800 ’Δρα
314 5734 616 5800 τωμητέον
651 5736 869 5801 ἔρεσθαι
919 5736 1086 5801 Θεόνς
1118 5742 1217 5797 Διὰ
1252 5740 1302 5792 τί
1342 5739 1405 5791 σὺ
1441 5739 1540 5807 μὲν
1571 5730 1686 5792 ἀνί·

1801 4544 2034 4602 fortuna:
2054 4547 2389 4603 mutabilitas
2415 4557 2469 4603 et
2496 4548 2859 4602 inconstantia
2886 4550 3104 4619 praetexi
3138 4549 3383 4606 fortasse

1797 4643 1998 4704 posset.
2068 4634 2226 4691 Nunc
2272 4653 2429 4704 vero,
2468 4652 2590 4691 cum
2635 4648 2690 4692 et
2735 4638 2896 4694 simul
2944 4654 3155 4703 omnes,
3191 4649 3244 4695 et
3272 4642 3381 4696 sub

1798 4726 1940 4781 idem
1986 4736 2237 4799 tempus,
2278 4743 2380 4783 nec
2408 4728 2531 4783 aliis
2577 4744 2740 4798 quam
2774 4730 2890 4800 lege
2920 4730 3145 4785 sancitis
3195 4730 3377 4787 aﬂ‘ecti

1796 4819 1973 4888 pmuis
2021 4819 2253 4885 fuerint,
2302 4820 2491 4893 utique
2535 4820 2811 4876 fatendum
2861 4830 2946 4877 est
2988 4837 3111 4877 reos
3138 4823 3258 4878 illos
3290 4823 3376 4878 di-

1794 4909 1923 4962 vino
1943 4908 2152 4978 judicio
2199 4921 2444 4979 peractos
2488 4911 2886 4981 damnatosque
2932 4912 3181 4983 periisse.
3210 4912 3374 4985 393

1796 4997 1951 5064 Quod
1978 5000 2025 5071 si
2059 5016 2127 5069 ex
2161 5003 2411 5073 tyrannis
2442 5003 2691 5074 reliquis,
2749 5004 2996 5058 nonnulli
3029 5019 3153 5059 cum
3185 5004 3372 5060 multi-

1798 5092 2042 5147 tudinem
2094 5095 2528 5163 Oppressissent,
2576 5112 2675 5151 nec
2707 5096 2843 5151 alios
2889 5104 3095 5151 tantum
3125 5095 3370 5166 populos,

1795 5331 1926 5385 στης
1962 5314 2162 5386 ἄνδρας
2204 5314 2296 5368 ἐπὶ
2346 5316 2469 5379 τοὺς
2488 5314 2903 5386 ,ἡμαρτηκότας
2948 5331 3030 5367 σοι
3072 5313 3370 5386 τιμωροὺς,

1795 5332 1926 5385 στης
1962 5332 2162 5386 ανορας
2204 5332 2296 5368 επι
2346 5332 2469 5379 τους
2514 5332 2698 5437 ηὲιαρτ
2739 5332 2903 5379 κοτας
2948 5332 3030 5367 σοι
3072 5332 3370 5438 τιμωρους,

1792 5385 1999 5458 ὃτανλδὲ
2033 5386 2413 5458 ὑπηρετήσωσι
2440 5385 2542 5458 τῷᾼ
2577 5384 2672 5454 είῳ
2702 5332 3023 5457 ἓουλήματι,
3054 5386 3155 5458 καὶᾼ
3174 5401 3209 5458 γ
3241 5402 3373 5458 νων-

1791 5472 1881 5507 ται
1908 5454 2091 5526 δήμιοι
2117 5454 2344 5518 τούτοις,
2380 5456 2464 5525 ἐφ’
2490 5454 2585 5517 οὓς
2609 5454 3054 5524 καταπέμπονται
3080 5495 3094 5517 ,
3133 5454 3250 5508 δέον
3280 5457 3374 5508 ἐκ·

1791 5526 1937 5599 τίσαι
1962 5525 2141 5599 χάριν
2158 5527 2257 5595 τῆς
2285 5526 2583 5599 ὑπουργίας
2601 5566 2615 5590 ,
2643 5526 2763 5599 τότε
2800 5525 2863 5598 δὴ
2894 5526 3124 5599 μάλιστα
3150 5526 3244 5599 καὶ
3275 5541 3370 5599 κο-

1791 5594 2076 5661 λάζονταις
2108 5594 2318 5663 Quibus
2353 5594 2672 5666 resp0tisuttt
2704 5594 3124 5666 idem's‘ubjicit,
3149 5597 3381 5652 homine

1791 5674 1908 5743 tum
1952 5678 2011 5746 et
2055 5668 2367 5723 Christiano
2411 5676 2464 5723 ct
2501 5665 2942 5724 Christianorum
2976 5665 3248 5739 episcopo
3287 5667 3371 5722 di:-

1794 5752 2139 5807 gmssunum.
