3824 6226
419 300 526 358 6C7

1073 296 1348 354 El'SEBll
1387 293 1878 354 CzESARlEhSlS
1917 293 2064 349 OPP.
2109 291 2290 346 PARS
2331 290 2392 347 ll.
2422 323 2492 334 -——
2517 291 3015 363 AFOLOGETICA.

3587 294 3692 353 668

409 424 504 482 sed
549 423 782 494 patriam
831 437 1050 492 quoque
1102 436 1257 475 suam
1311 420 1365 474 in
1399 421 1718 474 servitutem
1757 417 1956 486 redegit

2114 413 2134 486 ἢ
2165 403 2578 487 γεωργούντων,
2625 414 2740 469 ἀλλ’
2769 417 2857 468 ἐπ’
2886 414 3126 488 ὠφελείᾳ
3166 415 3261 470 τοῦ
3297 416 3495 482 παντὸς
3531 419 3694 490 ἡμῶν

407 529 526 572 sent
549 559 564 582 ,
617 517 796 570 nullas
825 523 1002 568 tattten
1057 528 1246 582 poenas
1279 512 1498 566 subiere
1519 553 1535 576 ,
1588 512 1721 565 nihil
1753 508 1996 580 profecto

406 611 628 663 mirun.
681 607 924 661 Primum
967 606 1135 666 enim,
1187 605 1346 672 longe
1396 604 1541 657 aliud
1609 604 1848 658 hominis
1892 612 1994 668 est,

406 701 551 754 aliud
590 699 682 752 Dei
710 699 976 767 judicium
1014 715 1026 750 :
1065 713 1190 751 cum
1247 697 1407 750 obvia
1459 697 1633 750 solum
1668 711 1732 750 ac
1767 696 1997 750 manife-

405 804 488 848 sta
543 807 775 860 quzeque
827 791 1013 844 rimari
1051 799 1105 843 et
1147 791 1434 858 explorare
1481 789 1791 854 soleamus,
1851 789 1994 844 Deus

401 894 586 939 autem
625 884 678 936 in
711 883 932 936 intimas
981 898 1155 949 usque
1199 883 1507 936 animorum
1559 881 1794 934 latebras
1831 891 1995 949 atque

402 991 654 1031 recessus
685 978 890 1043 absque
926 975 1038 1029 ullo
1073 976 1301 1043 strepitu
1335 975 1560 1028 subiens
1587 989 1650 1026 ac
1679 982 1990 1042 penetrans,

400 1079 636 1120 mentem
667 1069 840 1136 ipsam
879 1067 1100 1134 perimle
1137 1076 1195 1121 ut
1225 1067 1276 1120 in
1321 1066 1436 1121 sole
1487 1067 1838 1134 c0nspicuam
1869 1067 1993 1119 illu-

398 1167 678 1227 stremqne
714 1159 1022 1228 perv-ideal,
1071 1175 1134 1212 ac
1169 1158 1486 1220 subductis,
1545 1159 1746 1228 quibus
1776 1158 1993 1226 tegeba-

399 1260 507 1312 tur,
543 1251 842 1306 involucris
875 1251 1131 1304 omnibus
1153 1291 1169 1316 ,
1218 1251 1444 1303 consilia
1477 1265 1782 1319 sensusque
1813 1250 1989 1305 nudos

396 1330 817 1413 contempletur,
853 1356 902 1399 et
929 1343 1194 1413 quidquid
1231 1342 1470 1397 fucatum
1515 1344 1990 1413 adulterinumque

398 1435 562 1490 fuerit
620 1451 650 1490 a
709 1435 878 1504 probo
936 1435 1289 1505 legitimoque
1349 1446 1616 1490 secernat.
1683 1435 1988 1491 Caveamus

394 1541 546 1596 ergo,
602 1543 668 1581 ne
712 1526 978 1596 judicium
1034 1526 1135 1596 ipsi
1184 1537 1458 1590 nostrum,
1495 1527 1682 1579 divino
1735 1527 1834 1589 illi,
1867 1539 1988 1581 tan-

395 1635 560 1689 quam
593 1621 776 1674 Verius
819 1635 882 1674 ac
929 1618 1233 1687 sapientius
1283 1618 1552 1672 anteferre
1587 1634 1826 1688 unquam
1855 1620 1988 1674 veli-

397 1730 540 1768 mus.
579 1713 740 1768 Nefas
770 1693 913 1767 enim
939 1713 989 1766 id
1023 1728 1267 1782 prorsus.
1304 1713 1358 1766 in
1385 1722 1575 1766 nostro
1603 1713 1806 1781 quippe
1835 1713 1986 1768 frau-

2105 509 2296 576 γένους
2341 509 2369 562 ὁ
2412 509 2545 572 Θεὸς
2583 508 2894 581 ἐργάζεται.
2941 509 3137 563 ’Υδασι
3184 509 3282 580 μὲν
3319 509 3426 584 γὰρ
3455 510 3554 582 τὴν
3583 510 3693 583 γῆν

2104 603 2380 676 καθαίρει,
2408 604 2498 656 τὸν
2522 604 2566 658 δ’
2586 605 2692 658 ὑπὸ
2712 604 2938 676 σελήνην
2962 603 3074 676 (57)
3097 603 3312 659 ἅπαντα
3333 605 3508 678 χῶρον
3531 605 3693 658 πνεύο

2106 712 2290 764 μασιν·
2324 696 2656 766 ἀμφοτέροις
2685 695 2740 748 δὲ
2776 694 2891 759 ζῶα
2927 697 3020 750 καὶ
3057 695 3200 766 φυτά
3225 696 3436 768 τρέφει,
3473 697 3566 750 καὶ
3595 695 3691 750 αὕ-

2103 795 2203 862 ξει,
2229 799 2321 851 καὶ
2343 798 2552 851 τελειοῖ.
2586 799 2648 851 El
2675 797 2732 851 δὲ
2765 799 2893 862 τοὺς
2923 799 2996 870 μὴ
3031 801 3088 852 ὲν
3113 798 3292 870 καιρῷ
3326 797 3621 870 πλωτῆρας
3655 799 3690 871 ἢ

2100 891 2410 958 γεωπόνους
2439 890 2587 943 ἔστιν
2619 891 2704 944 ὅτε
2725 889 3088 960 βλάπτει,θαυ
3097 893 3300 962 μαστὸν
3318 891 3489 944 οὐδέν’
3513 892 3688 963 βραχῦ

2099 981 2208 1054 γὰρ
2231 979 2374 1038 οὗτοι
2405 981 2589 1054 μέρος,
2613 984 2645 1054 ἡ
2671 982 2714 1034 δ’
2743 982 3030 1052 ἐπιμέλεια
3047 981 3142 1035 τοῦ
3164 983 3364 1046 παντὸς
3385 983 3690 1055 ἀνθρώπων

2097 1077 2309 1144 γένους.
2336 1077 2504 1128 Ὣσπε
2516 1094 2545 1148 ρ
2561 1071 2652 1128 οὖν
2671 1075 2730 1128 τὸ
2747 1076 2804 1128 ἐν
2818 1074 2896 1145 τῷ
2916 1076 3203 1146 γυμνασίῳ
3216 1075 3459 1147 ἄλειμμα
3477 1075 3690 1132 τίθεται

2101 1169 2199 1240 μὲν
2236 1170 2323 1221 ἐπ’
2352 1167 2609 1238 ὠφελείᾳ,
2647 1167 2908 1230 πολλάκις
2934 1166 2978 1219 δ’
3009 1168 3036 1219 ὁ
3075 1167 3483 1238 γυμνασίαρχος
3519 1167 3688 1223 ἕνεκα

2098 1260 2391 1316 πολιτικῶν
2425 1259 2624 1332 χρειῶν
2655 1258 2804 1330 ὥρας
2832 1259 2932 1330 τῆς
2955 1260 3012 1311 ἐν
3035 1259 3144 1312 ἔθει
3173 1259 3437 1330 μετέθηκε
3464 1261 3564 1332 τὴν
3590 1262 3688 1315 τά-

2097 1353 2199 1419 ξιν,
2222 1354 2288 1407 δι’
2305 1348 2372 1424 ἧς
2392 1352 2698 1423 ὑστέρησαν
2727 1351 2854 1406 ἔνιοι
2880 1352 2988 1404 τῶν
3012 1351 3401 1422 ἀλειφομένων
3425 1351 3567 1406 οὕτω
3589 1355 3687 1408 καὶ

2094 1449 2122 1500 ὀ
2152 1446 2305 1510 Θεὸς,
2340 1440 2427 1498 οἷα
2473 1445 2699 1508 πόλεως,
2741 1445 2836 1499 τοῦ
2885 1445 3088 1509 παντὸς
3129 1445 3558 1517 ἐπιμελούμενος
3591 1449 3687 1500 κόο

2098 1553 2256 1607 σμου,
2303 1536 2435 1610 θέρη
2473 1537 2847 1607 χειμαίνοντα,
2906 1537 3001 1590 καὶ
3051 1537 3328 1608 χειμῶνας
3360 1535 3687 1608 ὲαρίξοντας

2094 1629 2251 1682 εἴωθε
2271 1633 2442 1682 ποιεῖν
2462 1630 2553 1682 ἐπὶ
2569 1632 2634 1700 τῇ
2653 1629 2745 1682 τοῦ
2772 1629 2970 1693 παντὸς
2986 1629 3240 1702 ὠφελείᾳ,
3265 1629 3366 1684 κάν
3384 1632 3430 1683 εί
3453 1629 3686 1702 ναύκλη-

2096 1721 2177 1796 ροί
2203 1739 2348 1785 τινες
2379 1721 2410 1792 ἥ
2439 1722 2540 1792 γῆς
2561 1721 2792 1793 ἐργάται
2819 1721 3062 1791 μέλλοιεν
3082 1725 3202 1786 ταῖς
3229 1723 3432 1776 τούτων
3455 1725 3686 1795 ἀνωμα-

393 1805 480 1859 dis
515 1804 669 1857 ntulli
694 1813 819 1858 sunt
845 1803 1162 1873 erronisque
1196 1803 1396 1868 fontes,
1434 1819 1694 1858 sensuum
1733 1803 1956 1858 fallaciae

2114 1813 2225 1876 iac;
2253 1811 2599 1883 ζημιοῦσθαι.
2629 1813 2741 1876 Τὰς
2776 1808 2866 1866 οὖν
2912 1813 3018 1866 τῶν
3065 1813 3346 1884 στοιχείων
3375 1815 3455 1876 εἰς
3476 1813 3684 1884 ἄλληλα

391 1896 861 1966 perturbationum
889 1896 1122 1958 insidie,
1139 1895 1366 1965 objecta:
1385 1896 1651 1950 scelerum
1674 1896 1844 1950 moles
1867 1913 1984 1966 gra-

389 1989 650 2043 vissimae.
718 1987 772 2040 lu
809 1988 995 2040 divino
1035 1996 1240 2052 autem,
1287 1987 1431 2058 quod
1461 1987 1716 2056 decipiat,
1757 1989 1982 2042 omnino

392 2081 528 2135 nihil
564 2101 578 2135 :
611 2083 840 2151 aequitas
891 2092 1081 2136 contra
1141 2083 1452 2150 veritasque
1482 2091 1745 2152 regnant,
1781 2084 1981 2153 quibus

388 2190 630 2243 expensa
683 2175 1090 2244 constitutaque
1140 2174 1372 2243 singula,
1412 2173 1756 2228 laudabiliter
1805 2175 1982 2227 solent

389 2263 729 2334 feliciterque
764 2266 1078 2318 succedere.
1150 2262 1354 2317 Deinde
1405 2278 1554 2326 vero,
1604 2265 1831 2327 cavesis,
1905 2265 1978 2318 mi

389 2356 555 2410 homo
579 2395 593 2419 ,
625 2357 870 2410 ittutiletn
897 2396 912 2420 ,
945 2357 995 2409 in
1029 2366 1243 2424 tempus
1271 2354 1462 2408 saltem
1501 2354 1753 2423 aliquod,
1791 2364 1978 2426 tyran-

385 2450 568 2503 nidem
620 2450 884 2502 arbitrere
941 2467 955 2503 :
1007 2463 1184 2517 neque
1222 2447 1368 2500 enim
1408 2447 1618 2516 punitio
1647 2463 1978 2516 supervaca-

384 2555 549 2594 neum
589 2539 848 2608 quiddam
882 2547 998 2602 est,
1029 2541 1120 2594 sed
1151 2539 1333 2608 potius
1365 2539 1540 2608 expeti
1572 2539 1826 2608 exigique
1858 2555 1975 2608 pte-

384 2647 510 2696 nas,
546 2643 642 2686 aut
691 2632 824 2687 viris
869 2632 1033 2685 etiam
1090 2632 1277 2700 probis
1328 2631 1516 2686 utilius
1545 2642 1646 2694 est,
1692 2645 1784 2684 aut
1811 2632 1879 2684 ab
1912 2631 1977 2684 iis

382 2735 530 2780 certe
573 2741 680 2778 non
719 2725 982 2778 alienum.
1035 2722 1223 2793 Itaque
1251 2740 1374 2777 cum
1411 2723 1461 2776 id
1494 2723 1712 2792 optimis
1744 2723 1978 2791 quihus-

381 2831 491 2886 que
524 2816 735 2885 legibus
767 2817 1228 2885 comprehensum
1261 2831 1402 2872 esse.
1435 2827 1546 2867 tum
1582 2816 1728 2882 ipsos
1758 2829 1976 2884 quoque

383 2909 601 2962 illarum
626 2919 880 2962 auctores
903 2909 972 2962 ab
993 2909 1250 2962 omnibus
1278 2909 1484 2962 laudari
1507 2909 1772 2962 videmus.
1793 2907 1979 2961 Enim-

381 3017 512 3055 vero
558 3003 705 3072 quod
755 3011 1020 3072 tyrannus
1063 3001 1116 3054 in
1171 3003 1389 3071 populo,
1427 3001 1530 3054 hoc
1561 3001 1736 3069 ipsqu
1775 3001 1828 3054 itt
1861 3001 1976 3070 lege

378 3094 594 3164 punitio
619 3103 720 3147 est.
761 3091 863 3146 Ubi
896 3108 1026 3163 ergo
1061 3093 1254 3162 ingens
1285 3093 1532 3163 quaedam
1567 3093 1730 3148 urbes
1760 3095 1974 3147 virtutis
2003 3135 2044 3190 ε

380 3186 608 3254 penuria
657 3185 1006 3255 sulitudoque
1056 3185 1334 3254 pervadit,
1384 3186 1473 3238 ubi
1515 3185 1730 3238 exsistit
1765 3186 1967 3255 pa~sim

381 3277 737 3345 abundatque
774 3277 1029 3330 vecordia
1081 3295 1094 3330 :
1154 3287 1267 3330 tum
1301 3277 1444 3332 Deus
1478 3278 1616 3331 hanc
1648 3278 1969 3346 improbita-

381 3369 451 3422 tis
477 3369 787 3432 colluviem,
842 3383 950 3421 non
989 3383 1151 3423 secus
1184 3384 1247 3424 ac
1277 3384 1495 3422 cursum
1524 3368 1762 3437 aliquem
1797 3368 1970 3438 impc-

379 3468 608 3530 tumque
639 3463 916 3527 torrentis,
952 3460 1201 3516 derivare
1237 3460 1486 3530 cupiens,
1540 3477 1760 3515 onmem
1797 3473 1854 3516 ut
1881 3479 1972 3532 ge-

378 3549 496 3604 neri
527 3561 718 3605 nostro
751 3551 926 3605 labent
956 3550 1180 3614 eximat,
1217 3551 1468 3604 homines
1503 3561 1698 3606 natura
1728 3568 1826 3606 sua
1863 3553 1968 3606 im-

377 3645 626 3714 periosus
673 3645 724 3698 vi
773 3660 837 3700 ac
869 3653 1132 3714 potestate
1164 3651 1361 3696 armat.
1430 3640 1542 3696 Nec
1567 3643 1712 3698 enim
1751 3645 1980 3714 purgari.

379 3739 559 3794 scelus
597 3738 700 3793 nisi
730 3738 798 3792 ab
823 3738 1009 3792 animo
1036 3736 1314 3790 acerbiore
1343 3745 1535 3806 potest.
1603 3735 1667 3788 Et
1707 3736 1972 3806 quemad-

378 3833 602 3886 modum
635 3829 958 3900 respublica
988 3828 1252 3882 adversus
1283 3827 1608 3889 homicidas,
1637 3827 1965 3896 proditores,

374 3931 432 3976 et
458 3923 788 3992 sacrilegos,
817 3919 1102 3974 carniﬁces
1133 3919 1287 3973 alunt
1307 3959 1322 3982 ,
1373 3935 1481 3973 non
1510 3919 1655 3988 quod
1693 3935 1812 3974 eam
1847 3921 1970 3975 vita:

374 4013 643 4067 rationem
679 4013 1102 4082 institutumque
1163 4012 1406 4075 laudent,
1443 4013 1536 4066 sed
1569 4012 1716 4082 quod
1777 4012 1966 4066 utilem

372 4119 566 4161 eorum
593 4119 812 4173 Operam
836 4104 1312 4174 esseintelligant;
1350 4105 1424 4157 ita
1455 4119 1708 4158 summus
1735 4104 1824 4158 llle
1849 4120 1969 4158 tua-

374 4211 496 4268 gna!
525 4196 713 4250 mundi
759 4195 922 4265 hujus
971 4196 1283 4266 reipublicae
1326 4197 1670 4262 moderator,
1709 4205 1968 4268 tyrannos

373 4288 444 4345 iis
497 4305 892 4358 nonnunquam
945 4288 1282 4350 civitatibus,
1340 4289 1566 4358 perinde
1613 4304 1677 4343 ac
1731 4299 1967 4344 tortores

371 4378 621 4448 publicos
661 4379 885 4447 praeficit
906 4421 918 4441 ,
965 4394 1104 4446 quas
1129 4379 1179 4431 vi
1202 4419 1218 4438 ,
1273 4379 1490 4447 injuriis
1511 4420 1526 4444 ,
1556 4379 1869 4448 impietate,
1904 4397 1968 4436 ac

2089 1903 2418 1976 μεταϐολὰς,
2460 1903 2522 1968 ἐξ
2551 1897 2626 1958 ὧν
2663 1906 2692 1958 ὁ
2735 1905 2942 1975 κόσμος
2984 1905 3165 1976 ἐπάγη
3198 1905 3292 1958 καὶ
3327 1905 3679 1976 συνέστηκεν,

2083 1995 2238 2058 εἰδὼς
2270 1996 2701 2063 ἀναγκαιότατον
2742 1994 2924 2068 ἔργον,
2981 1995 3294 2059 ἀκωλύτους
3336 1998 3678 2068 παρέχεται·

2087 2089 2290 2158 πάχναι
2333 2086 2389 2139 δὲ
2423 2087 2516 2139 καὶ
2546 2087 2746 2158 χιόνες,
2787 2089 2882 2140 καὶ
2928 2088 3028 2140 ὅσα
3087 2088 3456 2158 ὁμοιότροπα,
3515 2088 3680 2160 ἀέρος

2083 2177 2443 2232 ἐπακολουθεῖ
2468 2177 2802 2248 καταψύξει,
2846 2177 2940 2231 καὶ
2992 2177 3154 2232 πάλιν
3207 2177 3544 2252 προσαράξει
3582 2179 3680 2231 καὶ

2083 2270 2418 2343 παρατρίψει
2465 2269 2644 2340 νεφῶν
2719 2271 2994 2342 ἀστραπαί
3048 2286 3109 2322 τε
3155 2270 3247 2322 καὶ
3293 2268 3534 2340 βρονταί.
3574 2265 3681 2324 Ὧν

2081 2364 2230 2416 οὑέἒν
2259 2363 2389 2426 ἴσως
2429 2363 2570 2416 κατὰ
2605 2361 2884 2433 πρόνοιαν,
2922 2361 3035 2415 ἀλλ’
3065 2362 3210 2415 ὑετοὶ
3237 2362 3332 2416 καλ⁸
3363 2362 3674 2432 πνεύματα,

2083 2454 2228 2526 ζωῆς
2251 2455 2343 2508 καὶ
2373 2456 2596 2527 τροφῆς,
2615 2456 2708 2508 καὶ
2737 2453 3014 2525 αὐξήσεως
3041 2457 3152 2518 τοῖς
3187 2455 3314 2526 περὶ
3355 2455 3460 2526 γῆν
3503 2455 3672 2519 αἴτια,

2081 2543 2156 2602 ὧν
2181 2548 2355 2603 ταῦτα
2373 2547 2711 2618 ὲπακολουθή
2721 2565 2886 2618 ματα.
2923 2542 3046 2611 Οἷα,
3073 2548 3485 2618 γυμνασιάρχου
3521 2547 3672 2616 φιλοο

2078 2640 2292 2710 τιμίαις
2357 2639 2619 2702 πολλάκις
2669 2639 2960 2709 ἀνειμένας
3014 2639 3340 2708 ποιουμένου
3387 2639 3672 2706 δαπάνας,

2079 2731 2194 2786 ἀνθ’
2226 2730 2414 2791 ὓδατος
2439 2730 2604 2799 ἐλαίῳ
2632 2729 3061 2800 καταιονώμενοί
3083 2729 3191 2799 (38)
3215 2745 3358 2792 τινες
3383 2728 3495 2782 τῶν
3518 2729 3675 2782 ἀπει-

2082 2823 2361 2896 ροκάλων,
2421 2823 2500 2884 εἰς
2548 2819 2814 2888 τοῦδαφος
2877 2820 3097 2890 ῥανίδας
3157 2819 3598 2883 άποστάζουσινο
3646 2817 3677 2874 6

2077 2917 2123 2970 δ’
2153 2914 2570 2988 ὀλισθηρότατος
2605 2914 2800 2966 αὐτίκα
2832 2913 3040 2982 γίνεται
3080 2912 3282 2982 πηλός’
3317 2911 3433 2965 ἀλλ’
3471 2914 3576 2965 οὐκ
3613 2911 3675 2965 ἀν

2078 3026 2162 3072 τις
2197 3006 2253 3062 εὖ
2289 3006 2502 3078 φρονῶν
2535 3007 2701 3070 εἴποι,
2733 3005 2826 3058 τὸν
2859 3004 3028 3076 πηλὸν
3055 3003 3148 3057 καὶ
3174 3003 3265 3056 τὸν
3295 3001 3512 3056 δλισθον
3541 3020 3675 3072 προ-

2083 3102 2280 3174 μηθείᾳ
2319 3101 2411 3154 τοῦ
2443 3099 2856 3171 γυμνασιάρχου
2892 3097 3205 3166 γεγονέναι,
3257 3095 3653 3167 παρηκολουθη

2077 3195 2230 3248 κέναι
2268 3193 2326 3246 δὲ
2373 3192 2548 3254 ἄλλως
2589 3195 2656 3262 τῇ
2712 3189 2945 3260 ἀφθονία
2989 3187 3098 3242 τῶν
3144 3186 3420 3259 χορηγιῶν
3467 3187 3671 3240 ταῦτα.

2072 3279 2214 3354 Ἶρις
2247 3283 2302 3336 δὲ
2358 3282 2451 3335 καὶ
2502 3281 2666 3346 ἅλως,
2702 3280 2797 3334 καὶ
2821 3281 2920 3333 ὅσα
2947 3279 3301 3350 ὁμοιότροπα,
3328 3276 3492 3330 πάλιν
3525 3277 3676 3331 ἐστὶν

2072 3373 2250 3426 αὐτῶν
2287 3371 2700 3444 ὲγκιρναμένων
2739 3371 2847 3442 (59)
2878 3373 2993 3434 τοῖς
3031 3370 3254 3437 νέφεσιν
3299 3367 3675 3438 ἐπακολουθή-

2075 3479 2240 3534 ματα,
2282 3463 2383 3514 οὐκ
2429 3461 2566 3533 ἔργα
2618 3461 2835 3530 φύσεως
2882 3459 3298 3532 προηγούμενα,
3337 3460 3595 3526 φυσικοῖς
3625 3456 3674 3512 δ’

2071 3553 2537 3624 ὲπισυμϐαίνοντα
2569 3553 2786 3626 ἔργοις·
2827 3553 2888 3606 οὐ
2931 3553 3036 3623 μὴν
3083 3551 3218 3604 ἀλλά
3261 3551 3497 3622 παρέχει
3545 3552 3674 3607 τινὰ

2070 3649 2166 3701 καὶ
2200 3645 2372 3700 ταῦτα
2422 3648 2609 3718 χρείαν
2665 3648 2972 3715 ἀναγκαίαν
3023 3649 3138 3710 τοῖς
3194 3646 3670 3718 φρονιμωτέροις·

2069 3740 2332 3812 νηνεμίας
2361 3740 2470 3812 γὰρ
2503 3741 2598 3794 καὶ
2620 3741 2932 3811 πνεύματα,
2971 3738 3152 3802 εὐδίας
3179 3755 3239 3791 τε
3269 3740 3364 3792 καὶ
3391 3739 3673 3810 χειμῶνας

2069 3832 2180 3884 ἀπὸ
2225 3831 2430 3886 τούτων
2481 3830 2907 3902 τεκμαιρόμενοι
2959 3828 3306 3901 προλέγουσι.
3363 3830 3475 3893 Τάς
3523 3831 3674 3885 κατὰ

2069 3924 2223 3977 πόλιν
2259 3924 2418 3988 στοας
2449 3923 2546 3994 οὐχ
2582 3925 2752 3994 όρᾷς;
2787 3922 2992 3976 τούτων
3034 3923 3089 3975 αἱ
3137 3921 3354 3984 πλείους
3392 3921 3530 3992 πρὸς
3571 3939 3675 3992 p.5-

2069 4015 2347 4086 σημϐρίαν
2369 4015 2707 4078 νενεύκασιν,
2747 4014 2890 4087 ὑπὲρ
2915 4013 3010 4067 τοῦ
3051 4015 3180 4076 τοὺς
3216 4016 3669 4084 ἐμπεριπατοῦνο

2067 4126 2166 4172 τας
2196 4107 2468 4179 χειμῶνος
2505 4109 2604 4178 μὲν
2641 4106 3006 4170 ἀλεαίνεσθαι,
3039 4106 3231 4178 θέρους
3269 4105 3328 4159 δὲ
3364 4111 3672 4161 καταπιοεῖο

2069 4200 2214 4253 σθαι.
2252 4198 2659 4268 Παρακολουθεῖ
2685 4199 2742 4253 δέ
2768 4217 2821 4252 τι
2857 4199 2952 4252 καὶ
2975 4198 3183 4270 ἕτερον,
3214 4197 3242 4249 ὃ
3270 4197 3344 4268 μὴ
3368 4201 3436 4270 τῇ
3463 4200 3672 4274 γνώμῃ

2065 4292 2160 4346 τοῦ
2204 4291 2672 4355 κατεσκευακότος
2702 4293 3023 4360 ἐπιγίνεται.
3077 4291 3142 4344 Τί
3180 4289 3236 4343 δὲ
3277 4290 3423 4344 τοῦτ’
3459 4293 3661 4360 iisne;

2068 4386 2125 4438 αἱ
2168 4385 2275 4436 ἀπὸ
2307 4384 2416 4438 τῶν
2451 4383 2626 4437 ποδῶν
2664 4385 3029 4436 ἐκπίπτουσαι
3089 4383 3269 4447 σκιαὶ,
3311 4386 3376 4453 τῇ
3412 4385 3670 4457 ἡμετέρα

371 4471 585 4525 αξιοι-ῖς
637 4469 960 4525 Criminibus
1015 4474 1322 4528 redundare
1371 4474 1671 4546 intelligat,
1709 4485 1769 4530 ut
1815 4491 1956 4530 com-

2116 4476 2240 4548 είρα
2270 4475 2691 4546 διασημαίνουσι
2734 4472 2833 4538 τὰς
2865 4475 3034 4546 ὥρας.
3069 4475 3177 4526 Καὶ
3221 4475 3318 4545 μὲν
3355 4474 3413 4526 δὲ
3446 4477 3508 4528 τὺ
3549 4475 3672 4548 πῦρ

372 4577 559 4632 pressa
605 4564 733 4617 ntali
787 4565 1044 4635 eontagio
1094 4567 1310 4620 tandem
1363 4570 1662 4639 aliquando
1691 4569 1960 4638 sopiatur.

371 4652 512 4709 Tum
546 4657 827 4710 enimvero
854 4657 974 4711 illos
1006 4658 1153 4727 ipsos
1180 4675 1467 4728 plenarum
1501 4672 1776 4728 auctores,
1817 4663 1964 4732 quod

443 4855 556 4924 (57)
590 4856 785 4930 Τὸν
817 4857 946 4930 ὑπὸ,
982 4855 1278 4926 σελήνην,
1325 4867 1431 4914 ete.
1480 4857 1617 4912 Vide
1667 4860 1718 4912 in
1772 4861 1966 4930 primis

371 4923 670 4986 Senecam.
712 4927 966 4982 Natural.
1009 4923 1214 4996 quiest.
1247 4930 1340 4982 lib.
1383 4945 1450 4994 v,
1494 4946 1611 4998 cap.
1656 4933 1720 4983 18
1765 4923 1786 4984 τ’
1815 4930 1965 4984 Inter

368 5007 562 5070 cwtera
584 5039 598 5061 ,
637 4998 845 5070 inquit,
875 4998 1230 5052 Providentia:
1272 5017 1462 5069 opera,
1495 5001 1590 5053 huc
1621 5018 1822 5070 quoque
1859 5001 1964 5054 ali-

367 5069 485 5136 quis
534 5079 589 5120 ut
625 5069 844 5138 dignum
889 5070 1249 5123 admiratione
1302 5069 1639 5138 suspea'et'it.’
1667 5071 1789 5124 Non
1821 5074 1963 5125 enim

366 5153 432 5210 ex
469 5155 574 5192 una
623 5157 786 5193 causa
820 5151 1027 5204 ventos,
1065 5150 1157 5193 aut
1202 5141 1419 5205 invenit,
1471 5151 1563 5194 aut
1617 5159 1709 5210 per
1755 5143 1961 5196 diversa

370 5209 633 5275 disposuit
669 5225 686 5262 :
713 5211 802 5264 sed
830 5227 1082 5279 primum,
1115 5222 1171 5264 ut
1205 5228 1332 5264 aera
1368 5229 1471 5264 non
1505 5209 1734 5264 sinerent
1758 5214 1960 5280 pigres-

370 5295 505 5339 cere,
541 5282 632 5333 sed
681 5283 902 5334 assidua
950 5283 1224 5334 vexatione
1265 5282 1448 5334 utilem
1492 5283 1786 5344 redderent,
1821 5284 1954 5336 rita-

371 5349 574 5420 lemque
599 5355 872 5406 tracturis.
905 5351 971 5405 Et
1006 5352 1166 5420 paulo
1215 5365 1338 5422 post
1375 5369 1386 5402 :
1427 5351 1530 5405 Sed
1561 5369 1662 5404 non
1695 5355 1809 5405 ideo
1855 5370 1960 5406 non

367 5432 490 5473 sunt
528 5423 631 5473 ista
683 5433 876 5476 natura
925 5441 1022 5476 sua
1069 5423 1225 5486 bona,
1277 5424 1322 5475 si
1363 5424 1485 5474 ritio
1517 5422 1654 5475 male
1698 5424 1959 5475 utentium

369 5504 576 5562 nocent.
621 5491 890 5546 Nimirum
922 5495 975 5546 in
1008 5493 1105 5546 hoc
1148 5493 1531 5554 Providentia,
1570 5510 1632 5546 ac
1671 5495 1960 5562 dispositor

369 5559 409 5611 it
433 5576 462 5612 ε
514 5565 696 5615 amuli
732 5563 906 5627 Deus,
943 5581 974 5617 a
1011 5581 1070 5617 ra
1101 5566 1264 5617 remis
1309 5563 1656 5617 exercendum
1688 5559 1870 5623 dedit,
1908 5573 1960 5617 et

371 5629 589 5706 illustri)
635 5635 776 5685 mani
815 5646 998 5706 parte,
1035 5652 1097 5689 ne
1139 5635 1266 5706 quid
1303 5646 1452 5706 esset!
1485 5635 1593 5687 situ
1627 5637 1954 5702 squalidum.

367 5700 557 5766 cﬂmlit
606 5718 623 5754 :
669 5719 772 5754 non
817 5700 881 5756 ἰιι
931 5705 1126 5760 classes
1151 5700 1373 5770 wpartem
1425 5704 1548 5773 freti
1605 5700 1955 5759 oct‘unaturas

371 5773 748 5829 coma/creatus
784 5775 945 5830 utilite
979 5788 1220 5844 armato,
1255 5787 1300 5831 et
1353 5775 1548 5831 lto.tem
1584 5777 1636 5830 in
1671 5779 1830 5841 mari,
1864 5787 1952 5829 aut

2070 4568 2286 4637 φύσεως
2349 4567 2780 4635 ἀναγκαιότατον
2843 4566 3004 4638 ἔργον
3035 4583 3048 4596 ·
3113 4565 3539 4636 ἐπακολούθημα
3606 4567 3668 4621 δὲ

2065 4659 2256 4714 τούτου
2285 4659 2518 4722 καπνός’
2555 4658 2672 4712 ἀλλ’
2716 4659 2865 4728 ὅμως
2899 4657 3200 4730 παρέχεταί
3231 4674 3354 4712 τινα
3384 4657 3670 4726 ὠφέλειαν

2065 4871 2180 4931 post
2233 4877 2378 4914 mare
2431 4861 2849 4930 inquireremus,
2895 4869 3000 4914 etc.
3049 4857 3116 4912 Β.
3272 4857 3665 4926 ϐιάητιῑριιείι,

2067 4929 2454 4986 Sanctissitnus
2501 4929 2558 4984 et
2613 4931 3101 4999 eloquentissimus
3152 4929 3485 4999 Christiana:
3535 4932 3664 4984 vine

2067 5003 2366 5071 tnagister,
2413 5012 2566 5069 parte
2618 5017 2656 5064 ι,
2695 4998 2814 5069 cap.
2867 5001 2916 5063 7,
2955 4998 2982 5069 §
3031 5001 3094 5062 l,
3141 5016 3255 5054 sua:
3295 4999 3366 5052 ad
3413 4998 3661 5068 ngbol.

2066 5073 2318 5141 lsagog.,
2365 5072 2596 5134 scribit,
2640 5073 2930 5125 teterrima:
2975 5071 3294 5138 pestilentia:
3329 5071 3498 5130 luem.
3535 5088 3664 5138 quan

2064 5142 2406 5196 Lusitaniam
2439 5143 2627 5212 perdiu
2665 5143 3012 5210 graviterque
3041 5151 3356 5202 \exaverat,
3394 5157 3502 5192 non
3531 5153 3662 5196 ante

2063 5213 2318 5274 desiisse,
2353 5229 2518 5282 quant
2555 5213 2930 5265 vehementior
2961 5212 3184 5280 quidyn
3211 5223 3407 5265 ventus
3432 5227 3659 5265 omnem

2063 5285 2306 5352 corrupti
2327 5283 2489 5336 'aetis
2519 5283 2694 5352 labem
2733 5282 3069 5336 abstulisset.

2135 5350 2248 5423 (58j
2299 5350 2792 5420 Καταιονώμενοι.
2861 5353 3170 5423 Καταιονᾷν
3248 5350 3507 5406 usitatius
3571 5362 3664 5408 est

2061 5441 2225 5494 quam
2261 5426 2599 5494 καταιονεέκ-

2134 5495 2244 5566 ᾧθ)
2291 5494 2502 5548 Αὐτῶν
2541 5491 3460 5566 ἐγκιρνιιμὲιρωντῌΜιιιίιιε-ίιιιθῖιι
3515 5490 3660 5546 alter

2061 5562 2318 5620 ntanu'scr
2349 5605 2368 5630 ,
2392 5565 2818 5635 ἐγκρινομένων.
2839 5565 2960 5635 Sed
2995 5563 3119 5635 illul
3151 5562 3352 5635 ἀντῶν,
3385 5579 3496 5630 quo
3524 5578 3658 5632 spe-

2061 5647 2190 5700 ctet,
2224 5653 2332 5689 non
2366 5633 2542 5690 video.
2569 5636 2708 5699 Quid
2759 5636 2802 5686 si
2837 5634 3045 5701 legatur
3085 5633 3344 5696 ἀκτίνων,
3377 5643 3472 5686 aut
3505 5644 3660 5689 ωηο

2060 5707 2168 5760 τῶν
2195 5722 2298 5775 pro
2331 5705 2545 5771 αὐτῶν;
2579 5707 2687 5775 ligo
2719 5706 2952 5759 ἀκτίνων
2983 5706 3190 5758 malim:

3815 1219 3818 1262 ἱ

3815 1531 3818 1596 λ

3815 1623 3818 1680 l
