3824 6226
131 340 238 398 ϐὃθ

1304 339 1631 427 ΡῐῖΑΞΡᾹῐῖε
1678 340 1930 396 ΕνΑΝσ.
1969 342 2096 397 LIB.
2136 344 2269 398 \‘lll.

3296 355 3400 415 670

134 464 281 517 εστιν
328 461 418 515 ὅτε
467 462 562 516 καὶ
609 460 794 524 αὐτός·
863 463 919 514 ὲν
968 459 1099 529 γοῦν
1151 464 1272 525 ταῖς
1326 460 1704 532 μεθημεριναῖς

1821 464 1872 515 iu
1923 465 1988 518 iis
2030 465 2335 535 iutiigendis
2387 466 2793 535 improbitatem
2825 469 2927 539 ipsn
2954 485 3142 538 suam,
3190 482 3243 527 et
3275 491 3400 543 pro-

138 556 425 628 πυρσείαις
457 553 591 623 (40),
622 555 784 624 ἡνίκα
814 554 876 607 τὸ
917 554 1027 626 πῦρ
1059 554 1161 607 ὑπὸ
1186 553 1292 608 τῶν
1337 555 1573 626 ἡλιακῶν
1614 573 1714 608 κα-

134 646 553 718 ταλαμπόμενον
590 645 773 714 αὐγῶν
813 646 1237 718 ἐξαμαυροῦται,
1284 647 1478 716 καπνῷ
1514 648 1715 718 μηνύε-

133 758 222 794 ται
267 739 539 809 πολεμίων
612 738 818 807 ἔφοδος.
862 734 985 801 om;
1015 739 1066 808 γ’
1111 737 1201 792 οὖν
1256 741 1348 793 ἐπὶ
1387 741 1488 809 τῆς
1528 740 1711 811 ἴριδος,

132 829 374 891 τοιοῦτος
407 830 501 881 καὶ
536 827 627 879 ἐπὶ
664 826 773 880 τῶν
803 827 1093 896 ἐκλείψεων
1121 832 1148 883 ό
1176 830 1351 898 λόγος.
1382 830 1564 892 Θείαις
1606 830 1714 898 γὰρ

133 920 362 988 φύσεσιν
381 919 533 990 ἡλίου
558 921 648 973 καὶ
672 919 901 991 σελήνης
921 920 1378 975 ἐπακολουθοῦσιν
1407 921 1677 988 ἐκλείψεις
1694 937 1709 951 ·

130 1013 264 1068 αἰδὲ
299 1013 595 1084 μηνύματά
623 1015 757 1066 εἰσιν
783 1013 816 1081 ἦ
849 1013 1112 1083 βασιλέων
1133 1015 1406 1085 τελευτῆς,
1440 1014 1471 1085 ἢ
1505 1014 1712 1068 πόλεων

131 1107 341 1180 φθορᾶς
360 1126 372 1138 ⁸
392 1109 420 1161 ὃ
435 1108 530 1161 καὶ
546 1108 809 1179 Πίνδαρος
838 1107 1056 1179 ᾐνίξατο
1073 1108 1374 1180 γενομένης
1392 1109 1706 1177 ἐκλείψεως,

129 1202 219 1254 διὰ
255 1201 370 1254 τῶν
399 1200 634 1273 πρόσθεν
671 1201 994 1272 εἰρημένων.
1041 1203 1099 1254 ’0
1131 1202 1187 1254 δὲ
1219 1201 1281 1273 δὴ
1313 1200 1409 1253 τοῦ
1441 1202 1711 1270 γάλακτος

128 1292 350 1355 κύκλος,
381 1292 479 1362 τῆς
524 1293 621 1361 μὲν
662 1292 832 1362 αὐτῆς
878 1293 1065 1355 οὐσίας
1105 1297 1219 1356 τοῖς
1267 1293 1446 1357 ἄλλοις
1492 1294 1711 1366 ἄστροις

132 1384 462 1455 μετέσχηκε,
502 1384 966 1456 δυσαιτιολόγητος
992 1385 1037 1438 δ’
1064 1387 1222 1458 εἴπερ
1255 1385 1368 1439 ἐστι
1390 1426 1403 1448 ,
1452 1385 1525 1457 μὴ
1576 1388 1711 1441 ἀπο-

125 1475 431 1528 κνείτωσαν
489 1476 538 1527 οξ
583 1476 652 1528 τὰ
697 1475 911 1543 φύσεως
962 1479 1186 1548 ἐρευνᾷν
1242 1476 1511 1539 εἰωθότες.
1553 1479 1708 1546 Ὠφε-

126 1567 435 1638 λιμώτατον
464 1566 573 1639 γὰρ
602 1571 635 1640 ἡ
679 1569 913 1639 εὕρεσις,
942 1569 1155 1639 ἣδιστον
1183 1569 1238 1622 δὲ
1273 1571 1365 1623 καὶ
1410 1570 1531 1623 καθ’
1577 1572 1708 1624 αὐτὸ

120 1663 238 1724 τοῖς
297 1660 650 1730 φιλομαθὲσιν
676 1665 708 1730 ἡ
738 1660 985 1732 ζήτησις.
1027 1664 1239 1733 ’Ὠσπερ
1288 1659 1379 1715 οῦν
1412 1662 1562 1729 ἥλιος
1613 1665 1707 1716 καὶ

125 1750 326 1821 σελήνη
358 1750 583 1821 προνοίᾳ
627 1751 945 1819 γεγόνασιν,
980 1751 1122 1805 οὕτω
1159 1752 1255 1806 καὶ
1295 1751 1364 1805 τά
1396 1754 1453 1804 ἐν
1494 1751 1706 1825 οὐρανῷ

1821 556 1993 624 priam
2026 558 2191 610 animi
2226 556 2391 628 394¹
2424 558 2801 613 crudelitatem
2834 562 3004 615 secuti
3035 561 3255 630 fuerint,
3291 583 3400 636 pra!

1817 648 2029 702 caeteris
2058 648 2314 702 omnibus
2347 659 2606 718 tanquam
2643 651 2863 708 sceleris
2892 667 2956 707 ac
2978 657 3233 726 nequitia:
3256 662 3399 727 prin-

1816 736 1963 805 cipes
1984 752 2169 790 severe
2184 738 2529 808 graviterque
2556 740 2729 809 punit.
2752 739 3220 807 Quemadmodum
3249 751 3398 806 enim

1816 830 1897 885 vis
1933 831 2072 901 ignis
2097 833 2363 902 ejusmodi
2412 844 2514 896 est,
2551 850 2673 904 qua:
2706 835 2976 905 objectam
3027 838 3248 908 depasta
3282 859 3399 897 ma-

1817 926 2031 988 teriam.
2061 942 2180 981 sese
2205 926 2422 981 tandem
2457 928 2570 995 ipsa
2603 927 2859 982 conficiat
2897 940 3061 999 atque
3083 945 3396 1000 consumat,

1815 1019 1888 1073 ita
1930 1020 2021 1089 qui
2068 1020 2171 1074 sibi
2222 1021 2599 1074 auctoritatem
2635 1022 2687 1075 in
2717 1024 2949 1092 populos
2996 1024 3397 1096 imperiumque

1814 1127 2097 1179 sumpsere
2122 1151 2135 1175 ,
2186 1112 2252 1165 iis
2280 1112 2547 1180 spoliatis,
2585 1122 2636 1166 et
2662 1113 2974 1170 hominibus
3007 1117 3288 1173 exhaustis
3316 1119 3395 1175 ci-

1812 1203 2093 1265 vitatibus,
2139 1219 2329 1272 poenas
2358 1204 2458 1272 ipsi
2493 1205 2728 1272 denique
2755 1206 2963 1261 luentes
2989 1210 3391 1277 universorum,

1811 1295 1977 1365 digno
2008 1296 2232 1365 insuper
2257 1297 2523 1350 tolluntur
2552 1298 2740 1351 exitio.
2787 1298 2925 1363 Quid
2955 1302 3151 1354 mirum
3187 1313 3395 1374 autem,

1811 1386 1856 1440 si
1893 1386 2173 1439 hominum
2212 1387 2613 1455 improbitatem
2660 1389 2711 1441 in
2765 1389 2991 1445 urbibus
3025 1394 3263 1460 passim,
3306 1412 3394 1451 re-

1810 1477 2083 1544 gionibus.
2102 1479 2428 1547 populisque
2455 1489 2820 1549 grassantem,
2849 1490 3204 1551 tyrannorum
3228 1502 3392 1544 manu

1810 1568 1954 1625 Deus
2005 1572 2359 1633 exterminet.
2412 1589 2534 1627 cum
2589 1574 2817 1642 ipsmnet
2866 1578 3012 1631 nulla
3065 1578 3390 1647 cujusquam

1810 1675 1945 1713 usus
1971 1674 2132 1728 opera
2153 1702 2167 1725 ,
2199 1660 2249 1713 id
2278 1661 2454 1729 ipsum
2489 1678 2583 1731 per
2608 1679 2727 1718 sese
2756 1682 3144 1737 nonnunquam
3174 1668 3389 1736 efﬁciat,

1810 1747 2033 1812 famem,
2086 1750 2473 1818 pestilentiam,
2527 1761 2684 1807 terrae
2732 1765 2933 1819 motus,
2984 1773 3048 1811 ac
3087 1766 3309 1812 eieteras
3338 1759 3390 1813 id

123 1842 325 1905 πάντα,
360 1844 464 1896 κᾶν
495 1846 673 1914 ἡμεῖς,
707 1843 805 1908 τὰς
833 1845 1078 1897 ἑκάστων
1112 1845 1300 1913 φύσεις
1332 1863 1390 1898 τε
1424 1846 1516 1898 καὶ
1544 1844 1703 1898 δυνά-

1810 1858 1981 1908 genus
2033 1842 2374 1895 calamitates
2419 1844 2634 1898 cmlitus
2667 1845 3042 1909 immittendo,
3078 1849 3276 1916 quibus
3307 1849 3389 1903 vis

125 1955 251 2008 μεις
283 1928 589 2007 ίχνηλατεῖν
623 1937 1037 2001 ἀδυνατοῦντες,
1074 1936 1453 2008 ἡσυχάζωμεν.
1485 1937 1707 2006 Σεισμοί

118 2047 206 2094 τε,
240 2030 339 2081 καὶ
364 2029 561 2095 λοιμοὶ,
590 2029 683 2081 καὶ
717 2028 997 2100 κεραυνῶν
1021 2029 1189 2099 βολαὶ,
1218 2030 1310 2082 καί⁸
1334 2030 1433 2082 ὅσα
1457 2027 1703 2091 τοιαῦτα,

118 2121 345 2190 λέγεται
395 2123 492 2191 μὲν
536 2117 673 2174 εἶναι
720 2121 977 2193 θεήλατα,
1020 2121 1156 2193 πρὸς
1209 2121 1253 2174 δ’
1301 2119 1556 2192 ἀληθειαν
1602 2121 1703 2172 οὐκ

152 2229 271 2264 στι’
310 2211 446 2275 Θεὸς
488 2212 595 2284 γὰρ
640 2212 853 2275 οὐδενὸς
908 2212 1078 2275 αἴτιος
1127 2211 1296 2265 κακοῦ
1340 2211 1699 2280 τοπαράπαν,

114 2304 236 2358 ἀλλ’
268 2306 329 2357 αἱ
361 2305 468 2358 τῶν
504 2305 779 2374 στοιχείων
812 2304 1105 2377 μεταϐολαὶ
1135 2303 1308 2356 ταῦτα
1334 2303 1614 2371 γεννῶσιν,
1640 2304 1700 2356 οὔ

117 2393 510 2464 προηγούμενα
535 2392 671 2465 ἔργα
704 2397 935 2462 φύσεως,
976 2392 1087 2446 ἀλλ’
1119 2392 1361 2463 ἑπόμενα
1380 2395 1492 2453 τοῖς
1534 2394 1702 2459 ἀναγ-

116 2488 321 2549 καίοις,
372 2488 467 2539 καὶ
496 2491 610 2549 τοῖς
644 2488 1073 2557 προηγουμένοις
1120 2486 1601 2539 ἐπακολουθοῦντα.
1636 2487 1700 2539 Εἰ

114 2578 171 2631 δέ
216 2595 369 2641 τινες
413 2577 520 2631 τῶν
565 2579 932 2649 χαριεστέρων
980 2577 1408 2631 συναπολαύουσι
1461 2578 1562 2646 τῆς
1594 2577 1703 2631 ἀπὸ

112 2670 326 2723 τούτων
360 2670 584 2742 βλάϐης,
617 2672 716 2724 οὐκ
750 2672 1020 2724 αἰτιατέον
1048 2672 1145 2742 τὴν
1172 2671 1455 2741 διοίκησιν.
1480 2670 1702 2741 Πρῶτον

118 2763 218 2814 μὲν
253 2761 365 2832 γὰρ
400 2762 521 2821 οὐκ,
557 2761 610 2813 εἴ
636 2779 775 2824 τινες
807 2761 1001 2829 ἀγαθοὶ
1043 2765 1170 2833 παρ’
1206 2764 1334 2832 ἡμῖν
1368 2763 1696 2833 νομίζονται,

110 2855 212 2907 καὶ
254 2854 395 2924 πρὸς
429 2852 685 2923 ἀλήθειάν
720 2855 853 2906 εἰσιν
878 2895 892 2917 ,
928 2854 1110 2924 ἐπειδὴ
1143 2853 1211 2906 τὰ
1256 2854 1389 2906 Θεοῦ
1444 2854 1699 2925 κριτήρια

108 2945 228 2998 τῶν
255 2945 405 2998 κατὰ
430 2945 525 2997 τὸν
556 2944 893 3016 ἀνθρώπινον
917 2944 1039 2998 νοῦν
1060 2945 1274 2998 πάντων
1296 2945 1663 3017 ἀκριϐέστερα
1681 2962 1701 2975 “

109 3035 372 3107 δεύτερον
398 3035 453 3088 δὲ
484 3036 543 3088 τὸ
572 3034 852 3106 προμηθὲς
882 3035 972 3087 ἐπὶ
1002 3034 1070 3088 τὰ
1109 3034 1215 3087 τῶν
1256 3037 1312 3088 ἐν
1339 3035 1525 3106 κόσμῳ
1573 3054 1697 3089 συν-

1810 1934 2089 1987 Ιιοιιιίιιιιιιι
2125 1936 2318 2004 ingens
2357 1929 2601 2005 quotidie
2632 1939 2839 1993 tollitur
2861 1979 2877 2003 ,
2929 1955 3163 2010 parsque
3194 1957 3388 2010 magna

1807 2033 2098 2088 terrarum,
2149 2028 2277 2081 dum
2313 2028 2499 2082 virtuti
2540 2032 2850 2084 consultum
2880 2047 3002 2086 esse
3026 2033 3158 2099 vult,
3196 2032 3389 2087 incolis

1804 2116 2168 2170 exhauritur?
2201 2115 2401 2171 Verum
2436 2118 2594 2183 satis,
2641 2121 2855 2190 opinor,
2894 2130 3156 2190 quantum
3195 2124 3386 2176 saltem

1804 2210 2117 2279 postulabat
2144 2210 2231 2262 hic
2266 2210 2439 2275 locus,
2474 2212 2784 2281 improbum
2811 2214 3079 2268 neminem
3109 2230 3232 2268 vere
3263 2214 3389 2267 bea-

1806 2309 1917 2354 tum
1944 2316 2063 2355 eSSe
2078 2302 2417 2358 ostendimus
2446 2322 2458 2357 :
2482 2319 2590 2373 quo
2609 2305 2952 2374 potissimum
2972 2307 3275 2376 argumenti
3296 2323 3389 2376 ge-

1807 2408 1933 2446 nere
1961 2393 2358 2448 Providentiam
2380 2411 2502 2451 esse
2526 2397 2830 2451 coniicitur.
2866 2398 2920 2450 Si
2951 2407 3129 2451 tamen
3156 2399 3387 2453 necdum

1804 2486 2026 2537 omnino
2056 2485 2193 2539 facta
2225 2487 2317 2539 tibi
2352 2488 2483 2541 tides
2506 2497 2607 2550 cst,
2628 2505 2748 2557 age,
2780 2489 3045 2559 quidquid
3074 2489 3252 2542 adhuc
3279 2490 3389 2543 ba:-

1804 2581 1884 2625 ret
1919 2575 2182 2642 serupuli,
2241 2574 2473 2629 tidenter
2510 2577 2763 2646 eloquere
2815 2596 2827 2632 :
2879 2578 3041 2631 ambo
3078 2578 3221 2631 enim
3253 2593 3386 2632 con-

1798 2665 1985 2733 juncta
2020 2681 2183 2735 opera
2228 2667 2539 2736 studioque,
2575 2669 2807 2731 facilius.
2846 2681 2966 2725 utra
2994 2686 3057 2725 ex
3096 2679 3248 2740 parte
3282 2681 3386 2726 stet

1803 2755 2028 2820 veritas,
2060 2771 2474 2826 cognoscemus.
2514 2779 2531 2810 ι
2585 2759 2722 2813 Tum
2772 2761 2982 2830 aliquot
3027 2762 3380 2830 interjectis:

1806 2863 1823 2894 ε
1868 2846 2021 2911 Vim,
2055 2850 2249 2917 inquit.
2286 2850 2433 2904 illam
2480 2850 2854 2923 impetumque
2884 2865 3165 2907 ventorum
3203 2864 3254 2907 et
3284 2853 3385 2906 im-

1804 2937 2005 3002 brium,
2033 2953 2141 2991 non
2168 2940 2279 3007 jam
2316 2940 2369 2993 in
2401 2952 2714 3005 nautarum.
2754 2952 2813 2996 ut
2839 2944 3090 3013 putabas.
3120 2944 3384 3014 agricola-

1800 3045 2034 3098 rumque
2081 3032 2399 3099 perniciem,
2442 3034 2533 3087 sed
2582 3034 2635 3086 in
2682 3036 2896 3102 generis
2931 3035 3214 3089 hominum
3264 3037 3383 3088 uni-

108 3128 461 3186 εκτικώτατα
502 3129 700 3198 ὲφορᾷν
728 3128 944 3197 ἀγαπᾷ⁹
993 3126 1245 3198 καθάπερ
1290 3128 1346 3180 ἐν
1385 3132 1501 3191 ταῖς
1546 3128 1698 3197 βασι-

1807 3123 1947 3175 versi
2003 3124 2289 3177 utilitatem
2345 3139 2409 3178 ac
2454 3123 2687 3179 fructum
2738 3124 2880 3181 Deus
2934 3128 3172 3181 excitare
3222 3128 3380 3181 solet.

105 3224 288 3285 λείαις
320 3222 413 3274 καὶ
440 3220 847 3290 στραταρχίαις,
878 3221 968 3273 ἐπὶ
989 3220 1089 3283 τὰς
1112 3221 1294 3283 πόλεις
1325 3222 1415 3273 καὶ
1443 3221 1508 3273 τὰ
1537 3238 1699 3293 στρα-

108 3313 337 3373 τόπεδα,
372 3313 471 3365 οὐκ
504 3312 597 3364 ἐπί
636 3328 755 3364 τινα
789 3311 896 3365 τῶν
946 3310 1308 3382 ἠμελημένων
1351 3314 1444 3365 καὶ
1479 3314 1703 3381 ἀφανῶν

108 3405 208 3459 ἕνα
238 3405 332 3456 τὸν
367 3403 759 3474 προστυχόντα.
802 3404 1031 3472 Λέγουσι
1075 3403 1131 3456 δέ
1160 3421 1324 3467 τινες,
1367 3404 1611 3475 καθάπερ
1643 3407 1701 3458 ὲν

107 3500 232 3559 ταῖς
260 3496 732 3567 τυραννοκτονίαις
759 3497 849 3548 καὶ
886 3496 1013 3557 τοὺς
1053 3500 1331 3564 συγγενεῖς
1359 3496 1701 3567 ἀναιρεῖσθαι

109 3589 345 3658 νόμιμόν
382 3590 519 3649 ἐστι,
556 3588 697 3659 ὑπὲρ
742 3587 836 3641 τοῦ
868 3589 1084 3659 μεγέθει
1122 3587 1223 3658 τῆς
1262 3588 1533 3658 τιμωρίας
1578 3590 1699 3640 ἐπι-

112 3681 373 3751 σχεθῆναι
401 3679 469 3731 τὰ
502 3680 842 3750 ἀδικήματα·
883 3682 973 3734 τὸν
1007 3681 1167 3733 αὑτὸν
1203 3680 1404 3751 τρόπον
1437 3681 1538 3732 κάν
1576 3684 1709 3745 ταῖς·

107 3771 403 3842 λοιμώδεσι
447 3774 623 3834 νόσοις
654 3771 1099 3843 παραπόλλυσθαί
1126 3789 1278 3836 τινας
1302 3772 1408 3826 τῶν
1436 3773 1509 3843 μὴ
1536 3773 1699 3826 ὑπαι-

107 3865 263 3927 τίων,
297 3865 384 3917 ἵνα
423 3862 705 3934 πόρρωθεν
759 3864 808 3916 οἱ
857 3864 1004 3919 ἄλλοι
1057 3866 1523 3937 σωφρονίζωνται·
1577 3867 1699 3937 δίχα

108 3954 206 4008 τοῦ
237 3956 537 4023 ἀναγκαῖον
562 3952 699 4008 εἶναι
720 3956 846 4018 τοὺς
876 3956 1285 4027 ἑμφερομένους
1331 3957 1451 4028 ἀέρι
1480 3957 1699 4011 νοσώδει

108 4050 311 4111 νοσεῖν,
346 4046 537 4118 ῶσπερ
569 4048 661 4100 καὶ
704 4048 831 4111 τοὺς
885 4049 942 4100 ὲν
986 4047 1075 4118 νηῒ
1108 4049 1538 4119 χειμαζομένους
1586 4068 1706 4108 κιν-

107 4139 359 4193 δυνεύειν
413 4139 613 4204 ὲξίσου.
646 4140 727 4193 Τὰ
752 4141 797 4193 δ’
836 4140 1041 4211 ἄλκιμα
1074 4141 1181 4192 τῶν
1224 4140 1425 4211 θηρίων
1479 4143 1701 4211 γέγονεν

110 4233 213 4301 (οὐ
238 4233 351 4304 γὰρ
390 4233 822 4302 ῦποσιωτητέον,
851 4232 925 4296 ὡς
952 4232 1017 4286 ἂν
1048 4235 1099 4285 εῐ
1132 4233 1239 4302 (41)
1274 4235 1369 4287 καῖ
1403 4234 1483 4304 τῷ
1513 4234 1701 4299 δεινῶς

109 4327 288 4378 εἰπεῖν
336 4324 571 4395 οἰομένῳ
636 4322 924 4395 προλαϐὼν
1004 4325 1104 4395 τὴν
1144 4325 1439 4393 ἀπολογίαν
1515 4326 1697 4378 διέσυ-

109 4417 229 4488 ρες)
294 4417 583 4485 ἀσκήσεως
646 4415 807 4467 ’ἑνεκα
855 4415 953 4486 τῆς
1017 4418 1154 4485 πρὸς
1206 4417 1327 4479 τοὺς
1369 4416 1701 4487 πολεμικοὺς

1801 3215 1972 3284 Aquis
2027 3216 2172 3269 enim
2221 3225 2416 3281 terras,
2466 3217 2644 3270 ventis
2683 3225 2849 3271 totam
2882 3218 3052 3281 illam,
3089 3232 3211 3285 qua:
3241 3218 3382 3273 infra

1803 3308 1986 3361 lunam
2012 3317 2114 3372 est,
2148 3310 2423 3379 regionem
2454 3319 2648 3381 purgat
2680 3328 2693 3363 :
2728 3319 2960 3379 utroque
2988 3326 3115 3364 vero
3137 3311 3384 3364 animan-

1802 3408 1883 3454 tes
1913 3416 1976 3453 ac
2002 3400 2216 3469 plantas
2244 3403 2359 3466 alit,
2393 3400 2573 3471 auget,
2606 3418 2671 3455 ac
2698 3401 2928 3470 perlicit.
2985 3400 3140 3467 Quod
3178 3412 3380 3469 autem,

1801 3494 1895 3561 qui
1925 3493 2103 3547 alieno
2134 3504 2395 3562 tempore,
2447 3495 2559 3548 sive
2589 3494 2867 3564 navigant,
2914 3494 3027 3547 sive
3056 3503 3252 3547 terram
3285 3509 3381 3548 co-

1801 3584 1941 3642 lunt.
1973 3585 2175 3653 aliquid
2204 3585 2330 3639 inde
2362 3565 2753 3654 nonnunquam
2784 3584 3094 3643 detrimenti
3143 3587 3379 3653 capiant,

1802 3677 2000 3729 mirum
2034 3675 2168 3729 nihil
2212 3694 2224 3729 :
2264 3692 2391 3745 pars
2424 3677 2569 3729 enim
2600 3676 2881 3729 hominum
2913 3675 3205 3744 perexigua
3233 3688 3379 3741 sunt,

1801 3781 1929 3820 cura
1954 3781 2085 3819 vero
2112 3782 2176 3819 ac
2203 3767 2539 3835 providentia
2567 3767 2778 3835 generis
2801 3775 2883 3820 est
2908 3767 3164 3820 universi.
3186 3765 3385 3833 Quent-

1801 3876 1830 3913 a
1855 3860 2094 3913 Emodum
2126 3861 2288 3927 igitur
2317 3860 2535 3912 athletis
2571 3859 2893 3928 inungendis
2923 3858 3071 3912 utilis
3095 3859 3197 3911 olei
3225 3858 3381 3927 copia

1801 3955 1854 4009 in
1885 3954 2169 4027 gymnasio
2195 3962 2295 4016 est,
2330 3969 2452 4006 cum
2488 3962 2667 4005 tamen
2714 3950 3059 4020 exigentibus
3087 3953 3382 4022 aliquando

1807 4046 2113 4116 reipublicae
2146 4045 2500 4114 temporibus,
2531 4042 2844 4096 certaminis
2875 4043 3117 4098 solemne
3164 4052 3381 4113 tempus

1803 4136 2067 4207 gynmasii
2101 4136 2411 4188 moderator
2430 4135 2697 4196 immittet,
2724 4149 2833 4203 quo
2860 4132 2935 4198 lit,
2970 4145 3025 4186 ut
3054 4133 3231 4188 serius
3258 4136 3381 4187 ath-

1801 4227 1920 4280 letze
1952 4224 2200 4279 nonnulli
2224 4223 2553 4278 conveniant
2598 4224 2728 4277 :‘sic
2756 4222 2917 4287 Deus,
2948 4224 3208 4277 mundum
3236 4224 3382 4278 hunc

1804 4325 1999 4377 totum,
2049 4315 2271 4385 perinde
2322 4324 2377 4367 ut
2427 4316 2697 4369 civitatem
2751 4315 2989 4384 aliquam
3045 4315 3379 4385 gubernans,

1799 4420 2014 4463 aestates
2036 4407 2305 4461 interdum
2348 4407 2516 4460 hiemi
2549 4409 2870 4477 persimiles,
2893 4408 3111 4477 verique
3135 4408 3381 4476 geminas

108 4508 355 4576 ἀγῶνας.
423 4507 504 4561 Τὰ
545 4507 652 4578 γὰρ
685 4509 963 4578 γυμνάσια
988 4508 1075 4561 καὶ
1140 4509 1196 4562 αί
1263 4512 1504 4580 συνεχεῖς
1534 4508 1693 4580 θῆραι

1807 4500 2006 4552 hiemes
2022 4498 2258 4551 universi
2277 4499 2565 4552 commodo
2589 4498 2834 4552 invehere
2848 4500 3149 4561 consuevit,
3166 4500 3381 4554 tametsi

112 4599 481 4670 συγκροτοῦσι
538 4602 635 4654 καῖ
710 4600 988 4672 νευροῦσιν
1047 4597 1105 4654 εὖ
1169 4601 1313 4672 μάλα
1378 4600 1448 4654 τὰ
1514 4599 1700 4672 σώμα-

108 4709 204 4756 τα,
239 4693 339 4744 καὶ
384 4691 492 4762 πρὸ
564 4690 673 4743 τῶν
735 4692 1000 4761 σωμάτων
1047 4693 1146 4755 τὰς
1196 4692 1373 4763 ψυχὰς
1434 4693 1701 4758 ἐθίζουσιν

111 4781 331 4853 ἐχθρῶν
360 4781 679 4845 ἐξαπιναίας
709 4783 930 4851 ἐφόδους
972 4782 1048 4853 τῷ
1092 4783 1343 4856 καρτερῷ
1384 4785 1482 4855 τῆς
1510 4782 1700 4856 ῥώμης

110 4871 354 4939 ἀλογείν.
396 4872 522 4933 Τοῖς
559 4870 615 4923 δὲ
658 4872 758 4934 τὰς
811 4870 999 4940 φύσεις
1054 4874 1347 4944 εἰρηνικοῖς
1385 4872 1589 4936 ἔξεστιν
1637 4874 1697 4926 οὐ

114 4964 279 5032 μόνον
312 4960 508 5031 τειχῶν
545 4961 713 5023 ἐντὸς,
749 4960 883 5014 ἀλλὰ
929 4962 1020 5014 καὶ
1053 4962 1370 5015 κλεισιάδων
1401 4962 1701 5033 θαλαμευο-

113 5054 303 5125 μένοις
335 5042 545 5125 ἀποξῇν
566 5053 1048 5119 ἀνεπιδουλεύτως,
1068 5053 1281 5126 ἔχουσιν
1302 5057 1381 5119 είς
1400 5056 1701 5109 ἀπόλαυσιν

188 5226 305 5298 (40)
352 5228 785 5303 Μεθημεριραῖς
806 5232 1163 5303 βξυρσσίαις.
1190 5230 1497 5303 “opu-cos;
1521 5270 1534 5295 ,
1567 5246 1696 5303 hseu

112 5299 471 5372 φρυκτωρίας
507 5301 773 5372 intelligit.
804 5299 876 5354 De
900 5302 1101 5369 quibus
1134 5302 1219 5372 adi
1256 5299 1509 5372 magnum
1545 5301 1695 5354 illum

112 5368 465 5438 humanioris
511 5368 830 5423 litteratum
880 5368 1134 5435 genium.
1182 5368 1397 5425 Justuni
1430 5370 1694 5438 Lipsium,

112 5437 211 5492 Iib.
243 5455 275 5489 v
307 5437 386 5492 De
414 5440 570 5493 milit.
600 5439 776 5502 Rom.,
800 5442 928 5495 dial.
960 5441 1013 5502 9.
1037 5451 1090 5495 et
1121 5440 1414 5495 Lacerdam
1452 5437 1696 5495 uestrum

110 5509 511 5581 egiditissiniis
537 5511 593 5563 in
626 5509 908 5581 Virgilium
935 5510 1365 5575 Commentariis,
1391 5510 1459 5566 ad
1488 5512 1618 5566 illud
1655 5526 1695 5567 ιι

113 5576 340 5636 ΔΕιιεὲὀ.

330 5688 406 5723 ._.
449 5688 466 5704 .
495 5689 527 5723 _.
573 5648 848 5706 Flammas
878 5668 995 5707 cum
1027 5652 1173 5722 regia
1205 5653 1403 5723 puppis.

329 5717 617 5773 Eztulerat
631 5736 648 5783 ;

111 5783 190 5843 Et
214 5788 343 5845 illud
374 5806 426 5846 vn
463 5791 531 5847 de
562 5788 784 5860 Helena,

1802 4591 1982 4643 nautis
2009 4590 2282 4643 colonisve
2304 4591 2627 4657 quibusdam
2649 4590 2898 4644 iufesxior
2914 4606 2976 4643 ea
2995 4599 3379 4659 tempestatum

1801 4680 2142 4749 inaequalitas
2189 4681 2260 4736 sit
2306 4680 2505 4735 futura.
2558 4680 2694 4734 Nam
2742 4692 2960 4736 mutuas
3010 4682 3129 4737 illas
3158 4684 3377 4751 quidem

1800 4772 2191 4825 elementorum
2219 4773 2567 4834 mutationes,
2585 4790 2647 4826 ex
2667 4774 2865 4841 quibus
2882 4774 3118 4827 mundus
3137 4773 3237 4828 iste
3254 4790 3382 4829 coa-

1802 4864 1919 4926 luit,
1952 4864 2225 4932 etiamque
2249 4864 2499 4917 consistit
2532 4880 2596 4917 ac
2626 4866 2786 4935 viget,
2816 4865 2958 4934 quod
2994 4881 3262 4919 summam
3287 4883 3379 4920 ca-

1802 4972 1921 5008 rum
1949 4955 2323 5009 necessitatem
2350 4956 2643 5024 pervideat,
2664 4974 2939 5026 nunquam
2960 4957 3045 5010 liei
3062 4956 3074 5008 i
3094 4957 3374 5026 prohibet:

1800 5046 1960 5117 395
1985 5058 2039 5102 at
2078 5064 2207 5102 vero
2251 5051 2480 5118 pruinae,
2527 5051 2698 5115 nives,
2730 5058 2891 5119 atque
2935 5051 2985 5104 id
3027 5063 3198 5121 genus
3253 5050 3380 5104 reli-

2016 5225 2322 5279 Flammam
2352 5227 2522 5278 media
2557 5227 2672 5293 ipsa
2705 5229 2925 5279 tenebat.

1872 5297 1985 5367 (41)
2031 5299 2123 5362 Ὡς
2153 5296 2229 5349 ἂν
2255 5301 2339 5358 εὶ,
2368 5307 2470 5350 etc.
2505 5295 2632 5348 Loci
2687 5298 2848 5363 hujus
2894 5297 3101 5368 vitium,
3131 5297 3241 5351 tolli
3278 5313 3377 5368 po-

1800 5366 1927 5430 test,
1957 5366 1997 5418 si
2031 5385 2152 5419 cum
2183 5370 2352 5420 altero
2389 5381 2663 5420 uianttscr.
2700 5369 2933 5433 primutn
2972 5366 3048 5430 ὡς
3073 5367 3138 5421 ἄν
3169 5366 3378 5435 expun-

1802 5446 1968 5501 Xeris,
2011 5440 2101 5491 vel
2125 5441 2311 5491 saltem
2357 5438 2567 5505 legeris.
2599 5438 2646 5488 εἰ
2674 5439 2767 5489 καὶ
2806 5437 2877 5499 ὡς
2909 5437 3005 5494 ἄν.
3043 5439 3236 5491 deinde
3264 5442 3375 5491 οἰο-

1803 5509 1950 5579 μένῳ
1985 5510 2037 5561 in
2065 5504 2201 5562 εἶναι
2227 5504 2542 5579 mutaveris.
2571 5505 2833 5560 Praeterea
2862 5507 3034 5579 δεινός
3068 5524 3164 5576 pro
3188 5507 3376 5571 δεινῶς

1802 5577 2171 5649 reponendum
2223 5580 2451 5649 videtur.
2505 5577 2713 5649 Integer
2757 5595 2885 5649 ergo
2926 5577 3117 5649 locus
3146 5579 3225 5632 sie
3272 5581 3374 5646 legi

1802 5646 1989 5719 poissit,
2035 5649 2223 5719 siml.
2264 5648 2366 5719 (vel
2409 5647 2457 5698 εί
2500 5646 2591 5702 καὶ
2637 5647 2713 5711 ὡς
2747 5646 2837 5719 ἂν)
2878 5646 2957 5718 τῷ
2995 5648 3166 5713 δεινὸς
3202 5650 3377 5705 εἰπείν

1802 5715 1962 5781 εἶναι.
1992 5715 2299 5791 προλαϐών,
2331 5727 2438 5773 etc.
