3824 6226
463 255 529 312 Ἡ

1064 249 1336 308 EUSEBII
1375 247 1858 306 CESARIENSIS
1893 251 2043 306 OPP.
2086 249 2268 305 PARS
2306 248 2368 304 ll.
2427 279 2468 289 -
2505 245 3006 304 APOLOCETlCA.

429 395 560 449 qua,
605 376 730 434 caali
777 373 1264 446 refrigerationem,
1301 373 1760 444 quemadmodum
1809 382 1864 428 et
1905 389 1996 428 nu-

2117 345 2502 442 ἀφθονωτάτας
2529 369 2754 441 ἡμέρων
2779 369 2998 437 ἀγέλας.
3024 365 3240 438 Ἐπειδὴ
3275 366 3390 430 σῦς,
3422 367 3518 420 καὶ
3546 366 3693 420 λέον-

2111 482 2222 528 τες,
2258 463 2354 518 καὶ
2388 463 2489 516 ὅσα
2535 463 2895 533 ὁμοιότροπα,
2938 457 3162 529 ἑκουσίᾳ
3202 457 3360 527 φύσει
3391 457 3690 529 χρώμενα,

431 471 581 526 bium
627 469 966 524 collisionem
1015 465 1372 534 attritumque
1409 463 1626 534 fulgura
1668 473 1830 534 atque
1864 464 2009 518 toni-

431 570 553 616 trua
585 567 1015 628 consequuntur.
1047 557 1112 624 (')
1159 556 1404 622 Quorum
1445 556 1602 618 adeo.
1647 554 2010 608 Providentiae

441 652 676 708 consilio
713 649 927 706 exsistit
972 647 1208 704 fortasse
1241 647 1408 715 nihil;
1460 647 1554 702 sed
1585 647 1780 717 pluviae
1829 647 2007 702 solum

427 845 534 898 tur,
567 835 778 897 vivunt,
812 833 1055 898 aluntur,
1086 840 1139 885 et
1165 839 1455 896 crescunt,
1501 830 1812 900 quibusque
1852 841 2009 883 ante-

423 927 630 1000 gressis
673 936 872 980 caatera
916 925 1004 979 illa
1055 925 1220 994 vulgo
1267 923 1695 992 subsequuntur.
1749 923 1816 978 Ut
1860 925 2006 978 enim

422 1035 578 1085 vero,
623 1020 668 1075 si
705 1018 800 1088 qui
851 1017 990 1071 forte
1033 1017 1216 1070 minus
1249 1015 1525 1084 elegantes
1568 1031 1631 1068 ac
1669 1016 1844 1085 politi,
1882 1031 2005 1069 cum

425 1109 692 1182 gymnasii
744 1107 1057 1163 moderator
1099 1105 1458 1173 voluptarios,
1515 1115 1572 1158 ut
1611 1121 1754 1174 saepe
1786 1105 2004 1171 accidit,

423 1201 841 1272 magnificentia:
896 1198 1102 1263 studio,
1161 1207 1413 1266 sumptus
1452 1197 1660 1261 fecerit,
1716 1200 2008 1266 unguentis

422 1310 522 1364 pro
555 1310 698 1364 aqua
727 1291 960 1362 perfusi,
1007 1291 1324 1346 labentibus
1366 1291 1535 1362 guttis
1567 1291 1872 1360 subjectum
1915 1307 2005 1346 so-

423 1382 536 1436 lum
591 1383 901 1453 irrigarint,
957 1381 1102 1434 unde
1160 1379 1334 1434 lutum
1383 1381 1678 1433 admodum
1728 1380 2004 1434 lubricum

422 1475 854 1530 oriaturznemo
883 1472 1125 1542 quidem,
1156 1471 1201 1526 si
1235 1471 1409 1540 sapiat
1444 1471 1628 1536 modo,
1663 1473 2007 1542 gymnasiar—

423 1565 541 1620 chae
597 1565 830 1620 consilio
878 1564 1054 1617 lutum
1107 1563 1250 1618 istud
1313 1562 1653 1616 lubricumve
1711 1564 2006 1634 contigisse

421 1656 640 1720 dixerit,
677 1655 774 1710 sed
823 1663 1120 1722 utrumque
1155 1669 1286 1708 casu
1321 1653 1558 1724 quodam
1603 1669 1669 1707 ex
1717 1662 1864 1708 tanta
1899 1671 2003 1708 un-

2115 555 2332 626 μακρὰν
2370 553 2561 615 ἄστεος
2607 551 2978 623 ἀπελήλαται,
3007 549 3068 602 τὸ
3118 549 3286 621 μηδὲν
3324 549 3516 602 παθεῖν
3549 550 3692 619 ἀγω-

3777 203 3796 412 l

2111 648 2298 700 πῶντα
2339 645 2436 716 τῆς
2491 643 2795 716 ἀνθρώπων
2848 641 3160 712 ἐπιόουλῆς.
3208 643 3270 694 EE
3301 641 3358 695 δέ
3399 657 3548 706 τινες
3585 640 3691 696 ὑπό
3793 707 3795 710 γ

427 757 591 813 atque
620 741 800 807 venti,
830 740 1032 809 quibus
1063 754 1151 806 ea,
1197 754 1319 809 quae
1357 747 1518 793 terra:
1566 739 1688 792 sinu
1724 739 1996 793 continen-

2112 737 2382 810 ῥᾳθυμίας
2415 736 2605 790 ἄοπλοι
2655 735 2750 788 καὶ
2793 733 3168 804 ἀπαράσκευοι
3199 737 3316 797 ταῖς
3361 733 3689 788 καταδύσεο-ι

2108 831 2216 884 τῶν
2245 830 2448 901 Θηρίων
2493 827 2662 892 ἀδεῶς
2711 826 3104 890 ἐνδιαιτῶνται,
3135 825 3242 879 τῶν
3283 824 3689 896 συμϐαινόντων
3791 829 3795 884 ‘5

2109 921 2369 984 ἑαυτοὺς,
2419 919 2553 974 ἀλλὰ
2598 917 2672 990 μὴ
2721 917 2820 988 τὴν
2853 917 3014 986 φύσιν
3065 916 3464 983 αἰτιάσθωσαν,
3513 916 3688 986 διότι,

2109 1011 2445 1081 φυλάξασθαι
2492 1011 2687 1082 παρὸν,
2730 1010 3106 1081 ὠλιγώρησαν.
3144 1009 3285 1079 Ἤδη
3331 1009 3462 1078 γοῦν
3502 1010 3601 1064 καὶ
3631 1011 3692 1066 ὲν

2111 1105 2498 1175 ἱπποδρομίαις
2528 1098 2670 1156 εἶδόν
2691 1119 2843 1166 τινας
2870 1101 3120 1166 εἴξαντας
3143 1101 3444 1173 ἀλογιστία,
3473 1101 3546 1166 οἳ,
3569 1101 3688 1156 δέον

2109 1196 2524 1266 ἐγκαθέζεσθαι,
2580 1197 2677 1249 καὶ
2733 1195 2829 1248 σὺν
2869 1195 3060 1266 κόσμῳ
3113 1194 3368 1266 θεωρεῖν,
3421 1197 3480 1248 ἐν

2109 1290 2352 1352 στάντες,
2379 1289 2484 1342 ὑπὸ
2512 1288 2613 1359 τῆς
2644 1287 2823 1360 ῥύμης
2853 1287 2963 1340 τῶν
2988 1287 3302 1360 τεθρίππων
3333 1286 3685 1352 ἀνωσθὲντες,

2107 1382 2235 1436 ποσὶ
2279 1383 2374 1434 καὶ
2415 1383 2631 1452 τροχοῖς
2677 1379 3122 1450 κατηλοήθησαν,
3176 1377 3364 1444 ἀνοίας
3391 1381 3688 1452 τάπίχειρα

2106 1473 2416 1543 εὑράμενοι.
2439 1471 2573 1542 Περὶ
2599 1471 2695 1541 μὲν
2727 1465 2819 1524 οὖν
2843 1469 3050 1524 τούτων
3071 1470 3284 1541 ἀπόχρη
3304 1468 3375 1524 τὰ
3399 1469 3683 1541 λεχθέντα.

2107 1565 2227 1618 Τῶν
2255 1565 2298 1618 δ’
2327 1563 2572 1636 ἑρπετῶν
2595 1563 2666 1616 τὰ
2695 1563 2870 1617 ἱοϐόλα
2899 1563 3122 1632 γέγονεν
3148 1563 3210 1615 οὐ
3238 1559 3382 1616 κατά
3406 1563 3684 1634 πρόνοιαν,

2106 1656 2240 1710 ἀλλὰ
2281 1659 2400 1709 κατ’
2441 1653 2898 1726 ἐπακολούθησιν,
2950 1653 3026 1718 ῶς
3067 1653 3462 1726 καὶπρότερον
3509 1653 3682 1712 εἷπον.

421 1759 750 1818 guentorum
785 1748 944 1818 copia
995 1757 1396 1816 consequutum
1431 1746 1635 1812 fuisse;
1685 1747 1782 1802 iris
1810 1748 1996 1802 simili-

2107 1752 2461 1818 Ζωογονεῖται
2499 1749 2629 1820 γὰρ,
2657 1751 2784 1804 ὅταν
2813 1751 2846 1820 ἡ
2891 1749 3271 1818 ἐνυπάρχουσα
3317 1748 3488 1819 ἰκμὰς
3523 1766 3687 1821 μετα-

421 1849 526 1905 ter,
555 1855 780 1905 corona,
813 1848 868 1894 et
900 1849 1094 1893 caetera
1127 1839 1180 1892 id
1209 1854 1400 1908 genus,
1435 1852 1501 1892 ex
1535 1835 1700 1890 radiis
1733 1853 1853 1892 sese
1883 1854 1999 1890 me-

419 1933 538 1987 dias
576 1932 630 1990 in
663 1932 836 1985 nubes
876 1931 1316 1985 immiscentibus
1351 1942 1789 2000 consequuntur,
1821 1946 1998 2000 eoque

418 2040 528 2078 non
577 2023 903 2094 principalia
951 2023 1200 2093 quaedam
1248 2031 1458 2077 natura:
1503 2038 1668 2091 Opera
1710 2031 1857 2089 sunt,
1904 2023 2000 2077 sed

418 2113 601 2184 potius
645 2115 711 2168 ad
766 2129 857 2168 res
907 2113 1188 2171 naturales
1237 2115 1527 2167 accedunt.
1567 2114 1894 2182 Quanquam
1947 2123 2001 2168 et

418 2205 803 2260 solertioribus
834 2205 950 2274 ipsa
984 2220 1224 2274 quoque,
1267 2205 1577 2258 necessario
1609 2205 1824 2258 cuidam
1874 2205 1999 2258 usui

414 2309 539 2348 esse
571 2294 767 2360 solent,
805 2295 898 2364 qui
927 2309 992 2347 ex
1022 2294 1240 2347 illorum
1271 2305 1518 2362 aspectu,
1543 2302 1637 2347 aut
1661 2293 1857 2348 sudum
1885 2293 2000 2347 fore

415 2401 782 2456 serenumque
815 2389 1040 2451 caelum,
1073 2395 1168 2440 aut
1196 2395 1389 2440 ventos
1417 2403 1482 2440 ac
1515 2396 1864 2455 tempestates
1895 2388 2000 2440 im-

416 2476 623 2531 minere
665 2479 1046 2548 praesentiunt,
1102 2487 1267 2546 atque
1318 2479 1707 2547 praenuntiant.
1751 2477 1891 2532 Num
1941 2487 1995 2532 tu

415 2570 658 2638 porticus
705 2571 828 2626 illas
895 2579 1007 2625 tota
1057 2571 1192 2624 urbe
1245 2570 1434 2625 vides?
1493 2578 1741 2640 spectant
1804 2571 1995 2640 plura:-

412 2675 520 2729 que
567 2661 890 2728 meridiem,
933 2671 994 2717 ut
1059 2661 1464 2716 inambulantes
1533 2661 1710 2715 hieme
1774 2663 1994 2732 quidem

413 2753 769 2820 iucalescant,
817 2763 1008 2808 aestate
1054 2769 1208 2819 vero,
1245 2769 1379 2807 aura
1421 2753 1826 2808 vehementiore
1874 2770 1996 2823 per-

412 2847 631 2900 llentur.
676 2845 947 2900 Cancrum
983 2845 1129 2900 aliud
1157 2845 1416 2914 quiddam
1445 2859 1510 2897 eo
1547 2859 1615 2898 ex
1651 2843 1756 2897 situ
1799 2859 1994 2898 conse-

410 2937 620 3008 quitur,
673 2937 822 3006 quod
872 2937 1101 2991 omnino
1151 2947 1346 3004 prazter
1393 2933 1534 3002 ejus,
1583 2934 1676 3002 qui
1722 2933 1998 3003 porticum

411 3029 636 3083 molitus
683 3037 788 3090 est,
835 3027 1081 3080 animum
1116 3035 1465 3092 mentemque
1515 3025 1800 3094 contingit.
1848 3023 1992 3089 Quid

409 3119 629 3172 tandem
659 3117 828 3171 illud?
860 3117 1016 3182 Quod
1047 3118 1303 3187 projecta:
1321 3117 1548 3186 pedibus
1575 3119 1800 3180 umbrae,
1827 3116 1991 3171 horas

411 3210 574 3264 nobis
599 3207 923 3278 quotidiana
961 3208 1198 3278 quadam
1227 3207 1562 3278 experientia
1597 3206 1876 3260 denotent.
1903 3205 1996 3262 Sic

411 3299 554 3370 ignis
581 3315 720 3370 opus
751 3309 835 3356 est
871 3309 1083 3354 natura:
1112 3314 1210 3369 per
1235 3299 1638 3364 necessarium;
1683 3297 1867 3353 fumus
1898 3315 1996 3352 au—

409 3401 542 3455 tem,
574 3400 634 3446 ut
676 3391 796 3460 ejus
834 3391 1086 3462 quaedam
1123 3390 1282 3460 quasi
1311 3389 1554 3444 accessio
1595 3389 1686 3452 sit,
1721 3388 1882 3442 habet
1915 3398 1996 3442 ta.-

414 3495 538 3534 men
575 3480 848 3534 interdum
894 3479 1298 3534 commoditatis
1339 3478 1544 3548 aliquid
1577 3477 1691 3546 ipse
1731 3493 1994 3546 quoque:

409 3587 535 3626 cum
573 3570 721 3625 enim
755 3569 905 3625 faces
933 3570 1170 3624 interdiu
1197 3571 1464 3624 tolluntur
1491 3585 1521 3622 e
1551 3569 1810 3637 speculis,
1837 3568 1997 3622 solis-

409 3679 518 3732 que
555 3664 696 3718 radii
745 3663 1090 3734 splendorem
1129 3663 1272 3734 ignis
1306 3662 1682 3734 exstinguunt,
1713 3661 1864 3715 fum'o
1888 3661 2005 3716 531-.

411 3761 518 3809 tem
558 3753 795 3808 indidem
829 3763 1222 3824 prorumpente
1263 3753 1501 3809 hostium
1549 3753 1816 3808 adventus
1853 3752 1990 3806 indi-

409 3852 586 3897 catur.
623 3843 793 3899 Porro
822 3847 967 3914 quod
1001 3845 1068 3900 de
1108 3845 1252 3900 iride
1284 3846 1602 3909 statuimus,
1657 3845 1799 3900 idem
1827 3846 1993 3898 etiam

409 3933 478 3986 de
501 3932 635 3987 solis
659 3948 722 3987 ac
749 3933 893 3988 lunae
919 3934 1322 3990 defectionibus
1357 3936 1701 3991 sentiendum
1730 3942 1838 3990 est.
1863 3933 1998 4001 Quae

409 4021 632 4091 quidem
661 4023 734 4077 ita
766 4024 1132 4080 divinioribus
1165 4028 1456 4096 utriusque
1499 4027 1634 4081 astri
1663 4027 1876 4081 naturis
1903 4043 1995 4081 ae-

410 4115 620 4177 cidunt,
666 4123 727 4170 ut
770 4116 933 4170 simul
981 4117 1358 4172 imminentem
1412 4127 1509 4172 aut
1552 4119 1771 4188 regibus
1806 4119 1995 4173 interi-

411 4213 550 4271 tum,
592 4213 688 4260 aut
729 4207 1044 4263 civitatibus
1095 4218 1303 4278 pestem
1356 4209 1698 4264 denuntient.
1732 4211 1791 4264 Id
1845 4209 1994 4278 quod

409 4297 574 4350 etiam
627 4295 918 4365 Pindarus,
956 4317 1079 4353 cum
1135 4301 1332 4355 similis
1381 4299 1616 4356 defectio
1655 4301 1990 4372 contigisset,

410 4387 648 4444 laudatis
687 4405 851 4458 supra
905 4391 1246 4446 carminibus
1276 4391 1556 4446 iudicavit.
1593 4392 1826 4448 Lacteus
1861 4394 1988 4447 item

408 4480 670 4544 circulus,
705 4495 833 4536 cum
865 4481 1114 4551 ejusdem
1159 4483 1342 4553 plane,
1395 4483 1554 4552 cujus
1606 4494 1755 4538 astra
1795 4494 1989 4540 caetera

411 4583 620 4626 natura:
646 4571 738 4636 sit,
771 4579 832 4625 ut
854 4585 1048 4625 causas
1077 4571 1273 4626 habeat
1293 4573 1564 4642 explicatu
1597 4575 1862 4639 dilliciles,
1893 4577 1991 4630 ab-

409 4664 482 4719 sit
520 4673 701 4717 tamen
738 4670 798 4716 ut
841 4663 1086 4717 animum
1126 4662 1228 4718 hoc
1267 4664 1320 4718 in
1365 4681 1561 4735 genere
1595 4666 1988 4736 despondeant.

409 4757 501 4824 qui
557 4774 742 4812 rerum
802 4758 1136 4814 naturalium
1183 4757 1422 4810 rationes
1483 4757 1738 4828 indagare
1765 4758 1982 4813 solent:

405 4848 572 4920 396
599 4865 724 4904 cum
777 4851 924 4905 enim
973 4863 1196 4904 causam
1242 4847 1508 4917 ejusmodi
1551 4848 1792 4917 aliquam
1841 4848 1990 4903 inve-

362 4939 560 4996 ‘nisse
608 4941 965 4996 utilissimum
1016 4949 1119 5007 est,
1170 4950 1284 4994 tum
1337 4939 1426 4994 vel
1465 4954 1584 4994 eam
1635 4939 1982 5010 investigare,

337 5094 382 5187 ὲ)

408 5030 723 5089 hominibus
770 5033 978 5090 sciendi
1031 5033 1268 5105 cupidis,
1322 5049 1419 5103 per
1478 5049 1599 5088 sese
1647 5033 1988 5104 jucundissi-

477 5159 506 5189 ι
543 5150 631 5204 Ζσ.
674 5150 842 5222 ἐνίδρ.

407 5347 422 5364 ε
459 5279 591 5364 ,(42)
620 5285 1032 5364 Βρρντρύκρυς.
1069 5281 1187 5338 Non
1228 5281 1550 5364 video-quid
1589 5282 1850 5364 supplicii
1879 5299 1986 5338 vox

406 5353 515 5431 ista
543 5353 1103 5431 signiﬁcet._Uterque
1125 5355 1482 5431 manuscript.
1513 5353 1676 5431 liabet
1699 5353 1984 5431 ὕστριχας,

405 5423 640 5506 optime;
680 5423 869 5506 ὕστριξ
897 5423 1067 5506 enim,
1095 5425 1209 5480 sive
1238 5423 1453 5496 ὖσθριξ,
1484 5424 1598 5506 sive
1628 5423 1894 5506 ὑστριχὶς,
1927 5424 1986 5488 ἐξ

407 5487 570 5566 ὑείων
602 5487 804 5564 τριχῶν
841 5487 1066 5564 μάστιξ,
1110 5487 1509 5551 υουῑιιιηέεὶιιο
1554 5487 1748 5563 flagelli
1789 5487 1980 5566 genus,

405 5556 798 5630 Ar:st0pliaues
826 5565 880 5616 in
918 5564 1160 5619 Nubibus
1190 5581 1208 5620 :

481 5607 493 5677 ,⁷
507 5607 1250 5699 ’ζ’ἷᾞὶὶῖἒὲἐῖὶςῖὲἇᾶιῖῗίὲω
1278 5636 1522 5706 κλίμακι

2107 1839 2246 1914 ϐάλῃ
2282 1841 2418 1912 πρὸς
2443 1840 2504 1893 τὸ
2547 1838 2898 1911 θερμότερον.
2941 1841 3100 1893 Ἔνια
3127 1839 3184 1892 δὲ
3218 1839 3313 1893 καὶ
3349 1841 3514 1911 σῆψις
3559 1841 3686 1912 ἐψύ·

2105 1947 2298 2000 χωσεν,
2352 1931 2428 1994 ὼς
2459 1929 2719 2000 ἕλμινθας
2764 1929 2863 2000 μὲν
2911 1931 2944 2000 ἡ
2998 1929 3125 2000 περὶ
3150 1928 3354 2000 τροφὴν
3383 1968 3398 1995 ,
3457 1930 3686 2004 φθεῖρας

2103 2023 2146 2076 δ’
2179 2025 2211 2093 ἡ
2239 2024 2346 2076 ἀπὸ
2376 2023 2485 2076 τῶν
2515 2021 2774 2094 ἱδρώτων.
2803 2011 2943 2075 Ὅσα
2977 2021 3022 2074 δ’
3048 2020 3106 2088 ἐξ
3140 2023 3346 2086 οἰκείας
3371 2021 3506 2095 ὕλης
3545 2026 3686 2080 κατά

2103 2117 2262 2184 φύσιν
2295 2115 2672 2187 σπερματικὴν
2713 2116 2808 2169 καὶ
2847 2116 3268 2186 προηγουμένην
3301 2115 3417 2186 ἔχει
3447 2117 3684 2185 γένεσιν,

2101 2207 2324 2270 εἰκότως
2372 2207 2774 2280 ἐπιγέγραπται
2827 2206 3114 2278 Πρόνοιαν.
3163 2207 3414 2260 Ἤκουσα
3466 2207 3526 2260 δέ
3591 2209 3685 2260 καὶ

2101 2300 2228 2368 περὶ
2261 2299 2484 2353 ἐκείνων
2544 2299 2754 2360 διττοὺς
2786 2297 3010 2366 λόγους,
3061 2298 3137 2362 ὡς
3179 2300 3263 2352 ἐπ’
3304 2297 3542 2370 ὠφελείᾳ
3589 2299 3684 2351 τοῦ

2100 2388 2386 2460 ἀνθρώπου
2419 2376 2743 2458 γεγονότων,
2780 2388 2872 2452 οὒς
2897 2390 2997 2442 οὐκ
3019 2388 3086 2443 ἂν
3122 2389 3555 2462 ἐπικρυψαίμην,
3575 2386 3684 2442 Ἦν

2099 2480 2144 2534 δ’
2175 2482 2203 2532 ό
2257 2482 2352 2550 μὲν
2403 2481 2590 2553 ἐτερος
2633 2481 2870 2534 τοιόσδε·
2911 2481 3055 2551 Πρὸς
3105 2480 3275 2534 πολλά
3317 2480 3430 2535 τῶν
3484 2481 3686 2553 ἰατρῶν

2099 2569 2307 2640 ἔφασάν
2354 2587 2498 2633 τινες
2533 2569 2602 2624 τὰ
2640 2571 2822 2623 ίοϐόλα
2865 2573 3185 2641 συνεργεῖν,
3234 2571 3329 2624 καί
3381 2571 3509 2635 τοὺς
3556 2571 3682 2641 μεθ*

2097 2661 2388 2726 οδεύοντας
2421 2661 2520 2732 τὴν
2559 2663 2754 2733 τέχνην
2775 2702 2790 2726 ,
2825 2664 2905 2726 είς
2935 2661 2971 2716 ἂ
2991 2663 3071 2714 δεῖ
3098 2663 3556 2734 καταχρωμένους
3587 2661 3682 2716 αὒ-

2097 2758 2210 2818 τοῖς
2240 2753 2643 2825 ἐπιστημόνως,
2679 2752 3140 2825 ἀλεξιφαρμάκων
3181 2755 3454 2826 εὐπορεῖν,
3485 2755 3587 2809 ἐπϊ
3609 2757 3678 2830 τῇ

2096 2844 2203 2899 τῶν
2234 2843 2468 2915 μάλιστα
2505 2843 2821 2913 ἐπισφαλῶς
2867 2843 3098 2914 ἐχόντων
3134 2845 3527 2918 ἀπροσδοκήτῳ
3571 2863 3678 2902 σω-

2095 2937 2280 3006 τηρίᾳ.
2312 2936 2432 2992 Καὶ,
2451 2937 2613 3007 μέχρι
2643 2936 2740 2988 νῦν
2768 2935 2916 2988 ἔστιν
2969 2935 3098 2989 ίδεῖν
3123 2937 3250 3000 τοὺς
3295 2936 3370 3008 μὴ
3419 2938 3681 3010 ῥᾳθύμως

2098 3029 2192 3087 καὶ
2224 3027 2440 3098 ἀμελῶς
2486 3028 2762 3098 ’ίατρεύειν
2799 3027 3213 3100 ἐπιχειροῦντας
3251 3030 3310 3083 ἐν
3346 3033 3466 3096 ταῖς
3492 3031 3681 3086 συνθέ-

2096 3137 2212 3173 σεσι
2236 3119 2342 3174 τῶν
2370 3121 2675 3192 φαρμάκων
2705 3121 3161 3191 καταχρωμένους
3177 3120 3426 3184 ἑκάστοις
3451 3123 3512 3175 οὐ
3538 3139 3678 3193 παρ-

2095 3215 2289 3286 έργως.
2323 3215 2382 3267 Ὁ
2418 3213 2461 3264 δ’
2493 3211 2679 3282 ἕτερος
2725 3211 2884 3279 λόγος
2932 3211 3033 3264 οὐκ
3063 3211 3325 3283 ἰατρικὸς,
3365 3211 3498 3266 ἀλλὰ
3527 3213 3682 3281 φιλό-

2097 3323 2259 3376 σοφος
2287 3301 2384 3377 ἦν,
2430 3305 2505 3367 ὡς
2555 3303 2718 3356 ἔοικε.
2766 3302 2856 3374 Τῷ
2905 3302 3014 3375 γὰρ
3071 3302 3192 3374 Θεῷ
3233 3303 3385 3358 ταῦτ’
3443 3304 3682 3375 ἔφασκεν

2093 3395 2455 3468 ηὐτρεπίσθαι
2506 3394 2648 3447 κατά
2693 3393 2801 3447 τῶν
2856 3395 3276 3466 ἁμαρτανόντων
3323 3395 3680 3469 κολαστήρια,

2097 3487 2172 3550 ὡς
2206 3488 2532 3558 στρατηγοῖς
2560 3485 2653 3538 καὶ
2679 3486 2911 3557 ἡγεμόσι
2939 3485 3272 3558 βοστρύχους
3303 3487 3413 3560 (42)
3452 3489 3486 3560 ἦ
3525 3489 3680 3561 σίδη-

2101 3597 2219 3652 ρον·
2255 3574 2316 3632 οὗ
2358 3581 2538 3652 χάριν,
2567 3579 2882 3650 ἠρεμοῦντα
2914 3579 3006 3632 τδν
3045 3579 3202 3633 ἀλλον
3245 3581 3457 3652 χρόνον,
3491 3581 3681 3652 ἀνερε-

2099 3671 2338 3736 θίζεσθαι
2372 3672 2510 3744 πρὸς
2548 3671 2718 3742 ἀλκὴν
2764 3673 2856 3726 ἐπὶ
2903 3675 3017 3736 τοῖς
3056 3672 3496 3744 κατακριθεῖσιν,
3541 3667 3619 3728 ὧν
3645 3677 3680 3747 ἡ

2097 3761 2258 3830 φύσις
2289 3764 2346 3815 ἐν
2375 3761 2454 3833 τῷ
2485 3762 2876 3834 ἀδωροδοκήτῳ
2918 3763 3251 3836 δικαστηρίῳ
3297 3764 3499 3834 ἑαυτῆς
3548 3783 3680 3820 κατ-

2099 3861 2238 3922 ὲγνω
2279 3854 2524 3908 θάνατον.
2564 3855 2639 3908 Ίὸ
2691 3854 2734 3907 δ’
2783 3858 2840 3908 ἐν
2877 3858 2997 3920 ταῖς
3025 3857 3224 3922 οἰκίαις
3269 3857 3680 3926 πεφωλευκέναι

2100 3944 2296 4015 μᾶλλόν
2344 3949 2459 4000 ἐστι
2506 3946 2604 4018 μέν
2627 3946 2857 4016 ψεῦδος⁵
2891 3947 2998 4012 ἔξω
3027 3947 3138 4020 γὰρ
3188 3948 3401 4014 ἄστεος.
3437 3951 3494 4003 έν
3523 3949 3681 4023 ἀγρῷ

2096 4033 2190 4089 καὶ
2219 4033 2473 4106 ἐρημίαις
2525 4035 2809 4108 θεωρεῖται
2849 4037 3119 4108 φεύγοντα
3163 4039 3240 4102 ὡς
3273 4040 3542 4113 δεσπότην
3585 4041 3681 4098 τὸν

2095 4127 2402 4200 ἄνθρωπον.
2435 4131 2510 4182 Οὐ
2544 4129 2648 4201 μὴν
2679 4130 2792 4184 ἀλλ’
2841 4133 2889 4184 εί
2935 4132 3028 4184 καὶ
3075 4130 3274 4202 ἀληθές
3326 4131 3508 4197 ἐστιν,
3563 4133 3680 4204 ἔχει

2095 4219 2218 4273 τινὰ
2247 4221 2423 4290 λόγον.
2465 4223 2552 4274 Ἐν
2583 4221 2693 4293 γὰρ
2719 4226 2907 4294 μυχοῖς
2938 4221 3271 4295 σεσώρευται
3296 4223 3550 4294 φορυτὸς.
3583 4227 3682 4280 καὶ

2100 4311 2384 4366 σκυϐάλων
2415 4313 2639 4385 πλῆθος,
2667 4311 2749 4379 οἷς
2782 4315 3090 4368 εἰσδύεσθαι
3115 4315 3275 4385 φιλεῖ,
3301 4316 3423 4386 δίχα
3455 4315 3550 4370 τοῦ
3583 4318 3682 4371 καὶ

2097 4403 2196 4474 τὴν
2219 4404 2447 4458 κνίσσαν
2482 4405 2705 4477 όλκηικὴν
2735 4405 2878 4476 ἔχειν
2901 4406 3150 4477 δύναμιν.
3189 4407 3252 4459 Εί
3291 4406 3348 4459 δὲ
3395 4407 3490 4460 καὶ
3533 4406 3682 4478 χελι-

2095 4497 2244 4555 δόνες
2274 4498 2406 4566 ἡμῖν
2436 4496 2860 4563 συνδιαιτῶνται,
2887 4498 3198 4570 θαυμαστὸν
3229 4497 3382 4552 οὐδέν
3401 4515 3414 4530 ·
3445 4499 3546 4570 τῆς
3568 4498 3683 4574 γὰρ

2101 4587 2300 4641 τούτων
2329 4587 2502 4660 θήρας
2530 4589 2866 4660 ἀπεχόμεθα.
2895 4590 3174 4662 Σωτηρίας
3201 4590 3258 4643 δὲ
3287 4590 3451 4656 πόθος
3471 4593 3530 4646 ἐν
3557 4594 3682 4660 ταῖς

2093 4679 2294 4748 ψυχαῖς
2325 4680 2386 4732 οὐ
2413 4679 2660 4748 λογικαῖς
2691 4681 2870 4750 μόνον,
2896 4679 3032 4734 ἀλλὰ
3077 4681 3171 4734 καί
3207 4680 3423 4750 ἀλόγοις
3455 4683 3680 4756 ἀνίδρυ-

2093 4789 2182 4825 ται
2207 4783 2252 4824 ι.
2289 4771 2408 4824 Τῶν
2431 4772 2488 4825 δὲ
2524 4771 2660 4842 πρὸς
2694 4772 2989 4826 ἀπόλαυσιν
3021 4771 3174 4826 οὐδὲν
3209 4772 3545 4844 ὁμοδίαιτον,
3587 4775 3682 4830 διὰ

2095 4861 2192 4924 τὰς
2222 4860 2279 4927 ἐξ
2307 4864 2339 4932 ἡ
2350 4862 2466 4933 μῶν
2495 4861 2806 4926 ἐπιϐουλὰς,
2836 4863 2974 4934 πλὴν
3009 4865 3139 4934 παρ’
3176 4857 3257 4927 οἷς
3284 4866 3318 4935 ἡ
3351 4863 3462 4920 τῶν
3499 4865 3682 4919 τοιού-

2091 4967 2198 5002 των
2241 4951 2436 5022 χρῆσις
2471 4953 2844 5024 ἀπηγόρευται
2875 4953 3045 5024 νόμῳ.
3086 4954 3195 5025 Τῆς
3227 4955 3427 5026 Συρίας
3460 4955 3558 5008 ἐπὶ
3583 4955 3680 5010 θα-

2093 5043 2272 5115 λάττῃ
2293 5043 2444 5108 πόλις
2485 5044 2654 5108 ἐστὶν,
2713 5045 2988 5099 Ἀσκάλων
3028 5046 3230 5118 όνομα’
3279 5047 3570 5119 γενόμενος
3615 5049 3681 5104 ἐν

2158 5287 2378 5366 Δίήσας,
2397 5293 2735 5366 κρεμάσας,
2770 5294 3066 5364 ὑστριχίδι
3089 5295 3418 5366 μαστιγῶν,
3447 5296 3673 5366 δέρων·

2159 5362 2468 5437 Στρεϐλῶν
2495 5365 2598 5417 ἐπί
2627 5381 2690 5418 τε
2717 5367 2826 5432 τὰς
2845 5362 3025 5432 ῥίνας
3053 5362 3194 5437 ὅξος
3218 5362 3465 5437 ἐγχέωόρ,
3495 5362 3601 5424 etc.

2159 5387 2468 5431 ἀτρεονιων
2495 5387 2593 5417 επι
2627 5387 2690 5418 τε
2717 5387 2826 5432 τας
2845 5387 3025 5432 ptrue
3053 5387 3118 5430 ος
3169 5387 3194 5402 ’ν
3218 5387 3465 5437 ematur,
3495 5387 3601 5424 etc.

2088 5431 2205 5508 {\lia
2241 5443 2464 5508 tortum:
2497 5451 2692 5508 genera
2737 5387 3426 5508 commemoratogynesius
3457 5455 3548 5508 ep.
3581 5439 3672 5503 38,

2089 5501 2463 5579 δακτυλήθραν
2483 5501 2932 5579 ξποδοστράϐην,
2966 5501 3310 5578 πιεστήρῐον,
3341 5501 3672 5579 ῥινολααδα,

2091 5571 2377 5644 ῶτάγραν,
2401 5571 2820 5647 χειλοστρόφίον.
2858 5571 2869 5576 ⁷
2899 5615 2904 5619 ς

469 5713 535 5777 ι’)
573 5718 718 5771 l‘aute
750 5724 959 5784 legenda
982 5729 1260 5786 sequentia,
1301 5729 1362 5778 de
1389 5741 1594 5790 operum
1616 5730 1804 5778 naturas
1828 5727 2168 5788 plumariorum
2198 5742 2249 5780 ac
2276 5729 2694 5792 secundat-iurum,
2722 5738 2774 5782 ut
2795 5741 2980 5794 vocant,
3011 5732 3309 5785 discrimine.

3791 1071 3795 1080 <

3773 1475 3796 1610 ι
