3824 6226
178 251 277 306 681

1309 253 1633 308 ΡΒΑΞΡΑΗ.
1674 253 1925 311 ΕνΑΝο.
1972 254 2099 310 LIB.
2141 256 2232 312 IX.

3339 260 3443 315 682

175 371 258 422 ὅτι
297 367 374 439 μὴ
422 366 578 431 ἐκτὸς
625 366 899 440 σώφρονος
945 367 1208 440 λογισμοῦ
1262 369 1364 442 τὴν
1418 371 1527 424 τῶν
1571 371 1728 443 δηλου

1863 389 1986 444 quae
2013 390 2186 445 usque
2214 389 2245 428 a
2275 375 2456 446 prisco
2479 376 2749 447 majorum
2787 391 3013 433 suorum
3053 392 3168 433 aevo
3197 379 3439 448 ducitur,

179 461 356 532 μένων
414 459 730 529 φιλοσοφίαν
772 461 882 516 τῶν
955 460 1220 530 Ἑλλήνων
1256 465 1760 534 προτετιμήκαμεν.

187 547 482 601 Ἀκόλουθα
525 547 657 616 γοῦν
710 552 825 614 τοῖς
881 549 1382 623 προεξητασμένοις
1412 555 1484 608 ’ὲν
1527 553 1606 624 τῷ
1653 555 1761 626 πρὸ

171 639 365 694 τούτου
425 641 820 713 συγγράμματι
879 644 974 696 καὶ
1032 644 1102 698 τὰ
1166 644 1268 714 τῆς
1318 645 1516 717 ὴθικῆς
1579 647 1762 712 αὐτοῖς

172 733 541 786 ἐπιτελεῖσθαι
586 735 972 806 συνασκήσεως
1010 737 1072 788 οὐ
1114 736 1276 807 μόνον
1314 738 1371 790 αἱ
1407 739 1538 810 παρ’
1573 739 1760 802 αὐτοῖς

172 825 320 896 ἱεραὶ
347 824 540 895 βίϐλοι,
576 824 712 878 ἀλλὰ
741 825 834 878 καὶ
869 826 977 880 τῶν
1025 828 1156 898 παρ’
1184 828 1410 900 Ἕλλησι
1452 830 1758 900 φιλοσόφων

167 917 221 970 οἱ
277 917 515 987 μάλιστα
569 918 847 986 διαφανεῖς
906 919 1000 971 καὶ
1076 919 1196 972 καθ’
1228 923 1376 991 ἡμᾶς
1441 921 1758 994 βεϐοημένοι

172 1008 534 1080 μαρτυροῦσι.
566 1010 677 1063 Καὶ
700 1009 764 1082 δὴ
794 1009 975 1063 λαϐὼν
999 1012 1274 1082 ἀνάγνωθι
1293 1014 1362 1067 τὰ
1387 1014 1758 1086 Θεοφράστου,

170 1102 229 1154 ὲν
267 1104 380 1165 τοῖς
414 1101 707 1174 Πορφυρίῳ
743 1106 1002 1173 γραφεῖσι
1025 1105 1163 1173 Περὶ
1182 1105 1294 1174 τῆς
1318 1105 1439 1160 τῶν
1467 1107 1759 1178 ἐμψύχων

166 1187 431 1259 ἀποχῆς,
450 1192 677 1265 κείμενα
698 1190 887 1246 τοῦτον
917 1191 1010 1246 τὸν
1042 1195 1264 1267 τρόπον.

1867 466 2110 522 historiae
2134 468 2504 524 meminerint.
2551 468 2840 524 Ordiemur
2870 479 3050 525 autem
3080 472 3148 527 ab
3173 473 3304 543 ipsis
3345 491 3442 544 po-

1866 557 1980 627 puli
2007 558 2290 626 moribus,
2329 568 2389 614 ut
2437 559 2706 629 intelligas
2739 560 2992 628 prudenti
3045 577 3147 617 nos
3197 578 3443 634 sanoque

1865 649 2096 705 consilio
2125 665 2318 705 eorum
2341 650 2688 721 disciplinam
2729 648 3045 706 Graecorum
3081 653 3442 725 philosophia:

1863 743 2188 813 praetulisse.
2214 742 2407 799 Testes
2451 744 2731 800 enimvero
2780 756 2910 802 sunt
2959 763 3069 803 non
3100 764 3272 805 sacra:
3294 751 3438 806 dun-

1863 844 2016 890 taxat
2041 834 2396 891 Hebraeorum
2428 835 2642 902 litterae,
2679 840 2773 893 sed
2807 841 2974 895 etiam
3018 841 3056 895 ii
3089 843 3182 913 qui
3217 851 3270 898 et
3291 842 3442 900 Grae-

1861 941 1957 982 cos
1984 927 2126 982 inter
2151 942 2498 996 summopere
2528 926 2854 996 ﬂoruerunt,
2892 931 3162 1004 hodieque
3202 936 3442 992 maxime
3549 953 3553 962 ’

1860 1019 2210 1075 celebrantur
2236 1020 2573 1090 philosophi,
2600 1032 3026 1079 eonsentaneam
3051 1025 3149 1092 iis,
3185 1043 3308 1098 quae
3346 1045 3442 1085 su-

1861 1111 2076 1179 periore
2103 1111 2241 1166 libro
2272 1112 2558 1183 diligenter
2585 1115 2962 1185 expendimus,
3018 1131 3114 1174 eos
3151 1120 3280 1175 vitae
3320 1137 3440 1174 mo-

1860 1217 2095 1274 rumque
2120 1205 2388 1260 rationem
2430 1216 2633 1263 tenere.
2669 1207 2782 1277 Age
2807 1209 2992 1278 igitur,
3034 1225 3099 1265 ea
3152 1211 3290 1266 mihi
3322 1229 3439 1283 per-

167 1283 306 1352 lege,
334 1299 457 1352 quae
479 1282 818 1356 Porphyrius
841 1287 897 1341 in
919 1301 1050 1344 suos
1076 1289 1153 1343 De
1178 1306 1355 1344 rerum
1390 1293 1753 1348 animatarum
1791 1294 2114 1352 abstinentia
2154 1299 2327 1354 libros
2373 1300 2521 1355 hunc
2575 1301 2632 1355 in
2677 1301 2901 1356 modum
2929 1317 3024 1373 ‘ex
3057 1282 3438 1374 Theophrasto

166 1380 373 1433 retulit.

701 1497 1102 1554 ΚΕΦΑΛΑῘΟΝ
1137 1500 1214 1552 B'.

161 1607 552 1676 Θεοφράστου
613 1611 747 1679 περὶ
817 1612 1141 1678 Ἰουδαίων,
1201 1615 1320 1670 ἀπὸ
1372 1616 1481 1671 τοῦ
1539 1617 1593 1673 α’
1633 1620 1754 1675 τῶν

230 1681 576 1748 Πορφυρίου
613 1681 754 1750 Περὶ
796 1681 908 1750 τῆς
945 1682 1064 1738 τῶν
1089 1685 1382 1755 ἐμψύχων
1419 1688 1677 1758 ἀποχῆς.

2487 1501 2717 1557 CAPUT
2752 1501 2818 1557 Il.

1852 1614 2019 1690 ἀ,οά
2038 1577 2119 1690 lie
2143 1614 2438 1690 Judwisex
2465 1614 2840 1690 Theophrasto,
2883 1633 3037 1686 quem
3077 1617 3268 1690 laudat
3295 1617 3436 1674 Por-

1893 1687 2113 1758 phyrius
2145 1688 2316 1756 primo
2353 1687 2426 1739 De
2460 1703 2637 1740 rerum
2662 1689 3024 1741 animatarum
3055 1688 3397 1745 abstinentia.

235 1810 258 1844 ι
292 1792 405 1846 Καί
434 1810 516 1846 τοι
545 1793 679 1847 διότι
721 1792 832 1866 (45)
868 1795 1057 1868 Σύρων
1097 1797 1197 1868 μὲν
1242 1799 1486 1854 Ἰουδαῖοι
1526 1801 1614 1856 διὰ
1651 1804 1728 1876 τὴ·

1929 1797 2025 1851 «Et
2042 1812 2195 1863 sane,
2223 1797 2422 1868 inquit,
2455 1796 2501 1851 si
2528 1813 2594 1851 ex
2624 1795 2778 1868 Syris
2811 1796 3004 1864 Judaei,
3031 1799 3147 1870 qui,
3177 1801 3321 1871 quod
3347 1803 3434 1856 in-

157 1881 220 1949 ἐξ
253 1885 430 1956 ἀρχῆς
470 1885 662 1939 θυσίαν
706 1886 788 1940 ἔτι
833 1891 929 1942 καὶ
973 1889 1089 1954 νῦν,
1131 1893 1295 1962 φησιν
1329 1893 1358 1945 6
1385 1893 1747 1965 Θεόφραστος,

157 1977 522 2040 ζωοθυτοῦσιν
564 1979 717 2051 (46),
786 1984 836 2034 εἰ
881 1981 974 2036 τὸν
1019 1983 1180 2037 αὐτὸν
1224 1986 1372 2056 ἡμᾶς
1421 1987 1624 2057 τρόπον
1665 2005 1750 2051 τις

155 2069 373 2122 κελεύοι
410 2068 524 2140 (47)
555 2069 724 2135 θύειν,
750 2072 1129 2144 ἀποσταίημεν
1155 2073 1222 2128 ἂν
1245 2075 1345 2146 τῆς
1371 2074 1642 2146 πράξεως.
1673 2077 1749 2130 Οὐ

153 2164 269 2235 γὰρ
295 2161 617 2233 ἑστιώμενοι
660 2164 771 2234 (48)
821 2164 931 2219 τῶν
975 2165 1266 2230 τυθέντων,
1327 2166 1750 2230 ὁλοκαυτοῦντες

153 2256 210 2310 δὲ
237 2255 416 2312 ταῦτα
438 2257 653 2323 νυκτὸς,
686 2257 781 2310 καὶ
808 2259 930 2310 κατ’
951 2258 1133 2311 αὐτῶν
1163 2258 1297 2311 πολὺ
1333 2257 1454 2329 μέλι
1478 2259 1574 2312 καὶ
1607 2256 1748 2314 οἶνον

153 2347 459 2412 λείϐοντες,
509 2348 802 2418 ἀνήλισκον
850 2348 952 2420 τὴν
1003 2348 1196 2402 θυσίαν
1251 2348 1467 2414 θᾶττον,
1516 2350 1603 2404 ἵνα
1653 2349 1748 2404 τοῦ

150 2440 329 2494 δεινοῦ
357 2439 472 2513 (49)
503 2441 623 2512 μηδ’
653 2444 682 2494 6
715 2441 827 2513 (50)
855 2443 1136 2514 πανόπτης
1147 2441 1360 2511 γένοιτο
1387 2443 1608 2515 θεατής.
1633 2444 1751 2497 Καὶ

151 2531 312 2586 τοῦτο
349 2533 541 2604 δρῶσι,
573 2534 924 2604 νηστεύοντες
952 2535 1052 2598 τὰς
1079 2534 1185 2590 ἀνὰ
1217 2532 1381 2606 μέσον
1399 2533 1606 2590 τούτων
1633 2534 1748 2606 (51)

150 2624 399 2696 ἡμέρας·
437 2623 580 2676 κατὰ
605 2624 663 2678 δὲ
690 2624 870 2678 πάντα
896 2624 1086 2678 τοῦτον
1109 2625 1203 2678 τὸν
1234 2623 1447 2698 χρόνον,
1477 2624 1573 2680 ἅτε
1598 2624 1749 2694 φιλό-

152 2730 309 2784 σοφοι
353 2714 417 2768 τὸ
442 2714 600 2783 γένος
635 2715 810 2780 ὄντες,
850 2717 979 2788 περὶ
1019 2714 1116 2770 τοῦ
1155 2715 1311 2770 Θείου
1356 2717 1455 2788 μὲν
1497 2715 1748 2790 ἀλλήλοις

147 2805 402 2870 λαλοῦσι,
443 2806 543 2877 τῆς
583 2805 640 2860 δὲ
678 2805 873 2870 νυκτὸς
900 2805 1010 2861 τῶν
1061 2805 1278 2877 ἄστρων
1327 2806 1601 2861 ποιοῦνται
1647 2806 1747 2879 τὴν

148 2898 408 2971 θεωρίαν,
457 2897 748 2969 βλέποντες
796 2902 878 2963 είς
929 2899 1097 2966 αὐτὰ,
1147 2900 1241 2952 καὶ
1285 2899 1375 2954 διὰ
1418 2899 1526 2953 τῶν
1572 2897 1746 2970 εὐχῶν

147 2987 589 3052 θεοκλυτοῦντες.
621 2988 975 3063 Κατήρξαντο
996 2990 1106 3061 γὰρ
1130 2983 1276 3043 οὗτοι
1305 2988 1512 3059 πρῶτοι
1548 2988 1656 3041 τῶν
1684 3003 1745 3041 τε

147 3081 356 3136 λοιπῶν
405 3079 598 3148 ζώων,
652 3084 748 3136 καὶ
806 3082 958 3153 σφῶν
997 3081 1200 3147 αὐτῶν,
1246 3082 1465 3154 ἀνάγκῃ
1509 3082 1606 3136 καὶ
1641 3082 1744 3134 οὐκ

145 3175 418 3246 ἐπιθυμίᾳ
449 3158 614 3228 τοῦτᾶ
641 3175 968 3247 πράξαντες.
1013 3197 1034 3230 ι

1851 1889 2102 1945 stitutum
2137 1889 2276 1958 apud
2303 1904 2398 1944 eos
2436 1887 2550 1958 jam
2591 1889 2718 1944 inde
2755 1890 2824 1944 ab
2857 1889 3014 1946 initio
3042 1892 3150 1947 hoc
3177 1893 3434 1949 sacriﬁcii

1848 1997 2021 2052 genus
2050 1980 2237 2048 fuerit,
2267 1981 2590 2048 etiamnum,
2616 1981 2794 2052 inquit
2840 1981 3276 2053 Theophrastus,
3315 1987 3435 2041 ani-

1848 2079 2063 2127 niantes
2085 2070 2391 2134 immolant,
2421 2071 2636 2134 eodem,
2659 2086 2771 2141 quo
2791 2070 2917 2140 ipsi,
2949 2072 3059 2126 ritu
3082 2088 3238 2128 saera
3253 2072 3434 2128 facere

1848 2177 1954 2217 nos
1975 2161 2251 2232 juberent,
2291 2177 2573 2230 nunquam
2620 2177 2686 2217 eo
2717 2176 2816 2216 nos
2861 2163 3057 2217 adduci
3095 2172 3428 2234 pateremur.

1847 2250 1959 2308 Nec
1983 2253 2130 2308 enim
2163 2253 2320 2309 caesis
2342 2253 2580 2308 victimis
2613 2253 2682 2308 ad
2735 2253 2918 2308 cibum
2949 2254 3028 2308 uti
3079 2255 3278 2324 solent,
3336 2257 3432 2311 sed

1849 2343 2092 2412 integras
2117 2358 2183 2398 ac
2215 2343 2439 2408 solidas,
2486 2352 2539 2398 et
2565 2344 2737 2399 multo
2779 2344 2940 2399 melle
2973 2345 3212 2416 vinoque
3249 2347 3434 2417 perfu-

1851 2449 1944 2490 sas
1971 2443 2136 2490 noctu
2174 2435 2413 2490 ﬂammis
2443 2435 2755 2502 absumere,
2794 2450 2859 2490 ac
2891 2445 3064 2492 totum
3095 2438 3431 2494 sacriﬁcium

1849 2527 2040 2597 paucis
2066 2527 2275 2597 aliquot
2305 2527 2457 2583 horis
2491 2542 2769 2598 peragere,
2797 2528 2987 2597 utique
3014 2543 3083 2582 ne
3119 2530 3314 2584 oculus
3341 2530 3432 2584 ille

1849 2618 2035 2672 omnia
2057 2617 2348 2688 pervidens
2378 2618 2662 2688 indignum
2696 2618 2910 2675 facinus
2940 2621 3189 2690 aspiciat.
3223 2620 3432 2677 Deinde

1847 2723 2001 2776 vero,
2024 2709 2220 2766 diebus
2244 2710 2323 2765 illi
2349 2711 2604 2782 singulis,
2635 2711 2766 2766 dum
2797 2713 3066 2782 ejusmodi
3098 2713 3272 2768 sacris
3301 2729 3434 2784 ope-

1847 2816 1967 2857 ram
1996 2803 2147 2868 dant,
2169 2817 2296 2856 cum
2319 2801 2530 2872 jejunio
2555 2817 2678 2858 sese
2715 2802 2941 2868 dedunt,
2981 2810 3096 2856 tum
3147 2803 3214 2858 de
3241 2804 3429 2858 divino

1848 2892 2106 2961 Numine,
2140 2893 2222 2949 uti
2254 2894 2506 2949 homines
2571 2885 2688 2964 ipso
2718 2910 2915 2966 genere
2943 2895 3303 2967 phi1050phos
3326 2897 3428 2952 de-

1847 2994 1954 3050 cet,
1990 2990 2105 3037 toto
2137 2982 2230 3038 illo
2259 2991 2501 3052 tempore
2545 2998 2828 3038 sermones
2878 2983 3020 3038 inter
3058 2999 3118 3038 se
3147 2985 3380 3050 miscent
3409 3005 3424 3043 :

1848 3083 2012 3128 noctu
2048 3082 2231 3129 autem
2273 3074 2452 3130 sidera
2480 3073 2674 3130 delixis
2721 3074 2776 3129 in
2828 3074 3028 3130 caelum
3070 3076 3246 3131 oculis
3295 3092 3428 3132 eon-

1765 3155 1812 3217 C
1846 3166 2198 3236 templantur,
2267 3181 2396 3222 suas
2442 3167 2649 3222 interea
2691 3183 2879 3238 preces
2926 3175 3091 3238 atque
3145 3177 3268 3223 vota
3314 3167 3427 3224 Deo

146 3275 552 3338 nuncupantes.
592 3267 658 3323 Hi
712 3269 859 3322 enim
913 3283 1021 3323 non
1075 3276 1300 3324 caeteras
1363 3272 1574 3321 tantum
1639 3262 1982 3324 animantes,
2022 3258 2120 3315 sed
2161 3258 2325 3314 etiam
2387 3261 2711 3332 semetipsos
2761 3260 2924 3332 primi
2969 3263 3212 3317 omnium
3231 3263 3430 3319 oﬂ‘erte

144 3373 475 3436 coeperunt,
532 3364 859 3421 necessitate
909 3362 1156 3434 profecto
1187 3404 1203 3430 ,
1255 3377 1369 3418 non
1430 3359 1731 3430 cupiditate
1766 3355 1937 3413 ducti.
1973 3374 1993 3407 ι

696 3481 922 3534 ΚΕΦΑΛ
930 3481 1094 3534 ΑΙΟΝ
1126 3479 1200 3533 Γ’.

148 3593 494 3663 Πορφυρίου
544 3593 676 3663 περὶ
729 3591 839 3660 τῆς
882 3591 950 3646 τὸ
1001 3593 1259 3646 παλαιὸν
1304 3590 1735 3663 διαλαμψάσης

481 3663 641 3731 παρὰ
681 3663 984 3729 Ἰουδαίοις
1015 3663 1401 3738 φιλοσοφίας.

211 3777 326 3830 Καὶ
369 3778 430 3829 ὲν
490 3774 568 3846 τῷ
616 3776 864 3848 τετάρτῳ
931 3775 989 3829 δὲ
1042 3776 1140 3847 τῆς
1191 3775 1362 3846 αὐτῆς
1422 3774 1736 3839 ὑποθέσεως

141 3869 372 3923 ττιαῦτα
401 3868 530 3940 περὶ
561 3867 671 3921 τῶν
700 3867 878 3922 αὐτῶν
911 3870 1115 3938 ἱστορεῖ
1153 3870 1182 3922 6
1205 3867 1537 3939 Πορφύριος·
1572 3887 1591 3919 ι
1614 3867 1736 3921 Εἰσὶ

140 3959 324 4014 τοίνυν
355 3959 470 4032 (52)
504 3961 553 4013 οί
587 3959 844 4026 Ἐσσαῖοι,
890 3958 1133 4012 Ἰουδαῖοι
1166 3959 1264 4030 μὲν
1300 3957 1362 4011 τὺ
1395 3957 1571 4028 γένος,
1613 3957 1736 4028 φιλ-

140 4051 364 4123 άλληλοι
410 4051 470 4105 δὲ
514 4050 609 4104 καὶ¹
655 4049 764 4104 τῶν
823 4049 998 4105 ἄλλων
1050 4049 1232 4104 πλέον.
1302 4043 1462 4103 Οὗτοι
1493 4049 1592 4114 τὰς
1635 4050 1734 4120 μὲν

139 4142 339 4214 ἡδονὰς
365 4142 443 4206 ὡς
463 4141 658 4196 κακίαν
678 4141 1114 4212 ἀποστρέφονται
1132 4157 1146 4170 ο
1178 4140 1280 4210 τὴν
1302 4139 1358 4192 δὲ
1383 4139 1730 4211 ἐγκράτειαν,

141 4236 236 4289 ναὶ
267 4235 332 4288 τὸ
366 4234 440 4306 μὴ
472 4235 585 4298 τοῖς
616 4232 846 4288 πάθεσιν
878 4233 1230 4297 ὑποπίπτειν,
1260 4231 1461 4302 ἀρετὴν
1487 4232 1732 4302 ὑπολαμ-

2471 3471 2705 3530 CAPUT
2735 3471 2824 3528 lli.

1844 3588 1930 3643 Ex
1977 3590 2293 3661 Porpligrio,
2323 3589 2406 3661 de,
2438 3589 2613 3658 prisca
2669 3597 2718 3641 et
2748 3589 2946 3661 insigni
3003 3588 3148 3656 apud
3201 3587 3422 3644 Juda’os

2297 3660 2700 3730 philosophandi
2733 3659 2958 3712 ratione.

1940 3771 2060 3826 Jam
2124 3788 2253 3827 vero
2286 3813 2300 3835 ,
2363 3786 2486 3841 qua:
2530 3778 2856 3837 sequuntur,
2883 3768 2938 3822 in
2978 3777 3176 3839 quarto
3215 3768 3422 3824 laudati

1844 3864 2025 3934 eperis
2055 3864 2218 3929 libro,
2250 3865 2316 3918 de
2345 3862 2537 3916 iisdem
2567 3859 2908 3931 Porphyrius
2935 3859 3052 3929 ipse
3077 3875 3416 3914 commemo-

1842 3964 1949 4010 rat.
1977 3953 2198 4019 tEssaai,
2226 3953 2404 4022 inquit
2425 3954 2535 4019 ille,
2561 3961 2718 4023 gente
2743 3951 2964 4022 quidem
2995 3950 3170 4006 Judaei
3185 3962 3332 4020 sunt,
3365 3963 3422 4009 at

1845 4049 2038 4096 mutuo
2071 4056 2192 4095 sese
2223 4055 2410 4094 arnore
2465 4055 2576 4109 pra:
2636 4039 2849 4094 caeteris
2879 4040 3139 4096 omnibus
3181 4042 3420 4112 comple-

1839 4143 2084 4190 ctuntur.
2115 4133 2162 4187 A
2193 4132 2568 4202 volumatibus
2607 4131 2908 4187 abhorrent
2958 4141 3217 4204 tanquam
3243 4149 3274 4188 a
3301 4149 3420 4190 sce-

1839 4227 1986 4293 lere;
2022 4226 2412 4280 continentiam
2469 4235 2521 4280 et
2581 4224 2940 4295 cupiditatum
2974 4226 3262 4282 victoriam
3305 4227 3420 4280 vir-

138 4326 388 4378 6ἀνουσι.
420 4323 532 4377 Καὶ
572 4323 750 4394 γάμου
792 4322 891 4394 μὲν
931 4322 1118 4386 αὐτοῖς
1153 4322 1425 4392 ὑπεροψία
1449 4338 1462 4351 ·
1510 4321 1636 4385 τοὺς
1682 4320 1727 4374 δ’

1852 4318 1968 4373 .utis
1998 4317 2119 4374 loco
2139 4318 2366 4372 ducunt.
2393 4315 2612 4387 Nuptiis
2637 4319 2913 4373 abstinent
2938 4318 3016 4372 illi
3044 4318 3286 4389 quidem,
3319 4317 3417 4374 sed

138 4417 454 4488 ἀλλοτρίους
489 4417 684 4479 παῖδας
715 4414 1170 4486 ἐκλαμϐάνοντες,
1201 4413 1444 4478 ἁπαλοὺς
1474 4413 1554 4468 ἔτι
1592 4413 1728 4485 πρὸς

1852 4411 2042 4466 ilienos
2093 4411 2317 4477 liberos,
2364 4409 2496 4464 dum
2543 4410 2610 4464 ad
2668 4411 3038 4480 capessendas
3095 4411 3415 4482 disciplinas

136 4509 208 4564 τὰ
251 4509 572 4582 μαθήματα,
620 4510 901 4577 συγγενεῖς
945 4503 1225 4579 ἡγοῦνται,
1270 4506 1367 4559 καὶ
1399 4507 1511 4569 τοῖς
1541 4504 1728 4576 ἤθεσιν

139 4603 350 4657 ἑαυτῶν
379 4600 669 4656 ἐντυποῦσι
689 4619 702 4631 ·
736 4600 831 4655 τόν
858 4617 923 4671 γε
945 4601 1122 4672 γάμον
1151 4599 1263 4671 (55)
1289 4599 1386 4653 καὶ
1415 4599 1516 4669 τὴν
1546 4597 1605 4665 ἐξ
1629 4599 1727 4652 αὐ-

208 4777 325 4848 (45)
351 4775 466 4848 Καί
492 4791 582 4848 τοι
625 4775 798 4830 διότι.
845 4773 1088 4828 [labetur
1111 4773 1204 4848 hic
1233 4772 1387 4827 locus
1415 4771 1726 4848 δυνά-Βριζ-

172 4842 674 4919 hyr.'Gra:co—L_a_tL
711 4859 888 4919 nuper
919 4860 1108 4919 circus.
1135 4843 1270 4919 hoc.
1289 4851 1374 4897 est
1402 4858 1529 4898 ann.
1561 4842 1726 4919 ιθξιρ,

136 4862 300 4970 pnyr.
335 4862 668 4901 bI‘IBCO-Lal.
711 4862 888 4913 nuper
919 4862 1108 4899 excus.
1145 4862 1246 4898 noc
1289 4862 1374 4897 σει
1402 4862 1529 4898 ann.
1561 4862 1720 4907 iozu,

159 4918 360 4983 ib..n,
405 4931 530 4984 pag.
573 4915 706 4981 167;
753 4917 888 4969 alter
924 4913 1181 4968 editionis
1230 4911 1430 4968 Graecae
1470 4927 1592 4982 pag.
1630 4913 1720 4966 ‘27.

137 4986 343 5043 Vocem
394 4986 532 5039 διότι
590 4985 856 5056 Porphyr.
911 4991 968 5038 et
1032 4997 1311 5038 manuser.
1371 4991 1721 5053 expungunt,

137 5067 308 5113 recte.

206 5128 323 5200 (46)
354 5129 788 5184 Ζωοθυτοῦσιν.
808 5124 1118 5200 ‘Porpliyrv
1146 5122 1480 5200 ζωοθυτοῦν,
1505 5131 1721 5200 ptrum-

137 5190 241 5266 que
277 5190 441 5264 male,
476 5200 568 5254 sed
604 5201 705 5253 hoc
739 5196 911 5266 pejus.
935 5190 1152 5266 ’Ni'liilo_
1167 5195 1361 5266 melius
1388 5190 1721 5258 ζωοθυτούν-

134 5261 264 5331 των,
301 5261 446 5338 quod
487 5270 647 5322 habet
680 5261 772 5322 alt.
803 5261 1102 5321 'manuscr.
1130 5261 1366 5332 Legend.
1401 5277 1532 5334 ergo
1558 5271 1721 5332 puta-

135 5341 308 5392 terim
343 5338 756 5392 ζωοθυτοῦντες.

135 5353 246 5392 ῖετι
253 5356 308 5392 m
343 5353 370 5392 ς
377 5353 736 5392 ωουυτουντες
742 5377 756 5392 ο

169 5341 308 5394 etim
343 5339 756 5403 ζωοθυτοῦντες.

197 5411 322 5481 (47)
344 5413 455 5484 Τις
487 5411 742 5466 κελεύοι.
769 5407 1082 5484 _Porph_y_r.,
1112 5403 1423 5484 κελεύοιεν,
1467 5403 1587 5484 sine
1631 5419 1720 5484 τις

136 5474 314 5536 recte;
342 5474 529 5536 Possit
561 5493 738 5535 tamen
765 5474 992 5534 Eusebii
1007 5475 1166 5531 lectio
1196 5474 1441 5539 retineri,
1475 5474 1520 5528 si
1553 5474 1719 5528 modo

134 5548 450 5624 51.61:};an
478 5550 708 5624 habetur
729 5564 890 5624 super
910 5556 1152 5624 mu_tetur
1185 5547 1240 5600 in
1267 5545 1373 5624 (1)5,
1387 5544 1487 5624 vel_
1501 5541 1714 5624 ὥσπερ.

208 5613 438 5692 (48)οὺ
469 5620 583 5689 τὰρ
604 5613 969 5688 ἐσταόρετοι.
999 5617 1183 5688 Ignota
1219 5625 1273 5672 et
1303 5613 1440 5672 falsa
1474 5613 1719 5692 loquitur

137 5687 574 5763 Theophrastus.

452 5785 652 5846 Pun.
685 5781 806 5844 Gn.
858 5779 1036 5843 XXI.

1830 4504 2024 4559 molles
2053 4501 2236 4557 adhuc
2261 4509 2315 4557 et
2346 4501 2613 4557 ﬂexibiles
2644 4501 2682 4555 ii
2716 4510 2865 4568 sunt,
2890 4503 3203 4558 educandos
3229 4517 3413 4557 susci-

1828 4596 2005 4666 piunt,
2037 4611 2176 4665 quos
2201 4595 2426 4664 perinde
2453 4604 2511 4649 ut
2536 4594 2875 4664 propinquos
2900 4603 2954 4648 et
2983 4593 3170 4650 amnes
3185 4594 3409 4662 habent,

1899 4771 2010 4844 (49)
2043 4771 2154 4844 Τοῦ
2183 4772 2414 4844 δεινοῦ,
2442 4780 2550 4828 etc.
2591 4770 2728 4826 Vide
2761 4784 2894 4844 num
2915 4769 3205 4844 Porphyrii
3240 4770 3410 4844 inter-

1827 4842 2146 4910 pres,satis
2169 4858 2231 4896 ex
2259 4843 2378 4912 ejus
2411 4851 2591 4898 mente
2618 4842 2860 4908 verterit,
2890 4857 2954 4896 ne
2979 4842 3094 4911 quis
3124 4842 3406 4910 gravitatis

1827 4914 2065 4982 mysterii
2096 4913 2166 4982 sit
2201 4922 2484 4982 spectator.

1898 4981 2011 5054 (50)
2043 4981 2195 5049 Μηδ’
2221 4979 2274 5038 ὀ.
2305 4981 2598 5054 Eorphyr.,
2633 4982 2784 5054 M6,
2817 4981 2963 5051 quod
2995 4979 3204 5034 malim.

1897 5053 2007 5121 (5i)
2040 5054 2289 5106 Τούτων.
2317 5052 2845 5123 Ρονρὴήγιηῄτούτου.

1897 5118 2008 5192 (52)
2051 5123 2187 5177 Εἰσὶ
2219 5118 2449 5188 τοίνυν,
2477 5118 2966 5192 e'tc.PorpliyriusA
2995 5121 3087 5192 lib.
3121 5133 3196 5192 IV,
3224 5135 3279 5190 p.
3311 5118 3402 5182 55,

1897 5138 2008 5192 (az)
2051 5138 2187 5177 mat
2219 5138 2449 5188 τοίνυν,
2477 5138 2584 5177 etc.
2618 5138 2724 5176 ror
2769 5138 2954 5191 nyrius
2997 5138 3087 5175 nn.
3121 5138 3196 5181 ιγ,
3224 5138 3279 5190 p.
3311 5138 3402 5182 na,

1823 5193 1951 5248 edit.
1979 5191 2199 5259 Graece,
2223 5192 2630 5247 atGraaeo-Lat.
2657 5138 2915 5246 583mm
2938 5190 3004 5244 de
3031 5190 3229 5244 Essaeis
3255 5204 3404 5259 corn-

1825 5272 2090 5318 memorat
2117 5256 2194 5318 ex'
2225 5261 2495 5331 Josepho,
2529 5262 2668 5315 Belli
2699 5261 2920 5315 Judaici
2956 5261 3050 5314 lib.
3090 5275 3128 5313 ιι
3149 5300 3164 5331 .
3195 5273 3314 5324 cap.
3344 5256 3400 5331 _7,

1824 5333 1959 5388 alias
1995 5334 2084 5398 l2,
2118 5335 2185 5388 de
2214 5329 2424 5404 quibus
2458 5334 2616 5403 longe
2649 5333 2868 5387 brevius
2899 5338 3101 5404 egerat,
3133 5329 3398 5398 Αηιὶιντέῑ.

1821 5403 2110 5528 (ξὲτὶιγιιι,
2140 5399 2260 5475 cap'.
2287 5404 2343 5459 2.
2377 5401 2513 5459 Vide
2554 5399 2720 5474 supra
2761 5417 2885 5472 pag.
2931 5399 3035 5456 379
3087 5411 3141 5455 et
3186 5415 3302 5470 seq.
3333 5413 3401 5453 ex

1908 5490 2069 5528 none.

1908 5490 2069 5529 "One.

1861 5545 2006 5670 ά(55)
2039 5545 2151 5670 Ιέόν
2196 5562 2263 5616 τε
2309 5543 2446 5617 γάμ.
2491 5542 2757 5615 Porpliyr.
2795 5551 2850 5598 et
2891 5540 3140 5612 Joseph.,
3172 5538 3265 5593 τὸν
3299 5536 3400 5610 μὲν

1901 5655 1937 5670 ..
1972 5630 2064 5670 rec
2087 5630 2137 5670 e.

1821 5623 1911 5683 γά.
1923 5655 1937 5683 ,
1972 5623 2137 5672 recte.

2905 5765 2984 5826 22
