3824 6226
397 171 503 229 683

1030 165 1304 224 EUSEBII
1347 163 1461 222 CIE
1478 163 1846 222 SABIENSIS
1886 162 2041 220 OPP.
2081 163 2263 221 PARS
2299 163 2365 218 ll.
2406 192 2476 205 —
2512 159 3015 219 APOLOGETICA.

3549 158 3646 216 ὅθι

398 288 625 357 suisque
657 281 903 339 moribus
923 279 1241 336 instituunt.
1281 278 1461 348 Atqae
1484 278 1591 334 hoc
1612 292 1721 333 non
1746 291 1812 332 co
1838 291 1963 333 con-

2079 274 2169 329 τοῦ
2217 274 2466 349 διαδοχὴν
2515 274 2616 328 οὐκ
2657 272 3035 346 ἀναιροῦντες,
3076 271 3177 337 τὰς
3226 272 3283 327 δὲ
3320 272 3430 327 τῶν
3473 290 3646 344 γυναι-

399 380 524 435 silio
572 376 803 443 faciunt,
827 372 987 447 quasi
1041 369 1478 437 matrimonium,
1534 386 1767 442 quaeque
1798 370 1975 437 ipsius

318 533 322 537 ς
396 470 665 528 beneﬁcio
686 472 1036 539 propagatur,
1075 459 1320 516 sobolem
1382 476 1447 516 ac
1470 461 1856 531 posteritatem
1881 474 1977 513 ex-

398 563 743 622 terminatam
767 557 956 623 velint,
988 555 1084 610 sed
1126 562 1502 624 utprocacem
1554 554 1848 609 mulierum
1876 567 1975 622 pe-

397 656 683 712 tulantiam
711 651 991 720 effugiant.
1031 647 1260 703 Divitias
1321 655 1705 716 aspernantur,
1735 645 1978 701 admira-

396 748 493 805 bili
524 745 766 802 omnium
816 742 959 797 inter
1009 755 1130 797 sese
1164 754 1348 796 rerum
1397 736 1559 810 405
1590 735 1977 793 communione

396 835 698 906 conjuncti,
732 847 908 903 usque
964 831 1122 899 adeo,
1187 837 1250 886 ut
1295 829 1592 895 neminem,
1623 828 1718 898 qui
1740 826 1974 881 alterum

395 928 673 1001 apulentia
713 933 951 997 superet,
988 924 1237 980 invenire
1261 922 1462 994 possis.
1495 920 1604 976 Lex
1640 921 1787 976 enim
1832 920 1974 990 apud

394 1023 518 1079 illos
548 1029 652 1087 est,
685 1028 745 1074 ut
766 1019 860 1089 qui
883 1019 989 1074 hoc
1004 1018 1130 1072 vitae
1162 1016 1474 1071 institutum
1508 1012 1751 1084 profiteri
1782 1012 1970 1078 velint,

393 1129 524 1170 suas
549 1112 589 1167 ii
621 1109 908 1166 facultates
937 1106 1006 1163 ad
1032 1121 1354 1163 communes
1375 1104 1682 1161 sodalitatis
1706 1104 1975 1159 universae

393 1204 638 1259 rationes
663 1200 973 1267 conferant,
998 1207 1162 1269 atque
1209 1199 1285 1253 ita
1325 1212 1425 1252 nec
1457 1195 1515 1250 in
1547 1209 1826 1266 quoquam
1858 1208 1975 1264 ege-

392 1295 552 1351 statis
578 1293 882 1357 humilitas,
909 1306 1013 1347 nec
1034 1290 1326 1346 immodica
1359 1290 1444 1345 vis
1489 1302 1656 1358 opum
1682 1303 1748 1343 ac
1799 1285 1972 1342 fortu-

392 1402 593 1442 narum
618 1393 880 1457 appareat
906 1401 919 1437 :
948 1381 1043 1440 sed
1072 1384 1259 1453 potius
1285 1381 1536 1439 confusis
1576 1397 1640 1437 ac
1684 1380 1972 1452 permixtis

394 1481 734 1552 singulorum
750 1479 890 1533 inter
906 1492 966 1533 se
980 1476 1168 1543 rebus,
1192 1491 1301 1531 una
1343 1474 1590 1531 omnium
1615 1473 1685 1529 sit
1714 1482 1972 1542 tanquam

392 1571 626 1627 fratrum
667 1571 971 1641 eademque
1024 1568 1324 1639 possessio.
1378 1565 1541 1622 Labis
1591 1565 1764 1619 instar
1791 1564 1972 1619 oleum

2076 368 2190 422 κῶν
2218 368 2330 440 (54)
2362 366 2652 436 ἀσελγείας
2698 364 3087 436 φυλαττόμενοι
3108 382 3121 395 ·
3159 365 3555 437 καταφρονηταὶ
3589 366 3645 419 δὲ

2077 453 2331 522 πλούτου,
2373 452 2470 511 καὶ
2511 452 2813 527 Θαυμάσιον
2844 454 2977 527 παρ’
3018 455 3203 518 αὐτοῖς
3239 454 3301 507 τὸ
3325 457 3643 520 κοινωνικὸν,

2075 543 2184 602 οὐδ’
2212 547 2360 601 ἐστιν
2383 548 2562 620 εὑρεῖν
2585 546 2776 618 κτήσει
2793 545 2915 601 τινά
2940 545 3072 618 παρ’
3095 546 3278 610 αὐτοῖς
3306 547 3641 618 ὑπερέχοντα.

2076 638 2259 710 Νόμος
2297 637 2406 709 γάρ
2436 637 2564 702 τοὺς
2588 624 2680 700 ¹είς
2708 634 2807 707 τὴν
2839 631 3049 707 αἵρεσιν
3092 637 3359 702 εἰσιόντας
3403 637 3645 708 δημεύειν

2074 730 2155 802 τῷ
2186 731 2427 802 τάγματι
2455 731 2555 804 τὴν
2586 730 2797 796 οὐσίαν,
2827 730 2969 785 ὥστε
3002 733 3061 786 ὲν
3095 730 3268 784 ἀπασι
3301 728 3439 803 μήτε
3473 731 3645 796 πενίας

2074 824 2438 897 ταπεινότητα
2465 825 2772 894 φαίνεσθαι,
2802 825 2928 897 μήθ’
2953 824 3225 897 ὑπεροχήν
3257 816 3489 878 πλούτου
3508 841 3522 857 ·
3544 825 3645 881 τῶν

2075 917 2132 970 δὲ
2159 915 2392 969 ἑκάστου
2430 915 2726 987 κτημάτων
2771 914 3257 987 ἀναμεμιγμένων,
3309 915 3439 986 μίαν
3470 910 3644 989 ὥσπερ

2076 1008 2323 1079 ἀδελφοῖς
2353 1006 2557 1061 ἅπασιν
2583 1008 2772 1061 οὐσίαν
2810 1004 2970 1063 εἶναι.
3002 1007 3214 1079 Κηλίδα
3252 1008 3309 1062 δὲ
3342 1008 3646 1081 ὑπολαμϐά-

2074 1109 2227 1152 νουσι
2260 1094 2527 1163 τοῦλαιον,
2564 1097 2667 1151 κᾶν
2696 1097 2922 1170 ἀλειφθῇ
2972 1116 3054 1162 τις
3095 1098 3265 1162 ἄκων,
3299 1101 3561 1172 σμήχεται
3587 1102 3647 1157 τὸ

2076 1190 2253 1260 σῶμα.
2291 1187 2366 1240 Τὸ
2390 1187 2500 1259 γάρ
2532 1187 2762 1259 αὐχμεῖν
2807 1190 2863 1241 ἐν
2896 1187 3046 1259 καλῷ
3076 1188 3336 1255 τίθενται,
3372 1189 3645 1264 λευχειμο-

2074 1278 2185 1336 νεῖν
2216 1299 2276 1335 τε
2303 1281 2391 1335 διά
2419 1281 2618 1346 παντός
2647 1282 2782 1355 (55).
2814 1280 3194 1355 Χειροτονητοὶ
3240 1283 3300 1336 δὲ
3326 1283 3436 1339 τῶν
3464 1286 3645 1340 κοινῶν

2074 1376 2123 1428 οἱ
2155 1374 2503 1447 ἐπιμεληταὶ,
2536 1375 2629 1428 καὶ
2662 1374 2958 1447 ἀδιαίρετοι
2988 1375 3127 1448 πρὸς
3158 1376 3269 1449 (56)
3297 1377 3546 1432 ἀπάντων
3569 1381 3647 1446 είς

2073 1467 2171 1531 τὰς
2199 1467 2387 1540 χρείας
2416 1467 2658 1521 ἕκαστοι.
2705 1467 2819 1521 Μία
2860 1467 2904 1521 δ’
2953 1469 3051 1522 οὐκ
3083 1469 3231 1523 ἔστιν
3274 1470 3453 1524 αὐτῶν
3479 1472 3644 1539 πόλις,

2073 1558 2188 1612 ἀλλ’
2218 1561 2276 1613 ἐν
2310 1559 2516 1632 ἑκάστῃ
2546 1558 2855 1630 μετοικοῦσι
2890 1559 3096 1623 πολλοὶ,
3127 1561 3223 1614 καὶ
3245 1564 3357 1625 τοῖς
3390 1562 3647 1634 ἑτέρωθεν

393 1662 616 1729 habent,
644 1676 755 1731 quo
782 1660 828 1715 si
851 1667 1049 1715 unctus
1080 1657 1222 1713 forte
1247 1656 1518 1728 quispiam
1547 1654 1752 1710 invitus
1782 1652 1963 1720 fuerit,

2079 1652 2296 1722 ήκουσιν
2332 1653 2665 1723 αἱρετισταῖς
2694 1650 2807 1722 (57)
2838 1651 3215 1706 ἀναπέπταται
3237 1652 3305 1707 τά
3333 1654 3464 1723 παρ’
3494 1654 3650 1727 ἀλλή-

394 1768 595 1823 corpus
625 1752 674 1807 ei
702 1751 991 1821 diligenter
1045 1747 1375 1818 abstergitur
1407 1764 1423 1801 :
1456 1746 1767 1816 squalorem
1823 1743 1969 1799 enim

392 1855 504 1894 non
534 1854 695 1895 secus
727 1853 793 1893 ac
826 1846 1150 1908 perpetuum
1182 1836 1430 1891 candidae
1456 1834 1632 1890 vestis
1682 1848 1843 1889 usum
1866 1834 1970 1889 ho-

393 1929 753 1986 noriducunt.
780 1928 1181 1986 Communihus
1208 1927 1486 1999 suffragiis
1514 1927 1824 1983 communis
1852 1943 1972 1997 pro-

392 2026 675 2080 curatores
730 2029 940 2090 creant,
1006 2020 1268 2091 nulloque
1327 2020 1574 2076 omnium
1629 2019 1968 2088 discrimine,

392 2117 539 2188 quod
568 2116 766 2186 cuique
816 2127 958 2186 opus
985 2122 1091 2179 est,
1123 2113 1404 2185 aequaliter
1450 2113 1708 2183 suppetit.
1734 2110 1856 2168 Non
1912 2113 1969 2168 in

392 2209 655 2282 singulari
680 2207 922 2279 quadam
959 2204 1179 2263 civitate
1207 2204 1470 2271 universi,
1506 2205 1614 2262 sed.
1650 2203 1706 2259 in
1739 2205 1971 2275 singulis

388 2281 611 2371 plurimi
644 2298 985 2355 domicilium
1014 2297 1306 2365 collocant,
1344 2311 1409 2352 ac
1440 2295 1636 2367 procul
1682 2295 1971 2351 advenien-

388 2390 539 2449 tibus
570 2391 817 2463 ejusdem
838 2399 1002 2447 sectae
1035 2390 1203 2446 sociis
1232 2388 1468 2445 invicem
1513 2404 1580 2445 ac
1636 2398 1830 2444 mutuo
1872 2403 1970 2458 pa-

388 2491 508 2539 tent
529 2483 736 2548 omnia,
770 2491 936 2552 atque
960 2489 1022 2539 ut
1044 2482 1280 2553 quisque
1293 2480 1507 2552 primus
1530 2495 1627 2537 eos
1667 2479 1965 2551 aspexerit,

387 2573 499 2630 illis
526 2575 743 2630 obviam
790 2573 1053 2630 continuo
1074 2573 1303 2644 perinde
1352 2588 1418 2628 ac
1462 2571 1610 2628 notis
1639 2580 1695 2627 et
1734 2569 1969 2626 familia-

387 2670 545 2726 ribus
573 2670 896 2741 procedunt.
918 2667 1109 2737 'Quare
1151 2668 1283 2724 dum
1312 2667 1417 2724 iter
1471 2681 1538 2723 ac
1573 2666 1966 2738 profectionem

390 2758 631 2833 aliquam
654 2762 981 2833 suscipiunt,
999 2760 1138 2816 nihil
1172 2775 1359 2821 secum
1403 2774 1771 2831 expensarum
1798 2774 1969 2816 causa

386 2852 601 2909 deferre
632 2853 831 2909 solent.
859 2852 975 2907 lmo
1004 2866 1108 2907 nec
1141 2858 1352 2908 vestem
1400 2851 1685 2908 calceosve
1728 2859 1965 2916 mutant,

387 2943 563 3000 donec
604 2943 790 3015 priora
818 2942 906 2998 vel
932 2941 1164 2998 discissa
1197 2940 1423 2996 omnino
1466 2940 1693 3008 fuerint,
1730 2940 1815 2996 vel
1847 2940 1965 3011 ipsa

2073 1741 2185 1807 λοις
2223 1742 2360 1815 (58),
2395 1744 2488 1797 καὶ
2531 1746 2580 1797 οἱ
2632 1743 2847 1816 πρῶτον
2896 1743 3093 1809 ἰδόντες
3137 1744 3249 1816 (59)
3304 1746 3533 1801 εἰσίασιν
3571 1747 3650 1811 ὡς

2073 1835 2210 1907 πρὸς
2254 1834 2505 1907 συνήθεις
2550 1834 2686 1905 (60).
2729 1835 2821 1889 Διὸ
2866 1835 3017 1889 οὐδὲν
3049 1837 3491 1909 ἐπικομιζόμενοι
3537 1838 3646 1910 (61)

2071 1927 2442 1999 ἀποδημοῦσιν
2466 1928 2837 2001 ἀναλωμάτων
2859 1929 3040 1983 ἓνεκα.
3063 1929 3200 1983 Οῦτε
3227 1930 3284 1983 δὲ
3309 1931 3511 2001 ἐσθῆτα
3528 1931 3649 1989 οὔτε

2073 2019 2392 2091 ὑποδήματα
2441 2020 2753 2092 ἀμείϐουσι,
2809 2023 2938 2093 πρὶν
2983 2022 3345 2094 διαρραγῆναι
3390 2023 3651 2095 πρότερον

2070 2112 2440 2176 παντάπασιν,
2487 2113 2521 2185 ἢ
2573 2113 2952 2186 δαπανηθῆναι
2991 2115 3071 2186 τῷ
3113 2115 3291 2187 χρόνῳ
3340 2115 3453 2188 (62)
3477 2134 3491 2147 ·
3541 2118 3650 2172 οὐδ’

2071 2205 2405 2277 ἀγοράζουσι
2448 2204 2560 2277 (65)
2593 2225 2669 2273 τι,
2712 2207 2833 2261 οὐδὲ
2877 2207 3169 2274 πωλοῦσιν,
3204 2209 3341 2264 ἀλλά
3388 2210 3466 2281 τῷ
3515 2211 3650 2283 χρῄ-

2071 2296 2215 2362 ζοντι
2243 2297 2425 2361 διδοὺς
2452 2297 2684 2362 ἕκαστος
2730 2299 2800 2352 τά
2844 2302 2976 2372 παρ’
3017 2301 3214 2373 ἑαυτῷ,
3244 2302 3306 2355 τὸ
3343 2304 3472 2375 παρ’
3511 2304 3654 2357 ὲκεί-

2068 2406 2160 2443 νου
2196 2390 2466 2461 χρήσιμον
2508 2389 2947 2461 ἀντικομίζεται·
2988 2392 3083 2447 καὶ
3131 2393 3301 2465 χωρὶς
3332 2397 3432 2462 τῆς
3484 2412 3653 2466 μετα-

2067 2478 2287 2545 δόσεως,
2320 2479 2618 2543 ἀκωλύτως
2643 2479 2755 2552 (64)
2797 2482 2830 2552 ἡ
2868 2481 3172 2553 μετάληψις
3205 2483 3388 2547 αὐτοῖς
3418 2485 3545 2557 παρ’
3576 2478 3653 2538 ὧν

2067 2570 2133 2625 ἂν
2164 2570 2409 2626 ἐθέλωσι.
2460 2572 2606 2643 Πρός
2640 2589 2704 2641 γε
2750 2573 2859 2644 μὴν
2894 2572 2958 2626 τὸ
2994 2573 3146 2628 Θεῖον
3197 2574 3340 2638 ἰδίως
3385 2575 3651 2642 εὐσεϐεῖς.

2066 2665 2207 2737 Πρὶν
2233 2665 2343 2737 γὰρ
2370 2667 2627 2737 ἀνασχεῖν
2657 2665 2749 2719 τὸν
2775 2664 2947 2737 ἥλιον,
2982 2666 3138 2720 οὐδὲν
3171 2665 3511 2736 φθέγγονται
3542 2669 3657 2722 τῶν

2069 2756 2333 2828 βεϐήλων,
2372 2758 2635 2830 πατρίους
2666 2758 2724 2811 δέ
2769 2775 2924 2822 τινας
2968 2759 3051 2823 είς
3093 2758 3256 2813 αὐτὸν
3303 2758 3468 2831 εὐχὰς
3514 2760 3653 2832 (65),

2066 2847 2257 2922 ὥσπερ
2304 2851 2639 2915 ἱκετεύοντες
2679 2851 2975 2906 ἀνατεῖλαι.
3010 2851 3169 2906 Μετά
3198 2851 3373 2906 ταῦτα
3406 2853 3545 2926 πρὸς
3584 2854 3656 2919 ἃς

2066 2941 2290 2997 ἕκαστοι
2322 2944 2518 3015 τέχνας
2562 2943 2760 3010 ἴσασιν,
2793 2943 2900 2998 ὐπὸ
2934 2944 3046 2999 τῶν
3087 2944 3430 3016 ἐπιμελητῶν
3471 2948 3658 3017 ἀφεῖν-

386 3044 659 3092 vetustate
707 3034 935 3091 detrita:
971 3042 1278 3088 necemunt
1327 3032 1470 3088 inter
1522 3048 1605 3099 se,
1655 3033 1963 3089 venduntve

2079 3053 2175 3100 ιαι,
2205 3036 2301 3091 καὶ
2330 3037 2492 3109 μέχρι
2521 3036 2780 3108 πέμπτης
2801 3035 2948 3109 ὥρας
2971 3037 3340 3108 ἐργασάμενοι
3366 3039 3654 3105 συντόνως,

382 3128 725 3198 quidquam,
754 3127 850 3182 sed
885 3126 1021 3181 alter
1068 3140 1195 3181 cum
1242 3123 1415 3180 altero
1467 3124 1589 3183 suis
1640 3124 1708 3181 de
1777 3125 1963 3190 rebus,

385 3225 551 3292 prout
571 3234 710 3289 opus
738 3218 924 3287 habet,
968 3218 1371 3285 accommodat,
1408 3216 1763 3287 vicissimque
1784 3216 1855 3272 ab
1875 3231 1964 3280 eo,

386 3312 534 3382 quod
566 3312 671 3368 sibi
697 3310 822 3368 usui
843 3311 937 3378 sit,
962 3311 1162 3383 accipit
1196 3329 1212 3367 :
1244 3310 1339 3382 qui
1370 3308 1591 3364 tametsi
1611 3307 1748 3362 nihil
1773 3317 1966 3364 mutuo

386 3404 709 3474 rependant,
735 3418 833 3461 eos
863 3411 1070 3471 tamen,
1102 3418 1134 3458 a
1159 3401 1585 3473 quibuscunque
1608 3399 1798 3467 velint,
1817 3400 1964 3455 acci-

379 3510 515 3566 pere
542 3494 680 3550 nihil
715 3502 881 3550 vetat.
921 3492 1043 3550 Jam
1071 3511 1202 3551 vero
1232 3493 1511 3565 'singulari
1568 3507 1699 3564 erga
1746 3490 1963 3548 Numen
2014 3562 2015 3565 η

384 3588 588 3659 pietate
623 3599 689 3643 ac
706 3586 970 3659 religione
1002 3594 1151 3643 sunt.
1206 3583 1353 3642 Nihil
1380 3586 1527 3642 enim
1579 3584 1795 3658 profani
1831 3594 1963 3642 ante

455 3736 567 3809 (54)
600 3737 711 3805 Τὰς
736 3737 805 3792 δὲ
833 3732 953 3793 τῶν
975 3755 1131 3809 γυνη
1155 3746 1260 3793 etc.
1292 3737 1493 3809 Interp.
1520 3735 1784 3809 Porphyr.
1817 3737 1963 3803 Quo-

381 3808 560 3875 circa,
609 3809 824 3896 inquit,
856 3818 941 3896 ,ιιι
986 3808 1663 3896 'alienqrun'tmfemin‘aruzn
1708 3808 1962 3896 limiti-nes

350 3877 965 3944 η-εοενεεαηιξεπιιὺίαε
1010 3887 1205 3950 agunt,
1236 3877 1388 3931 οὐδὲν
1421 3877 1556 3950 πρὸς
1604 3878 1753 3942 ἔπος.
1798 3879 1964 3935 Addit

375 3946 601 4018 Joseph.
632 3950 701 4021 ad
726 3950 1303 4021 vituperiicumulum,
1338 3949 1432 4001 καὶ
1473 3948 1743 4020 μηδεμίαν
1775 3953 1962 4021 τηρεῖν

381 4020 734 4091 πεπεισμένοι
761 4018 860 4090 τὴν
893 4019 1030 4091 πρὸς
1056 4019 1153 4073 ἕνα
1172 4019 1379 4091 πίστιν.

454 4088 567 4162 (55)
587 4087 1016 4162 Ᾱευχειιζιονέῖν
1052 4105 1118 4143 τε
1158 4089 1257 4143 διὰ
1287 4090 1532 4162 παντός.
1580 4087 1754 4145 Velim
1791 4090 1960 4145 inter-

378 4158 931 4284 pretemdPorphyrii,
963 4174 1095 4214 num
1138 4160 1381 4215 auctoris
1421 4168 1659 4215 mentem
1701 4175 1961 4231 assequa-

407 4245 491 4284 ur.
517 4244 573 4283 vn
613 4244 723 4284 ere.

377 4237 491 4294 tur,
517 4230 723 4284 videre.

442 4297 563 4424 ((56)
587 4299 697 4353 Καὶ
717 4298 1034 4367 ἀδιαίρετοι
1060 4298 1229 4367 πρὸς,
1254 4308 1359 4354 etc.
1379 4297 1453 4353 Ita
1478 4313 1696 4364 omnes;
1726 4302 1818 4356 sed
1839 4317 1960 4359 meo

481 4369 607 4424 icio.
640 4369 701 4423 τὸ
747 4371 826 4424 εἰς
855 4370 1002 4424 quod
1050 4372 1318 4424 sequitur.
1364 4371 1782 4424 expungendum
1822 4382 1951 4424 est:

375 4368 607 4439 judicio,
640 4369 701 4423 τὸ
747 4371 826 4432 εἰς
855 4370 1002 4439 quod
1044 4372 1318 4439 sequitur,
1364 4371 1782 4439 expungendum
1822 4382 1951 4428 est:

379 4438 570 4511 sicque
610 4439 937 4511 ἀδιαίρετοι,
974 4438 1058 4511 vel
1087 4438 1213 4511 cum
1257 4438 1583 4511 ἐπιμεληταί
1630 4441 1954 4510 ρτωεεὰεηιί

376 4509 860 4580 εοηίιιηεεηὰιιιτι,
901 4509 1061 4579 quasi
1104 4509 1252 4566 dicat
1286 4527 1299 4563 :
1357 4509 1643 4565 Prmsides’
1683 4511 1806 4567 illos
1862 4524 1956 4569 aut

378 4579 761 4649 procuratores
786 4580 1054 4650 singulos,
1089 4581 1238 4634 nullo
1264 4579 1587 4651 cujusquam
1615 4581 1952 4651 discrimine,

377 4650 622 4720 omnium
667 4651 976 4720 necessitati
1022 4651 1334 4720 prospicere
1379 4666 1393 4701 :
1430 4650 1550 4714 vel,
1587 4650 1733 4720 quod
1763 4650 1952 4719 malui,

377 4721 445 4773 ad
476 4719 696 4774 ἕκαστοι
728 4718 1073 4775 referendum
1111 4738 1125 4774 :
1156 4718 1249 4776 est
1283 4728 1465 4774 autem
1496 4718 1756 4785 ἑκάστους
1781 4718 1955 4776 ἀδιαιὲ

378 4789 567 4862 ρέτους
612 4786 749 4845 εἶναι
778 4790 934 4862 πρὸς
983 4789 1240 4844 ἁπάντων
1269 4790 1480 4862 χρείας,
1516 4791 1766 4862 singulis,
1802 4795 1954 4849 nullo

377 4861 704 4932 cujusquam
760 4861 1114 4932 discrimine,
1166 4861 1319 4932 quod
1374 4862 1572 4932 cuique
1632 4876 1770 4932 Opus
1832 4873 1949 4928 est,

375 4929 657 4999 aequaliter
690 4931 1042 5001 suppeditari.
1081 4929 1341 4997 Consule,
1379 4930 1426 4986 si
1471 4929 1684 5000 placet,
1728 4929 1952 5004 Josephi

376 5010 431 5053 et
461 5000 741 5055 Pornhvrii
770 5001 1111 5055 interpretes.
1225 5009 1228 5013 ‘

376 5016 431 5053 ει
461 5016 741 5056 ιὀτυῐινιηι
770 5016 1111 5056 tnternretes.

461 5017 740 5072 rorpnyru
770 5017 1111 5070 Interpretes.

447 5072 558 5143 (57)
591 5071 979 5143 Αἱρετισταῖς.
1011 5069 1235 5142 Joseph.
1264 5073 1506 5143 αἱρεταῖς
1525 5110 1539 5135 ,
1565 5070 1747 5143 minus
1782 5083 1951 5129 recte.

373 5140 638 5214 Porphyr.
665 5140 1032 5214 αἱρεσιώταις,
1058 5140 1205 5214 quod
1235 5140 1455 5214 probari
1486 5151 1682 5214 potest.
1716 5140 1823 5197 Sed
1853 5159 1949 5199 co-

373 5214 507 5284 gitet
535 5212 758 5282 interpr.
794 5213 1251 5284 quemadmodum
1283 5213 1388 5284 ista
1418 5212 1733 5284 reddiderit.

445 5283 556 5355 (58)
596 5280 1027 5355 Ἀπλαπέπταται
1062 5282 1136 5336 τὰ
1173 5282 1309 5355 παρ’
1341 5280 1654 5355 ἀλλήλοις.
1683 5282 1759 5355 Ita
1785 5285 1950 5340 etiam

369 5350 636 5425 Purpliyr.
684 5355 753 5407 At
790 5351 1037 5425 Josepli.,
1076 5353 1452 5408 ἀναπέπταται
1483 5352 1552 5405 τὰ
1596 5353 1726 5425 παρ’
1764 5355 1950 5420 αὐτοῖς

371 5422 570 5494 ὁμοίως
598 5422 786 5494 ὥσπερ
822 5424 945 5494 ἴδια.

446 5493 556 5567 (59)
574 5495 701 5567 Καὶ,
718 5492 771 5548 οἱ
794 5493 1031 5567 πρῶτον
1052 5492 1303 5567 ιδόψζτες.
1331 5492 1550 5564 Joseph.
1583 5492 1742 5567 longe
1767 5495 1943 5561 aliter,

373 5562 626 5635 καὶᾼπρὸς
651 5563 744 5635 οὓς
769 5565 831 5616 οὐ
862 5565 1123 5635 πρότερον
1147 5563 1306 5619 εἶδον.
1344 5634 1347 5635 ν
1458 5562 1477 5564 _
1634 5612 1637 5619 .

444 5628 553 5694 (60)
583 5634 863 5732 Eidan
894 5628 975 5702 ὦς
1004 5628 1152 5702 πρὸς
1193 5634 1498 5705 συνήθεις,
1529 5635 1791 5708 porphyr.
1827 5636 1944 5692 ἴσα-

1991 4357 2036 4413 Ῑ)
2061 4357 2290 4428 avom}-

2067 3127 2261 3184 ἔπειτα
2286 3129 2448 3184 πάλιν
2473 3130 2554 3194 είς
2594 3128 2653 3183 ἓν
2697 3128 3040 3200 ἀθροίζονται
3094 3131 3314 3204 χωρίον,
3349 3130 3658 3205 ζωσάμενοί

2065 3236 2125 3273 τε
2152 3219 2555 3291 σκεπάσμασιν,
2580 3219 2755 3285 οὕτως
2776 3221 3130 3276 ἀπολούονται
3155 3224 3217 3276 τὸ
3246 3223 3405 3295 σῶμα
3426 3226 3658 3299 ψυχροῖς

2067 3307 2252 3363 ὐδασι·
2299 3312 2394 3365 καὶ
2441 3311 2578 3382 μετά
2618 3311 2824 3384 ταύτην
2867 3313 2968 3384 τὴν
3012 3314 3258 3382 ἀγνείαν,
3289 3319 3369 3380 είς
3403 3315 3538 3371 ἴδιον
3578 3318 3660 3372 οἵ·

2066 3421 2221 3475 κημα
2251 3405 2517 3471 συνίασιν,
2551 3408 2608 3460 ὲν
2647 3400 2692 3476 ᾧ
2738 3406 2927 3478 μηδενὶ
2960 3409 3069 3463 τῶν
3108 3409 3431 3481 ἑτεροδόξων
3468 3411 3657 3464 ἐπιτέ-

2064 3513 2304 3567 τραπται
2348 3497 2657 3570 παρελθεῖν.
2693 3499 2859 3552 Αὐτοὶ
2899 3498 2955 3552 δὲ
2989 3501 3243 3574 καθαροὶ,
3277 3501 3532 3576 καθάπερ
3574 3505 3661 3568 εἰς

2066 3586 2548 3661 ἆγιόντιτέμενος,
2573 3591 2970 3662 παραγίνονται
2993 3591 3055 3645 τὸ
3078 3592 3481 3666 δειπνητήριον.
3508 3595 3663 3650 Καθ‹

2067 3758 2169 3816 σιν,
2199 3742 2390 3816 ὥσπερ
2437 3744 2689 3816 συνήθεις
2718 3763 2732 3800 :
2763 3745 2909 3816 quod
2956 3745 3141 3801 minus
3183 3745 3379 3815 placet.
3426 3744 3657 3816 Ioseph.

2062 3814 2296 3886 είσίασιν
2327 3814 2429 3886 ,ᾡς
2477 3814 2948 3886 συνηθεστάτουςε
2986 3831 3110 3886 quae
3157 3814 3281 3872 cum
3323 3814 3661 3885 praecedenti

2064 3885 2184 3955 ejus
2216 3883 2448 3940 lectio'ne
2472 3883 2675 3956 optime
2700 3883 3064 3953 conveniunt,
3098 3902 3164 3943 ac
3188 3887 3256 3942 de
3285 3883 3511 3942 advenis
3541 3904 3659 3943 non

2062 3957 2131 4009 de
2188 3954 2584 4011 excinientibus
2647 3955 2925 4011 dicuntur.
2976 3955 3283 4011 Eusebiana
3330 3957 3490 4011 lectio
3541 3973 3659 4011 non

2463 3973 2584 4010 IDUS
2647 3973 2925 4012 alcuntur.
2976 3973 3283 4012 nusemana
3331 3973 3490 4011 ιεειιο
3541 3973 3659 4014 non

2062 3971 2131 4009 ue
2188 3971 2584 4025 excrprenunus
2647 3971 2925 4012 dicuntur.
2976 3971 3283 4012 nusemana
3331 3971 3490 4011 lectio
3541 3973 3659 4014 non

2062 4024 2334 4106 displicet,
2365 4025 2411 4080 si
2442 4027 2606 4081 modo
2624 4024 2857 4083 εἰσίασιν
2889 4036 3129 4085 mutetur
3155 4027 3210 4081 in
3244 4024 3470 4093 ἐξίασιν,
3495 4028 3660 4083 claro

2061 4110 2460 4165 persprcuoque
2488 4111 2676 4150 sensu.

2099 4234 2112 4248 _
2133 4164 2243 4248 (ϐλ)
2275 4165 2585 4248 Διὸᾼούδὲις
2614 4167 3104 4248 ἐπικομιζόμενοι,
3144 4176 3248 4248 etc.
3273 4165 3499 4248 Ioseph.
3538 4169 3660 4248 haec

2060 4234 2309 4309 pluribus
2334 4254 2348 4290 :
2369 4237 2458 4309 ᾼιὸ
2491 4236 2585 4290 καὶ
2627 4234 3051 4309 ποιοῦνταιῖτάςᾲ
3070 4238 3378 4309 ἀποδημίας
3395 4234 3427 4309 ,i
3448 4240 3658 4309 inquit,

2061 4304 2213 4395 εὐδὲχ
2244 4305 2344 4376 μὲν
2373 4306 3006 4395 ὅλωςὶὲπικομιςόμιενοι,
3034 4307 3123 4395 διά
3152 4307 3210 4360 δὲ
3231 4304 3383 4371 ’τοὺς
3410 4304 3657 4395 λῃστὰς,

2061 4377 2290 4428 ἔνοπλοι·
2325 4377 2578 4448 κηδεμὼν
2609 4377 2666 4431 δὲ
2702 4377 2761 4433 ἐν
2784 4377 2989 4451 ἑκάστῃ
3033 4377 3185 4430 πόλει
3218 4394 3313 4431 του
3362 4377 3660 4449 τάγματος

2059 4443 2332 4521 ἐξαίρετος
2360 4446 3093 4521 τῶν-ξέωνᾲάποδείκνυται,
3129 4447 3406 4521 ταμιεύων
3443 4449 3660 4521 ἐσθῆτα

2058 4516 2152 4568 καὶ
2185 4514 2271 4590 έςτά
2315 4517 2617 4590 ἐπιτήδεια.
2648 4518 2970 4590 Καταστολὴ
3101 4514 3217 4571 καί
3238 4517 3425 4588 σχῆμα
3457 4514 3658 4590 σώμα-

2055 4602 2166 4668 τος,
2193 4584 2696 4668 ξμοιοχτοῖς-μετά
2742 4589 2906 4659 φόϐου
2941 4584 3483 4659 παιδαγωγουμένοις
3530 4584 3662 4644 stato

2059 4655 2325 4728 criv_._95'rs
2352 4656 2410 4728 δὲ.
2437 4655 2693 4728 ἐσθῆτας,
2725 4655 2829 4713 etc.

2127 4725 2242 4800 (62)
2260 4728 2340 4781 Ἦ
2363 4724 2784 4797 ἃαπανὴθῆναι
2819 4724 2901 4792 τῷ
2926 4729 3145 4797 χρόνῳ.
3171 4726 3374 4798 lnterp.
3411 4727 3657 4800 Porpb.,

2054 4795 2395 4868 vel__tg_inpore
2422 4795 2693 4868 sumptum
2728 4795 2967 4868 fecerint,

2127 4863 2248 4938 (65)
2258 4865 2399 4938 0125f
2410 4863 2786 4938 ἀγοράζουάι,
2805 4876 2910 4924 etc.
2925 4867 3194 4938 Iosephus
3217 4868 3332 4938 haec
3346 4867 3422 4923 ita
3441 4868 3657 4924 clarius

2053 4914 2293 5010 οὐδξν-Ϊὲν
2321 4914 2571 5008 ἀλλήλοῖς
2601 4914 2727 5010 obes
2771 4914 3152 5010 ἀγοράξρυὲιν,
3187 4936 3313 4991 οὐτε
3344 4938 3652 4993 πωλοῦσιν.

2126 5004 2240 5085 (64)
2277 5004 2635 5073 Ἁκωλύτως.
2679 5004 2926 5079 Ιοεεριι’.,
2966 5008 3235 5079 Porphyr.
3270 5016 3326 5064 et
3361 5024 3654 5066 manuscr.

2054 5074 2349 5141 ἀκώλυτος,
2386 5087 2551 5133 recte.

2126 5144 2238 5217 (65)
2262 5148 2369 5212 Εἰς
2388 5147 2576 5221 αὐτόν
2594 5147 2808 5221 εὐχάς.
2837 5146 2893 5203 Si
2920 5146 3258 5221 Porphyrius
3279 5147 3372 5203 hic
3398 5164 3500 5219 per
3528 5162 3657 5221 sese

2052 5215 2389 5285 loqueretur,
2422 5218 2557 5271 nihil
2590 5218 2647 5271 in
2675 5215 2868 5272 nostra
2902 5215 3157 5275 versione
3191 5215 3467 5273 mutarem
3502 5235 3519 5271 :
3554 5217 3661 5275 sed

2051 5285 2312 5354 quoniam
2339 5285 2754 5357 Josephiverba
2784 5297 2932 5355 sunt,
2980 5289 3236 5345 credibile
3277 5304 3388 5343 non
3418 5298 3510 5344 est
3546 5289 3657 5342 hoc

2051 5371 2176 5430 eum
2222 5357 2339 5430 suis
2386 5355 2492 5412 illis
2543 5355 2808 5423 Essenis,
2856 5367 3118 5430 tanquam
3165 5358 3657 5430 egregiumAverae

2050 5426 2269 5499 pictatis
2326 5438 2743 5499 argumentum,
2802 5426 3485 5499 laudi‘tribueréiquod
3545 5427 3652 5482 soli

2051 5497 2213 5569 paulo
2244 5508 2380 5569 ante,
2398 5496 2581 5569 ortum
2609 5513 2797 5568 preces
2824 5506 3224 5569 nuncuparent.
3240 5496 3440 5569 AMalim
3460 5498 3655 5569 igitur

2049 5566 2214 5637 εὐχὰς
2237 5569 2315 5630 εἰς
2337 5568 2427 5621 τὸν
2450 5566 2638 5622 Ἥλιον
2664 5570 2931 5638 accipere,
2960 5566 3066 5623 non
3095 5584 3217 5638 quae
3234 5566 3370 5632 Soli,
3389 5568 3476 5623 vel
3498 5566 3655 5624 Solis

2049 5638 2108 5693 in
2138 5641 2422 5708 honerem,
2454 5640 2549 5697 sed
2573 5655 2693 5711 quat
2725 5639 2870 5697 Solis
2901 5655 3072 5698 causa
3098 5649 3513 5713 nuncupentur.
