3824 6226
196 264 304 322 685
1404 267 1731 324 PRAEPAR.
1773 267 2026 326 EVANG.
2066 269 2196 326 LIB.
2238 269 2329 327 II.
3012 280 3015 287 '
3315 213 3335 253 δ
3361 279 3466 336 68⁸5

196 379 462 436 εσθέντων
501 378 561 433 δέ
599 378 722 450 μεθ’
753 381 1004 453 ἡσυχίας,
1032 384 1062 436 ό
1106 382 1204 454 μὲν
1237 382 1508 446 σιτοποιὸς
1536 384 1596 435 ἐν
1632 381 1753 447 τάξε

1887 381 2021 438 solis
2042 388 2226 437 ortum
2262 381 2583 453 loquuntur,
2624 382 2719 438 sed
2747 381 3240 458 patrias'quasdam
3261 390 3312 445 ei
3339 407 3465 461 pre-

195 477 561 550 παρατίθησιν
588 477 810 550 ἄρτους,
833 481 862 533 ὁ
881 480 937 532 δὲ
965 479 1228 551 μάγειρος
1258 477 1317 531 ἐν
1339 479 1560 548 ἀγγεῖον
1582 478 1640 546 ἐξ
1664 479 1751 533 ένδ

1886 488 1979 529 ces
2010 481 2349 544 nuncupant,
2374 473 2533 545 quasi
2550 485 2610 529 ut
2633 473 2916 533 illucescat
2938 479 3294 538 obsecrando.
3321 482 3461 539 Tum

193 566 490 638 ἐδέσματος
515 570 730 641 ἐκάστῳ
750 587 766 600 ·
810 571 1256 644 προκατάρχεται
1297 571 1353 625 δὲ
1382 572 1517 643 (65¹)
1539 573 1568 624 ὁ
1604 572 1749 644 ίερεὺ

1885 566 1952 621 ad
1981 580 2125 633 eam,
2147 582 2312 636 quam
2335 567 2570 638 quisque
2600 568 2769 637 novit,
2803 579 2981 625 artem
3011 574 3305 641 praesidum
3341 592 3462 633 sese

190 656 292 727 τῆς
318 658 524 730 τροφῆς
552 648 723 731 ἁγνῆς
747 659 914 731 ούσης
937 662 1032 716 καί⁵
1054 660 1302 734 καθαρᾶς
1339 662 1454 733 (καὶ
1476 661 1753 731 γεύσασθα

1876 657 2038 730 jussu
2074 659 2386 727 conferunt,
2424 660 2479 714 in
2537 675 2644 730 qua
2691 674 2954 734 perpetuo
2981 675 3035 721 et
3063 669 3363 723 continenti
3391 670 3457 725 ad

190 764 313 803 τινα
361 750 491 821 πρὶν
532 751 630 823 τῆς
667 752 833 825 εὐχῆς
871 752 1188 825 άθέμιτον)·
1218 754 1751 827 ἀριστοποιησάμενο

1883 750 2128 818 quintam
2160 751 2352 806 horam
2401 751 2591 809 labore
2639 756 2862 823 versati,
2916 759 3169 814 eumdem
3204 760 3369 816 simul
3402 763 3459 816 in

188 839 248 893 δέ
283 843 574 914 ἐπεύχεται
615 846 835 916 μᾶλλον,
886 848 1179 920 ἀρχόμενοί
1225 867 1284 902 τε
1343 850 1437 904 καὶ
1485 850 1753 921 παυόμενο

1880 838 2063 895 locum
2095 841 2275 896 denuo
2297 843 2657 911 conveniunt,
2688 861 2754 901 ac
2782 846 2941 902 lineis
2964 849 3241 916 praecincti
3263 849 3459 922 frigida

188 933 510 1005 γεραίρουσι
542 935 634 990 τὸν
679 938 832 994 Θεόν.
866 940 1078 994 Ἔπειθ’
1109 940 1185 1005 ὼς
1218 941 1376 1012 ίερὰς
1417 941 1780 1014 καταθέμενοι

187 1024 289 1088 τὰς
318 1026 576 1098 ἐσθῆτας,
604 1030 765 1084 πάλιν
790 1034 876 1085 ἐπ’
904 1032 1041 1103 ἔργα
1063 1033 1356 1104 τρέπονται
1385 1034 1545 1108 μέχρι
1577 1035 1775 1108 δείλης.

186 1118 477 1171 Δειπνοῦσι
526 1120 570 1173 δ’
611 1121 1050 1194 ὑποστρέψαντες
1093 1125 1315 1195 ὁμοίως,
1365 1126 1777 1198 συγκαθεζομέ-

185 1224 293 1259 νων
322 1208 435 1261 τῶν
468 1208 652 1277 ξένων,
691 1212 742 1266 οἳ
766 1212 977 1283 τύχοιεν
1010 1215 1194 1279 αὐτοῖς
1224 1216 1510 1288 παρόντες.
1547 1217 1687 1272 Οὔτε
1709 1219 1768 1273 δὲ

184 1301 403 1371 κραυγή
436 1319 567 1356 ποτε
596 1303 687 1357 τὸν
714 1299 862 1358 οἷκον
905 1304 1030 1360 οὔτε
1065 1306 1293 1379 θόρυϐος
1320 1308 1522 1379 μιαίνει
1542 1326 1555 1338 ·
1584 1310 1684 1373 τὰς
1714 1311 1773 1365 δὲ

183 1392 378 1456 λαλιὰς
422 1395 482 1447 ἐν
529 1395 682 1461 τάξει
734 1399 1156 1472 παραχωροῦσιν
1194 1399 1472 1472 ἀλλήλοις,
1523 1403 1619 1457 καὶ⁹
1657 1407 1771 1469 τοῖς

182 1483 383 1547 ἔξωθεν
413 1485 491 1549 ὼς
525 1491 821 1561 μυστήριόν
849 1509 903 1545 τι
932 1493 1158 1564 φρικτὸν
1197 1494 1230 1565 ἡ
1259 1493 1368 1547 τῶν
1400 1494 1549 1549 ἔνδον
1590 1496 1768 1568 σιωπὴ

180 1578 597 1645 καταφαίνεται.
642 1581 843 1667 Τούτου
886 1584 946 1637 δέ
988 1585 1158 1638 αίτιον
1203 1586 1237 1655 ἡ
1288 1585 1542 1658 διηνεκὴς
1584 1586 1765 1658 νῆψις,

178 1671 277 1722 καὶ
302 1671 364 1724 τὸ
393 1673 705 1745 μετρεῖσθαι
735 1677 866 1746 παρ’
897 1676 1080 1740 αὐτοῖς
1109 1676 1315 1749 τροφὴν
1348 1678 1442 1731 καὶ
1475 1678 1639 1731 ποτδν
1671 1678 1768 1750 μέ-

177 1778 273 1834 χρι
305 1763 471 1834 κόρου
508 1764 640 1835 (66).
666 1767 792 1831 Τοῖς
821 1767 877 1821 δὲ
911 1767 1136 1840 ζηλοῦσι
1160 1770 1259 1842 τὴν
1284 1770 1497 1842 αἵρεσιν
1526 1772 1629 1824 οὐκ
1672 1772 1766 1825 εύ-

177 1851 277 1916 θὺς
306 1856 344 1925 ὴ
379 1854 633 1927 πάροδος,
676 1858 792 1912 ἀλλ’
838 1862 925 1913 ἐπ’
961 1861 1206 1915 ἐνιαυτὸν
1238 1862 1359 1927 ’ἔξω
1403 1862 1619 1935 μένοντι
1667 1865 1765 1937 τὴν

176 1945 356 2015 αὐτὴν
399 1947 743 2003 ὑποτίθενται
786 1950 1016 2016 δίαιταν,
1054 1953 1332 2027 ἀξινάριόν
1375 1971 1435 2008 τε
1478 1956 1572 2009 καὶ
1615 1955 1768 2029 περί-

176 2036 341 2108 ζωμα
388 2038 597 2106 δόντες,
646 2042 742 2095 καὶ
786 2042 985 2116 λευκὴν
1032 2046 1256 2111 ἐσθῆτα.
1310 2046 1562 2101 Ἐπειδὰν
1604 2048 1661 2102 δέ
1708 2050 1766 2102 ἐν

172 2130 356 2202 τούτῳ
378 2131 457 2203 τῷ
479 2134 655 2205 χρόνῳ
684 2139 879 2207 πεῖραν
913 2139 1241 2209 ἐγκρατείας
1262 2139 1358 2210 δῷ,
1387 2140 1636 2212 πρόσεισι
1669 2140 1766 2210 μὲν

174 2223 364 2292 ἔγγιον
388 2228 453 2297 τῇ
481 2225 682 2301 διαίτῃ,
718 2229 812 2283 καὶ
832 2229 1216 2304 καθαρώτερον
1244 2231 1352 2286 τῶν
1374 2232 1512 2304 πρὸς
1541 2232 1766 2301 ἁγνείαν

172 2316 387 2370 ὑδάτων
429 2318 872 2390 μεταλαμϐάνει·
910 2322 1396 2393 παραλαμϐάνεται
1446 2323 1504 2377 δὲ
1543 2326 1625 2388 εἰς
1666 2324 1766 2390 τὰς

173 2407 515 2479 συμϐιώσεις
558 2412 807 2466 οὐδέπω·
855 2413 995 2485 μετὰ
1044 2414 1154 2487 γὰρ
1191 2415 1293 2487 τὴν
1322 2416 1423 2487 τῆς
1468 2416 1764 2488 καρτερίας

170 2504 438 2571 ἐπίδειξιν
480 2506 632 2560 δυσὶν
677 2508 856 2573 ἄλλοις
900 2510 1045 2563 ἔτεσι
1097 2510 1158 2564 τὸ
1204 2507 1337 2582 ἦθος
1385 2509 1761 2581 δοκιμάζεται,

169 2595 271 2647 καὶ
314 2596 506 2663 φανείς
537 2597 702 2664 ἄξιος,
738 2598 912 2663 οὕτως
955 2602 1035 2665 είς
1076 2600 1169 2655 τὸν
1213 2599 1399 2673 ὅμιλον
1427 2601 1759 2674 ἐγκρίνεται.

168 2688 313 2757 Πρὶν
346 2687 403 2740 δέ
431 2690 530 2759 τῆς
565 2691 753 2762 κοινῆς
794 2691 1033 2762 ἅψασθαι
1077 2693 1307 2765 τροφῆς,
1351 2694 1546 2767 ὅρκους
1580 2697 1763 2761 αὐτοῖς

166 2779 371 2848 ὄμνυσι
401 2779 694 2852 φρικώδεις
716 2800 730 2815 ι
759 2783 977 2856 πρῶτον
1023 2786 1121 2855 μὲν
1152 2786 1470 2858 εὐσεϐήσειν
1501 2787 1562 2841 τὸ
1586 2787 1759 2855 Θείον,

165 2870 367 2925 ἔπειτα
387 2870 458 2925 τὰ
488 2873 623 2943 πρὸς
647 2874 968 2947 ἀνθρώπους
987 2876 1183 2932 δίκαια
1199 2879 1476 2948 φυλάξειν,
1504 2881 1599 2933 καὶ
1623 2881 1761 2952 μήτε

164 2970 315 3024 κατὰ
361 2969 588 3041 γνώμην
631 2970 852 3042 βλάψειν
894 2974 1037 3040 τινὰ,
1089 2977 1212 3047 μήτ’
1251 2973 1312 3039 ἐξ
1360 2976 1756 3046 ἐπιτάγματος,

1880 947 2079 1002 corpus
2098 934 2346 1001 abluunt,
2371 951 2611 1006 moxque
2634 938 2703 993 ab
2721 954 2782 993 ea
2802 940 3145 1009 lustratione,
3172 944 3456 1013 proprium

1881 1024 1935 1079 in
1966 1026 2328 1094 domicilium,
2360 1043 2470 1098 quo
2525 1030 2758 1087 alterius
2809 1041 2972 1088 sectae
3016 1035 3222 1090 nemini
3259 1036 3457 1105 pedem

1878 1116 2080 1174 inferre
2105 1119 2253 1186 licet,
2293 1135 2405 1175 una
2438 1137 2630 1179 omnes
2654 1123 2956 1191 conﬂuunt,
2988 1135 3152 1196 atque
3207 1128 3277 1183 ab
3302 1131 3453 1184 omni

1876 1208 1998 1264 labe
2030 1211 2174 1281 puri,
2207 1227 2319 1268 non
2351 1213 2510 1268 aliter
2554 1214 2607 1268 in
2638 1216 2923 1270 caenaculo
2951 1233 3116 1287 quam
3145 1218 3201 1272 in
3224 1218 3455 1275 delubro

1877 1302 2149 1357 sanctiore
2180 1313 2490 1360 versantur.
2524 1302 2624 1360 His
2655 1320 2786 1377 ergo
2811 1307 3020 1376 placide
3041 1323 3106 1364 ac
3137 1310 3322 1379 quiete
3356 1326 3450 1367 se-

1874 1391 2145 1457 dentibus,
2172 1409 2341 1463 panes
2396 1410 2427 1449 a
2476 1396 2703 1466 pistore,
2756 1412 3037 1467 unumque
3099 1400 3330 1471 singulis
3381 1418 3449 1458 ex

1873 1481 2061 1536 eodem
2102 1483 2227 1540 cibo
2270 1484 2540 1541 ferculum
2575 1502 2607 1541 a
2641 1502 2820 1558 coquo
2874 1504 2983 1543 non
3024 1489 3144 1545 sine
3173 1492 3372 1549 decore
3396 1502 3452 1550 et

1873 1574 2062 1630 ordine
2089 1578 2398 1647 apponitur.
2420 1579 2588 1635 Cibos
2614 1590 2797 1636 autem
2824 1594 2994 1651 puros
3018 1580 3147 1639 licet
3187 1600 3253 1641 ac
3282 1603 3450 1642 mun-

1871 1664 1991 1731 dos,
2038 1669 2210 1723 certis
2234 1669 2488 1738 precibus
2543 1674 2800 1730 sacerdos
2851 1685 2977 1732 ante
3005 1687 3295 1734 consecrat
3321 1683 3450 1749 (nec

1796 1734 1843 1791 Β
1872 1756 1965 1811 ulli
1997 1757 2109 1814 nisi
2167 1734 2453 1829 praemissa
2503 1764 2816 1831 precatione
2874 1768 3173 1838 quidquam
3225 1734 3449 1840 gustare
3556 1824 3563 1839 ε

1870 1847 1953 1903 l'as
1973 1849 2098 1921 est),
2130 1850 2384 1922 idemque
2413 1854 2661 1911 confecto
2700 1857 2932 1925 prandio
2978 1860 3193 1917 cunctis
3240 1861 3444 1917 iterum
3556 1867 3563 1885 ‘

1868 1941 2007 1998 bene
2022 1954 2293 2014 precatur,
2315 1946 2504 2018 sicque
2531 1956 2643 2003 tam
2671 1950 2774 2006 sub
2815 1950 2979 2007 ﬁnem
3010 1968 3175 2023 quam
3198 1954 3302 2010 sub
3333 1954 3445 2009 ini-

1868 2033 2026 2102 tium,
2064 2035 2176 2091 Deo
2203 2037 2409 2093 cultum
2459 2038 2627 2112 5,06
2670 2041 3047 2115 honoremque
3103 2045 3442 2115 persolvunt.

1866 2125 2016 2192 Inde,
2051 2130 2225 2187 sacris
2243 2131 2404 2202 quasi
2454 2133 2699 2188 vestibus
2754 2135 2969 2204 positis,
3027 2152 3251 2192 rursum
3305 2150 3446 2206 opus

1867 2221 2101 2292 quisque
2130 2238 2291 2278 suum
2321 2224 2390 2279 ad
2422 2239 2706 2295 vesperam
2736 2242 2912 2297 usque
2929 2228 3143 2297 repetit,
3166 2244 3277 2300 quo
3305 2238 3446 2285 tem-

1867 2327 2002 2382 pore
2029 2330 2242 2370 coenam
2274 2315 2494 2380 eodem,
2549 2331 2660 2386 quo
2702 2317 3014 2386 prandium.
3042 2319 3153 2374 ritu
3194 2331 3441 2386 sumunt,

1866 2405 2278 2460 considentibus
2311 2406 2476 2461 simul
2515 2406 2845 2478 hospitibus,
2876 2408 2925 2463 si
2961 2408 3055 2479 qui
3088 2407 3228 2465 forte
3280 2410 3447 2466 adven

1866 2499 2067 2552 nerint.
2089 2497 2360 2553 Caeterum
2389 2498 2540 2554 nullo
2584 2515 2828 2571 unquam
2872 2501 3017 2557 aedes
3061 2511 3158 2557 aut
3204 2502 3446 2559 clamore

1867 2599 1962 2645 aut
1982 2590 2210 2661 strepitu
2235 2590 2576 2660 polluuntur,
2605 2592 2699 2647 sed
2730 2592 2854 2648 aliis
2881 2593 2978 2647 alii
3002 2593 3246 2650 modeste
3278 2605 3444 2665 atque

1866 2681 2058 2737 ordine
2093 2682 2352 2752 loquendi
2386 2682 2570 2738 locum
2619 2683 2841 2749 cedunt,
2880 2684 3129 2755 adeoque
3160 2687 3441 2752 omnibus,

1866 2778 1961 2844 qui
1992 2772 2126 2829 foris
2159 2774 2290 2829 illuc
2338 2774 2655 2841 adveniunt,
2696 2774 2956 2831 horrendi
2993 2777 3168 2831 instar
3196 2777 3443 2849 mysterii

1864 2880 2076 2930 eorum,
2109 2865 2201 2937 qui
2234 2866 2430 2921 domus
2482 2848 2645 2922 istius
2679 2865 2850 2936 septis
2878 2848 3444 2935 continentur,s.ilen-

1867 2957 2000 3011 tium
2024 2963 2110 3012 est
2134 2975 2147 3010 :
2171 2956 2329 3025 cujus
2362 2971 2495 3013 sane
2532 2970 2700 3012 causa
2727 2964 2808 3012 est
2832 2964 3091 3026 perpetua
3122 2957 3440 3013 continens-

168 3064 430 3134 μισήσειν
453 3063 498 3116 δ’
532 3063 619 3116 ἀεὶ
646 3065 773 3129 τοὺς
813 3065 1051 3129 ἀδίκους,
1085 3046 1179 3119 καὶ
1214 3066 1615 3120 συναδικεῖσθαι
1644 3070 1753 3132 τοῖς

1864 3063 1972 3118 que
2032 3046 2339 3119 frugalitas,
2390 3064 2499 3120 qua
2539 3049 2641 3115 tit,
2697 3057 2758 3104 ut
2807 3048 2991 3104 cibum
3039 3058 3202 3119 atque
3248 3058 3443 3119 potum

161 3153 433 3219 δικαίοις·
466 3154 527 3208 τὸ
558 3156 749 3209 πιστὸν
792 3159 926 3211 πᾶσι
981 3158 1079 3229 μὲν
1120 3157 1399 3230 παρέξειν,
1437 3158 1670 3229 μάλιστα
1700 3159 1757 3212 δὲ

160 3251 280 3310 τοῖς
316 3247 639 3319 κρατοῦσιν·
669 3250 731 3302 ού
761 3250 871 3321 γὰρ
895 3249 1017 3321 δίχα
1049 3249 1184 3303 Θεοῦ
1215 3250 1628 3321 περιγίγνεσθαί
1649 3268 1756 3305 τινι

160 3339 226 3391 τὸ
270 3340 485 3409 ἄρχειν.
521 3340 640 3394 Κᾶν
674 3341 839 3405 αὐτὸς
869 3342 1032 3415 ἄρχῃ,
1068 3341 1429 3415 μηδεπώποτε
1474 3343 1757 3416 ἐξυϐρίσαι

160 3431 246 3492 εἰς
280 3429 382 3499 τὴν
415 3427 685 3495 ἐξουσίαν,
720 3431 855 3502 μηδὲ
888 3431 1096 3503 ἐσθῆτι,
1138 3431 1173 3503 ἡ
1201 3449 1309 3486 τινι
1339 3432 1524 3487 πλέονι
1563 3433 1757 3505 κόσμῳ

126 3523 293 3589 ⁹τοὺς
326 3522 800 3594 ὑποτεταγμένους
847 3524 1422 3598 ὑπερλαμπρύνεσθαι.
1481 3526 1593 3599 Τὴν
1625 3527 1758 3600 ἀλή-

161 3614 319 3668 θειαν
362 3616 582 3686 ἀγαπᾷν
622 3617 730 3681 ἀεὶ,
765 3616 860 3670 καὶ
895 3617 1024 3681 τοὺς
1061 3617 1427 3690 ψευδομένους
1454 3619 1756 3674 ἀποϐάλλε-

162 3704 326 3758 σθαι·
363 3708 557 3777 χεῖρας
584 3706 791 3778 κλοπῆς
824 3707 919 3761 καὶ¹
948 3707 1128 3779 ψυχὴν
1157 3710 1371 3762 ἀνοσίου
1406 3710 1631 3781 κέρδους
1664 3728 1756 3765 κα-

160 3793 341 3868 θαρὰν
386 3796 664 3865 φυλάξειν,
718 3799 812 3852 καὶ
852 3800 989 3871 μήτε
1024 3800 1255 3873 κρύψειν
1292 3819 1347 3855 τι
1387 3803 1514 3866 τοὺς
1559 3805 1758 3875 αἱρετι-

160 3886 321 3949 στὰς,
360 3885 489 3956 μήθ’
537 3887 746 3957 ἑτέροις
792 3887 970 3941 αὐτῶν
1006 3905 1061 3941 τι
1108 3888 1389 3961 μηνύσειν,
1436 3888 1541 3943 κᾶν
1586 3888 1753 3961 μέχρι

159 3978 399 4032 θανάτου
427 3994 511 4040 τις
536 3977 809 4049 βιάζηται.
837 3981 980 4053 Πρὸς
1010 3979 1071 4033 δὲ
1095 3979 1307 4045 τούτοις
1338 3979 1533 4052 ὄμνυσι
1564 3979 1755 4052 μηδενὶ

162 4070 266 4138 μὲν
306 4068 630 4139 μεταδοῦναι
661 4070 772 4125 τῶν
808 4071 1097 4143 δογμάτων
1139 4071 1365 4144 ἑτέρως,
1408 4071 1451 4143 ἢι
1475 4071 1551 4136 ὡς
1590 4071 1755 4136 αὐτὸς

159 4158 500 4230 παρέλαϐεν,
539 4161 837 4230 ἀφέξεσθαι
872 4162 934 4216 δὲ
962 4162 1238 4235 λῃστείας,
1269 4164 1366 4217 καὶ
1396 4164 1754 4236 συντηρήσειν

157 4249 368 4321 ὁμοίως
395 4251 466 4305 τά
486 4269 548 4305 τε
579 4252 678 4324 τῆς
701 4253 966 4325 αἱρέσεως
997 4253 1178 4308 αὐτῶν
1208 4252 1408 4324 βιϐλία,
1439 4254 1535 4307 καὶ
1558 4254 1627 4308 τὰ
1642 4254 1753 4309 τῶν

157 4342 414 4411 ἀγγέλων
438 4343 701 4414 ὀνόματα.
734 4344 977 4398 Τοιοῦτοι
1001 4345 1101 4416 μὲν
1141 4347 1190 4399 οἱ
1234 4346 1406 4417 ὅρκοι.
1435 4347 1498 4400 Οἱ
1526 4346 1582 4399 δὲ
1607 4345 1755 4400 ἁλόν-

1858 3141 2024 3210 justas
2062 3139 2407 3197 necessitatis
2444 3141 2565 3212 lege
2596 3141 2911 3196 metiantur.
2971 3139 3145 3196 Porro
3190 3140 3355 3212 hujus
3382 3141 3443 3196 iu

1858 3241 2022 3289 sectae
2049 3242 2213 3305 atque
2244 3234 2479 3291 instituti
2506 3233 2821 3289 societatem
2848 3233 3036 3288 venire
3063 3232 3305 3303 cupienti
3327 3245 3443 3288 non

1860 3325 2121 3383 continuo
2140 3334 2289 3396 patet
2316 3326 2621 3399 ingressus,
2659 3326 2752 3381 sed
2797 3325 2849 3381 ei
2882 3324 3018 3381 foris
3061 3339 3265 3380 annum
3298 3324 3442 3379 inte-

1861 3434 2021 3490 grum
2049 3419 2291 3474 manenti
2314 3433 2484 3489 genus
2501 3417 2649 3473 idem
2671 3418 2798 3472 vita
2819 3418 3202 3487 praescribunt,
3240 3432 3306 3474 ac
3334 3418 3440 3473 do-

1857 3511 2133 3575 labellam,
2156 3510 2457 3580 cingulum,
2486 3516 2806 3580 vestemque
2853 3508 3143 3565 candidam
3191 3509 3435 3565 tradunt.

1856 3603 1963 3672 Qui
1991 3612 2280 3674 postquam
2325 3604 2432 3659 hoc
2474 3602 2739 3672 temporis
2774 3601 3062 3657 intervallo
3090 3601 3439 3656 abstinentiae

1857 3696 2338 3767 temperantimque
2364 3710 2479 3750 suae
2506 3694 2835 3750 documenta
2864 3693 3033 3761 dedit,
3061 3695 3288 3765 propius
3312 3696 3438 3765 qui-

1858 3789 1979 3843 dem
2013 3788 2079 3842 ad
2102 3787 2338 3841 instituti
2367 3785 2811 3842 communionem
2834 3783 3068 3851 accedit,
3093 3799 3158 3841 ac
3188 3785 3436 3855 puriori-

1857 3879 1962 3933 bus
1982 3877 2140 3947 aquis
2170 3892 2280 3932 una
2308 3891 2434 3931 cum
2454 3874 2668 3931 caeteris
2715 3874 2939 3930 lustrari
2967 3874 3178 3946 incipit,
3199 3874 3437 3929 necdum

1856 3981 2038 4026 tamen
2070 3970 2138 4024 ad
2165 3969 2475 4025 convictum
2518 3969 2847 4025 admittitur.
2874 3965 3012 4025 Nam
3040 3974 3164 4037 post
3192 3966 3436 4021 toleran-

1854 4061 1946 4116 tiae
2010 4059 2407 4131 probationem,
2440 4059 2567 4115 aliis
2598 4059 2815 4116 duobus
2865 4057 3026 4113 annis
3085 4071 3270 4112 mores
3310 4055 3434 4125 ejus

1852 4155 2170 4226 explorant;
2202 4152 2403 4223 quibus
2455 4152 2684 4217 exactis,
2715 4151 2765 4208 si
2792 4151 2990 4221 dignus
3048 4148 3342 4212 habeatur,
3374 4148 3435 4202 in

1856 4248 2195 4305 consortium
2244 4244 2467 4300 tandem
2523 4244 2820 4314 accipiunt.
2868 4242 3202 4313 Priusquam
3246 4249 3435 4298 tamen

1856 4353 2205 4395 communem
2230 4337 2412 4393 cibum
2446 4336 2699 4408 attingat,
2752 4334 3010 4392 horrendi
3061 4349 3181 4390 sese
3204 4332 3312 4388 illis
3336 4332 3431 4403 ju-

154 4448 274 4496 ¹ξτες,
310 4434 406 4486 καὶ
431 4433 809 4505 ἐκϐληθέντες,
852 4432 1010 4504 κακῷ
1060 4434 1211 4504 μόρῳ
1259 4433 1591 4505 φθείρονται.
1627 4433 1753 4498 Τοῖς

1862 4432 2155 4505 risjurandi
2207 4430 2444 4487 formula
2496 4429 2788 4500 obstringit
2823 4447 2837 4483 :
2873 4428 2931 4482 in
2960 4427 3155 4498 primis
3209 4426 3434 4497 quidem

156 4527 273 4598 γὰρ
310 4527 497 4599 ὅρκοις
545 4528 637 4581 καὶ
696 4532 810 4591 τοῖς
860 4527 1037 4581 ἔθεσιν
1081 4527 1435 4599 ἐνδεδεμένοι,
1491 4526 1614 4580 οὐδὲ
1653 4525 1755 4597 τῆς

157 4620 320 4693 παρὰ.
354 4622 470 4684 τοῖς
522 4620 702 4684 ἄλλοις
742 4620 950 4691 τροφῆς
996 4619 1246 4674 δύνανται
1293 4617 1751 4691 μεταλαμϐάνειν,

160 4712 581 4785 τιοηφαγοῦντες
619 4713 696 4779 δὲ,
728 4714 822 4768 καὶ
853 4712 998 4785 λιμῷ
1028 4711 1461 4784 διαφθειρόμενοι
1488 4710 1753 4766 ἀπόλλυν-

156 4825 271 4861 ται.
320 4806 416 4859 Διὸ
455 4805 521 4877 δὴ
564 4804 793 4869 πολλοὺς
842 4805 1185 4876 ἐλεήσαντες,
1235 4804 1294 4857 ἐν
1331 4807 1451 4867 ταῖς
1494 4804 1752 4875 ἐσχάταις

157 4901 435 4969 ἀνάγκαις
473 4898 758 4963 ἀνέλαϐον,
807 4897 999 4969 ἱκανὴν
1027 4897 1299 4969 τιμωρίαν
1346 4895 1633 4950 δεδωκέναι
1661 4912 1752 4950 νο-

161 4990 419 5062 μίζοντες
458 4991 554 5043 ἐπὶ
597 4992 712 5053 τοῖς
757 4991 1117 5062 ἁμαρτήμασι
1166 4987 1263 5060 τὴν
1308 4988 1474 5060 μέχρι
1518 4987 1751 5042 θανάτου

162 5083 420 5152 βάσανον.
459 5080 571 5153 Τὴν
599 5081 656 5135 δὲ
701 5082 925 5136 σκαλίδα
955 5082 1158 5136 διδόασι
1203 5083 1317 5144 τοῖς
1349 5079 1632 5150 μέλλουσιν
1662 5082 1753 5134 αἱ·

165 5177 461 5246 ρετισταῖς,
489 5174 611 5230 ἐπεὶ
645 5175 741 5230 καὶ
761 5175 915 5228 αὐτοὶ
940 5173 1115 5237 ἄλλως
1142 5172 1203 5226 ού
1236 5171 1560 5227 θακεύουσιν
1591 5172 1624 5244 ἦ
1658 5172 1749 5243 βό-

161 5266 293 5338 θρον
331 5267 622 5339 ὀρύξαντες
670 5269 751 5331 είς
776 5266 939 5337 βάθος
983 5266 1246 5327 ποδιαῖον,
1281 5264 1751 5335 περικαλύψαντες

164 5358 480 5430 θοιματίων,
513 5359 589 5425 ὡς
628 5361 703 5432 μὴ
746 5363 867 5424 ταῖς
891 5360 1085 5428 αὐγαῖς
1120 5357 1426 5429 ἐνυϐρίζειν
1463 5356 1559 5410 τοῦ
1589 5354 1745 5411 Θεοῦ.

164 5451 414 5524 Τοσαύτη
441 5453 486 5506 δ’
530 5454 677 5506 ἐστὶν
698 5452 880 5506 αὐτῶν
912 5454 946 5522 ή
988 5451 1203 5521 λιτότης
1237 5452 1272 5522 ἡ
1322 5449 1452 5521 περὶ
1479 5449 1577 5520 τὴν
1606 5448 1746 5502 δίαι-

234 5567 373 5639 (65')
387 5569 1050 5640 ΠροκατάρχεταιἘοιΊε
1073 5570 1355 5640 legendum
1370 5566 1743 5638 ποογατεύχε-

160 5647 348 5711 ἰαμ-ει
386 5656 516 5694 mox
542 5640 838 5711 ἐπεύχεται
865 5640 1048 5694 πάλιν.

237 5708 344 5771 (66)
371 5710 562 5772 Μέγρι
599 5708 802 5772 κόρου.
834 5711 965 5769 Post
1003 5711 1117 5767 haec
1147 5709 1342 5779 verba,
1388 5718 1512 5765 ante
1541 5710 1656 5774 τοῖς
1686 5708 1743 5763 δὲ

1854 4526 2006 4597 pium
2038 4541 2100 4581 se
2154 4541 2221 4581 ac
2263 4524 2577 4595 religiosum
2606 4526 2870 4577 adversus
2899 4518 3110 4575 Numen
3139 4517 3385 4573 futurum
3412 4532 3431 4583 ;

1856 4618 2053 4676 deinde
2077 4618 2286 4673 illibata
2312 4618 2565 4671 humana:
2588 4613 2863 4669 societatis
2910 4612 3041 4682 jura
3062 4620 3431 4671 servaturum,

1856 4711 2102 4781 adeoque
2128 4723 2229 4764 nec
2252 4718 2465 4778 sponte,
2496 4720 2596 4760 nec
2617 4704 3008 4774 alteriusjussu
3029 4702 3085 4756 in
3105 4700 3435 4771 cujusquam

1858 4801 2119 4871 injuriam
2160 4799 2456 4854 adductum
2513 4796 2618 4861 iri;
2660 4795 2760 4852 sed
2806 4794 2991 4864 potius
3045 4802 3100 4847 et
3132 4791 3434 4862 injuriosos

1856 4908 2049 4950 omnes
2078 4892 2204 4947 odio
2252 4890 2587 4956 habiturum,
2643 4897 2698 4944 et
2747 4886 2926 4942 illatas
2972 4883 3158 4955 probis
3201 4883 3434 4953 injurias

1855 4987 2148 5057 conjuncta
2192 4985 2472 5040 voluntate
2523 4982 2854 5038 subiturum.
2926 4976 3092 5032 Addit
3146 4985 3431 5047 praeterea,

1855 5077 2159 5133 constantis
2195 5084 2251 5129 et
2272 5075 2494 5144 integrae
2518 5086 2641 5126 cum
2661 5085 2788 5140 erga
2826 5078 3050 5123 cieteros
3075 5080 3288 5129 omnes,
3316 5075 3436 5119 tum

1854 5148 2154 5240 p'rzcsertim
2169 5182 2295 5237 erga
2328 5163 2587 5236 praesides
2609 5177 2668 5217 se
2681 5162 2803 5216 lidei
2829 5160 2969 5226 fore,
2987 5158 3134 5228 quod
3159 5156 3294 5211 nulli
3304 5157 3439 5210 sine

1857 5261 2189 5318 Deinumine
2218 5257 2523 5330 imperandi
2565 5257 2657 5327 jus
2687 5254 2962 5310 obveniat.
2994 5251 3150 5318 Quod
3184 5251 3230 5305 si
3288 5248 3435 5307 forte

1859 5354 1963 5410 sibi
1996 5352 2292 5423 aliquando
2325 5350 2621 5415 deferetur,
2674 5347 2930 5403 daturum
2984 5360 3044 5399 se
3086 5357 3330 5412 operam,
3363 5356 3432 5399 ne

1857 5448 2111 5519 potestati
2143 5459 2258 5501 sua:
2288 5444 2467 5499 labem
2499 5442 2702 5506 inurat,
2742 5438 2915 5493 necin
2944 5445 3094 5492 veste
3113 5433 3433 5504 corporisve

1850 5566 2091 5641 ζηλοῦσι,
2116 5580 2309 5641 versus
2350 5565 2555 5634 aliquot
2599 5560 2872 5632 Iosephus
2904 5555 3129 5624 intexit,
3161 5553 3256 5611 sed
3287 5567 3433 5627 quos

1847 5638 2154 5696 exscribere
2178 5638 2314 5693 tanti
2346 5650 2455 5691 non
2487 5642 2593 5690 est.
