3824 6226
379 225 482 280 687

1011 224 1097 274 LI)
1110 223 1278 274 suun
1329 215 1805 273 CASSARIENSIS
1843 212 1951 270 ΟΡΙ

2061 211 2212 266 ’ARS
2249 210 2312 265 ll.
2354 241 2422 252 --
2464 209 2965 266 APOLOGETICA.
3532 213 3626 270 6&8

379 347 530 403 cultu
565 357 673 415 prae
703 342 845 407 aliis,
902 338 1103 409 quibus
1146 336 1453 406 imperabit,
1490 333 1754 390 eximium
1799 333 1951 402 quid-

2064 346 2160 381 ταν
2205 329 2300 382 καὶ
2351 327 2384 398 ἡ
2430 327 2698 397 ὀλιγότης,
2744 327 2819 390 ὡς
2855 328 2912 380 ἐν
2940 329 3006 399 τῇ
3032 326 3284 398 ὲϐδομάδι
3325 329 3399 399 μὴ
3438 328 3628 384 δεῖσθαι

379 454 544 511 quam
579 445 674 491 aut
705 430 1048 504 splendidum
1080 428 1414 483 habiturum.
1447 427 1531 481 Ad
1580 427 1715 492 haec,
1763 426 1956 479 verita-

380 533 451 588 tis
470 543 710 585 amorem
738 540 802 580 ac
853 521 1117 588 studium,
1168 519 1562 587 hominumque
1607 517 1953 572 mendacium

379 622 587 693 fugam,
611 632 806 673 manus
835 631 866 668 a
917 612 1086 678 furto,
1140 611 1384 666 animum
1432 611 1502 665 ab
1529 610 1718 678 iniquo
1743 617 1951 678 quaestu

379 727 576 784 purum
607 725 671 764 ac
715 707 1017 771 sincerum,
1071 704 1232 774 plana
1285 703 1400 758 suis
1420 712 1714 772 apertaque
1745 700 1951 765 omnia,

377 801 522 873 apud
555 802 758 855 alienos
782 811 911 851 vero
943 796 1136 863 altum,
1164 795 1422 864 quodque
1454 810 1521 848 ne
1541 792 1796 864 praesenti
1833 791 1954 861 qui-

378 899 502 954 dem
535 896 685 952 necis
718 893 899 949 timori
933 893 1108 956 cedat,
1134 906 1324 945 eorum
1360 890 1427 944 de
1467 889 1629 943 rebus
1675 886 1953 941 silentium

375 990 680 1060 pollicetur.
706 987 788 1042 Ad
821 995 1128 1041 extremum
1159 982 1294 1048 fore,
1341 981 1417 1035 uti
1450 995 1549 1035 nec
1572 971 1750 1046 aliter,
1787 993 1950 1048 quam

376 1081 667 1152 acceperit,
701 1095 826 1134 cum
859 1079 983 1134 aliis
1008 1085 1170 1132 sectae
1203 1089 1316 1130 sua:
1341 1074 1596 1144 dogmata
1643 1070 1953 1126 communi-

375 1181 480 1239 cet,
518 1173 665 1227 etab
693 1171 844 1225 omni
887 1167 1179 1223 latrocinio
1230 1172 1442 1230 caveat,
1475 1162 1824 1232 institutique
1867 1160 1954 1217 sui

374 1264 545 1320 libros
571 1272 624 1318 et
653 1261 970 1331 angelorum
1001 1258 1223 1313 nomina
1257 1255 1375 1326 pari
1420 1253 1701 1323 diligentia
1751 1251 1955 1307 studio-

374 1371 482 1425 que
513 1360 818 1409 conservet.
847 1348 1172 1419 Hujusmodi
1194 1361 1323 1417 ergo
1368 1353 1451 1400 est
1480 1343 1807 1399 sacramenti
1837 1340 1952 1397 for-

373 1444 543 1500 mula.
572 1442 836 1512 Quisquis
856 1450 1036 1496 autem
1053 1437 1318 1509 gravioris
1339 1435 1586 1491 criminis
1620 1443 1871 1504 peractus
1885 1433 1954 1488 ab

374 1537 464 1602 iis,
493 1550 558 1590 ac
586 1543 871 1604 propterea
919 1531 1128 1601 ejectus
1189 1527 1379 1592 fuerit,
1420 1541 1545 1580 eum
1582 1525 1724 1580 male
1776 1525 1956 1594 perire

371 1629 535 1701 407
568 1642 791 1683 necesse
818 1633 922 1681 est.
956 1622 1092 1678 Nam
1131 1632 1185 1677 et
1208 1621 1566 1691 jurejurando
1593 1617 1954 1688 moribusque

2063 420 2365 486 κενώσεως,
2408 422 2474 491 ἣν
2505 425 2691 492 τηρεῖν
2721 420 2974 474 εἰώθασιν
3023 422 3105 485 εἰς
3139 420 3339 491 ὕμνους
3384 421 3461 492 τῷ
3500 422 3627 494 Θεῷ,

2057 516 2152 568 καὶ
2203 516 2282 578 εἰς
2327 515 2653 568 ἀνάπαυσιν.
2703 515 2799 568 Ἐκ
2853 515 2909 566 δὲ
2956 514 3055 585 τῆς
3099 515 3384 586 ἀσκήσεως
3439 516 3631 588 ταύτης

2056 605 2326 676 τοσαύτην
2371 608 2695 677 πεποίηνται
2739 607 3056 679 καρτερίαν,
3103 607 3180 671 ὡς
3227 607 3630 679 στρεϐλούμενοι

2057 702 2149 752 καὶ
2170 697 2507 769 λογιζόμενοι
2543 711 2569 739 α
2603 700 2695 752 καὶ
2720 699 2996 770 καόμενοι,
3027 700 3118 753 καὶ
3149 699 3238 752 διὰ
3265 701 3478 754 πάντων
3498 701 3632 755 ὁδεύ-

2056 808 2207 854 οντες
2239 789 2347 843 τῶν
2394 790 2827 861 βασανιστηρίων
2862 792 3129 861 ὀργάνων,
3156 791 3222 843 ἵν’
3250 791 3284 863 ἢ
3321 791 3633 865 βλασφημή-

2059 899 2191 936 σωσι
2219 882 2310 937 τὸν
2348 881 2719 953 νομοθέτην,ἢ
2749 882 2963 951 φάγωσί
2987 900 3041 935 τι
3073 881 3178 937 τῶν
3205 883 3508 955 ἀσυνήθων,
3544 886 3632 937 ού-

2056 974 2272 1046 δὲτερον
2318 975 2631 1046 ὑπομένειν.
2673 976 2948 1043 Διέδειξαν
2991 976 3049 1028 δὲ
3079 977 3237 1030 τοῦτο
3285 979 3342 1029 ὲν
3385 975 3462 1046 τῷ
3504 976 3633 1047 πρὸς

2069 1065 2370 1137 Ῥωμαίους
2417 1067 2656 1138 πολέμῳ.
2703 1067 2854 1121 Ἐπεὶ
2881 1068 2925 1121 δ’
2981 1068 3008 1108 1³
3037 1068 3098 1121 οὐ
3148 1066 3472 1122 κολακεῦσαι
3517 1070 3631 1132 τοὺς

2058 1161 2456 1232 αἰκιζομένους,
2498 1164 2530 1234 ἢ
2577 1163 2842 1236 δακρῦσαι
2877 1165 3206 1236 ὑπομένουσι
3243 1177 3290 1229 ε,
3338 1165 3636 1236 μειδιῶντες

2056 1251 2112 1305 δὲ
2153 1255 2224 1316 ἐν,
2241 1257 2362 1317 ταῖς
2400 1254 2676 1324 ἀλγηδόσι,
2711 1257 2810 1312 καὶ
2843 1256 3363 1328 κατειρωνευόμενοι
3392 1257 3501 1311 τῶν
3538 1257 3635 1321 τὰς

2059 1345 2324 1415 βασάνους
2358 1350 2792 1418 προσφερόντων,
2821 1349 3044 1420 εὔθυμοι
3069 1350 3168 1413 τὰς
3194 1350 3370 1420 ψυχὰς
3389 1351 3634 1420 ἠφίεσαν,

2054 1437 2129 1502 ῶς
2163 1439 2324 1493 πάλιν
2359 1441 2724 1512 κομιούμενοι.
2769 1444 2875 1496 Καὶ
2901 1443 3010 1515 γὰρ
3038 1443 3273 1516 ἔρρωται
3298 1447 3424 1516 παρ’
3458 1445 3632 1510 αὐτοῖς

2054 1528 2149 1597 ἥδε
2181 1531 2212 1600 ή
2251 1528 2397 1594 δόξα,
2433 1530 2648 1603 φθαρτά
2684 1532 2782 1603 μὲν
2820 1528 2956 1587 εἶναι
2998 1533 3066 1587 τά
3116 1534 3371 1606 σώματα,
3405 1535 3497 1589 καὶ
3536 1537 3631 1607 τὴν

2058 1617 2188 1689 ὓλην
2218 1621 2277 1672 οὐ
2315 1622 2541 1692 μόνιμον
2575 1623 2773 1687 αὐτῶν,
2805 1625 2904 1688 τὰς
2933 1625 2990 1678 δὲ
3015 1625 3191 1696 ψυχὰς
3221 1626 3523 1691 ἀθανάτους
3553 1628 3636 1681 ἀεὶ

373 1719 725 1784 constrictus,
776 1733 845 1772 ne
898 1717 1132 1770 aliorum
1165 1714 1385 1784 quidem
1416 1712 1558 1768 escis
1615 1712 1696 1766 uti
1746 1719 1948 1782 potest,

2061 1709 2330 1780 διαμένειν
2353 1729 2366 1742 ·
2403 1714 2495 1766 καὶ
2528 1715 2935 1786 συμπλέκεσθαι
2972 1717 3071 1788 μὲν
3095 1719 3159 1772 ἐκ
3181 1717 3281 1771 τοῦ
3320 1718 3638 1773 λεπτοτάτου

373 1810 468 1866 sed
501 1810 686 1865 herbis
738 1806 1057 1878 aliquandiu
1115 1804 1442 1870 vietitando,
1497 1804 1698 1859 misere
1733 1803 1952 1858 tandem

374 1902 519 1957 fame
561 1901 918 1958 contabescit.
977 1899 1160 1965 Quare
1206 1898 1410 1951 multos
1443 1895 1547 1966 ipsi
1599 1895 1954 1950 miseratione

373 1993 653 2057 commoti,
689 2008 1000 2062 supremam
1033 1991 1099 2046 ad
1131 1989 1515 2044 necessitatem
1544 1988 1832 2050 adductos,
1863 2000 1952 2042 re-

373 2094 654 2155 ceperunt,
705 2084 810 2138 rati
846 2083 1121 2148 videlicet,
1170 2095 1362 2151 graves
1414 2080 1549 2136 satis
1597 2090 1950 2150 peccatorum

376 2191 603 2231 suorum
638 2190 835 2246 pmnas
877 2175 946 2228 ab
977 2174 1044 2229 iis
1089 2188 1211 2228 esse
1246 2173 1348 2228 hoc
1395 2171 1463 2227 ad
1512 2181 1744 2227 mortem
1777 2185 1953 2241 usque

372 2268 618 2321 cruciatu
678 2266 1001 2335 persolutas.
1063 2263 1335 2319 Caeterum
1395 2263 1630 2332 ligonem
1685 2263 1802 2316 suis
1873 2261 1952 2315 illi

375 2357 738 2413 sectatoribus
795 2357 899 2412 hac
942 2356 1009 2410 de
1041 2369 1208 2410 causa
1254 2353 1495 2419 tradunt,
1547 2351 1692 2421 quod
1736 2351 1955 2421 ipsimet

374 2464 484 2501 non
518 2447 623 2507 nisi
677 2446 731 2500 in
769 2444 945 2510 fovea,
975 2459 1142 2514 quam
1191 2442 1341 2497 humi
1376 2441 1530 2511 pedis
1553 2441 1839 2495 altitudine
1871 2441 1954 2496 fo-

374 2539 572 2603 derint,
607 2536 894 2592 considere
928 2536 1162 2600 soleant,
1200 2534 1364 2602 idque
1391 2540 1545 2587 veste
1585 2531 1852 2596 obvoluti,
1877 2547 1947 2588 ne

374 2629 469 2685 Dei
504 2628 777 2700 splendori
802 2643 866 2682 ac
889 2627 1057 2681 radiis
1092 2626 1350 2696 injuriam
1380 2624 1599 2679 faciant.
1637 2623 1704 2678 Et
1724 2622 1950 2694 quidem

373 2730 523 2775 tanta
553 2720 796 2790 ipsorum
843 2717 1006 2774 estin
1051 2719 1196 2772 victu
1233 2715 1538 2785 frugalitas,
1568 2723 1732 2784 atque
1775 2715 1954 2783 parci-

372 2814 577 2876 monia,
615 2821 676 2867 ut
723 2826 790 2866 ne
830 2809 1136 2880 septimana
1187 2808 1408 2878 quidem
1456 2807 1666 2876 integra
1699 2807 1952 2877 egerendi

373 2909 447 2961 sit
482 2906 591 2961 ulla
647 2904 986 2960 necessitas!
1049 2901 1224 2967 Quam
1260 2901 1364 2955 sibi
1409 2899 1752 2955 abstinentiae
1778 2900 1950 2970 legem

2057 1803 2330 1870 φοιτώσας
2393 1805 2644 1876 αἰθέρος,
2697 1807 2844 1880 ῥύμῃ
2905 1812 3106 1880 φυσικῇ
3173 1811 3637 1881 κατασπωμένας,

2055 1894 2274 1948 ἐπειδὰν
2302 1895 2346 1947 δ’
2381 1896 2612 1950 ἀνεθῶσι
2651 1899 2761 1952 τῶν
2792 1900 2933 1954 κατά
2969 1901 3148 1972 σάρκα
3170 1901 3406 1972 δεσμῶν,
3441 1898 3550 1955 οἷον
3577 1903 3639 1975 δὴ

2059 1989 2273 2057 μακρᾶς
2299 1987 2543 2053 δουλείας
2568 1991 3014 2063 ἀπηλλαγμένας,
3039 1995 3161 2047 τότε
3190 1995 3400 2065 χαίρειν
3433 1995 3526 2048 καὶ
3551 2012 3639 2066 με-

2052 2078 2290 2150 τεώρους
2344 2081 2626 2153 φέρεσθαι.
2674 2083 2806 2136 Ἀπὸ
2846 2083 2911 2154 δὴ
2958 2085 3060 2152 τῆς
3112 2084 3370 2156 τοιαύτης
3413 2084 3638 2156 διαίτης,

2058 2171 2151 2222 καὶ
2181 2170 2280 2242 τῆς
2311 2172 2448 2244 πρὸς
2473 2171 2748 2245 ἀλήθειαν,
2775 2174 2869 2226 καὶ
2892 2173 2992 2244 τὴν
3024 2175 3305 2229 εὐσέϐειαν
3338 2175 3639 2246 ἀσκήσεως,

2059 2263 2283 2327 εἰκότως
2316 2265 2374 2317 ἐν
2407 2265 2591 2328 αὐτοῖς
2623 2263 2826 2330 πολλοὶ,
2875 2265 2924 2319 οἳ
2958 2267 3051 2319 καὶ
3098 2265 3166 2319 τά
3213 2266 3474 2338 μέλλοντα
3519 2282 3644 2337 προ-

2062 2354 2452 2422 γινώσκουσιν,
2501 2355 2649 2409 ὡσὰν
2702 2356 2904 2426 βίϐλοις
2958 2359 3162 2429 ἱεραῖς,
3222 2359 3316 2412 καὶ
3368 2358 3642 2428 διαφόροις

2062 2446 2327 2513 ἁγνείαις,
2370 2447 2466 2500 καὶ
2499 2448 2803 2520 ,προφητῶν
2851 2449 3268 2521 ἀποφθέγμασιν
3300 2450 3644 2519 ἐμπαιδοτρι-

2061 2537 2348 2608 ϐούμενοιο
2411 2539 2636 2592 σπάνιον
2685 2540 2744 2594 δὲ
2793 2542 2842 2594 εί
2897 2542 2953 2595 ἐν
3001 2546 3122 2606 ταῖς
3180 2542 3644 2615 προαγορεύσεσιν

2057 2627 2366 2699 ἀστοχοῦσι.
2411 2650 2429 2682 ι
2486 2629 2672 2684 Ταῦτα
2707 2631 2807 2702 μὲν
2850 2633 2880 2685 ὁ
2923 2634 3252 2706 Πορφύριος,
3287 2636 3352 2687 ὲκ
3402 2633 3646 2689 παλαιῶν

2060 2718 2196 2789 (67),
2235 2719 2311 2782 ὡς
2342 2719 2508 2785 εἰκὸς,
2545 2721 3011 2791 ἀναγνωσμάτων,
3045 2725 3111 2793 τῇ
3160 2722 3268 2775 τῶν
3300 2721 3645 2792 δηλουμένων

2057 2809 2265 2881 ἀνδρῶν
2309 2811 2562 2883 εὐσεϐείᾳ
2600 2829 2661 2864 τε
2707 2814 2841 2885 ὁμοῦ
2895 2816 2987 2868 καὶ
3032 2814 3318 2886 φιλοσοφίᾳ
3349 2817 3405 2867 ὲν
3436 2814 3516 2885 τῷ
3559 2833 3646 2871 τε·

2056 2904 2240 2975 τάρτῳ
2271 2905 2664 2978 συγγράμματι
2693 2907 2803 2961 τῶν
2843 2908 3284 2962 σπουδασθέντων
3317 2908 3467 2979 αὐτῷ
3495 2909 3641 2976 Περὶ

372 2999 582 3062 dixere,
638 2996 838 3067 partim
897 3003 957 3048 ut
1002 2994 1070 3048 ad
1134 2994 1370 3063 hymnos
1411 2990 1522 3046 Deo
1575 2992 1949 3056 concinendos

2061 2994 2158 3064 τῆς
2181 2995 2300 3050 τῶν
2323 2996 2613 3066 ἐμψύχων
2631 2997 2887 3068 ἀποχῆς,
2923 3000 3320 3072 ἐμαρτύρησεν.

373 3091 610 3160 aptiores
639 3089 770 3156 sint,
820 3086 1018 3157 partim
1063 3093 1124 3140 ut
1174 3083 1406 3139 faciliori
1474 3091 1700 3138 utantur
1748 3099 1965 3140 somno.
2007 3087 2184 3156 Atque
2246 3087 2350 3144 hoc
2405 3099 2668 3159 perpetuo
2703 3091 2921 3146 vivendi
2971 3107 3188 3163 genere,
3231 3108 3298 3147 eo
3341 3093 3647 3151 tolerantia

371 3187 756 3250 pervenerunt,
797 3185 858 3232 ut
898 3190 1002 3231 nec
1070 3173 1305 3241 equuleo
1350 3171 1622 3228 fidibusve
1664 3173 1790 3228 torti
1841 3183 2005 3244 atque
2041 3175 2308 3243 distracti,
2353 3191 2454 3233 nec
2516 3177 2748 3235 flammis
2790 3181 2920 3246 usti,
2982 3197 3083 3236 nec
3130 3184 3340 3238 caeteris
3387 3187 3648 3245 omnibus

371 3273 719 3329 eruciatuum
759 3267 1031 3324 machinis
1091 3265 1301 3331 tentati,
1337 3273 1398 3319 ut
1442 3265 1526 3319 vel
1584 3265 1762 3334 legum
1809 3279 2034 3320 suarum
2075 3269 2286 3324 auctori
2343 3268 2690 3337 maledicant,
2731 3274 2813 3327 vel
2847 3274 2900 3328 in
2945 3275 3203 3329 usitatum
3250 3275 3434 3331 cibum
3477 3281 3646 3336 attin-

373 3378 523 3437 gant,
601 3365 923 3420 alterutrum
979 3362 1048 3416 ab
1099 3375 1220 3417 sese
1285 3373 1529 3428 unquam
1581 3359 1896 3430 extorqueri
1959 3361 2256 3430 patiantur.
2327 3362 2497 3434 Cujus
2559 3365 2638 3420 rei
2707 3366 2986 3437 singulare
3032 3367 3283 3424 Romano
3334 3371 3477 3427 bello
3520 3390 3647 3444 spe-

373 3465 551 3518 cimen
601 3477 665 3516 ac
712 3459 1102 3516 documentum
1169 3456 1386 3511 dedere.
1438 3453 1727 3525 Nunquam
1793 3456 1942 3510 enim
1982 3457 2116 3527 ipsis
2168 3459 2398 3528 exprimi
2451 3468 2545 3514 aut
2574 3475 2701 3530 erga
2735 3471 2970 3518 tortores
3035 3464 3252 3518 mollior
3294 3481 3358 3519 ac
3389 3465 3647 3522 blandior

374 3556 484 3610 ulla
525 3571 654 3616 vox,
702 3561 797 3609 aut
851 3549 1025 3608 oculis
1064 3550 1362 3622 lacrymula
1415 3549 1623 3619 potuit;
1676 3547 1772 3604 sed
1812 3549 1869 3604 in
1931 3552 2126 3607 mediis
2167 3561 2566 3608 tormentorum
2601 3554 2880 3610 doloribus
2945 3557 3299 3623 subridendo,
3358 3560 3648 3616 carnifices

372 3651 523 3718 ipsos
563 3646 808 3703 dicteriis
843 3644 1161 3714 salibusque
1198 3641 1543 3707 mordebant,
1592 3639 1945 3713 animumque
1983 3658 2166 3712 suum,
2232 3653 2494 3715 tanquam
2544 3646 2726 3701 denuo
2770 3648 3060 3717 recepturi,
3112 3649 3322 3719 placide
3347 3660 3515 3720 atque
3559 3653 3646 3712 hl-

370 3743 558 3798 lariler
621 3740 974 3797 emittebant.
1029 3735 1264 3807 Quippe,
1319 3734 1461 3806 apud
1524 3734 1673 3803 ipsos
1750 3735 1896 3789 enim
1953 3745 2214 3791 constans
2285 3738 2400 3791 haec
2454 3740 2720 3793 sententia
2793 3738 3050 3803 obtinuit,
3115 3756 3342 3812 corpora
3417 3745 3647 3814 quidem

370 3838 615 3895 interitui
682 3850 805 3891 esse
875 3835 1136 3898 obnoxia,
1191 3845 1294 3886 nec
1360 3829 1534 3884 solida
1589 3845 1657 3883 ex
1715 3827 1942 3882 materia
1994 3828 2346 3898 perennique.
2382 3831 2720 3896 consistere;
2777 3830 2994 3886 animos
3048 3841 3231 3886 tamen
3297 3833 3650 3893 immortales

371 3937 536 3990 vitam
572 3946 733 4004 agere
764 3929 1180 4000 sempiternam,
1223 3925 1320 3997 qui
1352 3924 1570 3980 tametsi
1621 3922 1945 3979 tenuissimo
1982 3938 2046 3977 ac
2096 3923 2456 3979 subtilissime
2517 3939 2584 3979 ex
2643 3924 2865 3989 aethere,
2906 3933 3116 3980 natura:
3152 3925 3393 3996 quodam
3429 3929 3646 3999 impetu

371 4027 622 4090 detracti,
688 4023 1011 4094 corporibus
1067 4022 1134 4077 ad
1190 4031 1406 4091 tempus
1457 4020 1755 4091 illigentur,
1807 4033 1999 4073 eorum
2059 4018 2354 4088 aliquando
2411 4028 2592 4075 tamen
2643 4020 2879 4076 vinculis
2929 4020 3190 4090 expediti,
3248 4022 3329 4076 sic
3375 4032 3648 4094 tanquam

372 4118 636 4174 servitute
687 4115 950 4170 diuturna
999 4112 1236 4178 liberati,
1295 4111 1570 4167 exsultent
1620 4110 1876 4180 deinceps
1933 4125 1998 4165 ac
2035 4110 2297 4166 sublimes
2331 4109 2598 4166 ferantur.
2660 4108 2775 4167 Hoc
2805 4111 2970 4182 igitur
2995 4126 3061 4167 ex
3111 4112 3382 4181 instituto,
3415 4124 3472 4168 et
3503 4131 3650 4170 eon-

373 4214 566 4270 tinenti
593 4212 838 4268 veritatis
893 4209 1224 4289 pietatisque
1273 4207 1477 4272 studio,
1535 4206 1737 4260 mirum
1785 4205 2032 4275 profecto
2069 4222 2181 4260 non
2231 4212 2338 4272 est,
2384 4205 2620 4262 existere
2651 4206 2940 4277 plurimos,
2993 4221 3176 4262 rerum
3217 4208 3379 4263 etiam
3427 4209 3652 4266 futura-

371 4326 499 4365 rum
549 4307 778 4362 scientia
827 4305 1108 4376 praeditos,
1159 4304 1359 4373 quippe
1421 4301 1514 4373 qui
1561 4317 1594 4356 a
1631 4300 1864 4370 pueritia
1897 4316 2020 4356 eum
2061 4301 2235 4357 sacris
2295 4301 2515 4369 litteris,
2565 4311 2680 4356 tum
2726 4302 2894 4358 variis
2931 4303 3367 4370 lustrationibus,
3412 4307 3654 4376 prophe-

374 4414 663 4472 tarumque
701 4401 861 4456 dictis
889 4398 1110 4454 assidue
1136 4414 1202 4454 ac
1238 4397 1524 4468 diligenter
1578 4395 1940 4452 informentur
1989 4416 2002 4451 :
2046 4407 2105 4452 ut
2161 4412 2286 4451 raro
2339 4397 2636 4452 admodum
2691 4399 2807 4452 suis
2861 4398 2914 4452 in
2970 4398 3416 4468 praedictionibus
3449 4401 3582 4458 illos
3620 4419 3652 4458 a

370 4508 503 4546 vero
528 4491 782 4545 aberrare
807 4490 1139 4558 contingat.»
1178 4484 1304 4544 Haec
1344 4483 1702 4555 Porphyrius,
1725 4501 1794 4540 ex
1849 4485 2112 4555 antiquis,
2144 4495 2204 4541 ut
2246 4485 2407 4542 facile
2459 4487 2641 4558 quivis
2692 4487 2964 4558 intelligit,
3023 4488 3220 4544 hausta
3262 4491 3653 4555 monimentis,

375 4587 442 4640 de
477 4584 791 4660 Essaeorum
842 4583 1040 4654 partim
1093 4581 1378 4652 religione,
1430 4587 1629 4651 partim
1701 4581 2120 4653 philosophandi
2182 4583 2416 4646 ratione,
2455 4583 2510 4638 in
2555 4593 2753 4653 quarto
2795 4583 2881 4639 sui
2905 4581 2984 4638 De
3027 4600 3204 4638 rerum
3265 4587 3652 4643 animalarum

375 4682 695 4738 abstinentia
734 4681 916 4750 operis
951 4679 1090 4733 libro
1125 4687 1354 4734 testatus
1386 4687 1492 4734 est.

870 4776 1040 4849 408
1071 4773 1300 4830 CAPUT
1368 4774 1464 4830 ιν.
1983 4781 2028 4834 n

799 4869 884 4925 Ex
911 4873 1180 4932 Hecataeo,
1209 4868 1273 4921 de
1305 4866 1528 4921 Iudaeis.

2597 4771 2993 4824 ΚΕΦΑΛΑΙΟΝ
3023 4774 3096 4823 A'.

2347 4861 2658 4915 Ἑκαταίου
2698 4859 2833 4930 (68),
2865 4861 2998 4927 περὶ
3039 4861 3353 4914 Ἰουδαίων.

446 4964 727 5020 Ilecatzeus
762 4973 943 5017 autem
977 4961 1258 5027 Abderita,
1300 4953 1522 5028 v-i'rjnon
1557 4959 1721 5014 modo
1769 4958 1951 5027 philo-

444 5115 471 5144 α
511 5104 594 5156 ἷσ.
636 5099 811 5169 λυγιζ.
889 5099 918 5138 b
961 5098 1044 5150 ἵσ.
1087 5095 1296 5166 ἐπειδή.
1376 5105 1398 5132 ο
1443 5093 1529 5148 ῖσ.
1573 5093 1952 5164 ὑπομένοντες.

449 5239 555 5310 (67)
596 5233 1046 5310 ’Exaadqnér‘,
1091 5241 1195 5310 etc.
1223 5228 1356 5310 lion
1400 5229 1738 5310 meminerat
1782 5227 1951 5310 Euse—

374 5297 676 5371 bius,'cum
712 5307 762 5360 id
790 5306 1070 5365 scriberet,
1104 5305 1220 5357 haec
1254 5300 1614 5372 Porphyrium
1641 5315 1672 5354 a
1710 5297 1946 5367 Josepho

374 5382 595 5450 totidem
625 5392 760 5450 pene
787 5376 976 5450 verbis
987 5373 1290 5450 accepisse.

448 5449 558 5518 (68)
601 5439 935 5518 Ἑκαταίου.
987 5444 1065 5500 De
1113 5439 1239 5518 hoc‘
1263 5443 1335 5496 ita
1363 5440 1582 5518 ﬂuidas
1620 5459 1637 5518 :_
1666 5439 1948 5518 Ἑκαταῖος

386 5510 710 5590 Ἀϐδηρίτης
755 5517 1072 5590 φιλόσοφος,
1117 5514 1175 5576 ὃς
1226 5511 1502 5590 ἐπεκλῄθη
1557 5511 1650 5564 καὶ
1706 5510 1948 5590 κριτικὸς

374 5581 791 5660 γραμματικὸς,
829 5582 926 5660 οἷα-
955 5581 1346 5656 γραμματικὴν
1390 5581 1529 5660 ἔχων
1575 5581 1944 5660 παρα-σκευέγν.

376 5651 506 5725 Quae
535 5651 866 5724 'seouuntutﬁ
896 5651 1176 5712 decurtata
1203 5651 1343 5726 sunt
1369 5670 1382 5704 :
1415 5652 1608 5716 Γέγονε
1637 5651 1680 5704 δ’
1717 5651 1808 5703 ἐπὶ
1840 5651 1947 5702 τῶν

2135 4955 2414 5016 Ἑκαταῖος
2444 4953 2501 5006 δὲ
2531 4955 2560 5005 ὁ
2597 4951 2937 5023 Ἀϐδηρίτης,
2994 4953 3135 5023 ἀνὴρ
3168 4953 3458 5023 φιλόσοφος
3534 4955 3653 5025 ἅμα

2053 5223 2328 5292 διαδόχων.
2357 5219 2548 5292 Βιϐλία
2595 5216 2760 5292 ανξιτοῦ
2792 5217 3003 5292 ταῦτα,
3054 5218 3181 5288 περὶ
3223 5217 3654 5292 τῆςῌποιήσεως

2064 5287 2302 5364 Ὀμήρου
2336 5291 2439 5364 ,καὶ
2478 5289 2742 5364 Ἡσιόδου.
2792 5287 3034 5364 Primum
3083 5297 3261 5364 tamen
3297 5289 3437 5364 illud
3471 5287 3656 5364 [neur—

2050 5356 2223 5418 brurn'
2244 5362 2401 5416 facile
2435 5360 2672 5428 suppleri
2703 5367 2882 5426 potest
2909 5359 3009 5428 hoc
3037 5358 3221 5422 modo,
3245 5358 3440 5428 γέγονε
3471 5358 3519 5410 δ’
3559 5356 3654 5410 ἐπὶ

2052 5435 2158 5487 τῶν
2195 5425 2554 5501 Ἀλεξάνδρου
2590 5425 2873 5501 διαδόχων.
2929 5425 3043 5501 ξιῃο
3075 5437 3131 5480 et
3177 5426 3279 5481 sub
3327 5425 3652 5501 Alexandro

2053 5507 2172 5572 ipso
2229 5497 2507 5556 floruerat.
2558 5497 3024 5572 AJosephus__lib.
3058 5512 3098 5572 λι
3144 5499 3648 5572 οοηιη-ᾼμρίοιιειη,

2055 5566 2176 5661 pag.
2203 5573 2360 5661 ίθιξξ,
2385 5572 2514 5624 edit.
2545 5566 2804 5661 graeco-la
2824 5587 2836 5622 :
2855 5566 3137 5651 Ἑκαταῖος
3166 5566 3650 5661 δξζὸἈϐδηρίτης,

2053 5636 2191 5703 iith
2219 5642 2508 5701 φιλόσοφος
2543 5641 2659 5697 ἅμα
2695 5639 2789 5692 καὶ
2834 5638 2959 5690 πεοὶ
2987 5637 3085 5692 τὰς
3114 5636 3341 5697 ποάξεις
3375 5636 3655 5692 ἰκαήνώταο
