3824 6226
234 419 331 475 6ἶ9

1396 415 1723 472 ΡΠᾸΞΡΑΒ.
1762 413 2010 470 EVANG.
2050 413 2180 468 LIB.
2221 412 2310 466 ix.

3379 416 3484 472 690

233 539 320 592 καὶ
352 538 483 609 περὶ
508 537 606 601 τὰς
635 536 862 610 πράξεις
909 536 1262 603 ἱκανώτατος,
1301 536 1438 590 ίδίαν
1472 533 1648 605 βίϐλον
1677 534 1797 586 ἀνα-

1917 533 2142 602 sophus,
2184 533 2276 586 sed
2323 529 2486 585 etiam
2529 530 2694 586 rebus
2725 531 2974 601 gerendis
3021 531 3359 602 aptissimus,
3399 531 3485 587 Ju-

232 630 341 693 Θεὶς
366 632 435 702 τῇ
471 631 599 701 περὶ
642 629 908 685 Ἰουδαίων
943 629 1176 701 ἱστορίᾳ,
1204 628 1434 681 πλεῖστα
1474 627 1604 699 περὶ
1630 623 1810 680 αὐτῶν

229 722 498 789 διέξεισιν.
529 723 621 791 ἀφ’
657 715 734 776 ὧν
767 722 861 775 ἐπὶ
890 722 984 776 τοῦ
1023 722 1288 793 παρόντος
1318 720 1540 793 ἀρκέσει
1570 736 1810 791 παρατε-

230 809 384 864 θέντα
413 811 584 865 ταῦτα
609 830 622 843 ’
671 830 690 862 ε
731 812 886 865 Ἐστι
919 811 1029 884 γὰρ
1053 811 1162 865 τῶν
1211 809 1478 865 Ἰουδαίων
1515 810 1582 864 τά
1641 808 1810 864 πολλά

227 902 552 973 ὀχυρώματα
584 902 726 956 κατὰ
769 903 868 974 τὴν
900 902 1102 975 χώραν,
1150 903 1244 956 καὶ
1277 902 1491 973 κῶμαι·
1531 902 1628 973 μία
1672 901 1730 956 δὲ
1771 902 1806 972 ἡ

239 994 591 1065 Ἰερουσαλὴμ
621 994 732 1065 (69)
765 995 919 1060 πόλις
947 995 1140 1069 ὀχυρὰ,
1174 997 1510 1068 πεντήκοντα
1545 994 1655 1066 (70)
1701 996 1806 1067 μά-

226 1087 380 1140 λιστα
427 1087 656 1141 σταδίων
691 1087 788 1159 τὴν
825 1089 1186 1160 περίμετρον·
1221 1089 1287 1160 ἣν
1327 1089 1536 1142 οίκοῦσι
1577 1089 1675 1159 μὲν
1716 1089 1809 1143 ἀν-

225 1178 458 1250 θρώπων
489 1179 620 1251 περὶ
653 1179 859 1234 δώδεκα
895 1181 1156 1253 μυριάδες
1201 1180 1334 1252 (71),
1369 1179 1592 1235 καλοῦσι
1628 1180 1674 1234 δ’
1709 1181 1808 1235 αύ-

223 1273 318 1344 τὴν
353 1273 721 1345 Ἱεροσόλυμα.
762 1274 1028 1329 Ἐνταῦθα
1072 1275 1128 1329 δέ
1174 1276 1291 1329 ἐστι
1323 1275 1464 1330 κατά
1501 1277 1663 1346 μέσον
1700 1275 1806 1345 μά-

223 1367 377 1420 λιστα
419 1367 520 1438 τῆς
559 1367 767 1431 πόλεως
806 1367 1091 1438 περίϐολος
1121 1367 1318 1431 λίθινος
1362 1368 1494 1438 (72),
1533 1367 1705 1439 μῆκος
1730 1365 1806 1431 ῶς

224 1460 647 1532 πεντάπλεθρος,
677 1455 836 1529 εὖρος
859 1459 916 1512 δὲ
949 1459 1166 1530 πηχέων
1195 1458 1408 1522 ἑκατὸν,
1443 1458 1581 1528 ἔχων
1613 1457 1806 1519 διπλᾶς

223 1550 415 1614 πύλας,
455 1551 515 1603 ὲν
549 1544 594 1618 ᾧ
639 1550 820 1620 βωμός
850 1551 965 1602 ἐστι
1005 1555 1363 1621 τετράγωνος·
1401 1550 1656 1620 ἀτμήτων
1690 1547 1801 1617 (75)

222 1641 526 1695 συλλέκτων
553 1642 738 1712 ἀργῶν
769 1642 930 1695 λίθων
961 1642 1104 1696 οὕτω
1137 1640 1522 1712 συγκείμενος·
1563 1639 1803 1708 πλευρὰν

217 1731 274 1784 δὲ
312 1732 551 1803 ἑκάστην
597 1733 767 1786 εἴκοσι
807 1733 1045 1803 πηχέων,
1085 1731 1217 1802 ὕψος
1263 1731 1638 1801 δωδεκάπηχυ.
1695 1730 1802 1782 Καὶ

219 1822 346 1892 παρ’
382 1823 543 1880 αὑτὸν
573 1823 777 1894 οἴκημα
809 1823 949 1892 μέγα
993 1815 1052 1875 οὗ
1091 1822 1270 1893 βωμός
1304 1824 1420 1875 ὲστι
1445 1822 1539 1875 καὶ
1567 1820 1800 1891 λυχνίον,

1911 625 2152 680 (imorum
2205 624 2447 678 historiae
2495 625 2774 694 singulare
2805 639 2869 680 ac
2908 626 3187 696 proprium
3232 625 3486 680 volumen

1911 717 2269 782 consecravit,
2319 716 2413 771 ubi
2460 731 2584 771 cum
2616 717 2683 772 de
2713 718 2822 773 illis
2868 719 3038 772 multa
3070 723 3484 781 commemoret,

1913 818 2026 863 tum
2056 809 2170 864 haec
2206 809 2259 866 in
2293 809 2706 878 praesentiarum
2739 827 2807 866 ex
2840 825 2906 866 eo
2948 810 3201 878 retulisse
3234 809 3484 865 suiliciet.

1917 900 2144 956 «Multae
2182 903 2423 972 quidem,
2473 903 2618 974 apud
2662 903 2900 972 Iudaeos,
2952 905 3148 974 inquit,
3185 918 3340 958 arces
3388 918 3486 972 pa-

1911 993 2072 1063 gique
2103 994 2260 1048 multi
2297 1003 2404 1048 tota
2438 996 2640 1064 passim
2703 997 2924 1067 regione
2977 1005 3137 1053 sunt:
3189 1011 3296 1049 una
3343 1009 3478 1050 vero

1910 1084 2123 1138 munita
2160 1085 2214 1139 in
2253 1086 2446 1155 primis
2488 1087 2706 1151 civitas,
2744 1087 3068 1153 Jerusalem,
3117 1088 3276 1158 cujus
3306 1087 3483 1142 ambi-

1910 1185 1997 1231 tus
2029 1191 2139 1230 non
2176 1177 2495 1246 pauciorum
2527 1193 2691 1248 quam
2724 1179 3122 1251 quinquaginta
3175 1181 3480 1236 stadiorum

1907 1277 2011 1325 est.
2053 1267 2205 1324 Hanc
2253 1270 2472 1326 circiter
2499 1271 2687 1342 viginti
2742 1287 2908 1344 supra
2962 1281 3180 1328 centum
3237 1273 3484 1328 incolunt

1907 1359 2194 1416 hominum
2229 1362 2441 1428 millia;
2492 1361 2930 1436 Hierosolymam
2965 1363 3128 1434 vulgo
3171 1363 3480 1417 nominant.

1905 1453 2078 1522 Cujus
2118 1455 2173 1508 in
2211 1455 2514 1510 meditullio
2539 1469 2748 1526 septum
2779 1456 2912 1512 mdis
2951 1457 3178 1526 lapidem
3213 1458 3481 1521 cernitur,

1904 1546 2149 1615 quinque
2220 1545 2335 1601 fere
2410 1546 2664 1618 jugerum
2721 1548 3112 1618 longitudinis,
3179 1548 3484 1604 latitudinis

1905 1637 2212 1692 cubitorum
2270 1646 2508 1692 centum.
2575 1637 2751 1694 Porta:
2812 1654 3005 1695 omnes
3048 1639 3278 1709 gemina:
3331 1649 3479 1694 sunt.

1908 1728 2108 1784 ibidem
2148 1730 2319 1785 altare
2347 1731 2673 1801 quadratum
2715 1747 2781 1785 ex
2819 1732 3153 1802 integrorum
3183 1741 3238 1786 et
3274 1732 3485 1802 impoli-

1907 1830 2091 1876 torum
2131 1822 2372 1892 lapidum
2420 1824 2892 1892 coagmentatione
2942 1823 3262 1888 conﬂatum,
3319 1826 3479 1895 cujus

217 1889 504 1984 ἀμιρότερα
537 1889 731 1985 χρυσέ,
757 1889 850 1967 δύο
880 1889 1117 1968 τάλαντα
1142 1889 1243 1986 τὴν
1267 1915 1430 1986 ὁλκήν
1447 1931 1460 1944 ·
1487 1914 1581 1966 ἐπὶ
1605 1889 1666 1966 δέ
1684 1889 1797 1966 τού-

1908 1911 2078 1965 latera
2141 1889 2357 1982 singula
2425 1889 2619 1982 viginti
2672 1913 2986 1968 cubitorum
3045 1923 3190 1980 sunt,
3254 1889 3484 1970 altitudo

215 2021 323 2056 των
355 2004 471 2074 φῶς
495 2007 642 2059 ἐστιν
665 2005 1069 2061 ἀναπόσ6εστον
1103 2007 1196 2060 καὶ
1223 2006 1323 2070 τὰς
1352 2006 1552 2070 νύκτας
1585 2007 1679 2059 καί⁹
1702 2005 1802 2070 τὰς

215 2096 449 2168 ἡμέρας.
492 2097 744 2169 Ἀγαλμα
774 2099 817 2151 δ’
840 2099 941 2152 οὐκ
967 2099 1115 2152 ἔστιν
1146 2099 1256 2152 οὐδ’
1291 2098 1549 2170 ἀνάθημα
1573 2099 1634 2152 τὸ
1660 2115 1801 2169 παρ-

213 2186 381 2251 άπαν,
412 2187 534 2241 οὐδὲ
569 2188 822 2261 φύτευμα
854 2189 964 2261 (74)
1002 2189 1300 2255 παντελῶς,
1334 2191 1456 2244 οὐδὲ
1483 2185 1594 2244 οἷον
1624 2189 1800 2243 ἀλσῶ-

209 2276 319 2340 δες,
345 2278 380 2348 ἡ
423 2295 476 2330 τι
519 2278 778 2333 τοιοῦτον.
812 2279 1161 2352 Διατρίϐουσι
1200 2280 1245 2333 δ’
1291 2281 1349 2334 ὲν
1389 2280 1538 2348 αὐτῷ
1574 2281 1797 2345 καὶτὰς

211 2367 415 2433 νύκτας
438 2369 532 2423 καί⁵
563 2370 661 2435 τὰς
693 2372 904 2444 ἡμέρας
935 2374 1119 2445 ἱερεῖς,
1154 2373 1378 2442 ἁγνείας
1415 2373 1569 2436 τινὰς
1598 2372 1796 2441 ἁγνεύ-

208 2478 383 2526 οντες,
419 2465 514 2517 καὶ
550 2464 612 2517 τὺ
641 2465 898 2536 παράπαν
930 2461 1072 2520 οἶνον
1103 2468 1162 2520 οὐ
1193 2467 1438 2530 πίνοντες
1485 2466 1596 2538 (75)
1630 2467 1687 2520 ὲν
1718 2464 1796 2536 τῷ

210 2554 397 2626 ἱερῷ.»
431 2556 614 2611 Ταῦτα
643 2558 830 2622 εἰπὼν,
867 2559 1095 2626 ὑποϐὰς,
1124 2561 1208 2614 ὅτι
1239 2560 1332 2614 καὶ¹
1367 2559 1698 2631 Ἀλεξάνδρῳ
1718 2559 1795 2632 τῷ

207 2647 424 2718 βασιλεί
456 2651 1003 2723 συνεστρατεύσαντο,
1038 2654 1132 2706 καὶ
1167 2651 1306 2724 μετὰ
1334 2651 1507 2705 ταῦτα
1537 2655 1648 2716 τοῖς
1680 2653 1794 2706 δια-

204 2739 383 2810 δόχοις
428 2741 615 2807 αὐτοῦ,
659 2744 1102 2815 μεμαρτύρηκεν.
1132 2739 1227 2808 Οἷς
1264 2744 1308 2797 δ’
1356 2746 1518 2810 αὐτὸς
1551 2763 1796 2818 παρατυ-

205 2833 322 2902 χεῖν
357 2849 544 2903 φησιν,
579 2834 668 2886 ὑπ’
691 2834 880 2905 ἀνδρὸς
912 2835 1164 2888 Ἰουδαίου
1200 2835 1340 2888 κατὰ
1371 2835 1468 2907 τὴν
1504 2837 1793 2908 στρατείαν

204 2921 542 2993 γενομένοις,
589 2923 747 2977 τοῦτο
795 2923 1208 2997 παραθήσομαι.
1259 2925 1422 2993 Λέγει
1479 2926 1536 2978 δὲ
1583 2926 1787 2991 οὕτως’

209 3031 228 3063 ι
281 3011 449 3082 Ἐμοῦ
489 3013 619 3081 γοῦν
655 3014 747 3069 ἐπὶ
787 3015 887 3087 τὴν
932 3013 1202 3086 Ἐρυθρὰν
1236 3013 1509 3069 Θάλασσαν
1550 3016 1792 3087 βαδίζον-

202 3121 316 3168 τος,
355 3104 738 3175 συνηκολούθει
775 3124 859 3169 τις
911 3105 1050 3177 μετά
1087 3106 1192 3159 τῶν
1235 3107 1407 3162 ἄλλων
1459 3108 1568 3162 τῶν
1615 3127 1792 3184 παρα-

205 3198 536 3268 ¹πεμπόντων
581 3200 731 3270 ἡμᾶς
763 3198 971 3252 ἱππέων
1017 3199 1302 3264 Ἰουδαίων,
1333 3200 1503 3271 ὄνομα
1535 3201 1792 3272 Μοσόμα·

206 3308 308 3362 μος
345 3290 478 3363 (76),
529 3291 816 3363 ἄνθρωπος
863 3290 1045 3354 ἱκανὸς
1085 3289 1196 3361 (77)
1244 3290 1386 3345 κατά
1439 3293 1538 3363 τὴν
1591 3290 1790 3364 ψυχὴν,

201 3383 500 3456 εὔρωστος,
535 3385 628 3438 καὶ
655 3385 880 3456 τοξότης
912 3384 1018 3438 ὑπὸ
1063 3383 1127 3456 δὴ
1175 3384 1392 3438 πάντων
1421 3385 1793 3458 ὁμολογούμε-

200 3493 296 3540 νος
327 3478 423 3531 καὶ
466 3476 575 3530 τῶν
610 3474 879 3550 Ἐλλήνων
924 3476 1020 3531 καὶ
1061 3477 1171 3529 τῶν
1216 3476 1504 3549 βαρϐάρων
1549 3479 1790 3550 ἄριστος.

201 3562 377 3632 υῦτος
419 3565 512 3622 οὖν
565 3572 593 3623 ὁ
641 3569 947 3640 ἄνθρωπος,
993 3568 1318 3638 βαδιζόντων
1378 3571 1588 3625 πολλῶν
1651 3571 1794 3625 κατά

199 3663 304 3733 τὴν
354 3661 496 3725 ὁδὸν,
551 3663 645 3715 καὶ
705 3661 952 3733 μάντεώς
1007 3680 1151 3726 τινος
1204 3663 1636 3734 ὀρνιθευομένου,
1701 3665 1793 3718 καί¹

199 3753 414 3816 πάντας
474 3755 717 3822 ἐπισχεῖν
768 3752 1064 3817 ἀξιοῦντος,
1100 3751 1352 3823 ἠρώτησε
1397 3751 1485 3806 διὰ
1526 3752 1580 3806 τί
1626 3771 1794 3826 προσ-

203 3847 451 3918 μένουσι.
500 3845 784 3911 Δείξαντος
835 3844 891 3898 δὲ
937 3844 1031 3897 τοῦ
1086 3843 1330 3914 μάντεως
1382 3843 1531 3916 αὐτῷ
1577 3844 1668 3900 τδν
1701 3845 1792 3916 ὅρ-

198 3938 346 4001 νιθα,
370 3938 465 3990 καί
496 3938 786 4008 φήσαντος,
819 3935 915 3989 saw
953 3935 1051 4006 μὲν
1084 3934 1247 3989 αὐτοῦ
1283 3935 1440 4009 μένῃ,
1464 3937 1790 4010 προσμένειν

201 4026 479 4097 συμφέρει
521 4027 718 4079 πᾶσινο
769 4025 863 4079 ὲάν
913 4025 970 4078 δὲ
1003 4025 1242 4090 ἀναστὰς
1286 4028 1368 4090 εἰς
1411 4025 1790 4100 τοῦμπροσθεν

198 4119 460 4190 πέτηται,
493 4119 755 4190 προάγειν
773 4135 786 4149 ⁸
820 4117 916 4172 ἐὰν
939 4118 996 4172 δὲ
1022 4120 1102 4183 είς
1127 4119 1189 4172 τὸ
1220 4118 1463 4185 ὄπισθεν,
1487 4122 1792 4194 ἀναχωρεῖν

194 4293 315 4340 τος,
360 4273 696 4344 Ἀλεξάνδρῳ
725 4271 803 4342 τῷ
838 4271 1046 4342 βασιλεί
1072 4272 1428 4344 συνακμάσας
1460 4270 1536 4340 (id
1569 4279 1669 4344 est,
1698 4273 1796 4342 qui»

192 4347 298 4400 sub
322 4341 629 4398 Alemndro
646 4341 847 4413 ﬂoruit,
874 4357 1005 4406 non,
1037 4350 1098 4413 ut
1127 4341 1374 4413 interpr.,
1411 4359 1528 4396 cum
1554 4341 1790 4396 Alexan-

194 4417 302 4470 dro
330 4416 590 4486 nutritus)
643 4411 738 4468 καὶ
779 4411 1102 4486 Πτολεμαίῳ
1149 4411 1230 4486 τῷ
1270 4411 1476 4486 ίΛάγου
1522 4413 1788 4486 συγγενό-

197 4504 368 4557 μενος
389 4527 404 4550 ,
439 4485 500 4537 οὐ
550 4482 876 4557 παρέργως,
925 4482 1080 4557 ἀλλά
1110 4484 1238 4553 περὶ
1269 4482 1464 4557 ⁸αὐτῶν
1521 4482 1787 4557 Ἰουδαίων

195 4553 556 4627 συγγέγραφε
588 4553 823 4627 βιὸλίον,
855 4562 959 4609 etc.
1000 4553 1139 4607 Tum
1173 4568 1226 4622 p.
1261 4553 1401 4608 1049
1433 4553 1606 4627 locum
1639 4553 1786 4608 hunc

193 4598 556 4695 venibis.
580 4598 1204 4695 ἴοιίόεῐῐιίδξξιίωδεηιοξ
1219 4641 1233 4676 :
1276 4598 1396 4677 necv
1415 4623 1640 4677 dubium
1678 4598 1786 4688 est:
1819 4598 1865 4658 υ

193 4698 336 4766 quin
369 4693 640 4752 Eusebius
665 4711 730 4750 ex
759 4694 996 4764 Josepbo
1019 4693 1370 4762 descripserit
1395 4709 1409 4746 :
1440 4705 1500 4766 ut
1531 4703 1677 4766 patet
1717 4711 1784 4766 ex

194 4762 396 4836 paucis
445 4766 696 4821 versibus
743 4766 836 4835 qui
883 4762 1053 4836 paulo!
1093 4773 1232 4836 post,
1280 4779 1400 4833 cap.
1447 4762 1784 4836 9._iiecatzci

193 4832 369 4892 verba
425 4832 778 4891 intercidunt:
821 4832 976 4890 Alius
1032 4832 1137 4888 fuit
1190 4832 1472 4888 Hecataeus
1519 4833 1783 4899 Milesius,

192 4905 463 4961 Abderita
493 4907 778 4970 vetustior,
810 4907 876 4960 de
907 4920 1016 4974 quo
1044 4904 1214 4966 .inl‘ra,
1249 4920 1303 4973 p.
1340 4904 1463 4958 466.

271 4975 386 5048 (69)
420 4975 824 5045 Ἰερουσαλήμ.
850 4974 1069 5048 Ioseph.
1104 4976 1244 5030 hanc
1266 4989 1454 5028 vocem
1481 4989 1590 5048 non
1617 4988 1787 5044 agno-

194 5043 327 5173 sgi‘t,
359 5043 424 5128 et
460 5043 607 5102 recte
633 5065 648 5102 :
675 5043 803 5101 nam
845 5043 1008 5116 paulo
1059 5054 1206 5116 post,
1251 5060 1449 5100 nomen
1503 5043 1784 5102 Hecataaus

194 5134 226 5170 a
277 5125 472 5173 iungit.

194 5118 472 5171 adiungit.

266 5135 828 5256 (73ξιῆεντήκοντα.
872 5185 1230 5242 Timochares
1279 5183 1454 5248 infra,
1503 5185 1781 5256 pag.}52,

196 5253 567 5328 quadraginta
621 5257 800 5328 solum
847 5257 907 5328 ei
961 5257 1207 5311 tribuit:
1251 5253 1786 5328 ibidemque'Syria:

196 5325 443 5395 Mcnsor,
475 5337 683 5382 tantum
714 5327 802 5380 27.
843 5325 1066 5382 Diverso
1109 5337 1352 5396 tempore
1391 5327 1641 5396 diversus
1660 5325 1786 5380 am-

195 5399 352 5454 bitus
369 5413 506 5468 esse
534 5398 728 5468 potuit.
761 5397 1086 5466 Quanquam
1117 5395 1491 5451 testimonium
1510 5397 1589 5468 ab
1614 5395 1783 5452 Heca-

195 5479 308 5524 taeo
353 5467 626 5532 Josephus
656 5480 710 5522 et
751 5468 1056 5532 Eusebius,
1092 5483 1200 5522 non
1242 5467 1543 5522 testimonii
1581 5468 1696 5522 reb.
1727 5469 1782 5522 in

193 5541 413 5611 omnib.
444 5538 506 5611 τδ
525 5538 758 5611 ἀκριϐές
781 5538 1088 5611 exigebant.

271 5554 413 5592 imo.
444 5554 506 5590 το
535 5554 758 5611 ακριοες
781 5554 1088 5661 egebant.
1423 5610 1435 5622 .
1479 5609 1490 5620 ο
1561 5609 1572 5622 _
1739 5610 1751 5622 υ

271 5610 387 5681 (⁸71)
423 5608 656 5681 Δώδεκα
678 5608 856 5678 μυρί’
899 5625 983 5673 ες.
1025 5608 1257 5681 Centum
1287 5618 1348 5681 et
1385 5619 1575 5680 vrgmti
1603 5609 1782 5664 homto

197 5679 334 5734 num
362 5679 562 5750 millia,
591 5693 697 5732 non
737 5688 953 5734 centum
978 5685 1033 5734 et
1055 5679 1471 5750 quinquaginta,
1510 5687 1570 5734 ut
1613 5681 1781 5735 inter-

195 5765 328 5818 pres
349 5749 573 5818 Joseplti
602 5750 781 5802 vertit.

273 5820 388 5887 (72)
419 5817 743 5886 Περίϐολος
775 5819 1022 5885 λίθινος.
1056 5819 1134 5872 Ad
1167 5817 1448 5890 Templum
1480 5821 1581 5875 ista
1612 5822 1779 5890 perti-

199 5899 374 5957 nent,
417 5905 528 5960 quo
563 5890 629 5944 de
661 5931 673 5955 ,
710 5906 829 5960 qua:
877 5892 941 5945 ad
981 5890 1211 5946 Hecattei
1259 5903 1310 5947 et
1354 5893 1632 5965 Eupolemi
1657 5910 1779 5949 set.—

1904 2017 2036 2056 vero
2067 2001 2377 2058 duodecim.
2433 2001 2638 2059 Praeter
2679 2004 2787 2060 hoc
2834 2005 3029 2073 altare,
3064 2005 3258 2078 ingens
3299 2009 3480 2064 taber-

1904 2093 2159 2148 naculum
2195 2102 2300 2160 est,
2335 2109 2444 2164 quo
2472 2104 2526 2149 et
2554 2110 2646 2150 ara
2708 2104 2763 2150 et
2811 2097 3200 2152 candelabrum
3232 2100 3485 2155 contine-

1902 2192 2016 2250 tur,
2047 2193 2338 2255 utrumque
2369 2201 2620 2250 aureum,
2651 2187 2908 2256 ponderis
2935 2189 3263 2244 talentorum
3289 2190 3480 2252 duum,

1904 2275 1995 2330 ubi
2030 2275 2213 2331 lumen
2242 2277 2632 2333 inexstinctum
2659 2279 2776 2334 dies
2805 2287 3109 2350 noctesque
3141 2281 3485 2336 continenter

1903 2369 2075 2424 ardet.
2137 2369 2358 2425 Nullum
2397 2371 2470 2426 ibi
2505 2372 2887 2440 simulacrum,
2919 2374 3213 2428 donarium
3251 2374 3481 2429 omnino

1901 2464 2136 2529 nullum,
2173 2463 2417 2534 adeoque
2458 2480 2560 2520 nec
2605 2465 2814 2535 planta,
2849 2482 2951 2521 nec
2991 2465 3172 2534 lucus,
3203 2483 3304 2522 nec
3336 2467 3483 2522 aliud

1900 2555 2197 2625 quidquam
2227 2555 2520 2626 ejusmodi.
2558 2554 2888 2611 Sacerdotes
2922 2557 2978 2610 in
3024 2572 3091 2611 eo
3136 2565 3301 2612 noctu
3336 2559 3483 2628 pari-

1900 2654 1981 2700 ter
2009 2655 2172 2715 atque
2201 2646 2439 2702 interdiu
2472 2646 2700 2714 assidui,
2736 2647 2900 2702 certis
2933 2643 3264 2718 Quibusdam
3293 2650 3484 2718 expia-

1895 2739 2140 2794 tionibus
2171 2739 2303 2794 dant
2330 2755 2589 2810 operam;
2633 2756 2772 2810 quos
2814 2742 2868 2795 in
2920 2741 3122 2810 templo
3148 2741 3335 2795 vinum
3369 2759 3474 2812 guo

1896 2841 2042 2887 stare
2071 2830 2247 2887 neias.
2291 2851 2309 2883 ι
2329 2830 2468 2886 Tum
2499 2847 2828 2903 progressus
2855 2831 3105 2896 ulterius,
3131 2833 3352 2887 eosdem
3377 2833 3481 2887 sub

1895 2923 2208 2978 Alexandro
2240 2923 2472 2994 ejusque
2512 2923 2930 2979 successoribus
2982 2924 3252 2979 militasse
3305 2932 3473 2978 testa-

1898 3023 2004 3070 tur.
2064 3013 2197 3070 Mihi
2247 3031 2395 3080 vero,
2434 3015 2580 3086 quod
2634 3015 2690 3070 in
2743 3015 2847 3069 ista
2898 3016 3260 3092 expeditione,
3302 3016 3480 3070 homi‘

1894 3106 1982 3163 nis'
2010 3123 2131 3163 sese
2154 3105 2325 3163 Judaei
2357 3106 2565 3164 factum
2608 3108 2782 3164 oculis
2818 3109 3101 3179 aspexisse
3145 3123 3480 3164 commemo—

1893 3197 1999 3263 rat,
2036 3199 2286 3269 ipsismet
2334 3199 2482 3254 illius
2514 3199 2699 3255 verbis
2746 3199 2950 3253 referre
2973 3199 3108 3254 satis
3137 3201 3266 3256 erit.
3295 3219 3314 3250 ι
3344 3198 3476 3255 Per-

1896 3292 2063 3362 genti,
2095 3291 2298 3362 inquit,
2323 3291 2457 3345 mihi
2487 3291 2554 3345 ad
2585 3307 2735 3346 mare
2785 3291 3056 3358 Rubrum,
3092 3307 3217 3346 cum
3267 3293 3484 3348 ca:teris

1895 3384 2170 3454 equitibus
2195 3383 2417 3450 Judzeis,
2464 3399 2604 3455 quos
2650 3384 2862 3440 itineris
2914 3385 3084 3441 duces
3116 3385 3476 3450 habebamus,

1894 3491 2040 3531 unus
2067 3491 2258 3532 eorum
2309 3477 2511 3547 aliquis
2542 3477 2930 3544 comitabatur,
2978 3477 3355 3533 Mosomamus
3380 3491 3479 3531 no—

1894 3569 2063 3635 mine,
2113 3569 2197 3622 vir
2229 3583 2354 3622 cum
2391 3569 2560 3623 animi
2585 3571 2962 3640 magnitudine
2991 3585 3056 3625 ac
3085 3569 3326 3636 solertia,
3362 3579 3477 3623 tum

1894 3659 2145 3730 corporis
2185 3659 2383 3715 robore
2432 3675 2543 3714 non
2591 3660 2825 3730 vulgari,
2877 3659 3129 3729 idemque
3161 3659 3478 3730 sagittarius

1891 3752 2138 3807 omnium
2170 3760 2279 3806 tam
2313 3751 2629 3808 Graecorum
2663 3767 2826 3821 quam
2857 3751 3225 3805 Barbarorum
3261 3750 3478 3805 confes-

1891 3843 2046 3899 sione
2069 3844 2456 3914 peritissimus.
2491 3844 2561 3912 ls,
2595 3859 2721 3900 cum
2755 3842 2823 3897 ad
2858 3841 2999 3898 vatis
3041 3841 3328 3913 cujusdam
3378 3859 3476 3896 au-

1891 3937 2047 4007 guria
2083 3937 2350 4006 captantis
2388 3953 2597 4002 vocem,
2654 3936 2910 3990 universa
2960 3949 3176 4000 eorum,
3231 3933 3325 4005 qui
3359 3945 3474 3988 tum

1890 4029 1993 4084 iter
2025 4029 2158 4085 illud
2213 4030 2467 4100 agebant,
2515 4030 2809 4086 multitudo
2854 4039 3078 4100 repente
3130 4028 3474 4095 subsisteret,

1889 4131 2066 4194 rogat,
2102 4137 2369 4193 quorsum
2431 4123 2484 4178 id
2532 4123 2705 4178 ﬁeret.
2762 4122 3012 4179 Ostendit
3051 4129 3233 4176 autem
3277 4135 3473 4190 augur,

1891 4293 2034 4339 sum.
2059 4277 2210 4350 infra
2247 4293 2369 4350 pag.
2397 4279 2502 4333 447
2521 4286 2576 4333 et
2616 4294 2740 4350 seq.
2787 4280 3095 4336 necessaria
3120 4279 3470 4336 videbuntur.

1964 4349 2075 4431 (75)
2121 4349 2453 4431 ’ᾼτμῄτιιζνὶ
2476 4359 2580 4403 etc.
2607 4349 2829 4431 lose-ph.
2859 4352 2959 4406 οὐκ
3087 4351 3328 4422 τμητῶν,
3360 4351 3472 4404 ἀλλ’

1891 4420 1956 4492 εκ
2002 4419 2111 4473 τῶν
2144 4420 2330 4492 ἀργῶν
2374 4419 2574 4492 λίθων),
2611 4419 2814 4492 rectius
2849 4419 3208 4492 utividetu‘r':
3248 4437 3372 4475 nam
3421 4432 3474 4475 et

1892 4490 2277 4561 Deuteronom.
2311 4507 2480 4554 xxv",
2523 4490 2576 4554 5,
2609 4491 2875 4545 habetur:
2912 4491 2988 4545 De
3021 4493 3308 4561 lapidibus,
3343 4509 3470 4560 quos

1892 4560 2096 4631 [errant
2123 4577 2228 4614 non
2263 4563 2458 4631 tetigit,
2491 4570 2541 4614 et
2573 4561 2634 4631 de
2665 4563 2811 4614 saxis
2844 4560 3185 4631 informibus,
3215 4572 3265 4616 et
3301 4562 3472 4628 impo-

1889 4629 2038 4694 litis;
2070 4629 2238 4686 Josue
2289 4629 2409 4695 vni,
2441 4631 2501 4685 ’51
2535 4649 2548 4685 :
2600 4630 2674 4685 De
2703 4629 2968 4700 lapidibus
3015 4633 3305 4700 impolitis,
3340 4647 3472 4700 quos

1890 4701 2090 4772 ferrum
2119 4717 2220 4755 non
2254 4703 2443 4772 tetigit.
2469 4701 2742 4770 Josephus
2773 4703 2864 4756 lib.
2895 4719 2931 4756 ll
2963 4721 2976 4756 :
3015 4704 3110 4755 Ἐκ
3140 4701 3301 4754 λίθων
3331 4718 3470 4772 συμ-

1890 4770 2116 4844 μίκτων,
2163 4772 2224 4825 ού
2263 4771 2716 4844 λελατομημένων
2761 4776 2826 4826 ὲκ
2868 4772 3109 4844 σιδήρου,
3155 4780 3211 4844 et
3246 4772 3338 4826 lib.
3371 4770 3422 4825 Iv
3455 4791 3466 4826 :

1901 4840 1996 4892 Ἐκ
2021 4840 2182 4962 ἒίθων
2215 4840 2290 4913 μὴ
2338 4840 2844 4914 κατειργασμένων,
2893 4840 3028 4897 ἀλλὰ
3059 4843 3292 4914 λογάδην
3341 4859 3472 4911 συγ-

1901 4927 2018 4962 ιιειυ.
2050 4929 2174 4962 νων.

1888 4926 1950 4962 κε
1959 4929 1973 4962 ι
1982 4926 2174 4965 μενων.

1959 4928 2257 5051 iiiimoviae
2303 4983 2593 5052 φύτευμα.
2627 4983 3014 5038 Deuteronom.
3043 4999 3165 5046 xvr,
3195 4984 3258 5038 21
3296 4999 3309 5036 :
3347 4982 3470 5036 Non

1887 5050 2163 5124 glantabis
2204 5053 2403 5124 lucum,
2448 5050 2503 5107 et
2542 5070 2744 5107 onmem
2778 5055 3042 5119 arborem,
3085 5055 3248 5124 juxta
3298 5055 3470 5108 altare

1888 5120 2105 5174 Domini
2139 5123 2232 5176 Dei
2266 5124 2366 5176 tui.

1959 5191 2069 5263 (75)
2101 5188 2279 5246 Οἶνον
2303 5195 2375 5246 οὺ
2403 5196 2698 5258 πίνοντες.
2733 5194 2958 5251 Levitici
2987 5212 3041 5258 κ,
3065 5198 3098 5252 9
3125 5215 3138 5250 :
3177 5194 3389 5258 Vinum,
3420 5205 3468 5247 et
3496 5201 3511 5222 "

1887 5277 2038 5316 omne
2065 5264 2204 5332 quod
2255 5263 2518 5318 inebriare
2561 5273 2752 5332 potest,
2803 5283 2904 5320 non
2954 5267 3139 5321 bibetis
3172 5274 3250 5330 tu,
3285 5277 3334 5318 et
3367 5265 3471 5332 ﬁlii

1889 5333 1988 5396 tui,
2025 5334 2237 5403 quando
2264 5335 2633 5403 intrabitisiin
2687 5332 3110 5390 Tabernaculum
3156 5336 3465 5394 testimonii.

1886 5418 1951 5455 ne
1990 5402 2298 5458 moriamini
2321 5447 2336 5471 ,
2370 5415 2478 5461 etc.
2528 5402 2777 5459 Ezechiel
2828 5422 2988 5472 κων,
3022 5407 3094 5460 20
3128 5425 3140 5459 :
3190 5405 3260 5458 Et
3291 5407 3469 5458 uiuunt

1885 5488 1992 5551 non
2024 5472 2160 5551 bibet
2210 5478 2382 5551 omnis
2432 5474 2711 5541 sacerdos,
2743 5477 2954 5546 quando
3005 5479 3339 5549 ingressurus
3389 5486 3465 5529 est

1885 5547 2085 5597 atrium
2111 5547 2354 5599 interius.

1958 5614 2070 5685 (76)
2100 5618 2481 5686 Μοσόμαμος.
2511 5613 2728 5686 Joseph.
2769 5617 3125 5689 Μοσόλλαμος
3146 5660 3162 5686 ,
3194 5629 3247 5675 et
3276 5634 3467 5677 rursus

1887 5683 2013 5740 infr.
2046 5701 2167 5742 Datz.
2200 5687 2327 5742 409.

1886 5699 2013 5740 mll‘.
2046 5701 2167 5752 pag.
2200 5699 2327 5742 409.

1958 5701 2352 5831 ('irjagrkggé,
2380 5765 2491 5831 etc._
2521 5756 3002 5831 Rectius,ppinor,
3039 5775 3201 5830 quam
3240 5769 3296 5815 ut
3323 5759 3467 5831 apud

1884 5824 2101 5896 Joseph.
2143 5828 2338 5890 ἱκανῶς
2369 5829 2505 5882 κατὰ
2539 5827 2712 5898 ψυχὴν
2747 5824 3034 5901 εὔρωστος.
