3824 6226
230 343 340 400 69⁵5

1415 343 1737 404 PR/EPAB.
1779 346 2031 404 EVANG.
2060 347 2188 405 LIB.
2220 347 2313 404 IX.

3393 343 3498 402 694

231 465 597 538 συνῳκείωτο,
652 466 942 540 παρεδίδου
972 484 1038 521 τις
1072 465 1272 539 μᾶλλον
1303 461 1378 523 ὧν
1412 464 1545 540 εἶχε.
1585 488 1605 522 ι
1639 466 1770 523 Ταῦη

1929 471 2258 542 quibusdam
2324 469 2685 542 philosophiae
2737 468 3031 527 studiosis'
3057 476 3385 536 versaretur,
3443 477 3499 526 et

200 558 330 614 ’καὶ
358 561 389 612 ὁ
420 558 725 629 Κλέαρχος.

1927 574 2122 615 eorum
2158 560 2215 615 in
2247 559 2528 630 sapientiae
2574 565 2803 630 partem
2829 573 2896 616 ac
2927 557 3240 614 societatem
3266 556 3494 610 veniret.

228 655 429 724 Atque,
457 661 520 709 ut
544 667 669 709 eum
703 652 955 722 plurimis
994 651 1244 708 doctrina
1299 653 1690 723 pmstantibus
1758 651 2101 713 familiariter
2164 654 2397 721 vixerat,
2441 653 2566 725 plus
2613 654 2915 724 aliquanto,
2982 667 3148 723 quam
3203 651 3491 721 acciperet,

228 747 521 805 nobiscum
549 748 640 805 ille
665 746 1122 804 communicabat.
1157 766 1176 800 ι
1214 748 1291 803 Ita
1314 748 1649 807 Clearchusa

755 842 1149 897 ΚΕΦΑΛΑΙΟΝ
1187 845 1278 910 (τ’.

226 953 577 1026 Κλήμεντος
605 954 741 1025 περὶ
779 954 905 1026 τῶν
937 956 1490 1026 μνημονευσάντων
1515 959 1622 1013 τοῦ
1661 960 1811 1015 Ἰουρ

398 1024 584 1080 δαίων
613 1024 848 1092 ἔθνους,
878 1025 997 1080 ἀπὸ
1029 1024 1137 1081 τοῦ
1157 1033 1209 1080 α’
1234 1029 1640 1097 Στρωματέως.

294 1136 502 1191 Τούτου
556 1138 614 1193 δὲ
673 1137 1001 1211 μνημονεύει
1042 1139 1139 1193 καὶ
1192 1141 1236 1194 ό·
1268 1139 1535 1214 ἡμέτερος
1582 1143 1812 1215 Κλήμης

222 1228 285 1281 ἐν
317 1226 396 1298 τῷ
428 1227 998 1300 πρώτῳ-Στρωματεῖ,
1014 1229 1081 1282 δι’
1103 1222 1177 1285 ὧν
1199 1229 1376 1286 ταῦτά.
1399 1233 1814 1306 φησιοιΚλέαρ-

223 1333 320 1387 χος
351 1317 465 1387 (85)
497 1317 554 1370 δ’·
585 1320 614 1372 6
666 1319 1094 1391 περιπατητικὸς
1126 1320 1322 1374 εἰδέναι
1361 1320 1472 1392 (86)
1506 1323 1638 1393 φησί
1686 1339 1809 1376 τινα

234 1407 581 1473 Ἰουδαῖον,ὃς
612 1409 969 1481 Ἀριστοτέλει
997 1411 1479 1480 συνεγένετο.›Καὶ
1505 1410 1623 1484 μεθ’
1646 1398 1825 1487 ἕτερα”

218 1500 526 1570 ἐπιλέγει-ι
549 1501 773 1573 Νουμᾶς
798 1502 856 1556 δὲ
888 1504 917 1555 6
951 1503 1237 1574 Ῥωμαίων
1272 1503 1524 1576 βασιλεὺς
1564 1505 1806 1575 πυθαγόεο

219 1608 368 1663 peto;
398 1593 517 1663 μὲν
544 1588 617 1664 ἦν
648 1592 778 1664 (87),
815 1595 880 1647 ὲκ
916 1594 971 1648 δὲ
999 1594 1110 1648 τῶν
1161 1596 1440 1660 Μωῦσέως
1482 1584 1825 1670 ὠφεληθεὶς(

213 1684 549 1739 διεκώλυσεν
582 1686 954 1758 ἀνθρωποειδῆ
989 1688 1083 1743 καὶ
1111 1686 1429 1760 ζωόμορφον
1460 1690 1644 1744 εἰκόνα
1668 1690 1804 1744 Θεοῦ

2543 831 2771 889 CAPUT
2805 831 2896 888 VI.

1923 954 2001 1011 De
2021 954 2089 1008 iis
2122 952 2214 1023 qui
2240 948 2485 1004 Iudaica:
2512 948 3074 1023 gentis_meminerunt,
3103 961 3170 1001 ea:
3203 945 3490 1011 Clemente,

2460 1016 2632 1089 primo
2662 1016 2951 1074 Stromate.

1987 1137 2171 1207 Atque
2226 1134 2386 1190 istius
2421 1132 2586 1188 etiam
2613 1131 2866 1186 Clemens
2913 1137 3099 1187 noster
3138 1130 3279 1185 libro
3312 1130 3493 1200 primo

1918 1228 2253 1285 Slromatum
2290 1227 2378 1282 his
2414 1224 2594 1281 verbis
2636 1221 2923 1279 meminit:
2949 1237 2970 1272 ι
2997 1221 3297 1278 Clearchus
3339 1222 3492 1293 peri-

1912 1320 2199 1393 pateticus,
2229 1318 2429 1389 inquit,
2460 1314 2710 1373 Judaeum
2746 1314 3060 1386 quemdam,
3086 1315 3179 1386 qui
3204 1330 3332 1376 cum
3366 1314 3493 1369 Ari-

1911 1412 2103 1478 stotele
2131 1419 2384 1468 versatus
2412 1417 2518 1475 est,
2549 1409 2648 1465 abs
2692 1424 2813 1465 sese
2857 1409 3036 1464 visum
3087 1422 3210 1463 esse
3249 1423 3492 1464 comme-

1911 1512 2108 1560 morat.
2148 1521 2168 1556 ι
2197 1501 2451 1573 Idemque
2503 1500 2778 1571 pluribus,
2834 1498 3113 1556 nonnullis
3162 1500 3486 1570 interiectis,

1915 1615 1935 1648 ι
1962 1595 2164 1661 Numa,
2211 1594 2413 1666 inquit,
2456 1591 2834 1648 Romanorum
2861 1608 2980 1658 rex,
3013 1601 3071 1647 ut
3107 1591 3491 1663 pythagorteus

1911 1684 2096 1753 fuerit,
2126 1686 2273 1740 hunc
2297 1684 2490 1740 saltem
2523 1682 2771 1755 Moysise
2795 1682 3015 1753 scriptis
3052 1681 3290 1739 fructum
3321 1683 3487 1753 cepit,

227 1775 539 1846 Ῥωμαίους
585 1778 810 1843 κτίζειν.
863 1779 950 1834 Ἐν
995 1777 1126 1848 γοῦν
1183 1780 1377 1834 ἑκατὸν
1424 1782 1520 1836 καὶ
1573 1781 1770 1855 ἑϐδομή

1908 1778 1986 1833 ιιιί
2014 1777 2294 1832 Romanos
2342 1790 2375 1831 a
2409 1774 2506 1830 Dei
2543 1775 2841 1831 simulacro
2876 1774 2957 1830 vel
2998 1773 3056 1827 in
3087 1773 3350 1840 hominis,
3402 1775 3488 1834 vel

211 1884 383 1920 κοντα
433 1871 549 1933 τοῖς
602 1869 840 1942 πρώτοις
886 1870 1067 1937 ἔτεσι,
1126 1874 1287 1937 ναοὺς
1346 1874 1803 1947 οἰκοδομούμενοι,

210 1957 439 2030 ἄγαλμα
460 1960 611 2015 οὐδὲν
637 1961 764 2016 οὔτε
791 1962 1046 2029 πλαστὸν,
1076 1962 1200 2018 οὔτε
1235 1965 1341 2038 μὴν
1361 1966 1607 2037 γραπτὸν
1630 1968 1810 2039 ἐποιή-

211 2066 400 2104 σαντο.
450 2050 825 2106 Ἐπεδείκνυτο
854 2052 965 2127 γὰρ
1016 2055 1200 2118 αὐτοῖς
1232 2057 1261 2109 6
1307 2056 1531 2126 Νουμᾶς
1576 2055 1643 2109 δι’
1671 2056 1805 2110 ἀπο-

210 2141 494 2214 κρύψεως,
525 2144 603 2209 ὡς
632 2145 733 2199 οὐκ
776 2145 1090 2217 ἐφάψασθαι
1126 2146 1222 2201 τοῦ
1269 2147 1547 2218 βελτίστου
1579 2148 1802 2203 δυνατὸν

206 2232 448 2306 γλώττῃ,
473 2235 622 2306 μόνῳ
640 2236 699 2289 δὲ
727 2236 806 2309 τῷ
834 2236 930 2308 νῷ.
958 2238 1108 2291 »Ἔτι
1132 2238 1269 2309 πρὸς
1286 2237 1498 2303 τούτοις
1518 2238 1643 2310 ἑξῆς
1671 2239 1802 2293 ὐπο-

207 2324 334 2390 δὰς,
366 2325 496 2380 τάδε
528 2327 690 2399 φησι·
727 2346 747 2380 ι
770 2327 1133 2400 Φανερώτατα
1164 2329 1223 2383 δὲ
1242 2330 1602 2403 Μεγασθένης
1625 2333 1654 2385 6
1674 2348 1804 2401 συγ,-

204 2420 480 2489 γραφεὺς,
506 2421 537 2473 6
565 2419 814 2492 Σελεύκῳ
839 2420 917 2492 τῷ
946 2422 1208 2495 Νικάνορι
1221 2422 1630 2495 συμϐεϐιωκὼς,
1649 2424 1708 2478 ὲν
1734 2426 1800 2497 τῇ

203 2510 370 2581 τρίτῃ
420 2510 531 2564 τῶν
579 2511 840 2567 Ἰνδικῶν
892 2506 996 2567 ὧδε
1043 2515 1248 2585 γράφει
1268 2533 1282 2546 ’
1321 2517 1573 2574 Ἀπαντα.
1618 2517 1801 2588 μέντοι

203 2601 277 2657 τὰ
296 2604 428 2674 περὶ
456 2603 673 2673 φύσεως
699 2607 967 2677 εἰρημένα
991 2606 1147 2679 παρὰ
1171 2609 1284 2672 τοῖς
1310 2608 1556 2681 ἀρχαίοις
1581 2608 1800 2679 λέγεται

202 2692 304 2747 καὶ
355 2695 510 2765 παρὰ
555 2699 669 2760 τοῖς
701 2695 806 2760 ἔξω
848 2698 950 2769 τῆς
1008 2698 1256 2762 Ἑλλάδος
1313 2698 1693 2769 φιλοσοφοῦσι·
1728 2701 1799 2754 τὰ

205 2783 310 2857 μὲν
337 2787 491 2858 παρὰ
521 2789 637 2850 τοῖς
680 2789 862 2853 Ἰνδοῖς
895 2790 1001 2845 ὑπὸ
1031 2792 1142 2844 τῶν
1173 2792 1533 2864 Βραχμάνων,
1566 2791 1633 2845 τὰ
1657 2791 1713 2844 δὲ
1740 2795 1798 2846 ὲν

200 2874 378 2947 Συρίᾳ
437 2877 544 2930 ὑπὸ
588 2878 696 2931 τῶν
727 2877 1078 2952 καλουμένων
1108 2882 1397 2938 Ἰουδαίων.
1433 2902 1453 2936 ι
1487 2884 1608 2935 Ἔτι
1661 2882 1798 2954 πρὸς

198 2962 415 3028 τούτοις
445 2967 476 3019 ὁ
503 2965 739 3039 Κλήμης
781 2965 1194 3038 Ἀριστοϐούλου
1223 2969 1319 3023 τοῦ
1361 2970 1796 3043 περιπατητικοῦ

200 3046 652 3128 καϊΝουμηνίου
673 3058 768 3113 τοῦ
809 3060 1176 3134 πυθαγορείου
1206 3062 1556 3134 μνημονεύει,
1586 3063 1790 3133 λέγων’

1907 1870 1964 1927 in
2001 1869 2339 1941 cujusquam
2369 1869 2667 1925 animantis
2718 1868 2956 1939 speciem
2991 1866 3244 1937 tingendo
3273 1876 3503 1921 averte».

1905 1963 1998 2018 rit.
2030 1963 2293 2033 Adeoque
2320 1961 2452 2021 totis
2489 1962 2682 2017 saltem
2720 1958 2918 2033 primis
2940 1958 3485 2029 septuaginta-supra

1905 2062 2124 2109 centum
2191 2053 2373 2120 annis,
2425 2051 2628 2122 templa
2667 2050 2890 2121 quidem
2970 2048 3329 2115 aediﬁcarunt,
3380 2048 3477 2105 sed

1905 2145 2113 2201 nullam
2192 2145 2418 2212 omnino
2506 2158 2687 2214 neque
2762 2141 2968 2209 ﬁctam,
3042 2156 3221 2213 neque
3278 2141 3483 2212 pictam

1909 2239 2206 2310 imaginem
2278 2237 2602 2293 intulerunt.
2683 2234 2801 2293 Hoc
2858 2236 3005 2291 enim
3055 2235 3207 2306 ipsos
3268 2234 3486 2290 occulte

1902 2330 2079 2386 Numa
2135 2331 2346 2398 docuit,
2400 2345 2509 2385 non
2576 2329 2786 2400 lingua,
2867 2329 2964 2385 sed
3011 2335 3195 2384 mente
3243 2328 3360 2383 sola
3401 2326 3482 2392 id,

1903 2422 2049 2492 quod
2088 2421 2356 2491 optimum
2410 2426 2518 2488 est,
2552 2418 2746 2491 attingi
2803 2433 2990 2490 posse.
3056 2416 3309 2485 tQuibus
3364 2418 3484 2474 haec

1901 2512 2065 2568 etiam
2094 2512 2350 2583 deinceps
2399 2510 2643 2582 adiungit
2668 2527 2684 2564 :
2716 2526 2735 2561 ι
2762 2508 3128 2581 Megasthenis
3155 2518 3359 2577 autem,
3391 2509 3480 2564 in-

1900 2605 2040 2676 quit,
2093 2605 2362 2669 historici,
2397 2603 2493 2675 qui
2544 2618 2672 2659 cum
2730 2600 2962 2659 Seleuco
3008 2600 3284 2658 Nicanore
3318 2602 3476 2667 vixit,

1899 2698 2041 2754 libro
2083 2696 2163 2752 De
2191 2697 2345 2752 rebus
2383 2694 2589 2751 Indicis
2624 2694 2805 2761 tertio,
2834 2694 3177 2750 clarissimus
3205 2694 3296 2749 hic
3326 2696 3481 2750 locus

1898 2796 1985 2845 est
2016 2784 2334 2862 :Quidquid
2378 2787 2448 2842 ab
2510 2785 2757 2856 antiquis
2805 2786 2873 2841 de
2906 2795 3104 2839 natura
3130 2785 3337 2841 dictum
3370 2795 3477 2854 est,

1896 2895 2092 2935 eorum
2120 2880 2285 2937 etiam
2312 2878 2407 2949 qui
2437 2884 2591 2937 extra
2619 2875 2884 2935 Graeciam
2911 2875 3394 2946 philosophantur,
3418 2887 3481 2932 ut

1896 2972 2303 3029 Brachmanum
2349 2969 2493 3040 apud
2530 2968 2717 3034 Indos,
2747 2977 2802 3023 ct
2851 2965 3172 3022 Judaeorum
3201 2966 3256 3020 in
3289 2966 3472 3037 Syria,

1897 3078 2152 3122 sermone
2195 3062 2557 3118 celebratur.»
2636 3058 2716 3115 Ae
2766 3073 2964 3114 rursus
3025 3056 3171 3112 idem
3221 3056 3475 3113 Clemens

204 3165 239 3200 ε.
249 3148 657 3220 Ἀριστόϐουλος
671 3150 799 3210 δὲέν
818 3151 898 3222 τῷ
913 3151 1115 3225 πρώτῳ
1130 3153 1237 3207 τῶν
1254 3154 1412 3222 Ιζρός
1426 3154 1535 3208 τὸν
1546 3153 1770 3225 Φιλομή

1903 3156 2272 3214 Aristobulum
2317 3153 2732 3226 peripateticum
2776 3160 2831 3206 et
2892 3148 3223 3205 Numenium
3266 3151 3476 3221 pytha-

200 3242 540 3309 τορα,·κατὰ
569 3241 716 3308 λέξιν
746 3243 949 3316 γράφει
973 3262 987 3275 ο
1017 3244 1478 3318 Κατηκολούθηκε
1501 3246 1559 3300 δὲ
1590 3247 1619 3299 ὁ
1650 3249 1793 3304 Πλά-

197 3349 309 3393 των
333 3334 403 3403 τῇ
429 3331 552 3385 καθ’
570 3335 719 3409 ἡμᾶς
749 3335 1058 3408 νομοθεσίᾳ,
1074 3337 1167 3390 καὶ
1187 3338 1418 3408 φανερός
1433 3338 1549 3391 ἐστι
1564 3356 1632 3391 πε
1642 3356 1789 3406 ριερο

195 3425 475 3496 γασμένος
499 3425 707 3482 ἕκαστα
724 3427 830 3481 τῶν
847 3428 903 3481 ὲν
932 3428 1071 3500 αὐτῇ
1094 3428 1421 3500 λεγομένων.
1446 3420 1791 3502 Διηρμήνευ-

196 3535 290 3572 ται
313 3518 373 3573 δὲ
386 3519 495 3592 πρὸ
504 3522 579 3591 Δη
588 3522 816 3594 μητρίου
828 3523 917 3593 ὑφ’
939 3523 1161 3594 ἐτέρων,
1177 3524 1285 3596 πρὸ
1305 3523 1406 3594 τῆς
1440 3523 1790 3594 Ἀλεξάνδρου

197 3614 297 3667 καὶ
312 3613 539 3685 Περσῶν
551 3612 823 3686 ὲπικρατή
831 3613 1065 3679 σεως,τόι
1082 3631 1144 3668 τε
1170 3613 1311 3668 κατὰ
1323 3613 1422 3686 τὴν
1440 3613 1498 3681 ἐξ
1513 3614 1789 3683 Αἰγύπτου

197 3705 485 3777 ἐξαγωγὴν
508 3705 618 3759 τῶν
660 3705 923 3777 Ἑϐραίων
960 3705 1069 3759 τῶν
1099 3705 1384 3778 ἡμετέρων
1412 3705 1666 3773 πολιτῶν,
1695 3708 1791 3763 καὶ

195 3798 229 3865 ἡ
265 3795 379 3847 τῶν
428 3794 730 3865 γεγονότων
788 3794 1047 3849 ἁπάντων
1088 3794 1273 3857 αὐτοῖς
1320 3793 1641 3863 ἐπιφάνεια,
1697 3795 1792 3848 καὶ

196 3886 468 3957 κράτησις
498 3886 599 3957 τῆς
623 3884 824 3956 χώρας,
856 3883 1071 3955 καὶτῆς
1097 3883 1227 3954 ὅλης
1255 3884 1574 3955 νομοθεσίας
1598 3884 1792 3957 ἐπεξή-

196 3992 385 4048 γησις.
417 3977 579 4030 Ὥστε
625 3975 845 4048 εὔδηλον
876 3971 1017 4029 εἶναι
1063 3974 1155 4028 τὸν
1195 3975 1589 4047 προειρημένον
1640 3976 1791 4045 φιλό-

197 4084 364 4136 σοφον
391 4067 668 4138 εἰληφέναι
693 4066 885 4132 πολλά,
906 4065 1102 4135 γέγονε
1121 4064 1232 4138 γὰρ
1255 4065 1592 4137 πολυμαθὴς,
1606 4065 1788 4130 καθὼς

194 4158 296 4218 καὶ
323 4156 649 4230 Πυθαγόρας
680 4156 853 4212 πολλὰ
871 4156 982 4211 τῶν
1012 4158 1143 4229 παρ’
1177 4158 1310 4229 ἡμῖν
1339 4155 1679 4228 μετενεγκὼν
1707 4158 1788 4222 εἰς

193 4256 298 4325 τὴν
342 4254 538 4307 ἑαυτοῦ
578 4252 1019 4325 δογματοποιίαν.
1054 4253 1363 4324 Νουμήνιος
1391 4250 1448 4304 δὲ
1485 4252 1514 4304 6
1546 4251 1787 4320 πυθαγο-

195 4343 355 4415 ρικὸς
387 4344 673 4414 φιλόσοφος
709 4345 968 4415 ἄντικρυς
996 4342 1231 4416 γράφει*
1263 4342 1329 4395 Τί
1360 4342 1468 4415 γάρ
1501 4344 1616 4396 ἐστι
1642 4343 1787 4398 ma-

192 4449 307 4488 των
331 4431 367 4504 ἢ
428 4434 668 4506 Μωῦσῆς
695 4434 1019 4501 ἀττικίςωνς
1059 4453 1079 4488 ι
1118 4432 1304 4488 Ταῦτα
1336 4434 1365 4487 6
1388 4434 1649 4517 Κλήμης..

1895 3264 2138 3322 goratum
2181 3247 2369 3303 laudat
2394 3246 2480 3301 his
2505 3244 2730 3300 verbis:
2758 3244 3137 3299 «Aristobulus
3167 3241 3243 3296 ‘in
3295 3242 3476 3311 primo

1893 3356 2109 3408 eorum,
2144 3355 2286 3411 quos
2317 3338 2387 3393 ad
2427 3338 2791 3393 Philometora
2820 3336 3048 3407 scripsit
3085 3337 3236 3391 hunc
3268 3334 3325 3390 in
3356 3351 3475 3390 mo-

1867 3433 2023 3508 dum
2052 3431 2332 3503 loquitur:
2383 3428 2543 3485 Plato
2586 3430 2702 3500 ipse
2733 3444 2955 3500 quoque
2998 3429 3216 3500 reipub.
3262 3441 3473 3486 nos1rae

1893 3525 2040 3596 leges
2070 3534 2125 3581 et
2164 3523 2416 3580 instituta
2445 3531 2684 3578 sectatus
2712 3531 2818 3590 est,
2859 3537 2891 3577 a
2921 3538 3031 3593 quo
3060 3531 3245 3593 partes
3276 3537 3472 3578 eorum

1892 3617 2138 3688 singulas
2188 3615 2411 3670 curiose
2424 3600 2497 3670 ac»
2515 3614 2803 3686 diligenter
2831 3616 3106 3685 inspectas
3126 3623 3182 3669 et
3210 3631 3474 3671 excussas

1891 3723 2012 3764 esse
2036 3715 2277 3763 constat.
2298 3704 2436 3760 Nam
2467 3706 2537 3761 ab
2553 3706 2661 3760 alio
2690 3705 2924 3776 quodam
2955 3715 3080 3760 ante
3110 3704 3468 3766 Demetrium.

1893 3800 2138 3869 adeoque
2199 3805 2326 3853 ante
2372 3796 2668 3852 Alexandri
2717 3811 2783 3851 ac
2831 3794 3125 3851 Persarum
3175 3796 3471 3866 imperium

1890 3888 2376 3947 conversa‘Graeee
2421 3888 2658 3957 fuerant,
2702 3902 2814 3943 non
2843 3901 2906 3941 ea
2946 3887 3135 3953 modo,
3176 3902 3301 3958 quae
3339 3887 3470 3943 dum

1890 3977 2052 4053 41],
2084 3991 2152 4031 ex
2178 3974 2414 4049 Egypto
2444 3974 2656 4032 Hebraei
2706 3977 2852 4033 cives
2879 3976 3054 4033 nostri
3083 3977 3467 4045 educerentur,

1890 4069 1985 4123 sed
2042 4066 2207 4121 etiam
2263 4081 2606 4137 quaecunque
2634 4067 2744 4123 illis
2777 4068 3111 4140 singularem
3163 4070 3230 4125 ad
3262 4069 3468 4125 famam

1888 4157 2124 4230 insignia
2148 4159 2647 4230 contigerunt,tum
2668 4160 3129 4230 quemadmodum
3157 4143 3223 4217 ea
3245 4161 3470 4232 regione

1887 4251 2051 4322 potiti
2116 4251 2248 4317 sint,
2316 4250 2562 4321 adeoque
2614 4250 2777 4322 Legis
2837 4251 3096 4308 universa
3139 4252 3465 4322 complexio.

1860 4326 1863 4329 Α
1889 4342 2071 4411 Quare
2097 4343 2306 4399 nemini
2336 4342 2565 4399 dubium
2592 4358 2715 4399 esse
2747 4353 2930 4413 potest
2958 4344 3094 4415 quin
3137 4344 3309 4399 multa
3343 4344 3470 4398 inde

1888 4435 2145 4492 laudatus
2163 4436 2522 4506 philosophus
2541 4436 2874 4505 excerpserit
2895 4453 2909 4490 :
2935 4434 3298 4506 plurimarum
3320 4435 3467 4489 enim

193 4542 383 4583 rerum
413 4525 644 4583 scientia
689 4524 895 4591 ﬂoruit,
947 4525 1408 4597 quemadmodum
1457 4534 1514 4581 et
1571 4525 1931 4598 Pythagoras,
1989 4528 2086 4598 qui
2143 4535 2199 4583 et
2232 4527 2349 4598 ipse
2380 4526 2649 4597 permulta
2689 4527 2894 4582 nostris
2927 4541 2959 4581 e
2986 4526 3198 4597 legibus
3223 4528 3280 4580 in
3304 4535 3469 4583 secta

191 4636 313 4679 suae
365 4630 634 4693 praecepta
687 4621 955 4678 traduxit.
1001 4620 1161 4688 Quod
1201 4630 1385 4677 autem
1438 4619 1772 4681 Numenium
1838 4622 2230 4694 philosophum
2275 4622 2688 4695 pythagoricum
2751 4622 2964 4689 attinet,
3012 4621 3291 4691 ipsissima
3351 4621 3468 4677 haec

189 4712 362 4770 ’παῖδα
391 4713 593 4771 habet:
622 4711 765 4780 Quid
794 4714 941 4769 enim
965 4714 1111 4770 aliud
1131 4713 1390 4771 Platoest
1417 4731 1582 4787 quam
1607 4714 1823 4794 Moyses
1858 4716 2050 4778 Attica
2068 4717 2253 4788 lingua
2278 4717 2550 4787 loquens?
2584 4735 2604 4768 ι
2640 4716 2818 4787 Atque
2848 4715 2957 4773 ista
2983 4713 3254 4772 Clemens.

736 4826 1138 4879 ΚΕΦΑΛΑΙΟΝ
1160 4827 1251 4881 ,Ζ’.

220 4941 568 5031 Νουμηνίου
617 4938 725 4994 τοῦ
773 4939 1187 5020 πυθαγορικρῦν
1222 4939 1757 5022 φιλοσόφουηπερὶ

353 5008 662 5075 laudatam,
693 5008 814 5066 ἀπὸ
842 5026 950 5064 του
971 5015 1023 5064 α’
1044 5011 1328 5079 των-Περί
1354 5012 1634 5080 τάγαθου.

646 5049 662 5075 ,
693 5044 813 5066 ιιανυ
847 5044 947 5064 ιυυ
971 5044 1011 5064 ω
1049 5044 1151 5064 ιιυι
1174 5044 1328 5075 ἰεῦμο
1359 5044 1634 5075 ιαιμιυυυο

258 5122 376 5175 Καὶ
424 5122 590 5176 αὐτοῦ
639 5122 698 5176 δὲ
750 5121 846 5176 τοῦ
891 5122 1261 5197 πυθαγορικοῦ
1323 5124 1633 5195 φιλοσόφου,
1681 5124 1779 5183 τοῦ

188 5212 504 5284 Νουμηνίου
552 5213 716 5284 λέγω,
772 5213 882 5268 ἀπὸ
934 5215 1029 5268 τοῦ
1073 5216 1288 5287 πρώτου
1331 5216 1471 5285 Περὶ
1521 5217 1779 5288 τάγαθοῦ

195 5306 320 5360 τάδε
348 5306 773 5379 παραθήσομαι·
799 5325 818 5359 ι
842 5308 1009 5372 Εἰςδὲ
1034 5309 1193 5363 τοῦτο
1207 5309 1410 5381 δεήσει,
1435 5309 1658 5364 εἰπόντα
1684 5309 1778 5363 καὶ

194 5397 579 5470 σημηνάμενον
607 5399 727 5461 ταῖς
777 5399 1102 5470 μαρτυρίαις
1142 5397 1237 5453 τοῦ
1288 5399 1594 5467 Πλάτωνος,
1643 5401 1801 5462 ἀνω,

265 5572 732 5651 ςεὸλΚλέαρχος.
780 5574 1034 5634 Clemens
1088 5578 1204 5637 haec
1251 5578 1415 5636 habet
1458 5595 1581 5651 pag.
1643 5580 1770 5646 2:25,

198 5641 325 5697 edit.
358 5641 705 5698 Graeco-Lat.

255 5712 663 5791 ,(86)ζξιδέναι.
710 5713 945 5771 Dubium
993 5727 1096 5785 est,
1165 5734 1362 5776 eumne
1437 5719 1538 5776 sibi
1591 5720 1767 5777 visum

194 5779 364 5839 tuisse
392 5783 562 5851 dicat,
593 5793 687 5839 aut
718 5797 993 5859 utcunque
1018 5779 1318 5861 cognitum.

1810 4834 1857 4891 D

2481 4828 2711 4885 CAPUT
2750 4828 2864 4884 VII.

1882 4940 1961 5000 De
1989 4939 2219 5009 ludwis,
2251 4958 2318 4996 ex
2348 4940 2603 4996 Numenii
2634 4942 3283 5013 philosophi-pythagorai
3326 4942 3463 4999 libro

2409 5014 2581 5081 primo
2613 5014 2697 5070 De.
2733 5015 2886 5068 bono.

1956 5125 2114 5183 Libet
2132 5134 2315 5183 autem
2335 5142 2403 5183 ex
2436 5128 2614 5198 primo
2640 5127 2887 5198 ejusdem
2920 5125 3175 5184 Numenii
3195 5126 3275 5182 De
3303 5129 3458 5196 bona,
3499 5144 3529 5167 '-

1882 5220 2032 5277 hunc
2059 5230 2321 5291 praeterea
2352 5219 2535 5275 locum
2563 5221 2837 5291 subjicere
2867 5236 2882 5274 :
2922 5238 2942 5273 ι
2996 5219 3103 5287 Qui
3161 5220 3326 5287 hanc,
3375 5222 3463 5277 in-

1883 5314 2024 5384 quit,
2049 5312 2106 5367 in
2131 5313 2558 5384 disputationem
2600 5313 2885 5382 ingressus
2932 5311 3180 5369 Platonis
3222 5327 3343 5367 eam
3381 5322 3462 5369 te-

1882 5403 2158 5460 stimoniis
2184 5404 2509 5475 obsignarit,
2542 5403 2790 5459 eamdem
2820 5402 2891 5458 ab
2924 5402 3045 5474 ipso
3098 5417 3320 5474 quoque
3366 5420 3461 5460 su-

1951 5583 2064 5654 (87)
2096 5583 2493 5669 Πυθςιγόρειος
2517 5582 2632 5652 μὲν
2654 5580 2751 5666 ἧγ.
2775 5582 3127 5669 ιωιηοιιίεᾴο
3150 5584 3460 5669 Pythagora

1883 5653 2319 5725 προχρονισμός,
2367 5654 2422 5707 in
2479 5669 2588 5723 quo
2641 5656 2840 5708 mirum
2885 5664 2969 5709 est
3012 5653 3460 5712 etiam'hzes'isse

1879 5724 2232 5781 Clementem.
2273 5722 2346 5779 De
2380 5725 2483 5779 hoc
2515 5732 2569 5778 ct
2591 5725 2862 5783 similibus
2890 5727 2984 5783 lib.
3021 5743 3063 5782 χ.
3090 5728 3451 5783 commodius.
