3824 6226
408 385 514 445 695
1079 378 1352 436 EUSEBII
1393 376 1879 434 CESARIENSIS
1916 376 1969 433 Oi

2114 377 2290 436 PARS
2323 378 2385 434 11.
2429 379 2989 436 ~—APOLOGETICA.
3533 381 3639 438 606

406 511 672 580 periorem
696 504 763 560 ad
783 511 992 559 aetatem
1022 503 1302 567 redeunte,
1333 518 1458 558 cum
1484 503 1657 571 ipsius
1689 500 1964 573 Pythago-

2115 503 2432 577 ωρήσασθαι
2452 504 2546 558 καὶ
2568 502 2928 574 ξυνδήσασθαι
2943 503 3056 566 τοῖς
3083 501 3264 570 λόγοις
3285 499 3380 555 τοῦ
3404 503 3662 570 Πυθαγό-

407 619 482 658 ru:
513 600 692 656 verbis
728 597 1120 668 praeceptisQue
1153 597 1402 666 copulari
1449 595 1737 666 oportebit.
1776 594 1969 649 Gentes

2115 614 2174 650 ου
2199 614 2213 628 ο
2234 597 2655 650 ἐπικαλέσασθαι
2677 595 2811 650 δὲτὰ
2836 595 2962 667 ἔθνη
2981 595 3048 648 τὰ
3060 594 3468 666 εὐδοκιμοῦντα,
3495 612 3666 666 προσ-

406 696 457 750 ei
485 700 744 764 praeterea
773 687 1144 744 celeberrimae
1192 686 1528 756 appellandae
1559 695 1742 753 erunt,
1787 686 1969 756 singu-

2114 689 2377 761 ιερόμενον
2425 688 2602 743 αὐτῶν
2635 688 2733 754 τὰς
2763 688 3004 752 τελετὰς,
3037 689 3131 743 καὶ
3167 689 3238 742 τὰ
3265 687 3529 760 δόγματα,
3561 691 3664 758 τάς

405 786 693 853 larumque
732 779 1025 845 sacriﬁcia,
1052 779 1212 843 ritus,
1244 777 1513 840 instituta,
1547 793 1668 847 qua:
1703 793 1830 832 cum
1858 779 1969 847 pla-

2114 800 2134 835 ε
2173 782 2407 854 ἱδρύσεις
2441 782 2861 852 συντελουμένας
2904 768 3154 836 Πλάτωνι
3191 782 3661 854 ὁμολογουμένως,

403 874 602 930 tonicis
635 873 860 928 omnino
899 871 1271 936 consentiunt,
1315 868 1660 939 proferenda,
1704 878 1969 940 quotquot

2114 875 2280 937 πόσας
2305 875 2626 945 Βραχμᾶνες
2652 875 2746 928 καὶ
2788 875 3051 940 Ἰουδαῖοι,
3085 876 3180 928 καὶ
3200 877 3399 945 Μάγοι,
3431 878 3527 931 xui.
3568 880 3664 931 Ai.-

403 985 431 1022 a
481 965 860 1030 Brachmanis,
911 963 1140 1024 Judieis,
1189 961 1385 1033 Magis,
1440 961 1712 1034 Egyptiis
1765 962 1969 1018 sancita

2115 966 2296 1020 ύπτιοι
2324 966 2579 1020 διέθεντο.
2619 986 2638 1018 ι
2671 966 2857 1020 Ταῦτα
2893 967 2991 1038 μὲν
3019 963 3112 1022 οὖν
3142 969 3272 1038 περὶ
3296 967 3486 1024 τῶνδε.

401 1070 548 1116 sunt.
588 1077 609 1112 ι
644 1056 771 1112 Haec
797 1056 908 1111 ille.

979 1167 1208 1224 CAPUT
1250 1166 1386 1222 Vlll.

2610 1153 2908 1205 ΚΕΦΔΛΑῘ
2916 1153 3008 1206 ΟΝ
3047 1154 3132 1206 Η’.

399 1287 478 1342 De
509 1285 690 1356 Moyse
714 1281 876 1337 simul
913 1298 976 1336 ac
1007 1280 1236 1347 Judwis,
1266 1297 1331 1335 ex
1360 1279 1498 1334 libro
1525 1280 1758 1350 ejusdem
1793 1283 1969 1336 tertio.

2114 1264 2188 1319 οὗ
2203 1265 2388 1319 αὐτοῦ
2417 1266 2548 1333 περὶ
2577 1265 2872 1332 Μωῦσέως
2897 1266 3045 1334 ὁμοῦ
3073 1268 3170 1320 καὶ
3194 1267 3326 1336 περὶ
3343 1265 3662 1334 Ἰουδαίων,

2308 1336 2429 1390 ἀπὸ
2458 1337 2565 1390 τοῦ
2593 1343 2642 1390 ἰθ
2669 1335 2780 1390 τῆς
2813 1336 3006 1390 αὐτῆς
3032 1337 3395 1390 ὑποθέσεωο.

468 1397 572 1464 Qui
600 1411 792 1450 rursus
814 1395 955 1448 libro
983 1392 1145 1448 tertio
1169 1391 1370 1463 Moysis
1395 1392 1726 1447 mentionem
1752 1391 1838 1448 his
1859 1409 1969 1448 ver-

2308 1337 2429 1390 άπὸ
2458 1337 2565 1391 τοῦ
2593 1343 2642 1406 τ’
2669 1337 2780 1404 τῆς
2813 1337 3006 1406 αὐτῆς
3032 1337 3395 1404 ὑποθέσεως.

398 1491 483 1545 bis
514 1489 642 1544 facit
670 1505 682 1538 :
711 1505 728 1536 ι
761 1487 1025 1555 Deinceps
1067 1500 1214 1552 vero,
1262 1485 1461 1555 inquit,
1491 1483 1692 1542 Jannes
1735 1495 1789 1541 et
1817 1483 1968 1540 Jam-

397 1581 544 1645 bres,
571 1580 765 1635 scribae
790 1594 973 1634 rerum
1002 1593 1285 1632 sacrarum
1313 1576 1574 1648 Egyptii,
1596 1593 1705 1647 quo
1729 1587 1970 1649 tempore

398 1671 620 1743 Egypti
668 1670 868 1726 ﬁnibus
921 1670 1080 1740 ejecti
1134 1668 1306 1723 Judaai
1357 1678 1505 1734 sunt,
1553 1669 1818 1736 claruere,
1865 1669 1969 1724 viri

397 1763 644 1816 omnium
668 1760 881 1830 judicio
910 1774 1096 1814 rerum
1121 1758 1458 1828 magicarum
1489 1758 1718 1814 scientia
1761 1759 1969 1813 nemini
2071 1758 2260 1836 :WW"
2293 1758 2588 1836 f"“7“.’:’°‘_‘_
2615 1758 2899 1836 ἦριυδντῗῖ
2919 1758 3075 1836 διναξν
3112 1758 3216 1835 επὶ
3259 1758 3345 1836 ¹⁹Ϊ

396 1821 780 1909 concedentes.
814 1851 1027 1922 Quippe
1050 1821 1458 1920 ambovquidem
1488 1851 1768 1906 communi
1799 1849 1968 1924 Egy-

2114 1821 2416 1892 κυνομένων
2445 1821 2502 1889 ἐξ
2526 1822 2821 1891 Αἰγύπτου.
2843 1824 3102 1894 Μουσαίῳ
3122 1823 3252 1893 γοῦν
3277 1823 3356 1895 τῷ
3389 1825 3663 1879 Ἰουδαίων

395 1945 634 2014 ptiorum
671 1959 941 1998 consensu
973 1942 1166 1997 delecti
1211 1951 1359 2010 sunt,
1391 1943 1483 2013 qui
1508 1942 1708 1999 Μυεωο
1732 1944 1855 1998 duci
1877 1942 1968 1998 Ju-

2114 1913 2481 1986 Ξηγησαμένῳ,
2517 1916 2671 1988 ἀνδρῖ⁹
2716 1917 2992 1988 γενομένῳ
3031 1917 3150 1988 Θεῷ
3192 1916 3453 1984 εὔξασθαι
3499 1919 3663 1972 δυναο

393 2007 658 2102 daaorum,
693 2037 854 2106 cujus
903 2035 1046 2105 apud
1089 2033 1262 2089 Deum
1323 2007 1719 2105 potentissima:
1776 2051 1969 2106 preces

2114 2007 2311 2077 υτάτῳ,
2343 2010 2391 2061 0i
2421 2009 2763 2080 παραστῆναι
2798 2008 3120 2076 ἀξιωθέντες
3151 2010 3259 2064 ὑπὸ
3294 2010 3389 2064 τοῦ
3420 2011 3663 2082 πλήθους

391 2137 571 2196 erant,
593 2143 714 2184 sese
757 2136 1110 2198 opponerent,
1140 2128 1387 2198 adeoque
1419 2127 1776 2197 gravissimas
1796 2143 1966 2198 quas-

2114 2097 2162 2150 >ῦ
2193 2098 2300 2153 τῶν
2347 2101 2679 2168 Αἰγυπτίων,
2708 2096 2853 2156 οὗτοι
2883 2097 3044 2172 ἦσαν,
3086 2102 3194 2156 τῶν
3230 2120 3290 2156 τε
3336 2102 3660 2175 συμφορῶν,

391 2235 500 2291 que
551 2221 893 2276 calamitates
944 2236 975 2275 a
1017 2221 1218 2276 Musaeo
1271 2221 1326 2275 in
1375 2219 1672 2292 Egyptum
1723 2221 1968 2277 invectas

2114 2211 2134 2256 ς
2159 2194 2188 2245 ὁ
2217 2194 2487 2255 Μουσαῖος
2515 2194 2691 2264 ἐπῆγε
2720 2197 2788 2265 τῇ
2822 2193 3102 2264 Αἰγύπτῳ,
3128 2193 3229 2258 τὰς
3256 2197 3662 2259 νεανικωτάτας

390 2312 638 2368 omnium
674 2312 728 2366 in
759 2311 935 2367 oculis
975 2312 1273 2368 dissolvere
1326 2328 1391 2368 ac
1441 2312 1709 2382 dissipare
1760 2321 1959 2382 potue-

2114 2284 2246 2336 ὒτῶν
2280 2284 2599 2338 ἐπιλύεσθαι
2622 2284 2882 2356 ὤφθησαν
2911 2286 3145 2339 δυνατοί.
3183 2307 3203 2338 ι
3230 2287 3330 2340 Διά
3353 2287 3418 2358 δὴ
3447 2287 3661 2341 τούτων

389 2414 538 2460 runt.
574 2422 594 2456 ι
640 2403 802 2475 412
848 2402 1060 2470 Quibus
1091 2420 1222 2462 sane
1251 2404 1434 2461 verbis
1483 2378 1808 2468 Numenius,
1839 2420 1964 2459 cum

2143 2378 2454 2449 Νουμήνιος
2497 2379 2590 2433 καὶ
2639 2381 2753 2442 τοῖς
2785 2379 2890 2432 ὑπὸ
2929 2379 3210 2442 Μωῦσέως
3260 2379 3660 2434 ἐπιτελεσθεῖσι

388 2468 931 2566 θᾶίιονυηι-εἷῇῖογεθ
959 2495 1375 2559 miraculorum,
1401 2505 1516 2550 tum
1538 2495 1706 2549 divini
1735 2509 1862 2566 erga
1881 2497 1964 2564 ip-

2114 2468 2389 2542 αραδόξοις
2423 2471 2685 2543 θαύμασι,
2712 2473 2806 2526 καὶ
2847 2472 2995 2544 αύτῷ
3026 2473 3084 2526 δὲ
3123 2473 3199 2537 ὡς
3239 2472 3480 2542 θεοφιλεῖ
3505 2489 3661 2542 γενο-

388 2603 510 2643 sum
565 2586 772 2643 amoris
801 2587 1178 2657 consignatam
1216 2588 1377 2644 ﬁdem
1427 2603 1492 2644 ac
1547 2595 1803 2644 testatum
1837 2587 1966 2643 reli-

2114 2562 2217 2634 ἐνῳ
2250 2580 2326 2634 μα
2332 2581 2428 2635 ρτυ
2437 2567 2537 2636 ρεί.

385 2679 527 2750 quit.

2143 1451 2254 1502 Καὶ
2299 1451 2356 1503 ἐν
2401 1453 2468 1522 τῇ
2535 1451 2694 1524 τρίτῃ
2765 1452 2822 1504 δὲ
2870 1451 3035 1523 βίϐλῳ
3085 1452 3365 1515 Μωῦσέως
3427 1454 3456 1506 6
3497 1453 3664 1518 αὐτὸς

2070 1542 2196 1595 τάδε
2248 1543 2423 1612 λέγων
2476 1545 2825 1615 μνημονεύει·
2861 1564 2880 1596 ι
2916 1546 2996 1598 Τὰ
3037 1545 3081 1598 δ’
3131 1545 3258 1615 ἐξῆς
3305 1546 3512 1616 Ἰαννῆς
3565 1549 3664 1600 καὶ

2085 1635 2358 1708 Ἰαμϐρῆς,
2393 1638 2681 1705 Αἰγύπτιοι
2711 1640 3194 1711 ἱερογραμματεῖς,
3220 1639 3413 1710 ἄνδρες
3445 1639 3664 1703 οὐδενὸς

2069 1729 2264 1800 ἥττους
2300 1731 2568 1800 μαγεῦσαι
2615 1731 2894 1802 κριθέντες
2919 1727 3075 1796 εἶναι,
3112 1733 3204 1785 ἐπὶ
3243 1731 3512 1786 Ἰουδαίων
3539 1733 3662 1798 ἐξε-

986 2757 1223 2850 οξιρυτ
1262 2792 1354 2848 1x.

2601 2771 2996 2823 ΚΕΦΑΛΑΙΟΝ
3035 2770 3114 2825 8'.

2307 2883 2580 2950 Χοιρίλου
2609 2885 2879 2952 ποιητοῦ,
2910 2885 3044 2954 περὶ
3087 2883 3410 2940 Ἰουδαίων.

454 3043 575 3100 Jam
605 3061 736 3100 vero
765 3046 1040 3103 Choerilus
1089 3047 1277 3113 etiam,
1323 3055 1478 3116 poeta
1530 3045 1959 3111 vetustissimus,

2135 3017 2242 3072 Τοῦ
2268 3019 2325 3072 δὲ
2343 3020 2609 3073 Ἰουδαίων
2629 3020 2816 3084 ἔθνους
2832 3022 2923 3075 καὶ
2939 3021 3189 3093 Χοίριλος
3215 3020 3657 3093 (88-89)ἀρχαῖος

385 3136 628 3192 Judaicae
660 3137 838 3207 gentis
871 3137 1142 3203 meminit,
1180 3153 1246 3192 ex
1279 3153 1386 3208 qua
1437 3138 1737 3208 permultos
1767 3153 1958 3192 susce-

2114 3111 2351 3182 ενόμενος
2383 3112 2610 3183 ποιητὴς
2635 3115 2927 3184 μέμνηται,
2950 3115 3044 3167 καὶ
3070 3115 3147 3177 ὡς
3182 3114 3653 3185 συνεστράτευσαν

383 3239 490 3298 ptas
529 3244 560 3282 a
607 3227 790 3282 Xerxe
837 3243 966 3298 rege
1009 3228 1296 3283 adversum
1331 3227 1550 3285 Graecos
1597 3229 1958 3299 expeditionis

2114 3202 2142 3276 ξ)
2175 3202 2385 3274 βασιλεί
2427 3204 2602 3278 Ξέρξῃ
2632 3207 2724 3258 ἐπί
2749 3205 2846 3277 τὴν
2879 3205 3124 3261 Ἐλλάδα..
3159 3206 3322 3274 Λέγει
3364 3206 3420 3258 δὲ
3450 3205 3647 3269 οὕτως·

384 3317 760 3375 sociosfuisse
785 3328 1017 3375 testatur
1042 3319 1128 3374 his
1157 3320 1338 3374 verbis
1365 3339 1379 3374 :

387 3425 613 3499 Trajicil
641 3427 763 3481 inde
796 3428 1067 3499 hominum
1092 3446 1252 3499 genus
1283 3431 1598 3485 admirabile
1629 3433 1762 3486 visu.

2114 3427 2189 3499 ῶις
2212 3427 2263 3481 δ’
2298 3428 2506 3482 ὄπιθεν
2527 3427 2783 3483 διέϐαινε
2809 3429 2982 3499 γένος
3011 3427 3360 3499 θαυμαστὸν
3393 3427 3646 3499 ἰδέσθαι,

386 3497 696 3551 thnicum
729 3498 922 3552 similis
962 3497 1153 3569 grandi
1180 3511 1334 3554 sonat
1359 3516 1447 3554 ore
1481 3501 1710 3572 loquela,

2114 3497 2366 3552 λῶσσαν
2398 3499 2516 3567 μὲν
2553 3497 2888 3553 Φοίνισσαν
2934 3500 3052 3553 ἀπὸ
3093 3497 3408 3567 στομάτων
3444 3497 3651 3572 ἀφιέν-

385 3635 659 3712 {fontibus
690 3638 743 3690 in
771 3635 1001 3708 Solymis
1040 3641 1305 3712 habitant,
1351 3639 1605 3711 iuxtaque
1637 3642 1886 3712 paludem

2114 3639 2285 3712 lxcvr
2312 3637 2365 3712 δ’
2386 3638 2456 3691 ἐν
2477 3640 2771 3708 Σολύμοις
2795 3640 2978 3707 ὄρεσι,
3006 3637 3234 3712 πλατέῃ
3436 3584 3646 3712 litigi:

385 3705 708 3762 Immensum
731 3723 750 3762 :
775 3705 1041 3763 attonsum
1067 3709 1332 3782 squallens
1359 3705 1734 3779 caput'obsidet
1749 3713 1955 3767 horror.

2114 3707 2399 3777 ῠχμαλέοι
2433 3705 2726 3778 κεφαλὰς,
2778 3705 3249 3779 τροχοκουράδες
3293 3708 3648 3847 (9ιυζταίἓτὰρ

3366 3795 3402 3830 υ
3451 3793 3516 3844 ep
3553 3793 3646 3841 εν,

383 3844 494 3900 Pro
518 3847 707 3917 galeis,
733 3847 947 3918 derepta
969 3850 1033 3903 ab
1057 3851 1222 3920 equis,
1242 3850 1537 3922 durataque
1563 3852 1708 3921 fumo

2114 3860 2284 3901 ππων
2332 3847 2520 3917 δαρτὰ
2566 3850 2833 3918 πρόσωπ’
2873 3849 3136 3919 ἐφόρουν
3168 3844 3650 3982 acamas:

709 2909 796 2962 Ea:
830 2907 1060 2964 Charilo
1092 2917 1270 2977 poeta,
1296 2908 1360 2963 de
1388 2907 1620 2963 luditis.

387 3985 497 4041 Ora
523 3988 718 4056 ferunt.

379 4079 460 4135 Ac
492 4079 710 4135 Judaeos
747 4080 967 4149 quidem
1017 4081 1104 4137 his
1163 4083 1232 4137 ab
1262 4097 1328 4137 eo
1357 4081 1538 4139 verbis
1564 4099 1856 4154 expressos
1891 4099 1956 4140 ac

2114 4077 2216 4149 ᾗλον
2249 4077 2296 4131 δ’
2319 4079 2488 4141 ἐστὶν,
2523 4078 2605 4131 ὅτι
2642 4077 2772 4149 περὶ
2805 4077 3075 4130 Ἰουδαίων
3107 4076 3258 4145 αύτῴ
3297 4072 3455 4128 ταῦτ’
3494 4075 3642 4146 εἴρη-

379 4172 693 4242 designatos
725 4186 848 4226 esse
873 4173 958 4226 vel
1013 4172 1138 4228 inde
1166 4183 1403 4240 constat,
1441 4177 1586 4246 quod
1618 4187 1670 4232 et
1704 4176 1956 4234 Hieroso-

2122 4187 2159 4232 t,
2190 4172 2254 4223 ἐκ
2279 4169 2374 4222 τοῦ
2404 4171 2498 4223 καὶ
2528 4169 2597 4222 τὰ
2637 4169 2980 4241 Ἱεροσόλυμα
3007 4171 3065 4223 ἐν
3106 4171 3219 4232 τοῖς
3249 4169 3378 4240 παρ’
3408 4167 3639 4237 Ἕλλησι

380 4263 526 4334 lyma
555 4263 610 4316 in
639 4263 920 4318 montibus
945 4264 1012 4320 iis
1045 4279 1186 4334 quos
1219 4263 1472 4336 Solymos
1525 4267 1700 4324 Graeci
1729 4281 1950 4338 vocant,

2114 4259 2308 4332 νλύμοις
2356 4261 2774 4332 ὀνομαζομένοις
2822 4262 2973 4332 ὄρεσι
3020 4261 3252 4326 κεῖσθαι,
3299 4260 3527 4332 πλησίον
3580 4261 3638 4314 δὲ

379 4355 485 4410 sita
515 4355 628 4424 ;sit,
679 4365 734 4408 et
793 4370 902 4410 non
937 4354 1097 4426 longe
1129 4357 1198 4411 ab
1230 4357 1532 4427 Aspbaltite
1566 4361 1758 4430 palude
1789 4364 1951 4431 absit,

2114 4370 2186 4406 ναι
2211 4354 2311 4425 τὴν
2337 4353 2677 4424 Ἀσφαλτῖτιν
2703 4352 2919 4424 λίμνην,
2941 4353 3286 4423 πλατυτάτην
3307 4349 3472 4406 οὖσαν
3494 4351 3640 4406 κατὰ

379 4459 521 4514 qua,
561 4454 622 4499 ut
649 4454 808 4515 poeta
854 4446 1116 4516 loquitur,
1157 4448 1424 4504 latissima
1452 4458 1556 4516 est,
1587 4453 1950 4525 omniumque

2115 4460 2142 4496 ν
2207 4445 2456 4514 ποιητὴν,
2516 4443 2611 4496 καὶ
2670 4443 2890 4515 μείζονα
2957 4443 3146 4498 πασῶν
3194 4443 3303 4496 τῶν
3351 4445 3408 4496 ἐν
3464 4444 3640 4516 Συρίᾳ

381 4535 553 4607 Syriae
582 4536 843 4606 paludum
873 4537 1134 4591 maxima.

2114 4536 2274 4606 μνῶν.
2300 4534 2483 4587 Ταῦτα
2516 4535 2615 4605 μὲν
2638 4531 2729 4588 οὖν
2762 4535 2855 4588 καὶ
2885 4530 3061 4598 οὗτος.

997 4650 1227 4707 CAPUT
1267 4651 1336 4708 Χ.

2601 4652 2997 4705 ΚΕΦΑΛΑΙΟΝ
3036 4651 3092 4705 I’.

379 4760 645 4830 Apollinis
670 4761 734 4815 de
765 4761 1002 4816 Hebraeis
1039 4762 1279 4829 oracula,
1308 4779 1372 4817 ea:
1408 4763 1729 4836 Porphyrio,
1755 4767 1948 4836 (equali

2114 4771 2169 4821 ῖκ
2201 4767 2308 4821 τοῦ
2337 4767 2674 4835 Πορφυρίου
2707 4767 2813 4820 τοῦ
2843 4768 2970 4820 καθ’
3009 4764 3186 4834 ἡμᾶς,
3220 4764 3485 4833 χρησμοὶ
3531 4763 3640 4818 τοῦ

1061 4842 1261 4887 nostra.

2406 4838 2787 4902 Ἀπόλλωνος
2813 4838 2946 4905 περὶ
2989 4837 3292 4904 Ἐϐραίων.

447 4939 786 5011 Porphyrius
827 4951 1031 5006 autem,
1059 4941 1200 4996 libro
1246 4943 1424 5010 primo
1474 4943 1550 4996 De
1605 4946 1943 4998 oraculorum

2135 4955 2192 5009 Ὀ
2207 4955 2264 5008 δέ
2287 4953 2594 5026 Πορφύριος
2610 4955 2667 5006 ἐν
2684 4951 2759 5024 τῷ
2779 4951 2979 5024 πρώτῳ
3004 4951 3118 5020 Τῆς
3134 4953 3203 5005 ἐκ
3231 4951 3453 5020 λογίων
3469 4955 3612 5020 φιλο

374 5031 728 5102 philosophia,
781 5047 943 5088 suum
994 5033 1167 5102 ipsius
1227 5032 1413 5099 deum,
1473 5033 1708 5090 Hebraeae
1745 5037 1942 5105 gentis,

2114 5049 2293 5117 ποίας,
2327 5047 2490 5100 αὐτὸν
2517 5046 2728 5114 εἰσάγει
2752 5047 2841 5099 τὸν
2867 5043 3060 5098 ἐαυτοῦ
3101 5042 3223 5097 θεὸν
3254 5041 3332 5112 τῷ
3367 5041 3638 5112 Ἑϐραίων

375 5140 486 5179 una
514 5139 640 5180 cum
667 5126 878 5181 ceteris
904 5125 1206 5195 prudentiae
1255 5124 1398 5181 fama
1430 5128 1707 5183 nobilibus
1760 5129 1946 5184 claris-

2114 5159 2218 5207 νει,
2275 5139 2413 5212 μετὰ
2450 5139 2559 5194 τῶν
2604 5139 2780 5193 ἄλλων
2826 5139 2934 5191 τῶν
2963 5139 3055 5190 ἐπὶ
3086 5137 3298 5189 συνέσει
3343 5133 3636 5204 βοωμένων

373 5233 482 5287 que
520 5219 757 5288 populis,
793 5219 1116 5289 sapientiam
1159 5221 1474 5276 testimonio
1505 5235 1606 5289 suo
1630 5221 1941 5277 laudanwm

2114 5235 2238 5298 νῶν,
2265 5233 2454 5303 σοφίαν
2484 5231 2980 5304 ἐπιμαρτυροῦντα.
3003 5230 3165 5300 Λέγει
3187 5229 3244 5282 δὲ
3269 5231 3298 5282 ὁ
3328 5228 3460 5298 παρ’
3483 5226 3635 5296 αύτῷ

373 5307 602 5364 inducit.
651 5308 920 5380 Apollinis
950 5320 1133 5367 autem
1183 5328 1506 5383 responsum
1539 5315 1670 5370 illud
1705 5323 1811 5383 est,
1847 5317 1942 5386 qui

2114 5328 2332 5382 ,πάλλων
2361 5329 2427 5381 δι’
2454 5323 2516 5381 οὗ
2547 5327 2817 5380 ἐκτίθεται
2847 5324 3118 5397 χρησμοῦ,
3145 5323 3292 5377 τάδε.
3340 5321 3630 5391 Ἐκκειμέ-

375 5401 442 5455 ad
471 5403 626 5471 prius
659 5405 804 5460 edita
833 5404 902 5460 de
925 5405 1212 5463 sacriﬁciis
1243 5409 1487 5475 oracula,
1532 5411 1648 5466 haec
1684 5412 1942 5483 deinceps

2114 5438 2156 5475 ιν
2201 5421 2259 5490 δὲ
2297 5420 2376 5473 ἔτι
2409 5421 2536 5490 περὶ
2582 5419 2690 5474 τῶν
2732 5417 2931 5472 θυσιῶν
2966 5418 3182 5486 ἐπάγει,
3224 5409 3305 5480 οἷς
3341 5412 3633 5486 προσέχειν

375 5494 642 5566 adjungit,
675 5497 876 5566 quibus
906 5509 1166 5568 tanquam
1213 5501 1393 5557 omnis
1439 5502 1636 5558 divinae
1666 5505 1945 5576 sapientiae

2114 5515 2150 5578 ἰ,
2178 5487 2274 5567 ἅτε
2301 5486 2515 5584 μεστοῖς
2544 5507 2663 5564 οὖσι
2695 5511 2874 5580 πάσης
2908 5509 3214 5579 θεοσοφίας.

374 5587 548 5656 plenis
577 5589 886 5660 diligentius
915 5593 1301 5650 attendendum
1327 5611 1449 5652 esse
1482 5597 1742 5668 praecipit.

351 5799 354 5801 Α
399 5803 409 5812 ⁸
447 5729 652 5807 (38-89)
693 5734 983 5812 on’pagog.
1036 5733 1236 5812 Eadem
1271 5734 1538 5812 Josephus
1586 5736 1676 5792 lib.
1729 5754 1744 5793 ι
1798 5746 1934 5792 cont.

2120 5740 2230 5811 (90)
2263 5741 2749 5811 Τροχοκουράδες.
2779 5739 3000 5812 Joseph.
3037 5736 3468 5811 τροχοκουρίδες.

376 5803 645 5871 Apionem,
675 5819 795 5873 pag.
819 5804 987 5880 .1047.
1015 5807 1144 5861 edit.
1172 5807 1448 5862 Graeco-L.
