3824 6226
151 401 254 457 697

149 518 386 586 ueremi:
419 517 530 588 γὰρ
562 517 704 584 ὁδὸς
741 533 864 588 μανι

149 587 544 654 Χαλκοδέτοις
567 590 638 642 τὰ
660 587 861 656 πρῶτα
894 587 1228 658 διοιγομένη
1255 589 1586 644 πυλεῶσιν.

159 659 488 728 Ἀτραπιτοὶ
519 658 588 711 δὲ
617 659 839 712 ἕασσιν
862 658 1185 727 ἀθέσφατοι
1212 659 1568 728 ἐγγεγαυῒαι,

147 733 245 795 "Ac
275 729 499 800 πρῶτοι
509 729 790 800 μερόπων
812 728 904 800 est:
931 730 1218 800 ἀπείρονα
1237 729 1461 796 πρῆξιν
1474 731 1728 800 ἔφηναν,

151 808 216 857 Ol
235 803 304 856 τὸ
318 797 516 854 καλὸν
536 799 816 864 πίνοντες
840 797 998 867 ὕδωρ
1027 799 1379 866 Νειλώτιδος
1405 797 1543 866 αἴης
1571 797 1584 830 έ

147 870 390 936 Πολλὰς
421 868 520 922 καὶ
573 869 844 934 Φοίνικες
882 869 1060 935 ὀδοὺς
1098 868 1382 938 μακάρων
1425 869 1729 936 ἐδάησαν,

158 942 481 1008 Ἀσσύριοι,
519 938 704 994 Λυδοί
729 955 813 1003 τε,
853 940 954 993 καὶ
987 939 1260 1008 Ἐϐραίων
1274 939 1448 1010 γένος
1471 939 1727 1008 ἀνδρῶν.

145 1051 255 1104 Καὶ
278 1051 352 1104 τὰ
387 1049 600 1114 τούτοις
620 1050 908 1115 ἀκόλουθα,
951 1045 1034 1114 οἷς
1069 1053 1420 1121 συγγραφεὺς
1451 1052 1691 1121 ἐπιλέγει
1713 1071 1727 1084 ·

150 1160 167 1192 ι
197 1139 535 1204 Χαλκόδετος
567 1140 675 1210 γὰρ
709 1141 744 1212 ἡ
773 1138 910 1211 πρὸς
949 1137 1103 1204 θεοὺς
1119 1139 1258 1204 ὁδὸς,
1279 1143 1497 1213 αἰπεινή
1523 1159 1582 1194 τε
1637 1144 1732 1197 καὶ

143 1234 393 1317 τραχεῖα,
420 1226 489 1302 ἦς
519 1231 717 1296 πολλὰς
742 1231 1019 1304 ἀτραποὺς
1058 1231 1322 1304 βάρϐαροι
1355 1233 1454 1304 μὲν
1487 1233 1728 1307 ἐξεῦρον,

146 1323 410 1394 Ἕλληνες
437 1323 496 1376 δὲ
536 1323 936 1395 ἐπλανήθησαν,
972 1323 1023 1377 οἱ
1062 1323 1118 1376 δὲ
1151 1323 1480 1395 κρατοῦντες
1513 1325 1614 1396 ἤδη
1637 1327 1730 1380 καὶ

141 1415 474 1487 διέφθειραν.
511 1414 620 1486 Τὴν
646 1414 704 1468 δὲ
737 1413 956 1486 εὕρεσιν
982 1415 1303 1483 Αἰγυπτίοις
1335 1416 1364 1468 6
1402 1415 1524 1480 θεὸς
1556 1418 1731 1489 ἐμαρ-

140 1508 372 1580 τύρησε,
412 1508 615 1574 Φοίνιξί
661 1525 722 1560 τε
782 1507 877 1560 καὶ
928 1507 1248 1570 Χαλδαίοις·
1297 1508 1569 1580 Ἀσσύριοι
1621 1509 1732 1581 γὰρ

140 1591 287 1651 οὗτοι
312 1615 328 1629 ο
369 1597 563 1661 Λυδοῖς
607 1615 667 1651 τε
707 1599 802 1651 καὶ
855 1596 1145 1667 Ἑϐραίοις.
1190 1599 1311 1651 Ἔτι
1350 1598 1486 1670 πρὸς
1519 1598 1732 1662 τούτοις

140 1690 237 1743 καὶ
264 1692 325 1743 ὲν
358 1689 532 1759 ἑτέρῳ
561 1688 724 1760 φησὶν
761 1690 791 1742 6
829 1686 1100 1741 Ἀπόλλων
1119 1703 1136 1716 ο

137 2016 370 2071 Mauros
389 2015 672 2072 Χαλδαῖοι
699 2017 926 2086 σοφίαν
957 2015 1174 2084 λάχον,
1207 2015 1301 2084 ἡδ’
1326 2014 1418 2084 ἄρ’
1459 2014 1728 2085 Ἑϐραῖοι,

137 2107 590 2178 Αὐτοτένεθλον
629 2108 859 2162 ἄνακτα
900 2105 1279 2177 σεὸαζόμενοι
1324 2107 1473 2163 Θεὸν
1511 2107 1726 2178 ἁγνῶς.

136 2200 253 2254 Καὶ
290 2199 457 2253 πάλιν
497 2200 816 2272 ἐρωτηθεὶς,
874 2199 981 2254 τίνι
1009 2199 1154 2271 λόγῳ
1200 2199 1433 2264 πολλοὺς
1483 2201 1730 2269 Λέγουσιν

135 2293 427 2364 οὐρανοὺς,
451 2291 651 2364 ἔχρησε
669 2293 798 2348 τάδε
817 2310 831 2324 ο

135 2380 248 2452 Εἷς
285 2385 358 2439 ἐν
408 2385 590 2440 παντί
629 2385 798 2440 πέλει
839 2367 1084 2455 ’κόσμου
1128 2385 1374 2450 κύκλος,
1586 2381 1733 2508 ὰσὺν

1553 2471 1584 2506 τ

1553 2471 1584 2506 τ

133 2523 442 2580 Ζώναισιν
471 2526 802 2594 πεφόρηται
834 2527 922 2592 εἷς
949 2524 1313 2594 ἀστερόεντα
1342 2523 1620 2588 κέλευθα,

141 2599 242 2660 Ἅς
269 2594 346 2661 δὴ
387 2593 673 2649 Χαλδαῖοι
692 2595 790 2649 καί
818 2593 1158 2663 ἀριζήλητοι
1199 2595 1448 2662 Ἑϐραῖοι

137 2666 443 2734 Οὐρανίας
467 2667 794 2735 ὀνόμηναν,
809 2664 876 2733 ἐς
889 2665 1218 2735 ἐϐδόματον
1227 2663 1451 2736 δρόμον
1461 2665 1690 2736 ἕρπειν.
1703 2685 1726 2720 ι

205 2777 350 2849 Περὶ
379 2777 480 2848 μὲν
517 2777 619 2847 τῆς
677 2775 946 2831 Ἰουδαίων
975 2793 1036 2830 τε
1083 2777 1179 2830 καὶ
1216 2775 1482 2848 Ἐσραίων
1516 2791 1727 2846 προση-

130 2867 352 2939 γορίας,
375 2868 478 2940 τῆς
513 2885 574 2921 τε
597 2869 730 2940 παρ’
762 2869 946 2933 αὐτοῖς
975 2867 1143 2922 πάλαι
1190 2866 1600 2938 διαπρεπούσ-ης
1634 2867 1728 2919 εὐ-

134 2957 359 3022 σεϐείας
377 2976 438 3012 τε
476 2959 572 3012 καὶ
614 2959 950 3029 φιλοσοφίας,
981 2959 1249 3014 ἐκκείσθω
1287 2957 1480 3012 ταῦτα.
1514 2958 1728 3030 Περὶδὲ

129 3050 234 3121 τῆς
265 3050 501 3122 πατρίου
524 3050 704 3106 αὐτῶν
736 3051 976 3124 ἱστορίας
995 3051 1093 3105 θέα
1114 3052 1300 3105 ὁπόσοι
1317 3049 1724 3122 συνεφώνησαν.

132 3139 417 3203 Μωῦσέως
445 3141 501 3192 ὲν
535 3143 654 3203 ταῖς
690 3139 784 3193 τοῦ
816 3140 1017 3205 παντὸς
1038 3140 1442 3213 ἀρχαιολογίαις
1461 3141 1728 3194 κατακλυ-

1277 399 1606 456 ΡΙιᾸΞΡΑΒ.
1650 401 1902 459 EVANG.
1946 403 2077 459 LIB.
2118 402 2215 460 IX.

3307 407 3412 460 698

945 533 1048 581 ων,
1089 517 1333 586 τρηχεῖα
1374 536 1440 572 τε
1477 519 1708 574 πολλὸν

1845 522 2054 584 Ardua,
2089 531 2137 576 et
2164 522 2455 576 innumeris
2487 521 2665 575 divum
2687 529 2766 575 est
2793 521 2890 575 via-
2908 520 3110 575 consita
3140 522 3306 577 saxis.

1841 593 1919 662 ᾼσ
1949 595 2179 662 primum
2205 610 2232 646 e
2259 593 2423 646 valvis
2451 593 2622 662 rigido
2645 591 2988 645 stridentibus
3017 609 3121 646 tere

1900 663 1999 732 l3
2027 661 2294 716 Panditur
2317 679 2334 716 .'
2357 663 2478 715 hinc
2502 661 2624 715 arsi
2649 662 2891 731 ambiguo
2909 662 3410 729 discriminecalles,

1893 750 1983 785 uos
2009 734 2187 801 fructu
2221 735 2470 785 immenso
2492 733 2650 801 primi
2675 733 2895 784 docuere
2928 742 3158 798 nepotes,

1840 801 2058 856 Niliaco
2089 804 2349 856 undantes
2373 812 2557 871 potant
2592 803 2681 871 qui
2714 803 2918 870 gurgite
2945 802 3183 869 lymphas
3215 819 3234 856 :

1841 871 2085 942 Plurima
2109 874 2238 942 quin
2268 878 2429 926 etiam
2463 873 2532 924 ad
2560 889 2775 942 superas
2812 873 2896 924 via
2923 874 3134 941 cognita
3159 874 3304 928 sedes

1835 941 2094 1008 Plurnici,
2121 941 2364 1012 Assyrio,
2389 942 2558 1011 Lydo,
2591 941 2913 1012 Ilebra'oque
2941 943 3162 998 colonis.

1831 1054 1900 1110 Et
1927 1071 2049 1125 qua
2091 1065 2416 1127 sequuntur,
2469 1057 2667 1126 quibus
2699 1055 3035 1125 explicandis
3085 1064 3275 1112 auctor
3332 1059 3408 1114 ita

1837 1148 2022 1204 subdit
2057 1167 2071 1202 :
2109 1167 2129 1200 ‹
2175 1147 2310 1202 Nam
2349 1163 2471 1218 quae
2519 1146 2586 1202 ad
2628 1148 2761 1205 deos
2808 1146 2896 1200 via
2922 1145 3091 1210 ducit,
3122 1147 3280 1202 aereis
3306 1148 3410 1203 ob.—

1836 1249 2043 1295 structa
2076 1240 2337 1306 vinculis,
2371 1239 2652 1308 arduaque
2683 1237 2848 1292 simul
2874 1245 2928 1292 et
2955 1253 3146 1307 aspera
3175 1246 3280 1303 est,
3315 1255 3412 1294 cu-

1830 1331 1923 1402 jus
1947 1348 2070 1387 cum
2097 1333 2317 1387 barbari
2345 1331 2512 1388 calles
2542 1332 2879 1402 semitasque
2900 1331 3162 1399 plurimas
3188 1333 3412 1387 invene-

1832 1426 1967 1488 rint,
1999 1424 2171 1480 Graaci
2221 1433 2404 1479 tamen
2438 1425 2634 1493 partim
2686 1425 2756 1478 ab
2805 1438 2868 1478 ea
2917 1437 3142 1492 prorsus
3191 1424 3412 1478 aberra-

1835 1522 1985 1580 runt,
2009 1513 2204 1585 partim
2231 1530 2350 1569 eam
2381 1530 2504 1568 cum
2543 1515 2657 1583 jam
2690 1523 2958 1578 tenerent,
2999 1515 3161 1568 etiam
3210 1515 3410 1584 depra-

1830 1613 2050 1660 varunt.
2076 1605 2346 1659 Caeterum
2373 1604 2520 1658 illius
2547 1605 2916 1659 inventionem
2932 1604 3222 1676 Egyptiis,
3249 1604 3412 1661 Phoe-

1831 1697 2068 1764 nicibus,
2096 1696 2364 1752 Chaldaeis
2393 1696 2625 1767 (Assyrii
2653 1697 2795 1750 enim
2828 1697 2903 1750 illi
2941 1702 3115 1763 sunt),
3146 1695 3333 1768 Lydis,
3356 1705 3412 1753 et

1833 1791 2078 1848 Hebraeis
2115 1795 2251 1850 deus
2285 1793 2670 1862 assignandam
2706 1806 2828 1847 esse
2863 1801 3114 1848 testatur.
3142 1791 3411 1847 Praeterea

1757 1884 1804 1944 B
1832 1885 1886 1939 in
1913 1886 2085 1940 altero
2114 1883 2352 1955 quodam
2378 1885 2603 1940 oraculo
2632 1884 2772 1939 idem
2790 1885 2984 1954 Apollo
3007 1884 3088 1940 sic
3115 1883 3262 1939 fatur
3287 1901 3302 1939 :

1834 2021 2090 2077 Chaldaeo
2115 2019 2441 2090 Ilebrteoque
2466 2021 2588 2074 unis
2624 2020 2886 2090 sapientia
2910 2021 3089 2085 cessit,

1833 2111 1937 2176 Qui
1965 2120 2113 2164 casto
2142 2119 2398 2164 aeternum
2437 2119 2750 2163 venerantur
2781 2127 2970 2163 numen
3002 2110 3214 2164 honore.

1830 2203 2090 2271 Idemque
2113 2201 2420 2266 consultus,
2454 2216 2565 2270 quo
2593 2217 2757 2256 sensu
2783 2203 3034 2258 caelestes
3074 2202 3236 2257 orbes
3271 2199 3413 2257 mul-

1831 2302 1919 2348 tos
1947 2308 2070 2348 esse
2091 2292 2357 2359 dicerent,
2388 2293 2460 2347 ita
2495 2295 2776 2361 respondit
2810 2312 2823 2348 :

1837 2384 2036 2439 Unicus
2059 2383 2115 2437 in
2141 2393 2250 2438 toto
2273 2392 2526 2437 curvatur
2558 2384 2790 2439 circulus
2814 2385 2957 2451 orbe,

1834 2521 1906 2573 At
1935 2525 2130 2586 septem
2160 2517 2306 2569 zonis
2333 2523 2601 2569 astrorum
2632 2515 2853 2586 eductus
2875 2514 2930 2567 in
2950 2530 3093 2586 oras.

1834 2587 1952 2641 llas
1981 2584 2266 2642 Chalda’us
2303 2588 2403 2649 ait,
2429 2587 2674 2655 famaque
2705 2585 2933 2638 illustris
2964 2584 3239 2651 Hebrarus,

1837 2657 2068 2712 Nomine
2101 2655 2354 2720 caelestes,
2379 2666 2589 2725 septeno
2619 2671 2824 2722 serpere
2851 2671 3029 2708 cursu.
3067 2671 3086 2706 ι

1828 2772 1907 2827 Ac
1939 2771 2005 2827 de
2029 2769 2342 2826 Iudaeorum
2387 2767 2610 2839 quidem
2645 2765 3113 2836 Hebraeorumque
3164 2765 3407 2832 nomine,

1828 2864 2004 2934 deque
2034 2877 2272 2929 summa,
2296 2876 2404 2931 qua
2426 2861 2541 2930 jam
2595 2860 2724 2914 olim
2767 2860 3160 2940 praestiterunt,
3192 2859 3410 2928 pietatis

1828 2968 1892 3009 ac
1916 2951 2284 3023 philosophias
2304 2949 2489 3016 laude,
2517 2949 2681 3004 modo
2711 2950 2866 3005 satis.
2891 2946 3049 3003 Nunc
3063 2963 3194 3002 vero
3219 2949 3410 3018 patriae

1828 3045 2072 3116 ipsorum
2109 3043 2351 3098 historiae.
2385 3041 2599 3096 veritati
2631 3046 2795 3111 quam
2828 3040 2984 3096 multi
3019 3039 3406 3111 sull'ragentur,

1830 3135 2067 3190 attende.
2097 3133 2175 3188 Ac
2206 3133 2470 3203 primum,
2525 3133 2679 3197 illud,
2712 3132 2864 3202 quod
2917 3133 2973 3186 in
3025 3131 3408 3201 antiquissima

134 3229 275 3301 σμόν
303 3232 712 3303 ίστορήσαντος,
750 3233 844 3286 καὶ
889 3232 965 3296 ὡς
992 3235 1021 3287 6
1051 3232 1181 3305 παρ’
1228 3232 1502 3304 Ἑϐραίοις
1529 3233 1708 3304 ονομα¹

1831 3226 2073 3284 universi
2100 3226 2252 3281 orbis
2285 3224 2790 3300 historiadiluvium
2825 3224 3040 3296 Moyses
3073 3239 3410 3280 commemo-

133 3322 367 3393 ξομ-ενος
394 3323 542 3389 Νῶε,
572 3326 630 3377 ὲν
657 3324 890 3396 λάρνακι
911 3324 1070 3389 ξύλου
1103 3325 1448 3398 πεποιημένῃ
1470 3323 1607 3396 μετὰ
1619 3324 1728 3378 τῶν

132 3414 358 3467 οἰκείων
412 3414 810 3469 διασέσωσταιο
870 3415 1164 3487 Βηρωσσὸς
1208 3417 1238 3470 6
1279 3416 1578 3480 Χαλδαῖος,
1633 3418 1727 3470 καὶ

142 3503 472 3576 Ἱερώνυμος
499 3508 530 3560 6
559 3506 1158 3576 Αίγύπτιος,Νικόλαός
1185 3523 1246 3560 τε
1273 3509 1302 3561 6
1340 3507 1726 3579 Δαμασκηνὸς,

135 3595 405 3666 ἱστορικοὶ
461 3600 819 3670 συγγραφεῖς,
852 3598 1002 3661 ὅπως
1041 3597 1150 3652 τῶν
1177 3599 1357 3652 αὐτῶν
1387 3600 1728 3672 ἐμνημόνευ-

134 3704 258 3751 σαν,
297 3687 562 3758 Ἰώσηπος
592 3691 650 3742 ὲν
678 3693 744 3762 τῇ
769 3689 967 3764 πρώτῃ
989 3691 1090 3762 τῆς
1129 3691 1581 3762 Ἀρχαιολογίας
1602 3691 1730 3746 τοῦ·

133 3793 225 3833 τον
259 3779 625 3850 παρατίθεται
656 3780 748 3832 τὸν
771 3779 992 3852 τρόπον.

638 3889 1044 3946 ΚΕΦΑΛΔΙΟΝ
1088 3893 1192 3946 IA'.

144 4002 710 4071 Ἁπὸτ-ἦςἸωσήπου
745 4004 1203 4072 Ἆρχαιολοτίας,
1223 4007 1436 4059 ὀπόσοι
1454 4004 1572 4060 τῶν
1581 4005 1730 4071 ἕξω-

206 4079 316 4130 θεν
348 4074 762 4144 συγγραφέων
789 4074 1186 4143 ἐμνήσθησαν
1227 4075 1334 4129 τοῦ
1372 4081 1538 4144 παρὰ
1565 4081 1730 4132 llle-

204 4144 312 4199 σεῖ
345 4143 799 4212 κατακλυσμοῦ.

207 4277 228 4310 ι
256 4257 369 4311 Τοῦ
407 4258 466 4312 δὲ
513 4257 901 4328 κατακλυσμοῦ
953 4259 1143 4312 τούτου
1183 4261 1278 4314 καὶ
1318 4260 1418 4330 τῆς
1459 4259 1728 4330 λάρνακος

135 4351 447 4421 μέμνηνται
480 4351 681 4414 πάντες
717 4352 768 4404 oi
805 4350 905 4414 τὰς
952 4351 1304 4423 Βαρϐαρικὰς
1332 4352 1570 4424 ἱστορίας
1605 4353 1727 4406 ἁνα-

132 4442 501 4513 γεγραφότες,
529 4434 602 4494 ὧν
629 4444 746 4494 ἐστι
782 4443 876 4496 καὶ
903 4441 1192 4514 Βηρωσσὸς
1222 4444 1250 4495 6
1276 4443 1561 4506 Χαλδαῖος.
1594 4445 1725 4516 Διη-

130 4535 403 4604 γούμενος
434 4533 544 4606 γὰρ
577 4533 646 4586 τὰ
704 4534 832 4607 περὶ
890 4533 982 4587 τὸν
1021 4535 1405 4605 κατακλυσμὸν
1435 4534 1578 4589 οὕτω
1621 4553 1726 4590 που

131 4625 356 4691 διέξεισι
377 4643 393 4658 ο
417 4626 648 4694 Λέγεται
681 4626 738 4678 δὲ
779 4627 872 4680 καὶ
905 4625 999 4680 τοῦ
1047 4626 1232 4680 πλοίου
1265 4626 1374 4697 (91)
1410 4629 1468 4680 ὲν
1492 4630 1559 4698 τῇ
1600 4629 1726 4699 Ἀρ-

135 4718 302 4788 μενίᾳ
361 4717 499 4789 πρὸς
529 4718 608 4788 τῷ
663 4718 777 4789 ὄρει
822 4715 933 4770 τῶν
967 4717 1281 4788 Κορδυαίων
1339 4717 1420 4770 ἔτι
1469 4719 1634 4790 μέρος
1673 4737 1726 4773 τι

133 4806 306 4873 εἶναι,
340 4811 437 4863 καὶ
464 4809 710 4880 κομίζειν
727 4811 880 4874 τινὰς
896 4810 998 4880 τῆς
1028 4811 1302 4881 ἀσφάλτου
1336 4811 1723 4883 ἀφαιροῦντας.

133 4903 396 4975 Χρῶνται
461 4903 518 4956 δὲ
551 4903 784 4974 μάλιστα
829 4905 878 4956 οἱ
933 4903 1208 4975 ἄνθρωποι
1259 4903 1338 4973 τῷ
1379 4903 1726 4975 κομιζομένῳ

133 4995 275 5065 πρὸς
308 4997 436 5057 τοὺς
464 4995 964 5066 ἀποτροπιασμούς.
991 4995 1281 5066 Μέμνηται
1307 4995 1366 5048 δὲ
1397 4995 1600 5048 τούτων
1633 4997 1727 5049 καὶ

147 5083 476 5154 Ἱερώνυμος
500 5085 609 5156 (92)
631 5087 659 5138 6
686 5085 1002 5154 Αἰγύπτιος,
1037 5089 1065 5140 6
1097 5087 1195 5157 τὴν
1223 5087 1606 5158 ἀρχαιολογίαν
1627 5087 1726 5158 τὴν

135 5177 452 5248 Φοινικικὴν
490 5180 965 5250 συγγραψάμενος,
1007 5182 1101 5234 καὶ
1153 5182 1408 5245 Μνασέας
1439 5182 1515 5246 δὲ,
1557 5183 1650 5235 καὶ
1675 5183 1724 5234 οἱ

137 5270 287 5322 ἄλλοι
317 5269 556 5334 πλείους.
592 5273 702 5325 Καὶ
725 5271 993 5336 Νικόλαος
1029 5273 1088 5326 δὲ
1118 5275 1146 5325 6
1178 5273 1538 5343 Δαμασκηνὸς
1563 5274 1620 5326 ὲν
1653 5275 1725 5344 τῇ

209 5429 324 5496 (91)
352 5429 595 5499 Λέγεται
641 5431 710 5485 δὲ
766 5433 866 5486 καὶ
916 5432 1022 5486 τοῦ
1059 5432 1294 5487 πλοίου.
1343 5430 1470 5486 Haec
1499 5429 1721 5495 Joseph.

142 5514 157 5553 ι
189 5501 630 5572 Antiquitqcap.
656 5504 711 5564 4,
742 5519 864 5572 pag.
900 5503 982 5572 ιο,
1017 5504 1146 5557 edit.
1183 5500 1463 5572 Graeco-L.
1529 5571 1540 5572 ί
1607 5558 1609 5560 .

211 5571 322 5641 (9‘2)
366 5570 700 5640 Ἱερώνυμος
725 5570 873 5635 (διὸ.
915 5571 980 5625 Hi
1029 5588 1094 5626 ex
1144 5574 1331 5627 eodem
1359 5571 1582 5640 Joseph.
1625 5571 1718 5626 lib.

143 5651 280 5712 cont.
335 5642 593 5709 Apionem
643 5644 944 5708 notissimi;
1007 5643 1098 5697 sed
1161 5642 1560 5711 Hieronymus,
1627 5643 1722 5712 qui

144 5709 464 5766 Phoenicum
513 5712 815 5782 historiam
848 5715 1154 5782 scripsisse
1187 5714 1277 5782 hie
1313 5709 1542 5774 dicitur,
1577 5709 1671 5765 lib.
1704 5729 1720 5766 ι

147 5791 282 5834 cont.
309 5782 570 5850 Apionem
600 5797 723 5850 pag.
763 5781 1078 5851 1050,Περι’
1092 5781 1215 5836 ’τῶν
1254 5781 1549 5850 διαδόχων
1577 5797 1716 5850 opus

149 5851 377 5908 edidisse
412 5861 771 5921 memoratur,
805 5854 1029 5924 aequalis
1067 5853 1329 5920 Hecataei,
1364 5851 1532 5922 Syr-ite
1579 5867 1716 5921 prte-

1756 4588 1804 4646 D

1829 3329 1936 3388 rat,
1970 3335 2001 3374 a
2029 3334 2140 3390 quo
2163 3320 2232 3386 is,
2260 3332 2424 3388 quem
2467 3315 2682 3372 Hebraei
2713 3318 2981 3372 Noemum
3017 3323 3236 3382 vocant,
3270 3331 3413 3372 arce

1827 3412 2018 3482 lignea:
2053 3411 2319 3466 beneﬁcio
2341 3425 2468 3465 cum
2503 3409 2716 3479 reliqua
2762 3407 2969 3462 familia
3018 3417 3267 3463 servatus
3292 3406 3411 3462 fue-

1827 3503 1919 3566 rit,
1951 3517 1980 3555 a
2014 3500 2219 3556 Beroso
2241 3499 2522 3563 Chaldato,
2556 3498 2892 3570 Hieronymo
2919 3497 3200 3569 Egyptio,
3227 3507 3284 3554 et
3315 3496 3410 3551 Ni-

1827 3593 1982 3648 colao
2009 3591 2350 3647 Damasceno
2373 3591 2648 3646 historicis
2683 3590 2898 3654 referri,
2949 3588 3224 3659 .Iosephus
3269 3588 3411 3644 libro

1827 3687 2007 3756 primo
2043 3685 2444 3756 Antiquitatum
2476 3685 2623 3738 hunc
2646 3683 2701 3736 in
2731 3682 2956 3736 modum
2990 3680 3250 3751 prodidit.

2336 3898 2502 3972 414
2533 3895 2763 3969 CAPUT
2800 3896 2896 3952 Xl.

1830 4017 1915 4072 Ea:
1944 4016 2162 4086 Iosephi
2189 4015 2853 4086 Antiquitatioussguam
2890 4009 3046 4086 multi
3089 4017 3409 4086 scriptorum

2043 4082 2319 4158 gentilium
2333 4082 2341 4085 ’
2357 4083 2586 4138 Mosaici
2623 4083 2814 4136 diluvii
2842 4082 3192 4136 meminerint.

1908 4283 1927 4316 ι
1969 4262 2166 4334 Hujus,
2193 4263 2395 4332 inquit,
2425 4270 2538 4314 tum
2565 4259 2781 4321 diluvii,
2827 4266 2943 4313 tum
2976 4273 3116 4312 arcae
3143 4257 3409 4311 memine-

1828 4363 1978 4419 runt,
2025 4361 2297 4424 quotquot
2341 4350 2698 4405 barbarorum
2749 4346 3010 4402 historias
3067 4346 3410 4414 conscripse-

1828 4455 1980 4503 runt.
2013 4446 2162 4513 Quos
2191 4446 2352 4510 inter,
2403 4441 2641 4496 Berosus
2685 4439 2996 4525 Chaldaaus,
3027 4439 3082 4492 in
3122 4454 3208 4502 ea,
3242 4452 3407 4506 quam

1833 4537 2018 4603 habet,
2055 4534 2244 4591 diluvii
2274 4534 2587 4588 narratione
2629 4531 2705 4584 ita
2751 4529 2941 4584 scribit
2985 4529 3205 4598 :Atque
3243 4527 3408 4596 hujus

1830 4629 2030 4699 navigii
2053 4636 2263 4698 partem
2291 4625 2594 4680 etiamnum
2619 4622 2856 4690 aliquam
2882 4621 2937 4674 in
2959 4620 3235 4684 Armenia,
3260 4619 3407 4673 circa

1829 4731 2070 4775 montem
2105 4717 2494 4787 Gordyaeorum
2524 4713 2730 4770 servari
2758 4713 2961 4776 lerunt,
2996 4726 3064 4764 ex
3095 4725 3202 4781 qua
3227 4709 3407 4763 derasi

1828 4812 2120 4869 bituminis
2148 4809 2372 4880 aliquid,
2402 4808 2507 4862 loci
2540 4807 2660 4876 ejus
2694 4806 2964 4876 indigenae
3000 4803 3066 4856 ad
3098 4817 3404 4871 procuran-

1829 4908 1953 4963 dam
1984 4906 2222 4960 maxime
2265 4913 2320 4958 et
2367 4900 2836 4956 averruncandam
2864 4896 3116 4952 Numinis
3145 4896 3282 4949 iram
3315 4911 3407 4963 ge-

1827 5009 1974 5056 stare
2000 4999 2408 5054 consueverint.
2440 4997 2696 5068 Ejusdem
2729 4997 2804 5050 rei
2831 4994 3160 5049 mentionem
3187 5003 3408 5060 quoque

1827 5088 1960 5144 facit
2006 5088 2369 5160 Hieronymus
2409 5087 2718 5160 Egyptius,
2753 5086 2846 5156 qui
2883 5087 3125 5154 priscam
3181 5082 3406 5136 Pituani-

1831 5197 1954 5236 cum
1991 5182 2278 5236 historiam
2313 5181 2664 5250 conscripsit,
2699 5179 2941 5248 itemque
2979 5175 3252 5238 Mnaseas,
3285 5172 3404 5226 alii»

1829 5288 1936 5344 que
1960 5274 2288 5343 complures.
2318 5271 2528 5340 Quibus
2566 5267 2854 5325 Nicolaum
2883 5268 3280 5322 Damascenum
3308 5265 3401 5319 ad-

1825 5447 1914 5487 ses
1944 5433 2048 5488 sub
2073 5431 2346 5502 Antigono
2378 5443 2727 5502 rege;iqnem
2771 5427 2852 5502 de
2881 5424 3194 5502 Judzenorum
3238 5421 3402 5502 rebus

1825 5505 2161 5557 mentionem
2203 5495 2408 5555 nullam
2444 5495 2651 5554 'fecis'se
2699 5497 2966 5567 queritur.
3013 5495 3167 5562 Quod
3217 5501 3398 5546 autem

1824 5573 2158 5644 legebamus.
2185 5589 2308 5644 eum
2341 5568 2754 5644 περιδιαδρχων
2779 5567 3313 5644 scripsisse,_v_ereor
3338 5579 3402 5617 ne

1822 5635 2082 5714 διαδοχῶν
2115 5641 2398 5711 legendum
2415 5635 2426 5642 ’
2449 5639 2571 5714 εἰὶῐ.Δ
2585 5635 2762 5714 _C_u'j._.§
2802 5635 3115 5714 argumenti
3141 5635 3397 5714 libat-ita!

1824 5703 2119 5772 Athenaeus
2149 5703 2244 5770 lib.
2273 5729 2350 5779 vt,
2381 5726 2504 5783 pag.
2544 5703 2889 5774 9.75,'Niciae'
2913 5707 3198 5778 cujusdam
3227 5703 3399 5760 Nicae-

1823 5799 1987 5840 CHSIS.
