3824 6226
100 253 202 310 τοε
1231 247 1554 302 rumpas.
1600 205 1854 302 EVANG.
1909 245 2037 302 LIB.
2085 246 2172 300 ix.

610 369 1009 424 ΚΕΦΑΛΑΙΟΝ
1047 370 1163 436 ις’.

71 441 232 532 ξΠερὶ
267 461 376 515 τοῦ
399 461 520 515 τῶν
554 462 830 529 Ἑϐραίων·
851 418 1226 528 προπάτορος
1264 461 1538 529 Ἀϐραὰμ,
1566 459 1684 513 ἀπὸ
1716 418 1733 431 4

718 532 827 583 τοῦ
857 531 1064 584 αὑτοῦ.

183 623 356 678 Πάλιν
411 623 691 686 Μωῦσέως
748 623 849 694 τὴν
905 623 1047 676 κατά
1102 622 1194 676 τὸν
1236 621 1500 694 Ἐϐραίων
1556 638 1690 693 προ-

101 719 313 788 πάτορα
377 715 626 787 Ἀϐραὰμ
676 715 916 786 ἱστορίαν
969 717 1048 779 είς
1094 715 1294 778 πλάτος
1344 714 1688 787 ἐπιθεμένου,

104 813 399 882 μαρτυρεῖν
439 808 590 879 αὐτῷ
625 809 721 862 καὶ
758 809 885 871 τοὺς
931 807 1131 874 ἔξωθεν
1178 809 1487 880 ἱστορικοὺς
1515 810 1543 862 ὁ
1582 808 1693 862 Ἰώ-

103 920 276 973 σηπος
302 901 451 970 λέγει
486 902 576 955 διὰ
622 900 826 954 τούτων
846 916 858 932 ·
897 919 916 951 ‹
955 901 1298 972 Μνημονεύει
1329 902 1441 971 (⁸24)
1474 902 1531 954 δὲ
1561 904 1692 972 ἡμῖν

101 995 192 1048 τοῦ
243 994 451 1065 πατρὸς
491 994 805 1065 Ἀϐραάμου
855 994 1180 1066 Βηρωσσὺς,
1233 996 1334 1048 οὐκ
1387 995 1690 1066 ὀνομάζων,

103 1087 274 1156 λέγων
311 1087 369 1139 δὲ
395 1085 568 1150 οὕτως
590 1101 606 1116 ⁸
635 1086 792 1140 Μετὰ
841 1087 933 1140 τὸν
978 1087 1358 1158 κατακλυσμὸν
1381 1089 1580 1162 δεκάτῃ
1603 1107 1696 1158 γε-

103 1179 196 1248 νεᾷ
227 1176 380 1248 παρὰ
405 1177 696 1241 Χαλδαίοις
719 1194 805 1241 τις
841 1173 909 1249 ἦν
941 1178 1148 1242 δίκαιος
1178 1181 1338 1252 ἀνὴρ,
1369 1181 1462 1234 καὶ
1499 1182 1692 1252 μέγας,

106 1272 198 1322 καὶ
228 1268 299 1322 τὰ
327 1269 557 1338 οὐράνια
595 1269 881 1342 ἔμπειρος.
933 1271 1218 1336 Ἑκαταῖος
1253 1273 1310 1324 δὲ
1327 1273 1530 1326 καὶτοῦ
1564 1291 1699 1345 μνη-

105 1359 296 1430 σθῆναι
345 1359 530 1412 πλεῖόν
561 1377 614 1413 τι
663 1361 953 1432 πεποίηκε.
987 1363 1197 1416 Βιελίον
1230 1364 1340 1436 γὰρ
1367 1367 1495 1437 περὶ
1531 1365 1696 1419 αὐτοῦ

106 1451 524 1524 συνταξάμενος
552 1453 831 1507 κατέλιπε.
880 1454 1146 1519 Νικόλαος
1188 1457 1244 1510 δὲ
1280 1459 1309 1510 ὁ
1339 1459 1698 1529 Δαμασκηνὸς

105 1546 161 1596 ὲν
183 1547 250 1614 τῇ
285 1545 519 1616 τετάρτῃ
541 1545 650 1598 τῶν
686 1544 983 1613 Ἰστοριῶν
1018 1546 1166 1616 λέγει
1208 1547 1415 1613 οὕτως’
1467 1551 1699 1622 Ἀϐραά-

108 1653 215 1708 μης
247 1635 568 1689 ἐϐασίλευσε
602 1636 920 1707 Δαμασκοῦ,
954 1637 1160 1709 ἔπηλυς
1193 1641 1289 1694 σὺν
1324 1642 1538 1713 στρατῷ
1570 1643 1697 1712 ἀφι-

3275 248 3378 305 ’706

2374 366 2605 422 CAPUT
2645 367 2788 422 XVI.

1895 456 1972 511 De
1987 456 2037 510 11
2043 457 2333 512 ebrworum
2354 451 2587 581 omni)";
2612 470 2825 526 parente
2842 458 3166 525 Abralramo,
3181 476 3246 514 ea:

2491 545 2550 581 eo
2591 546 2692 581 em.

2491 545 2692 583 eadem.

1861 620 2103 692 Moysem
2127 629 2412 692 praeterea,
2444 621 2500 676 in
2532 635 2596 675 ea
2625 636 2792 692 quam
2823 621 2945 678 fuse
2970 622 3039 678 de
3065 622 3380 678 Abrahamo

1792 711 2146 767 Hebrmorum
2175 719 2402 781 parente
2433 710 2646 774 scribit,
2674 712 2931 777 historia,
2967 714 3380 770 consentientes

1793 805 1997 861 habere
2026 805 2257 876 gentiles
2289 805 2584 861 historicos
2615 804 2886 875 Josephus
2929 819 3120 863 auctor
3149 816 3251 862 est.
3286 806 3380 863 Sic

1793 899 1938 952 enim
1967 898 2248 968 loquitur:
2282 913 2300 947 ι
2324 899 2403 952 Ac
2429 897 2666 953 Berosus
2697 899 2917 968 quidem
2942 899 3240 954 Abrahami
3283 915 3379 968 pa-

1794 991 1966 1046 rentis
2017 991 2214 1057 nostri,
2258 1005 2553 1061 suppresso
2586 991 2712 1046 licet
2764 993 3008 1058 nomine,
3060 991 3147 1048 bis
3195 1003 3379 1048 tamen

1802 1083 1988 1138 verbis
2045 1082 2299 1137 meminit
2362 1100 2376 1136 :
2425 1080 2584 1136 Circa
2619 1082 2890 1137 decimam
2941 1091 3066 1153 post
3109 1083 3380 1140 diluvium

1796 1183 2033 1239 aetatem,
2070 1175 2155 1228 vir
2182 1174 2407 1245 quidam
2452 1173 2597 1244 apud
2646 1173 2929 1231 Chaldaeos
2968 1176 3126 1237 vixit,
3165 1191 3381 1232 summa

1797 1283 1922 1322 cum
1968 1267 2278 1338 integritate
2322 1283 2564 1335 morum,
2623 1276 2737 1322 tum
2783 1268 2948 1322 etiam
2989 1265 3253 1340 dignitate
3295 1284 3383 1325 re-

1799 1377 2031 1431 rumque
2056 1361 2362 1417 cmlestium
2407 1361 2723 1432 cognitione
2764 1362 3044 1432 praditus.
3090 1361 3381 1418 Hecataeus

1799 1470 1927 1508 vero
1961 1469 2069 1508 non
2108 1453 2230 1523 ejus
2277 1460 2494 1509 tantum
2551 1455 2728 1510 obiter
2761 1455 3031 1518 meminit,
3077 1456 3172 1511 sed
3216 1457 3382 1511 etiam

1795 1547 2006 1617 justum
2033 1546 2101 1600 de
2132 1545 2253 1616 ipso
2273 1545 2530 1602 volumen
2561 1548 2825 1616 scriptum
2852 1547 3091 1617 reliquit.
3122 1546 3384 1605 Nicolaes

1801 1646 1982 1694 autem
2015 1634 2394 1692 Damascenus
2427 1646 2626 1707 quarto
2661 1636 3025 1691 Historiarum
3057 1638 3199 1694 libro
3239 1639 3387 1696 hunc

105 1728 306 1798 γμένος
334 1730 399 1782 ὲκ
425 1729 525 1799 τῆς
552 1731 655 1800 γῆς
678 1731 778 1801 τῆς
805 1731 946 1802 ὑπὲρ
975 1732 1270 1786 Βαϐυλῶνα
1296 1733 1580 1788 Χαλδαίων
1613 1735 1699 1788 λε-

1821 1745 1856 1783 n
1876 1729 2097 1784 modum
2115 1728 2359 1799 loquitur
2409 1746 2424 1783 :
2466 1716 2808 1785 Abrahames
2829 1728 3078 1786 Damasci
3109 1730 3380 1801 regnavit,

106 1819 365 1890 γομένης.
405 1821 540 1874 Μετ’
588 1821 649 1874 ού
697 1821 866 1876 πολὺν
910 1823 1102 1894 χρόνον
1148 1823 1446 1890 ἐξαναστὰς
1472 1828 1565 1880 καὶ
1591 1827 1701 1880 ἀπὸ

105 1913 308 1986 ταύτης
334 1913 435 1984 τῆς
467 1913 670 1986 χώρας,
695 1916 792 1969 σὺν
819 1915 898 1986 τῷ
927 1917 1173 1988 σφετέρῳ
1201 1918 1315 1988 λαῷ
1348 1920 1430 1982 είς
1453 1919 1551 1990 τὴν
1579 1921 1702 1973 τότε

109 2005 208 2074 μὲν
257 2005 572 2059 Χαναναίαν
620 2006 942 2077 λεγομένην,
984 2007 1080 2061 νῦν
1121 2009 1180 2062 δὲ
1219 2012 1476 2066 Ἰουδαίαν
1525 2013 1703 2084 μετῴ-

107 2110 265 2163 κησε,
303 2094 396 2146 καὶ
441 2095 490 2146 οί
540 2096 635 2148 ἀπ’
676 2095 887 2149 ἐκείνου
940 2097 1332 2168 πληθύσαντες,
1367 2105 1494 2174 περὶ
1541 2098 1616 2157 ὧν
1645 2107 1704 2159 ὲν

108 2186 282 2256 ἑτέρῳ
309 2186 454 2257 λόγῳ
484 2187 713 2259 διέξειμι
736 2187 804 2242 τὰ
842 2191 1219 2263 ίστορούμενα.
1249 2195 1355 2254 Τοῦ
1379 2213 1441 2248 τε
1471 2196 1707 2269 Ἀϐραά-

112 2297 213 2349 μου
249 2279 331 2333 ἔτι
359 2280 454 2334 καὶ
479 2279 575 2334 νῦν
608 2284 667 2335 ὲν
709 2285 776 2354 τῇ
817 2285 1151 2357 Δαμασκηνῇ
1191 2287 1252 2341 τὸ
1288 2287 1462 2359 ὄνομα
1485 2289 1704 2357 δοξάζε-

107 2390 216 2434 ται,
253 2373 350 2426 καὶ
384 2370 547 2444 κώμη
590 2375 685 2427 ἀπ’
727 2375 894 2428 αὐτοῦ
940 2376 1236 2442 δείκνυται,
1284 2379 1597 2452 Ἀϐραάμου
1625 2384 1704 2436 οτ-

109 2481 177 2534 κη
186 2482 272 2527 σις
283 2463 574 2535 λεγομένη.
588 2465 761 2536 Λιμοῦ
779 2466 834 2521 δὲ
852 2465 987 2538 (24')
1007 2468 1220 2539 χρόνοις
1235 2469 1464 2542 ὕστερον
1477 2471 1575 2544 τὴν
1591 2475 1705 2526 Χα-

109 2557 338 2610 ναναίαν
382 2557 802 2622 καταλαϐόντος,
851 2559 1192 2632 Ἀδραάμης,
1242 2564 1576 2632 Αἰγυπτίους
1615 2566 1706 2618 εύ-

109 2648 389 2718 δαιμονείν
421 2648 745 2720 πυθόμενος,
777 2650 1006 2723 διαίρειν
1048 2652 1186 2724 πρὸς
1217 2654 1417 2720 αὐτοὺς
1459 2651 1528 2725 ἦν
1573 2655 1709 2726 πρόο

111 2740 306 2810 θυμος,
336 2741 436 2811 τῆς
463 2758 520 2794 τε
545 2741 804 2810 ἀφθονίας
823 2743 922 2814 τῆς
939 2745 1162 2798 ἐκείνων
1193 2746 1454 2816 μεθέξων,
1483 2750 1575 2803 καὶ
1599 2750 1708 2803 τῶν

114 2833 307 2903 ἱερέων
359 2833 635 2904 ἀκροατὴς
672 2834 948 2905 ἐσόμενος,
996 2829 1072 2891 ὧν
1111 2836 1320 2907 λέγοιεν
1365 2841 1497 2911 περὶ
1546 2841 1705 2908 θεῶν,

111 2925 147 2994 ἢ
211 2923 324 2994 γὰρ
382 2924 692 2996 κρείσσοσιν
759 2926 1030 2998 εὑρεθεῖσι
1095 2930 1620 3004 κατακολουθήσειν,
1672 2934 1706 3005 ἢ

115 3017 560 3086 μετακοσμήσειν
587 3016 785 3081 αὐτοὺς
813 3019 906 3071 ἐπὶ
941 3019 1004 3072 τὸ
1033 3019 1272 3090 βέλτιον,
1306 3023 1467 3087 αὐτὸς
1498 3025 1710 3096 ἀμείνω

1803 1836 1930 1875 eum
1965 1835 2032 1875 ex
2060 1821 2284 1891 regione
2319 1820 2706 1876 Chaldaeorum
2742 1823 2884 1877 ultra
2914 1821 3248 1894 Babylonem
3282 1824 3387 1880 sita

1803 1928 1931 1968 cum
1983 1913 2230 1969 exercitu
2285 1912 2603 1984 profectus,
2650 1929 2717 1970 eo
2759 1915 3208 1986 commigrasset:
3263 1915 3390 1971 inde

1803 2016 1936 2056 vero
1970 2000 2113 2056 baud
2149 2001 2314 2072 longo
2346 2011 2470 2071 post
2513 2012 2778 2072 tempore,
2819 2005 3046 2059 mutatis
3093 2004 3273 2060 denuo
3303 2020 3389 2060 se-

1805 2097 1987 2161 dibus,
2014 2111 2158 2162 eam,
2191 2111 2314 2165 qua:
2349 2105 2465 2150 tum
2499 2093 2831 2160 Chananaaa,
2885 2111 3034 2151 nunc
3072 2103 3256 2152 autem
3287 2095 3388 2150 Ju-

1806 2190 1920 2245 daea
1951 2197 2323 2259 nuncupatur,
2358 2203 2485 2244 cum
2513 2188 2630 2244 suis
2665 2188 2919 2255 incoluit,
2961 2203 3174 2247 necnon
3239 2187 3390 2243 illius

1805 2282 2012 2352 posteri
2062 2295 2297 2337 numero
2339 2295 2402 2336 ac
2431 2279 2783 2334 multitudine
2827 2280 2999 2342 aucti,
3043 2295 3280 2351 quorum
3325 2279 3394 2334 de

1805 2375 1972 2429 rebus
2004 2373 2173 2428 alium
2203 2371 2339 2426 mihi
2384 2387 2591 2442 sepono
2636 2371 2851 2427 dicendi
2893 2371 3096 2426 locum.
3133 2369 3202 2425 Et
3230 2384 3390 2436 vero,

1810 2465 2036 2521 illustris
2068 2465 2370 2519 etiamnum
2405 2463 2732 2518 Abrahamze
2758 2463 3000 2517 nominis
3039 2471 3154 2518 tota
3185 2462 3394 2532 passim

1810 2560 2146 2616 Damascena
2174 2560 2400 2631 regione
2428 2558 2694 2612 memoria
2726 2566 2831 2622 est,
2862 2571 2926 2610 ac
2958 2562 3142 2611 certus
3168 2555 3393 2624 quidam

1809 2651 1966 2706 vicus
1993 2651 2322 2717 ostenditur,
2366 2649 2512 2719 quod
2555 2648 2880 2703 Abrahama:
2911 2645 3254 2700 domicilium
3293 2658 3398 2700 no-

1810 2745 2042 2799 minant.
2087 2745 2310 2810 Verum,
2338 2742 2432 2798 ubi
2464 2741 2649 2812 gravis
2671 2748 2863 2810 postea
2891 2738 3066 2794 fames
3095 2738 3151 2792 in
3181 2737 3397 2793 Chana-

1810 2851 1984 2890 naeam
2013 2835 2376 2903 incubuisset,
2413 2835 2462 2891 is
2489 2834 2637 2905 quod
2667 2848 2901 2888 annonae
2924 2833 3082 2902 copia
3105 2829 3395 2903 Egyptioa

1813 2927 2093 2982 abundare
2125 2927 2474 2999 intelligeret,
2508 2926 2746 2982 libenter
2778 2925 3004 2978 omnino
3038 2937 3159 2979 sese
3191 2923 3258 2977 ad
3295 2937 3394 2979 eos

1813 3019 2074 3083 contulit,
2120 3019 2320 3089 partim
2372 3026 2435 3073 ut
2485 3018 2732 3088 ipsorum
2793 3016 3045 3070 ubertate
3096 3013 3393 3082 frueretur,

114 3107 351 3179 φρονῶν.
383 3105 496 3162 Εἶθ’
532 3109 660 3179 ἑξῆς
720 3110 964 3180 ἐπιλέγει
985 3128 998 3141 °
1036 3114 1146 3166 Καὶ
1203 3114 1371 3186 συνῆν
1395 3117 1708 3184 Αἰγυπτίων

1817 3109 2012 3180 partim
2045 3119 2106 3165 ut
2137 3110 2520 3182 Egyptiorum
2551 3108 2896 3165 sacerdotum
2937 3106 3006 3162 de
3034 3105 3140 3162 diis
3179 3105 3396 3176 opinio-

111 3201 231 3262 τοῖς
258 3199 632 3268 λογιωτάτοις,
674 3201 774 3274 τήν
806 3218 866 3256 τε
901 3203 1102 3276 ἀρετὴν
1130 3203 1317 3270 αὐτοῦ,
1358 3206 1452 3260 καὶ
1487 3206 1585 3278 τὴν
1619 3208 1706 3260 ἐπ’

114 3294 270 3366 αὐτῷ
293 3293 452 3362 δόξαν
473 3295 721 3350 ἐντεῦθεν
743 3298 1178 3370 ἐπιφανεστέραν
1209 3299 1408 3371 συνέϐη
1432 3300 1705 3368 γενέσθαι.

117 3387 165 3438 Τ
167 3387 244 3440 ῶν
284 3388 396 3459 γὰρ
440 3389 752 3456 Αἰγυπτίων
794 3390 1074 3462 διαφόροις
1113 3392 1499 3462 ἀρεσκομένων
1542 3393 1707 3458 ἔθεσι,

118 3483 214 3535 καὶ
237 3481 310 3534 τὰ
336 3485 468 3553 παρ’
494 3475 744 3553 ἀλλήλοις
782 3484 1216 3553 ἐκφαυλιζόντων
1243 3485 1470 3556 νόμιμα,
1502 3485 1596 3538 καὶ
1623 3484 1713 3538 διὰ

118 3575 281 3628 τοῦτο
322 3575 603 3646 δυσμενῶς
649 3575 882 3646 ἑχόντων
925 3578 1062 3646 πρὸς
1103 3577 1386 3648 ἀλλήλους,
1419 3576 1712 3649 συμϐαλὼν

121 3667 302 3720 αὐτῶν
333 3669 606 3733 ἑκάστοις,
630 3669 725 3723 καὶ
755 3668 1030 3723 διαπτύων
1053 3669 1180 3733 τοὺς
1201 3669 1415 3739 λόγους,
1446 3668 1540 3733 οὓς
1562 3673 1713 3723 ἐποι-

121 3760 281 3814 οῦντο
331 3761 462 3832 περὶ
503 3759 614 3813 τῶν
664 3760 841 3829 ἰδίων,
891 3762 1081 3826 κενοὺς
1139 3763 1234 3816 καὶ
1292 3762 1455 3833 μηδὲν
1517 3761 1714 3831 ἀληθὲς

123 3852 345 3920 ἔχοντας
375 3853 662 3922 ἀπέφαινε.
690 3852 1037 3924 Θαυμασθεὶς
1067 3849 1158 3908 οὖν
1184 3854 1274 3907 ὑπ’
1303 3853 1483 3908 αὐτῶν
1509 3855 1568 3907 ὲν
1593 3857 1714 3918 ταῖς

127 3941 434 4005 συνουσίαις
465 3941 540 4005 ὡς
581 3942 970 4008 συνετώτατος,
1003 3945 1096 3997 καὶ
1126 3945 1297 4008 δεινὸς
1324 3945 1462 4016 ἀνὴρ
1494 3945 1555 3998 ού
1589 3945 1716 4016 νοῆ-

128 4052 214 4088 σαι
259 4035 442 4105 μόνον,
472 4034 611 4088 ἀλλά
648 4037 742 4089 καὶ
783 4040 969 4090 πεῖσαι
1015 4036 1188 4104 λέγων
1224 4037 1352 4108 περὶ
1396 4031 1470 4090 ὧν
1501 4036 1566 4091 ἂν
1595 4038 1716 4089 ὲπι-

124 4127 404 4197 χειρήσειε
433 4126 727 4190 διδάσκειν,
755 4129 854 4200 τήν
873 4145 932 4180 τε
958 4128 1323 4200 ἀριθμητικὴν
1349 4129 1531 4192 αὐτοῖς
1560 4128 1714 4200 χαρμ

128 4217 300 4280 ζεται,
331 4219 426 4271 καὶ
455 4217 523 4271 τὰ
549 4220 678 4291 περὶ
705 4219 1058 4291 ἀστρολογίαν
1088 4219 1440 4291 παραδίδωσι.
1469 4221 1583 4291 Πρὸ
1606 4220 1714 4292 γὰρ

124 4310 226 4380 τῆς
273 4310 588 4383 Ἀϐραάμου
634 4317 958 4384 παρουσίας,
1005 4310 1294 4381 Αἰγύπτιοι
1337 4314 1541 4367 τούτων
1571 4309 1714 4383 εἶχον

126 4400 380 4470 ἀμαθῶς.
417 4402 514 4455 Ἐκ
547 4401 828 4457 Χαλδαίων
855 4395 964 4476 γὰρ
1002 4404 1154 4458 ταῦτ’
1198 4403 1482 4474 ἐφοίτησεν
1506 4406 1586 4467 εἰς
1617 4407 1713 4457 Αἶ-

127 4507 356 4558 γυπτον,
385 4492 508 4547 ὅθεν
529 4489 658 4566 ἦλθε
697 4495 794 4549 καὶ
839 4497 921 4559 είς
963 4497 1088 4560 τοὺς
1113 4495 1397 4566 Ἕλληνας.
1431 4514 1451 4548 ι
1480 4495 1662 4550 Ταῦτα
1690 4497 1718 4548 ὁ

142 4584 426 4654 Ἰώσηπος.

1816 3217 1938 3256 nem
1970 3201 2272 3273 acciperet:
2305 3202 2411 3257 hoc
2442 3201 2632 3272 utique
2673 3198 2926 3263 consilio,
2954 3198 3034 3253 uti
3067 3197 3115 3253 si
3167 3196 3396 3252 meliora

1821 3296 2118 3363 traderent,
2177 3311 2242 3352 ea
2297 3301 2638 3362 sectaretur;
2688 3293 2774 3349 sin
2816 3300 2997 3346 autem
3047 3289 3232 3346 verius
3277 3289 3397 3359 ipse

1819 3390 2069 3455 sentiret,
2104 3403 2199 3443 eos
2241 3397 2435 3444 contra
2467 3386 2744 3442 saniorem
2797 3385 2864 3438 ad
2895 3391 3133 3438 mentem
3175 3388 3398 3438 senten-

1820 3480 2061 3549 tiamque
2106 3478 2434 3534 traduceret.
2493 3477 2574 3533 Ac
2629 3476 2886 3544 deinceps
2944 3474 3019 3528 ita
3078 3472 3393 3544 subjungit:

1818 3571 1956 3627 Cum
2016 3570 2418 3643 Egyptiorum,
2458 3569 2656 3639 inquit,
2706 3565 3097 3623 eruditissimis
3156 3563 3400 3618 familia-

1823 3663 1957 3717 riter
1989 3670 2254 3726 uteretur,
2286 3675 2488 3714 novum
2519 3659 2637 3727 ipse
2671 3673 2780 3711 non
2823 3655 2892 3710 ad
2933 3655 3188 3709 virtutem
3233 3655 3400 3709 modo

1822 3770 2000 3819 suam,
2031 3768 2219 3808 verum
2251 3752 2417 3806 etiam
2450 3749 2518 3804 ad
2551 3747 2787 3802 nominis
2813 3745 3273 3801 existimationem
3302 3745 3399 3799 de—

1821 3863 1921 3903 cus
1969 3861 2033 3900 ac
2071 3844 2410 3914 splendorem
2459 3839 2729 3910 adjunxit.
2782 3836 2919 3892 Nam
2972 3837 3120 3906 quod
3155 3835 3399 3908 Egyptii

1823 3936 2258 4007 discrepantibus
2287 3933 2533 3988 moribus
2555 3930 2828 3996 delectati,
2863 3943 2992 3984 suos
3020 3928 3238 3998 ipsimet
3263 3927 3401 3982 alio-

1823 4046 1946 4086 rum
1976 4029 2067 4082 alii
2093 4027 2233 4082 ritus
2261 4023 2446 4079 verbis
2465 4023 2764 4088 eievarent,
2786 4029 3090 4090 mutuoque
3112 4027 3403 4088 propterea

1821 4122 1990 4195 418
2014 4119 2140 4175 odio
2171 4123 2504 4182 tenerentur,
2537 4115 2626 4170 ille
2655 4129 2780 4170 cum
2805 4113 3039 4184 singulis
3065 4113 3136 4166 ita
3167 4111 3400 4168 seorsim

1823 4217 2036 4286 agebat,
2068 4221 2127 4266 ut
2157 4208 2422 4280 quidquid
2456 4208 2574 4263 suis
2614 4208 2817 4277 quique
2856 4207 2924 4262 de
2950 4206 3114 4261 rebus
3148 4220 3214 4260 ac
3233 4204 3404 4274 placi-

1823 4308 1895 4362 tis
1929 4305 2270 4375 disputarent
2309 4300 2362 4355 id
2392 4308 2564 4355 totum
2595 4299 2711 4369 ipse
2737 4306 3042 4368 respueret,
3073 4304 3128 4351 et
3151 4296 3218 4350 ab
3250 4294 3402 4349 omni

1824 4397 2052 4456 veritate
2097 4407 2332 4449 vacuum
2377 4405 2502 4447 esse
2553 4390 2976 4445 demonstraret.
3041 4387 3160 4454 Quo
3193 4386 3400 4441 factum

1825 4503 1929 4560 est,
1980 4496 2043 4544 ut
2082 4487 2136 4540 in
2180 4482 2518 4556 quotidianis
2545 4496 2671 4536 eum
2729 4480 3047 4548 mutuisque
3086 4474 3400 4546 congressi-

1822 4586 1948 4647 bus,
1976 4589 2238 4648 tanquam
2264 4573 2754 4645 sapientissimum,
2777 4585 2880 4624 nec
2899 4567 3163 4638 singulari
3187 4573 3400 4620 tantum

131 4676 468 4748 intelligendi
531 4678 586 4732 vi
629 4678 940 4748 praeditum,
1003 4681 1097 4736 sed
1143 4681 1307 4736 etiam
1350 4680 1416 4734 ad
1462 4679 1903 4750 persuadendum
1967 4673 2109 4738 aliis,
2141 4666 2404 4740 quidquid
2429 4663 2772 4736 probandum
2829 4660 3184 4728 suscepisset,
3211 4665 3401 4750 ροιειι-

129 4747 409 4825 tissimum
471 4747 898 4827 admirarentur.
963 4774 1156 4843 Itaque
1206 4747 1610 4828 arithmeticam
1661 4787 1756 4827 eos
1830 4778 1995 4838 atque
2079 4761 2433 4833 astrologiam
2484 4759 2693 4828 prolixe
2735 4771 2799 4810 ac
2844 4752 3141 4843 liberaliter
3189 4747 3395 4808 docuit,

132 4866 332 4934 quibus
392 4865 450 4920 in
510 4867 743 4934 artibus,
785 4878 911 4924 ante
971 4869 1144 4939 ipsius
1178 4869 1494 4936 adventum,
1541 4867 1790 4939 Egyptii
1828 4858 2341 4933 hospites/omnino
2394 4869 2460 4910 ac
2502 4851 2771 4924 peregrini
2821 4849 3060 4903 fuerant.
3107 4842 3318 4914 Quippe
3365 4854 3398 4894 a

131 4960 406 5018 Chaldaeis
432 4962 488 5016 in
519 4961 836 5035 Egyptum,
879 4963 1115 5034 indeque
1164 4965 1232 5020 ad
1253 4963 1473 5021 Graecos
1531 4965 1820 5032 utriusque
1867 4967 2134 5032 praecepta
2169 4957 2580 5024 permanarunt.
2623 4967 2642 4999 ι
2677 4945 2802 5000 Haec
2833 4941 3124 5013 Iosephus.

660 5060 1056 5114 ΚΕΦΑΛΑΙΟΝ
1097 5060 1194 5113 IZ'.

133 5151 492 5221 Εὐπολέμου
522 5152 657 5220 περὶ
699 5151 963 5221 Ἀϐραὰμ,
1003 5151 1121 5206 ἀπὸ
1162 5151 1273 5222 τῆς
1316 5151 1716 5220 Ἀλεξάνδρου

255 5222 366 5276 τοῦ
393 5225 804 5292 Πολυΐστορος
840 5223 972 5291 περὶ
1014 5223 1308 5277 Ἰουδαίων
1337 5222 1590 5293 γραφῆς.

202 5339 427 5412 Συνᾲδει
478 5339 536 5394 δὲ
567 5339 776 5403 τούτοις
811 5340 906 5393 καὶ
928 5339 956 5391 ὁ
982 5337 1299 5410 Πολυΐστωρ
1335 5335 1711 5408 Ἀλέξανδρος,

141 5433 394 5497 πολύ-ρους
421 5434 497 5488 ὢν
525 5435 617 5488 καὶ
651 5433 966 5504 πολυμαθὴς
998 5432 1156 5504 ἀνὴρ,
1179 5436 1290 5495 τοῖς
1316 5448 1377 5484 τε
1411 5431 1486 5500 μὴ
1516 5429 1654 5500 πάρε
1663 5446 1721 5499 ρ-

138 5539 231 5589 γον
259 5525 354 5577 τὸν
387 5523 498 5578 ἀπὸ
536 5523 787 5585 παιδείας
827 5522 1037 5592 καρπὸν
1084 5519 1470 5591 πεποιημένοις
1497 5515 1719 5586 Ἕλλησι

213 5681 324 5751 (94-)
365 5680 774 5747 Μνημονεύει,
805 5687 930 5751 etc.
976 5676 1077 5733 Hic
1119 5678 1278 5748 locus,
1303 5681 1482 5732 exstat
1514 5688 1636 5743 cap.
1658 5671 1712 5735 8,

145 5747 242 5809 lib.
267 5767 284 5805 ι
309 5747 607 5820 Αηιίιιιιὶιη
639 5764 758 5819 pag.
797 5747 879 5803 16.

2401 5041 2630 5098 CAPUT
2659 5039 2822 5094 XVII.

1823 5144 1900 5200 De
1935 5142 2256 5201 Abrahamo,
2284 5153 2348 5191 ea:
2392 5131 2704 5201 Eupolemo,
2741 5145 2890 5198 quem
2939 5123 3394 5201 laudot‘Alexan-

2018 5213 2110 5266 der
2141 5197 2489 5279 Polyhistor,
2521 5202 2610 5256 ubi
2655 5203 2718 5255 de
2750 5197 2955 5256 Judwis
2992 5197 3197 5253 scribit.

1923 5326 2135 5395 Quibus
2184 5322 2496 5395 Polyhistor
2534 5313 2843 5372 Alexander
2871 5311 3029 5382 plane
3050 5307 3396 5377 suﬂragatur,

1827 5421 1912 5474 vir
1947 5416 2152 5474 summi
2185 5411 2390 5483 ingenii
2421 5408 2713 5476 multaeque
2743 5400 3097 5466 eruditionis,
3146 5397 3400 5466 idemque

1829 5511 2030 5568 Graecis
2062 5505 2405 5568 hominibus,
2433 5502 2527 5572 qui
2564 5513 2673 5554 non
2705 5497 2894 5552 leviter
2936 5509 2999 5548 ac
3029 5489 3401 5563 perfunctorie

1841 5714 1846 5718 .
1900 5665 2032 5732 (24⁸)
2073 5661 2260 5731 Λιμοῦ
2284 5657 2371 5712 δέ.
2418 5655 2555 5732 Ilinc
2588 5667 2789 5732 novum
2810 5646 3283 5732 caputlosepltus
3311 5660 3402 5704 or-

1837 5717 2272 5807 diiur,'suisquc,
2305 5745 2411 5786 non
2451 5725 2680 5791 Nicolai,
2713 5717 2897 5780 verbis
2926 5721 3115 5776 utitur.
