3824 6226
431 216 533 272 707

1100 218 1373 277 EUSEBll
1411 218 1893 279 CESARIENSIS
1916 222 2069 278 OPP.
2111 222 2293 279 PARS
2323 223 2388 279 ιι.
2429 254 2500 268 -
2535 225 3037 285 APOLOGETICA.

3581 232 3686 289 '08

428 328 692 385 doctrina
737 326 978 385 fructum
1030 329 1413 400 degustarunt,
1458 331 1618 405 longe
1655 335 1996 391 notissimus.

2108 340 2542 407 γνωριμώτατος,
2579 338 2639 403 ὃς
2664 342 2722 393 ἐν
2764 343 2829 412 τῇ
2859 342 2988 413 περὶ
3025 340 3292 395 Ἰουδαίων
3330 345 3582 413 συντάξει
3616 360 3689 400 τα

427 419 479 476 is
512 421 680 491 igitur
706 421 762 475 in
788 436 876 489 ea,
903 436 1068 491 quam
1103 422 1172 476 de
1195 421 1401 480 Judaeis
1424 425 1582 490 texit,
1618 424 1874 493 historia,
1914 443 2003 483 res

427 513 728 567 Abrahami
783 513 863 568 sic
913 514 981 567 ad
1028 514 1256 568 verbum
1292 517 1649 586 exsequitur:
1700 537 1721 570 ι
1772 518 2005 589 Eupole-

427 620 574 671 mus,
600 605 798 675 inquit,
825 606 880 659 in
911 620 997 671 ea,
1032 621 1197 677 quam
1224 606 1294 662 de
1319 606 1523 665 Iudaeis
1551 610 1791 681 Assyriis
1818 611 2001 676 habet,

426 697 820 767 disputatione,
855 706 1053 753 auctor
1092 706 1198 763 est,
1239 698 1477 774 primum
1518 700 1740 769 quidem
1774 699 2007 773 Babylo-

426 804 549 843 nem
584 788 797 854 urbem,
834 802 898 842 ac
926 790 1281 859 postmodum
1313 793 1507 847 turrim
1541 792 1690 846 illam
1715 792 2006 848 historico-

424 897 547 934 rum
578 882 825 935 omnium
857 895 953 936 ore
974 882 1260 951 jactatam,
1294 883 1365 938 ab
1401 884 1469 939 iis
1502 885 1596 953 qui
1621 884 1887 940 diluvium
1916 883 1998 938 ef-

424 974 693 1045 fugissent
739 972 1034 1045 (Gigantes
1090 975 1168 1029 illi
1218 974 1413 1046 erant)
1468 976 1783 1041 excitatam,
1829 990 2004 1046 eaque

422 1066 618 1120 deinde
643 1064 859 1121 summa
878 1064 1133 1121 Numinis
1162 1075 1429 1136 potestate
1454 1066 1704 1135 disjecta,
1736 1074 1853 1121 toto
1876 1080 2005 1136 pas-

423 1157 529 1210 sim
564 1155 697 1211 orbe
745 1155 1039 1211 distractos
1077 1171 1141 1210 ac
1169 1156 1468 1225 dissipatos
1509 1155 1771 1225 Gigantes
1805 1156 1998 1211 fuisse.

421 1244 567 1301 idem
607 1255 765 1300 etate
797 1246 1033 1312 decima,
1070 1245 1402 1312 Camarina,
1433 1262 1557 1316 quae
1583 1246 1895 1319 Babyloniae
1923 1250 2003 1303 ci-

420 1340 564 1394 vitas
597 1348 703 1402 est,
751 1352 1032 1408 quamque
1063 1337 1230 1393 Urien
1279 1339 1528 1393 nonnulli
1568 1349 1785 1406 vocant,
1822 1339 2001 1396 Graeci

421 1431 833 1501 Chaldazopolin
879 1431 1337 1500 interpretantur,
1387 1429 1761 1486 Abrahamum
1807 1439 2001 1487 natum

421 1539 545 1579 esse
576 1524 764 1590 tradit,
807 1522 904 1594 qui
938 1537 1063 1577 cum
1099 1522 1383 1576 nobilitate
1422 1538 1489 1578 ac
1520 1523 1785 1592 sapientia
1823 1522 2003 1577 omni-

422 1617 527 1672 bus
577 1616 903 1681 anteiverit,
962 1622 1080 1668 tum
1125 1629 1257 1669 vero
1309 1615 1661 1686 astrologiam
1696 1613 1902 1684 pariter
1946 1622 2003 1667 et

419 1708 776 1765 Chaldaicam
804 1708 1099 1771 invenerit,
1135 1715 1189 1762 et
1239 1708 1509 1778 singulari
1557 1707 1740 1763 studio
1784 1706 2000 1777 pietatis

421 1801 665 1856 divinam
703 1800 810 1856 sibi
851 1800 1082 1870 gratiam
1129 1798 1464 1854 conciliarit.
1509 1797 1669 1854 Hunc
1707 1812 1874 1868 porro
1913 1798 2000 1852 di-

420 1895 550 1948 vino
600 1893 783 1963 jussu,
833 1892 1101 1948 collocato
1150 1906 1336 1946 rerum
1392 1906 1619 1946 suarum
1676 1891 1732 1945 in
1777 1889 2000 1945 Plateni-

420 1987 507 2041 cia
528 1985 828 2052 domicilio,
877 1984 1010 2040 solis
1040 1984 1292 2053 lunaeque
1333 1984 1723 2039 conversiones
1769 1998 1836 2038 ac
1871 1983 2000 2039 reli-

421 2092 531 2148 qua
593 2076 648 2131 id
702 2091 875 2145 genus
929 2076 1115 2130 omnia
1175 2074 1464 2130 thnices
1520 2074 1816 2142 docuisse,
1877 2091 2001 2146 quae

419 2184 509 2224 res
574 2183 789 2222 sumine
851 2167 1153 2237 gratiosum
1214 2182 1339 2223 eum
1407 2166 1553 2236 apud
1614 2181 1797 2237 negem
1870 2166 2001 2221 effe-

420 2260 579 2315 cerit.
628 2258 825 2314 Postea
869 2274 1021 2327 vero,
1077 2274 1205 2315 cum
1252 2259 1527 2329 appetitos
1575 2258 1718 2318 bello
1774 2256 2001 2313 thni—

419 2367 511 2407 τος
584 2350 831 2405 Armenii
905 2358 1291 2420 superassent,
1357 2351 1646 2421 ipsumque
1697 2348 1998 2404 Abrahami

421 2451 669 2513 nepotem
699 2441 973 2511 captivum
1008 2441 1365 2508 abducerent,
1395 2441 1772 2496 Abrahamum
1813 2454 1999 2496 servo-

420 2553 541 2593 rum
572 2537 741 2609 419
768 2552 933 2590 manu
983 2534 1244 2605 stipatum
1280 2534 1550 2588 auxilium
1576 2534 1626 2587 ei
1674 2533 1888 2597 tulisse,
1916 2532 1999 2585 vi-

417 2640 599 2683 ctores
622 2643 780 2683 suam
807 2627 863 2680 in
890 2634 1215 2696 potestatem
1264 2624 1566 2694 redegisse,
1599 2638 1902 2693 eorumque
1929 2622 1997 2676 li-

418 2720 583 2775 beros
622 2727 678 2774 et
703 2733 904 2774 uxores
946 2718 1071 2773 belli
1101 2718 1226 2787 jure
1256 2727 1448 2787 captos
1493 2717 1762 2787 abegisse.
1791 2714 1997 2771 Verum

418 2811 610 2882 legatis
639 2810 706 2865 ad
734 2811 914 2880 ipsum
942 2810 1018 2865 ab
1042 2811 1199 2864 hoste
1231 2809 1441 2874 missis,
1474 2809 1572 2880 qui
1612 2808 1859 2879 captivos
1902 2825 1999 2879 pe-

418 2904 584 2960 cunia
619 2903 970 2968 redimerent,
1006 2903 1165 2958 victis
1186 2917 1312 2958 eum
1341 2902 1607 2958 insultare
1635 2900 1874 2958 ferocius
1897 2916 1999 2956 no-

418 2997 610 3058 luisse,
651 2995 746 3049 sed
799 2993 1035 3047 militum
1079 3007 1304 3047 suorum
1338 2992 1610 3063 stipendio
1655 3002 1996 3061 contentum,

416 3087 665 3157 captivos
695 3086 992 3139 liberaliter
1032 3084 1356 3139 reddidisse.
1406 3083 1571 3139 Addit
1619 3084 1843 3155 insuper
1869 3100 1997 3139 eum

417 3192 475 3233 tn
511 3192 670 3232 sacro
702 3177 868 3231 urbis
913 3174 1223 3244 Argarizin,
1257 3176 1363 3230 hoc
1397 3185 1482 3230 est
1514 3176 1781 3231 Altissimi
1816 3176 1999 3232 Monte

419 3276 734 3336 susceptum
752 3268 1026 3347 'hospitio,
1053 3266 1200 3320 dona
1223 3266 1391 3321 simul
1423 3282 1455 3322 a
1477 3265 1873 3323 Melchisedeco
1898 3267 1997 3324 Dei

419 3360 723 3425 sacerdote,
754 3359 848 3428 qui
883 3358 1086 3414 ibidem
1109 3359 1397 3428 regnabat,
1425 3359 1722 3428 accepisse.
1747 3358 2001 3415 Postmo-

417 3450 548 3505 dum
577 3458 804 3519 urgente
858 3448 1003 3504 fame
1044 3449 1419 3503 Abraltamum
1464 3449 1521 3503 in
1550 3448 1843 3519 Egyptum
1870 3464 1997 3504 cum

418 3544 675 3598 universa
704 3540 909 3595 familia
939 3541 1259 3604 secessisse,
1313 3541 1500 3611 ibique
1544 3540 1653 3597 lixa
1687 3543 1835 3607 sede,
1870 3560 1997 3598 cum

417 3632 537 3702 ejus
557 3646 747 3695 uxore,
783 3646 951 3700 quam
976 3645 1227 3686 sororem
1259 3632 1350 3687 ille
1376 3648 1533 3687 suam
1562 3643 1804 3700 vocaret,
1835 3633 2000 3706 Egy-

416 3726 658 3795 ptiorum
704 3738 887 3794 regem
928 3724 1345 3778 matrimonium
1378 3725 1591 3781 iniisse.
1617 3723 1718 3781 Hic
1745 3742 1877 3781 vero
1909 3726 1997 3781 fu-

417 3817 536 3872 sius
556 3816 897 3885 exsequitur,
922 3816 1386 3885 quemadmodum
1404 3831 1506 3870 nec
1528 3817 1675 3873 illius
1689 3831 1995 3887 congressu

419 3909 527 3963 frui
557 3924 655 3962 rex
704 3906 963 3979 potuerit,
1006 3915 1063 3961 et
1096 3908 1359 3977 populum
1399 3907 1520 3977 ejus
1558 3908 1874 3962 universum
1904 3924 1994 3963 re-

417 4000 670 4070 giamque
722 3998 860 4053 adeo
907 3997 1172 4052 familiam
1220 3997 1544 4069 gravissima
1575 3998 1743 4068 pestis
1774 3999 1996 4053 invase-

418 4090 491 4144 rit
522 4108 536 4143 :
573 4090 901 4159 tandemque
927 4104 1046 4155 rex,
1078 4090 1346 4143 consultis
1373 4090 1612 4155 vatibus,
1658 4105 1723 4144 ac
1768 4091 1996 4146 minime

418 4181 639 4236 viduam
688 4180 979 4235 mulierem
1026 4195 1149 4236 esse
1194 4180 1676 4251 respondentibus,
1725 4181 1820 4237 ubi
1872 4197 1995 4237 eam

490 4425 605 4495 (25)
663 4424 1034 4493 Εὐπόλεμος.
1094 4426 1252 4483 Hunc
1302 4425 1445 4481 infra
1495 4441 1638 4495 saepe
1681 4427 1991 4498 loquentem

415 4498 707 4551 audiemus
738 4511 751 4545 :
787 4510 950 4563 quem
975 4513 1099 4550 cum
1136 4499 1256 4551 aliis
1290 4497 1503 4551 duobus
1531 4496 1805 4553 excusans
1827 4499 1985 4554 lose»

418 4569 560 4640 pnus
592 4566 683 4619 lib.
715 4581 737 4640 ι
764 4575 931 4640 contr.
968 4566 1158 4640 Apion.
1186 4586 1204 4624 :
1241 4568 1300 4640 Ὀ
1336 4567 1528 4640 μέντοι,
1562 4567 1840 4640 Φαληρεὺς
1878 4574 1988 4640 Δη-

421 4635 684 4710 μήτριος,
712 4635 932 4710 in_quit_,_
952 4637 1047 4710 καὶ
1076 4638 1247 4710 Φίλων
1271 4639 1300 4710 ό
1325 4635 1729 4710 πρεσϐύτερος,
1763 4641 1855 4710 καὶ
1885 4635 1991 4693 Εὖ-

419 4703 688 4780 πόλεμος,
721 4703 950 4780 ορᾇπολὺ
979 4707 1076 4780 τῆς
1102 4703 1678 4780 ἀληθείας’διήμαρτον
1697 4725 1711 4739 -
1738 4703 1821 4780 οἷς
1859 4727 1991 4780 συγ-

457 4775 704 4852 ινώσκειν
746 4775 928 4852 ἄξιον]
975 4775 1048 4852 οὑξ
1076 4775 1348 4852 γάρὲνῆν
1395 4775 1575 4842 αὖτοῖς
1624 4779 1769 4852 μετὰ.
1811 4775 1991 4852 πάσης

417 4787 704 4901 ἔινωσκειν
746 4787 928 4841 αξιοψ
975 4787 1034 4829 ου
1076 4787 1185 4848 γάρ
1221 4787 1348 4847 ενην
1395 4787 1575 4842 αὐτοῖς
1624 4787 1761 4849 μετά
1811 4787 1985 4852 πάσης

456 4846 717 4920 κριϐείαςᾷ
735 4849 846 4920 τοῖς
881 4847 1168 4920 ἡμετέροις
1208 4849 1498 4919 γράμμασι
1519 4849 1985 4920 παρακολουθεῖν.

490 4916 604 4987 (26)
648 4916 1111 5000 ρύρίηνςεοιιε
1140 4916 1659 5000 lege’ud’um‘ugpqv.
1711 4922 1803 5000 Sic
1840 4923 1986 4975 enim

420 4989 561 5061 hanc
605 4989 795 5061 urbem
822 4988 1133 5061 ,AAntiquit.
1176 4988 1285 5061 lib._
1306 5006 1324 5043 ι
1351 4988 1464 5061 ,_c‘.
1497 4988 1557 5061 7,
1589 4988 1860 5060 Josepltus
1888 5008 1987 5061 ap-

416 5059 601 5181 rellat.
649 5056 758 5113 Ura
780 5099 795 5124 ,
846 5056 1021 5144 locus
1043 5059 1204 5113 etiam
1257 5058 1435 5115 Plinio
1455 5100 1469 5119 ,
1521 5060 1583 5140 in.
1623 5077 1687 5115 ea
1721 5056 1986 5131 regione,

444 5128 513 5181 ab.
542 5145 596 5181 ν.
615 5144 664 5181 c.
681 5128 775 5181 24:
794 5129 896 5181 sub
922 5130 1017 5181 hn.
1040 5127 1313 5181 Geneseos
1344 5145 1381 5181 ιι
1432 5129 1508 5181 llr
1533 5130 1676 5181 dicta
1702 5142 1803 5181 est-
1822 5148 1986 5181 (tuam

307 5188 313 5196 _
418 5127 513 5201 13b.
542 5145 596 5192 ν,
615 5128 775 5201 ο.ί24;
794 5129 896 5201 sub
922 5127 1017 5182 ﬁn.
1040 5127 1327 5201 Geneseos
1344 5145 1381 5184 ιι
1432 5129 1508 5186 Ur
1533 5130 1676 5186 dicta
1702 5127 1989 5201 est,'quam

419 5197 773 5271 Septuaginta
799 5196 980 5271 χώραν
1003 5198 1111 5253 τῶν
1126 5199 1407 5255 Χαλδαίων
1426 5211 1635 5256 vertere
1656 5196 1989 5258 maluerunt.

419 5215 773 5324 {septuaginta
799 5215 980 5271 χωραν
1003 5215 1111 5253 των
1126 5215 1407 5255 ᾹαΛοαιων
1426 5215 1635 5256 vertere
1656 5215 1989 5258 maluerunt.

416 5275 531 5363 ἷξε
542 5270 1991 5363 5}-.-.haﬁﬁife_.fﬂl"zllffeq13389134199399

417 5336 890 5421 ἐῐψιὶῦοομμὶιιο
923 5340 1076 5393 urbis
1111 5340 1278 5422 hujus
1337 5336 1567 5421 nont'eu,
1613 5336 1699 5423 vel
1747 5336 1991 5412 quod-in

416 5411 648 5481 vallibus
694 5420 830 5481 sua,
867 5410 951 5463 vel
992 5410 1138 5478 quod
1172 5426 1313 5481 ignis
1353 5411 1428 5464 lbi
1472 5426 1743 5481 praeeipue
1785 5414 1985 5468 cultus.

416 5478 606 5553 Itaque
752 5478 969 5551 Οὕρην,
1016 5483 1130 5553 sive
1179 5478 1415 5553 Οὐρίην,
1473 5478 1658 5553 Graece
1705 5482 1988 5537 Χαλδαίων

416 5544 605 5613 πόλιν,
655 5544 1041 5619 interpretatur
1064 5544 1435 5619 Eupolemus,
1467 5551 1627 5607 ﬁdem
1676 5568 1784 5608 non
1808 5570 1989 5608 mere-

417 5626 524 5674 tur.
582 5619 687 5675 Sed
733 5619 1082 5690 credibilius,
1128 5622 1360 5680 alterum
1390 5621 1512 5693 ejus
1541 5637 1743 5678 nomen
1791 5625 1987 5693 Καμα-

2106 424 2246 477 κατά
2287 426 2380 480 τὸν
2421 427 2669 499 ’Δϐραὰμ
2704 428 2893 483 τοῦτον
2952 432 3156 503 ἱστορεῖ
3206 432 3347 487 κατά
3396 433 3543 499 λέξιν
3593 437 3690 490 τὸν

2105 517 2323 589 τρόπον’
2347 536 2367 569 ι
2388 518 2703 590 Εὐπόλεμος
2731 519 2911 592 (25)δὲ
2935 524 2995 576 ὲν
3022 522 3101 594 τῷ
3133 523 3262 595 περὶ
3290 523 3556 579 Ἰουδαίων
3583 526 3690 595 τῆς

2118 612 2404 683 Ἀσσυρίας
2428 613 2600 682 φησι,
2636 614 2791 667 πόλιν
2847 615 3141 670 Βαϐυλῶνα
3185 617 3402 687 πρῶτον
3437 617 3535 688 μὲν
3574 636 3692 673 κτι-

2107 701 2296 774 σθῆναι
2329 703 2435 757 ὐπὸ
2461 704 2570 759 τῶν
2597 704 2970 760 διασωθέντων
3000 709 3066 761 ἐκ
3121 708 3218 762 τοῦ
3258 710 3686 783 κατακλυσμοῦο

2104 789 2241 861 εἶναι
2270 793 2328 847 δὲ
2359 795 2554 859 αὐτοὺς
2583 796 2864 865 γίγαντας.
2896 800 3209 871 Οἰκοδομεῖν
3239 802 3298 856 δὲ
3320 803 3412 857 τὸν
3438 804 3694 876 ἱστοροῦ-

2108 898 2266 952 μενον
2299 882 2525 954 πύργον.
2561 886 2827 951 Πεσόντος
2860 888 2917 940 δὲ
2948 888 3138 943 τούτου
3171 891 3278 945 ὑπὸ
3308 893 3407 965 τῆς
3432 894 3528 948 τοῦ
3553 896 3692 949 Θεοῦ

2105 973 2403 1044 ἐνεργείας,
2434 975 2562 1039 τοὺς
2589 976 2851 1046 γίγαντας
2880 979 3248 1053 διασπαρῆναι
3276 985 3398 1039 καθ’
3430 986 3561 1059 ὅλην
3587 989 3693 1060 τὴν

2102 1067 2223 1137 γῆν.
2266 1068 2477 1140 Δεκάτῃ
2512 1069 2569 1123 δὲ
2599 1074 2779 1143 γενεᾷ,
2807 1075 2992 1144 φησὶν,
3025 1077 3084 1128 ὲν
3120 1076 3272 1130 πόλει
3302 1078 3405 1149 τῆς
3434 1064 3695 1133 Βαϐυλωο

2102 1155 2220 1219 νίας
2247 1157 2564 1230 Καμαρίνῃ,
2597 1161 2666 1231 ἤν
2709 1177 2862 1225 τινας
2906 1161 3084 1232 λέγειν
3122 1165 3274 1220 πόλιν
3301 1169 3504 1239 Οὐρξην
3540 1153 3652 1239 (9.6)
3673 1188 3689 1200 ο

2102 1242 2242 1300 εἶναι
2267 1247 2324 1300 δὲ
2355 1247 2901 1323 μεθερμηνευομένην
2925 1255 3208 1310 Χαλδαίων
3235 1258 3387 1312 πόλιν
3409 1278 3423 1290 ·
3454 1262 3514 1312 ἐν
3537 1278 3694 1333 τρισ-

2103 1340 2398 1413 καιδεκάτῃ
2448 1343 2701 1411 γενέσθαι
2746 1344 2995 1418 Ἀϐραὰμ
3049 1350 3234 1420 γενεᾷ,
3290 1350 3540 1423 εὐγενείᾳ
3592 1354 3693 1405 καὶ

2104 1431 2267 1503 σοφίᾳ
2294 1432 2504 1497 πάντας
2550 1433 2985 1507 ὑπερϐεϐηκότα,
3023 1437 3081 1491 ὃν
3112 1438 3176 1511 δὴ
3208 1440 3306 1494 καὶ
3348 1442 3451 1512 τὴν
3486 1444 3693 1516 ἀστρο-

2102 1520 2288 1592 λογίαν
2316 1526 2409 1578 καὶ
2438 1525 2746 1599 Χαλδαῖκὴν
2792 1530 2995 1600 εὑρεῖν,
3029 1532 3121 1583 ἐπί
3165 1548 3225 1584 τε
3255 1532 3354 1603 τὴν
3401 1534 3692 1587 εὐσέϐειαν

2101 1617 2440 1689 ὁρμήσαντα,
2475 1620 2834 1691 εὐαρεστῆσαι
2877 1622 2957 1693 τῷ
2987 1623 3125 1695 Θεῷ.
3161 1624 3362 1679 Τοῦτον
3394 1625 3453 1678 δὲ
3494 1626 3585 1680 διὰ
3620 1629 3693 1682 τὰ

2107 1710 2501 1781 προστάγματα
2548 1711 2643 1765 τοῦ
2685 1712 2821 1767 Θεοῦ
2847 1755 2862 1780 ,
2910 1718 2991 1780 είς
3034 1715 3285 1788 Φοινίκην
3318 1716 3432 1788 (27)
3464 1719 3692 1773 ἐλθόντα

2107 1799 2447 1869 κατοικῆσαι,
2472 1802 2568 1855 καὶ⁵
2609 1802 2818 1872 τροπάς
2864 1803 3018 1875 ἡλίου
3065 1804 3161 1858 καὶ
3201 1806 3448 1878 σελήνης,
3491 1807 3589 1861 καὶ
3622 1810 3693 1861 τὰ.

2107 1892 2240 1947 ἄλλα
2285 1892 2462 1947 πάντα
2491 1892 2778 1957 διδάξαντα
2810 1895 2937 1960 τοὺς
2981 1895 3264 1962 Φοίνικας,
3318 1898 3692 1969 εὐαρεστῆσαι

2105 1983 2184 2055 τῷ
2247 1984 2454 2055 βασιλεῖ
2518 1986 2717 2040 αὐτῶν.
2765 1987 3030 2059 ’Ύστερον
3090 1988 3148 2042 δὲ
3200 1988 3513 2060 Ἀρμενίους
3570 1994 3694 2045 ἐπι-

2108 2075 2436 2148 στρατεῦσαι
2465 2078 2576 2139 τοῖς
2614 2076 2843 2141 Φοίνιξι·
2883 2077 3220 2148 νικησάντων
3264 2079 3323 2132 δὲ
3364 2079 3462 2132 καὶ¹
3490 2081 3695 2153 αἰχμα-

2107 2164 2489 2236 λωτισαμένων
2533 2167 2624 2221 τὸν
2674 2166 2987 2237 ἀδελφιδοῦν
3037 2167 3237 2234 αὑτοῦ,
3293 2169 3387 2223 τὸν
3438 2169 3691 2241 Ἀϐραάμ

2110 2257 2250 2328 μετὰ
2300 2258 2524 2312 οἰκετῶν
2568 2259 2907 2331 βοηθήσαντα
2931 2298 2948 2325 ,
3009 2260 3251 2333 ἐγκρατῆ
3283 2260 3538 2330 γενέσθαι
3579 2263 3693 2314 τῶν

2106 2349 2662 2421 αίχμαλωτισαμένων
2685 2392 2701 2416 ,
2769 2350 2865 2405 καὶ
2917 2350 3025 2405 τῶν
3077 2351 3350 2423 πολεμίων
3401 2352 3691 2422 αἰχμαλω-

2106 2438 2251 2493 τίσαι
2308 2440 2475 2496 τέκνα
2535 2441 2630 2494 καὶ
2681 2445 2964 2510 γυναῖκας.
3013 2442 3301 2515 Πρέσϐεων
3348 2441 3404 2496 δὲ
3443 2459 3700 2515 παραγεο-

2104 2530 2344 2600 νομένων
2379 2532 2515 2602 πρὸς
2545 2531 2727 2597 αὐτὸν,
2773 2532 2921 2597 ὅπως
2960 2534 3215 2605 χρήματα
3259 2532 3439 2587 λαϐὼν
3482 2534 3692 2588 ἀπολυ-

2104 2622 2291 2698 τρώσῃ
2318 2625 2510 2689 ταῦτα,
2544 2626 2617 2698 μὴ
2639 2626 2962 2699 προελέσθαι
2990 2631 3102 2689 τοῖς
3132 2626 3482 2699 δυστυχοῦσιν
3513 2630 3690 2701 επεμ-

2106 2715 2329 2782 ϐαίνειν,
2378 2716 2513 2771 ἀλλὰ
2552 2718 2653 2782 τὰς
2705 2719 2910 2791 τροφὰς
2953 2718 3185 2772 λαϐόντα
3219 2720 3327 2772 τῶν
3364 2720 3688 2781 νεανίσκων,

2106 2808 2397 2864 ἀποδοῦναι
2427 2808 2496 2862 τὰ
2523 2810 2862 2881 αἰχμάλωτα,
2910 2811 3215 2882 ξενισθῆναί
3267 2828 3329 2864 τε
3375 2812 3544 2865 αὑτὸν
3584 2812 3694 2866 ὑπ’)

2105 2900 2311 2965 πόλεως
2339 2902 2501 2971 ἱερὸν,
2546 2903 2859 2973 Ἀργάριξιν
2888 2903 3020 2973 (28),
3054 2903 3082 2955 ὃ
3112 2898 3245 2956 εἶναι
3281 2903 3689 2974 μεθερμηνευο-

2107 3010 2266 3065 μενον
2292 2993 2421 3064 ὅρος
2449 2994 2724 3064 Ὑψίστου.
2754 2994 2911 3067 Παρὰ
2931 2995 2990 3048 δὲ
3014 2994 3109 3047 τοῦ
3134 2994 3471 3065 Μελχισεδὲκ
3493 2996 3687 3066 ίερέως

2102 3085 2252 3149 ὄντος
2278 3085 2371 3140 τοῦ
2394 3085 2555 3151 θεοῦ,
2583 3087 2680 3141 καὶ
2701 3087 3074 3158 βασιλεύοντος
3099 3087 3284 3140 λαϐεῖν
3312 3086 3483 3159 δῶρα.
3511 3089 3687 3160 Λιμοῦ

2100 3177 2157 3231 δὲ
2203 3178 2515 3247 γενομένου,
2562 3178 2652 3231 τὸν
2703 3177 2951 3249 Ἀϐραὰμ
2996 3177 3371 3248 ἀπαλλαγῆναι
3405 3181 3488 3242 είς
3518 3178 3687 3247 Δίγυ-

2099 3286 2232 3324 πτον
2265 3270 2539 3341 πανοικίᾳ,
2572 3270 2733 3322 κάκεῖ
2771 3273 3066 3338 κατοικεῖν,
3099 3273 3198 3341 τήν
3235 3288 3294 3323 τε
3328 3274 3565 3341 γυναῖκα
3589 3271 3685 3323 αὑ-

2098 3360 2192 3414 τοῦ
2218 3361 2308 3414 τὸν
2340 3360 2560 3431 βασιλέα
2582 3360 2690 3415 τῶν
2724 3362 3034 3429 Αἰγυπτίων
3062 3365 3257 3432 γῆμαι,
3289 3364 3490 3431 φάντος
3519 3362 3682 3415 αὐτοῦ

2098 3451 2329 3524 ἀδελφὴν
2375 3449 2533 3505 εἶναι.
2581 3452 2977 3523 Περισσότερον
3019 3451 3062 3503 δ’
3106 3453 3419 3523 ἱστόρησεν,
3457 3453 3541 3504 ὅτι
3584 3453 3685 3504 οὐκ

2098 3542 2332 3613 ¹ίχδύνατο
2374 3543 2510 3614 αὐτῇ
2547 3543 2924 3611 συγγενέσθαι,
2961 3543 3054 3595 καὶ
3105 3544 3187 3595 ὅτι
3232 3542 3431 3612 συνέϐη
3467 3541 3687 3613 φθείρε-

2101 3634 2223 3688 σθαι
2248 3633 2415 3688 αὐτοῦ
2440 3634 2532 3688 τὸν
2561 3635 2687 3688 λαὸν
2711 3637 2805 3689 καὶ
2831 3636 2921 3689 τὸν
2948 3630 3115 3689 οἶκον.
3146 3636 3384 3699 Μάντεις
3404 3635 3483 3699 δὲ,
3515 3634 3684 3688 αὐτοῦ

2098 3728 2443 3793 καλέσαντος,
2492 3728 2651 3781 τοῦτο
2690 3727 2878 3797 φάναι,
2930 3728 3002 3798 μὴ
3050 3724 3187 3780 εἶναι
3233 3728 3409 3798 χήραν
3447 3727 3548 3798 τὴν
3585 3744 3686 3795 γυ-

2098 3822 2289 3872 ναίκα·
2334 3818 2426 3871 τὸν
2466 3818 2524 3873 δὲ
2560 3818 2786 3889 βασιλέα
2834 3818 2941 3872 τῶν
2988 3817 3301 3887 Αἰγυπτίων
3346 3816 3518 3880 οὕτως
3561 3820 3686 3870 ἐπι-

2097 3906 2318 3975 γνῶναι,
2344 3908 2427 3961 ὅτι
2457 3908 2593 3980 γυνὴ
2616 3904 2684 3979 ἦν
2710 3907 2805 3961 τοῦ
2840 3907 3109 3978 Ἀϐραὰμ,
3141 3909 3235 3961 καὶ
3264 3907 3555 3961 ἀποδοῦναι
3585 3910 3685 3961 αὖ-

2096 3999 2197 4071 τὴν
2219 3999 2298 4070 τῷ
2323 3999 2495 4071 ἀνδρί.
2528 4002 2843 4072 Συςήσαντα
2871 4001 2928 4055 δὲ
2954 4000 3047 4054 τὸν
3089 3999 3338 4073 Ἀϐραάμ
3369 4001 3427 4053 ὲν
3471 4000 3685 4054 Ἡλιου-

2099 4091 2250 4145 πόλει
2283 4096 2392 4156 τοῖς
2417 4093 2730 4161 Αἰγυπτίων
2761 4092 2985 4165 ἱερεῦσι,
3015 4092 3185 4146 πολλὰ
3213 4092 3560 4165 μεταδιδάξαι
3587 4095 3683 4146 αὑ-

2097 4186 2244 4249 τοὺς,
2279 4187 2375 4239 καὶ
2400 4185 2498 4257 τὴν
2528 4185 2902 4257 ἀστρολογίαν,
2930 4187 3026 4240 καὶ
3056 4185 3126 4240 τὰ
3156 4184 3318 4240 λοιπὰ
3348 4185 3540 4239 τοῦτον
3574 4186 3680 4239 αὑ-

2107 4423 2257 4495 ρίνην
2277 4463 2291 4485 ,
2346 4422 2416 4495 ab
2445 4437 2511 4475 eo
2542 4422 2622 4477 sic
2652 4423 2911 4490 explicari
2937 4441 2950 4475 :
2979 4434 3040 4479 ut
3064 4440 3162 4494 per
3203 4425 3522 4488 Chaldaeos.
3566 4444 3677 4483 non

2105 4493 2503 4567 tamggpopulum
2527 4534 2542 4556 ,
2577 4493 3128 4567 _t_[uani‘sacerdotes,
3166 4511 3270 4550 seu
3321 4498 3680 4567 philosophos

2097 4565 2378 4632 intelligat,
2408 4578 2547 4632 quos
2573 4562 2785 4617 Hebraei
2815 4572 3035 4631 cat-1m,
3060 4567 3299 4621 Chaldaei
3323 4562 3552 4627 bth
3576 4583 3679 4623 vo-

2097 4636 2325 4698 cabant,
2364 4634 2578 4704 quibus
2631 4634 2747 4686 haec
2800 4635 2936 4704 urbs
2977 4637 3199 4704 proprie
3244 4638 3515 4692 attributa
3567 4641 3677 4695 sit.

2093 4706 2325 4829 filleboque
2351 4701 2641 4758 Camarine
2671 4703 2837 4758 dicta.
2874 4701 3000 4760 Πειιό
3049 4701 3328 4777 Scaligero
3359 4708 3679 4778 conjectura

2131 4792 2160 4829 e
2199 4787 2338 4828 etur.

2131 4787 2338 4830 CDCIUI‘.

2166 4844 2278 4915 (27)
2316 4847 2420 4911 El;-
2460 4846 2764 4912 Φοινίκην,
2805 4853 2907 4900 etc.
2953 4843 3073 4898 Non
3112 4855 3201 4899 est
3241 4861 3270 4899 a
3312 4845 3679 4915 scriptoribus

2093 4916 2216 4970 istis
2245 4917 2596 4983 exigendum,
2643 4925 2706 4969 ut
2728 4917 2798 4971 iis
2826 4930 2952 4970 cum
2988 4917 3161 4971 sacris
3189 4917 3388 4972 litteris
3421 4920 3682 4975 adamus-

2092 4987 2195 5044 sim
2227 4986 2531 5040 conveniat.

2165 5056 2285 5141 (2.8)Δ
2316 5054 2843 5141 Ἀργαριζῖξιῖοηε
2882 5055 3231 5141 ’λιξργαριξίμη
3260 5071 3367 5111 vox
3396 5071 3429 5138 ε
3458 5056 3675 5141 duabus

2093 5127 2362 5190 conﬂata,
2406 5136 2571 5189 cum
2606 5138 2681 5187 1n
2732 5142 2889 5180 mons
2926 5127 3202 5196 Gari‘zim,
3260 5127 3417 5196 quasi
3446 5128 3676 5183 divisio-

2094 5214 2248 5266 num,
2278 5207 2374 5252 aut
2401 5198 2610 5253 divisus
2640 5214 2651 5249 :
2686 5197 2871 5265 biceps
2904 5198 3051 5251 enim
3084 5214 3116 5252 a
3147 5198 3424 5266 plerisque
3448 5199 3671 5253 dicitur.

2092 5269 2280 5341 itaque
2328 5268 2528 5341 falsum
2600 5276 2718 5341 est,
2771 5266 2953 5341 quod-
2982 5269 3072 5341 ait
3121 5266 3455 5341 Eupolemus
3504 5269 3675 5341 Ὄρος

2104 5335 2358 5409 Ὑψίστου
2393 5338 2498 5409 hoc
2531 5339 2753 5409 nomine
2780 5335 3077 5409 significari
3116 5335 3275 5399 licet,
3305 5339 3453 5409 quod
3501 5338 3557 5409 i_n
3583 5335 3671 5393 ‘eo

2132 5403 2363 5479 raecipue
2397 5408 2567 5464 Deum
2618 5403 2946 5479 Samariiani
2979 5409 3279 5473 coluerint,
3324 5403 3386 5461 ut
3416 5409 3474 5479 in
3507 5406 3674 5479 sione

2127 5477 2305 5546 udaei,
2336 5494 2465 5534 vere
2497 5493 2657 5533 mons
2684 5478 2954 5549 Altissimi
2982 5479 3086 5534 dici
3115 5479 3375 5549 potuerit.
3405 5477 3492 5532 Cf.
3528 5477 3672 5549 Deu-

2052 5607 2067 5623 ,
2092 5543 2459 5608 teronoinium
2484 5591 2500 5614 ,
2547 5547 2905 5623 e_._n,_v._29,
2951 5557 3004 5603 et
3032 5564 3083 5603 c.
3115 5543 3276 5623 'xxv_u
3308 5590 3324 5617 ,
3358 5565 3411 5604 v.
3450 5550 3554 5615 ﬂ;
3584 5543 3674 5603 lo-

2094 5641 2212 5691 sue,
2241 5637 2289 5678 ο.
2328 5637 2446 5688 vm,
2479 5636 2531 5676 ν.
2566 5620 2674 5689 55;
2706 5616 2910 5686 Judic.,
2937 5635 2987 5675 c.
3028 5635 3104 5688 ix,
3136 5636 3186 5674 v.
3225 5617 3278 5674 7.
