3824 6226
134 235 231 290 709

1288 233 1614 291 ΡΒᾹΣΡΑΒ.
1656 229 1912 288 EVANG.
1953 228 2083 286 LIB.
2125 230 2223 287 IX.

3302 232 3409 290 710

133 355 235 418 τοῖς
264 352 689 425 εἰσηγήσασθαι,
720 354 963 427 φάμενον
1007 352 1384 418 Βαϐυλωνίους
1415 352 1590 409 ταῦτα
1621 352 1704 408 καί

1820 350 2120 406 Abrahami
2147 364 2377 406 uxorem
2408 365 2532 407 esse
2560 350 2945 421 comperisset,
2980 350 3098 407 viro
3125 365 3228 408 suo
3280 353 3409 407 red-

130 446 284 499 αὑτὸν
332 446 646 518 εὑρηκέναι,
680 446 780 518 τὴν
829 447 888 500 δὲ
925 446 1143 519 εὕρεσιν
1193 446 1374 501 αὐτῶν
1423 450 1503 511 εἰς
1541 445 1714 520 Ἑνὼχ

130 537 506 609 ἀναπέμπειν,
573 539 666 592 καὶ
730 538 919 592 τοῦτον
982 539 1274 611 εὑρηκέναι
1342 537 1559 609 πρῶτον
1614 538 1714 607 τὴν

129 629 482 700 ἀστρολογίαν
518 629 654 697 (29),
681 632 782 685 οὐκ
806 631 1160 699 Αἰγυπτίους.
1193 630 1568 694 Βαϐυλωνίους
1606 629 1716 702 γὰρ

130 719 301 788 λέγειν
342 718 562 790 πρῶτον
589 720 843 789 γενέσθαι
865 721 1057 792 Βῆλον,
1105 721 1164 775 ὃν
1189 717 1328 775 εἶναι
1378 721 1585 794 Κρόνον
1603 737 1619 753 ο
1650 722 1716 773 ἐκ

128 811 314 865 τούτου
343 812 401 866 δὲ
423 812 676 881 γενέσθαι
704 813 874 884 Βῆλον
905 812 1000 864 καὶ
1036 812 1279 877 Χαναὰν,
1309 810 1498 866 τοῦτον
1532 810 1589 863 δὲ
1620 810 1714 864 τὸν

130 904 345 958 Χαναὰν
370 903 631 974 γεννῆσαι
672 904 766 956 τὸν
803 902 1014 974 πατέρα
1053 902 1163 955 τῶν
1188 901 1470 963 Φοινίκων.
1507 900 1712 955 Τούτου

128 998 181 1051 δὲ
211 997 372 1068 Χοὺμ
404 996 517 1049 υίὸν
557 995 834 1064 γενέσθαι,
882 997 941 1049 ὃν
978 997 1083 1049 ὑπὸ
1123 995 1231 1049 τῶν
1266 994 1532 1067 Ἑλλήνων
1554 993 1713 1063 λέγε-

132 1087 249 1142 σθαι
282 1087 572 1149 ΙἌσϐολον,
596 1089 807 1159 πατέρα
845 1088 903 1141 δὲ
947 1086 1244 1150 Αἰθιόπων,
1277 1084 1508 1156 ἀδελφὸν
1531 1086 1589 1139 δὲ
1616 1084 1711 1138 τοῦ

128 1182 466 1254 Μεστραεὶμ,
496 1182 710 1255 πατέρα
759 1182 1093 1251 Αἰγυπτίων.
1129 1180 1395 1252 ’Έλληνας
1427 1178 1484 1232 δὲ
1532 1178 1714 1247 λέγειν

127 1275 214 1327 τὸν
248 1273 521 1328 ¹Ἄτλαντα
556 1274 848 1345 εὑρηκέναι
894 1273 1280 1345 ἀστρολογίαν·
1331 1266 1471 1325 εἶναι
1510 1270 1567 1324 δὲ
1622 1270 1713 1323 τὸν

132 1363 399 1418 Ἄτλαντα
439 1364 529 1417 τὸν
577 1364 739 1418 αὑτὸν
789 1365 885 1418 καὶ
922 1363 1114 1434 Ἑνώχ.
1144 1362 1251 1417 Τοῦ
1273 1362 1331 1416 δὲ
1364 1360 1533 1432 Ἑνὼχ
1569 1361 1716 1430 γενέ-

131 1459 249 1513 σθαι
301 1459 417 1513 υίδν
458 1458 841 1523 Μαθουσάλαν,
880 1458 939 1512 ὃν
989 1457 1169 1511 πάντα
1199 1458 1265 1511 δι’
1306 1456 1553 1526 ἀγγέλων
1579 1453 1715 1511 Θεοῦ

127 1554 349 1621 γνῶναι,
379 1553 476 1607 καὶ
502 1555 665 1625 ἡμεῖς
687 1551 861 1616 οὕτως
890 1550 1207 1621 ἐπιγνῶναι.
1234 1570 1254 1602 ι

1820 442 2038 498 diderit.
2070 441 2364 507 Caeterum,
2413 456 2540 498 cum
2592 442 2736 513 apud
2792 440 3115 513 Heliopolim
3152 442 3407 499 Abraha-

1819 550 1946 590 mus
1987 533 2371 606 Egyptiorum
2429 536 2778 592 sacerdotum
2808 536 3207 592 consuetudine
3237 537 3411 608 pluri-

1821 642 1972 682 mum
2003 634 2270 694 uteretur,
2318 626 2493 682 multa
2540 627 2713 698 ipsos,
2761 642 2979 683 necnon
3028 629 3409 700 astrologiam,

1822 736 2052 793 quaeque
2083 721 2153 777 ad
2183 736 2302 777 eam
2336 721 2618 791 pertinent
2644 723 2853 788 omnia,
2886 721 2981 775 illo
3011 722 3240 778 docente
3266 722 3412 778 didi-

1823 814 1968 869 cisse
1998 814 2184 878 tradit,
2220 812 2303 869 sic
2336 822 2519 868 tamen
2559 828 2749 868 eorum
2782 813 3153 869 inventionem
3183 813 3410 885 Babylo-

1820 903 1930 958 niis
1961 914 2126 974 atque
2152 902 2470 958 Abrahamo
2502 903 2609 972 ipsi
2638 903 2969 971 attribuens,
3014 912 3077 958 ut
3103 903 3407 975 principem

1820 995 2039 1051 illorum
2073 1003 2357 1051 auctorem
2386 993 2675 1049 Enoehum
2726 993 2898 1052 fuisse
2935 1003 3161 1063 statuat,
3206 997 3408 1068 quippe

1819 1085 1915 1155 qui
1940 1085 2150 1155 primus
2177 1084 2429 1140 omnium
2454 1086 2817 1156 astrologiam
2841 1085 3129 1154 invenerit,
3163 1101 3274 1140 non
3299 1102 3404 1143 au-

1819 1186 1928 1232 tem
1968 1175 2233 1249 Egyptii.
2266 1176 2562 1234 Enimvero
2606 1177 2941 1250 Babylonios
2971 1179 3156 1234 dicere
3189 1179 3413 1248 solitos;

1818 1269 2059 1339 primum
2090 1271 2368 1328 exstitisse
2397 1270 2612 1339 Belum,
2664 1271 2760 1342 qui
2811 1268 3083 1326 Saturnus
3112 1270 3276 1341 vulgo
3304 1285 3408 1327 no-

1820 1364 2082 1431 minetur,
2111 1363 2316 1433 quique
2343 1362 2539 1419 Belum
2571 1364 2806 1418 alterum
2830 1378 2956 1419 cum
2986 1360 3284 1418 Chanaane
3312 1379 3408 1419 su-

1824 1455 2060 1523 sceperit
2106 1473 2121 1509 :
2173 1455 2319 1511 hunc
2366 1472 2500 1513 vero
2534 1456 2910 1524 Cbanaanem,
2944 1453 3272 1511 Phoenicum
3304 1470 3406 1527 pa-

1821 1555 2028 1601 rentem
2079 1549 2358 1618 genuisse,
2412 1550 2572 1620 cujus
2620 1549 2769 1606 lilius
2814 1548 3067 1606 Cbumus
3105 1550 3400 1616 exstiterit,
3460 1571 3467 1588 -

126 1663 285 1718 quem
313 1648 580 1703 Asbolum
636 1646 813 1704 Graeci
869 1645 1202 1701 nominant:
1263 1660 1389 1700 eum
1455 1642 1752 1699 Mestraimi
1790 1641 2038 1707 fratrem,
2086 1642 2525 1715 Ethiopumque
2571 1645 2739 1702 simul
2778 1654 2834 1702 et
2878 1644 3264 1717 Egyptiorum
3312 1661 3410 1717 pa-

126 1752 335 1798 rentem
378 1740 562 1799 fuisse
618 1761 632 1795 :

686 1741 908 1797 tametsi
942 1741 1216 1795 Atlantem
1246 1739 1420 1795 Graeci
1470 1739 1780 1809 astrologia:
1817 1738 2160 1794 inventorem
2208 1754 2332 1795 esse
2387 1740 2590 1806 velint;
2657 1741 2755 1797 sed
2810 1742 3074 1797 nimirum
3124 1741 3404 1797 Atlantem

125 1835 375 1891 eumdem
406 1851 530 1892 esse
565 1850 730 1907 quem
788 1834 1095 1903 Enocbum,
1123 1835 1247 1906 'qui
1296 1833 1757 1889 Mathusalamum
1826 1833 1998 1888 lilium
2042 1834 2335 1905 habuerit;
2397 1836 2657 1909 huncque
2699 1837 2771 1893 ab
2819 1838 3028 1909 angelis
3079 1835 3175 1894 Dei
3221 1838 3408 1894 omnia

125 1933 400 2000 didicisse,
430 1947 553 2002 quae
590 1931 810 1987 tandem
851 1931 918 1985 ad
942 1946 1043 1987 nos
1070 1932 1549 2002 cognitionemque
1578 1941 1820 1987 nostram
1857 1930 2250 1993 permanat-int.
2300 1949 2321 1983 ι

636 2047 1037 2101 ΚΕΦΑΛΑΙΟΝ
1088 2047 1197 2100 lH'.

134 2162 530 2232 Ἀρταπάνου,
556 2164 689 2244 περὶ
716 2163 824 2244 to?
851 2160 1060 2244 Εὑςοιξ,
1093 2161 1210 2216 ἀπὸ
1236 2160 1347 2230 τῆς
1370 2163 1561 2232 αὐτῆς
1584 2181 1720 2234 γρα-

563 2233 686 2304 φῆς
707 2233 815 2287 τοῦ
843 2233 1272 2299 Πολυΐστορος.

191 2370 209 2401 ι
234 2348 578 2420 Ἀρτάπανος
591 2348 649 2404 δέ
671 2361 835 2415 φησιν
855 2345 912 2397 ἐν
940 2343 1064 2410 τοῖς
1078 2343 1422 2410 Ἰουδαϊκοῖς
1451 2343 1578 2408 τοὺς
1613 2344 1712 2416 μὲν

132 2435 419 2498 Ἰουδαίους
453 2436 817 2507 ὀνομάζεσθαι
865 2434 1121 2508 Ἐρμιοὺθ
1176 2434 1312 2506 (50),
1348 2435 1377 2489 ὃ
1405 2431 1544 2490 εἶναι
1578 2437 1712 2507 μεθο

119 2526 487 2596 ερμηνευθὲν,
529 2527 669 2580 κατὰ
729 2529 830 2598 τὴν
891 2526 1114 2580 Ἐλλάδα
1168 2527 1370 2597 φωνὴν,
1410 2527 1707 2583 Ἰουδαῖοι⁸

118 2616 403 2671 καλεῖσθαι
426 2616 485 2670 δὲ
520 2618 717 2681 αὐτοὺς
755 2617 1032 2688 Ἑϐραίους
1062 2616 1171 2669 ἀπὸ
1211 2618 1543 2690 ³Αϐραάμου.
1574 2618 1711 2673 Τοῦ-

117 2727 204 2764 τον
230 2710 291 2763 δέ
317 2726 453 2780 φησι
493 2712 750 2781 πανοικίᾳ
795 2712 969 2767 ἐλθεῖν
1008 2717 1088 2779 εἰς
1123 2714 1398 2783 Αἴγυπτον
1449 2714 1587 2783 πρὸς
1618 2715 1709 2767 τὸν

115 2805 223 2857 τῶν
248 2804 569 2872 Αἰγυπτίων
595 2804 817 2874 βασιλέα
845 2805 1189 2879 Φαρεθὼνην,
1214 2806 1307 2860 καὶ
1332 2806 1432 2878 τὴν
1454 2805 1711 2878 ἀστρολο-

116 2898 237 2966 γίαν
268 2900 434 2953 αὐτὸν
457 2898 695 2966 διδάξαι’
714 2898 988 2971 μείναντα
1018 2899 1075 2953 δὲ
1105 2899 1199 2971 ἔτη
1231 2900 1348 2953 ἐκεῖ
1379 2898 1573 2966 εἴκοσι,
1601 2899 1712 2953 πά·-

115 2990 194 3043 λιν
217 2993 305 3054 εἰς
326 2993 457 3054 τοὺς
478 2991 619 3045 κατὰ
638 2992 838 3064 Συρίαν
860 2991 1239 3063 ἀπαλλαγῆναι
1266 2993 1467 3055 τόπους
1482 3008 1498 3024 θ
1524 2991 1632 3045 τῶν
1651 2992 1709 3045 δὲ

114 3083 295 3154 τούτῳ
323 3082 684 3137 συνελθόντων
706 3083 934 3148 πολλοὺς
963 3086 1020 3137 ἐν
1062 3085 1346 3155 Αἰγυπτίῳ
1378 3087 1706 3156 καταμεῖναι

116 3175 198 3229 διὰ
239 3176 343 3247 τὴν
382 3176 726 3247 εὐδαιμονίαν
762 3180 862 3249 τῆς
907 3176 1108 3250 χώρας.
1156 3178 1245 3231 Ἐν
1276 3178 1334 3231 δὲ
1365 3177 1703 3242 ἀδεσπότοις,

116 3267 354 3340 εἰρομεν
393 3268 645 3341 ’Δϐραὰμ
673 3271 1011 3343 ἀναφέροντα
1049 3271 1129 3334 είς
1167 3270 1295 3335 τοὺς
1321 3271 1604 3340 γίγαντας,
1629 3272 1707 3323 οἰ-

115 3360 347 3423 κοῦντας
369 3362 428 3413 ὲν
454 3363 521 3431 τῇ
542 3360 879 3433 Βαϐυλωνίᾳ,
900 3360 987 3415 διὰ
1007 3362 1107 3433 τὴν
1131 3360 1387 3415 ἀσέϐειαν
1406 3361 1628 3424 τούτους
1648 3360 1704 3413 δὲ

2275 2047 2441 2120 420
2479 2046 2709 2103 CAPUT
2747 2047 2945 2105 xvm.

1990 2162 2070 2217 De
2088 2164 2288 2228 eodem,
2313 2178 2379 2217 ea:
2402 2165 2695 2235 Artapano,
2717 2180 2869 2234 quem
2905 2163 3206 2235 citat§idem

2451 2233 2784 2304 Polyhistor.

1899 2368 1918 2402 ε
1942 2348 2064 2405 Jam
2088 2365 2218 2406 vero
2240 2349 2553 2419 Artapanus
2586 2349 2642 2402 in
2675 2348 2873 2402 Rerum
2910 2347 3271 2405 Iudaicarum
3319 2349 3407 2404 Iti-

1817 2439 2010 2501 storia,
2054 2437 2275 2496 Judaeos
2330 2441 2525 2496 scribit
2573 2439 2865 2496 Hermiuth
2915 2443 3232 2513 nominari;
3283 2459 3409 2517 qua;

1818 2542 1948 2596 vox,
1986 2529 2032 2586 si
2064 2529 2239 2585 Graeci
2270 2531 2422 2601 loqui
2470 2531 2631 2596 velis,
2679 2530 2898 2586 Judwas
2955 2543 3147 2601 sonet;
3183 2535 3406 2590 eosdem
3453 2528 3458 2534 ’

1816 2634 1950 2673 vero
2003 2620 2301 2676 Abrahami
2356 2638 2424 2677 ex
2483 2624 2707 2678 nomine
2766 2622 3024 2680 Hebraeos
3072 2627 3402 2696 nuncupari.

1815 2708 2190 2767 Abraltamum
2218 2723 2402 2768 autem
2430 2715 2484 2767 in
2518 2713 2815 2785 [Egyptum
2847 2731 2972 2770 cum
3003 2717 3265 2772 universa
3322 2714 3407 2770 fa-

1816 2801 1970 2855 milia
1999 2804 2066 2858 ad
2087 2802 2454 2860 Paretbonem
2483 2805 2869 2877 Egyptiorum
2894 2822 3076 2878 regem
3113 2822 3235 2862 sese
3268 2821 3405 2862 con-

1815 2892 2030 2957 tulisse,
2080 2908 2245 2963 quem
2296 2909 2421 2949 cum
2468 2896 2777 2967 astrologia:
2807 2897 3096 2967 prmeeptis
3130 2896 3406 2954 instituis-

1816 2990 1921 3049 set,
1949 2997 2015 3038 ae
2035 2983 2231 3054 viginti
2265 2985 2612 3042 continentes
2645 3002 2822 3043 annos
2857 2987 3060 3043 ibidem
3085 2988 3306 3057 egisset,
3341 2989 3402 3044 in

1817 3072 2033 3145 Syriam
2058 3073 2238 3130 denuo
2270 3076 2622 3147 remigrasse,
2654 3077 2933 3147 plerisque
2958 3092 3185 3134 suorum
3219 3080 3291 3134 ob
3313 3094 3406 3135 re-

1814 3166 1991 3236 gionis
2036 3165 2341 3223 ubertatem
2391 3169 2446 3223 in
2490 3167 2729 3241 Egypto
2773 3170 3165 3227 residentibus.
3219 3171 3406 3239 Quan-

1813 3273 1979 3328 quam
2008 3257 2063 3312 in
2098 3258 2253 3315 libris
2279 3259 2633 3330 quibusdam,
2651 3276 2889 3332 quorum
2916 3272 3170 3320 auctores
3210 3263 3405 3320 incerti

1815 3358 1967 3415 sunt,
2001 3349 2378 3406 Abrahamum
2420 3350 2734 3407 invenimus
2761 3353 2828 3408 ad
2864 3353 3113 3425 gigantes
3164 3355 3401 3412 venisse.

116 3451 219 3505 ὑπὸ
251 3450 366 3505 τῶν
400 3451 539 3505 θεῶν
587 3453 961 3525 ἀναιρεθῆναι,
1003 3448 1077 3508 ὧν
1121 3454 1218 3508 ἕνα
1258 3453 1462 3526 Βῆλον,
1509 3452 1704 3522 ἐκφεύ-

1816 3438 1928 3494 llos
1956 3454 2123 3510 porro
2156 3456 2298 3521 cum.
2320 3440 2678 3514 Babyloniam
2708 3443 3036 3509 incolerent,
3065 3459 3097 3500 a
3136 3444 3243 3501 diis
3270 3461 3403 3517 pro-

115 3560 283 3610 γοντα
309 3542 403 3597 τὸν
432 3542 680 3609 θάνατον,
712 3548 769 3600 ἐν
796 3545 1073 3599 Βαϐυλῶνι
1113 3549 1460 3617 κατοικῆσαι,
1496 3546 1706 3617 πύργον

113 3648 171 3686 τε
194 3633 706 3701 κατασκευάσαντα,
730 3637 787 3689 ἐν
809 3635 956 3707 αὐτῷ
970 3635 1298 3700 διαιτᾶσθαι,
1316 3636 1374 3690 ὃν
1394 3636 1459 3709 δὴ
1485 3637 1593 3690 ἀπὸ
1609 3635 1704 3690 τοῦ

116 3730 628 3793 κατασκευάσαντος
667 3729 861 3801 Βήλου,
887 3729 1058 3801 Βῆλον
1093 3730 1484 3802 ὀνομασθῆναι.
1505 3731 1609 3784 Τὸν
1647 3729 1705 3783 δὲ

127 3820 462 3894 Ἀϐράαμον,
499 3824 598 3894 τὴν
626 3821 1017 3895 ἀστρολογικὴν
1043 3824 1353 3896 ἐπιστήμην
1389 3822 1705 3877 παιδευθένέ

114 3927 198 3974 τα,
234 3911 459 3984 πρῶτον
493 3912 593 3984 μὲν
623 3912 797 3967 ἐλθεῖν
840 3915 920 3978 εἰς
953 3915 1232 3987 Φοινίκην,
1264 3914 1356 3968 καὶ⁴
1383 3914 1511 3977 τοὺς
1540 3914 1707 3967 Φοίνι-

114 4020 213 4068 κας
254 4004 616 4076 ἀστρολογίαν
661 4004 893 4074 διδάξαι,
939 4005 1164 4078 ὕστερον
1206 4006 1265 4060 δὲ
1300 4009 1381 4070 εἰς
1427 4006 1703 4076 Αἴγυπτον

116 4096 545 4168 παραγενέσθαι.
591 4116 610 4150 ι

639 4264 1037 4319 ΚΕΦΑΛΑῘΟΝ
1077 4265 1176 4319 16'.

111 4374 411 4444 Μήλωνος
440 4376 576 4445 περὶ
604 4376 713 4432 τοῦ
738 4378 1189 4460 αὑτοῦ,“ὀμοιως
1218 4377 1335 4433 ἀπὸ
1373 4376 1484 4446 τῆς
1511 4378 1702 4449 αὐτῆς

778 4465 1032 4518 ποαφηςο

1809 3540 1930 3601 pter
1957 3531 2292 3602 impietatem
2345 3534 2617 3591 extinctos
2663 3550 2730 3590 ac
2774 3536 3024 3592 sublatos
3054 3535 3249 3605 fuisse,
3289 3552 3405 3594 uno

1811 3633 2026 3679 tantum
2056 3623 2191 3681 Belo
2215 3628 2534 3698 superstite,
2561 3628 2656 3700 qui
2681 3629 2852 3684 exitio
2881 3630 3191 3685 subductus
3220 3629 3401 3704 Baby-

1806 3713 1988 3770 lonem
2023 3718 2281 3785 tenuerit,
2334 3719 2632 3790 sedemque
2672 3719 2790 3775 sibi
2835 3720 2894 3775 in
2938 3735 3002 3775 ea
3037 3720 3204 3787 turri,
3230 3737 3400 3791 quam

1812 3805 2043 3876 ipsemet
2065 3810 2425 3876 excitaverat,
2452 3827 2732 3883 quamque
2759 3810 2951 3867 Belum
2991 3812 3298 3869 conditoris
3326 3828 3397 3869 ex

1811 3897 2037 3953 nomine
2081 3900 2447 3970 appellarunt,
2490 3902 2775 3974 delegerit.
2806 3901 3184 3958 Abrahamum
3213 3916 3398 3959 autem

1812 3991 2161 4062 astrologiam
2189 3993 2437 4063 apprime
2469 3995 2781 4061 callentem,
2810 3996 3051 4066 primum
3081 3996 3136 4051 in
3167 3994 3397 4053 Phaeni-

1812 4079 1977 4148 ciam,
2028 4082 2120 4136 ubi
2156 4081 2449 4141 thnices
2492 4086 2685 4142 eadem
2730 4086 2961 4143 scientia
3009 4087 3292 4153 imbuerit.
3331 4102 3398 4144 ac

1812 4169 2008 4227 deinde
2035 4171 2092 4227 in
2115 4170 2412 4246 Egyptum
2446 4177 2736 4246 migrasse.
2788 4197 2807 4230 ι

2396 4271 2628 4328 CAPUT
2668 4273 2812 4330 XIX.

1912 4383 1992 4440 De
2025 4385 2226 4454 eodem,
2253 4402 2321 4442 ea;
2359 4385 2589 4456 Helene,
2620 4396 2680 4442 ut
2712 4388 2874 4459 refert
2904 4388 3043 4444 idem
3079 4398 3288 4445 auctor.

187 4581 209 4613 ι
249 4563 310 4616 '0
338 4562 395 4616 δὲ
429 4562 529 4635 τὴν
555 4563 823 4635 συσκευὴν
856 4563 953 4635 τὴν
975 4563 1115 4618 κατὰ
1175 4562 1445 4618 Ἰουδαίων
1483 4562 1701 4635 γράψας

1891 4584 1910 4618 ι
1949 4564 2019 4621 At
2042 4565 2207 4635 Melo,
2255 4567 2304 4623 is
2336 4567 2432 4639 qui
2479 4567 2745 4624 adversus
2788 4565 3008 4623 Iudaeos
3049 4582 3191 4638 opus
3252 4567 3394 4624 inte-

111 4655 317 4722 Μήλιον
346 4654 490 4708 κατὰ
510 4655 603 4710 τὸν
626 4654 1011 4727 κατακλυσμόν
1067 4673 1231 4728 φησιν
1257 4656 1365 4710 ἀπὸ
1378 4656 1696 4727 τῆςἈρμε-

111 4743 233 4809 νίας
256 4743 518 4799 ἀπελθεῖν
544 4746 638 4799 τὸν
663 4745 1078 4819 περιλειφθέντα
1101 4746 1386 4819 ἄνθρωπον
1423 4745 1560 4818 μετὰ
1588 4744 1698 4800 τῶν

111 4834 267 4901 υἱιῖιν,
299 4836 366 4888 ἐκ
383 4834 499 4890 τῶν
530 4835 674 4890 ἰδίων
695 4836 1110 4910 ἐξελαυνόμενον
1131 4837 1235 4891 ὑπὸ
1260 4837 1368 4891 τῶν
1391 4838 1692 4910 ἐγχωρίων

180 4964 300 5039 (29)
344 4967 466 5037 Τὴν
496 4968 921 5037 ἀστρολογίαν.
963 4966 1186 5039 Ioseph.
1223 4969 1486 5038 Antiquit.
1519 4967 1614 5039 lib.
1652 4984 1693 5033 I,

108 5049 158 5087 c.
254 5039 414 5111 :_Tﬁv
440 5055 502 5092 τε
534 5039 903 5111 ἀριθμητικὴν
929 5037 1111 5103 αὐτοῖς
1148 5037 1431 5111 χαρίζεται
1451 5079 1482 5111 ,Α
1499 5037 1594 5111 καὶ
1625 5039 1694 5111 τὰ

110 5107 240 5194 περὶ
269 5107 1001 5194 ἀστρονομίανβαραδίδωσι
1024 5126 1037 5139 ·
1071 5107 1314 5194 γὰρ
1338 5109 1438 5179 τῆς
1471 5107 1696 5193 Ἀϐραά-

111 5192 217 5251 [sou
268 5179 576 5251 παρουσίας
604 5180 689 5251 είς
723 5179 1031 5248 Αἴγυπτον,
1073 5179 1127 5233 οἰ
1162 5179 1447 5251 Αἰγύπτιοι
1488 5179 1694 5232 τούτων

109 5244 260 5332 εἶχον
302 5244 553 5332 agaso;
589 5244 816 5332 .Parum'
854 5265 988 5332 sane
1017 5244 1415 5332 probabiliter;
1463 5264 1587 5330 eum
1639 5257 1693 5329 et

110 5319 396 5392 perbrevis
423 5320 545 5392 ejus
588 5320 643 5373 in
674 5319 909 5392 Egypto
935 5319 1089 5374 mora
1119 5320 1284 5376 fuerit
1303 5331 1400 5392 ,et
1433 5319 1692 5389 gravissi-

112 5390 217 5462 [nis
245 5405 357 5444 non
390 5390 558 5462 modo
589 5391 762 5462 curis,
786 5390 888 5445 sed
917 5393 1079 5446 etiam
1110 5391 1370 5462 periculis
1405 5398 1688 5458 occupata.

111 5455 247 5531 Nam
276 5461 426 5530 quod
451 5460 698 5531 adiungit
718 5461 1071 5531 Artapanus,
1102 5455 1473 5515 Abrahamum
1517 5455 1692 5531 annos

113 5530 305 5597 viginti
341 5532 564 5605 haesisse
593 5530 646 5605 in
681 5530 935 5605 JEgypto,
963 5531 1299 5587 luculentum
1335 5541 1418 5587 est
1443 5530 1715 5602 cumula:

113 5606 344 5656 lumuue
374 5600 744 5655 mendacium.
764 5600 841 5605 ”“
886 5640 889 5641 ν

176 5616 226 5651 m
276 5616 344 5656 ue
374 5616 744 5655 mendacium.
886 5640 889 5641 ν

176 5616 296 5744 (ὦ)
346 5669 639 5741 Ἑρμιούθ.
692 5671 797 5729 Pro
850 5672 1143 5746 Ἐρμιούδ,
1195 5681 1256 5731 ut
1298 5672 1546 5741 videtur;
1586 5670 1691 5726 nisi

1804 4674 1958 4732 grum
1980 4660 2171 4726 edidit,
2215 4660 2394 4717 virum
2449 4661 2765 4731 quemdam,
2813 4660 2906 4731 qui
2938 4674 3063 4715 cum
3097 4658 3224 4714 ﬁliis
3247 4658 3392 4714 dilu-

1805 4753 1953 4807 vium
1979 4750 2260 4824 effugerat,
2320 4754 2390 4809 ab
2414 4752 2684 4824 indigenis
2712 4752 2968 4807 Armenia
2996 4752 3236 4822 pulsum,
3259 4751 3391 4806 aedi-

1805 4843 2018 4913 busque
2049 4857 2114 4899 ac
2134 4841 2583 4915 possessionibus
2611 4842 2847 4911 ejectum
2890 4842 3030 4910 suis,
3062 4840 3388 4897 intermedia

1800 4979 1965 5034 etiam
2000 4978 2076 5032 ita
2107 4977 2394 5049 legendum
2445 4985 2551 5034 est.
2583 4976 2719 5032 Nam
2751 4976 2895 5031 hanc
2923 4987 3384 5049 quoque.vocem,

1798 5065 1865 5120 ex
1890 5049 2109 5120 duabus
2132 5044 2404 5120 coaluisse
2434 5049 2542 5104 dici
2572 5056 2772 5120 potest,
2794 5054 2878 5120 ἠ’
2900 5044 3024 5107 n‘m
3043 5044 3200 5120 Quasi
3220 5044 3385 5120 §yro-

1798 5118 2017 5175 Judaeus
2039 5160 2054 5184 ,
2097 5135 2234 5187 non,
2264 5116 2488 5175 Judqu
2517 5115 2748 5173 tantum.
2798 5118 2868 5171 At
2895 5115 3173 5172 communi
3215 5115 3382 5187 sym-

1799 5206 1923 5245 rum
1956 5190 2176 5259 nomine
2198 5186 2225 5253 ,'
2247 5189 2461 5258 profani
2511 5190 2829 5259 scriptores,
2860 5187 3076 5259 iuilaeos
3105 5186 3383 5259 θαιρούς-

1799 5260 2036 5329 signant.
2069 5253 2321 5315 Herodot.
2361 5261 2456 5315 lib.
2494 5275 2555 5324 ιι,
2580 5253 2686 5329 καὶ
2714 5258 2930 5329 Σύροισι
2962 5253 3382 5329 πεζῇ-όξΝεκὼς

1799 5326 2089 5401 συμϐαλὼν
2122 5330 2478 5401 ἐνᾼΜαγδόλῳ
2508 5328 2750 5401 ἐνίκησε.
2783 5326 2948 5401 Atqui
2969 5344 3037 5401 ex
3072 5326 3139 5401 Π
3170 5326 3381 5401 Regum

1795 5396 2111 5471 25'constat_
2153 5396 2374 5455 Nechao
2399 5396 2578 5471 regem
2610 5396 3036 5471 Egyptiﬂosia
3071 5396 3382 5471 interfecto.

1795 5473 2061 5525 tributum
2085 5468 2288 5526 Judzeis
2319 5465 2582 5526 indixisse
2611 5484 2626 5521 :
2659 5465 2874 5524 tametsi
2905 5470 3083 5524 locum
3118 5465 3385 5537 Mageddo

1805 5540 2086 5611 Scriptura
2116 5549 2428 5611 vocet,non
2465 5540 2794 5611 Magdolum.
2828 5538 2974 5593 Infra
3003 5539 3253 5595 eamdem
3280 5552 3383 5594 vu—

1804 5610 2145 5669 cerniteer
2178 5612 2246 5669 de
2272 5610 2474 5669 Judaeis
2505 5610 2815 5682 Ai-tapanus
2845 5618 3093 5682 usurpat.
