3824 6226
460 337 568 391 715

1135 331 1406 389 EUSEBII
1446 323 1930 386 CESARIENSIS
1967 321 2116 378 OPP.
2159 319 2340 376 PARS
2379 318 2440 372 ll.
2485 317 2984 375 APOL‘OGETICA.

3614 319 3710 374 716

460 453 616 507 Liam
667 460 719 504 et
775 449 1064 505 Rachelem
1123 448 1365 512 duxisse,
1412 447 1556 501 circa
1606 459 1809 499 annum
1859 440 2030 498 aetatis

2150 436 2371 506 Ῥουϐὴν
2390 452 2402 464 ·
2437 436 2526 488 καὶ
2549 433 2626 504 τῷ
2656 434 2766 489 ἔτει
2799 435 2856 488 δὲ
2883 435 2964 506 τῷ
2987 434 3212 504 ἑννάτῳ,
3230 435 3358 508 μηνὶ
3387 435 3579 507 ὀγδόῳ,
3617 439 3712 491 Συ-

459 550 715 614 quartum
769 551 822 596 et
853 540 1272 610 octogesimum,
1305 540 1649 606 aliorumque
1689 544 1896 605 septem
1929 547 2026 586 an-

459 651 656 690 norum
683 634 860 704 spatio
883 633 1082 686 liberos
1113 631 1422 698 suscepisse
1453 629 1678 682 omnino
1717 626 2027 682 duodecim.

457 727 670 798 Quippe
727 725 904 779 octavi
951 724 1078 778 anni
1131 737 1321 777 mense
1367 721 1580 776 decimo
1613 719 1902 774 Rubenum
1937 733 2031 786 ge-

459 819 669 880 nuisse,
705 817 834 871 noni
871 826 1065 871 octavo
1105 815 1458 884 Symconem,
1490 813 1686 868 decimi
1723 819 1877 865 sexto
1930 809 2032 863 Le-

457 913 672 975 vinum,
710 911 985 965 undecimi
1035 917 1230 978 quarto
1273 906 1492 961 Judam.
1531 905 1669 960 Tum
1698 919 1829 958 vero
1859 919 1887 957 a
1920 901 2031 956 Ra-

459 1004 632 1066 chele,
665 1001 812 1072 quod
841 1002 1042 1056 sterilis
1085 1010 1250 1065 esset,
1288 998 1538 1053 muliebri
1585 998 1847 1052 adversiis
1880 1009 2034 1050 soro-

459 1109 573 1148 rem
607 1093 810 1147 invidia
843 1092 1128 1163 ﬂagrante,
1163 1091 1420 1160 Zelpham
1447 1089 1700 1144 ancillam
1755 1089 1807 1141 in
1843 1085 2032 1141 Jacobi

457 1184 657 1240 lectum
676 1185 867 1240 eodem
893 1194 1133 1254 tempore
1160 1183 1490 1238 submissam
1519 1182 1708 1246 fuisse,
1732 1195 1843 1250 quo
1867 1180 2032 1235 etiam

458 1275 606 1329 Balla
650 1273 1092 1344 Nephthalimum
1147 1273 1481 1342 conceperit,
1530 1273 1659 1328 anni
1693 1271 1904 1326 scilicet
1933 1287 2035 1324 un-

458 1367 656 1422 decimi
688 1382 877 1422 mense
903 1367 1118 1436 quinto,
1150 1381 1215 1420 ac
1247 1365 1557 1420 uuodecimi
1587 1364 1830 1419 secundo
1859 1364 2033 1418 ﬁlium

458 1461 753 1530 peperisse,
808 1474 970 1528 quem
1003 1457 1241 1513 Gallium
1273 1457 1369 1512 Lia
1408 1457 1740 1524 nominarit;
1777 1457 2037 1512 alterum-

455 1567 564 1622 que
596 1551 854 1622 deinceps
884 1551 1131 1621 ejusdem
1165 1551 1291 1604 anni
1334 1565 1522 1604 mcnse
1568 1549 1913 1616 duodecimo,
1948 1549 2035 1604 cui

454 1643 643 1699 Aseris
703 1659 907 1698 nomen
956 1643 1145 1698 eadem
1198 1641 1294 1697 Lia
1349 1641 1577 1696 dederit.
1629 1641 1871 1696 Rursum
1905 1656 2037 1695 vero

454 1735 607 1789 Liam
639 1749 738 1802 pro
770 1735 1146 1805 mandragorae
1173 1735 1370 1806 pomis,
1395 1749 1517 1804 quae
1548 1732 1811 1788 Rubenus
1835 1733 1900 1788 ad
1923 1731 2033 1787 Ra-

2135 530 2279 601 μεών
2298 547 2311 558 ·
2345 528 2537 600 καὶτῷ
2565 528 2673 582 ἔτει
2702 528 2759 581 δὲ
2784 529 2864 600 τῷ
2895 529 3128 600 δεκάτῳ,
3156 529 3288 599 μηνὶ
3319 528 3484 601 ἕκτῳ,
3517 531 3711 583 Λευῖνο

2129 621 2209 692 τῷ
2235 621 2292 674 δὲ
2327 620 2596 691 ἑνδεκάτῳ
2642 619 2774 684 ἔτει,
2829 621 2960 692 μηνὶ
3002 621 3268 692 τετάρτῳ,
3310 621 3540 674 Ἰούδαν·
3590 623 3715 676 Ῥα-

2131 715 2234 786 χήλ
2261 731 2320 766 τε
2356 713 2430 784 μὴ
2467 713 2754 767 τίκτουσαν
2784 713 3024 784 ζηλῶσαι
3063 713 3162 784 τὴν
3192 712 3447 785 ἀδελφὴν,
3479 716 3576 768 καὶ
3611 733 3716 768 πα-

2136 806 2448 878 ρακοιμίσαι
2491 805 2569 876 τῷ
2612 804 2804 858 Ἰακὼϐ
2854 807 2954 877 τὴν
3000 807 3200 876 ἑαυτῆς
3245 806 3536 878 παιδίσκην
3589 808 3720 861 Ζελο

2133 897 2239 966 φὰν
2271 897 2403 968 (45),
2445 897 2523 968 τῷ
2557 897 2706 968 αὐτῷ
2753 897 2949 968 χρόνῳ,
2983 891 3028 966 ᾧ
3061 899 3156 951 καὶ
3192 897 3406 951 Βάλλαν
3439 899 3722 953 συλλαϐεῖν

2131 990 2222 1042 τὸν
2266 989 2582 1060 Νεφθαλεὶμ
2609 990 2741 1060 (46),
2778 989 2856 1060 τῷ
2909 989 3180 1060 ἑνδεκάτῳ
3224 991 3354 1054 ἔτει,
3394 993 3526 1063 μηνὶ
3579 993 3722 1062 πέμ-

2133 1096 2271 1150 πτῳ,
2291 1081 2384 1134 καὶ
2406 1083 2585 1133 τεκεῖν
2614 1079 2692 1150 τῷ
2715 1080 3000 1150 δωδεκάτῳ
3021 1079 3152 1144 ἔτει,
3166 1080 3403 1153 δευτέρῳ
3431 1084 3564 1154 μηνὶ
3582 1083 3721 1148 υἱὸν,

2132 1172 2192 1226 ὃν
2235 1173 2340 1225 ὑπὸ
2372 1173 2536 1236 Λείας
2568 1172 2676 1227 Γὰθ
2707 1172 3093 1244 ὀνομασθῆναι.
3134 1174 3245 1226 Καὶ
3289 1175 3355 1227 ὲκ
3400 1175 3500 1246 τῆς
3527 1178 3722 1248 αὐτῆς,

2133 1263 2227 1316 τοῦ
2251 1263 2416 1317 αὐτοῦ
2439 1263 2613 1328 ἔτους,
2639 1263 2734 1317 καὶ
2767 1264 2934 1334 μηνὸς
2959 1264 3285 1329 δωδεκάτου,
3301 1266 3489 1336 ἓτερον
3517 1271 3722 1334 τεκεῖν,

2133 1356 2192 1410 ὃν
2224 1357 2317 1410 καὶ
2348 1357 2508 1410 αὑτὸν
2542 1356 3047 1428 προσαγορευθῆναι
3072 1357 3177 1410 ὑπὸ
3199 1359 3362 1423 Λείας
3400 1360 3724 1432 Ἀσήρ.Καὶ

2135 1449 2299 1503 Λείαν
2352 1449 2512 1504 πάλιν
2563 1451 2683 1503 ἀντὶ
2729 1449 2839 1503 τῶν
2889 1449 3072 1520 μήλων
3103 1449 3210 1503 τῶν
3247 1451 3647 1523 μανδραγόρου,
3692 1452 3726 1506 ἃ

2147 1541 2376 1612 Ῥουϐὴν
2424 1543 2758 1610 εἰσενεγκεῖν
2793 1541 2946 1612 παρὰ
3001 1540 3236 1611 Ῥαχήλο
3279 1542 3561 1596 συλλαϐεῖν
3610 1543 3726 1614 (47)
3819 1589 3824 1612 ,

2137 1633 2233 1686 καὶ
2257 1634 2357 1705 τὴν
2404 1633 2696 1703 παιδίσκην
2734 1633 2942 1702 Ζελφὰν
2975 1630 3054 1701 τῷ
3082 1631 3228 1702 αὐτῷ
3253 1634 3450 1706 χρόνῳ,
3471 1635 3550 1707 τῷ
3572 1635 3729 1689 δωδε-

2137 1726 2288 1796 κάτῳ
2324 1725 2456 1792 ἔτει,
2499 1727 2627 1797 μηνὶ
2667 1726 2856 1798 τρίτῳ,
2882 1726 2977 1779 καὶ
3009 1731 3188 1782 τεκεῖν
3219 1727 3314 1781 τοῦ
3351 1729 3515 1782 αὑτοῦ
3546 1729 3728 1792 ἔτους,

455 1829 665 1884 chelem
703 1828 984 1895 attulerat,
1015 1828 1319 1898 eodemque
1349 1836 1590 1897 tempore
1626 1824 1886 1896 Zelpham
1926 1839 2026 1879 an—

2150 1821 2304 1891 ιηνδς
2331 1819 2655 1886 δωδεκάτου,
2674 1821 2808 1885 υἱὸν,
2837 1822 2930 1876 καὶ
2961 1822 3131 1895 ὄνομα
3166 1822 3315 1894 αὐτῷ
3340 1823 3529 1876 θέσθαι
3560 1824 3730 1880 Ἰσσά-

455 1919 660 1985 cillam,
692 1919 798 1974 hoc
835 1927 920 1973 est
945 1917 1073 1972 anni
1105 1916 1414 1972 duodecimi
1451 1930 1638 1971 mense
1673 1915 1832 1970 tertio
1859 1915 2030 1969 ﬁlium

457 2012 796 2082 concepisse,
829 2011 1186 2082 ejusdemque
1229 2009 1357 2064 anni
1389 2007 1714 2064 duodecimo
1758 2007 2031 2078 genuisse,

422 2120 617 2176 quem
665 2103 1002 2159 lssacharem
1045 2102 1398 2172 nuncuparit.
1433 2101 1614 2170 Atque
1644 2100 1842 2154 iterum
1877 2098 2033 2153 Liam

453 2198 652 2253 decimi
677 2197 822 2253 tertii
854 2196 1070 2252 decimo
1096 2196 1328 2250 alterum
1359 2193 1670 2264 suscepisse
1696 2193 1916 2247 nomine
1934 2194 2034 2247 Za-

453 2291 747 2358 bulonem;
779 2291 1090 2359 iterumque
1111 2286 1310 2342 decimi
1354 2287 1534 2358 quarti
1575 2294 1772 2342 octavo
1818 2285 2033 2341 Danum

461 2383 760 2454 peperisse.
795 2381 1090 2436 Hachelem
1122 2394 1275 2446 vero,
1305 2395 1475 2450 quum
1505 2380 1698 2435 eodem
1734 2377 1849 2434 fere
1895 2391 2034 2434 tem-

455 2491 609 2546 pore,
641 2489 752 2546 quo
780 2473 877 2528 Lia
919 2472 1109 2526 Dinam
1140 2472 1307 2526 tiliam
1333 2478 1671 2541 susceperat,
1702 2479 1918 2525 uterum
1941 2485 2036 2542 ge-

456 2578 606 2624 stare
634 2567 910 2638 caapisset,
935 2564 1067 2620 anui
1093 2563 1292 2623 decimi
1313 2564 1494 2633 quarti
1524 2577 1714 2617 mense
1747 2571 1942 2618 octavo
1968 2561 2034 2616 tio

455 2660 590 2715 lium
623 2672 963 2730 procreasse,
989 2672 1152 2727 quem
1183 2654 1481 2726 Josephum
1514 2654 1840 2725 appellarit;
1870 2663 2037 2724 atque

457 2753 532 2808 ita
567 2753 780 2809 liberos‘
799 2752 1024 2808 omnino
1053 2749 1340 2806 duodecim
1368 2747 1596 2815 Iacobo,
1642 2757 1847 2818 septem
1877 2746 2036 2802 annis

455 2845 660 2917 quibus
688 2844 834 2915 apud
875 2841 1158 2898 Labanum
1193 2841 1421 2906 vixerat,
1467 2848 1627 2894 natos
1664 2824 1862 2893 luisse.
1894 2836 2033 2892 Tum

454 2952 588 2992 vero
622 2937 690 2992 ad
718 2947 928 3007 patrem
960 2934 1088 2988 licet
1128 2933 1184 2987 in
1220 2941 1421 2986 terram
1455 2930 1821 2985 Cbananaeam
1860 2927 2038 2983 redire

457 3039 787 3100 cupientem,
815 3025 1026 3082 Labani
1054 3034 1236 3080 tamen
1265 3023 1520 3094 precibus
1543 3023 1750 3076 victum
1779 3020 1916 3074 alios
1939 3035 2037 3075 sex

457 3135 634 3176 annos
681 3119 884 3174 ibidem
925 3126 1328 3173 commoratum
1383 3129 1527 3180 esse,
1577 3114 1762 3183 itaque
1811 3111 2036 3166 Charm
2061 3150 2105 3208 ο

458 3212 601 3283 apud
625 3209 910 3265 Labanum
950 3217 1100 3264 totos
1148 3219 1203 3264 et
1255 3207 1598 3264 continentes
1627 3205 1820 3275 viginti
1858 3218 2033 3257 annos

363 3329 370 3334 -
456 3304 652 3375 egisse.
688 3301 898 3368 Quibus
940 3301 1170 3366 exactis,
1212 3290 1446 3370 patriam
1501 3297 1769 3368 repetenti
1809 3295 2034 3350 obvium

457 3394 555 3450 Dei
585 3395 860 3466 angelum,
896 3401 1186 3463 postquam
1233 3391 1553 3461 aliquandiu
1586 3405 1715 3445 cum
1758 3403 1825 3444 eo
1863 3388 2036 3443 lucta-

458 3502 546 3541 tus
572 3494 740 3552 esset,
773 3485 951 3540 femur
978 3485 1096 3554 ejus
1125 3499 1233 3554 qua
1285 3491 1442 3552 parte
1497 3483 1664 3537 latius
1689 3489 1774 3536 est
1808 3494 2036 3550 percus-

457 3579 618 3644 sisse,
646 3576 1023 3647 Jacobumque
1060 3576 1224 3632 simul
1268 3590 1335 3630 eo
1359 3574 1608 3630 membro
1635 3580 2035 3644 torpescentem

455 3671 770 3727 claudicare
798 3669 1032 3740 caepisse
1052 3671 1187 3739 (quo
1215 3667 1421 3724 factum
1451 3667 1732 3738 deinceps,
1762 3673 1824 3722 ut
1853 3681 1921 3722 ex
1949 3681 2038 3737 pe-

524 3791 557 3826 α
591 3782 679 3837 ισ.
715 3782 817 3835 οὐκ
854 3779 1150 3834 ἐσθίεσθαι.

455 3901 646 3950 curate
690 3892 882 3947 scribit
921 3890 1265 3955 Demetrius,
1301 3897 1359 3945 ut
1390 3902 1586 3943 novem
1617 3886 1838 3944 circiter
1867 3887 2038 3943 inter-

455 3965 600 4019 vallo
633 3963 825 4016 Ruben
845 4001 860 4025 ,
889 3961 1225 4032 fratresque
1247 3969 1640 4032 nascerentur;
1675 3958 1823 4032 quod
1868 3958 2032 4032 etiam

455 4036 514 4090 in
547 4035 758 4088 ueteris
788 4032 1042 4086 omnibus
1077 4029 1262 4086 liberis
1287 4031 1598 4086 observavit
1628 4048 1642 4083 :
1674 4030 1808 4084 ﬁdes
1843 4029 1916 4084 sit
1941 4044 2034 4098 pe-

457 4121 553 4158 nes
578 4115 880 4158 auctorem.
905 4101 1170 4156 Minutam
1200 4103 1343 4156 hanc
1379 4101 1716 4170 diligentiam
1752 4098 2036 4170 Scriptura

457 4177 684 4230 missam
715 4173 863 4226 fecit.

529 4242 992 4314 (45)”«16lmmy
1017 4241 1276 4310 Ζελφάν.
1300 4239 1766 4314 Νοιηίηιιηινΐαοιθ
1800 4240 2034 4314 mutatio

453 4309 559 4372 est.
595 4309 724 4368 Bala
758 4315 904 4367 enim
949 4309 1201 4368 Racbelis
1235 4314 1430 4366 ancilla
1464 4313 1784 4377 vocabatur,
1831 4309 2031 4365 Genes.

460 4402 594 4449 xxx,
660 4386 714 4438 3.
778 4382 890 4437 Lia:
953 4397 1102 4448 vero,
1163 4381 1584 4452 Zelpha;ibi_d.,
1635 4382 1689 4434 9.
1723 4380 1878 4435 Hunc
1903 4383 2031 4452 item

2135 1927 2260 1982 χαρ.
2288 1912 2398 1964 Καὶ
2445 1911 2606 1965 πάλιν
2652 1912 2820 1966 Λείαν
2850 1912 2928 1983 τῷ
2959 1914 3392 1984 τρισκαιδεκάτῳ
3425 1914 3556 1978 ἔτει,
3596 1915 3731 1986 μηνὶ

2133 2004 2363 2075 δεκάτῳ,
2413 2005 2528 2058 υἱὸν
2577 2004 2734 2059 ἄλλον
2767 2008 2969 2070 τεκεῖν,
3001 1999 3048 2074 ᾧ
3082 2007 3252 2078 ὄνομα
3291 2007 3596 2072 Ζαϐουλὼν,
3636 2008 3730 2063 καὶ

2133 2099 2233 2169 τὴν
2267 2098 2436 2170 αὐτὴν
2480 2097 2558 2168 τῷ
2585 2099 3164 2170 τεσσαρεσκαιδεκάτη)
3196 2100 3326 2164 ἔτει,
3365 2101 3494 2173 μηνὶ
3529 2101 3729 2173 ὀγδόῳ,

2133 2193 2314 2244 τεκεῖν
2328 2191 2444 2242 υἱὸν
2469 2190 2638 2260 ὄνομα
2661 2190 2767 2244 Δάν
2791 2189 2926 2261 (48)’
2951 2191 3012 2243 ἑν
3028 2184 3074 2259 ᾧ
3093 2191 3189 2244 καὶ
3219 2192 3418 2263 Ῥαχὴλ
3446 2192 3635 2245 λαϐεῖν
3673 2194 3733 2247 ἑν

2135 2281 2332 2350 γαστρὶ
2354 2279 2430 2352 τῷ
2458 2279 2606 2352 αὐτῷ
2636 2273 2896 2352 χρόνῳ,ᾦ
2919 2281 3015 2335 καὶ
3045 2281 3212 2336 Λείαν
3246 2286 3426 2337 τεκεῖν
3449 2282 3734 2356 θυγατέρα

2135 2373 2353 2437 Δεῖναν,
2411 2374 2504 2428 καὶ
2549 2377 2731 2428 τεκεῖν
2786 2375 2866 2447 τῷ
2928 2377 3510 2450 τεσσαρεσκαιδεκάτῳ
3573 2377 3691 2432 ἔτει
3717 2418 3733 2442 ,

2140 2467 2269 2537 μηνὶ
2291 2465 2478 2537 ὀγδόῳ,
2501 2466 2634 2533 υίὸν,
2657 2467 2716 2520 δν
2741 2468 3108 2542 ὀνομασθῆναι
3148 2470 3369 2542 Ἰωσὴφ,
3395 2469 3538 2522 ὥστε
3567 2488 3734 2540 γεγο-

2136 2557 2284 2611 νέναι
2309 2559 2368 2612 ἐν
2393 2561 2504 2624 τοῖς
2529 2559 2668 2613 ἑπτὰ
2688 2559 2832 2613 ἔτεσι
2857 2565 2970 2626 τοῖς
2995 2563 3147 2634 παρὰ
3167 2561 3350 2617 Λάϐαν
3367 2560 3574 2616 δώδεκα
3599 2581 3735 2618 παι-

2136 2649 2244 2703 δία.
2271 2650 2502 2704 Θέλοντα
2528 2652 2584 2708 δὲ
2615 2652 2707 2706 τὸν
2743 2653 2936 2707 Ἰακὼϐ
2972 2655 3109 2726 πρὸς
3133 2655 3224 2708 τὸν
3258 2654 3469 2726 πατέρα
3503 2657 3588 2719 είς
3614 2657 3735 2710 Χα-

2137 2743 2272 2796 ναὰν
2325 2744 2562 2810 ἀπιέναι,
2596 2744 2896 2812 ἀξιωθέντα
2944 2747 3050 2801 ὑπὸ
3089 2747 3276 2802 Λάϐαν
3327 2747 3464 2802 ἄλλα
3515 2747 3615 2820 ἔτη
3669 2747 3733 2814 ἒξ

2141 2837 2344 2905 μεῖναι,
2369 2835 2509 2890 ὥστε
2529 2836 2597 2892 τὰ
2630 2837 2806 2892 πάντα
2831 2839 2992 2893 αὐτὸν
3029 2843 3205 2910 μεῖναι
3230 2841 3289 2892 ἑν
3322 2838 3552 2911 Χαρρὰν
3575 2848 3732 2912 παρὰ

2137 2925 2322 2980 Λάϐαν
2360 2927 2454 2998 ἔτη
2489 2928 2662 2982 εἴκοσι
2694 2929 2830 3001 (49).
2866 2931 3223 3003 Πορευομένῳ
3246 2932 3305 2986 δὲ
3335 2931 3482 3003 αὑτῷ
3509 2936 3591 2996 είς
3616 2934 3732 2987 Χα-

2139 3019 2292 3084 ναὰν,
2327 3019 2556 3090 ἄγγελον
2587 3021 2681 3076 τοῦ
2721 3021 2856 3076 Θεοῦ
2887 3022 3155 3077 παλεῦσαι
3175 3064 3189 3090 ,
3223 3025 3318 3079 καὶ
3352 3025 3595 3096 ἅψασθαι
3629 3025 3730 3080 τοῦ

2141 3112 2375 3177 πλάτους
2423 3113 2519 3167 τοῦ
2555 3114 2733 3186 μηροῦ
2767 3113 2861 3168 τοῦ
2900 3115 3092 3169 Ἰακώϐ
3113 3133 3124 3146 δ
3151 3117 3241 3171 τὸν
3272 3117 3330 3170 δὲ
3379 3119 3730 3190 νσρκήσαντα

2137 3203 2475 3268 ἑπισκάζειν.
2496 3205 2656 3259 Ὅθεν
2675 3207 2734 3260 οὑ
2762 3206 3042 3261 καθίεσθαι
3057 3217 3082 3246 ι
3097 3209 3204 3262 τῶν
3227 3210 3439 3280 κτηνῶν
3458 3210 3517 3263 τὸ
3540 3213 3597 3264 ἑν
3612 3215 3728 3275 τοῖς

2137 3299 2333 3368 μηροῖς
2349 3297 2558 3368 νεῦρον.
2584 3299 2692 3352 Καὶ
2705 3299 2868 3368 φάναι
2884 3299 3032 3372 αὑτῷ
3047 3300 3137 3354 τὸν
3155 3302 3408 3372 ἄγγελον,
3449 3303 3557 3358 ἀπὸ
3567 3302 3727 3358 τοῦδε

2137 3388 2336 3460 μηκέτι
2363 3389 2578 3454 Ἰακὼϐ,
2616 3390 2732 3444 ἀλλ’
2758 3393 2974 3466 Ἰσραὴλ
2993 3393 3611 3467 ὀνομασθήσεσθαι.Κα“ι
3636 3396 3726 3449 ἑλ-

2136 3477 2248 3532 θεῖν
2271 3480 2432 3533 αὑτὸν
2447 3481 2546 3551 τῆς
2561 3481 2781 3535 Χαναὰν
2806 3483 2909 3554 γῆς
2930 3484 3010 3546 εἰς
3035 3483 3227 3554 ἑτέραν
3253 3484 3731 3557 Σικίμων,ἔχσντα

2140 3571 2333 3624 παιδία
2365 3571 2590 3643 Ῥουϐὴν
2612 3572 2748 3626 ἑτῶν
2773 3573 2862 3641 ιϐ’,
2901 3573 3087 3645 μηνῶν
3110 3575 3274 3628 δυοῖν·
3301 3575 3566 3648 Συμεῶνα
3586 3578 3731 3631 ἑτῶν

2137 3662 2342 3736 ιϐ’(50),
2369 3665 2553 3736 μηνῶν
2570 3665 2868 3738 τεσσάρων·
2887 3667 3050 3722 Λευῒν
3069 3667 3206 3724 ἑτῶν
3220 3668 3287 3723 ιϐ’
3297 3667 3432 3741 (51),
3439 3671 3628 3742 μηνῶν
3639 3671 3726 3740 ἔξ·

2135 3889 2332 3946 Genes.
2362 3907 2492 3955 xxx,
2524 3891 2579 3946 6.

2173 3962 2322 4043 '(fi9).
2362 3963 2501 4029 Ἔτη
2529 3962 2743 4043 εζκοᾳι.
2787 3961 2984 4018 Cenes.
3016 3980 3173 4043 ut},
3200 3965 3306 4043 Al;
3337 3985 3358 4019 ι
3384 3963 3589 4036 Sicque
3625 3985 3726 4039 per

2135 4034 2326 4107 viginti
2360 4047 2535 4107 almus
2567 4034 2621 4086 in
2658 4034 2821 4088 domo
2850 4043 2939 4088 tua
2978 4037 3175 4090 servivi
3213 4039 3343 4102 tibi,
3378 4034 3728 4107 quatuorde-

2136 4102 2242 4158 cim
2274 4117 2373 4172 pro
2403 4102 2713 4180 ﬁliabus,_et
2741 4119 2834 4180 sex
2863 4120 2960 4180 pro
2990 4107 3256 4180 gregibus
3286 4102 3416 4161 tuis'.
3461 4127 3481 4160 ι
3504 4107 3732 4180 Perpe-

2136 4171 2430 4250 ram’ergo
2472 4171 2745 4242 Iosephus
2781 4171 3044 4250 gratiquii.
3091 4171 3203 4250 lib.
3235 4194 3288 4241 ι,
3333 4193 3452 4247 cap.
3491 4179 3596 4242 19,
3629 4171 3730 4250 qui

2135 4241 2545 4316 {oseplii'ortm
2579 4241 2742 4311 quem
2780 4241 3059 4314 Scriptura
3091 4247 3304 4302 decimo
3337 4241 3537 4316 quarto
3570 4241 3728 4305 anno

2139 4313 2385 4389 Bacbcli”
2411 4322 2600 4389 natum
2654 4330 2774 4368 esse
2806 4313 2998 4389 docet,
3034 4317 3157 4389 ‘hoc
3200 4313 3389 4389 viginti
3443 4334 3726 4376 annorum

2138 4383 2485 4457 intervallum
2535 4385 2971 4457 circumscribat.
3026 4385 3220 4441 Statim
3260 4383 3409 4442 'enim
3457 4401 3583 4457 post
3631 4393 3729 4448 illa

458 4450 1797 4544 E’Pf'elﬂi-19€“‘3_f§?“.22..h°§585E‘EEEE'HS;
1827 4451 2026 4544 esset

2150 4455 2336 4544 i'r'e'rlm,
2373 4454 2586 4544 χρόνρις
2632 4454 3082 4544 δὐὒστερονωκαὶ
3137 4458 3377 4542 Ῥαχήλῃ
3419 4450 3651 4544 ’γίνεται
3695 4467 3729 4519 ὁ

460 4535 593 4580 tom.
621 4524 675 4586 Ι,
717 4535 868 4577 anno
900 4523 1088 4577 mundi
1121 4523 1292 4589 2283,
1324 4537 1389 4578 ac
1417 4522 1714 4592 pra-serum
1748 4525 1802 4576 in
1829 4521 2028 4588 scliol.,

457 4606 512 4652 et
537 4595 792 4650 Petavius
821 4594 946 4646 item
980 4603 1164 4648 noster
1191 4594 1286 4647 lib.
1321 4608 1396 4656 Ix,
1424 4609 1544 4662 cap.
1571 4592 1660 4657 19,
1693 4593 1875 4662 magni
1905 4607 2032 4648 vere

456 4667 636 4736 operis
669 4664 745 4717 De
775 4663 1016 4736 doctrina
1048 4675 1359 4736 temporum.

526 4737 640 4806 (46)
678 4733 1013 4806 Συλλαϐεῖν
1056 4731 1166 4786 τὸν
1206 4733 1564 4806 Νεφθαλείμ.
1615 4731 1812 4786 Veram
1859 4732 2030 4790 habes

456 4803 891 4876 patriarcliarum
941 4805 1170 4876 istorum
1207 4811 1400 4876 seriem
1434 4805 1486 4857 in
1514 4803 1712 4858 Genes.
1745 4819 1865 4876 cap.
1897 4821 2028 4860 xm

455 4873 512 4931 ct
538 4892 667 4930 xxx.
703 4874 831 4928 Bala
866 4875 1086 4945 quidem
1113 4873 1556 4945 Nepbt‘halimum
1595 4875 1800 4943 genuit,
1832 4883 1891 4928 ut
1927 4876 2026 4927 ha-

455 4947 635 5012 betur,
663 4945 860 5001 Genes.
884 4943 1032 5009 'xxx,
1056 4945 1110 4998 8.
1144 4943 1248 4998 Sed
1285 4943 1590 4998 Demetrius
1621 4946 1703 4998 bis
1734 4947 1977 5013 peccavit
2010 4964 2023 4999 :

457 5018 646 5084 semel,
675 5017 823 5086 quod
855 5015 965 5070 Lia:
996 5013 1182 5086 Balam
1216 5015 1509 5086 attribuat;
1539 5016 1740 5086 iterum
1771 5017 1918 5084 quod
1953 5018 2024 5081 ei,

454 5084 782 5212 :10ngth
831 5086 1084 5142 ancillam
1126 5084 1360 5154 fecerat,
1394 5085 1836 5157 Nepbtlialimum
1879 5087 2027 5142 hunc

493 5175 522 5212 e
561 5173 637 5211 eri
667 5199 682 5212 .

455 5160 682 5213 dederit.

526 5227 641 5300 (47)
694 5227 863 5300 μαρὰ
916 5227 1160 5300 ΑῬαχῄλ·
1198 5226 1547 5300 συλλαϐεῖν.
1595 5225 1672 5300 Et
1697 5225 1804 5300 _hic
1853 5226 2024 5300 multa

454 5296 648 5371 peccat
692 5296 1027 5352 Demetrius.
1044 5296 1301 5371 Primum
1351 5299 1593 5371 indicare
1619 5296 2022 5371 _videtur__Liam

455 5367 796 5440 concepisse,
847 5384 946 5424 nec
978 5378 1158 5425 tamen
1208 5370 1377 5424 fetum
1430 5369 1531 5440 ipsi
1562 5369 1747 5440 ullum
1767 5367 1972 5440 tribuit
2006 5386 2020 5422 :

457 5435 667 5506 (Graeca
693 5455 825 5494 sane
847 5441 1030 5495 minus
1057 5441 1147 5495 hic
1175 5456 1309 5509 pura
1335 5435 1466 5495 sunt
1480 5435 1737 5510 :)'d_einde
1765 5436 2022 5510 Zelpham

455 5509 567 5566 Lia
599 5510 808 5575 reddit,
854 5525 1016 5579 quam
1049 5507 1520 5566 ante—sustulerat.
1555 5507 1740 5563 Tertio
1769 5507 2021 5564 lssacba-

458 5597 571 5634 rem
615 5582 783 5634 tilium
815 5581 934 5652 ejus
965 5579 1115 5646 facit,
1143 5597 1306 5652 quem
1337 5579 1682 5652 ipsametLia
1711 5591 2020 5651 pepererat,

456 5655 654 5705 Cenes.
685 5667 814 5716 xxx,
844 5651 931 5706 18.

527 5722 638 5801 με)
658 5719 881 5801 fusi!"
906 5719 1256 5801 νινὶὸνῆὄνομα
1286 5722 1422 5775 Δάν.
1448 5721 1601 5801 gave
1633 5723 1843 5801 credas.
1891 5721 1940 5801 .F
1947 5722 2024 5776 uit

455 5789 601 5848 enim
655 5791 772 5847 Dan
839 5789 982 5846 Baiae
1037 5789 1288 5851 Racbelis
1339 5796 1548 5852 ancill-.1:
1601 5794 2018 5866 primogenitus.

2147 4523 2403 4602 ςΙὼσηπος
2443 4523 2885 4602 υἱόςηευωυιιςζι
2916 4526 3149 4602 τΤοῦτον
3179 4523 3474 4602 assedit.»
3501 4533 3725 4602 χρόνον,

2162 4561 2281 4576 “vv:
2312 4561 2400 4586 ην»
2447 4561 2576 4606 τιντ,
2606 4561 2885 4596 ῠυιυυιιδιι
2916 4563 2928 4578 ο
2961 4561 3148 4580 ιυυιιυν
3183 4561 3354 4581 rumve;
3383 4561 3474 4582 'uuv
3502 4561 3722 4602 ‘FUWY‘

2135 4593 2245 4672 ἔτη
2275 4561 2506 4672 δλὲστιν
2553 4597 2794 4672 εἴκοσιν,
2821 4597 3129 4672 ’ἐποίμαινε
3169 4597 3246 4672 τῷ
3294 4600 3571 4672 πενθερῷ,
3611 4616 3722 4660 εις,

2132 4663 2247 4743 iV'isi
2288 4665 2536 4719 dicamus
2572 4667 2656 4719 bis
2687 4667 2866 4720 verbis
2894 4663 3082 4720 τοῦτον
3115 4663 3294 4743 πάντα
3347 4663 3725 4743 τδνήξρόνον,

2134 4735 2277 4810 hanc
2322 4751 2542 4804 quoque
2585 4751 2681 4810 se;
2710 4751 2981 4810 annorum
3027 4739 3344 4810 προσθήκην
3398 4735 3724 4799 inclusisse.

2132 4802 2537 4886 Yideatporro,
2573 4807 2667 4874 qui
2703 4822 2889 4886 secum
2917 4808 3032 4876 ipse
3061 4802 3390 4886 consentiat,
3419 4815 3514 4880 qui
3553 4830 3728 4883 supe-

2130 4877 2245 4950 rius
2280 4892 2386 4929 non
2431 4877 2532 4950 nisi
2579 4879 2966 4950 posthalterum
3011 4881 3292 4934 servitutis
3325 4877 3722 4950 septenniuin,

2130 4945 2349 5000 ductam
2397 4961 2428 5000 a
2471 4945 2640 5000 Jacob
2688 4946 2978 5001 Rachelem
3013 4949 3232 5006 dixerit.
3289 4945 3557 5007 An'vero
3622 4945 3724 5010 sci

2131 5025 2339 5069 tantum
2393 5019 2553 5087 annis
2598 5019 3096 5087 consequentibus,
3135 5020 3337 5074 liberos
3375 5035 3442 5076 ex
3476 5022 3723 5080 Rabliele

2129 5085 2668 5159 suscepit?iFalsum
2715 5085 2818 5142 est.
2861 5086 2995 5142 Nam
3042 5093 3320 5159 conceptis
3351 5093 3532 5148 verbis
3566 5093 3723 5150 Scri-

2129 5165 2289 5232 ptura
2317 5158 2692 5232 tradit,_simul
2734 5174 2806 5232 ex_
2831 5159 3133 5232 ambabus,
3181 5158 3585 5232 ainbarumque
3617 5182 3722 5218 an-

2129 5227 2269 5280 cillis
2313 5227 2621 5298 suscepisse
2649 5243 2661 5279 :
2699 5228 2842 5283 unde
2868 5230 3031 5284 etiam
3065 5230 3157 5284 illa
3187 5232 3422 5286 duarum
3454 5227 3719 5288 sororum

2127 5298 2420 5350 aemulatio.

2197 5367 2359 5448 βυ)-
2401 5365 2706 5448 Συμειῖηζιι⁸
2745 5367 2889 5448 ἐτῶν
2955 5371 3042 5424 ιϐ’.
3077 5369 3436 5448 “Leggidum
3488 5375 3719 5448 omnino

2126 5437 2263 5518 ἑτῶν
2294 5445 2392 5504 ια’,
2433 5440 2639 5517 alioqui
2673 5438 2886 5495 duobus
2916 5437 3471 5497 mensibus'Rubeno
3505 5445 3716 5515 primo-

2126 5511 2306 5578 genito
2339 5511 2520 5563 senior
2546 5518 2710 5562 esset.

2183 5579 2328 5658 ,(51).
2371 5579 2739 5658 Λευῒηέτῶν
2779 5582 2867 5633 ιϐ’.
2917 5581 3143 5658 Corrige
3182 5583 3434 5638 similiter
3481 5585 3627 5640 ἑτῶν
3663 5592 3715 5650 ι’,

2125 5649 2330 5719 alioqui
2372 5651 2653 5705 mensibus
2682 5661 2917 5719 quatuor
2961 5649 3185 5708 fratrem
3231 5664 3360 5708 natu
3406 5649 3713 5712 maximum

2125 5720 2602 5843 pftlegslduelgnouid
2631 5723 2777 5792 quod
2817 5726 3066 5794 superior
3123 5723 3420 5795 μηνολογία
3454 5741 3552 5796 per
3591 5744 3710 5783 sese

2127 5801 2180 5843 iu
2208 5801 2485 5860 postulat?
3289 5814 3296 5820 ο
