3824 6226
253 320 357 376 ἹΠ

1389 302 1711 359 PREPAR.
1753 296 2007 356 EVANG.
2042 293 2172 351 LIB.
2212 294 2302 351 IX.

3410 289 3512 343 718

267 433 467 490 Ἶοόδαν
494 427 630 485 ἐτῶν
653 425 719 494 θ’,
746 424 931 499 μηνῶν
959 421 1104 478 ὀκτώ
1121 438 1134 452 ·
1160 419 1478 491 Νεφθαλεὶμ
1506 417 1643 472 ἐτῶν
1672 416 1838 481 ὀκτὼ,
1867 470 1870 477 η

1969 412 2174 491 :udibus
2207 409 2430 466 femoris
2456 422 2681 463 nervum
2705 404 3018 462 Iudaeorum
3050 403 3280 474 attingat
3305 409 3512 473 nemo).

258 525 446 601 μηνῶν
469 524 600 578 δέκα
616 538 630 553 ⁶
657 521 767 575 Γὰδ
791 519 927 573 ἐτῶν
944 514 1108 580 ὀκτὼ,
1135 514 1318 587 μηνῶν
1336 513 1484 597 δέκα·
1517 511 1683 583 Ἀσὴρ
1703 512 1840 563 ἑτῶν

256 618 437 674 ὀκτώο
478 616 735 687 Ἱσσὰχαρ
785 611 922 666 ἑτῶν
971 608 1146 663 ὀκτώ’
1182 604 1468 662 Ζαϐουλὼν
1501 604 1639 658 ἑτῶν
1677 602 1839 667 ἑπτὰ,

259 710 449 784 μηνῶν
501 711 645 762 δυοῖν
666 725 678 736 ·
738 705 927 758 Δείναν
985 702 1125 755 ἑτῶν
1169 699 1250 764 ἒξ,
1293 698 1480 770 μηνῶν
1527 695 1838 766 τεσσάρων·

269 802 469 874 Ἰωσὴφ
526 799 663 854 ἐτῶν
708 798 789 863 ἒξ,
845 794 1030 868 μηνῶν
1063 792 1362 864 τεσσάρων.
1404 790 1744 863 Παροικῆσαι
1772 788 1845 841 -δὲ

272 894 490 967 Ἰσραὴλ
537 890 691 964 παρὰ
721 888 948 961 Ἑμμὼρ
985 886 1082 959 ἔτη
1107 885 1237 939 δέκα
1275 884 1410 955 (52),
1446 884 1541 938 καὶ
1574 881 1846 953 φθαρῆναι

255 988 358 1060 τὴν
401 986 615 1059 Ἰσραὴλ
643 983 916 1055 θυγατέρα
945 980 1135 1034 Δείναν
1161 977 1265 1031 ὑπὸ
1288 976 1470 1048 Συχὲμ
1492 974 1587 1029 τοῦ
1620 971 1848 1044 Ἑμμὼρ

259 1079 404 1146 υἱοῦ,
438 1078 574 1132 ἐτῶν
624 1071 788 1131 οὖσαν
834 1072 1047 1138 δεκαὲξ,
1087 1071 1270 1144 μηνῶν
1300 1068 1602 1140 τεσσάρων.
1660 1064 1848 1130 Ἐξαλ-

257 1171 523 1245 λομένους
550 1170 608 1224 δὲ
636 1170 763 1232 τοὺς
804 1165 1023 1241 Ἰσραὴλ
1066 1163 1237 1228 υἱοὺς,
1272 1159 1538 1233 Συμεῶνα
1574 1157 1671 1229 μὲν
1721 1155 1852 1209 ὄντα

259 1264 401 1321 ἐτῶν
444 1262 771 1325 είκοσιενδς,
826 1258 1010 1331 μηνῶν
1053 1256 1357 1327 τεσσάρων,
1402 1250 1564 1307 Λευῒν
1611 1250 1668 1304 δὲ
1715 1248 1852 1302 ὲτῶν

261 1359 455 1421 ετκοσι,
505 1354 691 1427 μηνῶν
741 1353 823 1420 ἒξ,
867 1352 1183 1405 ἀποκτεῖναι
1218 1347 1312 1401 τόν
1356 1362 1417 1399 τε
1466 1342 1714 1415 Ἑμμὼρ,
1758 1341 1852 1395 καὶ

260 1449 447 1521 Συχὲμ
502 1448 590 1502 τὸν
619 1446 733 1501 υἱὸν
764 1443 950 1508 αὐτοῦ,
980 1444 1073 1497 καὶ
1094 1442 1301 1504 πάντας
1331 1438 1458 1502 τοὺς
1484 1437 1739 1508 ἄρσενας,
1767 1434 1856 1487 διὰ

264 1543 367 1613 τὴν
398 1539 589 1604 Δείνας
622 1538 849 1610 φθοράν.
867 1533 1061 1589 Ἰακὼό
1088 1533 1146 1587 δὲ
1173 1532 1296 1586 τότε
1323 1526 1460 1584 εἶναι
1490 1527 1630 1582 ὲτῶν
1663 1525 1858 1581 ἑκατὸν

264 1631 428 1686 ἑπτά.
468 1630 721 1685 Ἐλθόντα
763 1630 822 1683 δὲ
867 1623 960 1683 οὖν
1002 1625 1165 1682 αὐτὸν
1198 1627 1279 1689 εἰς
1316 1620 1497 1686 Λουζὰ
1526 1621 1627 1692 τῆς
1653 1619 1857 1691 Βαθὴλ,

263 1726 434 1795 φάναι
470 1724 562 1777 τὸν
606 1722 738 1777 Θεὸν
777 1720 973 1793 μηκέτι
1014 1717 1226 1781 Ἰακὼϐ,
1260 1715 1376 1771 ἀλλ’
1415 1712 1632 1787 Ἰσραὴλ
1654 1711 1855 1783 ὀνομά-

1942 501 2024 559 Ab
2044 482 2237 573 angelo
2270 508 2455 555 autem
2478 497 2724 553 futurum
2753 496 3014 561 audiisse,
3067 504 3128 549 ut
3155 494 3209 548 in
3237 503 3516 565 posterum

1943 608 2054 648 non
2084 590 2346 656 Jacobus,
2388 590 2483 645 seu
2523 586 2690 643 lsrael
2727 596 3037 643 vocaretur.
3089 583 3278 656 Itaque
3309 584 3364 640 in
3395 600 3518 641 eam

1946 694 2101 740 terrae
2139 682 2400 737 Chanaan
2454 679 2790 735 successisse
2837 686 3071 748 partem,
3125 692 3249 746 quae
3298 676 3522 733 Sicimis

1946 774 2178 829 adversa
2206 779 2373 833 esset,
2424 769 2722 825 liberorum
2754 782 2982 823 suorum
3032 766 3296 822 comitatu
3347 766 3523 837 stipa-

1946 874 2084 920 tum.
2108 862 2152 917 E
2175 862 2377 933 quibus
2401 858 2664 915 Rubenus
2685 857 3171 915 annosduodecim
3195 871 3526 928 mensesque

1948 958 2089 1013 duos
2126 963 2290 1009 natus
2319 960 2459 1020 erat,
2493 951 2733 1023 Symeon
2762 964 2939 1005 annos
2968 948 3194 1004 totidem
3223 955 3279 1003 et
3305 963 3525 1005 menses

1950 1057 2210 1120 quatuor,
2246 1046 2486 1102 Levinus
2509 1058 2685 1100 annos
2707 1043 3018 1109 duodecim,
3053 1055 3382 1112 mensesque
3404 1055 3526 1103 sex,

1951 1138 2122 1195 Judas
2149 1152 2323 1194 annos
2357 1152 2552 1192 novem
2587 1151 2651 1192 ac
2683 1151 2899 1191 menses
2939 1144 3085 1199 octo,
3110 1132 3531 1204 Nephtlialimus

1954 1229 2118 1304 424
2149 1244 2322 1285 annos
2352 1239 2498 1291 octo.
2529 1242 2856 1298 mensesque
2906 1224 3115 1289 decem,
3158 1225 3344 1280 Cadus
3400 1224 3532 1280 toti-

1955 1323 2102 1388 dem,
2151 1322 2290 1376 Aser
2317 1329 2373 1376 et
2400 1318 2651 1376 lssachar
2694 1333 2870 1373 annos
2899 1326 3045 1384 octo,
3078 1315 3323 1371 Zabulou
3356 1330 3533 1372 annos

1956 1422 2161 1484 septem
2189 1426 2516 1482 mensesque
2543 1411 2704 1479 duos,
2756 1409 2890 1464 Dina
2938 1419 2994 1464 et
3039 1407 3311 1479 Iosephus
3357 1415 3535 1462 annos

1957 1522 2054 1561 sex
2100 1513 2154 1560 et
2186 1520 2400 1560 menses
2435 1512 2693 1574 quatuor.
2740 1501 3010 1557 Caeterum
3064 1500 3322 1556 Israelem
3371 1500 3537 1555 annis

1959 1597 2067 1653 sibi
2097 1597 2285 1653 decem
2311 1595 2469 1664 juxta
2507 1593 2823 1649 Emmorem
2852 1592 3195 1648 domicilium
3220 1590 3491 1661 delegisse
3518 1606 3534 1644 :

1958 1690 2116 1761 cujus
2144 1689 2268 1745 ﬁliae
2307 1687 2460 1743 binae
2503 1701 2677 1743 annos
2731 1695 2874 1742 natae
2918 1685 3157 1742 sedecim
3210 1692 3543 1752 mensesque

777 1774 851 1866 ιδὲΙ
868 1810 1049 1864 ὲλθεῖν
1075 1808 1155 1872 εἰς
1178 1774 1469 1878 Χαφραθὰ,
1496 1774 1650 1858 ἔνθεν
1680 1774 1858 1875 παρα-

1969 1790 2222 1854 quatuor,
2250 1795 2377 1836 cum
2408 1777 2711 1851 Sychemus
2755 1776 3032 1832 Emmoris
3083 1774 3230 1831 ﬁlius
3281 1783 3538 1845 stuprum

262 1909 519 1980 γενέσθαι
550 1910 633 1972 είς
687 1904 951 1977 Ἐφραθὰ,
993 1902 1077 1975 ἢν.
1108 1899 1249 1955 εἶναι
1291 1898 1561 1970 Βηθλεὲμ,
1593 1896 1687 1951 καὶ
1728 1913 1855 1965 γεν-

263 2005 429 2075 νῆσαι
480 2001 644 2056 αὐτὸν
690 2001 810 2053 ἐκεῖ
851 1997 1132 2068 Βενιαμὶν,
1162 1994 1259 2049 καὶ
1282 1992 1602 2063 τελευτῆσαι
1636 1990 1856 2062 Ῥαχὴλ,

263 2095 532 2152 τεκοῦσαν
559 2094 653 2149 τὸν
684 2091 974 2163 Βενιαμὶν,
1007 2087 1314 2159 συμϐιῶσαι
1347 2085 1394 2139 δ’
1445 2086 1586 2157 αὐτῇ
1629 2084 1721 2138 τὸν
1752 2085 1858 2137 Ἰα-

264 2188 385 2243 κὼϐ
433 2186 528 2258 ἔτη
580 2183 903 2256 είκοσιτρία.
940 2167 1177 2236 Δύτόθεν
1228 2180 1288 2234 δὲ
1328 2178 1504 2233 ὲλθεῖν
1546 2178 1640 2230 τὸν
1664 2174 1861 2230 Ἰακὼὸ

264 2285 351 2347 είς
383 2279 632 2354 Μαμϐρῆ
662 2279 765 2347 τῆς
802 2275 1053 2348 Χεϐρὼν,
1092 2275 1228 2346 πρὸς
1264 2272 1451 2326 Ἰσαὰκ
1486 2271 1579 2325 τὸν
1623 2271 1858 2343 πατέρα.

268 2366 426 2424 Εἷναι
455 2368 515 2422 δὲ
548 2366 670 2421 τότε
709 2364 908 2437 Ἰωσὴφ
950 2363 1088 2417 ἐτῶν
1130 2361 1425 2428 δεκαεπτὰ,
1451 2363 1546 2416 καὶ
1587 2362 1862 2435 πραθῆναι

269 2461 437 2515 αὐτὸν
472 2461 553 2523 είς
592 2457 889 2527 Αἴγυπτον,
926 2457 1021 2510 καὶ
1054 2457 1111 2508 ὲν
1143 2454 1222 2525 τῷ
1264 2453 1625 2526 δεσμωτηρίῳ
1675 2457 1856 2525 μεῖναι

269 2551 367 2622 ἔτη
391 2549 673 2621 δεκατρία,
706 2547 836 2601 ὥστ’
879 2543 1017 2601 εἶναι
1050 2546 1212 2600 αὐτὸν
1238 2545 1376 2599 ἐτῶν
1411 2545 1724 2617 τριάκοντα,
1752 2546 1863 2600 Ἰα-

271 2643 390 2698 κὼὸ
421 2643 478 2697 δὲ
508 2641 645 2695 ἐτῶν
674 2639 869 2694 ἑκατὸν
906 2638 1059 2701 δέκα,
1094 2639 1152 2691 ὲν
1278 2637 1374 2691 καὶ
1410 2637 1734 2708 τελευτῆσαι
1770 2637 1864 2692 τὸν

270 2735 463 2790 Ἰσαὰκ
492 2734 603 2787 ἔτει
634 2733 714 2786 ἑνὶ
747 2730 1076 2804 ἔμπροσθεν,
1125 2729 1262 2783 ἐτῶν
1292 2729 1426 2784 ὄντα
1455 2728 1651 2784 ἑκατὸν
1676 2729 1864 2803 ὀγδοή-

271 2843 457 2882 κοντα.
505 2824 782 2897 Κρίναντα
826 2821 883 2874 δὲ
927 2819 1008 2892 τῷ
1042 2818 1250 2891 βασιλεῖ
1285 2819 1379 2872 τὸν
1436 2818 1639 2891 Ἰωσὴφ
1678 2817 1750 2872 τὰ
1781 2820 1866 2873 ὲν-

274 2915 464 2981 ύπνια,
502 2913 667 2986 ἄρξαι
687 2910 965 2981 Αἰγύπτου
992 2909 1087 2981 ἔτη
1115 2908 1275 2973 ἑπτὰ,
1305 2909 1363 2962 ὲν
1391 2901 1475 2971 οἷς
1490 2908 1584 2963 καὶ
1608 2910 1864 2981 συνοικῆ-

277 3024 367 3062 σαι
399 3004 637 3071 ’Δσενὲθ,
681 3004 963 3075 Πεντεφρῇ
991 3001 1088 3055 τοῦ
1131 3000 1529 3065 ’Ἡλιουπόλεως
1557 3000 1747 3074 ἱερέως
1774 3001 1869 3055 θυ-

274 3101 460 3172 γατρὶ,
494 3100 589 3154 καὶ
615 3098 872 3170 γεννῆσαι
903 3097 1205 3167 Μανασσῆν
1233 3096 1329 3149 καὶ
1352 3094 1618 3166 Ἐφραῖμ,
1643 3094 1741 3149 καὶ
1768 3092 1867 3149 τοῦ

275 3190 439 3265 λιμοῦ
496 3190 840 3261 ἐπιγενέσθαι
868 3188 965 3260 ἐτη
1011 3187 1076 3259 β’.
1122 3187 1226 3240 Τὸν
1257 3185 1316 3240 δὲ
1347 3188 1548 3260 Ἰωσὴφ
1583 3186 1678 3260 ἔτη
1713 3186 1871 3242 ἐννέα

278 3286 677 3357 εὐτυχήσαντα,
716 3284 853 3357 πρὸς
901 3284 993 3338 τὸν
1046 3283 1258 3356 πατέρα
1305 3281 1382 3355 μὴ
1423 3279 1660 3353 πέμψαι,
1691 3277 1781 3333 διὰ
1810 3280 1872 3331 τὸ

279 3378 518 3451 ποιμένα
561 3377 723 3432 αὐτόν
774 3393 835 3430 τε
884 3376 978 3432 καὶ
1017 3377 1143 3441 τοὺς
1168 3374 1434 3446 ἀδελφοὺς
1456 3368 1627 3428 εἶναι’
1659 3369 1874 3426 ἐπονεί-

277 3469 458 3525 διστον
512 3469 571 3523 δὲ
632 3468 952 3539 Αἰγυπτίοις
1007 3463 1146 3522 εἷναι
1212 3469 1279 3523 τὸ
1347 3465 1680 3538 ποιμαίνειν.
1745 3464 1870 3516 Ὅτι

277 3561 340 3616 δὲ
391 3559 487 3615 διὰ
542 3559 731 3614 τοῦτο’
761 3561 864 3614 οὐκ
932 3558 1199 3631 ἔπεμψεν,
1265 3557 1428 3612 αὑτὸν
1480 3554 1866 3628 δεδηλωκέναι.

278 3652 575 3709 Ἐλθόντων
613 3652 722 3723 γὰρ
761 3651 925 3707 αὐτοῦ
966 3652 1078 3706 τῶν
1114 3650 1413 3722 συγγενῶν,
1439 3648 1605 3719 φάναι
1665 3648 1871 3711 αὐτοῖς,

280 3744 380 3799 ἐὰν
408 3743 686 3815 κληθῶσιν
752 3745 859 3798 ὑπὸ
906 3744 1000 3797 τοῦ
1065 3743 1351 3815 βασιλέως,
1398 3740 1493 3794 καὶ
1564 3738 1875 3812 ἐρωτῶνται

279 3839 337 3891 τί
400 3838 865 3910 διαπράσσονται,
938 3837 1121 3905 λέγειν
1207 3835 1608 3907 κτηνοτρόφους
1678 3834 1877 3896 αὐτοὺς

281 3927 447 3986 εἶναι.
479 3929 861 4001 Διαπορεῖσθαι
899 3930 976 3995 δὲ,
1020 3928 1108 3983 διὰ
1139 3928 1193 3982 τί
1228 3946 1359 3983 ποτε
1390 3929 1419 3981 ὁ
1452 3926 1651 3999 Ἰωσὴφ
1686 3927 1877 3980 Βενια-

286 4023 383 4095 μὶν
409 4021 504 4075 ἐπὶ
538 4019 634 4075 τοῦ
682 4020 904 4093 ἀρίστου
950 4018 1388 4074 πενταπλασίονα
1449 4016 1643 4089 μερίδα
1687 4016 1876 4079 ἔδωκε,

286 4114 365 4187 μὴ
411 4112 711 4184 δυναμένου
759 4110 922 4165 αὐτοῦ
986 4109 1223 4166 τοσαῦτα
1278 4111 1660 4166 καταναλῶσαι
1716 4112 1875 4183 κρέα.

283 4204 460 4261 Τοῦτο
504 4198 598 4259 οὖν
634 4204 797 4259 αὐτὸν
824 4204 1185 4275 πεποιηκέναι
1230 4203 1322 4258 διὰ
1369 4204 1431 4257 τὺ
1482 4204 1548 4258 ὲκ
1580 4203 1681 4276 τῆς
1712 4204 1881 4268 Λείας

284 4299 367 4371 τῷ
425 4297 594 4369 πατρὶ
647 4296 813 4351 αὐτοῦ
879 4296 1159 4370 γεγονέναι
1216 4297 1367 4360 υἱοὺς
1439 4295 1580 4350 ἑπτὰ
1605 4336 1620 4361 ,
1700 4297 1766 4349 ὲκ
1823 4295 1882 4348 δὲ

298 4392 505 4464 Ῥαχὴλ
530 4391 631 4464 τῆς
666 4390 869 4464 μητρὸς
914 4387 1081 4444 αὑτοῦ
1108 4389 1201 4444 δύο
1219 4407 1233 4420 ·
1279 4388 1369 4443 διά
1398 4387 1557 4442 τοῦτο
1590 4387 1669 4459 τῷ
1695 4389 1879 4442 Βενια-

1959 1872 2270 1938 obtulisset,
2307 1868 2658 1942 Symeonem,
2688 1869 2785 1940 qui
2808 1882 3053 1923 mensem
3078 1874 3336 1937 quartum
3368 1878 3538 1934 supra

1959 1978 2167 2018 annum
2190 1960 2515 2016 vicesimum
2545 1958 2810 2029 primum,
2845 1965 2901 2012 et
2930 1954 3220 2021 Leviuum,
3246 1953 3345 2025 qui
3377 1968 3541 2007 men-

1960 2070 2077 2112 sem
2107 2061 2322 2111 sextum
2346 2066 2514 2122 supra
2538 2065 2751 2106 annum
2773 2048 3098 2105 vicesimum
3127 2054 3332 2118 ageret,
3361 2043 3545 2100 Israe-

1960 2154 2031 2211 lis
2052 2152 2220 2220 ﬁlios,
2256 2149 2463 2207 sororis
2497 2148 2700 2219 injuria
2748 2146 2986 2218 graviter
3026 2151 3357 2210 commotos,
3396 2140 3540 2196 .Em-

1962 2259 2173 2299 morem
2212 2258 2277 2298 ac
2305 2242 2638 2314 Syenemum
2672 2239 2792 2310 ejus
2834 2237 3034 2303 lilium,
3089 2250 3383 2306 maresque
3418 2233 3544 2289 uni-

1963 2351 2152 2393 versos
2182 2335 2392 2406 impetu
2418 2331 2567 2387 facto
2593 2330 2902 2397 caecidisse;
2957 2344 3067 2399 quo
3099 2339 3346 2398 tempore
3372 2341 3548 2381 anno-

1964 2444 2087 2484 rum
2151 2437 2358 2499 septem
2409 2440 2575 2496 supra
2627 2432 2848 2479 centum
2903 2420 3140 2478 Jacobus
3187 2429 3355 2477 esset.
3405 2418 3547 2474 Eum

1963 2535 2153 2592 porro,
2190 2536 2318 2575 cum
2348 2518 2551 2576 Lusam
2582 2516 2824 2572 Bathelis
2863 2516 3055 2570 urbem
3085 2512 3346 2578 venisset,
3375 2527 3407 2567 a
3433 2511 3546 2566 Deo

1961 2615 2203 2685 jussum,
2233 2613 2426 2669 relicto
2457 2610 2648 2667 Jacobi
2687 2608 2930 2674 nomine,
2955 2606 3211 2663 Israelem
3237 2604 3549 2675 nuncupari

1966 2705 2217 2776 coepisse.
2254 2702 2394 2759 Tum
2451 2701 2845 2773 Caphratham,
2893 2699 3132 2770 indeque
3180 2696 3547 2768 Ephratham,

1968 2814 2135 2870 quam
2186 2796 2563 2853 Bethleemum
2610 2801 2833 2859 vocant,
2870 2792 3121 2864 petiisse,
3170 2790 3266 2846 ubi
3319 2788 3549 2854 Rachel,

1969 2898 2227 2960 suscepto
2255 2887 2601 2960 Benjamino,
2631 2887 2776 2942 diem
2806 2898 3125 2955 supremum
3148 2881 3368 2948 obierit,
3392 2895 3551 2953 pos;-

1969 2995 2138 3051 quam
2167 2994 2345 3037 annos
2379 2987 2489 3037 tres
2516 2995 2581 3036 ac
2610 2979 2803 3052 viginti
2829 2993 2956 3036 cum
2989 2992 3055 3034 ea
3094 2974 3336 3032 Jacobus
3380 2971 3553 3031 vixis-

1971 3082 2055 3129 set
2090 3091 2105 3127 :
2141 3072 2267 3129 inde
2292 3088 2488 3130 rursus
2523 3072 2803 3129 Mambren
2834 3070 3139 3127 Cbebronis
3188 3068 3447 3140 oppidum
3483 3069 3554 3124 ad

1895 3140 1939 3199 (ἶ
1972 3165 2223 3222 lsaacum
2258 3173 2471 3238 patrem
2515 3166 2751 3222 venisse.
2784 3164 2855 3220 At
2883 3162 3186 3235 Josephum
3214 3177 3281 3217 eo
3306 3168 3556 3233 tempore

1973 3275 2097 3315 cum
2129 3270 2279 3317 esset
2305 3274 2577 3316 annorum
2607 3257 3019 3330 septemdecim,
3064 3255 3338 3329 Egyptiis
3363 3255 3556 3311 vendi-

1977 3362 2113 3420 tum,
2136 3361 2282 3409 totos
2306 3352 2567 3408 tredecim
2601 3366 2778 3407 annos
2805 3351 2862 3405 in
2882 3349 3119 3406 vinculis
3152 3348 3345 3416 fuisse,
3378 3349 3558 3404 donec

1976 3446 2094 3517 ipse
2124 3445 2346 3517 quidem
2369 3446 2735 3512 tricesimum,
2753 3442 2992 3500 Jacobus
3017 3459 3147 3499 vero
3167 3444 3439 3499 decimum
3464 3458 3560 3497 su-

1976 3552 2075 3607 pra
2105 3536 2465 3592 centesimum
2517 3535 2693 3592 aetatis
2741 3550 2948 3590 annum
2985 3532 3338 3598 confecisset,
3368 3532 3560 3590 lsaaco

1972 3628 2088 3699 jam
2118 3643 2263 3683 anno
2297 3627 2602 3699 superiore,
2633 3628 2741 3681 hoc
2769 3634 2855 3681 est
2875 3624 3051 3680 aetatis
3076 3624 3416 3695 octogesimo
3467 3640 3563 3681 su:

1976 3736 2077 3792 pra
2102 3721 2461 3777 centesimum
2508 3721 2619 3775 vita
2664 3718 2875 3774 functo.
2902 3717 2980 3774 Ac
3008 3707 3307 3787 Josephum
3335 3716 3560 3786 quidem

1977 3823 2101 3884 post
2134 3813 2347 3869 felicem
2387 3812 2532 3884 regis
2573 3812 2916 3869 somniorum
2958 3811 3403 3882 explicationem,
3460 3811 3562 3866 toti

1981 3905 2220 3978 lEgypto
2246 3904 2409 3962 annis
2440 3911 2647 3975 septem
2684 3901 2993 3973 praefuisse,
3020 3918 3132 3974 quo
3154 3910 3401 3972 tempore
3425 3901 3562 3959 Ase-

1982 4000 2202 4054 nethem
2257 3996 2580 4067 Pcntephraa
2630 3993 2977 4065 Heliopoleos
3028 3994 3330 4051 sacerdotis
3391 3993 3561 4048 tiliam

1980 4090 2268 4163 conjugem
2296 4088 2537 4154 duxerit,
2567 4096 2730 4158 atque
2755 4103 2824 4143 ex
2868 4101 2933 4142 ea
2970 4085 3278 4142 Manassem
3332 4084 3567 4156 Ερωοαί-

1981 4198 2244 4254 mumque
2274 4180 2597 4251 susceperit.
2634 4180 2774 4234 Tum
2806 4179 2967 4237 annis
3004 4179 3222 4235 duobus
3278 4177 3426 4234 fame
3481 4179 3566 4233 la-

1982 4275 2165 4332 borari
2196 4281 2458 4345 coeptum.
2481 4270 2747 4327 Eumdem
2773 4286 2905 4327 vero
2925 4285 3123 4328 novem
3150 4285 3419 4326 annorum
3441 4284 3569 4341 spa-

1984 4370 2081 4436 tio,
2111 4369 2314 4440 quibus
2340 4365 2618 4423 fortunate
2644 4365 2941 4421 admodum
2971 4364 3197 4431 vixerit,
3229 4372 3446 4433 patrem
3479 4378 3568 4417 ac-

291 4455 599 4557 μὶνηπέντε
657 4455 878 4556 μερίδας
935 4481 1297 4554 παραθεῖναι,
1348 4481 1444 4534 καὶ
1497 4455 1660 4535 αὐτὸν
1692 4480 1879 4535 λαϐεῖν
1910 4481 1959 4539 D
1985 4478 2205 4521 θεΐδθνθ
2227 4460 2492 4557 “ﬁlms-39:
2516 4459 2665 4530 ll“0d
2688 4469 2819 4557 fam
2846 4458 2964 4529 ίυεθ
2997 4474 3165 4557 qua-In
3206 4455 3409 4557 Ῑΐίιυςθθ
3443 4471 3571 4557 βδεῖ

290 4579 423 4651 μίαν
454 4576 588 4650 (55)’
611 4576 863 4647 γενέσθαι
899 4570 990 4630 οὖν
1024 4573 1188 4639 ἑπτὰ,
1215 4575 1349 4638 ὅσας
1386 4574 1482 4629 καὶ
1504 4574 1632 4638 τοὺς
1674 4575 1739 4627 ὲκ
1773 4573 1873 4645 τῆς

286 4668 454 4733 Λείας
499 4669 649 4731 υἱοὺς
691 4666 894 4721 λαϐεῖν.
986 4665 1257 4728 Ὡσαύτως
1288 4664 1347 4719 δὲ
1400 4665 1494 4718 καὶ
1527 4664 1620 4717 ἐπὶ
1650 4662 1745 4717 τοῦ
1777 4663 1877 4726 τὰς

362 4800 482 4873 (52)
524 4800 665 4873 Ἕτῃ
704 4798 869 4873 δέκα.
903 4798 1102 4873 Genes.
1156 4814 1367 4873 txitur,
1398 4795 1483 4850 ΓΙ.
1520 4793 1696 4873 Jacob
1724 4805 1880 4873 a_nt_e-

290 4864 474 4944 quam'
506 4870 573 4925 ad
613 4864 847 4944 Sicimo_s
879 4870 1106 4944 veniret,
1146 4884 1212 4922 eo
1236 4869 1289 4922 in
1320 4868 1440 4944 loco
1470 4864 1709 4944 tentoria
1741 4865 1876 4944 figit,

291 4935 457 5012 quem
489 4948 773 5012 propterea
801 4938 1033 5012 sochot,
1056 4939 1225 5012 idest
1286 4936 1660 5012 tabernacula,
1691 4935 1874 4989 nomi-

293 5005 628 5067 navit.'Sed
676 5010 919 5080 quandiu
967 5009 1081 5080 illic
1122 5008 1375 5073 haeserit,
1432 5005 1717 5080 Scriptura
1770 5020 1879 5059 non

294 5084 479 5137 docet.
532 5080 673 5151 Sunt
695 5076 809 5151 'qui
838 5081 1026 5135 decem
1060 5077 1171 5133 fere
1189 5093 1376 5151 annos
1432 5077 1484 5131 in
1514 5076 1721 5151 S_oc_hot
1771 5084 1882 5151 tra-

295 5154 498 5208 ductos
524 5150 696 5206 fuisse
734 5146 937 5213 velint,
983 5158 1045 5204 ut
1088 5148 1370 5219 perbrevis
1415 5148 1559 5219 apud
1603 5146 1881 5201 Sicimitas

296 5225 420 5291 ejus
448 5237 601 5276 mora
643 5221 827 5276 fuerit.
863 5221 1064 5275 Contra
1092 5217 1398 5291 Demetrius
1431 5217 1638 5291 δυσί]οι
1672 5230 1738 5269 ne
1769 5231 1884 5270 me-

298 5285 462 5347 minit
478 5293 719 5361 quidem,
745 5301 800 5346 at
827 5292 1011 5353 decem
1031 5306 1206 5345 annos
1229 5289 1350 5361 ejus
1366 5285 1881 5361 apudpllemmorem

300 5358 628 5417 habitationi
664 5363 875 5417 tribuit.
922 5363 1067 5416 Sane
1110 5359 1448 5430 probabilius
1482 5358 1716 5430 videtur,
1746 5371 1883 5430 pau-

300 5437 383 5487 cis
416 5433 646 5487 omnino
674 5433 758 5486 vel
790 5433 971 5498 annis,
1005 5431 1090 5485 vel
1112 5426 1283 5486 etiam
1314 5430 1620 5491 mensibus,
1647 5426 1793 5481 illam
1827 5426 1880 5479 in

302 5505 512 5557 Sochot
539 5517 744 5557 moram
776 5501 1175 5566 circumscribi,
1204 5516 1329 5556 cum
1357 5500 1638 5568 Scriptura
1670 5506 1881 5552 tantum

301 5576 452 5628 dicat
481 5574 555 5627 ibi
586 5575 692 5627 lixa
726 5588 848 5629 esse
890 5573 1157 5639 tentoria;
1206 5572 1348 5640 apud
1396 5570 1670 5626 Sicimitas
1694 5578 1883 5640 autem

303 5645 645 5699 domicilium
695 5659 816 5700 esse
857 5638 1204 5699 collocatum.
1240 5638 1395 5707 Quod
1448 5650 1628 5694 autem
1678 5638 1880 5694 Genes.

303 5730 497 5778 xxxiv,
519 5714 614 5773 ει,
648 5711 872 5780 Hemor,
901 5730 1025 5770 cum
1062 5714 1195 5778 lilio,
1217 5711 1409 5766 Jacobi
1444 5710 1708 5763 familiam
1738 5707 1884 5780 apud

309 5785 592 5841 Sicimitas
636 5786 1059 5853 commendans,
1114 5786 1259 5840 viros
1309 5783 1566 5853 pacilicos
1623 5794 1747 5835 esse
1794 5779 1880 5833 di-

1979 4556 2171 4614 cendis
2198 4555 2395 4611 ovibus
2423 4567 2646 4624 operam
2672 4552 2886 4619 darent,
2918 4566 3043 4621 quae
3070 4550 3198 4605 vita:
3240 4550 3383 4604 ratio
3426 4550 3572 4618 apud

1978 4647 2266 4720 Egyptios
2290 4646 2492 4716 probro
2516 4645 2836 4700 duceretur.
2884 4641 3062 4713 Atque
3082 4641 3226 4696 hanc
3255 4641 3305 4695 ei
3330 4655 3430 4696 cur
3463 4655 3567 4710 pa-

1980 4794 2087 4850 cat,
2119 4794 2248 4846 etc.,
2284 4781 2337 4836 id
2371 4790 2480 4836 tam
2514 4779 2694 4835 brevis
2728 4793 2895 4833 morae
2921 4784 3272 4850 argumento
3294 4791 3404 4830 non
3432 4786 3519 4850 est
3551 4794 3565 4850 ς

1983 4845 2108 4910 nam
2144 4845 2352 4922 aliquot
2381 4852 2540 4922 annis
2569 4864 2768 4922 eorum
2797 4845 3068 4922 mogs'et
3092 4845 3311 4922 ingenia
3345 4846 3570 4922 probari

1983 4916 2302 4995 potuerunt.
2351 4921 2464 4976 Nec
2500 4930 2667 4995 urget
2708 4920 2846 4995 illud
2900 4917 3201 4995 Tornielli,
3248 4916 3398 4986 quod
3453 4926 3573 4971 tum

1984 4989 2467 5065 primunregressa
2500 4989 2636 5065 Dina
2670 4989 2941 5065 videatur,
2976 4989 3133 5058 quasi
3157 5001 3349 5065 recens
3381 5001 3452 5065 _eo
3481 5002 3573 5065 ve-_-

1985 5057 2177 5122 inisset.
2210 5057 2347 5119 Nam
2394 5062 2539 5132 quod
2577 5070 2704 5116 ante
2733 5060 2816 5132 vel
2857 5057 3079 5132 egressa
3116 5073 3223 5132 non
3256 5057 3452 5132 fuerit,
3487 5059 3573 5112 vel

1987 5138 2033 5191 si
2062 5151 2286 5207 egressa
2311 5128 2430 5207 est.
2463 5133 2647 5207 probri
2667 5131 2819 5207 nihil
2848 5130 3079 5185 subierit
3103 5147 3116 5183 :
3149 5129 3270 5196 ejus
3305 5128 3382 5207 rei
3400 5168 3416 5193 ,
3445 5143 3572 5207 cum

1986 5197 2139 5271 aliae”,
2193 5214 2305 5259 tum
2345 5197 2479 5258 haee
2512 5203 2567 5257 in
2600 5202 2805 5273 primis
2822 5215 2986 5273 causa
3018 5214 3141 5273 esse
3182 5197 3360 5273 potuit
3380 5236 3395 5260 ,
3426 5200 3570 5273 quod

1988 5264 2227 5351 nondum
2256 5291 2354 5351 per
2388 5274 2563 5351 atatis
2589 5264 2725 5328 satis
2755 5272 2809 5351 id
2840 5272 3050 5325 liceret.
3078 5269 3146 5322 At
3170 5264 3570 5351 éx_De.metﬂri.o,

1988 5364 2113 5403 cum
2144 5338 2400 5415 injuriam
2436 5346 2583 5399 illam
2606 5344 2838 5415 accepit,
2870 5355 3139 5415 annorum
3172 5338 3408 5393 sedecim
3444 5339 3570 5399 fuit,

1989 5428 2083 5473 aut
2109 5411 2345 5473 circiter.
2378 5416 2531 5470 Adde
2552 5454 2569 5478 ,
2613 5411 2755 5467 tum’
2783 5413 2924 5466 forte
2968 5411 3209 5466 oblatam
3231 5451 3245 5475 ,
3291 5424 3417 5479 quae
3447 5418 3575 5463 ante

1990 5488 2275 5613 fommoda
2315 5488 2450 5542 satis
2481 5500 2592 5539 non
2620 5483 2831 5550 fuerat,
2857 5483 2978 5553 ejus
3004 5482 3193 5551 ﬂagitii
3223 5478 3575 5535 occasionem

2016 5574 2183 5613 uisse.

2016 5574 2183 5613 UISSC.

2061 5630 2175 5699 (55)
2215 5629 2394 5685 Μίαν.
2458 5626 2666 5682 Sensus
2716 5637 2769 5680 et
2820 5621 3117 5679 ἀκολουθία
3161 5620 3415 5699 postulat
3447 5618 3578 5685 δύο,

1991 5692 2196 5769 alioqui
2237 5715 2332 5757 sex
2382 5707 2631 5767 tantum,
2676 5712 2784 5752 non
2829 5705 3037 5766 septem
3075 5703 3259 5764 partes
3295 5692 3587 5771 habiturus

1992 5779 2128 5827 erat.
3503 5780 3509 5786 ’
